  <div class='ocr_page' id='page_1' title='image "/cluster/home/n/w/nwhite01/storage/ocr_20150623/27/hvd.32044096580501/365.png"; bbox 0 0 3864 6182; ppageno 0'>
   <div class='ocr_carea' id='block_1_1' title="bbox 394 216 496 281">
    <p class='ocr_par' dir='ltr' id='par_1_1' title="bbox 394 216 496 281">
     <span class='ocr_line' id='line_1_1' title="bbox 394 216 496 281; baseline 0.069 -7"><span class='ocrx_word' id='word_1_1' title='bbox 394 216 496 281; x_wconf 72' lang='lat'><strong>719</strong></span> 
     </span>
    </p>
   </div>
   <div class='ocr_carea' id='block_1_2' title="bbox 1656 219 3583 309">
    <p class='ocr_par' dir='ltr' id='par_1_2' title="bbox 1656 219 3583 309">
     <span class='ocr_line' id='line_1_2' title="bbox 1656 219 3583 309; baseline 0.009 -30"><span class='ocrx_word' id='word_1_2' title='bbox 1656 219 2066 280; x_wconf 83' lang='lat' dir='ltr'><strong>VALLARSll</strong></span> <span class='ocrx_word' id='word_1_3' title='bbox 2101 219 2345 280; x_wconf 72' lang='lat' dir='ltr'><strong>nom.</strong></span> <span class='ocrx_word' id='word_1_4' title='bbox 3506 235 3583 309; x_wconf 64' lang='lat' dir='ltr'><strong>im</strong></span> 
     </span>
    </p>
   </div>
   <div class='ocr_carea' id='block_1_3' title="bbox 381 329 3582 421">
    <p class='ocr_par' dir='ltr' id='par_1_3' title="bbox 381 329 3582 421">
     <span class='ocr_line' id='line_1_3' title="bbox 381 329 3582 421; baseline 0.007 -39"><span class='ocrx_word' id='word_1_5' title='bbox 381 330 628 391; x_wconf 77' lang='lat' dir='ltr'><strong>recolas,</strong></span> <span class='ocrx_word' id='word_1_6' title='bbox 681 339 872 382; x_wconf 83' lang='lat' dir='ltr'><strong>austor</strong></span> <span class='ocrx_word' id='word_1_7' title='bbox 925 343 1068 384; x_wconf 89' lang='lat' dir='ltr'><strong>sum.</strong></span> <span class='ocrx_word' id='word_1_8' title='bbox 1115 342 1293 383; x_wconf 66' lang='grc' dir='ltr'><strong>νοτε-υ</strong></span> <span class='ocrx_word' id='word_1_9' title='bbox 1328 341 1506 396; x_wconf 88' lang='lat' dir='ltr'><strong>neque</strong></span> <span class='ocrx_word' id='word_1_10' title='bbox 1555 329 1645 384; x_wconf 85' lang='lat' dir='ltr'><strong>hic</strong></span> <span class='ocrx_word' id='word_1_11' title='bbox 1685 333 1966 407; x_wconf 75' lang='lat' dir='ltr'><strong>cognoscit</strong></span> <span class='ocrx_word' id='word_1_12' title='bbox 1992 338 2037 392; x_wconf 75' lang='grc' dir='ltr'><strong>Α</strong></span> <span class='ocrx_word' id='word_1_13' title='bbox 2063 329 2218 397; x_wconf 89' lang='lat' dir='ltr'><strong>jusce</strong></span> <span class='ocrx_word' id='word_1_14' title='bbox 2238 332 2494 390; x_wconf 83' lang='lat' dir='ltr'><strong>Chronici</strong></span> <span class='ocrx_word' id='word_1_15' title='bbox 2513 352 2577 390; x_wconf 87' lang='lat' dir='ltr'><strong>ex</strong></span> <span class='ocrx_word' id='word_1_16' title='bbox 2600 335 2822 392; x_wconf 86' lang='lat' dir='ltr'><strong>llicron.</strong></span> <span class='ocrx_word' id='word_1_17' title='bbox 2847 343 3300 413; x_wconf 79' lang='lat' dir='ltr'><strong>interpretatione</strong></span> <span class='ocrx_word' id='word_1_18' title='bbox 3317 346 3582 421; x_wconf 73' lang='lat' dir='ltr'><strong>descripsit,</strong></span> 
     </span>
    </p>
   </div>
   <div class='ocr_carea' id='block_1_4' title="bbox 392 420 1962 490">
    <p class='ocr_par' dir='ltr' id='par_1_4' title="bbox 392 420 1962 490">
     <span class='ocr_line' id='line_1_4' title="bbox 392 420 1962 490; baseline 0.003 -18"><span class='ocrx_word' id='word_1_19' title='bbox 392 420 704 476; x_wconf 77' lang='lat' dir='ltr'><strong>Parmensis</strong></span> <span class='ocrx_word' id='word_1_20' title='bbox 740 436 841 476; x_wconf 92' lang='lat' dir='ltr'><strong>ms.</strong></span> <span class='ocrx_word' id='word_1_21' title='bbox 871 420 1082 490; x_wconf 77' lang='lat' dir='ltr'><strong>longam</strong></span> <span class='ocrx_word' id='word_1_22' title='bbox 1111 422 1265 474; x_wconf 86' lang='lat' dir='ltr'><strong>istam</strong></span> <span class='ocrx_word' id='word_1_23' title='bbox 1305 421 1676 490; x_wconf 82' lang='lat' dir='ltr'><strong>epigraphem,</strong></span> <span class='ocrx_word' id='word_1_24' title='bbox 1731 437 1831 490; x_wconf 88' lang='lat' dir='ltr'><strong>pro</strong></span> <span class='ocrx_word' id='word_1_25' title='bbox 1857 437 1962 490; x_wconf 89' lang='lat' dir='ltr'><strong>qua</strong></span> 
     </span>
    </p>
   </div>
   <div class='ocr_carea' id='block_1_5' title="bbox 395 512 1959 583">
    <p class='ocr_par' dir='ltr' id='par_1_5' title="bbox 395 512 1959 583">
     <span class='ocr_line' id='line_1_5' title="bbox 395 512 1959 583; baseline 0.002 -18"><span class='ocrx_word' id='word_1_26' title='bbox 395 523 604 566; x_wconf 85' lang='lat' dir='ltr'><strong>tantum</strong></span> <span class='ocrx_word' id='word_1_27' title='bbox 631 514 792 566; x_wconf 87' lang='lat' dir='ltr'><strong>habet</strong></span> <span class='ocrx_word' id='word_1_28' title='bbox 819 529 834 566; x_wconf 77' lang='grc' dir='ltr'><strong>ε</strong></span> <span class='ocrx_word' id='word_1_29' title='bbox 868 512 1207 564; x_wconf 80' lang='lat' dir='ltr'><strong>llebrreorum</strong></span> <span class='ocrx_word' id='word_1_30' title='bbox 1236 529 1474 582; x_wconf 82' lang='lat' dir='ltr'><strong>regnum.</strong></span> <span class='ocrx_word' id='word_1_31' title='bbox 1504 512 1768 583; x_wconf 83' lang='lat' dir='ltr'><strong>Regnaate</strong></span> <span class='ocrx_word' id='word_1_32' title='bbox 1793 513 1959 576; x_wconf 81' lang='lat' dir='ltr'><strong>Nino,</strong></span> 
     </span>
    </p>
   </div>
   <div class='ocr_carea' id='block_1_6' title="bbox 390 604 1955 674">
    <p class='ocr_par' dir='ltr' id='par_1_6' title="bbox 390 604 1955 674">
     <span class='ocr_line' id='line_1_6' title="bbox 390 604 1955 674; baseline 0.001 -16"><span class='ocrx_word' id='word_1_33' title='bbox 390 608 531 673; x_wconf 84' lang='lat' dir='ltr'><strong>apud</strong></span> <span class='ocrx_word' id='word_1_34' title='bbox 562 604 812 658; x_wconf 74' lang='lat' dir='ltr'><strong>Hebro-os</strong></span> <span class='ocrx_word' id='word_1_35' title='bbox 853 606 1096 659; x_wconf 86' lang='lat' dir='ltr'><strong>nascitur</strong></span> <span class='ocrx_word' id='word_1_36' title='bbox 1128 606 1420 662; x_wconf 80' lang='lat' dir='ltr'><strong>Abraham.</strong></span> <span class='ocrx_word' id='word_1_37' title='bbox 1458 605 1704 674; x_wconf 75' lang='lat' dir='ltr'><strong>Scaliger</strong></span> <span class='ocrx_word' id='word_1_38' title='bbox 1737 607 1955 660; x_wconf 88' lang='lat' dir='ltr'><strong>demum</strong></span> 
     </span>
    </p>
   </div>
   <div class='ocr_carea' id='block_1_7' title="bbox 388 694 1956 766">
    <p class='ocr_par' dir='ltr' id='par_1_7' title="bbox 388 694 1956 766">
     <span class='ocr_line' id='line_1_7' title="bbox 388 694 1956 766; baseline 0.002 -19"><span class='ocrx_word' id='word_1_39' title='bbox 388 694 505 763; x_wconf 88' lang='lat' dir='ltr'><strong>ipse</strong></span> <span class='ocrx_word' id='word_1_40' title='bbox 558 696 904 749; x_wconf 82' lang='lat' dir='ltr'><strong>brevioribus</strong></span> <span class='ocrx_word' id='word_1_41' title='bbox 951 696 1124 748; x_wconf 89' lang='lat' dir='ltr'><strong>multo</strong></span> <span class='ocrx_word' id='word_1_42' title='bbox 1160 697 1340 750; x_wconf 88' lang='lat' dir='ltr'><strong>verbis</strong></span> <span class='ocrx_word' id='word_1_43' title='bbox 1394 712 1685 766; x_wconf 86' lang='lat' dir='ltr'><strong>regnorum</strong></span> <span class='ocrx_word' id='word_1_44' title='bbox 1724 697 1837 751; x_wconf 72' lang='lat' dir='ltr'><strong>htec</strong></span> <span class='ocrx_word' id='word_1_45' title='bbox 1870 697 1956 751; x_wconf 85' lang='lat' dir='ltr'><strong>lila</strong></span> 
     </span>
    </p>
   </div>
   <div class='ocr_carea' id='block_1_8' title="bbox 386 788 1958 856">
    <p class='ocr_par' dir='ltr' id='par_1_8' title="bbox 386 788 1958 856">
     <span class='ocr_line' id='line_1_8' title="bbox 386 788 1958 856; baseline 0.002 -16"><span class='ocrx_word' id='word_1_46' title='bbox 386 788 662 854; x_wconf 84' lang='lat' dir='ltr'><strong>inscripsit</strong></span> <span class='ocrx_word' id='word_1_47' title='bbox 695 803 709 842; x_wconf 86' lang='lat'><strong>:</strong></span> <span class='ocrx_word' id='word_1_48' title='bbox 745 798 872 854; x_wconf 91' lang='lat' dir='ltr'><strong>puto</strong></span> <span class='ocrx_word' id='word_1_49' title='bbox 909 796 1116 851; x_wconf 90' lang='lat' dir='ltr'><strong>autem,</strong></span> <span class='ocrx_word' id='word_1_50' title='bbox 1168 788 1234 841; x_wconf 89' lang='lat' dir='ltr'><strong>ad</strong></span> <span class='ocrx_word' id='word_1_51' title='bbox 1275 789 1707 852; x_wconf 74' lang='lat' dir='ltr'><strong>concinnior-em,</strong></span> <span class='ocrx_word' id='word_1_52' title='bbox 1741 804 1839 856; x_wconf 91' lang='lat' dir='ltr'><strong>pro</strong></span> <span class='ocrx_word' id='word_1_53' title='bbox 1865 804 1958 843; x_wconf 81' lang='lat' dir='ltr'><strong>ar—</strong></span> 
     </span>
    </p>
   </div>
   <div class='ocr_carea' id='block_1_9' title="bbox 385 878 1884 949">
    <p class='ocr_par' dir='ltr' id='par_1_9' title="bbox 385 878 1884 949">
     <span class='ocr_line' id='line_1_9' title="bbox 385 878 1884 949; baseline 0.002 -17"><span class='ocrx_word' id='word_1_54' title='bbox 385 879 582 933; x_wconf 89' lang='lat' dir='ltr'><strong>bitratu</strong></span> <span class='ocrx_word' id='word_1_55' title='bbox 613 893 736 942; x_wconf 89' lang='lat' dir='ltr'><strong>suo,</strong></span> <span class='ocrx_word' id='word_1_56' title='bbox 771 878 1000 933; x_wconf 88' lang='lat' dir='ltr'><strong>fortnam</strong></span> <span class='ocrx_word' id='word_1_57' title='bbox 1033 878 1210 949; x_wconf 89' lang='lat' dir='ltr'><strong>potius</strong></span> <span class='ocrx_word' id='word_1_58' title='bbox 1247 895 1410 948; x_wconf 88' lang='lat' dir='ltr'><strong>quam</strong></span> <span class='ocrx_word' id='word_1_59' title='bbox 1443 880 1511 933; x_wconf 89' lang='lat' dir='ltr'><strong>ad</strong></span> <span class='ocrx_word' id='word_1_60' title='bbox 1539 895 1670 934; x_wconf 86' lang='lat' dir='ltr'><strong>mss.</strong></span> <span class='ocrx_word' id='word_1_61' title='bbox 1705 881 1884 935; x_wconf 85' lang='lat' dir='ltr'><strong>tidem.</strong></span> 
     </span>
    </p>
   </div>
   <div class='ocr_carea' id='block_1_10' title="bbox 447 1007 1952 1083">
    <p class='ocr_par' dir='ltr' id='par_1_10' title="bbox 447 1007 1952 1083">
     <span class='ocr_line' id='line_1_10' title="bbox 447 1007 1952 1083; baseline -0.001 -13"><span class='ocrx_word' id='word_1_62' title='bbox 447 1014 576 1070; x_wconf 77' lang='lat' dir='ltr'><strong>Col.</strong></span> <span class='ocrx_word' id='word_1_63' title='bbox 598 1014 728 1070; x_wconf 72' lang='lat'><strong>259.</strong></span> <span class='ocrx_word' id='word_1_64' title='bbox 770 1007 968 1070; x_wconf 86' lang='lat' dir='ltr'><strong>Ninus.</strong></span> <span class='ocrx_word' id='word_1_65' title='bbox 1003 1014 1228 1083; x_wconf 86' lang='lat' dir='ltr'><strong>Accepit</strong></span> <span class='ocrx_word' id='word_1_66' title='bbox 1265 1014 1379 1070; x_wconf 69' lang='lat' dir='ltr'><strong>bazc</strong></span> <span class='ocrx_word' id='word_1_67' title='bbox 1413 1014 1686 1068; x_wconf 84' lang='lat' dir='ltr'><strong>Eusebius</strong></span> <span class='ocrx_word' id='word_1_68' title='bbox 1718 1031 1784 1068; x_wconf 85' lang='lat' dir='ltr'><strong>ex</strong></span> <span class='ocrx_word' id='word_1_69' title='bbox 1824 1014 1952 1069; x_wconf 85' lang='lat' dir='ltr'><strong>Dio-</strong></span> 
     </span>
    </p>
   </div>
   <div class='ocr_carea' id='block_1_11' title="bbox 378 1106 1951 1176">
    <p class='ocr_par' dir='ltr' id='par_1_11' title="bbox 378 1106 1951 1176">
     <span class='ocr_line' id='line_1_11' title="bbox 378 1106 1951 1176; baseline 0.001 -18"><span class='ocrx_word' id='word_1_70' title='bbox 378 1106 535 1172; x_wconf 90' lang='lat' dir='ltr'><strong>doro,</strong></span> <span class='ocrx_word' id='word_1_71' title='bbox 583 1108 673 1175; x_wconf 86' lang='lat' dir='ltr'><strong>qui</strong></span> <span class='ocrx_word' id='word_1_72' title='bbox 709 1121 770 1159; x_wconf 88' lang='lat' dir='ltr'><strong>ea</strong></span> <span class='ocrx_word' id='word_1_73' title='bbox 819 1107 1027 1176; x_wconf 94' lang='lat' dir='ltr'><strong>pridem</strong></span> <span class='ocrx_word' id='word_1_74' title='bbox 1057 1121 1118 1160; x_wconf 87' lang='lat' dir='ltr'><strong>ex</strong></span> <span class='ocrx_word' id='word_1_75' title='bbox 1151 1106 1334 1160; x_wconf 88' lang='lat' dir='ltr'><strong>Ctesia</strong></span> <span class='ocrx_word' id='word_1_76' title='bbox 1374 1116 1683 1176; x_wconf 87' lang='lat' dir='ltr'><strong>acceperat.</strong></span> <span class='ocrx_word' id='word_1_77' title='bbox 1722 1106 1831 1163; x_wconf 87' lang='lat' dir='ltr'><strong>Nec</strong></span> <span class='ocrx_word' id='word_1_78' title='bbox 1873 1118 1951 1161; x_wconf 75' lang='lat' dir='ltr'><strong>ta~</strong></span> 
     </span>
    </p>
   </div>
   <div class='ocr_carea' id='block_1_12' title="bbox 379 1195 1946 1266">
    <p class='ocr_par' dir='ltr' id='par_1_12' title="bbox 379 1195 1946 1266">
     <span class='ocr_line' id='line_1_12' title="bbox 379 1195 1946 1266; baseline 0.006 -22"><span class='ocrx_word' id='word_1_79' title='bbox 379 1209 502 1248; x_wconf 89' lang='lat' dir='ltr'><strong>men</strong></span> <span class='ocrx_word' id='word_1_80' title='bbox 552 1195 637 1248; x_wconf 91' lang='lat' dir='ltr'><strong>ille</strong></span> <span class='ocrx_word' id='word_1_81' title='bbox 689 1195 947 1263; x_wconf 88' lang='lat' dir='ltr'><strong>primum,</strong></span> <span class='ocrx_word' id='word_1_82' title='bbox 1003 1196 1095 1263; x_wconf 90' lang='lat' dir='ltr'><strong>qui</strong></span> <span class='ocrx_word' id='word_1_83' title='bbox 1137 1197 1284 1248; x_wconf 91' lang='lat' dir='ltr'><strong>omni</strong></span> <span class='ocrx_word' id='word_1_84' title='bbox 1335 1196 1477 1250; x_wconf 65' lang='lat' dir='ltr'><strong>Asite</strong></span> <span class='ocrx_word' id='word_1_85' title='bbox 1524 1201 1787 1266; x_wconf 84' lang='lat' dir='ltr'><strong>regnarit,</strong></span> <span class='ocrx_word' id='word_1_86' title='bbox 1840 1212 1946 1253; x_wconf 89' lang='lat' dir='ltr'><strong>etc.</strong></span> 
     </span>
    </p>
   </div>
   <div class='ocr_carea' id='block_1_13' title="bbox 377 1283 1952 1356">
    <p class='ocr_par' dir='ltr' id='par_1_13' title="bbox 377 1283 1952 1356">
     <span class='ocr_line' id='line_1_13' title="bbox 377 1283 1952 1356; baseline 0.004 -21"><span class='ocrx_word' id='word_1_87' title='bbox 377 1283 576 1336; x_wconf 80' lang='lat' dir='ltr'><strong>Ninum</strong></span> <span class='ocrx_word' id='word_1_88' title='bbox 618 1284 776 1346; x_wconf 88' lang='lat' dir='ltr'><strong>dixit,</strong></span> <span class='ocrx_word' id='word_1_89' title='bbox 809 1283 902 1338; x_wconf 85' lang='lat' dir='ltr'><strong>scd</strong></span> <span class='ocrx_word' id='word_1_90' title='bbox 936 1284 1168 1352; x_wconf 86' lang='lat' dir='ltr'><strong>primum</strong></span> <span class='ocrx_word' id='word_1_91' title='bbox 1211 1285 1354 1340; x_wconf 90' lang='lat' dir='ltr'><strong>inter</strong></span> <span class='ocrx_word' id='word_1_92' title='bbox 1382 1301 1476 1341; x_wconf 87' lang='lat' dir='ltr'><strong>eos</strong></span> <span class='ocrx_word' id='word_1_93' title='bbox 1542 1302 1773 1356; x_wconf 90' lang='lat' dir='ltr'><strong>quorum</strong></span> <span class='ocrx_word' id='word_1_94' title='bbox 1820 1303 1952 1343; x_wconf 85' lang='lat' dir='ltr'><strong>con-</strong></span> 
     </span>
    </p>
   </div>
   <div class='ocr_carea' id='block_1_14' title="bbox 375 1373 1948 1448">
    <p class='ocr_par' dir='ltr' id='par_1_14' title="bbox 375 1373 1948 1448">
     <span class='ocr_line' id='line_1_14' title="bbox 375 1373 1948 1448; baseline 0.003 -20"><span class='ocrx_word' id='word_1_95' title='bbox 375 1375 586 1442; x_wconf 84' lang='lat' dir='ltr'><strong>signata</strong></span> <span class='ocrx_word' id='word_1_96' title='bbox 662 1383 748 1428; x_wconf 89' lang='lat' dir='ltr'><strong>est</strong></span> <span class='ocrx_word' id='word_1_97' title='bbox 820 1373 1214 1429; x_wconf 86' lang='lat' dir='ltr'><strong>llistoricornm</strong></span> <span class='ocrx_word' id='word_1_98' title='bbox 1275 1378 1499 1448; x_wconf 79' lang='lat' dir='ltr'><strong>scriptis</strong></span> <span class='ocrx_word' id='word_1_99' title='bbox 1562 1379 1840 1445; x_wconf 84' lang='lat' dir='ltr'><strong>memoria,</strong></span> <span class='ocrx_word' id='word_1_100' title='bbox 1877 1381 1948 1433; x_wconf 81' lang='grc' dir='ltr'>Τὸ</span> 
     </span>
    </p>
   </div>
   <div class='ocr_carea' id='block_1_15' title="bbox 374 1462 1946 1537">
    <p class='ocr_par' dir='ltr' id='par_1_15' title="bbox 374 1462 1946 1537">
     <span class='ocr_line' id='line_1_15' title="bbox 374 1462 1946 1537; baseline 0.006 -23"><span class='ocrx_word' id='word_1_101' title='bbox 374 1462 624 1526; x_wconf 77' lang='grc' dir='ltr'><strong>παλαιὸν,</strong></span> <span class='ocrx_word' id='word_1_102' title='bbox 676 1463 855 1532; x_wconf 92' lang='lat' dir='ltr'><strong>inquit</strong></span> <span class='ocrx_word' id='word_1_103' title='bbox 920 1464 1015 1518; x_wconf 91' lang='lat' dir='ltr'><strong>lib.</strong></span> <span class='ocrx_word' id='word_1_104' title='bbox 1072 1479 1131 1530; x_wconf 86' lang='lat' dir='ltr'><strong>ll,</strong></span> <span class='ocrx_word' id='word_1_105' title='bbox 1197 1465 1344 1527; x_wconf 79' lang='lat' dir='ltr'><strong>init...</strong></span> <span class='ocrx_word' id='word_1_106' title='bbox 1400 1469 1540 1519; x_wconf 69' lang='grc' dir='ltr'>κατὰ</span> <span class='ocrx_word' id='word_1_107' title='bbox 1591 1468 1694 1537; x_wconf 76' lang='grc' dir='ltr'><strong>τὴν</strong></span> <span class='ocrx_word' id='word_1_108' title='bbox 1758 1470 1946 1524; x_wconf 73' lang='grc' dir='ltr'>Ἀσίαν</span> 
     </span>
    </p>
   </div>
   <div class='ocr_carea' id='block_1_16' title="bbox 369 1550 1944 1634">
    <p class='ocr_par' dir='ltr' id='par_1_16' title="bbox 369 1550 1944 1634">
     <span class='ocr_line' id='line_1_16' title="bbox 369 1550 1944 1634; baseline 0.005 -28"><span class='ocrx_word' id='word_1_109' title='bbox 369 1554 615 1626; x_wconf 77' lang='grc' dir='ltr'><strong>ὑπῆρχον</strong></span> <span class='ocrx_word' id='word_1_110' title='bbox 645 1555 904 1626; x_wconf 76' lang='grc' dir='ltr'><strong>ἐγχώριοι</strong></span> <span class='ocrx_word' id='word_1_111' title='bbox 930 1555 1195 1626; x_wconf 78' lang='grc' dir='ltr'><strong>βασιλεῖς,</strong></span> <span class='ocrx_word' id='word_1_112' title='bbox 1237 1550 1313 1610; x_wconf 83' lang='grc' dir='ltr'>ὧν</span> <span class='ocrx_word' id='word_1_113' title='bbox 1373 1557 1497 1610; x_wconf 70' lang='grc' dir='ltr'><strong>οὒτε</strong></span> <span class='ocrx_word' id='word_1_114' title='bbox 1529 1560 1726 1630; x_wconf 81' lang='grc' dir='ltr'>πρᾶξις</span> <span class='ocrx_word' id='word_1_115' title='bbox 1750 1562 1944 1634; x_wconf 63' lang='lat' dir='ltr'><strong>taloq-</strong></span> 
     </span>
    </p>
   </div>
   <div class='ocr_carea' id='block_1_17' title="bbox 371 1643 1946 1724">
    <p class='ocr_par' dir='ltr' id='par_1_17' title="bbox 371 1643 1946 1724">
     <span class='ocr_line' id='line_1_17' title="bbox 371 1643 1946 1724; baseline 0.004 -29"><span class='ocrx_word' id='word_1_116' title='bbox 371 1661 492 1712; x_wconf 78' lang='grc' dir='ltr'><strong>μος,</strong></span> <span class='ocrx_word' id='word_1_117' title='bbox 518 1643 641 1697; x_wconf 74' lang='grc' dir='ltr'><strong>οὕτε</strong></span> <span class='ocrx_word' id='word_1_118' title='bbox 664 1646 837 1716; x_wconf 75' lang='grc' dir='ltr'>ὄνομα</span> <span class='ocrx_word' id='word_1_119' title='bbox 897 1650 1318 1716; x_wconf 73' lang='grc' dir='ltr'><strong>μνημονεύεται.</strong></span> <span class='ocrx_word' id='word_1_120' title='bbox 1345 1649 1566 1719; x_wconf 79' lang='grc' dir='ltr'><strong>Πρῶτος</strong></span> <span class='ocrx_word' id='word_1_121' title='bbox 1596 1651 1706 1704; x_wconf 83' lang='grc' dir='ltr'><strong>τῶν</strong></span> <span class='ocrx_word' id='word_1_122' title='bbox 1735 1653 1946 1724; x_wconf 72' lang='grc' dir='ltr'><strong>ἱστορὲᾳ</strong></span> 
     </span>
    </p>
   </div>
   <div class='ocr_carea' id='block_1_18' title="bbox 367 1735 1938 1812">
    <p class='ocr_par' dir='ltr' id='par_1_18' title="bbox 367 1735 1938 1812">
     <span class='ocr_line' id='line_1_18' title="bbox 367 1735 1938 1812; baseline 0.008 -28"><span class='ocrx_word' id='word_1_123' title='bbox 367 1736 464 1786; x_wconf 75' lang='grc' dir='ltr'><strong>καὶ</strong></span> <span class='ocrx_word' id='word_1_124' title='bbox 507 1735 697 1807; x_wconf 77' lang='grc' dir='ltr'>μνήμῃ</span> <span class='ocrx_word' id='word_1_125' title='bbox 739 1737 1200 1807; x_wconf 76' lang='grc' dir='ltr'><strong>παραδεδομένων</strong></span> <span class='ocrx_word' id='word_1_126' title='bbox 1227 1741 1254 1790; x_wconf 85' lang='grc' dir='ltr'>ὁ</span> <span class='ocrx_word' id='word_1_127' title='bbox 1282 1738 1389 1791; x_wconf 83' lang='grc' dir='ltr'><strong>τῶν</strong></span> <span class='ocrx_word' id='word_1_128' title='bbox 1439 1741 1748 1810; x_wconf 76' lang='grc' dir='ltr'><strong>Ἀσσυρίων</strong></span> <span class='ocrx_word' id='word_1_129' title='bbox 1783 1743 1938 1812; x_wconf 76' lang='grc' dir='ltr'>βασι-</span> 
     </span>
    </p>
   </div>
   <div class='ocr_carea' id='block_1_19' title="bbox 365 1826 1936 1910">
    <p class='ocr_par' dir='ltr' id='par_1_19' title="bbox 365 1826 1936 1910">
     <span class='ocr_line' id='line_1_19' title="bbox 365 1826 1936 1910; baseline 0.007 -33"><span class='ocrx_word' id='word_1_130' title='bbox 365 1826 490 1888; x_wconf 74' lang='grc' dir='ltr'><strong>λεὺς</strong></span> <span class='ocrx_word' id='word_1_131' title='bbox 521 1827 704 1892; x_wconf 83' lang='grc' dir='ltr'><strong>Νῖνος,</strong></span> <span class='ocrx_word' id='word_1_132' title='bbox 737 1846 792 1883; x_wconf 84' lang='grc' dir='ltr'><strong>κ.</strong></span> <span class='ocrx_word' id='word_1_133' title='bbox 816 1847 867 1882; x_wconf 87' lang='grc' dir='ltr'><strong>τ.</strong></span> <span class='ocrx_word' id='word_1_134' title='bbox 892 1830 943 1884; x_wconf 80' lang='grc' dir='ltr'><strong>λ.</strong></span> <span class='ocrx_word' id='word_1_135' title='bbox 973 1831 1276 1898; x_wconf 88' lang='lat' dir='ltr'><strong>Antiquitus</strong></span> <span class='ocrx_word' id='word_1_136' title='bbox 1320 1847 1462 1899; x_wconf 85' lang='lat' dir='ltr'><strong>reges</strong></span> <span class='ocrx_word' id='word_1_137' title='bbox 1486 1834 1783 1902; x_wconf 79' lang='lat' dir='ltr'><strong>indigenas,</strong></span> <span class='ocrx_word' id='word_1_138' title='bbox 1805 1850 1936 1910; x_wconf 86' lang='lat' dir='ltr'><strong>quo-</strong></span> 
     </span>
    </p>
   </div>
   <div class='ocr_carea' id='block_1_20' title="bbox 365 1923 1938 1990">
    <p class='ocr_par' dir='ltr' id='par_1_20' title="bbox 365 1923 1938 1990">
     <span class='ocr_line' id='line_1_20' title="bbox 365 1923 1938 1990; baseline 0.005 -18"><span class='ocrx_word' id='word_1_139' title='bbox 365 1936 484 1973; x_wconf 89' lang='lat' dir='ltr'><strong>rum</strong></span> <span class='ocrx_word' id='word_1_140' title='bbox 535 1937 625 1974; x_wconf 85' lang='lat' dir='ltr'><strong>nec</strong></span> <span class='ocrx_word' id='word_1_141' title='bbox 678 1925 822 1990; x_wconf 69' lang='lat' dir='ltr'><strong>facta</strong></span> <span class='ocrx_word' id='word_1_142' title='bbox 863 1923 1195 1989; x_wconf 85' lang='lat' dir='ltr'><strong>inclaruere,</strong></span> <span class='ocrx_word' id='word_1_143' title='bbox 1254 1941 1348 1978; x_wconf 75' lang='lat' dir='ltr'><strong>nec</strong></span> <span class='ocrx_word' id='word_1_144' title='bbox 1408 1926 1632 1979; x_wconf 87' lang='lat' dir='ltr'><strong>nominis</strong></span> <span class='ocrx_word' id='word_1_145' title='bbox 1687 1930 1938 1980; x_wconf 85' lang='lat' dir='ltr'><strong>memoria</strong></span> 
     </span>
    </p>
   </div>
   <div class='ocr_carea' id='block_1_21' title="bbox 366 2010 1938 2085">
    <p class='ocr_par' dir='ltr' id='par_1_21' title="bbox 366 2010 1938 2085">
     <span class='ocr_line' id='line_1_21' title="bbox 366 2010 1938 2085; baseline 0.005 -24"><span class='ocrx_word' id='word_1_146' title='bbox 366 2010 559 2073; x_wconf 85' lang='lat' dir='ltr'><strong>durat,</strong></span> <span class='ocrx_word' id='word_1_147' title='bbox 601 2011 730 2064; x_wconf 85' lang='lat' dir='ltr'><strong>Asia</strong></span> <span class='ocrx_word' id='word_1_148' title='bbox 762 2012 964 2065; x_wconf 72' lang='lat' dir='ltr'><strong>habuit.</strong></span> <span class='ocrx_word' id='word_1_149' title='bbox 1001 2013 1216 2066; x_wconf 87' lang='lat' dir='ltr'><strong>Primus</strong></span> <span class='ocrx_word' id='word_1_150' title='bbox 1264 2029 1327 2066; x_wconf 75' lang='lat' dir='ltr'><strong>ea:</strong></span> <span class='ocrx_word' id='word_1_151' title='bbox 1373 2013 1474 2076; x_wconf 87' lang='lat' dir='ltr'><strong>his,</strong></span> <span class='ocrx_word' id='word_1_152' title='bbox 1527 2031 1746 2084; x_wconf 79' lang='lat' dir='ltr'><strong>quorum</strong></span> <span class='ocrx_word' id='word_1_153' title='bbox 1794 2018 1938 2085; x_wconf 79' lang='lat' dir='ltr'><strong>facta</strong></span> 
     </span>
    </p>
   </div>
   <div class='ocr_carea' id='block_1_22' title="bbox 364 2102 1939 2177">
    <p class='ocr_par' dir='ltr' id='par_1_22' title="bbox 364 2102 1939 2177">
     <span class='ocr_line' id='line_1_22' title="bbox 364 2102 1939 2177; baseline 0.006 -24"><span class='ocrx_word' id='word_1_154' title='bbox 364 2102 600 2156; x_wconf 74' lang='lat' dir='ltr'><strong>historia:</strong></span> <span class='ocrx_word' id='word_1_155' title='bbox 642 2120 704 2156; x_wconf 87' lang='lat' dir='ltr'><strong>ac</strong></span> <span class='ocrx_word' id='word_1_156' title='bbox 747 2105 932 2158; x_wconf 73' lang='lat' dir='ltr'><strong>litteris</strong></span> <span class='ocrx_word' id='word_1_157' title='bbox 987 2106 1189 2158; x_wconf 79' lang='lat' dir='ltr'><strong>tradita</strong></span> <span class='ocrx_word' id='word_1_158' title='bbox 1241 2117 1387 2170; x_wconf 90' lang='lat' dir='ltr'><strong>sunt,</strong></span> <span class='ocrx_word' id='word_1_159' title='bbox 1456 2109 1796 2177; x_wconf 81' lang='lat' dir='ltr'><strong>Assyriorum</strong></span> <span class='ocrx_word' id='word_1_160' title='bbox 1848 2125 1939 2163; x_wconf 79' lang='lat' dir='ltr'><strong>reo;</strong></span> 
     </span>
    </p>
   </div>
   <div class='ocr_carea' id='block_1_23' title="bbox 370 2189 1938 2269">
    <p class='ocr_par' dir='ltr' id='par_1_23' title="bbox 370 2189 1938 2269">
     <span class='ocr_line' id='line_1_23' title="bbox 370 2189 1938 2269; baseline 0.007 -26"><span class='ocrx_word' id='word_1_161' title='bbox 370 2189 569 2256; x_wconf 84' lang='lat' dir='ltr'><strong>Ninus,</strong></span> <span class='ocrx_word' id='word_1_162' title='bbox 601 2201 708 2246; x_wconf 91' lang='lat' dir='ltr'><strong>etc.</strong></span> <span class='ocrx_word' id='word_1_163' title='bbox 737 2193 1102 2250; x_wconf 68' lang='lat' dir='ltr'><strong>Nihilosecius</strong></span> <span class='ocrx_word' id='word_1_164' title='bbox 1129 2195 1264 2250; x_wconf 89' lang='lat' dir='ltr'><strong>adeo</strong></span> <span class='ocrx_word' id='word_1_165' title='bbox 1298 2197 1388 2250; x_wconf 87' lang='lat' dir='ltr'><strong>illa</strong></span> <span class='ocrx_word' id='word_1_166' title='bbox 1416 2195 1630 2252; x_wconf 77' lang='lat' dir='ltr'><strong>Eusebii</strong></span> <span class='ocrx_word' id='word_1_167' title='bbox 1659 2201 1796 2268; x_wconf 91' lang='lat' dir='ltr'><strong>apml</strong></span> <span class='ocrx_word' id='word_1_168' title='bbox 1828 2203 1938 2269; x_wconf 81' lang='lat' dir='ltr'><strong>ple-</strong></span> 
     </span>
    </p>
   </div>
   <div class='ocr_carea' id='block_1_24' title="bbox 366 2289 1936 2354">
    <p class='ocr_par' dir='ltr' id='par_1_24' title="bbox 366 2289 1936 2354">
     <span class='ocr_line' id='line_1_24' title="bbox 366 2289 1936 2354; baseline 0.006 -17"><span class='ocrx_word' id='word_1_169' title='bbox 366 2300 570 2354; x_wconf 90' lang='lat' dir='ltr'><strong>rosquc</strong></span> <span class='ocrx_word' id='word_1_170' title='bbox 618 2302 809 2340; x_wconf 89' lang='lat' dir='ltr'><strong>omnes</strong></span> <span class='ocrx_word' id='word_1_171' title='bbox 860 2289 1131 2341; x_wconf 89' lang='lat' dir='ltr'><strong>sententia</strong></span> <span class='ocrx_word' id='word_1_172' title='bbox 1173 2289 1432 2354; x_wconf 89' lang='lat' dir='ltr'><strong>obtinuit,</strong></span> <span class='ocrx_word' id='word_1_173' title='bbox 1481 2299 1538 2344; x_wconf 91' lang='lat' dir='ltr'><strong>ut</strong></span> <span class='ocrx_word' id='word_1_174' title='bbox 1586 2293 1768 2345; x_wconf 84' lang='lat' dir='ltr'><strong>dicere</strong></span> <span class='ocrx_word' id='word_1_175' title='bbox 1802 2293 1936 2347; x_wconf 86' lang='lat' dir='ltr'><strong>nihil</strong></span> 
     </span>
    </p>
   </div>
   <div class='ocr_carea' id='block_1_25' title="bbox 360 2375 1936 2446">
    <p class='ocr_par' dir='ltr' id='par_1_25' title="bbox 360 2375 1936 2446">
     <span class='ocr_line' id='line_1_25' title="bbox 360 2375 1936 2446; baseline 0.005 -18"><span class='ocrx_word' id='word_1_176' title='bbox 360 2376 566 2429; x_wconf 85' lang='lat' dir='ltr'><strong>dubitet</strong></span> <span class='ocrx_word' id='word_1_177' title='bbox 599 2375 657 2430; x_wconf 88' lang='lat' dir='ltr'><strong>S.</strong></span> <span class='ocrx_word' id='word_1_178' title='bbox 685 2377 957 2446; x_wconf 70' lang='lat' dir='ltr'><strong>ltttrrpres</strong></span> <span class='ocrx_word' id='word_1_179' title='bbox 989 2380 1040 2432; x_wconf 89' lang='lat' dir='ltr'><strong>itt</strong></span> <span class='ocrx_word' id='word_1_180' title='bbox 1071 2380 1285 2434; x_wconf 85' lang='lat' dir='ltr'><strong>Comm.</strong></span> <span class='ocrx_word' id='word_1_181' title='bbox 1319 2382 1382 2433; x_wconf 88' lang='lat' dir='ltr'><strong>ad</strong></span> <span class='ocrx_word' id='word_1_182' title='bbox 1409 2379 1548 2435; x_wconf 90' lang='lat' dir='ltr'><strong>Osee</strong></span> <span class='ocrx_word' id='word_1_183' title='bbox 1580 2397 1615 2436; x_wconf 88' lang='lat' dir='ltr'><strong>It</strong></span> <span class='ocrx_word' id='word_1_184' title='bbox 1649 2401 1662 2436; x_wconf 87' lang='lat'><strong>:</strong></span> <span class='ocrx_word' id='word_1_185' title='bbox 1693 2383 1936 2436; x_wconf 85' lang='lat' dir='ltr'><strong>Primum</strong></span> 
     </span>
    </p>
   </div>
   <div class='ocr_carea' id='block_1_26' title="bbox 363 2468 1936 2540">
    <p class='ocr_par' dir='ltr' id='par_1_26' title="bbox 363 2468 1936 2540">
     <span class='ocr_line' id='line_1_26' title="bbox 363 2468 1936 2540; baseline 0.005 -20"><span class='ocrx_word' id='word_1_186' title='bbox 363 2471 506 2522; x_wconf 86' lang='lat' dir='ltr'><strong>omni</strong></span> <span class='ocrx_word' id='word_1_187' title='bbox 552 2469 689 2521; x_wconf 66' lang='lat' dir='ltr'><strong>Asiae</strong></span> <span class='ocrx_word' id='word_1_188' title='bbox 739 2486 986 2536; x_wconf 77' lang='lat' dir='ltr'><strong>regnasse</strong></span> <span class='ocrx_word' id='word_1_189' title='bbox 1038 2468 1242 2523; x_wconf 82' lang='lat' dir='ltr'><strong>Ninum</strong></span> <span class='ocrx_word' id='word_1_190' title='bbox 1293 2472 1404 2525; x_wconf 84' lang='lat' dir='ltr'><strong>Beli</strong></span> <span class='ocrx_word' id='word_1_191' title='bbox 1441 2472 1633 2540; x_wconf 80' lang='lat' dir='ltr'><strong>ﬁlium,</strong></span> <span class='ocrx_word' id='word_1_192' title='bbox 1685 2489 1861 2528; x_wconf 82' lang='lat' dir='ltr'><strong>omnes</strong></span> <span class='ocrx_word' id='word_1_193' title='bbox 1886 2485 1936 2528; x_wconf 79' lang='lat' dir='ltr'><strong>el</strong></span> 
     </span>
    </p>
   </div>
   <div class='ocr_carea' id='block_1_27' title="bbox 361 2559 1935 2634">
    <p class='ocr_par' dir='ltr' id='par_1_27' title="bbox 361 2559 1935 2634">
     <span class='ocr_line' id='line_1_27' title="bbox 361 2559 1935 2634; baseline 0.005 -22"><span class='ocrx_word' id='word_1_194' title='bbox 361 2559 562 2614; x_wconf 71' lang='grc' dir='ltr'><strong>(ἰν-στω</strong></span> <span class='ocrx_word' id='word_1_195' title='bbox 609 2571 656 2614; x_wconf 88' lang='lat' dir='ltr'><strong>et</strong></span> <span class='ocrx_word' id='word_1_196' title='bbox 705 2560 962 2615; x_wconf 75' lang='lat' dir='ltr'><strong>Barbara:</strong></span> <span class='ocrx_word' id='word_1_197' title='bbox 1047 2573 1275 2615; x_wconf 83' lang='lat' dir='ltr'><strong>narrant</strong></span> <span class='ocrx_word' id='word_1_198' title='bbox 1331 2565 1610 2630; x_wconf 78' lang='lat' dir='ltr'><strong>historiw;</strong></span> <span class='ocrx_word' id='word_1_199' title='bbox 1658 2567 1748 2634; x_wconf 85' lang='lat' dir='ltr'><strong>qui</strong></span> <span class='ocrx_word' id='word_1_200' title='bbox 1795 2567 1935 2634; x_wconf 89' lang='lat' dir='ltr'><strong>apud</strong></span> 
     </span>
    </p>
   </div>
   <div class='ocr_carea' id='block_1_28' title="bbox 362 2649 1930 2724">
    <p class='ocr_par' dir='ltr' id='par_1_28' title="bbox 362 2649 1930 2724">
     <span class='ocr_line' id='line_1_28' title="bbox 362 2649 1930 2724; baseline 0.005 -20"><span class='ocrx_word' id='word_1_201' title='bbox 362 2655 607 2722; x_wconf 81' lang='lat' dir='ltr'><strong>Assyrios</strong></span> <span class='ocrx_word' id='word_1_202' title='bbox 657 2649 899 2715; x_wconf 84' lang='lat' dir='ltr'><strong>Ninum,</strong></span> <span class='ocrx_word' id='word_1_203' title='bbox 950 2653 1032 2706; x_wconf 85' lang='lat' dir='ltr'><strong>sui</strong></span> <span class='ocrx_word' id='word_1_204' title='bbox 1081 2655 1308 2708; x_wconf 88' lang='lat' dir='ltr'><strong>nominis</strong></span> <span class='ocrx_word' id='word_1_205' title='bbox 1365 2656 1600 2709; x_wconf 77' lang='lat' dir='ltr'><strong>condidit</strong></span> <span class='ocrx_word' id='word_1_206' title='bbox 1647 2658 1930 2724; x_wconf 74' lang='lat' dir='ltr'><strong>ciuitatem,</strong></span> 
     </span>
    </p>
   </div>
   <div class='ocr_carea' id='block_1_29' title="bbox 356 2742 1228 2810">
    <p class='ocr_par' dir='ltr' id='par_1_29' title="bbox 356 2742 1228 2810">
     <span class='ocr_line' id='line_1_29' title="bbox 356 2742 1228 2810; baseline 0.006 -15"><span class='ocrx_word' id='word_1_207' title='bbox 356 2760 517 2810; x_wconf 86' lang='lat' dir='ltr'><strong>quam</strong></span> <span class='ocrx_word' id='word_1_208' title='bbox 550 2743 753 2796; x_wconf 74' lang='lat' dir='ltr'><strong>Ilebra&#39;i</strong></span> <span class='ocrx_word' id='word_1_209' title='bbox 790 2755 977 2797; x_wconf 80' lang='lat' dir='ltr'><strong>vocant</strong></span> <span class='ocrx_word' id='word_1_210' title='bbox 1010 2742 1228 2802; x_wconf 71' lang='lat' dir='ltr'><strong>Nitriae.</strong></span> 
     </span>
    </p>
   </div>
   <div class='ocr_carea' id='block_1_30' title="bbox 434 2876 1930 2953">
    <p class='ocr_par' dir='ltr' id='par_1_30' title="bbox 434 2876 1930 2953">
     <span class='ocr_line' id='line_1_30' title="bbox 434 2876 1930 2953; baseline 0.006 -24"><span class='ocrx_word' id='word_1_211' title='bbox 434 2877 565 2932; x_wconf 90' lang='lat' dir='ltr'><strong>Ibid.</strong></span> <span class='ocrx_word' id='word_1_212' title='bbox 611 2876 818 2932; x_wconf 87' lang='lat' dir='ltr'><strong>Belum.</strong></span> <span class='ocrx_word' id='word_1_213' title='bbox 852 2879 1025 2948; x_wconf 82' lang='lat' dir='ltr'><strong>Atque</strong></span> <span class='ocrx_word' id='word_1_214' title='bbox 1052 2877 1155 2934; x_wconf 83' lang='lat' dir='ltr'><strong>hoc</strong></span> <span class='ocrx_word' id='word_1_215' title='bbox 1198 2881 1416 2949; x_wconf 88' lang='lat' dir='ltr'><strong>quidem</strong></span> <span class='ocrx_word' id='word_1_216' title='bbox 1447 2895 1655 2948; x_wconf 89' lang='lat' dir='ltr'><strong>omnes,</strong></span> <span class='ocrx_word' id='word_1_217' title='bbox 1682 2896 1784 2938; x_wconf 91' lang='lat' dir='ltr'><strong>nec</strong></span> <span class='ocrx_word' id='word_1_218' title='bbox 1811 2885 1930 2953; x_wconf 88' lang='lat' dir='ltr'><strong>ipso</strong></span> 
     </span>
    </p>
   </div>
   <div class='ocr_carea' id='block_1_31' title="bbox 358 2964 1929 3032">
    <p class='ocr_par' dir='ltr' id='par_1_31' title="bbox 358 2964 1929 3032">
     <span class='ocr_line' id='line_1_31' title="bbox 358 2964 1929 3032; baseline 0.003 -14"><span class='ocrx_word' id='word_1_219' title='bbox 358 2964 656 3026; x_wconf 86' lang='lat' dir='ltr'><strong>llerodoto,</strong></span> <span class='ocrx_word' id='word_1_220' title='bbox 706 2981 866 3032; x_wconf 88' lang='lat' dir='ltr'><strong>quem</strong></span> <span class='ocrx_word' id='word_1_221' title='bbox 913 2967 1126 3022; x_wconf 65' lang='lat' dir='ltr'><strong>car-teris</strong></span> <span class='ocrx_word' id='word_1_222' title='bbox 1159 2967 1209 3020; x_wconf 92' lang='lat' dir='ltr'><strong>in</strong></span> <span class='ocrx_word' id='word_1_223' title='bbox 1267 2968 1368 3022; x_wconf 87' lang='lat' dir='ltr'><strong>hac</strong></span> <span class='ocrx_word' id='word_1_224' title='bbox 1405 2969 1629 3023; x_wconf 88' lang='lat' dir='ltr'><strong>historia</strong></span> <span class='ocrx_word' id='word_1_225' title='bbox 1677 2971 1929 3024; x_wconf 89' lang='lat' dir='ltr'><strong>omnibus</strong></span> 
     </span>
    </p>
   </div>
   <div class='ocr_carea' id='block_1_32' title="bbox 368 3055 1930 3128">
    <p class='ocr_par' dir='ltr' id='par_1_32' title="bbox 368 3055 1930 3128">
     <span class='ocr_line' id='line_1_32' title="bbox 368 3055 1930 3128; baseline 0.008 -23"><span class='ocrx_word' id='word_1_226' title='bbox 368 3055 731 3124; x_wconf 71' lang='lat' dir='ltr'><strong>praeferimus,</strong></span> <span class='ocrx_word' id='word_1_227' title='bbox 753 3067 997 3126; x_wconf 79' lang='lat' dir='ltr'><strong>excepto,</strong></span> <span class='ocrx_word' id='word_1_228' title='bbox 1027 3061 1250 3112; x_wconf 85' lang='lat' dir='ltr'><strong>tradunt</strong></span> <span class='ocrx_word' id='word_1_229' title='bbox 1270 3061 1384 3125; x_wconf 88' lang='lat' dir='ltr'><strong>pari</strong></span> <span class='ocrx_word' id='word_1_230' title='bbox 1409 3077 1698 3128; x_wconf 89' lang='lat' dir='ltr'><strong>consensu,</strong></span> <span class='ocrx_word' id='word_1_231' title='bbox 1733 3062 1930 3119; x_wconf 87' lang='lat' dir='ltr'><strong>Ninum</strong></span> 
     </span>
    </p>
   </div>
   <div class='ocr_carea' id='block_1_33' title="bbox 363 3148 1931 3223">
    <p class='ocr_par' dir='ltr' id='par_1_33' title="bbox 363 3148 1931 3223">
     <span class='ocr_line' id='line_1_33' title="bbox 363 3148 1931 3223; baseline 0.008 -23"><span class='ocrx_word' id='word_1_232' title='bbox 363 3149 478 3203; x_wconf 82' lang='lat' dir='ltr'><strong>Beli</strong></span> <span class='ocrx_word' id='word_1_233' title='bbox 513 3148 684 3202; x_wconf 83' lang='lat' dir='ltr'><strong>filium</strong></span> <span class='ocrx_word' id='word_1_234' title='bbox 720 3151 1024 3206; x_wconf 87' lang='lat' dir='ltr'><strong>exstitisse.</strong></span> <span class='ocrx_word' id='word_1_235' title='bbox 1064 3152 1139 3205; x_wconf 76' lang='lat' dir='ltr'><strong>Es</strong></span> <span class='ocrx_word' id='word_1_236' title='bbox 1173 3152 1259 3206; x_wconf 87' lang='lat' dir='ltr'><strong>his</strong></span> <span class='ocrx_word' id='word_1_237' title='bbox 1290 3165 1471 3207; x_wconf 86' lang='lat' dir='ltr'><strong>autem</strong></span> <span class='ocrx_word' id='word_1_238' title='bbox 1520 3170 1640 3223; x_wconf 69' lang='lat' dir='ltr'><strong>quae</strong></span> <span class='ocrx_word' id='word_1_239' title='bbox 1672 3155 1931 3213; x_wconf 82' lang='lat' dir='ltr'><strong>hactenus</strong></span> 
     </span>
    </p>
   </div>
   <div class='ocr_carea' id='block_1_34' title="bbox 359 3240 1930 3319">
    <p class='ocr_par' dir='ltr' id='par_1_34' title="bbox 359 3240 1930 3319">
     <span class='ocr_line' id='line_1_34' title="bbox 359 3240 1930 3319; baseline 0.003 -27"><span class='ocrx_word' id='word_1_240' title='bbox 359 3240 635 3307; x_wconf 74' lang='lat' dir='ltr'><strong>disputata</strong></span> <span class='ocrx_word' id='word_1_241' title='bbox 665 3253 814 3304; x_wconf 85' lang='lat' dir='ltr'><strong>sunt,</strong></span> <span class='ocrx_word' id='word_1_242' title='bbox 843 3241 953 3311; x_wconf 87' lang='lat' dir='ltr'><strong>jam</strong></span> <span class='ocrx_word' id='word_1_243' title='bbox 989 3252 1162 3306; x_wconf 87' lang='lat' dir='ltr'><strong>tenes,</strong></span> <span class='ocrx_word' id='word_1_244' title='bbox 1203 3244 1388 3297; x_wconf 86' lang='lat' dir='ltr'><strong>Belum</strong></span> <span class='ocrx_word' id='word_1_245' title='bbox 1417 3245 1570 3298; x_wconf 90' lang='lat' dir='ltr'><strong>illum</strong></span> <span class='ocrx_word' id='word_1_246' title='bbox 1614 3262 1720 3300; x_wconf 92' lang='lat' dir='ltr'><strong>non</strong></span> <span class='ocrx_word' id='word_1_247' title='bbox 1757 3246 1930 3319; x_wconf 74' lang='lat' dir='ltr'><strong>Baliy.</strong></span> 
     </span>
    </p>
   </div>
   <div class='ocr_carea' id='block_1_35' title="bbox 358 3331 1931 3409">
    <p class='ocr_par' dir='ltr' id='par_1_35' title="bbox 358 3331 1931 3409">
     <span class='ocr_line' id='line_1_35' title="bbox 358 3331 1931 3409; baseline 0.006 -25"><span class='ocrx_word' id='word_1_248' title='bbox 358 3331 588 3396; x_wconf 76' lang='lat' dir='ltr'><strong>Ionium,</strong></span> <span class='ocrx_word' id='word_1_249' title='bbox 619 3333 735 3388; x_wconf 85' lang='lat' dir='ltr'><strong>sive</strong></span> <span class='ocrx_word' id='word_1_250' title='bbox 766 3333 1086 3389; x_wconf 82' lang='lat' dir='ltr'><strong>Nimrodum</strong></span> <span class='ocrx_word' id='word_1_251' title='bbox 1129 3350 1287 3405; x_wconf 88' lang='lat' dir='ltr'><strong>posse</strong></span> <span class='ocrx_word' id='word_1_252' title='bbox 1317 3337 1489 3402; x_wconf 89' lang='lat' dir='ltr'><strong>credi,</strong></span> <span class='ocrx_word' id='word_1_253' title='bbox 1524 3340 1618 3392; x_wconf 84' lang='lat' dir='ltr'><strong>sed</strong></span> <span class='ocrx_word' id='word_1_254' title='bbox 1645 3339 1807 3409; x_wconf 82' lang='lat' dir='ltr'><strong>longe</strong></span> <span class='ocrx_word' id='word_1_255' title='bbox 1841 3355 1931 3394; x_wconf 87' lang='lat' dir='ltr'><strong>re-</strong></span> 
     </span>
    </p>
   </div>
   <div class='ocr_carea' id='block_1_36' title="bbox 357 3427 1929 3499">
    <p class='ocr_par' dir='ltr' id='par_1_36' title="bbox 357 3427 1929 3499">
     <span class='ocr_line' id='line_1_36' title="bbox 357 3427 1929 3499; baseline 0.005 -19"><span class='ocrx_word' id='word_1_256' title='bbox 357 3428 656 3481; x_wconf 85' lang='lat' dir='ltr'><strong>centiorem</strong></span> <span class='ocrx_word' id='word_1_257' title='bbox 699 3427 888 3493; x_wconf 89' lang='lat' dir='ltr'><strong>alium,</strong></span> <span class='ocrx_word' id='word_1_258' title='bbox 929 3443 1167 3496; x_wconf 86' lang='lat' dir='ltr'><strong>eumque</strong></span> <span class='ocrx_word' id='word_1_259' title='bbox 1213 3430 1527 3499; x_wconf 86' lang='lat' dir='ltr'><strong>Assyrium,</strong></span> <span class='ocrx_word' id='word_1_260' title='bbox 1575 3446 1698 3485; x_wconf 92' lang='lat' dir='ltr'><strong>cum</strong></span> <span class='ocrx_word' id='word_1_261' title='bbox 1741 3443 1929 3488; x_wconf 76' lang='lat' dir='ltr'><strong>notum</strong></span> 
     </span>
    </p>
   </div>
   <div class='ocr_carea' id='block_1_37' title="bbox 359 3518 1931 3589">
    <p class='ocr_par' dir='ltr' id='par_1_37' title="bbox 359 3518 1931 3589">
     <span class='ocr_line' id='line_1_37' title="bbox 359 3518 1931 3589; baseline 0.008 -22"><span class='ocrx_word' id='word_1_262' title='bbox 359 3527 617 3584; x_wconf 71' lang='lat' dir='ltr'><strong>pra-terea</strong></span> <span class='ocrx_word' id='word_1_263' title='bbox 649 3521 743 3581; x_wconf 88' lang='lat' dir='ltr'><strong>sit,</strong></span> <span class='ocrx_word' id='word_1_264' title='bbox 784 3518 967 3588; x_wconf 87' lang='lat' dir='ltr'><strong>plures</strong></span> <span class='ocrx_word' id='word_1_265' title='bbox 1005 3519 1173 3575; x_wconf 86' lang='lat' dir='ltr'><strong>fuisse</strong></span> <span class='ocrx_word' id='word_1_266' title='bbox 1207 3536 1304 3589; x_wconf 90' lang='lat' dir='ltr'><strong>per</strong></span> <span class='ocrx_word' id='word_1_267' title='bbox 1333 3520 1612 3576; x_wconf 85' lang='lat' dir='ltr'><strong>Orientem</strong></span> <span class='ocrx_word' id='word_1_268' title='bbox 1656 3523 1833 3588; x_wconf 85' lang='lat' dir='ltr'><strong>Belos,</strong></span> <span class='ocrx_word' id='word_1_269' title='bbox 1865 3541 1931 3580; x_wconf 90' lang='lat' dir='ltr'><strong>eo</strong></span> 
     </span>
    </p>
   </div>
   <div class='ocr_carea' id='block_1_38' title="bbox 359 3612 1931 3681">
    <p class='ocr_par' dir='ltr' id='par_1_38' title="bbox 359 3612 1931 3681">
     <span class='ocr_line' id='line_1_38' title="bbox 359 3612 1931 3681; baseline 0.004 -17"><span class='ocrx_word' id='word_1_270' title='bbox 359 3613 527 3665; x_wconf 84' lang='lat' dir='ltr'><strong>ferme</strong></span> <span class='ocrx_word' id='word_1_271' title='bbox 560 3613 723 3665; x_wconf 90' lang='lat' dir='ltr'><strong>modo</strong></span> <span class='ocrx_word' id='word_1_272' title='bbox 763 3627 873 3681; x_wconf 86' lang='lat' dir='ltr'><strong>quo</strong></span> <span class='ocrx_word' id='word_1_273' title='bbox 905 3613 958 3666; x_wconf 94' lang='lat' dir='ltr'><strong>in</strong></span> <span class='ocrx_word' id='word_1_274' title='bbox 989 3612 1198 3668; x_wconf 82' lang='lat' dir='ltr'><strong>Graecia</strong></span> <span class='ocrx_word' id='word_1_275' title='bbox 1227 3613 1411 3668; x_wconf 72' lang='lat' dir='ltr'><strong>loves.</strong></span> <span class='ocrx_word' id='word_1_276' title='bbox 1448 3616 1517 3668; x_wconf 90' lang='lat' dir='ltr'><strong>At</strong></span> <span class='ocrx_word' id='word_1_277' title='bbox 1548 3631 1675 3670; x_wconf 89' lang='lat' dir='ltr'><strong>vero</strong></span> <span class='ocrx_word' id='word_1_278' title='bbox 1715 3631 1823 3670; x_wconf 90' lang='lat' dir='ltr'><strong>non</strong></span> <span class='ocrx_word' id='word_1_279' title='bbox 1853 3618 1931 3670; x_wconf 90' lang='lat' dir='ltr'><strong>vi-</strong></span> 
     </span>
    </p>
   </div>
   <div class='ocr_carea' id='block_1_39' title="bbox 355 3701 1930 3770">
    <p class='ocr_par' dir='ltr' id='par_1_39' title="bbox 355 3701 1930 3770">
     <span class='ocr_line' id='line_1_39' title="bbox 355 3701 1930 3770; baseline 0.006 -19"><span class='ocrx_word' id='word_1_280' title='bbox 355 3701 514 3754; x_wconf 67' lang='lat' dir='ltr'><strong>detur</strong></span> <span class='ocrx_word' id='word_1_281' title='bbox 562 3717 625 3754; x_wconf 80' lang='lat' dir='ltr'><strong>ex</strong></span> <span class='ocrx_word' id='word_1_282' title='bbox 663 3713 973 3766; x_wconf 82' lang='lat' dir='ltr'><strong>auctorum,</strong></span> <span class='ocrx_word' id='word_1_283' title='bbox 1026 3703 1120 3770; x_wconf 86' lang='lat' dir='ltr'><strong>qui</strong></span> <span class='ocrx_word' id='word_1_284' title='bbox 1169 3703 1284 3758; x_wconf 69' lang='lat' dir='ltr'><strong>haec</strong></span> <span class='ocrx_word' id='word_1_285' title='bbox 1332 3704 1695 3768; x_wconf 86' lang='lat' dir='ltr'><strong>tradiderunt,</strong></span> <span class='ocrx_word' id='word_1_286' title='bbox 1749 3720 1930 3761; x_wconf 89' lang='lat' dir='ltr'><strong>mente</strong></span> 
     </span>
    </p>
   </div>
   <div class='ocr_carea' id='block_1_40' title="bbox 355 3791 1925 3864">
    <p class='ocr_par' dir='ltr' id='par_1_40' title="bbox 355 3791 1925 3864">
     <span class='ocr_line' id='line_1_40' title="bbox 355 3791 1925 3864; baseline 0.006 -22"><span class='ocrx_word' id='word_1_287' title='bbox 355 3791 634 3845; x_wconf 71' lang='lat' dir='ltr'><strong>distinctio</strong></span> <span class='ocrx_word' id='word_1_288' title='bbox 669 3793 857 3845; x_wconf 72' lang='lat' dir='ltr'><strong>istbtec</strong></span> <span class='ocrx_word' id='word_1_289' title='bbox 891 3791 999 3846; x_wconf 88' lang='lat' dir='ltr'><strong>Beli</strong></span> <span class='ocrx_word' id='word_1_290' title='bbox 1029 3793 1247 3863; x_wconf 81' lang='lat' dir='ltr'><strong>Assyrii</strong></span> <span class='ocrx_word' id='word_1_291' title='bbox 1281 3809 1310 3846; x_wconf 87' lang='lat' dir='ltr'><strong>a</strong></span> <span class='ocrx_word' id='word_1_292' title='bbox 1344 3795 1680 3864; x_wconf 83' lang='lat' dir='ltr'><strong>Babylonio;</strong></span> <span class='ocrx_word' id='word_1_293' title='bbox 1721 3807 1775 3850; x_wconf 91' lang='lat' dir='ltr'><strong>et</strong></span> <span class='ocrx_word' id='word_1_294' title='bbox 1805 3811 1925 3851; x_wconf 92' lang='lat' dir='ltr'><strong>cum</strong></span> 
     </span>
    </p>
   </div>
   <div class='ocr_carea' id='block_1_41' title="bbox 352 3881 1927 3956">
    <p class='ocr_par' dir='ltr' id='par_1_41' title="bbox 352 3881 1927 3956">
     <span class='ocr_line' id='line_1_41' title="bbox 352 3881 1927 3956; baseline 0.006 -24"><span class='ocrx_word' id='word_1_295' title='bbox 352 3883 537 3934; x_wconf 66' lang='lat' dir='ltr'><strong>tamen</strong></span> <span class='ocrx_word' id='word_1_296' title='bbox 565 3881 727 3934; x_wconf 85' lang='lat' dir='ltr'><strong>addat</strong></span> <span class='ocrx_word' id='word_1_297' title='bbox 762 3892 945 3935; x_wconf 89' lang='lat' dir='ltr'><strong>noster</strong></span> <span class='ocrx_word' id='word_1_298' title='bbox 973 3882 1269 3948; x_wconf 83' lang='lat' dir='ltr'><strong>Eusebius,</strong></span> <span class='ocrx_word' id='word_1_299' title='bbox 1293 3899 1418 3938; x_wconf 86' lang='lat' dir='ltr'><strong>eum</strong></span> <span class='ocrx_word' id='word_1_300' title='bbox 1457 3885 1646 3938; x_wconf 80' lang='lat' dir='ltr'><strong>Belum</strong></span> <span class='ocrx_word' id='word_1_301' title='bbox 1671 3886 1927 3956; x_wconf 85' lang='lat' dir='ltr'><strong>Assyrios</strong></span> 
     </span>
    </p>
   </div>
   <div class='ocr_carea' id='block_1_42' title="bbox 353 3972 1920 4042">
    <p class='ocr_par' dir='ltr' id='par_1_42' title="bbox 353 3972 1920 4042">
     <span class='ocr_line' id='line_1_42' title="bbox 353 3972 1920 4042; baseline 0.006 -20"><span class='ocrx_word' id='word_1_302' title='bbox 353 3977 512 4024; x_wconf 57' lang='lat' dir='ltr'><strong>(“eum</strong></span> <span class='ocrx_word' id='word_1_303' title='bbox 570 3972 671 4024; x_wconf 86' lang='lat' dir='ltr'><strong>sibi</strong></span> <span class='ocrx_word' id='word_1_304' title='bbox 735 3973 1071 4038; x_wconf 88' lang='lat' dir='ltr'><strong>nominasse,</strong></span> <span class='ocrx_word' id='word_1_305' title='bbox 1137 3975 1478 4029; x_wconf 88' lang='lat' dir='ltr'><strong>recentiores</strong></span> <span class='ocrx_word' id='word_1_306' title='bbox 1530 3991 1658 4030; x_wconf 82' lang='lat' dir='ltr'><strong>vero</strong></span> <span class='ocrx_word' id='word_1_307' title='bbox 1717 3979 1920 4042; x_wconf 87' lang='lat' dir='ltr'><strong>critici,</strong></span> 
     </span>
    </p>
   </div>
   <div class='ocr_carea' id='block_1_43' title="bbox 357 4063 1926 4136">
    <p class='ocr_par' dir='ltr' id='par_1_43' title="bbox 357 4063 1926 4136">
     <span class='ocr_line' id='line_1_43' title="bbox 357 4063 1926 4136; baseline 0.006 -22"><span class='ocrx_word' id='word_1_308' title='bbox 357 4064 612 4114; x_wconf 68' lang='lat' dir='ltr'><strong>Assurcm</strong></span> <span class='ocrx_word' id='word_1_309' title='bbox 671 4063 820 4117; x_wconf 91' lang='lat' dir='ltr'><strong>hunc</strong></span> <span class='ocrx_word' id='word_1_310' title='bbox 864 4063 1198 4126; x_wconf 72' lang='lat' dir='ltr'><strong>existiment,</strong></span> <span class='ocrx_word' id='word_1_311' title='bbox 1260 4065 1440 4132; x_wconf 87' lang='lat' dir='ltr'><strong>gentis</strong></span> <span class='ocrx_word' id='word_1_312' title='bbox 1488 4069 1753 4136; x_wconf 77' lang='lat' dir='ltr'><strong>regnique</strong></span> <span class='ocrx_word' id='word_1_313' title='bbox 1807 4069 1926 4136; x_wconf 88' lang='lat' dir='ltr'><strong>ejus</strong></span> 
     </span>
    </p>
   </div>
   <div class='ocr_carea' id='block_1_44' title="bbox 356 4139 1925 4230">
    <p class='ocr_par' dir='ltr' id='par_1_44' title="bbox 356 4139 1925 4230">
     <span class='ocr_line' id='line_1_44' title="bbox 356 4139 1925 4230; baseline 0.006 -27"><span class='ocrx_word' id='word_1_314' title='bbox 356 4139 659 4216; x_wconf 76' lang='lat' dir='ltr'><strong>auctorem,</strong></span> <span class='ocrx_word' id='word_1_315' title='bbox 692 4155 742 4205; x_wconf 94' lang='lat' dir='ltr'><strong>in</strong></span> <span class='ocrx_word' id='word_1_316' title='bbox 767 4155 898 4208; x_wconf 86' lang='lat' dir='ltr'><strong>deos</strong></span> <span class='ocrx_word' id='word_1_317' title='bbox 928 4154 1180 4223; x_wconf 82' lang='lat' dir='ltr'><strong>relatum,</strong></span> <span class='ocrx_word' id='word_1_318' title='bbox 1214 4157 1925 4230; x_wconf 73' lang='lat' dir='ltr'><strong>verosimillimunrquoque</strong></span> 
     </span>
    </p>
   </div>
   <div class='ocr_carea' id='block_1_45' title="bbox 353 4244 1921 4316">
    <p class='ocr_par' dir='ltr' id='par_1_45' title="bbox 353 4244 1921 4316">
     <span class='ocr_line' id='line_1_45' title="bbox 353 4244 1921 4316; baseline 0.008 -23"><span class='ocrx_word' id='word_1_319' title='bbox 353 4252 463 4309; x_wconf 77' lang='lat' dir='ltr'><strong>est,</strong></span> <span class='ocrx_word' id='word_1_320' title='bbox 500 4259 604 4296; x_wconf 91' lang='lat' dir='ltr'><strong>non</strong></span> <span class='ocrx_word' id='word_1_321' title='bbox 649 4244 701 4298; x_wconf 94' lang='lat' dir='ltr'><strong>in</strong></span> <span class='ocrx_word' id='word_1_322' title='bbox 743 4260 906 4299; x_wconf 82' lang='lat' dir='ltr'><strong>sensu</strong></span> <span class='ocrx_word' id='word_1_323' title='bbox 945 4247 1164 4316; x_wconf 88' lang='lat' dir='ltr'><strong>proprio</strong></span> <span class='ocrx_word' id='word_1_324' title='bbox 1194 4249 1299 4303; x_wconf 89' lang='lat' dir='ltr'><strong>dici</strong></span> <span class='ocrx_word' id='word_1_325' title='bbox 1337 4249 1532 4302; x_wconf 64' lang='lat' dir='ltr'><strong>Ninum</strong></span> <span class='ocrx_word' id='word_1_326' title='bbox 1573 4249 1684 4304; x_wconf 81' lang='lat' dir='ltr'><strong>Beli</strong></span> <span class='ocrx_word' id='word_1_327' title='bbox 1729 4253 1921 4316; x_wconf 89' lang='lat' dir='ltr'><strong>lilium,</strong></span> 
     </span>
    </p>
   </div>
   <div class='ocr_carea' id='block_1_46' title="bbox 2074 420 3405 503">
    <p class='ocr_par' dir='ltr' id='par_1_46' title="bbox 2074 420 3405 503">
     <span class='ocr_line' id='line_1_46' title="bbox 2074 420 3405 503; baseline 0.012 -28"><span class='ocrx_word' id='word_1_328' title='bbox 2074 420 2134 476; x_wconf 93' lang='lat' dir='ltr'><strong>S.</strong></span> <span class='ocrx_word' id='word_1_329' title='bbox 2164 425 2302 492; x_wconf 87' lang='lat' dir='ltr'><strong>Aug.</strong></span> <span class='ocrx_word' id='word_1_330' title='bbox 2337 423 2404 479; x_wconf 88' lang='lat' dir='ltr'><strong>de</strong></span> <span class='ocrx_word' id='word_1_331' title='bbox 2435 425 2549 480; x_wconf 93' lang='lat' dir='ltr'><strong>Civ.</strong></span> <span class='ocrx_word' id='word_1_332' title='bbox 2579 427 2673 480; x_wconf 90' lang='lat' dir='ltr'><strong>Dei</strong></span> <span class='ocrx_word' id='word_1_333' title='bbox 2717 442 3036 497; x_wconf 88' lang='lat' dir='ltr'><strong>agnoscunt,</strong></span> <span class='ocrx_word' id='word_1_334' title='bbox 3068 449 3132 487; x_wconf 89' lang='lat' dir='ltr'><strong>ac</strong></span> <span class='ocrx_word' id='word_1_335' title='bbox 3161 436 3405 503; x_wconf 89' lang='lat' dir='ltr'><strong>probant.</strong></span> 
     </span>
    </p>
   </div>
   <div class='ocr_carea' id='block_1_47' title="bbox 2122 512 3586 591">
    <p class='ocr_par' dir='ltr' id='par_1_47' title="bbox 2122 512 3586 591">
     <span class='ocr_line' id='line_1_47' title="bbox 2122 512 3586 591; baseline 0.016 -25"><span class='ocrx_word' id='word_1_336' title='bbox 2122 512 2273 568; x_wconf 79' lang='lat' dir='ltr'><strong>&#39;Ibid.</strong></span> <span class='ocrx_word' id='word_1_337' title='bbox 2310 515 2471 584; x_wconf 82' lang='lat' dir='ltr'><strong>Cujus</strong></span> <span class='ocrx_word' id='word_1_338' title='bbox 2521 519 2670 587; x_wconf 80' lang='lat' dir='ltr'><strong>regni</strong></span> <span class='ocrx_word' id='word_1_339' title='bbox 2719 536 2860 574; x_wconf 87' lang='lat' dir='ltr'><strong>anno</strong></span> <span class='ocrx_word' id='word_1_340' title='bbox 2907 521 2979 576; x_wconf 66' lang='lat'><strong>22</strong></span> <span class='ocrx_word' id='word_1_341' title='bbox 3026 536 3184 579; x_wconf 88' lang='lat' dir='ltr'><strong>natus</strong></span> <span class='ocrx_word' id='word_1_342' title='bbox 3229 537 3306 581; x_wconf 78' lang='lat' dir='ltr'><strong>est</strong></span> <span class='ocrx_word' id='word_1_343' title='bbox 3338 533 3586 591; x_wconf 75' lang='lat' dir='ltr'><strong>Abraham.</strong></span> 
     </span>
    </p>
   </div>
   <div class='ocr_carea' id='block_1_48' title="bbox 2068 599 3590 690">
    <p class='ocr_par' dir='ltr' id='par_1_48' title="bbox 2068 599 3590 690">
     <span class='ocr_line' id='line_1_48' title="bbox 2068 599 3590 690; baseline 0.018 -36"><span class='ocrx_word' id='word_1_344' title='bbox 2068 599 2303 658; x_wconf 86' lang='lat' dir='ltr'><strong>Tantum</strong></span> <span class='ocrx_word' id='word_1_345' title='bbox 2334 610 2488 661; x_wconf 87' lang='lat' dir='ltr'><strong>abest</strong></span> <span class='ocrx_word' id='word_1_346' title='bbox 2562 617 2618 662; x_wconf 88' lang='lat' dir='ltr'><strong>ut</strong></span> <span class='ocrx_word' id='word_1_347' title='bbox 2661 610 2919 664; x_wconf 86' lang='lat' dir='ltr'><strong>vicesimo</strong></span> <span class='ocrx_word' id='word_1_348' title='bbox 2953 618 3190 668; x_wconf 85' lang='lat' dir='ltr'><strong>secundo</strong></span> <span class='ocrx_word' id='word_1_349' title='bbox 3231 617 3454 690; x_wconf 78' lang='lat' dir='ltr'><strong>Europis</strong></span> <span class='ocrx_word' id='word_1_350' title='bbox 3477 641 3590 683; x_wconf 87' lang='lat' dir='ltr'><strong>anno</strong></span> 
     </span>
    </p>
   </div>
   <div class='ocr_carea' id='block_1_49' title="bbox 2068 696 3592 784">
    <p class='ocr_par' dir='ltr' id='par_1_49' title="bbox 2068 696 3592 784">
     <span class='ocr_line' id='line_1_49' title="bbox 2068 696 3592 784; baseline 0.016 -39"><span class='ocrx_word' id='word_1_351' title='bbox 2068 701 2226 748; x_wconf 91' lang='lat' dir='ltr'><strong>natus</strong></span> <span class='ocrx_word' id='word_1_352' title='bbox 2253 698 2326 750; x_wconf 88' lang='lat' dir='ltr'><strong>sit</strong></span> <span class='ocrx_word' id='word_1_353' title='bbox 2358 696 2656 762; x_wconf 84' lang='lat' dir='ltr'><strong>Abraham,</strong></span> <span class='ocrx_word' id='word_1_354' title='bbox 2693 709 2750 753; x_wconf 82' lang='lat' dir='ltr'><strong>ut</strong></span> <span class='ocrx_word' id='word_1_355' title='bbox 2779 702 2864 754; x_wconf 91' lang='lat' dir='ltr'><strong>hic</strong></span> <span class='ocrx_word' id='word_1_356' title='bbox 2898 703 3078 770; x_wconf 87' lang='lat' dir='ltr'><strong>p0tius</strong></span> <span class='ocrx_word' id='word_1_357' title='bbox 3113 707 3336 763; x_wconf 82' lang='lat' dir='ltr'><strong>immani</strong></span> <span class='ocrx_word' id='word_1_358' title='bbox 3370 715 3592 784; x_wconf 70' lang='lat' dir='ltr'><strong>quingen-</strong></span> 
     </span>
    </p>
   </div>
   <div class='ocr_carea' id='block_1_50' title="bbox 2067 786 3590 871">
    <p class='ocr_par' dir='ltr' id='par_1_50' title="bbox 2067 786 3590 871">
     <span class='ocr_line' id='line_1_50' title="bbox 2067 786 3590 871; baseline 0.015 -34"><span class='ocrx_word' id='word_1_359' title='bbox 2067 793 2244 839; x_wconf 86' lang='lat' dir='ltr'><strong>torqu</strong></span> <span class='ocrx_word' id='word_1_360' title='bbox 2302 786 2474 842; x_wconf 80' lang='lat' dir='ltr'><strong>ferme</strong></span> <span class='ocrx_word' id='word_1_361' title='bbox 2524 805 2796 844; x_wconf 81' lang='lat' dir='ltr'><strong>annorum</strong></span> <span class='ocrx_word' id='word_1_362' title='bbox 2836 797 3013 868; x_wconf 83' lang='lat' dir='ltr'><strong>spatio</strong></span> <span class='ocrx_word' id='word_1_363' title='bbox 3063 797 3210 851; x_wconf 87' lang='lat' dir='ltr'><strong>illum</strong></span> <span class='ocrx_word' id='word_1_364' title='bbox 3265 811 3590 871; x_wconf 70' lang='lat' dir='ltr'><strong>praecesserit,</strong></span> 
     </span>
    </p>
   </div>
   <div class='ocr_carea' id='block_1_51' title="bbox 2063 877 3594 952">
    <p class='ocr_par' dir='ltr' id='par_1_51' title="bbox 2063 877 3594 952">
     <span class='ocr_line' id='line_1_51' title="bbox 2063 877 3594 952; baseline 0.014 -24"><span class='ocrx_word' id='word_1_365' title='bbox 2063 890 2174 944; x_wconf 90' lang='lat' dir='ltr'><strong>quo</strong></span> <span class='ocrx_word' id='word_1_366' title='bbox 2208 877 2319 945; x_wconf 88' lang='lat' dir='ltr'><strong>jam</strong></span> <span class='ocrx_word' id='word_1_367' title='bbox 2351 885 2597 950; x_wconf 84' lang='lat' dir='ltr'><strong>tempore</strong></span> <span class='ocrx_word' id='word_1_368' title='bbox 2645 881 2875 936; x_wconf 82' lang='lat' dir='ltr'><strong>multum</strong></span> <span class='ocrx_word' id='word_1_369' title='bbox 2915 899 3109 943; x_wconf 77' lang='lat' dir='ltr'><strong>vereor</strong></span> <span class='ocrx_word' id='word_1_370' title='bbox 3151 901 3219 941; x_wconf 86' lang='lat' dir='ltr'><strong>an</strong></span> <span class='ocrx_word' id='word_1_371' title='bbox 3245 894 3529 948; x_wconf 85' lang='lat' dir='ltr'><strong>exstiterint</strong></span> <span class='ocrx_word' id='word_1_372' title='bbox 3552 899 3594 952; x_wconf 88' lang='lat' dir='ltr'><strong>in</strong></span> 
     </span>
    </p>
   </div>
   <div class='ocr_carea' id='block_1_52' title="bbox 2061 965 3594 1052">
    <p class='ocr_par' dir='ltr' id='par_1_52' title="bbox 2061 965 3594 1052">
     <span class='ocr_line' id='line_1_52' title="bbox 2061 965 3594 1052; baseline 0.014 -32"><span class='ocrx_word' id='word_1_373' title='bbox 2061 965 2269 1021; x_wconf 65' lang='lat' dir='ltr'><strong>Graecia</strong></span> <span class='ocrx_word' id='word_1_374' title='bbox 2323 970 2593 1033; x_wconf 90' lang='lat' dir='ltr'><strong>homines,</strong></span> <span class='ocrx_word' id='word_1_375' title='bbox 2659 977 2856 1026; x_wconf 87' lang='lat' dir='ltr'><strong>nedum</strong></span> <span class='ocrx_word' id='word_1_376' title='bbox 2919 990 3108 1043; x_wconf 89' lang='lat' dir='ltr'><strong>regna,</strong></span> <span class='ocrx_word' id='word_1_377' title='bbox 3171 995 3460 1052; x_wconf 83' lang='lat' dir='ltr'><strong>regumque</strong></span> <span class='ocrx_word' id='word_1_378' title='bbox 3492 1004 3594 1042; x_wconf 87' lang='lat' dir='ltr'><strong>suc-</strong></span> 
     </span>
    </p>
   </div>
   <div class='ocr_carea' id='block_1_53' title="bbox 2061 1061 3595 1146">
    <p class='ocr_par' dir='ltr' id='par_1_53' title="bbox 2061 1061 3595 1146">
     <span class='ocr_line' id='line_1_53' title="bbox 2061 1061 3595 1146; baseline 0.012 -31"><span class='ocrx_word' id='word_1_379' title='bbox 2061 1063 2244 1117; x_wconf 87' lang='lat' dir='ltr'><strong>cessio</strong></span> <span class='ocrx_word' id='word_1_380' title='bbox 2274 1061 2545 1120; x_wconf 82' lang='lat' dir='ltr'><strong>instituta.</strong></span> <span class='ocrx_word' id='word_1_381' title='bbox 2581 1063 2693 1119; x_wconf 88' lang='lat' dir='ltr'><strong>Hoc</strong></span> <span class='ocrx_word' id='word_1_382' title='bbox 2725 1077 2903 1120; x_wconf 85' lang='lat' dir='ltr'><strong>tamen</strong></span> <span class='ocrx_word' id='word_1_383' title='bbox 2931 1069 3169 1136; x_wconf 82' lang='lat' dir='ltr'><strong>palmare</strong></span> <span class='ocrx_word' id='word_1_384' title='bbox 3197 1073 3326 1126; x_wconf 87' lang='lat' dir='ltr'><strong>illud</strong></span> <span class='ocrx_word' id='word_1_385' title='bbox 3350 1085 3454 1138; x_wconf 82' lang='lat' dir='ltr'><strong>est,</strong></span> <span class='ocrx_word' id='word_1_386' title='bbox 3478 1081 3595 1146; x_wconf 85' lang='lat' dir='ltr'><strong>quod</strong></span> 
     </span>
    </p>
   </div>
   <div class='ocr_carea' id='block_1_54' title="bbox 2058 1156 3600 1231">
    <p class='ocr_par' dir='ltr' id='par_1_54' title="bbox 2058 1156 3600 1231">
     <span class='ocr_line' id='line_1_54' title="bbox 2058 1156 3600 1231; baseline 0.013 -27"><span class='ocrx_word' id='word_1_387' title='bbox 2058 1162 2303 1207; x_wconf 84' lang='lat' dir='ltr'><strong>astruere</strong></span> <span class='ocrx_word' id='word_1_388' title='bbox 2358 1164 2585 1208; x_wconf 90' lang='lat' dir='ltr'><strong>conatur</strong></span> <span class='ocrx_word' id='word_1_389' title='bbox 2621 1156 2886 1211; x_wconf 84' lang='lat' dir='ltr'><strong>Eusebius</strong></span> <span class='ocrx_word' id='word_1_390' title='bbox 2927 1160 3026 1213; x_wconf 90' lang='lat' dir='ltr'><strong>hoc</strong></span> <span class='ocrx_word' id='word_1_391' title='bbox 3056 1175 3241 1227; x_wconf 80' lang='lat' dir='ltr'><strong>Opere,</strong></span> <span class='ocrx_word' id='word_1_392' title='bbox 3278 1169 3600 1231; x_wconf 82' lang='lat' dir='ltr'><strong>quemadmo-</strong></span> 
     </span>
    </p>
   </div>
   <div class='ocr_carea' id='block_1_55' title="bbox 2057 1244 3602 1320">
    <p class='ocr_par' dir='ltr' id='par_1_55' title="bbox 2057 1244 3602 1320">
     <span class='ocr_line' id='line_1_55' title="bbox 2057 1244 3602 1320; baseline 0.011 -22"><span class='ocrx_word' id='word_1_393' title='bbox 2057 1244 2187 1298; x_wconf 90' lang='lat' dir='ltr'><strong>dum</strong></span> <span class='ocrx_word' id='word_1_394' title='bbox 2221 1245 2272 1298; x_wconf 93' lang='lat' dir='ltr'><strong>iu</strong></span> <span class='ocrx_word' id='word_1_395' title='bbox 2307 1244 2630 1302; x_wconf 62' lang='lat' dir='ltr'><strong>Praefatioue</strong></span> <span class='ocrx_word' id='word_1_396' title='bbox 2666 1249 2916 1318; x_wconf 92' lang='lat' dir='ltr'><strong>pluribus</strong></span> <span class='ocrx_word' id='word_1_397' title='bbox 2959 1251 3259 1307; x_wconf 87' lang='lat' dir='ltr'><strong>edisseruit</strong></span> <span class='ocrx_word' id='word_1_398' title='bbox 3283 1267 3479 1314; x_wconf 78' lang='lat' dir='ltr'><strong>contra</strong></span> <span class='ocrx_word' id='word_1_399' title='bbox 3499 1275 3602 1320; x_wconf 78' lang='lat' dir='ltr'><strong>etu-</strong></span> 
     </span>
    </p>
   </div>
   <div class='ocr_carea' id='block_1_56' title="bbox 2057 1337 3599 1419">
    <p class='ocr_par' dir='ltr' id='par_1_56' title="bbox 2057 1337 3599 1419">
     <span class='ocr_line' id='line_1_56' title="bbox 2057 1337 3599 1419; baseline 0.012 -32"><span class='ocrx_word' id='word_1_400' title='bbox 2057 1337 2454 1391; x_wconf 90' lang='lat' dir='ltr'><strong>ditissimorum</strong></span> <span class='ocrx_word' id='word_1_401' title='bbox 2510 1356 2636 1396; x_wconf 89' lang='lat' dir='ltr'><strong>ante</strong></span> <span class='ocrx_word' id='word_1_402' title='bbox 2670 1356 2730 1395; x_wconf 88' lang='lat' dir='ltr'><strong>se</strong></span> <span class='ocrx_word' id='word_1_403' title='bbox 2767 1341 3063 1396; x_wconf 89' lang='lat' dir='ltr'><strong>hominum.</strong></span> <span class='ocrx_word' id='word_1_404' title='bbox 3104 1351 3435 1402; x_wconf 83' lang='lat' dir='ltr'><strong>sententiam</strong></span> <span class='ocrx_word' id='word_1_405' title='bbox 3475 1367 3599 1419; x_wconf 83' lang='lat' dir='ltr'><strong>:qua</strong></span> 
     </span>
    </p>
   </div>
   <div class='ocr_carea' id='block_1_57' title="bbox 2054 1427 3594 1504">
    <p class='ocr_par' dir='ltr' id='par_1_57' title="bbox 2054 1427 3594 1504">
     <span class='ocr_line' id='line_1_57' title="bbox 2054 1427 3594 1504; baseline 0.01 -27"><span class='ocrx_word' id='word_1_406' title='bbox 2054 1427 2122 1480; x_wconf 90' lang='lat' dir='ltr'><strong>de</strong></span> <span class='ocrx_word' id='word_1_407' title='bbox 2155 1442 2318 1480; x_wconf 90' lang='lat' dir='ltr'><strong>causa</strong></span> <span class='ocrx_word' id='word_1_408' title='bbox 2345 1429 2457 1486; x_wconf 84' lang='lat' dir='ltr'><strong>acri</strong></span> <span class='ocrx_word' id='word_1_409' title='bbox 2488 1446 2607 1483; x_wconf 88' lang='lat' dir='ltr'><strong>eum</strong></span> <span class='ocrx_word' id='word_1_410' title='bbox 2637 1431 2773 1502; x_wconf 78' lang='lat' dir='ltr'><strong>stylo</strong></span> <span class='ocrx_word' id='word_1_411' title='bbox 2799 1432 3085 1504; x_wconf 87' lang='lat' dir='ltr'><strong>Syncellus</strong></span> <span class='ocrx_word' id='word_1_412' title='bbox 3113 1437 3435 1492; x_wconf 87' lang='lat' dir='ltr'><strong>insectatur.</strong></span> <span class='ocrx_word' id='word_1_413' title='bbox 3473 1439 3594 1500; x_wconf 84' lang='lat' dir='ltr'><strong>flau-</strong></span> 
     </span>
    </p>
   </div>
   <div class='ocr_carea' id='block_1_58' title="bbox 2053 1517 3599 1595">
    <p class='ocr_par' dir='ltr' id='par_1_58' title="bbox 2053 1517 3599 1595">
     <span class='ocr_line' id='line_1_58' title="bbox 2053 1517 3599 1595; baseline 0.01 -25"><span class='ocrx_word' id='word_1_414' title='bbox 2053 1517 2121 1570; x_wconf 90' lang='lat' dir='ltr'><strong>sit</strong></span> <span class='ocrx_word' id='word_1_415' title='bbox 2155 1527 2333 1571; x_wconf 85' lang='lat' dir='ltr'><strong>antem</strong></span> <span class='ocrx_word' id='word_1_416' title='bbox 2388 1519 2478 1572; x_wconf 90' lang='lat' dir='ltr'><strong>ille</strong></span> <span class='ocrx_word' id='word_1_417' title='bbox 2529 1531 2732 1575; x_wconf 88' lang='lat' dir='ltr'><strong>tantam</strong></span> <span class='ocrx_word' id='word_1_418' title='bbox 2789 1523 3170 1595; x_wconf 86' lang='lat' dir='ltr'><strong>Sicyoniorum</strong></span> <span class='ocrx_word' id='word_1_419' title='bbox 3234 1539 3599 1595; x_wconf 69' lang='lat' dir='ltr'><strong>vetustatem:</strong></span> 
     </span>
    </p>
   </div>
   <div class='ocr_carea' id='block_1_59' title="bbox 2051 1607 3604 1691">
    <p class='ocr_par' dir='ltr' id='par_1_59' title="bbox 2051 1607 3604 1691">
     <span class='ocr_line' id='line_1_59' title="bbox 2051 1607 3604 1691; baseline 0.01 -29"><span class='ocrx_word' id='word_1_420' title='bbox 2051 1607 2296 1673; x_wconf 80' lang='lat' dir='ltr'><strong>Castore,</strong></span> <span class='ocrx_word' id='word_1_421' title='bbox 2348 1618 2442 1662; x_wconf 88' lang='lat' dir='ltr'><strong>aut</strong></span> <span class='ocrx_word' id='word_1_422' title='bbox 2509 1611 2616 1664; x_wconf 85' lang='lat' dir='ltr'><strong>alio</strong></span> <span class='ocrx_word' id='word_1_423' title='bbox 2646 1617 2898 1683; x_wconf 88' lang='lat' dir='ltr'><strong>quopiam</strong></span> <span class='ocrx_word' id='word_1_424' title='bbox 2929 1616 3231 1673; x_wconf 82' lang='lat' dir='ltr'><strong>fabulatore</strong></span> <span class='ocrx_word' id='word_1_425' title='bbox 3261 1621 3471 1688; x_wconf 68' lang='lat' dir='ltr'><strong>Graeco,</strong></span> <span class='ocrx_word' id='word_1_426' title='bbox 3503 1627 3604 1691; x_wconf 88' lang='lat' dir='ltr'><strong>qui-</strong></span> 
     </span>
    </p>
   </div>
   <div class='ocr_carea' id='block_1_60' title="bbox 1976 1690 3597 1773">
    <p class='ocr_par' dir='ltr' id='par_1_60' title="bbox 1976 1690 3597 1773">
     <span class='ocr_line' id='line_1_60' title="bbox 1976 1690 3597 1773; baseline 0.014 -29"><span class='ocrx_word' id='word_1_427' title='bbox 1976 1690 2019 1744; x_wconf 85' lang='lat' dir='ltr'><strong>B</strong></span> <span class='ocrx_word' id='word_1_428' title='bbox 2047 1696 2149 1751; x_wconf 89' lang='lat' dir='ltr'><strong>bus</strong></span> <span class='ocrx_word' id='word_1_429' title='bbox 2182 1697 2370 1752; x_wconf 89' lang='lat' dir='ltr'><strong>faciles</strong></span> <span class='ocrx_word' id='word_1_430' title='bbox 2399 1699 2631 1752; x_wconf 91' lang='lat' dir='ltr'><strong>nimium</strong></span> <span class='ocrx_word' id='word_1_431' title='bbox 2661 1717 2818 1756; x_wconf 83' lang='lat' dir='ltr'><strong>aures</strong></span> <span class='ocrx_word' id='word_1_432' title='bbox 2843 1706 3096 1773; x_wconf 65' lang='lat' dir='ltr'><strong>prtebuit.</strong></span> <span class='ocrx_word' id='word_1_433' title='bbox 3128 1708 3328 1763; x_wconf 76' lang='lat' dir='ltr'><strong>Verum</strong></span> <span class='ocrx_word' id='word_1_434' title='bbox 3361 1690 3597 1766; x_wconf 77' lang='lat' dir='ltr'><strong>historica</strong></span> 
     </span>
    </p>
   </div>
   <div class='ocr_carea' id='block_1_61' title="bbox 2050 1789 3601 1860">
    <p class='ocr_par' dir='ltr' id='par_1_61' title="bbox 2050 1789 3601 1860">
     <span class='ocr_line' id='line_1_61' title="bbox 2050 1789 3601 1860; baseline 0.012 -19"><span class='ocrx_word' id='word_1_435' title='bbox 2050 1789 2323 1858; x_wconf 76' lang='lat' dir='ltr'><strong>analogia,</strong></span> <span class='ocrx_word' id='word_1_436' title='bbox 2349 1805 2412 1844; x_wconf 91' lang='lat' dir='ltr'><strong>ac</strong></span> <span class='ocrx_word' id='word_1_437' title='bbox 2438 1802 2678 1847; x_wconf 83' lang='lat' dir='ltr'><strong>veterum</strong></span> <span class='ocrx_word' id='word_1_438' title='bbox 2703 1798 2942 1852; x_wconf 85' lang='lat' dir='ltr'><strong>melioris</strong></span> <span class='ocrx_word' id='word_1_439' title='bbox 2971 1812 3111 1855; x_wconf 76' lang='lat' dir='ltr'><strong>noue</strong></span> <span class='ocrx_word' id='word_1_440' title='bbox 3139 1811 3428 1858; x_wconf 88' lang='lat' dir='ltr'><strong>auctorum</strong></span> <span class='ocrx_word' id='word_1_441' title='bbox 3474 1809 3601 1860; x_wconf 86' lang='lat' dir='ltr'><strong>testi-</strong></span> 
     </span>
    </p>
   </div>
   <div class='ocr_carea' id='block_1_62' title="bbox 2047 1882 3601 1957">
    <p class='ocr_par' dir='ltr' id='par_1_62' title="bbox 2047 1882 3601 1957">
     <span class='ocr_line' id='line_1_62' title="bbox 2047 1882 3601 1957; baseline 0.013 -25"><span class='ocrx_word' id='word_1_442' title='bbox 2047 1882 2230 1933; x_wconf 81' lang='lat' dir='ltr'><strong>nmnia</strong></span> <span class='ocrx_word' id='word_1_443' title='bbox 2282 1885 2544 1951; x_wconf 78' lang='lat' dir='ltr'><strong>probant,</strong></span> <span class='ocrx_word' id='word_1_444' title='bbox 2586 1887 2705 1954; x_wconf 85' lang='lat' dir='ltr'><strong>ejus</strong></span> <span class='ocrx_word' id='word_1_445' title='bbox 2753 1890 2906 1957; x_wconf 80' lang='lat' dir='ltr'><strong>regni</strong></span> <span class='ocrx_word' id='word_1_446' title='bbox 2961 1892 3178 1946; x_wconf 91' lang='lat' dir='ltr'><strong>initium</strong></span> <span class='ocrx_word' id='word_1_447' title='bbox 3233 1897 3300 1949; x_wconf 89' lang='lat' dir='ltr'><strong>ad</strong></span> <span class='ocrx_word' id='word_1_448' title='bbox 3351 1897 3601 1952; x_wconf 82' lang='lat' dir='ltr'><strong>Phoronei</strong></span> 
     </span>
    </p>
   </div>
   <div class='ocr_carea' id='block_1_63' title="bbox 2043 1969 3603 2054">
    <p class='ocr_par' dir='ltr' id='par_1_63' title="bbox 2043 1969 3603 2054">
     <span class='ocr_line' id='line_1_63' title="bbox 2043 1969 3603 2054; baseline 0.014 -33"><span class='ocrx_word' id='word_1_449' title='bbox 2043 1969 2263 2024; x_wconf 87' lang='lat' dir='ltr'><strong>demum</strong></span> <span class='ocrx_word' id='word_1_450' title='bbox 2335 1981 2580 2042; x_wconf 88' lang='lat' dir='ltr'><strong>tempora</strong></span> <span class='ocrx_word' id='word_1_451' title='bbox 2638 1975 2982 2034; x_wconf 83' lang='lat' dir='ltr'><strong>referendum</strong></span> <span class='ocrx_word' id='word_1_452' title='bbox 3033 1996 3051 2037; x_wconf 87' lang='lat'><strong>:</strong></span> <span class='ocrx_word' id='word_1_453' title='bbox 3112 1984 3272 2054; x_wconf 88' lang='lat' dir='ltr'><strong>cujus</strong></span> <span class='ocrx_word' id='word_1_454' title='bbox 3336 1992 3603 2048; x_wconf 66' lang='lat' dir='ltr'><strong>sententias</strong></span> 
     </span>
    </p>
   </div>
   <div class='ocr_carea' id='block_1_64' title="bbox 2041 2063 3605 2148">
    <p class='ocr_par' dir='ltr' id='par_1_64' title="bbox 2041 2063 3605 2148">
     <span class='ocr_line' id='line_1_64' title="bbox 2041 2063 3605 2148; baseline 0.013 -36"><span class='ocrx_word' id='word_1_455' title='bbox 2041 2075 2257 2117; x_wconf 84' lang='lat' dir='ltr'><strong>summa</strong></span> <span class='ocrx_word' id='word_1_456' title='bbox 2292 2063 2406 2118; x_wconf 63' lang='lat' dir='ltr'><strong>hinc</strong></span> <span class='ocrx_word' id='word_1_457' title='bbox 2453 2076 2535 2120; x_wconf 91' lang='lat' dir='ltr'><strong>est</strong></span> <span class='ocrx_word' id='word_1_458' title='bbox 2570 2068 2755 2148; x_wconf 83' lang='lat' dir='ltr'><strong>ratio:</strong></span> <span class='ocrx_word' id='word_1_459' title='bbox 2797 2069 3106 2140; x_wconf 61' lang='lat' dir='ltr'><strong>Egialeus,</strong></span> <span class='ocrx_word' id='word_1_460' title='bbox 3177 2091 3339 2145; x_wconf 89' lang='lat' dir='ltr'><strong>quem</strong></span> <span class='ocrx_word' id='word_1_461' title='bbox 3391 2079 3605 2148; x_wconf 82' lang='lat' dir='ltr'><strong>primunt</strong></span> 
     </span>
    </p>
   </div>
   <div class='ocr_carea' id='block_1_65' title="bbox 2043 2146 3608 2233">
    <p class='ocr_par' dir='ltr' id='par_1_65' title="bbox 2043 2146 3608 2233">
     <span class='ocr_line' id='line_1_65' title="bbox 2043 2146 3608 2233; baseline 0.014 -29"><span class='ocrx_word' id='word_1_462' title='bbox 2043 2149 2319 2221; x_wconf 83' lang='lat' dir='ltr'><strong>Sicyoniis</strong></span> <span class='ocrx_word' id='word_1_463' title='bbox 2349 2154 2670 2225; x_wconf 85' lang='lat' dir='ltr'><strong>imperasse,</strong></span> <span class='ocrx_word' id='word_1_464' title='bbox 2701 2146 2767 2215; x_wconf 89' lang='lat' dir='ltr'><strong>ne</strong></span> <span class='ocrx_word' id='word_1_465' title='bbox 2799 2161 2914 2232; x_wconf 86' lang='lat' dir='ltr'><strong>ipse</strong></span> <span class='ocrx_word' id='word_1_466' title='bbox 2939 2166 3158 2233; x_wconf 88' lang='lat' dir='ltr'><strong>quidem</strong></span> <span class='ocrx_word' id='word_1_467' title='bbox 3189 2146 3608 2225; x_wconf 42' lang='lat' dir='ltr'><strong>Eusebius&#39;dilli-</strong></span> 
     </span>
    </p>
   </div>
   <div class='ocr_carea' id='block_1_66' title="bbox 2042 2243 3606 2323">
    <p class='ocr_par' dir='ltr' id='par_1_66' title="bbox 2042 2243 3606 2323">
     <span class='ocr_line' id='line_1_66' title="bbox 2042 2243 3606 2323; baseline 0.014 -29"><span class='ocrx_word' id='word_1_468' title='bbox 2042 2249 2208 2309; x_wconf 87' lang='lat' dir='ltr'><strong>telur,</strong></span> <span class='ocrx_word' id='word_1_469' title='bbox 2270 2243 2414 2301; x_wconf 87' lang='lat' dir='ltr'><strong>filius</strong></span> <span class='ocrx_word' id='word_1_470' title='bbox 2470 2247 2572 2302; x_wconf 89' lang='lat' dir='ltr'><strong>fuit</strong></span> <span class='ocrx_word' id='word_1_471' title='bbox 2609 2248 2795 2305; x_wconf 90' lang='lat' dir='ltr'><strong>Inachi</strong></span> <span class='ocrx_word' id='word_1_472' title='bbox 2847 2269 2915 2308; x_wconf 84' lang='lat' dir='ltr'><strong>ex</strong></span> <span class='ocrx_word' id='word_1_473' title='bbox 2967 2254 3208 2323; x_wconf 77' lang='lat' dir='ltr'><strong>Melissa,</strong></span> <span class='ocrx_word' id='word_1_474' title='bbox 3259 2270 3314 2312; x_wconf 89' lang='lat' dir='ltr'><strong>et</strong></span> <span class='ocrx_word' id='word_1_475' title='bbox 3347 2261 3606 2316; x_wconf 85' lang='lat' dir='ltr'><strong>Phoronei</strong></span> 
     </span>
    </p>
   </div>
   <div class='ocr_carea' id='block_1_67' title="bbox 2039 2332 3605 2420">
    <p class='ocr_par' dir='ltr' id='par_1_67' title="bbox 2039 2332 3605 2420">
     <span class='ocr_line' id='line_1_67' title="bbox 2039 2332 3605 2420; baseline 0.014 -34"><span class='ocrx_word' id='word_1_476' title='bbox 2039 2332 2227 2402; x_wconf 85' lang='lat' dir='ltr'><strong>frater,</strong></span> <span class='ocrx_word' id='word_1_477' title='bbox 2299 2339 2442 2406; x_wconf 91' lang='lat' dir='ltr'><strong>quod</strong></span> <span class='ocrx_word' id='word_1_478' title='bbox 2481 2340 2908 2400; x_wconf 76' lang='lat' dir='ltr'><strong>luculentissima</strong></span> <span class='ocrx_word' id='word_1_479' title='bbox 2955 2348 3118 2403; x_wconf 88' lang='lat' dir='ltr'><strong>tradit</strong></span> <span class='ocrx_word' id='word_1_480' title='bbox 3143 2351 3502 2420; x_wconf 87' lang='lat' dir='ltr'><strong>Apollodorus</strong></span> <span class='ocrx_word' id='word_1_481' title='bbox 3533 2353 3605 2407; x_wconf 86' lang='lat' dir='ltr'><strong>Bi-</strong></span> 
     </span>
    </p>
   </div>
   <div class='ocr_carea' id='block_1_68' title="bbox 2039 2425 3604 2509">
    <p class='ocr_par' dir='ltr' id='par_1_68' title="bbox 2039 2425 3604 2509">
     <span class='ocr_line' id='line_1_68' title="bbox 2039 2425 3604 2509; baseline 0.01 -29"><span class='ocrx_word' id='word_1_482' title='bbox 2039 2425 2305 2484; x_wconf 88' lang='lat' dir='ltr'><strong>bliothcc.</strong></span> <span class='ocrx_word' id='word_1_483' title='bbox 2341 2431 2438 2486; x_wconf 90' lang='lat' dir='ltr'><strong>lib.</strong></span> <span class='ocrx_word' id='word_1_484' title='bbox 2467 2449 2526 2497; x_wconf 88' lang='grc' dir='ltr'><strong>ιι,</strong></span> <span class='ocrx_word' id='word_1_485' title='bbox 2561 2433 2719 2488; x_wconf 92' lang='lat' dir='ltr'><strong>initio</strong></span> <span class='ocrx_word' id='word_1_486' title='bbox 2749 2452 2763 2488; x_wconf 87' lang='lat'><strong>:</strong></span> <span class='ocrx_word' id='word_1_487' title='bbox 2791 2452 2858 2490; x_wconf 90' lang='lat' dir='ltr'><strong>ne</strong></span> <span class='ocrx_word' id='word_1_488' title='bbox 2885 2437 2954 2492; x_wconf 88' lang='lat' dir='ltr'><strong>de</strong></span> <span class='ocrx_word' id='word_1_489' title='bbox 2975 2427 3227 2509; x_wconf 82' lang='lat' dir='ltr'><strong>Syncello</strong></span> <span class='ocrx_word' id='word_1_490' title='bbox 3253 2460 3395 2497; x_wconf 90' lang='lat' dir='ltr'><strong>nunc</strong></span> <span class='ocrx_word' id='word_1_491' title='bbox 3417 2447 3604 2507; x_wconf 81' lang='lat' dir='ltr'><strong>dicam,</strong></span> 
     </span>
    </p>
   </div>
   <div class='ocr_carea' id='block_1_69' title="bbox 2037 2519 3605 2599">
    <p class='ocr_par' dir='ltr' id='par_1_69' title="bbox 2037 2519 3605 2599">
     <span class='ocr_line' id='line_1_69' title="bbox 2037 2519 3605 2599; baseline 0.013 -29"><span class='ocrx_word' id='word_1_492' title='bbox 2037 2519 2128 2586; x_wconf 88' lang='lat' dir='ltr'><strong>qui</strong></span> <span class='ocrx_word' id='word_1_493' title='bbox 2187 2520 2349 2588; x_wconf 87' lang='lat' dir='ltr'><strong>paulo</strong></span> <span class='ocrx_word' id='word_1_494' title='bbox 2376 2524 2566 2594; x_wconf 86' lang='lat' dir='ltr'><strong>serius</strong></span> <span class='ocrx_word' id='word_1_495' title='bbox 2602 2525 2780 2593; x_wconf 87' lang='lat' dir='ltr'><strong>ipsum</strong></span> <span class='ocrx_word' id='word_1_496' title='bbox 2827 2528 3135 2598; x_wconf 68' lang='lat' dir='ltr'><strong>A’Sgialeum</strong></span> <span class='ocrx_word' id='word_1_497' title='bbox 3187 2534 3398 2599; x_wconf 76' lang='lat' dir='ltr'><strong>diﬂert,</strong></span> <span class='ocrx_word' id='word_1_498' title='bbox 3435 2537 3605 2592; x_wconf 87' lang='lat' dir='ltr'><strong>Inachi</strong></span> 
     </span>
    </p>
   </div>
   <div class='ocr_carea' id='block_1_70' title="bbox 2037 2611 3607 2698">
    <p class='ocr_par' dir='ltr' id='par_1_70' title="bbox 2037 2611 3607 2698">
     <span class='ocr_line' id='line_1_70' title="bbox 2037 2611 3607 2698; baseline 0.013 -36"><span class='ocrx_word' id='word_1_499' title='bbox 2037 2611 2254 2677; x_wconf 89' lang='lat' dir='ltr'><strong>quidem</strong></span> <span class='ocrx_word' id='word_1_500' title='bbox 2290 2611 2458 2668; x_wconf 82' lang='lat' dir='ltr'><strong>illium</strong></span> <span class='ocrx_word' id='word_1_501' title='bbox 2493 2632 2617 2670; x_wconf 90' lang='lat' dir='ltr'><strong>eum</strong></span> <span class='ocrx_word' id='word_1_502' title='bbox 2683 2623 2994 2688; x_wconf 82' lang='lat' dir='ltr'><strong>asserendo,</strong></span> <span class='ocrx_word' id='word_1_503' title='bbox 3027 2625 3120 2679; x_wconf 88' lang='lat' dir='ltr'><strong>sed</strong></span> <span class='ocrx_word' id='word_1_504' title='bbox 3149 2624 3376 2682; x_wconf 85' lang='lat' dir='ltr'><strong>fratrem</strong></span> <span class='ocrx_word' id='word_1_505' title='bbox 3407 2630 3607 2698; x_wconf 79' lang='lat' dir='ltr'><strong>Apidis,</strong></span> 
     </span>
    </p>
   </div>
   <div class='ocr_carea' id='block_1_71' title="bbox 2036 2700 3602 2774">
    <p class='ocr_par' dir='ltr' id='par_1_71' title="bbox 2036 2700 3602 2774">
     <span class='ocr_line' id='line_1_71' title="bbox 2036 2700 3602 2774; baseline 0.013 -22"><span class='ocrx_word' id='word_1_506' title='bbox 2036 2701 2130 2770; x_wconf 87' lang='lat' dir='ltr'><strong>qui</strong></span> <span class='ocrx_word' id='word_1_507' title='bbox 2185 2700 2456 2760; x_wconf 89' lang='lat' dir='ltr'><strong>Phoronei</strong></span> <span class='ocrx_word' id='word_1_508' title='bbox 2495 2707 2638 2763; x_wconf 89' lang='lat' dir='ltr'><strong>filius</strong></span> <span class='ocrx_word' id='word_1_509' title='bbox 2691 2710 2792 2763; x_wconf 87' lang='lat' dir='ltr'><strong>fuit</strong></span> <span class='ocrx_word' id='word_1_510' title='bbox 2827 2723 2883 2766; x_wconf 92' lang='lat' dir='ltr'><strong>et</strong></span> <span class='ocrx_word' id='word_1_511' title='bbox 2925 2729 3236 2771; x_wconf 87' lang='lat' dir='ltr'><strong>successor.</strong></span> <span class='ocrx_word' id='word_1_512' title='bbox 3280 2717 3448 2774; x_wconf 79' lang='lat' dir='ltr'><strong>Porro</strong></span> <span class='ocrx_word' id='word_1_513' title='bbox 3495 2720 3602 2774; x_wconf 84' lang='lat' dir='ltr'><strong>lna-</strong></span> 
     </span>
    </p>
   </div>
   <div class='ocr_carea' id='block_1_72' title="bbox 2043 2791 3606 2880">
    <p class='ocr_par' dir='ltr' id='par_1_72' title="bbox 2043 2791 3606 2880">
     <span class='ocr_line' id='line_1_72' title="bbox 2043 2791 3606 2880; baseline 0.013 -36"><span class='ocrx_word' id='word_1_514' title='bbox 2043 2791 2210 2845; x_wconf 89' lang='lat' dir='ltr'><strong>chum</strong></span> <span class='ocrx_word' id='word_1_515' title='bbox 2247 2791 2502 2851; x_wconf 82' lang='lat' dir='ltr'><strong>Justinus</strong></span> <span class='ocrx_word' id='word_1_516' title='bbox 2529 2797 2756 2870; x_wconf 78' lang='lat' dir='ltr'><strong>Martyr,</strong></span> <span class='ocrx_word' id='word_1_517' title='bbox 2786 2800 3049 2859; x_wconf 85' lang='lat' dir='ltr'><strong>Tatianus</strong></span> <span class='ocrx_word' id='word_1_518' title='bbox 3071 2803 3382 2873; x_wconf 82' lang='lat' dir='ltr'><strong>Africanus,</strong></span> <span class='ocrx_word' id='word_1_519' title='bbox 3416 2798 3606 2880; x_wconf 81' lang='lat' dir='ltr'><strong>aliique</strong></span> 
     </span>
    </p>
   </div>
   <div class='ocr_carea' id='block_1_73' title="bbox 2045 2881 3602 2968">
    <p class='ocr_par' dir='ltr' id='par_1_73' title="bbox 2045 2881 3602 2968">
     <span class='ocr_line' id='line_1_73' title="bbox 2045 2881 3602 2968; baseline 0.013 -36"><span class='ocrx_word' id='word_1_520' title='bbox 2045 2881 2375 2937; x_wconf 79' lang='lat' dir='ltr'><strong>vetustiores</strong></span> <span class='ocrx_word' id='word_1_521' title='bbox 2423 2884 2661 2940; x_wconf 88' lang='lat' dir='ltr'><strong>Eusebio</strong></span> <span class='ocrx_word' id='word_1_522' title='bbox 2715 2887 3043 2961; x_wconf 86' lang='lat' dir='ltr'><strong>Cbronologi</strong></span> <span class='ocrx_word' id='word_1_523' title='bbox 3103 2909 3396 2964; x_wconf 87' lang='lat' dir='ltr'><strong>supparem</strong></span> <span class='ocrx_word' id='word_1_524' title='bbox 3444 2888 3602 2968; x_wconf 81' lang='lat' dir='ltr'><strong>Moysi</strong></span> 
     </span>
    </p>
   </div>
   <div class='ocr_carea' id='block_1_74' title="bbox 2043 2971 3604 3043">
    <p class='ocr_par' dir='ltr' id='par_1_74' title="bbox 2043 2971 3604 3043">
     <span class='ocr_line' id='line_1_74' title="bbox 2043 2971 3604 3043; baseline 0.012 -18"><span class='ocrx_word' id='word_1_525' title='bbox 2043 2971 2248 3028; x_wconf 87' lang='lat' dir='ltr'><strong>faciunt</strong></span> <span class='ocrx_word' id='word_1_526' title='bbox 2291 2990 2307 3030; x_wconf 86' lang='lat'><strong>:</strong></span> <span class='ocrx_word' id='word_1_527' title='bbox 2343 2991 2407 3031; x_wconf 87' lang='lat' dir='ltr'><strong>ac</strong></span> <span class='ocrx_word' id='word_1_528' title='bbox 2455 2979 2660 3034; x_wconf 86' lang='lat' dir='ltr'><strong>diserte</strong></span> <span class='ocrx_word' id='word_1_529' title='bbox 2708 2981 2960 3037; x_wconf 88' lang='lat' dir='ltr'><strong>Clemens</strong></span> <span class='ocrx_word' id='word_1_530' title='bbox 3015 2984 3421 3042; x_wconf 85' lang='lat' dir='ltr'><strong>Alexandrinus</strong></span> <span class='ocrx_word' id='word_1_531' title='bbox 3474 2990 3604 3043; x_wconf 87' lang='lat' dir='ltr'><strong>lib.t</strong></span> 
     </span>
    </p>
   </div>
   <div class='ocr_carea' id='block_1_75' title="bbox 2038 3062 3602 3150">
    <p class='ocr_par' dir='ltr' id='par_1_75' title="bbox 2038 3062 3602 3150">
     <span class='ocr_line' id='line_1_75' title="bbox 2038 3062 3602 3150; baseline 0.012 -34"><span class='ocrx_word' id='word_1_532' title='bbox 2038 3062 2401 3130; x_wconf 88' lang='lat' dir='ltr'><strong>Stromatum,</strong></span> <span class='ocrx_word' id='word_1_533' title='bbox 2441 3083 2564 3122; x_wconf 91' lang='lat' dir='ltr'><strong>cum</strong></span> <span class='ocrx_word' id='word_1_534' title='bbox 2600 3072 2803 3125; x_wconf 74' lang='lat' dir='ltr'><strong>exitum</strong></span> <span class='ocrx_word' id='word_1_535' title='bbox 2853 3074 3204 3132; x_wconf 70' lang='lat' dir='ltr'><strong>Hebraeorum</strong></span> <span class='ocrx_word' id='word_1_536' title='bbox 3253 3094 3318 3132; x_wconf 86' lang='lat' dir='ltr'><strong>ex</strong></span> <span class='ocrx_word' id='word_1_537' title='bbox 3359 3079 3602 3150; x_wconf 66' lang='lat' dir='ltr'><strong>Egypto,</strong></span> 
     </span>
    </p>
   </div>
   <div class='ocr_carea' id='block_1_76' title="bbox 2034 3155 3600 3242">
    <p class='ocr_par' dir='ltr' id='par_1_76' title="bbox 2034 3155 3600 3242">
     <span class='ocr_line' id='line_1_76' title="bbox 2034 3155 3600 3242; baseline 0.011 -32"><span class='ocrx_word' id='word_1_538' title='bbox 2034 3155 2174 3212; x_wconf 88' lang='lat' dir='ltr'><strong>duce</strong></span> <span class='ocrx_word' id='word_1_539' title='bbox 2213 3160 2430 3228; x_wconf 82' lang='lat' dir='ltr'><strong>Moyse,</strong></span> <span class='ocrx_word' id='word_1_540' title='bbox 2469 3165 2536 3214; x_wconf 88' lang='lat' dir='ltr'><strong>ad</strong></span> <span class='ocrx_word' id='word_1_541' title='bbox 2573 3173 2820 3232; x_wconf 84' lang='lat' dir='ltr'><strong>tempora</strong></span> <span class='ocrx_word' id='word_1_542' title='bbox 2867 3167 3134 3222; x_wconf 89' lang='lat' dir='ltr'><strong>Amoseos</strong></span> <span class='ocrx_word' id='word_1_543' title='bbox 3180 3170 3398 3240; x_wconf 71' lang='lat' dir='ltr'><strong>AEgypti</strong></span> <span class='ocrx_word' id='word_1_544' title='bbox 3446 3173 3600 3242; x_wconf 83' lang='lat' dir='ltr'><strong>regis,</strong></span> 
     </span>
    </p>
   </div>
   <div class='ocr_carea' id='block_1_77' title="bbox 2033 3247 3602 3332">
    <p class='ocr_par' dir='ltr' id='par_1_77' title="bbox 2033 3247 3602 3332">
     <span class='ocr_line' id='line_1_77' title="bbox 2033 3247 3602 3332; baseline 0.01 -28"><span class='ocrx_word' id='word_1_545' title='bbox 2033 3257 2088 3304; x_wconf 89' lang='lat' dir='ltr'><strong>et</strong></span> <span class='ocrx_word' id='word_1_546' title='bbox 2121 3247 2306 3306; x_wconf 86' lang='lat' dir='ltr'><strong>Inachi</strong></span> <span class='ocrx_word' id='word_1_547' title='bbox 2353 3254 2540 3322; x_wconf 79' lang='lat' dir='ltr'><strong>Argivi</strong></span> <span class='ocrx_word' id='word_1_548' title='bbox 2579 3258 2878 3321; x_wconf 88' lang='lat' dir='ltr'><strong>retulisset,</strong></span> <span class='ocrx_word' id='word_1_549' title='bbox 2910 3261 3060 3316; x_wconf 81' lang='lat' dir='ltr'><strong>addit</strong></span> <span class='ocrx_word' id='word_1_550' title='bbox 3093 3279 3111 3322; x_wconf 84' lang='lat'><strong>:</strong></span> <span class='ocrx_word' id='word_1_551' title='bbox 3146 3261 3375 3332; x_wconf 70' lang='lat' dir='ltr'><strong>Erstitit</strong></span> <span class='ocrx_word' id='word_1_552' title='bbox 3435 3277 3602 3320; x_wconf 66' lang='lat' dir='ltr'><strong>autem</strong></span> 
     </span>
    </p>
   </div>
   <div class='ocr_carea' id='block_1_78' title="bbox 2032 3341 3597 3427">
    <p class='ocr_par' dir='ltr' id='par_1_78' title="bbox 2032 3341 3597 3427">
     <span class='ocr_line' id='line_1_78' title="bbox 2032 3341 3597 3427; baseline 0.012 -33"><span class='ocrx_word' id='word_1_553' title='bbox 2032 3341 2088 3396; x_wconf 86' lang='lat' dir='ltr'><strong>in</strong></span> <span class='ocrx_word' id='word_1_554' title='bbox 2119 3341 2330 3400; x_wconf 66' lang='lat' dir='ltr'><strong>Gracia</strong></span> <span class='ocrx_word' id='word_1_555' title='bbox 2355 3355 2586 3412; x_wconf 82' lang='lat' dir='ltr'><strong>tempore</strong></span> <span class='ocrx_word' id='word_1_556' title='bbox 2616 3347 2900 3415; x_wconf 83' lang='lat' dir='ltr'><strong>Phoronei,</strong></span> <span class='ocrx_word' id='word_1_557' title='bbox 2935 3355 3025 3422; x_wconf 81' lang='lat' dir='ltr'><strong>qui</strong></span> <span class='ocrx_word' id='word_1_558' title='bbox 3046 3365 3162 3420; x_wconf 80' lang='lat' dir='ltr'><strong>post</strong></span> <span class='ocrx_word' id='word_1_559' title='bbox 3193 3353 3456 3410; x_wconf 77' lang='lat' dir='ltr'><strong>Inachum</strong></span> <span class='ocrx_word' id='word_1_560' title='bbox 3483 3360 3597 3427; x_wconf 64' lang='lat' dir='ltr'><strong>fuit,</strong></span> 
     </span>
    </p>
   </div>
   <div class='ocr_carea' id='block_1_79' title="bbox 2033 3434 3591 3521">
    <p class='ocr_par' dir='ltr' id='par_1_79' title="bbox 2033 3434 3591 3521">
     <span class='ocr_line' id='line_1_79' title="bbox 2033 3434 3591 3521; baseline 0.013 -35"><span class='ocrx_word' id='word_1_561' title='bbox 2033 3434 2288 3488; x_wconf 74' lang='lat' dir='ltr'><strong>diluvium</strong></span> <span class='ocrx_word' id='word_1_562' title='bbox 2335 3438 2618 3508; x_wconf 82' lang='lat' dir='ltr'><strong>Ogygium,</strong></span> <span class='ocrx_word' id='word_1_563' title='bbox 2661 3450 2711 3495; x_wconf 78' lang='lat' dir='ltr'><strong>et</strong></span> <span class='ocrx_word' id='word_1_564' title='bbox 2744 3458 2963 3512; x_wconf 86' lang='lat' dir='ltr'><strong>regnum</strong></span> <span class='ocrx_word' id='word_1_565' title='bbox 2999 3445 3264 3516; x_wconf 71' lang='lat' dir='ltr'><strong>Sicyonis,</strong></span> <span class='ocrx_word' id='word_1_566' title='bbox 3296 3451 3452 3518; x_wconf 86' lang='lat' dir='ltr'><strong>cujus</strong></span> <span class='ocrx_word' id='word_1_567' title='bbox 3485 3451 3591 3521; x_wconf 81' lang='lat' dir='ltr'><strong>pri-</strong></span> 
     </span>
    </p>
   </div>
   <div class='ocr_carea' id='block_1_80' title="bbox 2032 3526 3596 3606">
    <p class='ocr_par' dir='ltr' id='par_1_80' title="bbox 2032 3526 3596 3606">
     <span class='ocr_line' id='line_1_80' title="bbox 2032 3526 3596 3606; baseline 0.012 -31"><span class='ocrx_word' id='word_1_568' title='bbox 2032 3538 2149 3576; x_wconf 87' lang='lat' dir='ltr'><strong>mus</strong></span> <span class='ocrx_word' id='word_1_569' title='bbox 2184 3540 2274 3578; x_wconf 75' lang='lat' dir='ltr'><strong>rex</strong></span> <span class='ocrx_word' id='word_1_570' title='bbox 2325 3526 2425 3594; x_wconf 81' lang='lat' dir='ltr'><strong>{uit</strong></span> <span class='ocrx_word' id='word_1_571' title='bbox 2465 3527 2763 3597; x_wconf 47' lang='lat' dir='ltr'><strong>{Egialeua</strong></span> <span class='ocrx_word' id='word_1_572' title='bbox 2803 3529 2918 3586; x_wconf 87' lang='lat' dir='ltr'><strong>lloc</strong></span> <span class='ocrx_word' id='word_1_573' title='bbox 2958 3549 3120 3602; x_wconf 89' lang='lat' dir='ltr'><strong>porro</strong></span> <span class='ocrx_word' id='word_1_574' title='bbox 3164 3538 3390 3606; x_wconf 85' lang='lat' dir='ltr'><strong>propius</strong></span> <span class='ocrx_word' id='word_1_575' title='bbox 3440 3542 3596 3594; x_wconf 90' lang='lat' dir='ltr'><strong>multo</strong></span> 
     </span>
    </p>
   </div>
   <div class='ocr_carea' id='block_1_81' title="bbox 2029 3615 3595 3701">
    <p class='ocr_par' dir='ltr' id='par_1_81' title="bbox 2029 3615 3595 3701">
     <span class='ocr_line' id='line_1_81' title="bbox 2029 3615 3595 3701; baseline 0.013 -35"><span class='ocrx_word' id='word_1_576' title='bbox 2029 3622 2117 3667; x_wconf 88' lang='lat' dir='ltr'><strong>est</strong></span> <span class='ocrx_word' id='word_1_577' title='bbox 2145 3616 2210 3667; x_wconf 88' lang='lat' dir='ltr'><strong>ad</strong></span> <span class='ocrx_word' id='word_1_578' title='bbox 2231 3615 2426 3700; x_wconf 32' lang='lat' dir='ltr'><strong>.lldcm,</strong></span> <span class='ocrx_word' id='word_1_579' title='bbox 2453 3635 2617 3687; x_wconf 89' lang='lat' dir='ltr'><strong>quam</strong></span> <span class='ocrx_word' id='word_1_580' title='bbox 2650 3624 2794 3691; x_wconf 91' lang='lat' dir='ltr'><strong>quod</strong></span> <span class='ocrx_word' id='word_1_581' title='bbox 2823 3625 3092 3681; x_wconf 90' lang='lat' dir='ltr'><strong>Eusebius</strong></span> <span class='ocrx_word' id='word_1_582' title='bbox 3113 3638 3301 3684; x_wconf 82' lang='lat' dir='ltr'><strong>contra</strong></span> <span class='ocrx_word' id='word_1_583' title='bbox 3334 3645 3595 3701; x_wconf 84' lang='lat' dir='ltr'><strong>receptam</strong></span> 
     </span>
    </p>
   </div>
   <div class='ocr_carea' id='block_1_82' title="bbox 2029 3693 3594 3777">
    <p class='ocr_par' dir='ltr' id='par_1_82' title="bbox 2029 3693 3594 3777">
     <span class='ocr_line' id='line_1_82' title="bbox 2029 3693 3594 3777; baseline 0.012 -19"><span class='ocrx_word' id='word_1_584' title='bbox 2029 3693 2396 3774; x_wconf 83' lang='lat' dir='ltr'><strong>antiquiorum</strong></span> <span class='ocrx_word' id='word_1_585' title='bbox 2453 3717 2783 3768; x_wconf 85' lang='lat' dir='ltr'><strong>sententiam</strong></span> <span class='ocrx_word' id='word_1_586' title='bbox 2842 3720 3303 3775; x_wconf 86' lang='lat' dir='ltr'><strong>comminiscitur.</strong></span> <span class='ocrx_word' id='word_1_587' title='bbox 3356 3723 3414 3776; x_wconf 91' lang='lat' dir='ltr'><strong>In</strong></span> <span class='ocrx_word' id='word_1_588' title='bbox 3471 3723 3594 3777; x_wconf 80' lang='lat' dir='ltr'><strong>Par-</strong></span> 
     </span>
    </p>
   </div>
   <div class='ocr_carea' id='block_1_83' title="bbox 2030 3797 3598 3874">
    <p class='ocr_par' dir='ltr' id='par_1_83' title="bbox 2030 3797 3598 3874">
     <span class='ocr_line' id='line_1_83' title="bbox 2030 3797 3598 3874; baseline 0.013 -27"><span class='ocrx_word' id='word_1_589' title='bbox 2030 3797 2205 3849; x_wconf 89' lang='lat' dir='ltr'><strong>mensi</strong></span> <span class='ocrx_word' id='word_1_590' title='bbox 2236 3814 2336 3851; x_wconf 89' lang='lat' dir='ltr'><strong>ms.</strong></span> <span class='ocrx_word' id='word_1_591' title='bbox 2357 3815 2454 3868; x_wconf 92' lang='lat' dir='ltr'><strong>pro</strong></span> <span class='ocrx_word' id='word_1_592' title='bbox 2467 3812 2578 3856; x_wconf 87' lang='lat' dir='ltr'><strong>tota</strong></span> <span class='ocrx_word' id='word_1_593' title='bbox 2600 3805 2699 3858; x_wconf 88' lang='lat' dir='ltr'><strong>ista</strong></span> <span class='ocrx_word' id='word_1_594' title='bbox 2721 3807 2969 3874; x_wconf 85' lang='lat' dir='ltr'><strong>pericupe</strong></span> <span class='ocrx_word' id='word_1_595' title='bbox 3002 3825 3017 3864; x_wconf 84' lang='lat'><strong>:</strong></span> <span class='ocrx_word' id='word_1_596' title='bbox 3051 3809 3116 3862; x_wconf 90' lang='lat' dir='ltr'><strong>Iu</strong></span> <span class='ocrx_word' id='word_1_597' title='bbox 3150 3811 3357 3866; x_wconf 72' lang='lat' dir='ltr'><strong>Gracia</strong></span> <span class='ocrx_word' id='word_1_598' title='bbox 3382 3831 3502 3868; x_wconf 80' lang='lat' dir='ltr'><strong>vero</strong></span> <span class='ocrx_word' id='word_1_599' title='bbox 3519 3830 3598 3867; x_wconf 77' lang='lat' dir='ltr'><strong>se~</strong></span> 
     </span>
    </p>
   </div>
   <div class='ocr_carea' id='block_1_84' title="bbox 2029 3877 3593 3966">
    <p class='ocr_par' dir='ltr' id='par_1_84' title="bbox 2029 3877 3593 3966">
     <span class='ocr_line' id='line_1_84' title="bbox 2029 3877 3593 3966; baseline 0.014 -28"><span class='ocrx_word' id='word_1_600' title='bbox 2029 3877 2250 3949; x_wconf 71' lang='lat' dir='ltr'><strong>candus.</strong></span> <span class='ocrx_word' id='word_1_601' title='bbox 2275 3905 2448 3959; x_wconf 87' lang='lat' dir='ltr'><strong>usque</strong></span> <span class='ocrx_word' id='word_1_602' title='bbox 2496 3905 2653 3948; x_wconf 83' lang='lat' dir='ltr'><strong>natus</strong></span> <span class='ocrx_word' id='word_1_603' title='bbox 2675 3905 2750 3949; x_wconf 83' lang='lat' dir='ltr'><strong>est</strong></span> <span class='ocrx_word' id='word_1_604' title='bbox 2777 3899 3065 3966; x_wconf 82' lang='lat' dir='ltr'><strong>Abraham,</strong></span> <span class='ocrx_word' id='word_1_605' title='bbox 3091 3903 3204 3956; x_wconf 81' lang='lat' dir='ltr'><strong>ha-c</strong></span> <span class='ocrx_word' id='word_1_606' title='bbox 3232 3907 3593 3960; x_wconf 89' lang='lat' dir='ltr'><strong>tantummodo</strong></span> 
     </span>
    </p>
   </div>
   <div class='ocr_carea' id='block_1_85' title="bbox 2029 3977 3590 4064">
    <p class='ocr_par' dir='ltr' id='par_1_85' title="bbox 2029 3977 3590 4064">
     <span class='ocr_line' id='line_1_85' title="bbox 2029 3977 3590 4064; baseline 0.014 -33"><span class='ocrx_word' id='word_1_607' title='bbox 2029 3977 2298 4034; x_wconf 87' lang='lat' dir='ltr'><strong>habentur</strong></span> <span class='ocrx_word' id='word_1_608' title='bbox 2347 3984 2535 4046; x_wconf 70' lang='lat' dir='ltr'><strong>Verba,</strong></span> <span class='ocrx_word' id='word_1_609' title='bbox 2586 4002 2704 4054; x_wconf 71' lang='lat' dir='ltr'><strong>qua!</strong></span> <span class='ocrx_word' id='word_1_610' title='bbox 2737 4000 2791 4043; x_wconf 88' lang='lat' dir='ltr'><strong>et</strong></span> <span class='ocrx_word' id='word_1_611' title='bbox 2831 3993 3048 4045; x_wconf 89' lang='lat' dir='ltr'><strong>veriora</strong></span> <span class='ocrx_word' id='word_1_612' title='bbox 3105 3995 3276 4048; x_wconf 78' lang='lat' dir='ltr'><strong>vrderi</strong></span> <span class='ocrx_word' id='word_1_613' title='bbox 3325 4008 3590 4064; x_wconf 89' lang='lat' dir='ltr'><strong>possunt:</strong></span> 
     </span>
    </p>
   </div>
   <div class='ocr_carea' id='block_1_86' title="bbox 2029 4067 3468 4152">
    <p class='ocr_par' dir='ltr' id='par_1_86' title="bbox 2029 4067 3468 4152">
     <span class='ocr_line' id='line_1_86' title="bbox 2029 4067 3468 4152; baseline 0.014 -30"><span class='ocrx_word' id='word_1_614' title='bbox 2029 4067 2237 4138; x_wconf 74' lang='lat' dir='ltr'><strong>Europa</strong></span> <span class='ocrx_word' id='word_1_615' title='bbox 2261 4073 2403 4140; x_wconf 81' lang='lat' dir='ltr'><strong>apud</strong></span> <span class='ocrx_word' id='word_1_616' title='bbox 2440 4072 2710 4144; x_wconf 79' lang='lat' dir='ltr'><strong>Sicyonios</strong></span> <span class='ocrx_word' id='word_1_617' title='bbox 2743 4095 2831 4132; x_wconf 75' lang='lat' dir='ltr'><strong>res:</strong></span> <span class='ocrx_word' id='word_1_618' title='bbox 2859 4079 2920 4133; x_wconf 84' lang='lat' dir='ltr'><strong><em>II</em></strong></span> <span class='ocrx_word' id='word_1_619' title='bbox 2955 4094 3135 4152; x_wconf 83' lang='lat' dir='ltr'><strong>regnat</strong></span> <span class='ocrx_word' id='word_1_620' title='bbox 3168 4087 3322 4139; x_wconf 86' lang='lat' dir='ltr'><strong>annis</strong></span> <span class='ocrx_word' id='word_1_621' title='bbox 3360 4103 3468 4142; x_wconf 75' lang='lat' dir='ltr'><strong>XIV.</strong></span> 
     </span>
    </p>
   </div>
   <div class='ocr_carea' id='block_1_87' title="bbox 2100 4159 3592 4246">
    <p class='ocr_par' dir='ltr' id='par_1_87' title="bbox 2100 4159 3592 4246">
     <span class='ocr_line' id='line_1_87' title="bbox 2100 4159 3592 4246; baseline 0.013 -33"><span class='ocrx_word' id='word_1_622' title='bbox 2100 4159 2230 4215; x_wconf 87' lang='lat' dir='ltr'><strong>Ibid.</strong></span> <span class='ocrx_word' id='word_1_623' title='bbox 2280 4165 2435 4231; x_wconf 79' lang='lat' dir='ltr'><strong>Apud</strong></span> <span class='ocrx_word' id='word_1_624' title='bbox 2486 4165 2800 4236; x_wconf 53' lang='lat' dir='ltr'><strong>{Egyptian</strong></span> <span class='ocrx_word' id='word_1_625' title='bbox 2859 4171 2932 4226; x_wconf 86' lang='lat' dir='ltr'><strong>De</strong></span> <span class='ocrx_word' id='word_1_626' title='bbox 2981 4175 3191 4229; x_wconf 83' lang='lat' dir='ltr'><strong>incerta</strong></span> <span class='ocrx_word' id='word_1_627' title='bbox 3246 4179 3480 4246; x_wconf 87' lang='lat' dir='ltr'><strong>penitus,</strong></span> <span class='ocrx_word' id='word_1_628' title='bbox 3533 4193 3592 4233; x_wconf 86' lang='lat' dir='ltr'><strong>ac</strong></span> 
     </span>
    </p>
   </div>
   <div class='ocr_carea' id='block_1_88' title="bbox 2028 4253 3590 4340">
    <p class='ocr_par' dir='ltr' id='par_1_88' title="bbox 2028 4253 3590 4340">
     <span class='ocr_line' id='line_1_88' title="bbox 2028 4253 3590 4340; baseline 0.013 -36"><span class='ocrx_word' id='word_1_629' title='bbox 2028 4253 2150 4323; x_wconf 84' lang='lat' dir='ltr'><strong>plus</strong></span> <span class='ocrx_word' id='word_1_630' title='bbox 2191 4272 2355 4337; x_wconf 75' lang='lat' dir='ltr'><strong>quam</strong></span> <span class='ocrx_word' id='word_1_631' title='bbox 2402 4259 2710 4315; x_wconf 82' lang='lat' dir='ltr'><strong>Cimmeriis</strong></span> <span class='ocrx_word' id='word_1_632' title='bbox 2765 4265 3002 4318; x_wconf 87' lang='lat' dir='ltr'><strong>tenebris</strong></span> <span class='ocrx_word' id='word_1_633' title='bbox 3043 4267 3284 4322; x_wconf 86' lang='lat' dir='ltr'><strong>involuta</strong></span> <span class='ocrx_word' id='word_1_634' title='bbox 3330 4272 3590 4340; x_wconf 71' lang='lat' dir='ltr'><strong>dynastis-</strong></span> 
     </span>
    </p>
   </div>
   <div class='ocr_carea' id='block_1_89' title="bbox 352 4327 3587 4430">
    <p class='ocr_par' dir='ltr' id='par_1_89' title="bbox 352 4327 3587 4430">
     <span class='ocr_line' id='line_1_89' title="bbox 352 4327 3587 4430; baseline 0.009 -43"><span class='ocrx_word' id='word_1_635' title='bbox 352 4339 446 4388; x_wconf 84' lang='lat' dir='ltr'><strong>sed</strong></span> <span class='ocrx_word' id='word_1_636' title='bbox 477 4339 544 4391; x_wconf 89' lang='lat' dir='ltr'><strong>ab</strong></span> <span class='ocrx_word' id='word_1_637' title='bbox 572 4353 636 4392; x_wconf 90' lang='lat' dir='ltr'><strong>eo</strong></span> <span class='ocrx_word' id='word_1_638' title='bbox 665 4340 807 4408; x_wconf 88' lang='lat' dir='ltr'><strong>quod</strong></span> <span class='ocrx_word' id='word_1_639' title='bbox 838 4341 1046 4411; x_wconf 76' lang='lat' dir='ltr'><strong>Assyrii</strong></span> <span class='ocrx_word' id='word_1_640' title='bbox 1082 4343 1315 4409; x_wconf 83' lang='lat' dir='ltr'><strong>patrium</strong></span> <span class='ocrx_word' id='word_1_641' title='bbox 1346 4343 1552 4396; x_wconf 83' lang='lat' dir='ltr'><strong>idolum</strong></span> <span class='ocrx_word' id='word_1_642' title='bbox 1589 4346 1923 4399; x_wconf 86' lang='lat' dir='ltr'><strong>veneraban-</strong></span> <span class='ocrx_word' id='word_1_643' title='bbox 1954 4371 2000 4427; x_wconf 68' lang='grc' dir='ltr'><strong>υ</strong></span> <span class='ocrx_word' id='word_1_644' title='bbox 2031 4361 2149 4400; x_wconf 82' lang='lat' dir='ltr'><strong>run:</strong></span> <span class='ocrx_word' id='word_1_645' title='bbox 2204 4327 2422 4418; x_wconf 63' lang='lat' dir='ltr'><strong>[Egypti</strong></span> <span class='ocrx_word' id='word_1_646' title='bbox 2486 4351 2710 4405; x_wconf 76' lang='lat' dir='ltr'><strong>historia</strong></span> <span class='ocrx_word' id='word_1_647' title='bbox 2772 4355 2841 4406; x_wconf 86' lang='lat' dir='ltr'><strong>cl.</strong></span> <span class='ocrx_word' id='word_1_648' title='bbox 2898 4354 3215 4413; x_wconf 77' lang='lat' dir='ltr'><strong>Perizonius</strong></span> <span class='ocrx_word' id='word_1_649' title='bbox 3278 4362 3587 4430; x_wconf 73' lang='lat' dir='ltr'><strong>disputavit,</strong></span> 
     </span>
    </p>
   </div>
   <div class='ocr_carea' id='block_1_90' title="bbox 349 4428 1920 4501">
    <p class='ocr_par' dir='ltr' id='par_1_90' title="bbox 349 4428 1920 4501">
     <span class='ocr_line' id='line_1_90' title="bbox 349 4428 1920 4501; baseline 0.007 -24"><span class='ocrx_word' id='word_1_650' title='bbox 349 4435 460 4492; x_wconf 88' lang='lat' dir='ltr'><strong>tttr,</strong></span> <span class='ocrx_word' id='word_1_651' title='bbox 489 4442 545 4479; x_wconf 80' lang='lat' dir='ltr'><strong>se</strong></span> <span class='ocrx_word' id='word_1_652' title='bbox 571 4428 766 4482; x_wconf 80' lang='lat' dir='ltr'><strong>Ninum</strong></span> <span class='ocrx_word' id='word_1_653' title='bbox 795 4429 916 4482; x_wconf 78' lang='grc' dir='ltr'><strong>κατ’</strong></span> <span class='ocrx_word' id='word_1_654' title='bbox 943 4431 1155 4500; x_wconf 75' lang='grc' dir='ltr'><strong>ἐξοχὴν,</strong></span> <span class='ocrx_word' id='word_1_655' title='bbox 1184 4432 1232 4483; x_wconf 87' lang='lat' dir='ltr'><strong>id</strong></span> <span class='ocrx_word' id='word_1_656' title='bbox 1263 4441 1345 4485; x_wconf 85' lang='lat' dir='ltr'><strong>est</strong></span> <span class='ocrx_word' id='word_1_657' title='bbox 1365 4432 1559 4498; x_wconf 78' lang='lat' dir='ltr'><strong>ﬁlium,</strong></span> <span class='ocrx_word' id='word_1_658' title='bbox 1588 4434 1920 4501; x_wconf 89' lang='lat' dir='ltr'><strong>nominasse,</strong></span> 
     </span>
    </p>
   </div>
   <div class='ocr_carea' id='block_1_91' title="bbox 351 4519 1921 4590">
    <p class='ocr_par' dir='ltr' id='par_1_91' title="bbox 351 4519 1921 4590">
     <span class='ocr_line' id='line_1_91' title="bbox 351 4519 1921 4590; baseline 0.008 -23"><span class='ocrx_word' id='word_1_659' title='bbox 351 4527 462 4568; x_wconf 88' lang='lat' dir='ltr'><strong>tum</strong></span> <span class='ocrx_word' id='word_1_660' title='bbox 506 4519 576 4571; x_wconf 89' lang='lat' dir='ltr'><strong>ob</strong></span> <span class='ocrx_word' id='word_1_661' title='bbox 612 4522 747 4574; x_wconf 86' lang='lat' dir='ltr'><strong>alias</strong></span> <span class='ocrx_word' id='word_1_662' title='bbox 795 4535 1014 4583; x_wconf 81' lang='lat' dir='ltr'><strong>causas,</strong></span> <span class='ocrx_word' id='word_1_663' title='bbox 1061 4538 1184 4574; x_wconf 90' lang='lat' dir='ltr'><strong>cum</strong></span> <span class='ocrx_word' id='word_1_664' title='bbox 1233 4525 1513 4590; x_wconf 51' lang='lat' dir='ltr'><strong>pra-cipue</strong></span> <span class='ocrx_word' id='word_1_665' title='bbox 1552 4535 1606 4576; x_wconf 84' lang='grc' dir='ltr'>ιιι</span> <span class='ocrx_word' id='word_1_666' title='bbox 1640 4524 1921 4578; x_wconf 67' lang='lat' dir='ltr'><strong>Chaldaeo-</strong></span> 
     </span>
    </p>
   </div>
   <div class='ocr_carea' id='block_1_92' title="bbox 349 4610 1921 4681">
    <p class='ocr_par' dir='ltr' id='par_1_92' title="bbox 349 4610 1921 4681">
     <span class='ocr_line' id='line_1_92' title="bbox 349 4610 1921 4681; baseline 0.009 -24"><span class='ocrx_word' id='word_1_667' title='bbox 349 4622 494 4670; x_wconf 89' lang='lat' dir='ltr'><strong>rum,</strong></span> <span class='ocrx_word' id='word_1_668' title='bbox 543 4610 843 4663; x_wconf 86' lang='lat' dir='ltr'><strong>aliarumve</strong></span> <span class='ocrx_word' id='word_1_669' title='bbox 890 4614 1155 4680; x_wconf 84' lang='lat' dir='ltr'><strong>gentium,</strong></span> <span class='ocrx_word' id='word_1_670' title='bbox 1191 4629 1326 4679; x_wconf 84' lang='lat' dir='ltr'><strong>quas</strong></span> <span class='ocrx_word' id='word_1_671' title='bbox 1374 4629 1564 4668; x_wconf 85' lang='lat' dir='ltr'><strong>ret-eus</strong></span> <span class='ocrx_word' id='word_1_672' title='bbox 1611 4617 1921 4681; x_wconf 70' lang='lat' dir='ltr'><strong>subegerat,</strong></span> 
     </span>
    </p>
   </div>
   <div class='ocr_carea' id='block_1_93' title="bbox 348 4697 1920 4773">
    <p class='ocr_par' dir='ltr' id='par_1_93' title="bbox 348 4697 1920 4773">
     <span class='ocr_line' id='line_1_93' title="bbox 348 4697 1920 4773; baseline 0.01 -25"><span class='ocrx_word' id='word_1_673' title='bbox 348 4697 446 4749; x_wconf 89' lang='lat' dir='ltr'><strong>sibi</strong></span> <span class='ocrx_word' id='word_1_674' title='bbox 475 4698 684 4753; x_wconf 87' lang='lat' dir='ltr'><strong>animos</strong></span> <span class='ocrx_word' id='word_1_675' title='bbox 706 4701 1023 4756; x_wconf 86' lang='lat' dir='ltr'><strong>devinciret.</strong></span> <span class='ocrx_word' id='word_1_676' title='bbox 1057 4703 1416 4762; x_wconf 74' lang='lat' dir='ltr'><strong>Observatum</strong></span> <span class='ocrx_word' id='word_1_677' title='bbox 1443 4705 1641 4773; x_wconf 85' lang='lat' dir='ltr'><strong>quippe</strong></span> <span class='ocrx_word' id='word_1_678' title='bbox 1671 4717 1796 4760; x_wconf 87' lang='lat' dir='ltr'><strong>ante</strong></span> <span class='ocrx_word' id='word_1_679' title='bbox 1821 4724 1920 4765; x_wconf 85' lang='lat' dir='ltr'><strong>nos</strong></span> 
     </span>
    </p>
   </div>
   <div class='ocr_carea' id='block_1_94' title="bbox 350 4789 1920 4874">
    <p class='ocr_par' dir='ltr' id='par_1_94' title="bbox 350 4789 1920 4874">
     <span class='ocr_line' id='line_1_94' title="bbox 350 4789 1920 4874; baseline 0.008 -32"><span class='ocrx_word' id='word_1_680' title='bbox 350 4789 481 4842; x_wconf 82' lang='lat' dir='ltr'><strong>satis</strong></span> <span class='ocrx_word' id='word_1_681' title='bbox 525 4802 692 4856; x_wconf 87' lang='lat' dir='ltr'><strong>recte,</strong></span> <span class='ocrx_word' id='word_1_682' title='bbox 735 4809 801 4847; x_wconf 76' lang='lat' dir='ltr'><strong>ex</strong></span> <span class='ocrx_word' id='word_1_683' title='bbox 833 4793 1103 4849; x_wconf 84' lang='lat' dir='ltr'><strong>llebraico</strong></span> <span class='ocrx_word' id='word_1_684' title='bbox 1139 4802 1251 4874; x_wconf 68' lang='lat'><strong>‘17:,</strong></span> <span class='ocrx_word' id='word_1_685' title='bbox 1314 4801 1458 4864; x_wconf 84' lang='lat' dir='ltr'><strong>quod</strong></span> <span class='ocrx_word' id='word_1_686' title='bbox 1490 4808 1573 4850; x_wconf 88' lang='lat' dir='ltr'><strong>est</strong></span> <span class='ocrx_word' id='word_1_687' title='bbox 1622 4799 1789 4866; x_wconf 78' lang='lat' dir='ltr'><strong>ﬁlius,</strong></span> <span class='ocrx_word' id='word_1_688' title='bbox 1822 4815 1920 4855; x_wconf 86' lang='lat' dir='ltr'><strong>no-</strong></span> 
     </span>
    </p>
   </div>
   <div class='ocr_carea' id='block_1_95' title="bbox 353 4882 1921 4959">
    <p class='ocr_par' dir='ltr' id='par_1_95' title="bbox 353 4882 1921 4959">
     <span class='ocr_line' id='line_1_95' title="bbox 353 4882 1921 4959; baseline 0.01 -26"><span class='ocrx_word' id='word_1_689' title='bbox 353 4895 471 4934; x_wconf 86' lang='lat' dir='ltr'><strong>men</strong></span> <span class='ocrx_word' id='word_1_690' title='bbox 505 4882 650 4936; x_wconf 90' lang='lat' dir='ltr'><strong>istud</strong></span> <span class='ocrx_word' id='word_1_691' title='bbox 676 4886 932 4951; x_wconf 81' lang='lat' dir='ltr'><strong>derivari,</strong></span> <span class='ocrx_word' id='word_1_692' title='bbox 971 4891 1279 4957; x_wconf 80' lang='lat' dir='ltr'><strong>scitumque</strong></span> <span class='ocrx_word' id='word_1_693' title='bbox 1317 4889 1449 4943; x_wconf 89' lang='lat' dir='ltr'><strong>illud</strong></span> <span class='ocrx_word' id='word_1_694' title='bbox 1484 4902 1767 4959; x_wconf 66' lang='lat' dir='ltr'><strong>praeterea,</strong></span> <span class='ocrx_word' id='word_1_695' title='bbox 1805 4909 1921 4949; x_wconf 83' lang='lat' dir='ltr'><strong>mo-</strong></span> 
     </span>
    </p>
   </div>
   <div class='ocr_carea' id='block_1_96' title="bbox 351 4973 1920 5051">
    <p class='ocr_par' dir='ltr' id='par_1_96' title="bbox 351 4973 1920 5051">
     <span class='ocr_line' id='line_1_96' title="bbox 351 4973 1920 5051; baseline 0.01 -27"><span class='ocrx_word' id='word_1_696' title='bbox 351 4973 423 5028; x_wconf 88' lang='lat' dir='ltr'><strong>ris</strong></span> <span class='ocrx_word' id='word_1_697' title='bbox 460 4973 629 5028; x_wconf 85' lang='lat' dir='ltr'><strong>fuisse</strong></span> <span class='ocrx_word' id='word_1_698' title='bbox 665 4993 846 5045; x_wconf 76' lang='lat' dir='ltr'><strong>regum</strong></span> <span class='ocrx_word' id='word_1_699' title='bbox 903 4980 1208 5051; x_wconf 76' lang='lat' dir='ltr'><strong>Babylonia:</strong></span> <span class='ocrx_word' id='word_1_700' title='bbox 1261 4985 1470 5040; x_wconf 75' lang='lat' dir='ltr'><strong>natales</strong></span> <span class='ocrx_word' id='word_1_701' title='bbox 1516 5001 1648 5038; x_wconf 86' lang='lat' dir='ltr'><strong>suos</strong></span> <span class='ocrx_word' id='word_1_702' title='bbox 1714 4986 1778 5038; x_wconf 89' lang='lat' dir='ltr'><strong>ad</strong></span> <span class='ocrx_word' id='word_1_703' title='bbox 1816 4986 1920 5040; x_wconf 84' lang='lat' dir='ltr'><strong>Be-</strong></span> 
     </span>
    </p>
   </div>
   <div class='ocr_carea' id='block_1_97' title="bbox 348 5051 1921 5136">
    <p class='ocr_par' dir='ltr' id='par_1_97' title="bbox 348 5051 1921 5136">
     <span class='ocr_line' id='line_1_97' title="bbox 348 5051 1921 5136; baseline 0.008 -17"><span class='ocrx_word' id='word_1_704' title='bbox 348 5066 482 5131; x_wconf 86' lang='lat' dir='ltr'><strong>lum,</strong></span> <span class='ocrx_word' id='word_1_705' title='bbox 534 5051 661 5131; x_wconf 59' lang='lat' dir='ltr'><strong>5Y2,</strong></span> <span class='ocrx_word' id='word_1_706' title='bbox 712 5071 856 5134; x_wconf 85' lang='lat' dir='ltr'><strong>quod</strong></span> <span class='ocrx_word' id='word_1_707' title='bbox 904 5083 986 5125; x_wconf 92' lang='lat' dir='ltr'><strong>cst</strong></span> <span class='ocrx_word' id='word_1_708' title='bbox 1063 5076 1238 5136; x_wconf 86' lang='lat' dir='ltr'><strong>deum,</strong></span> <span class='ocrx_word' id='word_1_709' title='bbox 1298 5079 1519 5130; x_wconf 73' lang='lat' dir='ltr'><strong>reierre.</strong></span> <span class='ocrx_word' id='word_1_710' title='bbox 1560 5075 1921 5131; x_wconf 85' lang='lat' dir='ltr'><strong>Nihilosecius</strong></span> 
     </span>
    </p>
   </div>
   <div class='ocr_carea' id='block_1_98' title="bbox 349 5155 1920 5233">
    <p class='ocr_par' dir='ltr' id='par_1_98' title="bbox 349 5155 1920 5233">
     <span class='ocr_line' id='line_1_98' title="bbox 349 5155 1920 5233; baseline 0.009 -28"><span class='ocrx_word' id='word_1_711' title='bbox 349 5155 508 5208; x_wconf 85' lang='lat' dir='ltr'><strong>verba</strong></span> <span class='ocrx_word' id='word_1_712' title='bbox 541 5155 730 5209; x_wconf 74' lang='lat' dir='ltr'><strong>istlirec</strong></span> <span class='ocrx_word' id='word_1_713' title='bbox 759 5155 874 5210; x_wconf 84' lang='lat' dir='ltr'><strong>Beli</strong></span> <span class='ocrx_word' id='word_1_714' title='bbox 903 5160 1068 5226; x_wconf 80' lang='lat' dir='ltr'><strong>ﬁlius,</strong></span> <span class='ocrx_word' id='word_1_715' title='bbox 1106 5165 1158 5216; x_wconf 92' lang='lat' dir='ltr'><strong>in</strong></span> <span class='ocrx_word' id='word_1_716' title='bbox 1199 5163 1346 5216; x_wconf 88' lang='lat' dir='ltr'><strong>nullo</strong></span> <span class='ocrx_word' id='word_1_717' title='bbox 1385 5182 1448 5218; x_wconf 85' lang='lat' dir='ltr'><strong>ex</strong></span> <span class='ocrx_word' id='word_1_718' title='bbox 1491 5168 1731 5233; x_wconf 87' lang='lat' dir='ltr'><strong>antiquis</strong></span> <span class='ocrx_word' id='word_1_719' title='bbox 1764 5165 1920 5220; x_wconf 81' lang='lat' dir='ltr'><strong>Pala-</strong></span> 
     </span>
    </p>
   </div>
   <div class='ocr_carea' id='block_1_99' title="bbox 351 5246 1916 5326">
    <p class='ocr_par' dir='ltr' id='par_1_99' title="bbox 351 5246 1916 5326">
     <span class='ocr_line' id='line_1_99' title="bbox 351 5246 1916 5326; baseline 0.01 -28"><span class='ocrx_word' id='word_1_720' title='bbox 351 5246 479 5301; x_wconf 90' lang='lat' dir='ltr'><strong>tinis</strong></span> <span class='ocrx_word' id='word_1_721' title='bbox 514 5248 820 5312; x_wconf 76' lang='lat' dir='ltr'><strong>codicibus,</strong></span> <span class='ocrx_word' id='word_1_722' title='bbox 862 5258 996 5305; x_wconf 86' lang='lat' dir='ltr'><strong>teste</strong></span> <span class='ocrx_word' id='word_1_723' title='bbox 1025 5252 1506 5323; x_wconf 80' lang='lat' dir='ltr'><strong>Schurzﬂeiscbio,</strong></span> <span class='ocrx_word' id='word_1_724' title='bbox 1542 5262 1916 5326; x_wconf 77' lang='lat' dir='ltr'><strong>inveniuntur,</strong></span> 
     </span>
    </p>
   </div>
   <div class='ocr_carea' id='block_1_100' title="bbox 351 5340 1913 5421">
    <p class='ocr_par' dir='ltr' id='par_1_100' title="bbox 351 5340 1913 5421">
     <span class='ocr_line' id='line_1_100' title="bbox 351 5340 1913 5421; baseline 0.011 -32"><span class='ocrx_word' id='word_1_725' title='bbox 351 5357 471 5407; x_wconf 75' lang='lat' dir='ltr'><strong>qua:</strong></span> <span class='ocrx_word' id='word_1_726' title='bbox 510 5357 681 5409; x_wconf 84' lang='lat' dir='ltr'><strong>neque</strong></span> <span class='ocrx_word' id='word_1_727' title='bbox 717 5343 770 5395; x_wconf 92' lang='lat' dir='ltr'><strong>in</strong></span> <span class='ocrx_word' id='word_1_728' title='bbox 801 5340 992 5398; x_wconf 66' lang='lat' dir='ltr'><strong>Graeco</strong></span> <span class='ocrx_word' id='word_1_729' title='bbox 1033 5354 1161 5398; x_wconf 90' lang='lat' dir='ltr'><strong>sunt</strong></span> <span class='ocrx_word' id='word_1_730' title='bbox 1198 5363 1364 5415; x_wconf 85' lang='lat' dir='ltr'><strong>penes</strong></span> <span class='ocrx_word' id='word_1_731' title='bbox 1400 5351 1710 5421; x_wconf 87' lang='lat' dir='ltr'><strong>Syncellnm</strong></span> <span class='ocrx_word' id='word_1_732' title='bbox 1741 5361 1913 5406; x_wconf 75' lang='lat' dir='ltr'><strong>textu.</strong></span> 
     </span>
    </p>
   </div>
   <div class='ocr_carea' id='block_1_101' title="bbox 350 5430 1916 5510">
    <p class='ocr_par' dir='ltr' id='par_1_101' title="bbox 350 5430 1916 5510">
     <span class='ocr_line' id='line_1_101' title="bbox 350 5430 1916 5510; baseline 0.01 -27"><span class='ocrx_word' id='word_1_733' title='bbox 350 5430 660 5490; x_wconf 83' lang='lat' dir='ltr'><strong>Parmensis</strong></span> <span class='ocrx_word' id='word_1_734' title='bbox 686 5434 990 5490; x_wconf 87' lang='lat' dir='ltr'><strong>econtrario</strong></span> <span class='ocrx_word' id='word_1_735' title='bbox 1022 5437 1310 5505; x_wconf 87' lang='lat' dir='ltr'><strong>peric0pcn</strong></span> <span class='ocrx_word' id='word_1_736' title='bbox 1340 5441 1508 5510; x_wconf 86' lang='lat' dir='ltr'><strong>illam,</strong></span> <span class='ocrx_word' id='word_1_737' title='bbox 1538 5442 1702 5509; x_wconf 82' lang='lat' dir='ltr'><strong>Quem</strong></span> <span class='ocrx_word' id='word_1_738' title='bbox 1729 5443 1916 5498; x_wconf 83' lang='lat' dir='ltr'><strong>Belum</strong></span> 
     </span>
    </p>
   </div>
   <div class='ocr_carea' id='block_1_102' title="bbox 344 5528 1918 5596">
    <p class='ocr_par' dir='ltr' id='par_1_102' title="bbox 344 5528 1918 5596">
     <span class='ocr_line' id='line_1_102' title="bbox 344 5528 1918 5596; baseline 0.008 -18"><span class='ocrx_word' id='word_1_739' title='bbox 344 5528 548 5594; x_wconf 82' lang='lat' dir='ltr'><strong>Assyrii</strong></span> <span class='ocrx_word' id='word_1_740' title='bbox 596 5529 747 5582; x_wconf 85' lang='lat' dir='ltr'><strong>deum</strong></span> <span class='ocrx_word' id='word_1_741' title='bbox 794 5528 894 5582; x_wconf 84' lang='lat' dir='ltr'><strong>sibi</strong></span> <span class='ocrx_word' id='word_1_742' title='bbox 957 5529 1379 5596; x_wconf 86' lang='lat' dir='ltr'><strong>nominaverunt,</strong></span> <span class='ocrx_word' id='word_1_743' title='bbox 1424 5546 1584 5589; x_wconf 86' lang='lat' dir='ltr'><strong>tacet.</strong></span> <span class='ocrx_word' id='word_1_744' title='bbox 1639 5536 1834 5592; x_wconf 84' lang='lat' dir='ltr'><strong>Verum</strong></span> <span class='ocrx_word' id='word_1_745' title='bbox 1863 5546 1918 5590; x_wconf 92' lang='lat' dir='ltr'><strong>et</strong></span> 
     </span>
    </p>
   </div>
   <div class='ocr_carea' id='block_1_103' title="bbox 346 5616 1912 5696">
    <p class='ocr_par' dir='ltr' id='par_1_103' title="bbox 346 5616 1912 5696">
     <span class='ocr_line' id='line_1_103' title="bbox 346 5616 1912 5696; baseline 0.008 -26"><span class='ocrx_word' id='word_1_746' title='bbox 346 5616 468 5674; x_wconf 76' lang='lat' dir='ltr'><strong>libri</strong></span> <span class='ocrx_word' id='word_1_747' title='bbox 505 5620 596 5676; x_wconf 86' lang='lat' dir='ltr'><strong>alii</strong></span> <span class='ocrx_word' id='word_1_748' title='bbox 639 5637 846 5690; x_wconf 86' lang='lat' dir='ltr'><strong>omnes,</strong></span> <span class='ocrx_word' id='word_1_749' title='bbox 876 5632 927 5678; x_wconf 84' lang='lat' dir='ltr'><strong>et</strong></span> <span class='ocrx_word' id='word_1_750' title='bbox 965 5623 1057 5694; x_wconf 86' lang='lat' dir='ltr'><strong>qui</strong></span> <span class='ocrx_word' id='word_1_751' title='bbox 1087 5622 1214 5678; x_wconf 88' lang='lat' dir='ltr'><strong>olim</strong></span> <span class='ocrx_word' id='word_1_752' title='bbox 1262 5639 1514 5695; x_wconf 86' lang='lat' dir='ltr'><strong>magnam</strong></span> <span class='ocrx_word' id='word_1_753' title='bbox 1567 5636 1777 5696; x_wconf 84' lang='lat' dir='ltr'><strong>partem</strong></span> <span class='ocrx_word' id='word_1_754' title='bbox 1815 5629 1912 5682; x_wconf 91' lang='lat' dir='ltr'><strong>hu-</strong></span> 
     </span>
    </p>
   </div>
   <div class='ocr_carea' id='block_1_104' title="bbox 2031 4439 3584 4522">
    <p class='ocr_par' dir='ltr' id='par_1_104' title="bbox 2031 4439 3584 4522">
     <span class='ocr_line' id='line_1_104' title="bbox 2031 4439 3584 4522; baseline 0.013 -36"><span class='ocrx_word' id='word_1_755' title='bbox 2031 4452 2190 4504; x_wconf 89' lang='lat' dir='ltr'><strong>qnem</strong></span> <span class='ocrx_word' id='word_1_756' title='bbox 2220 4439 2354 4491; x_wconf 82' lang='lat' dir='ltr'><strong>adeo</strong></span> <span class='ocrx_word' id='word_1_757' title='bbox 2381 4443 2653 4506; x_wconf 72' lang='lat' dir='ltr'><strong>praestabit</strong></span> <span class='ocrx_word' id='word_1_758' title='bbox 2686 4444 3002 4512; x_wconf 82' lang='lat' dir='ltr'><strong>consulere,</strong></span> <span class='ocrx_word' id='word_1_759' title='bbox 3036 4462 3102 4498; x_wconf 88' lang='lat' dir='ltr'><strong>ne</strong></span> <span class='ocrx_word' id='word_1_760' title='bbox 3135 4449 3410 4517; x_wconf 90' lang='lat' dir='ltr'><strong>longiores</strong></span> <span class='ocrx_word' id='word_1_761' title='bbox 3439 4469 3584 4522; x_wconf 76' lang='lat' dir='ltr'><strong>aequo</strong></span> 
     </span>
    </p>
   </div>
   <div class='ocr_carea' id='block_1_105' title="bbox 2031 4523 3588 4610">
    <p class='ocr_par' dir='ltr' id='par_1_105' title="bbox 2031 4523 3588 4610">
     <span class='ocr_line' id='line_1_105' title="bbox 2031 4523 3588 4610; baseline 0.014 -32"><span class='ocrx_word' id='word_1_762' title='bbox 2031 4525 2120 4579; x_wconf 92' lang='lat' dir='ltr'><strong>hic</strong></span> <span class='ocrx_word' id='word_1_763' title='bbox 2157 4527 2348 4582; x_wconf 90' lang='lat' dir='ltr'><strong>simus.</strong></span> <span class='ocrx_word' id='word_1_764' title='bbox 2378 4529 2447 4582; x_wconf 88' lang='lat' dir='ltr'><strong>At</strong></span> <span class='ocrx_word' id='word_1_765' title='bbox 2481 4534 2581 4584; x_wconf 90' lang='lat' dir='ltr'><strong>hoc</strong></span> <span class='ocrx_word' id='word_1_766' title='bbox 2610 4549 2741 4586; x_wconf 85' lang='lat' dir='ltr'><strong>sane</strong></span> <span class='ocrx_word' id='word_1_767' title='bbox 2787 4547 3154 4605; x_wconf 85' lang='lat' dir='ltr'><strong>congruenter</strong></span> <span class='ocrx_word' id='word_1_768' title='bbox 3195 4553 3357 4610; x_wconf 86' lang='lat' dir='ltr'><strong>atque</strong></span> <span class='ocrx_word' id='word_1_769' title='bbox 3385 4523 3588 4600; x_wconf 84' lang='lat' dir='ltr'><strong>erudite</strong></span> 
     </span>
    </p>
   </div>
   <div class='ocr_carea' id='block_1_106' title="bbox 2028 4615 3586 4703">
    <p class='ocr_par' dir='ltr' id='par_1_106' title="bbox 2028 4615 3586 4703">
     <span class='ocr_line' id='line_1_106' title="bbox 2028 4615 3586 4703; baseline 0.011 -33"><span class='ocrx_word' id='word_1_770' title='bbox 2028 4615 2298 4672; x_wconf 87' lang='lat' dir='ltr'><strong>Eusebius</strong></span> <span class='ocrx_word' id='word_1_771' title='bbox 2322 4621 2374 4672; x_wconf 93' lang='lat' dir='ltr'><strong>in</strong></span> <span class='ocrx_word' id='word_1_772' title='bbox 2402 4630 2552 4675; x_wconf 85' lang='lat' dir='ltr'><strong>tanta</strong></span> <span class='ocrx_word' id='word_1_773' title='bbox 2582 4624 2897 4691; x_wconf 74' lang='lat' dir='ltr'><strong>epiniouunt</strong></span> <span class='ocrx_word' id='word_1_774' title='bbox 2929 4626 3287 4685; x_wconf 65' lang='lat' dir='ltr'><strong>ﬂuctuatione</strong></span> <span class='ocrx_word' id='word_1_775' title='bbox 3313 4644 3367 4686; x_wconf 92' lang='lat' dir='ltr'><strong>et</strong></span> <span class='ocrx_word' id='word_1_776' title='bbox 3395 4649 3586 4703; x_wconf 86' lang='lat' dir='ltr'><strong>pugna,</strong></span> 
     </span>
    </p>
   </div>
   <div class='ocr_carea' id='block_1_107' title="bbox 2026 4710 3588 4795">
    <p class='ocr_par' dir='ltr' id='par_1_107' title="bbox 2026 4710 3588 4795">
     <span class='ocr_line' id='line_1_107' title="bbox 2026 4710 3588 4795; baseline 0.011 -34"><span class='ocrx_word' id='word_1_777' title='bbox 2026 4710 2168 4778; x_wconf 85' lang='lat' dir='ltr'><strong>quod</strong></span> <span class='ocrx_word' id='word_1_778' title='bbox 2201 4711 2270 4764; x_wconf 90' lang='lat' dir='ltr'><strong>ab</strong></span> <span class='ocrx_word' id='word_1_779' title='bbox 2299 4727 2483 4766; x_wconf 89' lang='lat' dir='ltr'><strong>earnm</strong></span> <span class='ocrx_word' id='word_1_780' title='bbox 2517 4716 2726 4770; x_wconf 85' lang='lat' dir='ltr'><strong>decima</strong></span> <span class='ocrx_word' id='word_1_781' title='bbox 2763 4730 2917 4772; x_wconf 80' lang='lat' dir='ltr'><strong>sexta</strong></span> <span class='ocrx_word' id='word_1_782' title='bbox 2949 4720 3102 4774; x_wconf 87' lang='lat' dir='ltr'><strong>ducit</strong></span> <span class='ocrx_word' id='word_1_783' title='bbox 3147 4723 3388 4789; x_wconf 84' lang='lat' dir='ltr'><strong>initium,</strong></span> <span class='ocrx_word' id='word_1_784' title='bbox 3435 4741 3588 4795; x_wconf 88' lang='lat' dir='ltr'><strong>quam</strong></span> 
     </span>
    </p>
   </div>
   <div class='ocr_carea' id='block_1_108' title="bbox 2025 4805 3586 4876">
    <p class='ocr_par' dir='ltr' id='par_1_108' title="bbox 2025 4805 3586 4876">
     <span class='ocr_line' id='line_1_108' title="bbox 2025 4805 3586 4876; baseline 0.011 -23"><span class='ocrx_word' id='word_1_785' title='bbox 2025 4809 2078 4854; x_wconf 87' lang='lat' dir='ltr'><strong>ct</strong></span> <span class='ocrx_word' id='word_1_786' title='bbox 2108 4811 2255 4857; x_wconf 87' lang='lat' dir='ltr'><strong>recte</strong></span> <span class='ocrx_word' id='word_1_787' title='bbox 2295 4819 2415 4856; x_wconf 88' lang='lat' dir='ltr'><strong>cum</strong></span> <span class='ocrx_word' id='word_1_788' title='bbox 2442 4805 2788 4875; x_wconf 85' lang='lat' dir='ltr'><strong>Assyriorum</strong></span> <span class='ocrx_word' id='word_1_789' title='bbox 2822 4810 3046 4876; x_wconf 90' lang='lat' dir='ltr'><strong>imperio</strong></span> <span class='ocrx_word' id='word_1_790' title='bbox 3079 4810 3210 4866; x_wconf 83' lang='lat' dir='ltr'><strong>facit</strong></span> <span class='ocrx_word' id='word_1_791' title='bbox 3239 4830 3586 4871; x_wconf 88' lang='lat' dir='ltr'><strong>concurrere.</strong></span> 
     </span>
    </p>
   </div>
   <div class='ocr_carea' id='block_1_109' title="bbox 2025 4892 3582 4972">
    <p class='ocr_par' dir='ltr' id='par_1_109' title="bbox 2025 4892 3582 4972">
     <span class='ocr_line' id='line_1_109' title="bbox 2025 4892 3582 4972; baseline 0.01 -26"><span class='ocrx_word' id='word_1_792' title='bbox 2025 4892 2227 4962; x_wconf 80' lang='lat' dir='ltr'><strong>Nempe</strong></span> <span class='ocrx_word' id='word_1_793' title='bbox 2260 4897 2336 4949; x_wconf 86' lang='lat' dir='ltr'><strong>ita</strong></span> <span class='ocrx_word' id='word_1_794' title='bbox 2373 4899 2684 4964; x_wconf 87' lang='lat' dir='ltr'><strong>superiores</strong></span> <span class='ocrx_word' id='word_1_795' title='bbox 2724 4903 3042 4968; x_wconf 69' lang='lat' dir='ltr'><strong>quindecim-</strong></span> <span class='ocrx_word' id='word_1_796' title='bbox 3071 4920 3168 4972; x_wconf 91' lang='lat' dir='ltr'><strong>pro</strong></span> <span class='ocrx_word' id='word_1_797' title='bbox 3198 4908 3582 4962; x_wconf 84' lang='lat' dir='ltr'><strong>comtucutitiis</strong></span> 
     </span>
    </p>
   </div>
   <div class='ocr_carea' id='block_1_110' title="bbox 2025 4989 3588 5068">
    <p class='ocr_par' dir='ltr' id='par_1_110' title="bbox 2025 4989 3588 5068">
     <span class='ocr_line' id='line_1_110' title="bbox 2025 4989 3588 5068; baseline 0.01 -31"><span class='ocrx_word' id='word_1_798' title='bbox 2025 5003 2088 5039; x_wconf 88' lang='lat' dir='ltr'><strong>ac</strong></span> <span class='ocrx_word' id='word_1_799' title='bbox 2131 4989 2393 5042; x_wconf 83' lang='lat' dir='ltr'><strong>fabulosis</strong></span> <span class='ocrx_word' id='word_1_800' title='bbox 2449 4991 2710 5046; x_wconf 81' lang='lat' dir='ltr'><strong>habuisse</strong></span> <span class='ocrx_word' id='word_1_801' title='bbox 2762 4994 2986 5055; x_wconf 84' lang='lat' dir='ltr'><strong>iudieat,</strong></span> <span class='ocrx_word' id='word_1_802' title='bbox 3014 5012 3132 5064; x_wconf 76' lang='lat' dir='ltr'><strong>qua:</strong></span> <span class='ocrx_word' id='word_1_803' title='bbox 3183 4998 3338 5066; x_wconf 70' lang='lat' dir='ltr'><strong>juxta</strong></span> <span class='ocrx_word' id='word_1_804' title='bbox 3367 5000 3588 5068; x_wconf 87' lang='lat' dir='ltr'><strong>ejusmet</strong></span> 
     </span>
    </p>
   </div>
   <div class='ocr_carea' id='block_1_111' title="bbox 2024 5079 3586 5156">
    <p class='ocr_par' dir='ltr' id='par_1_111' title="bbox 2024 5079 3586 5156">
     <span class='ocr_line' id='line_1_111' title="bbox 2024 5079 3586 5156; baseline 0.01 -25"><span class='ocrx_word' id='word_1_805' title='bbox 2024 5079 2265 5133; x_wconf 85' lang='lat' dir='ltr'><strong>rationes</strong></span> <span class='ocrx_word' id='word_1_806' title='bbox 2315 5081 2455 5150; x_wconf 88' lang='lat' dir='ltr'><strong>apud</strong></span> <span class='ocrx_word' id='word_1_807' title='bbox 2513 5081 2821 5152; x_wconf 69' lang='lat' dir='ltr'><strong>syllCt&#39;llllm</strong></span> <span class='ocrx_word' id='word_1_808' title='bbox 2879 5088 3172 5156; x_wconf 86' lang='lat' dir='ltr'><strong>(siquidem</strong></span> <span class='ocrx_word' id='word_1_809' title='bbox 3235 5092 3342 5146; x_wconf 91' lang='lat' dir='ltr'><strong>sibi</strong></span> <span class='ocrx_word' id='word_1_810' title='bbox 3378 5107 3586 5146; x_wconf 88' lang='lat' dir='ltr'><strong>succes-</strong></span> 
     </span>
    </p>
   </div>
   <div class='ocr_carea' id='block_1_112' title="bbox 2023 5169 3584 5244">
    <p class='ocr_par' dir='ltr' id='par_1_112' title="bbox 2023 5169 3584 5244">
     <span class='ocr_line' id='line_1_112' title="bbox 2023 5169 3584 5244; baseline 0.01 -21"><span class='ocrx_word' id='word_1_811' title='bbox 2023 5169 2161 5223; x_wconf 86' lang='lat' dir='ltr'><strong>sisse</strong></span> <span class='ocrx_word' id='word_1_812' title='bbox 2193 5173 2615 5241; x_wconf 75' lang='lat' dir='ltr'><strong>putandaesint)</strong></span> <span class='ocrx_word' id='word_1_813' title='bbox 2657 5191 2820 5244; x_wconf 87' lang='lat' dir='ltr'><strong>supra</strong></span> <span class='ocrx_word' id='word_1_814' title='bbox 2863 5189 2942 5231; x_wconf 90' lang='lat' dir='ltr'><strong>ter</strong></span> <span class='ocrx_word' id='word_1_815' title='bbox 2977 5180 3123 5234; x_wconf 90' lang='lat' dir='ltr'><strong>mille</strong></span> <span class='ocrx_word' id='word_1_816' title='bbox 3159 5193 3287 5236; x_wconf 84' lang='lat' dir='ltr'><strong>ante</strong></span> <span class='ocrx_word' id='word_1_817' title='bbox 3336 5184 3584 5238; x_wconf 85' lang='lat' dir='ltr'><strong>Abraha-</strong></span> 
     </span>
    </p>
   </div>
   <div class='ocr_carea' id='block_1_113' title="bbox 2024 5266 3577 5339">
    <p class='ocr_par' dir='ltr' id='par_1_113' title="bbox 2024 5266 3577 5339">
     <span class='ocr_line' id='line_1_113' title="bbox 2024 5266 3577 5339; baseline 0.011 -29"><span class='ocrx_word' id='word_1_818' title='bbox 2024 5274 2173 5311; x_wconf 91' lang='lat' dir='ltr'><strong>mum</strong></span> <span class='ocrx_word' id='word_1_819' title='bbox 2232 5274 2407 5316; x_wconf 90' lang='lat' dir='ltr'><strong>annos</strong></span> <span class='ocrx_word' id='word_1_820' title='bbox 2447 5266 2726 5318; x_wconf 75' lang='lat' dir='ltr'><strong>coatiucre</strong></span> <span class='ocrx_word' id='word_1_821' title='bbox 2750 5268 3087 5335; x_wconf 78' lang='lat' dir='ltr'><strong>debuissent,</strong></span> <span class='ocrx_word' id='word_1_822' title='bbox 3113 5283 3275 5339; x_wconf 90' lang='lat' dir='ltr'><strong>atque</strong></span> <span class='ocrx_word' id='word_1_823' title='bbox 3305 5272 3440 5326; x_wconf 90' lang='lat' dir='ltr'><strong>adeo</strong></span> <span class='ocrx_word' id='word_1_824' title='bbox 3476 5289 3577 5327; x_wconf 86' lang='lat' dir='ltr'><strong>non</strong></span> 
     </span>
    </p>
   </div>
   <div class='ocr_carea' id='block_1_114' title="bbox 2021 5347 3574 5430">
    <p class='ocr_par' dir='ltr' id='par_1_114' title="bbox 2021 5347 3574 5430">
     <span class='ocr_line' id='line_1_114' title="bbox 2021 5347 3574 5430; baseline 0.01 -29"><span class='ocrx_word' id='word_1_825' title='bbox 2021 5347 2196 5401; x_wconf 82' lang='lat' dir='ltr'><strong>solum</strong></span> <span class='ocrx_word' id='word_1_826' title='bbox 2229 5352 2466 5405; x_wconf 89' lang='lat' dir='ltr'><strong>universi</strong></span> <span class='ocrx_word' id='word_1_827' title='bbox 2491 5355 2639 5408; x_wconf 84' lang='lat' dir='ltr'><strong>orbis</strong></span> <span class='ocrx_word' id='word_1_828' title='bbox 2672 5357 2963 5424; x_wconf 89' lang='lat' dir='ltr'><strong>diluviunt,</strong></span> <span class='ocrx_word' id='word_1_829' title='bbox 3000 5373 3030 5413; x_wconf 88' lang='lat' dir='ltr'><strong>a</strong></span> <span class='ocrx_word' id='word_1_830' title='bbox 3067 5377 3176 5430; x_wconf 89' lang='lat' dir='ltr'><strong>quo</strong></span> <span class='ocrx_word' id='word_1_831' title='bbox 3206 5363 3276 5416; x_wconf 86' lang='lat' dir='ltr'><strong>ad</strong></span> <span class='ocrx_word' id='word_1_832' title='bbox 3310 5364 3574 5419; x_wconf 82' lang='lat' dir='ltr'><strong>Abraham</strong></span> 
     </span>
    </p>
   </div>
   <div class='ocr_carea' id='block_1_115' title="bbox 2021 5439 3578 5523">
    <p class='ocr_par' dir='ltr' id='par_1_115' title="bbox 2021 5439 3578 5523">
     <span class='ocr_line' id='line_1_115' title="bbox 2021 5439 3578 5523; baseline 0.01 -28"><span class='ocrx_word' id='word_1_833' title='bbox 2021 5439 2171 5495; x_wconf 87' lang='lat' dir='ltr'><strong>solos</strong></span> <span class='ocrx_word' id='word_1_834' title='bbox 2226 5443 2374 5497; x_wconf 88' lang='lat' dir='ltr'><strong>mille</strong></span> <span class='ocrx_word' id='word_1_835' title='bbox 2410 5453 2461 5498; x_wconf 88' lang='lat' dir='ltr'><strong>et</strong></span> <span class='ocrx_word' id='word_1_836' title='bbox 2493 5451 2836 5519; x_wconf 84' lang='lat' dir='ltr'><strong>septuaginta</strong></span> <span class='ocrx_word' id='word_1_837' title='bbox 2896 5467 3069 5507; x_wconf 85' lang='lat' dir='ltr'><strong>annos</strong></span> <span class='ocrx_word' id='word_1_838' title='bbox 3129 5453 3408 5523; x_wconf 87' lang='lat' dir='ltr'><strong>Scriptura</strong></span> <span class='ocrx_word' id='word_1_839' title='bbox 3447 5471 3578 5510; x_wconf 88' lang='lat' dir='ltr'><strong>euu-</strong></span> 
     </span>
    </p>
   </div>
   <div class='ocr_carea' id='block_1_116' title="bbox 2022 5535 3573 5615">
    <p class='ocr_par' dir='ltr' id='par_1_116' title="bbox 2022 5535 3573 5615">
     <span class='ocr_line' id='line_1_116' title="bbox 2022 5535 3573 5615; baseline 0.01 -32"><span class='ocrx_word' id='word_1_840' title='bbox 2022 5543 2211 5595; x_wconf 89' lang='lat' dir='ltr'><strong>merat,</strong></span> <span class='ocrx_word' id='word_1_841' title='bbox 2245 5535 2339 5588; x_wconf 82' lang='lat' dir='ltr'><strong>sed</strong></span> <span class='ocrx_word' id='word_1_842' title='bbox 2373 5545 2428 5590; x_wconf 89' lang='lat' dir='ltr'><strong>et</strong></span> <span class='ocrx_word' id='word_1_843' title='bbox 2462 5537 2633 5606; x_wconf 91' lang='lat' dir='ltr'><strong>ipsius</strong></span> <span class='ocrx_word' id='word_1_844' title='bbox 2675 5543 2860 5595; x_wconf 89' lang='lat' dir='ltr'><strong>mundi</strong></span> <span class='ocrx_word' id='word_1_845' title='bbox 2893 5544 3187 5612; x_wconf 88' lang='lat' dir='ltr'><strong>primordia</strong></span> <span class='ocrx_word' id='word_1_846' title='bbox 3221 5545 3379 5615; x_wconf 77' lang='lat' dir='ltr'><strong>longo</strong></span> <span class='ocrx_word' id='word_1_847' title='bbox 3414 5547 3573 5601; x_wconf 88' lang='lat' dir='ltr'><strong>inter-</strong></span> 
     </span>
    </p>
   </div>
   <div class='ocr_carea' id='block_1_117' title="bbox 2021 5623 3559 5714">
    <p class='ocr_par' dir='ltr' id='par_1_117' title="bbox 2021 5623 3559 5714">
     <span class='ocr_line' id='line_1_117' title="bbox 2021 5623 3559 5714; baseline 0.008 -36"><span class='ocrx_word' id='word_1_848' title='bbox 2021 5623 2160 5680; x_wconf 84' lang='lat' dir='ltr'><strong>vallo</strong></span> <span class='ocrx_word' id='word_1_849' title='bbox 2191 5631 2525 5698; x_wconf 79' lang='lat' dir='ltr'><strong>supergredi.</strong></span> <span class='ocrx_word' id='word_1_850' title='bbox 2566 5633 2646 5688; x_wconf 86' lang='lat' dir='ltr'><strong>Ad</strong></span> <span class='ocrx_word' id='word_1_851' title='bbox 2678 5633 2791 5688; x_wconf 77' lang='lat' dir='ltr'><strong>haec</strong></span> <span class='ocrx_word' id='word_1_852' title='bbox 2823 5636 2955 5692; x_wconf 87' lang='lat' dir='ltr'><strong>satis</strong></span> <span class='ocrx_word' id='word_1_853' title='bbox 2982 5635 3118 5714; x_wconf 82' lang='lat' dir='ltr'><strong>bene</strong></span> <span class='ocrx_word' id='word_1_854' title='bbox 3154 5637 3206 5691; x_wconf 90' lang='lat' dir='ltr'><strong>in</strong></span> <span class='ocrx_word' id='word_1_855' title='bbox 3237 5639 3559 5704; x_wconf 65' lang='lat' dir='ltr'><strong>exponendis</strong></span> 
     </span>
    </p>
   </div>
  </div>
