3908 6174
317 430 415 491 7‘21

317 646 438 684 cum
472 630 781 685 econtrario
809 630 998 700 reliqui
1032 645 1244 695 omnes,
1275 631 1366 699 qui
1393 646 1486 686 eas
1515 633 1879 700 tradiderunt,

314 721 588 788 Manetho,
643 720 932 792 Josephus
975 720 1155 776 Julius
1203 722 1516 789 Africanus,
1570 725 1878 796 Syneellus,

315 824 480 878 atque
529 815 670 882 apud
713 816 859 870 hunc
893 815 1062 868 Vetus
1099 814 1440 878 Chronicon,
1473 825 1524 870 et
1563 815 1882 873 Eratosthe-

317 921 434 967 nes,
457 916 568 960 tum
592 907 777 960 (Eritici
799 908 1133 963 recentiores
1148 907 1511 970 Marshamus.
1539 908 1882 977 Perizonius,

317 995 585 1062 Vitringa.
614 996 1076 1063 Cumberlandus,
1111 998 1314 1066 aliique
1352 999 1532 1065 multi,
1570 1002 1640 1054 ita
1673 1010 1768 1056 aut
1798 1018 1883 1056 se-

317 1103 441 1141 cum
475 1097 742 1156 pugnent,
771 1100 861 1142 aut
889 1089 1088 1144 diversi
1123 1092 1176 1144 in
1210 1089 1422 1145 diversa
1461 1091 1680 1158 abeant,
1728 1101 1790 1146 ut
1819 1091 1886 1147 de

313 1191 462 1231 certa
509 1179 686 1248 aliqua
727 1179 919 1234 notitia
966 1180 1094 1235 inde
1132 1184 1527 1251 comparanda.
1565 1185 1884 1238 conclama-

318 1279 428 1322 tum
469 1269 582 1338 jam
633 1272 725 1325 sit.
781 1272 914 1336 Quia:
945 1272 1106 1326 unice
1152 1287 1182 1328 e
1233 1276 1407 1328 sacris
1447 1273 1744 1345 Scripturis
1793 1275 1886 1328 lux

311 1360 558 1426 quadam
618 1360 866 1430 allulget.
911 1360 1297 1432 Egyptiorum
1341 1378 1566 1432 regnum
1615 1373 1885 1419 monstrat

312 1452 553 1504 omnium
587 1451 754 1506 fuisse
778 1453 1246 1519 antiquissimum,
1269 1454 1539 1524 siquidem
1563 1456 1676 1524 jam
1725 1470 1887 1522 reges

315 1543 590 1605 habuisse,
627 1559 737 1612 quo
790 1555 1034 1614 tempore
1057 1546 1273 1600 advenit
1317 1548 1594 1602 Abraham
1645 1547 1699 1601 in
1746 1548 1888 1602 Cha-

313 1649 478 1698 naan,
509 1651 570 1689 ex
605 1635 832 1692 Genesis
865 1653 960 1702 xu,
997 1637 1085 1700 l5,
1122 1649 1357 1694 constat.
1390 1640 1526 1694 Tum
1553 1641 1687 1694 illud
1721 1642 1884 1696 etiam

310 1740 378 1780 ex
410 1727 532 1780 aliis
561 1728 858 1797 Scriptura:
893 1731 1050 1792 locis,
1079 1746 1107 1784 a
1141 1731 1419 1787 Mizraimo
1455 1734 1566 1802 (qui
1610 1738 1790 1796 Mettes
1829 1737 1883 1788 in

309 1818 481 1871 veteri
515 1819 776 1874 laterculo
802 1821 1022 1888 dicitur,
1055 1822 1308 1893 Syncello
1332 1826 1637 1895 Μεστραὶν.
1671 1825 1877 1892 fuitque

309 1906 505 1963 Chami
539 1911 728 1980 illius)
772 1911 1055 1984 Egyptios
1081 1924 1230 1970 ortos
1269 1931 1388 1971 esse
1418 1935 1431 1982 ;
1472 1933 1596 1970 nam
1633 1929 1690 1972 et
1733 1920 1878 1988 regio

310 2001 506 2064 cliami',
557 2002 826 2074 lEgyptus
875 2007 928 2060 in
963 2005 1195 2062 Psalmis
1249 2008 1421 2070 audit,
1466 2019 1520 2063 et
1554 2008 1880 2066 Plutarchus

309 2093 379 2150 de
409 2094 573 2159 Iside,
629 2097 732 2160 Evt,
789 2098 985 2166 inquit,
1050 2101 1149 2168 τὴν
1200 2101 1476 2168 Αἴγυπτον
1526 2102 1714 2170 Χημεα
1785 2120 1883 2154 κα.-

312 2183 490 2242 λοῦσι.
529 2187 610 2241 Ab
639 2203 706 2242 eo
736 2205 855 2258 quae
878 2191 1097 2244 condita
1131 2192 1329 2246 dicitur
1355 2191 1724 2256 Thauitarum,
1768 2195 1884 2246 sive

316 2276 448 2332 Τακὶ
484 2279 760 2350 dynastia,
819 2281 1006 2336 eadem
1042 2282 1202 2338 facile
1234 2283 1502 2348 videatur,
1543 2300 1702 2353 quant
1730 2300 1885 2339 sacer

318 2377 502 2424 textus
525 2369 699 2436 Zoan,
727 2373 840 2427 sive
866 2373 1082 2438 Tancos
1107 2385 1286 2429 vocat.
1308 2374 1430 2430 Haec
1453 2391 1617 2444 porro
1637 2376 1882 2430 omnium

317 2457 483 2515 fuerit
527 2464 905 2532 antiquissima
940 2481 955 2522 :
994 2467 1222 2520 tametsi,
1258 2468 1554 2532 potuerint,
1591 2476 1648 2520 ut
1675 2483 1738 2521 ex
1767 2467 1886 2520 ani-

317 2567 411 2608 mo
442 2548 588 2622 quod
640 2556 820 2609 sentio
865 2557 1066 2622 dicam,
1108 2559 1227 2611 alia:
1270 2559 1433 2613 simul
1487 2559 1786 2625 exstitisse,
1822 2574 1889 2613 ae

317 2645 507 2701 saltem
548 2647 823 2716 prioribus
871 2649 1056 2703 decem
1095 2649 1319 2704 totidem
1365 2651 1687 2706 constitisse
1721 2666 1886 2720 regna

317 2735 482 2791 simul
531 2737 874 2807 exsistentia,
913 2741 987 2793 ita
1039 2749 1218 2794 tamen
1264 2750 1323 2795 ut
1374 2742 1480 2796 alia
1539 2743 1663 2796 aliis
1707 2743 1887 2798 serius

318 2829 482 2898 paulo
520 2829 844 2897 inceperim,
902 2833 1165 2902 novisque
1217 2833 1468 2888 sutl'ectis
1518 2849 1615 2903 pro
1655 2834 1888 2890 fortunae

319 2918 557 2984 vicibus,
610 2922 874 2976 desierint
915 2925 969 2976 in
1020 2939 1109 2989 xv,
1164 2925 1687 2995 Diospolitanorum,
1723 2942 1752 2982 a
1783 2942 1890 2996 qua

318 3013 654 3068 successisse
683 3013 785 3067 sibi
829 3016 1068 3084 reliquas
1099 3026 1295 3083 putare
1330 3018 1538 3071 malim.
1584 3017 1746 3073 Certe
1783 3033 1890 3085 quo

324 3110 565 3170 tempore
615 3105 810 3158 ductus
843 3115 928 3160 est
981 3105 1184 3173 Joseph
1233 3107 1285 3160 in
1338 3106 1658 3178 Egyplum,
1717 3125 1884 3164 unum

1584 427 1986 490 VALLARSlI
2013 431 2249 494 NOTi’E.

317 537 694 609 Egyptioruut
745 538 906 594 rebus
939 543 1151 593 constat
1197 547 1459 608 perpetuo
1509 539 1614 594 sibi
1647 539 1873 608 ;Noster,
1908 550 1955 605 Α

2052 541 2188 596 lbid.
2217 539 2548 598 Zoroastres.
2579 542 2636 598 ln
2661 550 2804 599 tanta
2830 559 3075 599 veterum
3101 553 3246 599 inter
3272 517 3331 599 se
3361 554 3554 598 aucto-

1987 647 2106 686 rum
2140 648 2316 703 pugna
2349 636 2416 688 de
2442 633 2744 690 Zoroastris
2776 644 2958 702 artate,
2990 636 3042 690 in
3072 637 3173 690 hoc
3207 650 3338 690 sane
3371 635 3552 704 plures

1985 727 2352 794 consentiunt,
2383 730 2522 798 quod
2549 729 2672 784 Nini
2731 746 2870 795 aevo,
2907 743 3002 786 aut
3035 731 3176 801 quod
3207 731 3350 785 idem
3385 731 3554 785 ferme

1984 806 2091 884 est,
2133 819 2512 876 Semiramidis
2535 821 2696 876 fuerit
2732 836 2748 879 :
2776 831 2834 876 ut
2872 823 2917 878 si
2944 823 3079 878 adeo
3099 832 3241 877 recte
3271 838 3368 877 nos
3395 822 3554 891 hujus

1988 917 2229 980 tempora
2277 911 2684 980 investigamus,
2733 921 2844 966 tum
2893 912 3206 976 Zoroaster,
3274 913 3324 965 in
3364 913 3552 966 eadem

1985 1013 2106 1068 quae
2142 998 2279 1053 Nino
2306 1001 2615 1067 tribuimus,
2650 1003 2768 1070 plus
2794 1001 2974 1055 minus
3013 1001 3234 1063 incidat,
3288 1001 3420 1054 nihil
3457 1015 3554 1056 ne-

1986 1104 2140 1145 cesse
2163 1091 2231 1145 sit
2255 1092 2437 1160 plures
2465 1094 2820 1163 cognomines
2845 1093 3165 1148 Zoroastres
3192 1093 3554 1157 comminisci,

1987 1192 2150 1250 atque
2181 1184 2294 1238 lure
2338 1184 2451 1253 ipsa
2499 1193 2800 1254 temporum
2849 1185 3134 1254 utriusque
3175 1184 3555 1238 convenientia

1988 1271 2408 1328 commentitiam
2458 1274 2801 1345 Assyriorum
2841 1276 3220 1345 antiquitatem
3262 1290 3400 1328 novo
3459 1289 3546 1328 ar-
3591 1273 3594 1276 ’

1987 1375 2252 1433 gumento
2283 1367 2560 1428 explodat.
2611 1367 2744 1421 Illud
2783 1383 2946 1435 porro
2986 1368 3420 1422 luculentissime
3450 1379 3556 1420 tra-
3581 1411 3593 1425 .

1989 1457 2089 1518 dit,
2130 1468 2322 1524 przeter
2362 1458 2659 1512 Eusebium
2693 1468 2966 1523 nostrum,
3017 1469 3072 1513 et
3110 1459 3426 1512 Africanum
3468 1470 3568 1527 ρει

1990 1562 2087 1603 nes
2120 1549 2452 1618 Syncellum,
2485 1550 2734 1606 Justinus
2770 1552 2863 1606 lib.
2899 1567 2942 1616 t,
2979 1567 3098 1620 cap.
3138 1551 3189 1618 7,
3223 1552 3312 1605 ubi
3344 1551 3558 1604 Postre-

1989 1656 2130 1693 mum
2161 1641 2238 1693 illi
2269 1640 2448 1710 (Nino)
2478 1642 2669 1696 bellum
2698 1659 2813 1696 cum
2842 1641 3129 1697 Zoroastre
3159 1659 3275 1712 rege
3307 1642 3562 1697 Bactria-

1993 1750 2177 1786 norum
2209 1734 2333 1802 [uit,
2367 1735 2456 1803 qui
2495 1737 2696 1803 primus
2741 1737 2936 1790 dicitur
2969 1746 3108 1791 artes
3155 1739 3388 1805 magicas
3419 1737 3562 1790 inve-

1993 1818 2151 1889 nisse,
2169 1837 2275 1879 etc.
2295 1827 2593 1895 Cephalion
2612 1844 2830 1897 quoque
2855 1827 3144 1884 historicus
3181 1830 3283 1883 sub
3305 1830 3568 1898 Adrian",

1983 1915 2106 1970 Nini
2148 1933 2233 1972 res
2263 1930 2470 1984 gestas,
2501 1921 2714 1988 γένεσιν
2745 1922 3116 1990 Σεμιράμεως
3182 1923 3276 1975 καὶ
3346 1923 3566 1992 Ζωροά-

1985 2026 2148 2077 στρου
2183 2011 2375 2078 Μάγου
2408 2013 2471 2066 ad
2501 2013 2686 2067 eadem
2712 2014 2892 2068 retulit
2931 2026 3195 2082 tempora.
3241 2013 3453 2068 Ctesias
3472 2014 3576 2066 dct—

1985 2104 2148 2169 nique
2185 2105 2319 2172 ipse,
2351 2116 2406 2161 et
2443 2108 2535 2176 qui
2563 2123 2688 2161 eum
2733 2109 2984 2176 sequitur
3033 2108 3322 2172 Diodorus,
3358 2107 3455 2162 lib.
3494 2123 3558 2170 tt,

1986 2197 2135 2264 paria
2171 2197 2392 2260 habent,
2451 2207 2775 2266 tantumque
2808 2203 2859 2254 in
2895 2215 2960 2254 eo
3007 2200 3112 2254 iste
3141 2200 3372 2260 abludit.
3420 2200 3565 2266 quod

1990 2275 2280 2358 Oxyarteiu
2310 2297 2488 2354 vocat,
2525 2305 2620 2358 pro
2651 2289 2965 2354 Zoroastre,
3002 2305 3102 2345 nec
3131 2307 3347 2361 magum
3384 2290 3516 2344 dicit
3550 2306 3564 2341 :

1989 2394 2052 2431 ex
2089 2387 2201 2432 toto
2235 2389 2416 2434 autem
2469 2388 2731 2434 contextu
2781 2380 2979 2450 liquet,
3012 2396 3119 2434 non
3173 2381 3242 2436 de
3294 2381 3401 2435 alio
3441 2397 3567 2435 eunt

1991 2469 2136 2536 loqui
2196 2469 2615 2524 Bactrianorum
2672 2486 2820 2541 rege,
2871 2485 3034 2540 quam
3079 2472 3206 2534 isto,
3258 2487 3417 2541 quem
3459 2470 3568 2523 Zo-

1989 2573 2259 2616 roastrem
2293 2578 2510 2632 magum
2537 2563 2629 2617 alii
2658 2565 2965 2618 nominant.
2994 2562 3239 2617 Alterum
3274 2566 3418 2632 quod
3444 2579 3568 2632 spc~

1989 2666 2122 2720 ctat,
2155 2655 2269 2711 sola
2314 2665 2562 2710 veterum
2595 2657 2985 2724 quorumdam,
3020 2656 3179 2724 plane
3222 2655 3470 2709 fabulosa
3503 2655 3570 2707 de

1989 2749 2297 2803 Zoroastris
2349 2760 2506 2803 :etate
2542 2748 2855 2804 testimonia
2903 2748 2956 2802 in
2994 2763 3156 2803 causa
3191 2747 3436 2812 fuerunt,
3469 2765 3569 2801 cur

1989 2847 2042 2894 et
2073 2840 2202 2892 oliui
2259 2839 2468 2893 Plinius
2499 2839 2596 2893 lib.
2633 2855 2761 2904 xxx,
2807 2839 2860 2902 1,
2891 2836 3154 2890 dubitarit
3189 2852 3254 2890 an
3288 2854 3472 2906 magus
3502 2836 3573 2890 sit

1992 2929 2132 2983 idem
2171 2945 2292 2984 cuin
2337 2946 2452 2999 rege
2497 2931 2932 2992 Bactrianorum,
2969 2940 3157 2999 postea
3210 2929 3484 2998 Scaliger,
3519 2939 3574 2982 et

1991 3018 2292 3073 Buchartus
2323 3021 2463 3073 duos
2491 3019 2879 3075 contenderim
2912 3020 3210 3082 exstitisse,
3261 3019 3569 3072 Salmasius

1993 3127 2142 3176 vero,
2173 3123 2222 3165 et
2252 3111 2586 3166 Lambecius
2606 3123 2738 3179 tres,
2773 3121 2831 3166 ut
2862 3112 2996 3167 alios
3020 3127 3162 3166 nunc
3231 3119 3570 3180 prmeream,

323 3191 591 3246 duntaxat
613 3208 793 3260 regem
816 3194 983 3248 totius
1007 3195 1244 3261 regionis
1267 3195 1556 3263 imperium
1583 3196 1887 3266 obtinuisse
1915 3227 1958 3284 ο
1994 3204 2085 3273 qui
2121 3214 2356 3272 quatuor
2379 3212 2432 3258 et
2467 3204 2730 3273 quinque,
2767 3203 2898 3262 imo.
2933 3203 2976 3256 si
3009 3203 3116 3258 diis
3151 3204 3348 3272 placet,
3385 3213 3440 3256 et
3468 3219 3566 3256 sex

315 3296 385 3340 es
418 3284 648 3339 Genesis
684 3301 808 3338 xuv
838 3296 1176 3356 compertum
1227 3298 1334 3340 est.
1378 3285 1574 3340 Verum
1609 3287 1722 3341 haec
1767 3302 1889 3358 per-

316 3377 474 3442 sequi
527 3377 874 3437 disserendo.
921 3386 982 3430 ut
1042 3377 1230 3432 lectori
1278 3380 1893 3446 probentur,.hrevitas

314 3464 581 3520 Notarum
609 3483 714 3522 non
741 3469 959 3534 patitur.
989 3467 1116 3523 llzec
1139 3479 1318 3522 autem
1346 3471 1458 3536 ipsa
1486 3471 1735 3540 tlynastia
1777 3485 1887 3536 xvt,

316 3575 482 3630 quam
503 3559 883 3627 Thebanorum
915 3562 1167 3616 inscribit
1200 3562 1488 3628 Eusebius,
1521 3562 1776 3632 Syneello
1806 3565 1891 3628 di:

312 3653 464 3706 citur
525 3654 838 3707 Tanitarum
892 3668 959 3707 ex
1017 3651 1215 3708 Vetere
1242 3651 1548 3717 Chronico,
1611 3653 1889 3716 Atrirano,

315 3740 627 3798 Grecorum
677 3744 985 3812 Pastorum,
1021 3761 1127 3816 qua
1156 3746 1223 3801 de
1262 3761 1318 3801 re
1350 3747 1501 3816 plura
1550 3746 1780 3801 inferius
1807 3745 1890 3799 di-

316 3837 490 3890 cenda
525 3845 710 3890 erunt.
1367 3903 1375 3909 _

391 3929 509 3982 Col.
535 3927 662 3984 259.
694 3927 944 3982 Niniveu.
968 3927 1049 3982 Ab
1072 3929 1280 3984 Assure
1319 3927 1548 3982 Niniven
1595 3927 1889 3991 conditam,

315 4037 429 4074 non
457 4037 485 4073 a
515 4019 678 4082 Nino,
705 4021 1052 4075 ostendimus
1085 4021 1395 4074 certissimo
1422 4020 1718 4090 Scriptura:
1743 4019 1893 4074 testi-

317 4111 508 4166 monio
557 4113 690 4166 Gen.
732 4127 783 4164 st
818 4128 833 4164 :
870 4111 951 4165 Ea:
984 4098 1082 4165 hac
1127 4120 1271 4165 terra
1315 4120 1496 4180 postea
1538 4127 1780 4181 egressus
1817 4113 1891 4164 est

316 4205 512 4266 Assur,
541 4219 586 4258 et
618 4194 850 4258 romliilit
875 4205 1081 4268 Ninive,
1114 4203 1406 4266 Rehohoth,
1445 4215 1576 4265 etc.,
1612 4204 1814 4272 quibus
1839 4214 1894 4258 et

315 4299 593 4368 Josephus
624 4299 888 4361 concinit,
915 4306 969 4353 et
998 4298 1335 4353 Chronicon.
1352 4298 1630 4352 Paschale.
1658 4297 1893 4352 Proinde

321 4393 520 4446 falsum
560 4391 786 4445 omnino
821 4401 925 4449 est,
974 4404 1085 4457 quo
1133 4390 1383 4459 plerique
1418 4389 1690 4452 nituntur,
1725 4403 1892 4455 argu-

320 4489 565 4534 mentum
594 4480 725 4533 illud
756 4493 786 4532 a
824 4478 1064 4531 nominis
1090 4477 1445 4532 similitudine
1476 4494 1489 4530 :
1518 4493 1640 4531 eum
1667 4477 1892 4531 minime

1993 3293 2118 3346 inde
2147 3295 2464 3362 exsculpere
2489 3295 2665 3349 conati
2708 3303 2854 3348 sunt.
2895 3292 3090 3348 Verum
3151 3307 3215 3347 ea
3253 3293 3571 3348 testimonia

1993 3399 2113 3438 cum
2147 3385 2214 3437 ab
2253 3385 2402 3439 onmi
2438 3385 2554 3437 veri
2606 3386 2790 3453 Specie
2820 3395 2982 3455 atque
3019 3385 3276 3439 universa
3323 3387 3570 3452 gentium

1990 3475 2222 3529 historia
2254 3476 2594 3529 abhorreant
2644 3478 2881 3530 immane
2919 3485 3208 3544 quantum.
3245 3478 3436 3531 doctos
3473 3479 3571 3531 ho-

1993 3565 2171 3618 mines
2220 3565 2353 3617 nihil
2405 3564 2600 3617 morari
2661 3565 2916 3618 debuisse
2964 3565 3107 3625 dico,
3146 3566 3461 3632 nullamque
3492 3564 3571 3617 eis

1999 3671 2123 3710 esse
2156 3656 2518 3710 adhibendam
2549 3655 2732 3709 fidem.
2765 3653 3061 3710 Enimvero
3114 3654 3300 3708 tnundi
3335 3658 3570 3724 primor-

1994 3749 2081 3802 dia
2125 3748 2310 3801 multis
2346 3747 2558 3801 saeculis
2603 3755 2907 3801 anteverlat
2942 3762 3166 3801 necesse
3194 3757 3299 3809 est,
3335 3750 3424 3816 qui
3451 3763 3569 3801 crc-

1996 3840 2088 3893 dat
2133 3837 2431 3907 llermippo
2465 3847 2517 3892 et
2545 3838 2826 3892 Aristoteli
2877 3838 3017 3905 apud
3053 3835 3314 3899 Plinium,
3347 3845 3400 3890 et
3432 3837 3566 3890 ller-

1993 3931 2220 3985 tnodoro
2249 3931 2530 3984 Platonico
2558 3931 2698 3999 apud
2732 3930 3008 3984 Laertium
3044 3931 3096 3982 in
3135 3932 3424 3998 protentio,
3462 3938 3569 3982 tra-

1993 4022 2267 4085 dentibus,
2303 4023 2547 4092 quinque
2578 4023 2726 4077 mille
2755 4017 2928 4077 annos
2974 4035 3102 4075 ante
3146 4022 3343 4074 bellum
3375 4020 3569 4089 Trojav

1995 4129 2121 4167 num
2153 4113 2322 4168 fuisse
2352 4097 2703 4167 Zoroastrem
2743 4131 2756 4168 :
2793 4129 2954 4182 quam
2983 4114 3309 4167 Sententiam
3360 4111 3571 4170 Plutar-

1992 4205 2127 4260 chus
2154 4219 2368 4273 quoque
2409 4205 2501 4259 lib.
2534 4204 2597 4259 de
2657 4203 2803 4258 Iside
2834 4215 2881 4259 et
2945 4204 3158 4260 Osiride
3202 4206 3403 4261 laudat.
3444 4206 3572 4261 Plus

1993 4295 2172 4350 adhuc
2212 4305 2507 4364 exaggerat
2539 4295 2794 4348 Eudoxus
2836 4297 2979 4363 apud
3015 4296 3267 4351 eunideiu
3309 4298 3568 4360 Plinium,

1993 4386 2085 4454 qui
2117 4401 2209 4441 sex
2237 4387 2384 4440 mille
2414 4401 2589 4441 annos
2621 4397 2747 4441 ante
2773 4385 3017 4440 Platonis
3047 4396 3280 4441 mortem
3316 4388 3572 4443 t‘louiisse

1993 4493 2118 4532 eum
2155 4478 2363 4532 scribit.
2400 4477 2535 4532 Puto
2557 4494 2676 4548 ego,
2711 4479 3014 4534 fabularum
3055 4481 3292 4533 arehitec
3316 4488 3402 4535 tos
3447 4490 3572 4535 tan-

319 4573 395 4626 sit
429 4573 472 4628 al
494 4571 817 4640 cognomine
859 4584 990 4638 rege
1053 4569 1202 4623 urbis
1240 4569 1598 4622 derivandnm
1664 4573 1886 4623 nomen.
1924 4556 1972 4615 ι)
2000 4581 2107 4624 tam
2155 4569 2470 4624 Zoroastris
2520 4579 2842 4625 vetustatem
2897 4579 3258 4639 commentos,
3306 4581 3361 4626 nt
3405 4573 3570 4628 semel

317 4663 465 4730 Quin
500 4666 661 4716 aliam
697 4679 817 4717 esse
866 4665 1147 4719 innuimus
1175 4678 1336 4730 supra
1368 4662 1508 4730 regis
1550 4668 1713 4729 atque
1743 4660 1896 4714 urbis

317 4756 700 4826 etyinol03iatn
738 4772 752 4808 :
788 4756 858 4808 ita
889 4756 1032 4808 enim
1069 4756 1156 4807 ille
1187 4769 1246 4807 se
1271 4752 1439 4821 ﬁlium
1471 4752 1554 4804 dei
1611 4752 1896 4806 Chaldaeo-

319 4863 462 4909 rum,
500 4847 615 4900 sive
652 4847 758 4899 Beli
803 4848 1150 4902 nominavit:
1196 4847 1337 4898 hanc
1388 4844 1682 4907 Hebraice,
1734 4852 1793 4898 ut
1837 4844 1893 4898 in

319 4955 474 4994 sacro
496 4939 891 5010 estarchetypo
928 4949 1091 5002 mm.
1157 4939 1356 4993 rectius
1379 4939 1509 4992 libet
1534 4937 1894 5006 interpretari,

319 5030 514 5095 ﬁliam,
567 5030 684 5086 sive
737 5031 1032 5094 coloniam,
1078 5030 1449 5088 habitationis.
1493 5028 1548 5082 id
1598 5035 1701 5090 est,
1736 5027 1894 5081 habi-

323 5121 515 5176 tationi
552 5122 915 5176 commodam.
945 5119 1210 5174 Nimirum
1243 5130 1296 5175 et
1327 5120 1540 5174 colonia
1563 5127 1679 5172 erat
1701 5118 1895 5172 Ninive

321 5213 480 5264 ducta
514 5227 578 5266 ex
615 5211 904 5283 Babylonia
937 5229 949 5265 :
980 5212 1121 5279 quod
1175 5211 1228 5264 in
1253 5225 1417 5266 causa
1454 5219 1538 5263 est
1595 5225 1692 5263 cur
1721 5207 1895 5264 Moses

321 5301 485 5370 huius
539 5304 733 5372 origini
779 5303 962 5358 statim
1013 5302 1164 5356 illius
1217 5301 1514 5372 primordia
1579 5301 1892 5369 subjttngat.

323 5393 448 5464 Legi
497 5406 673 5450 autem
710 5404 885 5464 potest
910 5405 964 5450 et
995 5394 1173 5449 Ninon
1213 5407 1264 5449 et
1302 5393 1508 5464 Ninya,
1575 5395 1716 5462 quod
1752 5392 1895 5447 Sca-

324 5485 459 5555 liger
503 5489 674 5558 magis
717 5488 930 5557 probat,
978 5487 1190 5541 tametsi
1278 5487 1410 5538 falso
1459 5487 1656 5539 tribuat
1691 5483 1894 5539 Masso-

323 5581 599 5634 retharmn
624 5594 802 5647 onera:
829 5579 971 5648 quod
999 5578 1288 5632 maluerint
1318 5579 1496 5631 vocari
1518 5578 1732 5642 Νινευι,
1765 5591 1889 5630 cum

325 5671 398 5724 ita
436 5682 489 5724 et
518 5680 645 5724 ante
678 5671 1069 5735 MaSsorethas,
1101 5683 1155 5725 et
1183 5672 1324 5739 apud
1367 5671 1714 5724 Ptolemaeum
1763 5669 1898 5724 scri«

330 5761 566 5823 lueretur.
599 5772 761 5832 atque
797 5763 990 5816 iterum
1027 5763 1129 5817 sub
1175 5763 1279 5815 alia
1321 5760 1758 5829 pronuntiatione
1794 5757 1899 5812 Ni-

333 5868 450 5907 neve
484 5855 626 5924 apud
666 5855 1009 5908 Ammianum
1047 5854 1436 5909 Marcellinum.

1999 4664 2215 4718 traditae
2258 4663 2325 4719 de
2361 4664 2710 4735 Assyriorum
2760 4664 3024 4717 immensa
3072 4666 3398 4734 antiquitate
3450 4668 3570 4735 ep?-

1997 4755 2149 4809 nioni
2187 4771 2342 4810 suam
2379 4756 2616 4825 quisque
2652 4755 3074 4824 adtemperarct,
3110 4765 3164 4809 et
3193 4756 3331 4811 Nino
3368 4758 3433 4811 de
3463 4776 3572 4830 quo

1998 4846 2283 4900 ahnormia
2321 4847 2684 4910 contiserant,
2727 4847 2889 4900 simili
2927 4847 3213 4900 mendacio
3245 4858 3406 4916 atque
3433 4865 3568 4904 ausu

1998 4952 2287 5006 supparem
2322 4935 2584 4992 facerent.
2626 4937 2788 4993 llisce
2818 4938 3015 4992 fabulis
3039 4939 3400 4995 adceusendae
3431 4958 3568 5010 quo-

1998 5043 2104 5095 que
2142 5036 2272 5081 sunt
2316 5027 2604 5094 Opiniones
2645 5027 2751 5080 illa:
2795 5038 2900 5081 tam
2950 5027 3116 5082 variae
3154 5029 3218 5080 de
3259 5029 3570 5085 Zoroastris

1998 5132 2256 5187 persona,
2292 5134 2452 5187 quam
2478 5118 2557 5171 vel
2590 5118 2643 5171 in
2668 5118 2872 5171 Chamn
2895 5117 3020 5173 Nore
3053 5119 3183 5183 filio,
3214 5130 3268 5174 ut
3298 5122 3569 5189 plerisque

1999 5193 2395 5263 recentioribus
2419 5210 2613 5277 placet,
2648 5211 2726 5262 vel
2751 5212 2801 5262 in
2822 5209 2990 5275 Chus,
3022 5221 3076 5264 ut
3100 5211 3363 5278 Gregorio
3388 5212 3568 5266 Turo-

1997 5298 2175 5362 nensi,
2227 5299 2309 5352 vel
2365 5299 2416 5352 in
2469 5297 2748 5359 Nimrodo,
2796 5307 2853 5351 ut
2913 5299 3116 5354 auctori
3177 5300 3568 5353 Clementinor.

1997 5405 2118 5459 qua:
2143 5390 2310 5443 edidit
2349 5389 2668 5454 Cotelerius,
2690 5391 2870 5456 Vel,ttl
2903 5392 3037 5445 alios
3076 5401 3304 5454 taceam,
3347 5391 3398 5441 in
3433 5389 3566 5441 Μίτ-

2005 5481 2202 5542 raimo,
2261 5481 2311 5534 in
2347 5482 2572 5545 Assure,
2604 5481 2656 5534 in
2689 5483 3019 5545 Abrahamo,
3054 5481 3327 5544 Balaamo,
3362 5481 3583 5550 Moyse,

1999 5581 2055 5628 et
2091 5571 2428 5642 Pamphylio,
2480 5583 2531 5627 et
2569 5575 2844 5628 sexcentis
2893 5575 3038 5637 aliis,
3091 5587 3228 5638 quos
3267 5573 3436 5649 longo.
3473 5591 3570 5626 or-

1999 5665 2124 5717 dine
2154 5662 2437 5719 Fabri-cins
2462 5677 2764 5727 enumerat,
2793 5667 3129 5719 contendunt
3165 5667 3565 5733 repraesentari.

2000 5751 2131 5806 Nam
2165 5755 2265 5808 etsi
2297 5754 2496 5816 aetatis,
2537 5771 2639 5823 qua
2673 5753 2760 5807 ille
2798 5753 3013 5817 vixerit,
3045 5769 3142 5822 pro
3188 5769 3286 5807 sua
3339 5771 3566 5825 qumque

2001 5843 2214 5902 ratione
2253 5857 2436 5904 ttOtatn
2484 5847 2782 5910 includam,
2824 5845 2940 5915 ipsa
2993 5847 3081 5900 illa
3137 5847 3373 5903 varietas
3421 5857 3566 5906 tanta
