3908 6174
401 356 507 418 723

402 588 680 651 tigmenta.
723 584 911 653 Itaque
938 579 1085 634 nulla
1115 578 1265 649 prior
1312 594 1464 643 vero,
1504 596 1568 637 ac
1592 582 1799 638 dudum
1840 598 1969 653 pro-

404 672 596 744 posita:
616 673 687 727 de
717 666 1061 742 Assyriorum
1111 684 1227 724 :evo
1276 670 1563 741 hypothesi
1613 676 1789 745 magis
1836 691 1970 732 con-

403 775 663 817 sentanea
698 761 970 816 sententia
1024 759 1238 816 videtur
1269 761 1360 816 illa
1395 760 1597 816 Xanthi
1638 761 1817 834 Lydii,
1853 765 1971 833 qul,

405 863 544 909 teste
572 853 765 918 Suida,
789 852 930 907 vixit
959 853 1064 908 sub
1096 853 1264 908 Dario
1298 851 1649 924 llyStaspide,
1688 869 1814 909 cum
1842 854 1974 910 Sar-

404 945 523 1001 deis
558 944 746 1000 urbem
781 944 1142 1000 Atheuienses
1174 945 1298 1015 igne
1332 953 1619 1000 vastarunt
1654 961 1668 998 :
1712 955 1772 1001 ut
1811 938 1975 1002 nemo

403 1019 508 1100 sit:
529 1049 596 1090 ex
643 1036 730 1091 his
768 1051 1000 1107 quorum
1051 1038 1170 1092 sive
1214 1036 1438 1106 scripta,
1493 1037 1611 1092 sive
1666 1038 1975 1095 testimonia

400 1127 505 1183 hac
545 1128 613 1183 de
647 1143 703 1183 re
732 1135 1051 1196 supersunt,
1079 1143 1147 1183 eo
1180 1128 1478 1198 antiquior,
1512 1144 1687 1198 eaque
1711 1131 1778 1185 de
1806 1144 1972 1187 causa

402 1218 565 1273 etiam
596 1218 812 1289 dignior
845 1219 973 1275 ﬁde.
997 1219 1203 1274 Asserit
1239 1236 1404 1289 porro
1427 1221 1516 1276 ille
1540 1223 1824 1291 conceptis
1849 1238 1975 1278 ver-

402 1309 486 1364 bis
518 1309 663 1379 apud
694 1308 970 1365 Laertium
1006 1312 1059 1365 in
1112 1311 1414 1378 Prommio,
1500 1314 1586 1376 εἰς
1622 1314 1722 1385 τὴν
1770 1314 1976 1384 Ξέρξου

399 1398 653 1453 διάϐασιν
681 1399 789 1456 ἀπὸ
816 1402 910 1456 τοῦ
946 1402 1304 1474 Ζωροάστρου
1350 1403 1611 1467 ἑξακόσια
1695 1406 1790 1477 ἐτη
1815 1423 1976 1475 γεγο-

404 1492 553 1543 νέναι
599 1507 613 1545 :
660 1494 729 1544 ad
786 1493 1069 1547 transitum
1124 1492 1318 1549 Xerxis
1371 1513 1404 1551 a
1458 1493 1746 1550 Zoroastre
1811 1512 1978 1551 annos

401 1592 673 1640 sexcentos
731 1583 1069 1643 intercedere.
1124 1586 1390 1655 Equidem
1416 1587 1460 1640 si
1509 1588 1756 1654 dixisset,
1806 1588 1981 1641 ἐπται-

407 1676 597 1742 sedata,
656 1678 1036 1746 septingentos,
1063 1679 1156 1748 qui
1182 1695 1446 1735 numerus
1470 1678 1725 1735 facillime
1754 1697 1978 1751 permu-

404 1767 506 1849 tari
550 1782 581 1821 a
630 1768 874 1823 librariis
914 1770 1116 1840 potuit,
1178 1770 1315 1825 nihil
1374 1780 1520 1825 esset
1576 1774 1720 1841 quod
1774 1772 1977 1827 nostris

404 1842 715 1914 rationibus
771 1837 1062 1928 quadraret
1115 1862 1309 1931 magis.
1371 1837 1609 1917 Omnino
1660 1870 1866 1927 autem,
1919 1870 1976 1917 ut
2008 1837 2049 1898 Β

401 1952 540 2005 nihil
578 1953 950 2020 immulemus,
989 1953 1061 2006 ita
1117 1953 1468 2023 accipiendus
1522 1962 1629 2017 est,
1686 1958 1976 2009 sescentos

407 2045 614 2100 dixisse
669 2046 905 2101 rotundo
965 2059 1217 2110 numero,
1270 2055 1328 2100 ιιι
1374 2046 1621 2114 proxime
1674 2044 1975 2114 Troianum

408 2127 603 2192 bellum
648 2140 955 2205 antecedat,
989 2139 1054 2193 ad
1089 2154 1210 2209 quae
1249 2153 1350 2194 nos
1399 2147 1664 2208 tempora,
1717 2146 1844 2207 post
1875 2153 1975 2191 an-

402 2243 504 2283 nos
552 2229 761 2283 scilicet
807 2232 1185 2299 septingentos
1239 2233 1307 2284 ah
1358 2230 1693 2298 Ahrahamo,
1726 2230 1875 2285 -Nini
1914 2242 1978 2284 ac

400 2319 780 2376 Samiramidis
825 2323 1111 2378 historiam
1140 2324 1379 2378 diximus
1411 2324 1686 2393 superiori
1737 2332 1972 2379 annota-

402 2413 550 2467 tione
582 2428 704 2468 esse
745 2413 1112 2468 referendam.
1151 2412 1271 2468 Jam
1302 2414 1346 2467 si
1379 2416 1446 2467 ab
1479 2416 1581 2470 hoc
1625 2425 1837 2480 nostro,
1882 2415 1973 2485 qui

402 2521 591 2573 parum
634 2520 896 2574 prospere
939 2520 1061 2559 cum
1110 2503 1251 2560 Nino
1301 2506 1582 2572 conﬂixit,
1624 2508 1771 2563 alius
1812 2507 1977 2562 fuerit

402 2596 696 2651 Zoroastrr
751 2599 1120 2665 postmodum.
1175 2600 1469 2668 multisque
1505 2599 1574 2652 ab
1614 2594 1679 2654 eo
1734 2599 1972 2666 smculis,

400 2689 513 2744 sive
541 2688 629 2743 ille
657 2687 1035 2756 Persometlus,
1072 2697 1130 2743 ut
1164 2689 1367 2743 dicitur
1405 2690 1608 2754 Suidm,
1655 2691 1771 2746 sive
1798 2690 1972 2761 Baby-

402 2779 604 2845 lonius,
658 2797 766 2849 quo
821 2781 1083 2853 magistro
1133 2798 1290 2836 usum
1348 2780 1736 2852 Pythagoram,
1790 2792 1975 2838 narrat

402 2871 664 2941 Apuleius
709 2874 761 2927 itt
811 2870 1070 2936 Floridis,
1128 2873 1263 2927 nihil
1315 2873 1661 2941 disputamus
1713 2882 1973 2927 :tantunt

403 2964 538 3018 illud
574 2980 681 3018 non
726 2966 1031 3018 omittimus
1065 2964 1118 3018 in
1170 2980 1281 3018 rem
1326 2975 1572 3018 nostram
1626 2965 1838 3018 celebre
1869 2969 1976 3018 Ar-

402 3055 552 3109 nohii
605 3055 976 3110 testimonium
1036 3056 1132 3121 lib.
1176 3072 1192 3112 t
1248 3073 1262 3109 :
1305 3054 1384 3110 .Ut
1435 3057 1573 3109 inter
1625 3056 1872 3124 Assyrios
1924 3064 1974 3129 et

398 3145 738 3209 Bactrianos,
767 3145 913 3200 Nino
931 3148 1194 3215 quondam
1221 3146 1613 3216 Zoroastreque
1639 3148 1968 3214 ductoribus,

408 3255 514 3291 non
576 3248 785 3290 tantum
840 3237 981 3304 {erro
1028 3238 1367 3291 dimicaretur
1433 3245 1481 3289 et
1522 3239 1751 3301 viribus,
1795 3253 1970 3290 verum

398 3332 557 3383 etiam
592 3331 808 3399 magicis
845 3340 895 3384 et
921 3329 1299 3386 Chaldaeorum
1334 3330 1611 3383 reconditis
1658 3330 1972 3409 disciplinis,

401 3421 603 3475 insidia
626 3421 735 3476 ha’c
766 3433 951 3476 nostra
980 3422 1106 3491 fuit.

444 3538 611 3612 .lbid.
666 3557 912 3614 Subteait
973 3558 1213 3628 Scaliger
1261 3560 1407 3614 haud
1460 3561 1729 3637 scimuse
1777 3544 1977 3631 quibus

398 3650 577 3716 libris,
611 3666 794 3722 neque
841 3652 986 3707 enim
1027 3653 1157 3722 quid
1201 3653 1380 3708 simile
1411 3654 1465 3708 in
1503 3657 1708 3708 nostris
1756 3654 1974 3707 iuveni-

400 3760 523 3799 mus
542 3744 585 3812 (l
600 3745 640 3811 ):
666 3745 821 3814 Apud
840 3745 1083 3799 Hebrwos
1104 3762 1265 3816 usque
1289 3748 1359 3799 ad
1382 3748 1710 3801 nativitatem
1727 3747 1974 3812 Abrahae,

398 3846 774 3906 computantur
838 3839 967 3891 anni
1036 3838 1178 3891 ntille
1248 3839 1498 3905 nongenti
1564 3834 1968 3908 quinquaginta.

404 3929 572 3999 Usque
624 3929 692 3981 ad
736 3928 991 3983 diluvium
1028 3932 1165 3984 enim
1201 3931 1264 3982 ab
1308 3930 1501 3993 Adam,
1562 3930 1754 3985 habent
1807 3950 1976 3988 annos

403 4019 481 4077 Μ,
540 4018 652 4074 DC.
706 4012 858 4073 ιῑνι.
913 4017 979 4070 Et
1029 4019 1150 4071 inde
1203 4036 1366 4088 usque
1421 4022 1489 4073 ad
1541 4021 1811 4075 Abraham
1863 4023 1973 4079 CC.

397 4110 517 4168 XC.
560 4111 676 4166 111.
714 4109 783 4164 Et
818 4111 937 4166 ideo
966 4108 1063 4164 XL
1096 4109 1296 4165 Jobelei
1322 4124 1356 4165 'a
1389 4113 1665 4167 nativitate
1707 4104 1977 4169 Abraham

402 4213 813 4275 computantur-
868 4203 1014 4259 Unus
1074 4206 1213 4259 enim
1267 4203 1515 4261 Jobelens
1582 4208 1975 4278 quinquaginta

404 4299 531 4352 anui
566 4307 713 4354 sunt.

472 4435 609 4492 Ibid.
646 4434 820 4489 Minus
875 4442 1023 4489 recte
1054 4433 1324 4504 Scaliger,
1376 4434 1637 4504 plurimas
1669 4435 1977 4504 Babylonia:

3184 312 3203 339 Ι

1671 369 1975 440 VALLAR

2115 382 2368 448 ΝΟΤΖΕ(
2442 380 2449 385 ’
2546 418 2547 421 η
3138 448 3150 458 ,
3508 404 3592 472 ’ω

402 485 606 548 evincit
666 483 807 541 falsa
865 485 1048 542 omnia
1090 500 1257 571 Iesse,
1319 501 1576 559 metaque
1630 491 1975 563 ingeniorum
2006 501 2052 557 Λ
2084 497 2308 553 Suidam
2335 539 2352 565 ,
2384 507 2507 556 etc.

2544 543 2561 566 ,
2619 501 2932 573 Syncellum
2962 521 3206 578 quoque,
3233 519 3285 566 et
3328 509 3594 573 Cbronicon

2083 591 2345 649 Paschale
2375 606 2497 648 cum
2529 593 2803 652 Dufrcsnii
2831 601 2995 656 notis.

2146 682 2262 738 Col.
2285 681 2412 739 259.
2433 681 2702 754 EgiaIea.
2764 689 3020 746 Nonnulli
3078 708 3211 751 mss.
3244 694 3493 767 Egyalis,
3523 700 3597 755 alii

2073 790 2199 832 cum
2238 776 2514 835 Parmensi
2555 781 2825 852 zEggalia.
2848 780 3172 847 Pausanias,
3205 786 3296 847 lib.
3324 802 3381 842 n.
3412 806 3517 860 cap.
3538 792 3593 849 5:

2077 869 2388 938 Σικυώνιοι,
2441 872 2638 939 inquit,
2685 876 2948 943 περὶτῆς
2988 874 3176 945 χώρας
3232 881 3326 948 τῆς
3370 882 3604 952 cipe-ripae

2075 961 2357 1029 levationi,-
2388 958 2807 1032 ιῦςἈὶγιαλεὺς⁴
2839 967 3137 1036 αὐτόχθων,
3158 969 3365 1037 πρῶτος
3405 974 3462 1026 ὲν
3486 974 3602 1043 αὐτῇ

2087 1054 2320 1121 γένοιτο,
2345 1055 2440 1109 καὶ
2485 1057 2900 1127 Πελοποννήσου
2930 1059 2986 1112 δὲ
3009 1061 3133 1112 ὅσον
3166 1061 3248 1114 ἔτι
3275 1062 3369 1117 καὶ
3411 1065 3498 1119 νῦν
3521 1084 3606 1119 κα-

2076 1143 2248 1199 λεζται
2298 1145 2555 1212 Αἰγιαλὸς
2599 1146 2710 1199 ἀπ’
2749 1148 2959 1202 ἐκείνου
3002 1149 3380 1219 βασιλεύοντος
3426 1154 3606 1224 ὄνομα·

2079 1237 2295 1306 σθῆναι.
2326 1236 2564 1308 Sicyonii
2591 1239 2656 1294 de
2682 1242 2889 1311 regione
2923 1258 3022 1309 sua
3052 1246 3165 1297 lucc
3195 1258 3607 1306 commemorant:

2075 1329 2342 1383 exstitisse
2384 1332 2615 1399 primum
2660 1330 2967 1402 :Egia'leum
3019 1335 3342 1403 indigenam,
3374 1338 3434 1390 ab
3474 1353 3607 1410 eoque

2078 1437 2195 1492 rege
2214 1438 2331 1476 eam
2348 1422 2692 1490 Peloponnesi
2714 1437 2941 1493 partem,
2958 1442 3075 1494 gnte
3096 1416 3344 1498 .Egialus
3372 1430 3463 1482 hoc
3478 1431 3612 1484 etiam

2079 1522 2312 1581 tempore
2336 1522 2694 1582 nuncupatur,
2728 1530 2915 1570 nomen
2943 1519 3231 1587 accepisse,
3269 1510 3611 1585 etc.,isuhdit-

2078 1620 2185 1675 que
2215 1605 2398 1660 statim
2455 1606 2524 1659 de
2559 1604 2682 1675 Api,
2716 1623 2750 1661 a
2805 1623 2937 1672 quo.
2986 1617 3097 1662 tota
3147 1611 3292 1680 regio
3339 1627 3449 1681 quis
3496 1613 3615 1667 intra

2082 1693 2346 1748 Isthmum
2368 1722 2373 1727 ~
2394 1705 2491 1759 est,
2527 1697 2680 1768 fuerit
2731 1698 2864 1760 Apin
2915 1710 3241 1769 nuncupata,
3270 1701 3344 1761 ὡς
3370 1700 3462 1772 τὴν
3489 1702 3617 1765 ἐντὸς

2094 1781 2311 1849 Ἰσθμοῦ
2337 1783 2518 1855 χώραν
2552 1786 2746 1839 Ἀπίαν
2777 1787 2876 1842 ἀπ’
2905 1788 3117 1842 ἐκεῖνον
3142 1788 3445 1846 καλεῖσθαι.
3470 1792 3618 1862 Atque

2080 1874 2193 1928 haec
2223 1876 2440 1944 quidem
2473 1879 2613 1933 satis
2643 1879 2783 1933 bene
2808 1880 2961 1952 juxta
3000 1881 3324 1937 Eusebium.
3348 1882 3617 1947 Apollodo-

2078 1981 2170 2020 rus
2190 1976 2379 2041 autem
2398 1967 2493 2023 lib.
2521 1984 2583 2035 Ii,
2607 1980 2661 2023 et
2685 1969 2933 2031 Rhianus
2958 1982 3112 2040 poeta
3134 1974 3278 2042 apud
3300 1973 3618 2042 Stephanum,

2078 2070 2183 2110 non
2216 2056 2614 2128 Sicyoniorum,
2640 2064 2733 2127 sed
2748 2060 3073 2131 Argivorum
3098 2074 3373 2134 regem,et
3389 2064 3619 2123 Phoronei

2079 2148 2243 2202 lilium
2272 2149 2412 2218 Apin
2445 2150 2591 2205 hunc
2621 2149 2855 2206 iaciunt.
2960 2162 2965 2167 ‘

2465 2261 2571 2315 τοῦ
2591 2262 2648 2315 δὲ
2671 2262 2869 2325 κλυτὸς
2896 2264 3137 2333 ὲκγένετ⁹
3169 2266 3365 2327 Ἆπις.

2152 2330 2251 2393 Ὅς
2279 2330 2327 2400 ρ’
2370 2331 2564 2400 Ἀπίην
2584 2333 2808 2401 seems
2836 2348 2857 2385 '.
2881 2330 2986 2387 καῖ
3004 2335 3206 2404 ἀνέρας
3236 2334 3565 2403 ’Δπιδανῆαφ

2074 2421 2156 2477 Ad
2186 2424 2300 2479 haec
2325 2421 2621 2491 Eschylus
2650 2426 2707 2478 in
2755 2422 3133 2480 Eumenidibus
3184 2425 3296 2480 266
3342 2426 3491 2480 'lacit
3518 2437 3621 2480 eum

2077 2515 2361 2577 advenam,
2401 2515 2493 2584 qui
2534 2514 2673 2570 ultra
2707 2514 3053 2587 Naupactum
3079 2518 3318 2583 venerit,
3346 2525 3400 2572 et
3423 2518 3474 2571 in
3510 2513 3624 2584 Sup-

2074 2605 2295 2674 plicibus
2319 2606 2675 2675 ἰατρόμαντιν
2694 2621 2827 2676 eum
2857 2607 3020 2663 tradit
3043 2608 3240 2673 fuisse,
3263 2608 3359 2676 qui
3385 2608 3623 2678 regionem

2076 2712 2106 2750 ι
2144 2697 2324 2753 noxiis
2354 2697 2542 2753 heStiis
2573 2697 2911 2767 purgaverit,
2942 2698 2999 2755 in
3042 2698 3206 2769 cujus
3262 2698 3626 2755 beneﬁcii-me-

2076 2788 2309 2843 moriam
2339 2796 2483 2843 terra
2514 2787 2606 2844 illa
2657 2789 2795 2858 Apia
2830 2798 3019 2845 vacata
3071 2798 3177 2846 est.
3199 2789 3401 2860 Liquet
3435 2803 3498 2843 ex
3534 2786 3623 2851 his,

2076 2880 2335 2935 confundi
2394 2882 2594 2950 passim
2654 2881 2795 2951 apud
2847 2863 3055 2937 veteres
3118 2893 3231 2937 tres
3309 2878 3626 2948 cognomines

2077 2985 2263 3040 reges,
2324 2971 2470 3039 Apin
2528 2969 2814 3038 Argivum,
2864 2969 3204 3042 Sicyonium.
3232 2980 3295 3025 et
3324 2967 3627 3040 Egyptium.

2077 3058 2161 3113 Tu
2192 3060 2392 3115 videsis
2422 3066 2681 3127 praeterea
2719 3056 3071 3129 llesychium,
3091 3066 3257 3128 atque
3284 3057 3627 3129 Etymologutn

2078 3151 2131 3206 in
2153 3152 2349 3225 Ἅπια,
2378 3151 2611 3205 Plinium
2665 3165 2885 3221 quoque
2937 3151 3037 3205 lib.
3066 3166 3143 3215 tv,
3199 3165 3328 3219 cap.
3357 3149 3479 3212 5,-et
3504 3161 3534 3201 ο
3556 3157 3628 3198 re-

2079 3244 2411 3300 centioribus
2463 3232 2855 3316 Spanheinium
2919 3259 3045 3315 pag.
3074 3244 3179 3301 579
3235 3234 3541 3300 Observatt.
3575 3237 3632 3291 ad

2077 3334 2496 3403 Callimachum.

2150 3431 2270 3489 Col.
2297 3430 2425 3485 26L
2450 3418 2682 3486 Jubeltei
2716 3430 2807 3485 41.
2839 3428 2990 3485 Nihil
3036 3427 3352 3485 evidentius
3391 3426 3491 3480 hoc
3529 3421 3634 3476 loco

2077 3525 2544 3594 adprobandum,
2578 3524 2723 3593 quod
2782 3532 2972 3578 contra
3006 3530 3281 3590 receptam
3328 3519 3485 3587 vulgo
3529 3527 3636 3571 sen-

2084 3614 2312 3668 tentiam
2376 3613 2619 3669 diximus
2675 3613 2742 3668 ad
2792 3613 3018 3682 hujusce
3067 3612 3189 3666 libri
3253 3607 3634 3665 Prtelationem.

2078 3703 2377 3761 Eusebium
2432 3710 2568 3760 adeo
2623 3720 2733 3760 non
2764 3705 2921 3773 sequi
2979 3703 3218 3763 calculos
3250 3702 3363 3756 τῶν
3410 3694 3640 3757 LXX,ul

2078 3811 2202 3851 cum
2236 3796 2432 3852 caetera
2466 3798 2894 3867 Chronologiam
2950 3811 3103 3850 suam
3161 3804 3290 3864 post.
3319 3808 3383 3848 ea
3421 3795 3639 3856 tempora

2077 3891 2414 3952 exordiatur,
2449 3905 2572 3961 quae
2608 3889 2683 3944 illi
2723 3888 3143 3957 exag’geraruut,
3175 3887 3346 3941 etiam
3374 3884 3463 3938 tthi
3488 3892 3637 3947 supe-

2079 3981 2242 4036 rioris
2262 3968 2393 4050 Pejus
2425 3981 2697 4035 intervalli
2732 3981 2802 4034 ah
2823 3968 2996 4036 Adam
3040 3978 3361 4033 meminisse
3388 3972 3629 4044 opOrtuit.

2078 4075 2148 4130 ab
2172 4089 2345 4144 eoque
2373 4075 2612 4129 rationes
2669 4073 2830 4137 inire,
2861 4075 3123 4126 minorem
3179 4083 3490 4128 numerum,
3530 4065 3643 4119 sive

2080 4168 2288 4223 Hebraei
2349 4167 2603 4230 codicis,
2654 4182 2760 4221 non
2839 4165 3157 4241 Grmcorutn
3221 4162 3640 4232 supputationem

2078 4240 2401 4332 praetulerit.
2440 4259 2594 4326 Vide,
2619 4260 2666 4313 si
2740 4258 2792 4314 id
2822 4240 3003 4328 potuit.
3037 4257 3257 4326 probati
3297 4251 3640 4313 manifestius,

2078 4367 2242 4417 quam
2271 4351 2440 4423 ducto
2481 4350 2828 4419 juhilaeornm
2860 4348 3016 4403 initio
3047 4349 3114 4400 ah
3150 4346 3405 4408 Adama,’
3439 4354 3492 4396 et
3522 4353 3643 4409 qua-

2078 4442 2389 4510 dragesimo
2422 4448 2596 4509 primo
2620 4438 2844 4508 jubilreo
2895 4438 2948 4491 in
2998 4434 3300 4490 Ahrahami
3333 4433 3647 4503 quinquageo

404 4530 561 4583 urbes
615 4529 923 4582 instaurans
958 4528 1061 4595 (2),
1093 4543 1270 4594 neque
1296 4529 1442 4580 enim
1482 4528 1568 4581 hic
1600 4542 1697 4597 pro
1747 4528 1978 4597 regione
2011 4526 2054 4580 ι)
2085 4529 2285 4584 simum
2314 4529 2549 4598 primum
2581 4542 2785 4580 annum
2817 4527 3088 4593 conjecto.
3136 4522 3247 4577 lloc
3278 4531 3460 4576 tamen
3488 4519 3644 4602 ipsum

407 4619 725 4691 Babylonia,
755 4612 979 4687 sed’pro
1013 4619 1234 4673 civitate
1263 4620 1495 4671 smnitur
1522 4634 1536 4671 :
1571 4619 1714 4672 unde
1738 4617 1984 4671 luculen-

405 4711 515 4766 tius
545 4711 597 4766 in
628 4710 878 4765 Sichardi
905 4709 1035 4765 edit.
1067 4709 1407 4781 Babylonica:
1438 4711 1600 4764 urbis.
1626 4710 1820 4765 Noster
1853 4710 1983 4766 Ilie-

407 4816 667 4871 ronymus
696 4802 747 4855 in
777 4800 916 4857 Osee
959 4816 1078 4871 cap.
1112 4816 1148 4856 ιι
1177 4819 1194 4858 :
1251 4801 1557 4856 Semiramis
1587 4803 1650 4855 de
1678 4790 1781 4872 qua
1813 4802 1983 4857 multa

404 4904 455 4951 et
504 4895 753 4949 ntiranda
786 4895 1112 4964 referuntur,
1138 4911 1316 4949 muros
1373 4894 1659 4965 Babylonis
1700 4898 1983 4963 exstruxit,

403 4990 467 5042 de
494 5004 598 5060 qua
626 4987 847 5059 insignis
897 4997 1051 5058 poeta
1092 4997 1321 5043 testatur
1359 4989 1534 5043 dicens
1557 5007 1578 5044 :

1060 5142 1273 5201 ...Ouam
1296 5142 1480 5192 dicitur
1500 5142 1615 5191 olim

496 5202 770 5257 Coctilibus
790 5201 944 5254 muris
965 5201 1180 5255 cinxisse
1213 5205 1499 5255 Semiramis
1524 5206 1715 5255 urbem.

504 5352 711 5409 Cretera
738 5367 858 5422 qua:
886 5350 994 5406 huc
1024 5360 1272 5419 spectare
1306 5352 1773 5419 videnturjrnimis
1810 5351 1983 5407 nudta

414 5456 567 5501 sunt.
604 5445 742 5499 Tute
775 5442 977 5499 videsis
1026 5443 1382 5509 Herodotum,
1414 5443 1984 5509 Diodorum,'Strabo-

409 5554 558 5599 nem,
610 5535 1121 5601 Melam,Curtium,
1151 5535 1406 5603 Plinium,
1442 5536 1754 5608 Dionysium
1797 5536 1984 5592 Perie-

407 5640 608 5699 getem,
637 5629 758 5699 ejus
786 5629 1147 5685 Scholiastent
1207 5627 1581 5695 Eustathium,
1621 5631 1981 5700 Stephanum,

468 5816 547 5885 (ι)
567 5821 749 5874 Habuit
768 5830 935 5878 tamen
960 5826 1121 5880 Maius
1142 5839 1207 5879 ex
1231 5825 1344 5879 cmi.
1388 5826 1697 5879 Armeniaca.

2092 4617 2318 4671 minime
2341 4616 2559 4670 videtur
2615 4613 2859 4683 Scaliger
2907 4622 3194 4666 assecutus
3221 4650 3238 4677 ,
3268 4609 3360 4679 qui
3392 4601 3515 4663 cum
3541 4601 3649 4658 aliis

2093 4710 2268 4766 modis
2305 4709 2395 4763 hic
2423 4716 2669 4762 erratum
2704 4721 2827 4761 esse
2851 4707 2921 4760 ah
2952 4704 3189 4760 Eusebio
3216 4698 3515 4763 contendit,
3545 4703 3647 4748 tum

2090 4801 2219 4867 isto,
2241 4799 2385 4870 quod
2403 4798 2755 4877 sui‘smetipse
2777 4782 3472 4852 rationibuscontradicat,
3529 4795 3649 4877 quas

2092 4907 2158 4947 ex
2189 4874 2628 4951 dinum.eratione
2652 4887 3016 4958 Septuaginta
3048 4885 3322 4941 seniorum
3340 4874 3648 4936 inicrat.Nos
3732 4906 3735 4909 -

2097 4986 2201 5040 hac
2233 4985 2302 5038 de
2330 5000 2408 5050 re,
2435 4991 2628 5052 utpote
2660 4980 3056 5045 manilesta,-et
3093 4979 3160 5033 de
3190 4992 3297 5047 qua
3332 4976 3486 5043 plura
3530 4966 3648 5021 alias

2093 5092 2193 5135 nec
2215 5092 2325 5132 uno
2355 5077 2410 5131 in
2446 5076 2567 5130 loco
2600 5074 2860 5138 diximus,
2890 5072 3025 5125 nihil
3051 5070 3140 5125 hic
3163 5071 3231 5125 ad
3262 5082 3381 5124 eam
3412 5062 3649 5119 refellen-

2095 5168 2218 5222 dam
2251 5165 2614 5234 ohjectioncm
2650 5162 2935 5217 addemus.
2972 5160 3077 5214 Sed
3109 5173 3282 5227 neque
3311 5154 3447 5210 illud
3479 5152 3648 5208 multis

2094 5257 2519 5320 confutahimus,
2549 5254 2697 5324 quod
2765 5253 2842 5307 ait
2890 5252 3155 5322 Scaliger,
3190 5250 3325 5305 male
3373 5244 3650 5302 Eusebium

2091 5346 2313 5402 Jubilaea
2333 5343 2599 5398 deducere
2623 5341 2884 5396 aconditu
2911 5348 3183 5405 rerum,et
3201 5340 3375 5410 primo
3407 5333 3646 5390 homine:

2095 5450 2275 5504 neque
2306 5433 2605 5501 enintEipse
2639 5429 2920 5507 diiIitetur,
2952 5429 3230 5498 accepisse
3271 5426 3321 5481 id
3367 5422 3645 5481 Eusebium

2099 5528 2168 5584 ab
2198 5541 2264 5581 eo
2292 5516 2455 5589 libro,
2489 5523 2582 5592 qui
2613 5522 2799 5595 Μικρὰ
2833 5523 3076 5585 Γένεσις.
3104 5530 3159 5577 et
3211 5518 3394 5588 Δεπτὴ
3437 5515 3643 5571 Γένεσις

2106 5619 2416 5686 dicebatur,
2447 5633 2557 5673 non
2588 5626 2880 5694 postremae
2914 5614 3057 5687 apud
3083 5623 3295 5671 veteres
3327 5601 3643 5666 ecclesiasti-

2154 5821 2225 5885 (2)
2253 5822 2322 5872 Ita
2352 5820 2457 5871 rod.
2480 5820 2815 5870 Armeniacus.
