3908 6174
303 340 410 398 725

1583 334 1675 394 VA
1688 332 2000 395 LLARSII
2032 332 2271 396 ΝΟἸῈ.

3433 333 3534 393 726

302 466 397 509 cos
457 437 907 515 auctoritatlsfa
933 431 1147 517 quoet
1195 421 1483 503 Africanus
1534 446 1652 515 ipse
1702 455 1856 501 antea

1995 455 2275 523 πὼνυμος,
2298 456 2326 509 ὁ
2354 436 2445 508 Iov
2471 455 2568 508 Δία.
2613 454 2828 524 κρύψας
2862 453 2920 507 ἒν
2956 454 3071 524 ὄρει
3093 449 3366 520 εΔικταιῷ.
3428 451 3533 503 llis

298 550 600 612 acceperat,
623 549 679 596 et
703 541 863 609 vulgo
893 540 984 616 alii
1023 540 1322 607 scriptores
1371 537 1544 595 Graeci
1577 552 1641 593 ac
1683 536 1864 594 Latini

298 635 523 703 passim.
554 635 728 702 Atque
758 641 818 687 ut
846 646 1036 687 eorum
1095 631 1346 701 exemplo
1401 630 1551 686 salva
1601 644 1689 685 res
1739 630 1863 686 sit:

300 723 477 793 potuit
522 720 702 776 etiam
763 720 950 775 istltmc
1016 717 1550 788 πεντηκονταετηρὶς
1614 716 1687 772 ob
1744 732 1899 777 eam,

297 813 516 885 proprie
538 826 757 868 causam
808 810 1025 878 probari
1075 809 1329 875 Eusebio,
1363 808 1511 879 quod
1556 807 1868 877 digerendis

311 903 662 960 Hebrmorum
722 902 1098 972 temporibus,
1141 900 1483 971 jubilaeorum
1564 898 1850 968 periodum

298 1008 553 1062 perquam
606 992 724 1048 suis
768 990 1073 1046 rationibus
1132 1000 1329 1045 nactus
1381 987 1452 1043 sit
1502 985 1865 1043 commodam.

302 1078 476 1139 Porro
509 1088 690 1136 autem
732 1081 1008 1148 splendide
1032 1080 1150 1148 ipse
1177 1079 1383 1134 fallitur
1401 1076 1773 1146 Scaliger,qui
1800 1082 1861 1129 ut

298 1175 367 1229 ab
393 1187 538 1228 anno
569 1171 639 1226 48
673 1170 842 1226 Exodi
881 1171 1225 1243 iubila-orum
1280 1168 1496 1222 initium
1545 1181 1609 1220 ac
1660 1165 1856 1223 seriem

303 1264 553 1327 deducat,
603 1271 657 1316 et
689 1277 823 1330 quas
852 1261 926 1315 ait
965 1269 1124 1315 antea
1172 1274 1401 1330 prorsus
1424 1258 1698 1326 ignoratas
1729 1269 1869 1325 prae-

302 1356 648 1413 stantissimae
677 1353 1017 1423 antiquitatis
1045 1366 1261 1415 causas,
1287 1361 1344 1406 et
1374 1350 1613 1420 epochas’
1633 1347 1865 1413 aperiat,

304 1455 623 1517 argumento
654 1444 847 1507 utitur,
883 1443 1027 1514 quod
1065 1442 1168 1499 sibi
1208 1442 1427 1513 quidem
1468 1439 1621 1496 ducit
1657 1438 1869 1509 palma-

305 1539 468 1602 rium,
493 1537 650 1606 plane
670 1544 850 1590 autem
875 1536 941 1590 ad
966 1549 1078 1588 rem
1109 1534 1244 1588 nihil
1265 1543 1369 1590 est.
1403 1533 1625 1589 Scilicet
1654 1545 1719 1585 ex
1742 1544 1867 1599 cap.

304 1646 456 1691 xxix,
481 1644 624 1683 vers.
646 1627 735 1690 17,
764 1626 1086 1692 Ezechielis,
1109 1635 1163 1680 et
1193 1626 1267 1680 ait
1289 1629 1427 1679 anno
1452 1625 1692 1678 vicesimo
1713 1621 1874 1690 septi-
1927 1642 1935 1661 ‹

305 1744 414 1794 mo,
444 1725 668 1780 verbum
700 1723 789 1776 Dei
830 1722 896 1775 ad
942 1712 1253 1783 se'fa‘ctum,
1289 1717 1568 1773 contendit
1601 1714 1872 1783 designari

304 1835 507 1876 annum
557 1816 875 1872 vicesimum
909 1809 1421 1882 septimumjnbiliri
1456 1805 1874 1863 duodevicesimi

190 1922 203 1934 '
303 1913 392 1981 qui
424 1912 475 1964 in
515 1923 716 1963 annum
757 1907 1027 1961 decimum
1080 1902 1363 1957 Zedechia:
1386 1900 1650 1954 inciderit.
1675 1899 1877 1952 Atvero

304 2001 567 2072 ocqueibi
602 2000 668 2055 de
685 1996 904 2068 jubilaao
930 1994 1070 2059 vola,
1095 2002 1186 2052 aut
1218 1993 1526 2062 vestigium,
1548 2003 1723 2058 neque
1753 1986 1879 2042 alibi

305 2107 533 2162 osquam
554 2088 806 2144 Ezechiel
831 2090 927 2157 per
941 2085 1286 2155 jubilaaorum
1315 2078 1514 2147 annos,
1532 2092 1717 2135 rerum
1741 2093 1874 2146 quas

304 2192 516 2242 narrat,
539 2193 751 2250 tempus
777 2179 1078 2241 annotavit,
1108 2177 1216 2231 imo
1245 2175 1348 2230 alia
1370 2187 1623 2241 expresse
1664 2169 1876 2240 epocha

304 2272 543 2339 ejusdem
566 2272 726 2325 initio
746 2269 940 2338 capitis
966 2283 1093 2322 usus
1119 2275 1228 2323 est.
1249 2266 1385 2319 Aliis
1410 2273 1589 2318 autem
1615 2261 1679 2315 de
1700 2258 1882 2315 causis

304 2364 395 2418 alii
414 2377 531 2435 eam
558 2360 898 2431 hypothesim
920 2365 1177 2427 praeterea
1196 2354 1521 2423 improbant,
1541 2364 1603 2404 ac
1617 2348 1883 2419 praecipue

306 2469 373 2507 ex
402 2450 530 2521 Tyri
556 2450 836 2504 obsidione
852 2456 971 2517 quae
1003 2444 1390 2513 llierosolymae
1408 2440 1676 2497 excidium
1700 2437 1884 2492 subse-

307 2552 433 2598 cuta
463 2549 548 2596 est
574 2557 590 2607 ;
634 2555 739 2610 qua
772 2541 837 2593 de
865 2554 922 2592 rc
951 2545 1230 2592 merentur
1255 2534 1383 2604 legi,
1419 2547 1538 2602 quae
1568 2529 1881 2586 Perizonius

306 2647 525 2703 quoque
560 2631 658 2686 lib.
700 2628 774 2685 De
813 2628 1011 2697 origin.
1048 2620 1296 2696 IEgyptf
1313 2639 1432 2693 cap.
1458 2622 1528 2676 24
1565 2619 1882 2687 disputavit.

308 2727 466 2782 Nunc
499 2723 711 2778 tertiam
737 2720 1002 2782 eluamus,
1025 2732 1186 2787 quam
1213 2714 1447 2769 Eusebio
1480 2706 1868 2787 dat_§caliger,

309 2819 547 2885 culpam.
576 2813 853 2877 Erratum,
886 2810 1082 2876 inquit,
1117 2807 1170 2860 in
1223 2820 1288 2860 eo
1334 2782 1693 2874 (ιὶιοίιυθῄὲειξ
1739 2796 1884 2865 quod

306 2908 593 2979 jubilaeum
622 2903 808 2959 definit
832 2899 991 2955 annis
1030 2896 1423 2967 quinquaginta
1490 2890 1775 2947 absolutis.
1810 2889 1888 2941 Ac

310 3012 448 3056 sane
476 3011 575 3052 nos
601 2995 761 3049 etiam
781 3007 903 3048 cum
921 2990 1145 3047 Petavio
1168 2988 1243 3044 De
1264 2988 1513 3042 doctrina
1540 2994 1772 3051 tempor.
1788 2980 1883 3035 lib.

314 3105 409 3153 ειν
426 3104 550 3156 cap.
582 3085 673 3151 28,
723 3083 977 3145 fatemur,
1018 3082 1071 3135 in
1102 3093 1289 3135 eorum
1338 3076 1722 3147 propensiores
1763 3085 1883 3128 esse

307 3175 663 3239 sententiam,
682 3172 773 3243 qui
809 3169 1279 3239 Juhilmispatium
1305 3166 1525 3233 praecise
1548 3174 1754 3234 septem
1776 3176 1886 3216 an-

306 3284 507 3323 norum
539 3263 993 3323 hcbdomadibus,
1030 3260 1145 3315 sive
1175 3274 1297 3313 thx
1330 3258 1490 3312 annis
1539 3256 1886 3317 οἱνοιιιηεεΐὶδ

304 3359 468 3414 bunt.
498 3356 603 3410 Sed
628 3353 848 3435 quando
874 3353 973 3405 hac
1003 3352 1079 3405 de
1098 3366 1177 3414 re,
1208 3358 1266 3404 ut
1311 3348 1451 3402 idem
1484 3346 1735 3402 Petavius
1780 3346 1878 3409 ait,

309 3443 569 3516 utrinque
594 3446 859 3502 acerrime
878 3450 1163 3498 certatur‘a
1188 3438 1554 3510 cbrouologis,
1580 3438 1672 3509 qui
1696 3453 1888 3492 omnes

310 3541 614 3609 Scriptura:
657 3540 819 3590 verba
884 3534 949 3589 ad
1005 3520 1161 3589 suam
1219 3533 1542 3587 sententiam
1598 3528 1892 3584 transferre

311 3639 607 3690 conantur,
636 3636 695 3681 ut
731 3642 861 3679 vere
880 3626 985 3679 dici
1015 3622 1206 3694 possit,
1238 3623 1387 3674 litem
1412 3635 1535 3674 esse
1558 3619 1659 3673 sub
1684 3617 1889 3687 judice,

313 3734 443 3787 quae
487 3725 636 3770 tanta
682 3723 768 3771 est
824 3715 1064 3767 hominis
1116 3698 1434 3773 ἀλαζονεία,
1471 3708 1637 3763 alium
1687 3707 1893 3762 erroris

315 3814 571 3871 incusare
596 3810 697 3862 hac
733 3797 839 3860 mia
864 3806 932 3865 de
962 3818 1150 3867 causa,
1178 3803 1323 3872 quod
1359 3801 1458 3854 abs
1485 3815 1544 3855 se
1566 3800 1895 3855 dissentiat?

314 3900 438 3954 Jam
462 3913 595 3963 vero
663 3897 810 3967 quod
872 3896 1042 3965 ipsam
1106 3900 1317 3963 spectat
1378 3890 1555 3945 Latini
1608 3900 1894 3946 contextus

304 3991 823 4055 Iertionem,minus
866 3988 1061 4041 iterum
1110 3995 1255 4040 recte
1300 3983 1544 4054 Scaliger
1581 3984 1723 4053 apud
1758 3980 1890 4034 .lle-

317 4087 505 4148 θνατοί,
538 4097 636 4152 pro
668 4081 811 4144 apud
828 4096 923 4133 eos
956 4078 1106 4148 legit,
1133 4086 1191 4130 ut
1213 4085 1266 4131 et
1294 4090 1414 4129 mox
1447 4076 1576 4128 anni
1599 4076 1704 4129 duo
1723 4072 1897 4126 millia

304 4160 428 4256 Spro
454 4190 710 4229 annorum
735 4173 838 4225 duo
866 4170 1038 4225 millia
1075 4178 1169 4222 aut
1206 4168 1333 4222 anni
1357 4162 1462 4220 duo
1496 4167 1660 4233 mille,
1691 4165 1807 4221 sive
1839 4172 1898 4220 ut

292 4267 646 4325 .Sicbardina
679 4264 871 4324 editio.
923 4263 1051 4315 anni
1092 4260 1225 4315 MM.
1276 4258 1499 4313 licinium
1526 4267 1577 4311 et
1603 4257 1718 4310 hate
1748 4262 1900 4309 notat

307 4354 623 4439 .Sulmasius
654 4353 708 4405 in
760 4349 1006 4405 Palatino
1053 4347 1225 4416 primo
1254 4360 1440 4399 mssa
1483 4342 1793 4399 Ascribitur
1828 4341 1898 4394 ad

316 4451 458 4501 hunc
490 4458 763 4499 numerum
793 4444 856 4499 5|
896 4441 1119 4495 historia
1150 4454 1266 4504 qua:
1322 4438 1469 4507 infra
1495 4437 1566 4488 ad
1618 4449 1893 4489 numerum
1924 4446 1974 4506 υ

318 4540 386 4592 55
409 4539 464 4591 ia
506 4534 732 4590 secunda
767 4533 1031 4592 Palatino,
1060 4532 1236 4595 tertio,
1266 4540 1311 4583 et
1344 4536 1535 4599 quarto
1566 4526 1798 4595 'legitur.
1832 4521 1899 4576 In

317 4630 489 4697 primo
514 4639 688 4682 autem
707 4627 781 4679 ita
800 4628 864 4679 ab
878 4623 1194 4693 antiquaria
1211 4614 1460 4690 scriptum
1478 4622 1545 4672 ad
1572 4619 1707 4671 hunc
1721 4631 1900 4669 nume-

317 4738 460 4779 rum,
485 4716 836 4784 lnfraseripta
853 4714 1079 4769 historia
1100 4713 1152 4765 in
1178 4719 1319 4765 novo
1342 4709 1528 4765 codice
1560 4707 1773 4762 videtur
1790 4707 1897 4766 hic.

323 4812 390 4867 ad
432 4822 722 4864 numerum
760 4805 925 4872 5l;in
965 4799 1133 4859 veleri
1183 4810 1361 4856 autem
1426 4800 1617 4856 codice
1671 4798 1900 4855 habetur

326 4910 385 4955 ut
414 4899 584 4956 infra.

394 4991 535 5046 Ibid.
593 4989 773 5044 Creta.
834 4985 1051 5043 Laudat
1088 4983 1331 5053 Scaliger
1381 4982 1450 5037 ad
1502 4980 1647 5037 hunc
1699 4981 1898 5043 locum,

327 5082 543 5137 Diodori
574 5080 947 5136 testimonium
970 5078 1064 5133 lib.
1089 5092 1143 5141 v,
1173 5076 1262 5129 ubi
1290 5074 1695 5129 vetustissimos
1720 5070 1901 5127 Creta:

325 5174 553 5244 populos
576 5171 742 5226 fuisse
771 5170 1135 5239 Ἐτεόκρητας
1154 5164 1340 5227 tradit,
1369 5158 1600 5234 quorum
1621 5177 1716 5217 rex
1741 5161 1905 5216 fuerit

328 5266 504 5337 Κρής.
531 5263 765 5319 Additet
786 5260 1047 5316 Marciani
1078 5258 1411 5312 Ileracleottc
1432 5255 1526 5307 τοῦ
1564 5255 1902 5326 περιηγήτου

333 5358 535 5425 aliquot
584 5369 798 5423 versus,
840 5353 1037 5424 quibus
1087 5350 1230 5405 idem
1262 5347 1500 5403 refertur
1531 5362 1599 5403 ex
1633 5346 1852 5417 Ephoro
1881 5361 1898 5400 :

450 5468 769 5534 Ἐπώνυμον
798 5464 896 5535 τὴν
923 5465 1088 5535 νῆσον
1113 5460 1222 5535 duo
1259 5459 1474 5535 Κρηῖός
1510 5475 1672 5524 τινος,

433 5538 540 5593 Τοῦ
567 5539 622 5592 δὲ
645 5531 942 5606 γενομέίιου
979 5531 1247 5603 βασιλέως
1277 5531 1621 5600 αὐτόχθονος.

343 5622 583 5702 Denique
638 5629 1012 5692 Eustathium,
1053 5642 1148 5683 seu
1196 5626 1377 5696 potius
1426 5626 1709 5678 Arrianum
1759 5620 1899 5691 apud

334 5722 580 5777 eumdem
629 5724 693 5778 ad
744 5721 979 5778 Dinnveii
1028 5733 1176 5776 unrs.
1210 5715 1357 5772 230:
1392 5715 1539 5787 Κρὴς
1571 5753 1584 5778 ,
1611 5708 1670 5769 οὗ
1698 5713 1885 5783 Κρήτη

1945 548 2089 601 ~addi
2147 546 2417 611 volumus,
2454 543 2548 614 qui
2608 542 2870 613 Scaligeri
2912 541 3249 613 diligentiam
3313 537 3523 607 effugit,

1964 636 2430 692 Anaximandrum
2481 634 2626 704 apud
2668 633 2914 689 Solinnm
2975 630 3242 703 Polyhist.
3276 627 3533 693 cap.2et

1966 728 2019 796 9,
2045 739 2100 786 et
2129 744 2251 800 quae
2288 729 2424 784 satis
2479 727 2787 782 luculenter
2817 727 3012 780 Strabo
3039 725 3138 780 lib.
3172 740 3201 777 x
3255 721 3419 777 tradit
3467 715 3533 774 (η

1966 821 2281 877 Curetibus.
2306 820 2413 875 Sed
2430 827 2485 875 et
2510 834 2629 890 qua:
2649 817 2948 873 Salmasius
2969 812 3252 870 annotavit
3280 813 3332 865 in
3360 810 3544 880 primo

1967 914 2218 969 Palatino
2233 912 2423 967 codice
2444 911 2668 965 minime
2684 907 3058 978 praetereunda
3090 913 3241 967 sunt,
3265 900 3535 993 siquidem

1968 1006 2106 1061 liber
2137 1005 2227 1060 ille
2268 1014 2382 1058 tum
2435 1009 2629 1071 suapte
2682 999 2999 1071 priestanlia
3045 1006 3158 1052 tres
3205 990 3347 1049 alios
3382 990 3539 1046 facile

1968 1104 2279 1167 exsuperat,
2315 1103 2427 1149 tum
2480 1094 2581 1148 hac
2638 1093 2754 1162 ipsa
2792 1092 2860 1146 de
2899 1102 3086 1152 causa,
3117 1086 3260 1156 quod
3296 1079 3423 1137 oliui
3470 1083 3540 1135 ab

1970 1192 2217 1262 diligenti
2244 1187 2572 1260 Antiquario
2591 1201 2714 1240 cum
2739 1184 2955 1238 duobus
2990 1178 3112 1235 aliis
3143 1189 3278 1232 mss.
3310 1173 3536 1229 collatus

1973 1286 2159 1349 fuerit,
2186 1285 2351 1353 inque
2395 1281 2515 1352 ejus
2573 1277 2816 1347 margine
2867 1274 3142 1329 variantes
3181 1267 3443 1323 lectiones
3479 1278 3560 1332 ac.

1942 1429 1946 1432 .
1973 1352 2327 1434 numerorum
2352 1370 2693 1428 diversitates
2718 1364 2998 1436 appositae.
3026 1361 3212 1431 Itaque
3239 1358 3326 1411 hic
3349 1354 3452 1409 loci
3474 1352 3540 1408 ad

1974 1484 2125 1525 num.
2155 1466 2270 1522 διε
2324 1463 2393 1518 In
2443 1461 2652 1532 primo,
2681 1457 2756 1512 ait
2805 1452 3131 1515 Salmasius,
3181 1448 3437 1504 Palatino
3478 1445 3543 1497 ab

1975 1558 2293 1629 Autiquario
2323 1554 2393 1608 ad
2417 1567 2699 1608 numerum
2729 1562 2839 1602 ινιτ
2899 1545 3154 1613 scriptum
3198 1551 3295 1605 est,
3338 1537 3546 1604 Supra-

1974 1626 2177 1718 scripta
2205 1646 2437 1702 Historia
2465 1641 2638 1713 (Apud
2668 1639 2876 1694 Cretam
2900 1634 3142 1704 regnavit
3169 1633 3369 1701 primus
3420 1626 3547 1681 Cres

1977 1741 2280 1814 indigena);
2310 1741 2363 1793 in
2385 1752 2528 1791 novo
2553 1733 2739 1789 codice
2766 1739 2850 1785 est
2898 1728 3272 1811 ad‘ntnuerum
3300 1721 3331 1773 7
3355 1719 3546 1783 Sicyo-

1982 1804 2157 1900 nium,
2186 1835 2239 1887 in
2268 1830 2433 1884 veteri
2456 1836 2539 1884 est
2565 1835 2624 1881 ut
2654 1826 2761 1889 hic,
2793 1825 2858 1878 ad
2891 1804 3178 1876 numerum
3202 1817 3290 1871 ll.
3320 1814 3383 1868 Et
3408 1812 3550 1866 infra

1981 1929 2185 1998 scripta
2214 1919 2646 1993 historia;(Creta
2673 1919 2814 1971 dicta
2845 1932 2877 1968 a
2901 1911 3053 1967 Crete
3081 1907 3382 1978 indigena);
3425 1918 3548 1973 qua:

1984 2021 2070 2074 hic
2098 1992 2277 2073 estad
2303 1992 2587 2069 numerum
2636 2009 2764 2070 215,
2799 2007 2856 2061 in
2918 2017 3058 2059 novo
3086 2008 3171 2054 est
3198 1996 3265 2051 ad
3295 1995 3350 2051 9.
3398 1992 3550 2058 Quod

1980 2088 2156 2168 verum
2204 2119 2305 2163 est.
2353 2105 2497 2160 Nam
2528 2105 2583 2156 in
2613 2100 2816 2154 duobus
2864 2089 3241 2164 posterioribus
3283 2084 3550 2140 Palatinis

1982 2205 2052 2260 ad
2113 2198 2447 2256 numerum9
2503 2196 2718 2264 legitur,
2747 2191 2908 2245 Creta
2960 2183 3229 2255 appellata
3277 2177 3468 2247 (dicta)
3520 2192 3551 2230 a

1982 2298 2147 2352 Crete
2183 2293 2435 2361 indigena
2470 2286 2836 2361 (indngena.).

2018 2456 2021 2463 ,
2055 2392 2174 2447 Col.
2206 2388 2333 2443 9.63.
2376 2383 2667 2439 Abraham.
2699 2380 2862 2433 Certa
2898 2375 3091 2430 isthzre
3121 2371 3384 2441 temporis
3416 2374 3549 2421 nota

1984 2456 2186 2541 dicitur
2235 2478 2509 2535 nonnullis
2572 2472 2713 2527 Era
2767 2468 3162 2524 Abrahamitica
3193 2479 3213 2518 :
3248 2456 3554 2517 communis

1985 2579 2125 2634 adeo
2152 2584 2235 2631 est
2270 2581 2561 2627 auctorum
2594 2574 2721 2620 ante
2753 2570 2808 2616 et
2840 2571 2965 2632 post
3003 2556 3294 2613 Eusebium
3342 2560 3554 2607 senten-

1986 2674 2083 2737 tia,
2122 2683 2245 2724 cum
2274 2678 2450 2721 annos
2485 2657 2825 2731 septuaginta
2856 2654 3097 2729 quinque
3119 2654 3320 2718 ageret,
3349 2644 3555 2711 Repro-

1987 2756 2300 2819 missionem
2335 2755 2645 2811 Abrahamo
2696 2752 2919 2805 factam.
2953 2738 3407 2799 Luculentissime
3439 2749 3556 2788 om-

1986 2859 2136 2913 nium
2188 2852 2456 2922 losophus
2510 2830 2778 2915 Antiqu‘it.
2827 2839 2903 2894 lib
2952 2828 2991 2901 t,
3024 2851 3143 2904 cap.
3173 2828 3549 2922 8:’A691&u,

1987 2947 2184 3015 luquit,
2228 2916 2548 2996 καέαλείπει
2590 2936 2688 3004 τὴν
2721 2928 2996 2987 Χαλδαίαν
3046 2922 3421 2993 ἑὸδομήκονλτα
3462 2916 3559 3015 ita!

1988 3039 2152 3093 πέντε
2180 3033 2418 3105 γεγονὼς
2450 3030 2571 3098 ἔτη.
2598 3026 2696 3080 τοῦ
2724 3022 2861 3079 Θεοῦ
2914 3016 3272 3075 κελεύσαντος
3316 3011 3400 3073 εἰς
3454 3007 3554 3075 τὴν

1908 3113 1954 3175 c
1991 3102 2303 3187 Xavavaiav
2353 3123 2652 3196 μετελθεῖν.
2711 3116 2921 3183 Quibus
2987 3110 3323 3166 colnrrentcr
3369 3102 3462 3157 lib.
3494 3114 3557 3161 tt,

1988 3241 2043 3281 c.
2072 3220 2129 3286 6,
2164 3190 2591 3290 quadringentos
2638 3220 2692 3265 ct
2734 3206 2953 3275 triginta
2987 3214 3160 3257 annos
3205 3196 3273 3251 ab
3325 3190 3559 3290 Abrahae

1989 3278 2224 3368 adventu
2254 3309 2306 3362 in
2359 3278 2723 3360 Cbananaaam
2760 3296 2825 3351 ad
2879 3292 3123 3348 Exodnm
3165 3291 3439 3341 numerat.
3493 3278 3560 3331 Et

1990 3414 2075 3461 est
2126 3416 2306 3460 tamen
2339 3400 2470 3464 alia,
2498 3396 2541 3449 si
2577 3382 2855 3448 credimus
2887 3382 3268 3444 Genebrardo,
3302 3375 3560 3429 llebrteo-

1994 3513 2113 3554 rnm
2145 3493 2434 3557 sententia,
2460 3502 2617 3557 quem
2646 3493 2700 3539 et
2751 3479 3005 3539 Petavius
3032 3476 3097 3529 de
3114 3469 3394 3524 Illoctriua
3426 3476 3563 3518 tem—

1976 3606 2113 3664 .por.
2176 3588 2271 3642 lib.
2316 3597 2395 3649 lx,
2446 3596 2567 3649 cap.
2602 3579 2690 3641 {9,
2739 3573 2955 3643 probat,
3003 3577 3058 3622 et
3120 3561 3339 3634 proprio
3394 3570 3558 3611 sensu

1994 3656 2284 3737 -Eduardus
2314 3671 2625 3729 Sitnsonius
2648 3661 2905 3721 Chronici
2937 3656 3154 3713 Cathol.
3185 3657 3327 3719 part.
3354 3662 3392 3709 ι,
3431 3659 3554 3713 pag.

1994 3775 2065 3830 90
2087 3782 2274 3839 etseq.
2307 3763 2556 3822 edisserit
2582 3778 2598 3827 ;
2631 3756 2831 3828 quibus
2862 3751 3034 3822 placet
3061 3740 3560 3813 liepromissionem

1996 3859 2371 3936 quinquennio
2401 3862 2547 3920 ante,
2580 3867 2675 3906 seu
2715 3862 2837 3902 cum
2873 3856 3045 3898 annos
3076 3833 3345 3890 Abraham
3375 3834 3561 3894 ageret

1997 3928 2165 4013 solos-
2187 3947 2525 4022 septuaginta
2546 3985 2561 4010 ,
2593 3939 2892 3997 retrahere.
2944 3931 3070 3985 Visa
3108 3928 3216 3982 illis
3250 3931 3334 3979 est
3385 3932 3564 3975 rerum

1998 4046 2167 4104 series
2195 4010 2266 4098 ali
2295 4010 2518 4110 egressu
2545 4029 2837 4089 Abrahami
2873 4027 2942 4082 de
2974 4024 3046 4080 Ur
3074 4018 3479 4077 Chaldaeorum,
3498 4010 3565 4064 ad

1998 4139 2292 4194 adventum
2318 4134 2375 4187 in
2415 4131 2695 4191 Chanaan,
2736 4123 2975 4192 quinque
3015 4114 3140 4170 illos
3172 4124 3346 4166 annos
3375 4113 3567 4176 postu-

2000 4232 2137 4295 lare,
2172 4228 2263 4293 qui
2303 4233 2357 4279 et
2393 4220 2570 4276 notari
2617 4218 2871 4271 videntur
2916 4209 3054 4265 Gen.
3096 4221 3147 4259 vt
3206 4213 3262 4258 et
3310 4215 3410 4261 xu,
3441 4210 3567 4254 cum

2000 4289 2202 4377 dicitur
2255 4315 2472 4371 venisse
2517 4323 2688 4377 usque
2734 4306 3002 4365 Cbarran,
3036 4309 3094 4353 et
3144 4294 3421 4349 habitasse
3469 4289 3568 4351 ibi,

2002 4413 2095 4469 ubi
2116 4420 2169 4465 et
2201 4417 2448 4464 mortuus
2475 4410 2560 4458 est
2579 4399 2758 4453 Thara
2784 4414 2798 4449 :
2831 4409 2895 4448 ac
2922 4391 3046 4446 inde
3067 4396 3253 4459 postea
3286 4379 3571 4437 discedens

2000 4503 2301 4565 Abraham,
2346 4495 2536 4552 tulisse
2581 4505 2796 4547 omnem
2846 4478 3572 4561 substantiam,.etpgutnes

1992 4601 2212 4654 ’auituas
2241 4607 2378 4666 quas
2419 4591 2490 4644 ibi
2519 4587 2741 4643 fecerat.
2779 4579 2980 4635 Verum
3023 4576 3138 4630 haec
3190 4568 3376 4625 omnia
3412 4565 3572 4620 intra

2003 4705 2168 4746 unum
2197 4659 2553 4753 eamdemque
2583 4692 2785 4734 annum
2816 4672 2975 4736 facta,
3007 4679 3061 4724 et
3089 4667 3127 4722 S
3163 4666 3379 4736 riptnrw
3403 4659 3574 4712 inter-

2004 4793 2184 4855 pretes
2215 4781 2457 4850 plerique
2488 4775 2709 4836 docent,
2741 4778 2796 4824 et
2823 4775 2909 4823 est
2937 4761 3134 4819 rationi
3164 4757 3403 4813 maxime
3432 4767 3570 4808 con-

2004 4845 2705 4932 sentaneumeEt-ontrario
2752 4871 2930 4927 neque
2974 4854 3087 4907 veri
3128 4851 3365 4928 speciem
3409 4845 3580 4901 ullam

2004 4968 2190 5027 habet,
2224 4959 2471 5018 desidere
2502 4955 2741 5011 voluisse
2772 4940 3144 5003 Ahrahamum
3175 4942 3416 5011 quinque
3473 4951 3573 4990 an-

2003 5059 2088 5115 nis
2118 5056 2173 5111 iu
2201 5055 2467 5113 Charran,
2490 5045 2762 5103 et'tanuin
2816 5036 3067 5095 oblivisci
3103 5033 3315 5090 itineris
3356 5031 3575 5087 Chana-

2002 5148 2127 5214 utri,
2158 5143 2300 5217 quod
2326 5150 2443 5199 erat
2477 5139 2552 5194 illi
2581 5135 2837 5191 divinitus
2854 5125 3445 5202 injunctnm,quodque
3466 5129 3574 5173 tam

2003 5235 2322 5307 obsequenti
2380 5233 2658 5301 alacrique
2730 5227 2914 5280 animo
2969 5222 3173 5279 dudum
3227 5218 3570 5283 susceperat.

2004 5335 2130 5389 llaec
2158 5304 2343 5401 iporro
2377 5324 2586 5382 accedit
2609 5321 2675 5376 ad
2708 5316 3056 5375 difﬁcultates
3089 5310 3329 5380 reliquas
3374 5304 3575 5360 veteris

2001 5428 2119 5496 eius
2165 5419 2511 5494 quaestionis,
2545 5428 2705 5485 quam
2747 5405 3165 5485 indiss’olubitem
3215 5401 3576 5468 Hieronymus

2002 5526 2180 5579 vocat,
2203 5514 2404 5583 aliique
2428 5514 2579 5580 Icum
2610 5503 2821 5573 antiqui
2868 5502 3079 5560 Patres,
3110 5506 3221 5549 tum
3258 5490 3435 5547 critici
3486 5502 3577 5541 rc-

2003 5612 2275 5667 ccntiores
2308 5607 2379 5660 ita
2414 5584 2693 5673 explicare
2726 5594 2913 5652 conati
2945 5600 3098 5655 sunt,
3127 5595 3187 5643 ut
3214 5586 3281 5640 ad
3315 5580 3573 5653 mysteria

2003 5707 2218 5763 demum
2242 5698 2609 5770 confugerint.
2634 5692 2717 5759 Si,
2750 5686 2895 5761 quod
2925 5682 3233 5741 certissimo
3258 5673 3585 5735 testimonio.
