3908 6174
317 320 421 384 727
1623 283 1888 396 νΑίιΑῙ

1998 336 2033 396 Ἰ
2074 337 2309 408 NOT/E.
2837 369 2840 372 λ
3462 345 3570 407 7‘38

316 435 582 488 asseritur
638 435 836 493 Cenes.
866 457 942 504 χι,
968 441 1057 504 26,
1091 441 1272 497 Tbara
1298 482 1312 507 ,
1355 459 1477 500 eum
1537 447 1879 517 septuaginta
1912 454 1955 508 Α
1986 441 2561 530 tion'ibus.Pausanias
2586 450 2640 507 in
2666 452 2913 509 Corinth.
2944 467 2995 509 c.
3027 453 3080 520 5,
3115 455 3356 525 Αἴγυρον
3394 466 3573 510 vorat.

315 535 455 589 esset
501 543 770 584 annorum
797 530 1170 589 Abrahatnum
1215 537 1424 605 genuit,
1466 539 1555 593 hic
1592 554 1724 594 vero
1761 555 1884 596 cum

313 621 774 685 septuagesimum
812 624 1061 691 quintum
1124 637 1329 698 ageret,
1369 630 1436 683 de
1467 629 1710 686 Cbarran
1761 646 1887 701 pro-

319 710 492 764 tei-tus
518 720 600 763 est
621 712 670 764 in
690 710 1076 780 Chananaeam,
1099 729 1229 774 utex
1259 721 1414 792 initio
1435 737 1554 790 cap.
1582 739 1655 777 xu
1680 724 1883 793 liquet:

317 802 590 866 proiectus
613 815 792 858 autem
825 818 906 862 est
939 823 1058 876 post
1089 810 1281 865 Tbarze
1307 815 1474 880 patris
1507 814 1590 868 sui
1637 825 1885 880 mortem,

317 901 374 945 ut
404 897 756 978 ex_proxime
791 902 1166 957 antecedentis
1204 905 1308 958 [lue
1339 907 1630 978 colligitur,
1670 925 1732 962 ac
1760 924 1890 975 pro-

314 984 431 1052 prie
460 963 643 1042 Actor.
681 1006 776 1054 vn,
811 993 864 1054 4,
903 994 1214 1062 Stephanus
1250 963 1575 1068 narratiqui
1616 1008 1670 1054 et
1721 1001 1890 1070 patris

315 1091 438 1130 ossa
475 1093 600 1132 eum
631 1079 762 1135 dicit
799 1083 850 1136 in
903 1083 1179 1139 Cbanaaut
1213 1091 1594 1146 transtulisse:
1648 1093 1737 1160 qui
1773 1092 1887 1147 ﬁeri

317 1178 519 1237 potest,
555 1181 612 1225 ut
657 1175 799 1240 quod
850 1177 1154 1244 postremis
1193 1167 1394 1236 laudati
1445 1199 1566 1254 cap.
1607 1200 1656 1238 XI
1710 1185 1889 1240 verbis

316 1261 538 1325 dicitur,
569 1263 772 1320 fuerint
792 1267 900 1323 dies
926 1269 1110 1325 Thura!
1137 1274 1480 1330 ducentorum
1501 1279 1731 1349 quinque
1760 1296 1884 1334 ann.

317 1354 527 1421 quando
565 1365 801 1413 mortuus
830 1373 903 1413 est
943 1365 997 1415 in
1025 1363 1298 1430 Charran,
1333 1383 1456 1422 cum
1492 1372 1710 1426 nonnisi
1759 1387 1890 1427 cen-

321 1453 430 1496 tum
463 1448 821 1518 quadraginta
866 1455 1110 1523 quinque
1150 1457 1284 1511 inita
1340 1462 1552 1516 ratione
1597 1467 1894 1521 c0nstent?

314 1531 425 1590 Nos
448 1553 511 1591 ex
541 1545 928 1612 propemodum
959 1546 1284 1612 innumeris,
1319 1568 1442 1621 quae
1487 1554 1553 1608 ad
1591 1555 1728 1608 banc
1758 1572 1892 1611 con-

319 1631 612 1685 ciliandam
687 1635 1003 1706 ἀντιλογίαν
1057 1642 1361 1708 excogitata
1425 1655 1553 1699 sunt
1600 1647 1889 1717 hactenus,

314 1721 444 1776 illud
464 1725 700 1780 diximus
725 1726 778 1780 in
807 1730 951 1784 notis
977 1732 1042 1784 ad
1069 1731 1275 1798 Quaest.
1301 1734 1592 1792 IIebraicas
1611 1739 1662 1791 in
1688 1739 1886 1798 Cenes.

316 1819 536 1884 probari
584 1821 776 1888 magis,
811 1823 954 1891 quod
987 1827 1146 1879 estin
1184 1825 1536 1882 Samaritano
1565 1834 1888 1902 exemplari,

313 1908 460 1960 Solus
496 1910 752 1962 nimirum
781 1923 990 1965 centum
1039 1917 1396 1986 quadraginta
1442 1921 1668 1989 quinque
1716 1925 1892 1978 ascri-

313 1998 478 2052 bente
505 2016 679 2056 annos
710 1997 924 2068 Tbarze,
953 2021 1076 2059 cum
1111 2018 1355 2062 mortuus
1389 2021 1493 2064 est.
1553 2013 1752 2068 Verum
1779 2015 1893 2072 hinc

316 2092 586 2159 persequi,
613 2093 833 2149 minime
862 2106 1172 2150 nostrarum
1215 2109 1297 2152 est
1329 2103 1587 2170 partium,
1629 2114 1686 2159 et
1719 2122 1889 2176 supe-

312 2183 456 2234 riora
495 2183 617 2247 iata,
655 2194 801 2240 utne
832 2185 950 2255 ejus
979 2190 1296 2256 quaestionis
1326 2192 1638 2248 viderentur
1673 2193 1892 2264 penitus

311 2271 486 2338 obliti,
517 2272 606 2328 hic
641 2275 941 2346 at;igimus.
975 2278 1226 2336 Invenies
1254 2291 1433 2337 autem
1481 2286 1620 2353 apud
1655 2286 1710 2341 S.
1740 2288 1893 2344 8(τί-

310 2373 485 2431 ptura:
520 2365 867 2435 interpretes,
899 2379 952 2422 et
1012 2372 1156 2437 apud
1225 2374 1601 2444 Chronologos
1639 2382 1704 2432 ad
1741 2379 1894 2436 fasti-

307 2459 458 2512 diun‘t
507 2459 806 2529 disputata.
845 2461 1004 2519 Nunc
1050 2466 1180 2534 quid
1231 2468 1410 2523 ferant
1467 2451 1892 2530 Parmensisiet

310 2548 542 2601 Palatini
599 2553 839 2618 codices,
886 2557 1164 2624 praestabit
1206 2569 1492 2622 annotare.
1557 2561 1782 2634 Legitur
1832 2564 1891 2620 in

307 2641 564 2693 omnibus
597 2641 663 2695 ad
702 2644 842 2698 hunc
870 2661 1179 2712 numerum,
1207 2651 1243 2702 .I
1288 2654 1672 2723 septuagesimo
1696 2658 1880 2726 quinto

307 2741 448 2777 anno
476 2726 770 2794 Abraham,
808 2748 970 2800 usque
1028 2742 1098 2788 ad
1151 2736 1365 2808 Moysen
1395 2781 1410 2804 ,
1438 2751 1486 2795 et
1533 2760 1794 2813 egressum
1824 2763 1892 2801 ea:

307 2814 564 2886 JEgypto,
593 2827 728 2888 etc.;
762 2824 1110 2889 quamobrem
1165 2830 1416 2885 videntur
1465 2833 1729 2892 Salmasio
1760 2853 1878 2892 ver-

311 2908 376 2963 ba
414 2911 525 2972 iila,
554 2911 766 2966 Primus
810 2933 982 2972 annus
1018 2919 1458 2988 Repromissiunis
1497 2926 1590 2981 Dei
1613 2929 1683 2980 ad
1704 2929 1878 2984 Abra-

308 2998 455 3064 ham,
484 3002 568 3054 hic
592 3005 756 3069 repeti
783 3021 812 3058 e
838 3008 1017 3076 priore
1044 3011 1319 3080 bnjusmet
1343 3022 1551 3073 numeri
1591 3021 1845 3093 pericopa
1876 3041 1890 3080 :

1991 538 2065 592 De
2091 554 2216 603 vera
2240 552 2421 596 autem
2464 543 2760 614 scriptura,
2826 561 2986 615 quam
3023 546 3369 602 restituimus
3393 588 3410 611 ,
3443 549 3576 603 satis

2000 635 2167 690 multa
2206 635 2445 690 diximus
2476 635 2544 690 ad
2576 637 2770 691 horum
2815 641 3096 692 nominum
3139 638 3531 694 Recensionem
3559 679 3579 707 ,

1992 738 2112 792 qum
2145 724 2366 780 vidcsis.
2427 727 2599 798 Hujus
2635 729 2885 782 meminit
2911 729 3074 783 etiam
3101 729 3299 784 Strabo
3323 730 3420 785 lib.
3451 746 3505 786 ν.

2063 806 2181 868 Col.
2213 815 2338 871 267.
2381 816 2785 876 Tharimach’us.
2843 820 2939 876 Hie
2972 831 3027 875 et
3075 821 3484 892 Thyrimachus,
3521 831 3578 876 et

1996 905 2395 976 Thyramachus
2436 911 2487 964 in
2523 928 2659 968 mss.
2701 915 2928 982 passim,
2953 916 3309 986 vulgatisque
3339 917 3462 971 aliis
3498 917 3575 970 li—

1992 999 2101 1054 bris
2144 1001 2337 1058 vitiose
2375 1005 2647 1060 Srribitur.
2693 1005 2748 1060 S.
2778 1009 3110 1076 Augustinus
3197 1009 3265 1064 de
3303 1008 3421 1064 Civ.
3483 1008 3580 1064 Dei

1998 1091 2095 1146 lib.
2133 1109 2284 1159 xv'ttt,
2315 1110 2366 1149 c.
2397 1095 2448 1158 '5,
2482 1113 2667 1164 quem,
2693 1109 2750 1152 ut
2775 1099 3034 1166 diximus,
3058 1100 3192 1154 nihil
3228 1101 3452 1154 dubium
3471 1113 3578 1166 est,

2009 1184 2319 1252 bnjusmodi
2351 1204 2414 1242 ex
2455 1187 2875 1254 Hieronymiana
2912 1193 3365 1263 interpretatione
3397 1195 3580 1250 Euse-

2002 1275 2147 1329 biani
2184 1278 2440 1335 Cbroniei
2465 1283 2752 1348 exemplar
2789 1285 2859 1337 ob
2891 1285 3081 1339 oculos
3118 1285 3401 1347 habuisse,
3447 1287 3579 1355 legit

1996 1366 2082 1422 bis
2139 1367 2458 1424 Thuriacum
2488 1387 2509 1426 :
2551 1388 2724 1442 quem,
2762 1373 2981 1442 inquit,
3035 1377 3252 1445 quidam
3295 1376 3581 1430 Thurima-

1998 1470 2116 1510 cum
2153 1459 2438 1519 scribunt:
2473 1472 2531 1514 ut
2556 1462 2700 1530 quod
2763 1475 2820 1517 et
2844 1464 3142 1546 'Scaligero
3193 1476 3442 1522 notatum
3469 1478 3580 1530 est,

1991 1550 2104 1617 jam
2138 1538 2208 1605 ab
2259 1566 2324 1606 eo
2370 1563 2611 1622 tempore
2651 1538 2943 1624 intelligas,
2997 1557 3201 1610 variam
3249 1558 3418 1611 fuisse
3447 1574 3476 1612 a
3507 1558 3583 1612 Ii-

1999 1642 2202 1698 hrariis
2245 1635 2561 1700 ‘lectionem
2621 1645 3010 1715 'importatam.
3080 1647 3256 1717 Hujus
3307 1658 3362 1704 et
3401 1647 3583 1704 Varro

1995 1735 2244 1789 meminit
2271 1745 2324 1790 et
2365 1737 2686 1793 Pausanias.

2072 1822 2211 1880 Ibid.
2251 1826 2406 1895 Apud
2461 1827 2652 1898 Argos.
2717 1825 2992 1885 Instaurat
3049 1831 3294 1901 Scaliger
3333 1840 3580 1888 veterem

1997 1924 2188 1996 contra
2224 1918 2518 1973 Eusebium
2549 1921 2723 1975 dicam
2749 1940 2813 1978 ex
2857 1923 3129 1994 Syncello,
3166 1933 3222 1977 ut
3249 1923 3441 1993 probet
3472 1926 3584 1978 ini-

1999 2007 2136 2060 tium
2173 2013 2322 2079 regni
2351 2011 2675 2081 Argivorum
2703 2015 2754 2067 in
2782 2030 2985 2068 annuat
3008 2015 3308 2070 secundum
3340 2015 3580 2087 Sphaeri,

1998 2099 2193 2154 decimi
2239 2103 2383 2156 tertii
2412 2104 2757 2175 Assyriorum
2795 2106 2960 2176 regis,
3001 2107 3114 2162 sive
3156 2108 3208 2162 in
3239 2107 3404 2162 Hosis
3436 2115 3580 2160 tem-

1997 2203 2127 2257 pora
2157 2190 2394 2246 conferri
2428 2192 2712 2248 debuisse.
2764 2193 2838 2248 Ex
2868 2195 3100 2250 adverso
3133 2195 3388 2250 Petavius
3416 2195 3582 2264 quid-

1997 2281 2123 2349 quid
2148 2282 2332 2335 aﬂerri
2369 2299 2468 2353 pro
2513 2285 2823 2340 Eusebiana
2859 2287 3130 2342 sententia
3191 2296 3426 2354 poterat,
3481 2289 3583 2341 do-

2001 2373 2247 2428 ctissime
2282 2375 2554 2444 exposuit,
2579 2391 2700 2430 cum
2722 2376 2874 2440 alibi,
2901 2387 3013 2430 tum
3054 2377 3326 2448 praecipue
3355 2377 3410 2429 in
3434 2376 3582 2430 notis

1999 2469 2065 2519 ad
2105 2464 2472 2534 Epiphanium
2505 2477 2542 2520 t.
2577 2463 2642 2530 II,
2679 2483 2732 2535 p.
2763 2467 2850 2535 16,
2885 2469 2974 2523 ubi
3009 2483 3113 2524 n0n
3142 2479 3289 2523 recte
3311 2468 3578 2521 Inachum

1998 2555 2133 2611 Mosi
2177 2557 2558 2634 syncbronurq
2589 2558 2786 2615 Ierisse
2844 2569 3057 2616 veteres
3097 2575 3291 2614 omnes
3322 2568 3448 2614 ante
3475 2557 3582 2610 Eu-

1999 2645 2230 2711 sebium,
2268 2650 2571 2705 contendit.
2601 2649 2888 2708 innuimus
2921 2661 3100 2707 autem
3136 2667 3235 2706 nos
3265 2665 3458 2720 supra,
3482 2649 3579 2703 ubi

1995 2736 2065 2790 de
2113 2738 2358 2809 Egialeo
2415 2742 2588 2811 primo
2644 2743 3026 2814 Sicyoniorqu
3085 2760 3232 2817 rege,
3284 2756 3451 2814 atque
3489 2743 3581 2799 hic

1999 2827 2183 2890 denuo
2247 2834 2590 2900 profitemur,
2635 2836 2800 2890 malle
2845 2835 3205 2892 nihilominus
3235 2853 3266 2891 a
3313 2839 3580 2894 vetustio-

2003 2935 2122 2974 rum
2159 2923 2409 2991 partibus
2441 2934 2610 2990 stare,
2645 2941 2706 2980 ae
2742 2926 2910 2980 videri
2938 2927 3155 2996 quidem
3177 2927 3405 2990 Justini,
3434 2927 3579 2983 Afri-

2001 3013 2147 3076 Cani,
2182 3011 2422 3081 Tatiani,
2455 3015 2798 3083 Tertulliani,
2826 3017 3175 3083 Clementis,
3209 3017 3578 3084 Manethonis,

309 3108 412 3148 nec
440 3108 572 3148 sane
611 3096 662 3150 in
702 3095 958 3154 Sicbardi
1013 3104 1252 3161 editione
1304 3109 1593 3167 habentur.
1628 3113 1888 3172 Caeterum

2007 3111 2170 3172 atque
2211 3105 2443 3158 aliorum
2473 3121 2595 3160 cum
2653 3107 2965 3184 prepiorem
3022 3123 3155 3163 vero
3207 3109 3576 3178 sententiam,

310 3186 452 3240 tituli
484 3189 548 3240 a'd
575 3187 748 3244 instar
797 3207 860 3246 ea
884 3203 1032 3258 sunt,
1059 3212 1180 3264 quae
1204 3200 1422 3270 proprie
1455 3205 1519 3256 ad
1547 3205 1886 3275 subsequen-

312 3287 418 3331 tem
470 3295 672 3334 annum
725 3282 1018 3340 Abraltami
1065 3287 1132 3342 76
1178 3292 1502 3359 pertinent,
1536 3296 1627 3362 qui
1679 3299 1886 3365 primus

311 3370 779 3441 Iiepromissionis
839 3387 1036 3446 annus
1071 3393 1189 3436 est:
1224 3387 1366 3450 quod
1413 3395 1466 3440 et
1500 3386 1776 3447 Pontacus
1819 3408 1886 3448 ex

309 3473 462 3531 parte
491 3475 664 3519 uolat.
707 3467 882 3523 Minus
917 3471 1052 3525 adeo
1103 3484 1250 3530 reete
1298 3474 1543 3547 Scaliger
1595 3495 1658 3535 ea
1714 3461 1920 3538 verba.

307 3570 337 3608 e
366 3557 586 3626 regione
622 3562 1012 3629 septuagesimi
1046 3565 1223 3633 quinti
1258 3568 1387 3620 anni
1422 3570 1699 3638 ascripsit.
1730 3570 1886 3641 Legit

307 3662 570 3718 praeterea
605 3651 656 3704 in
695 3651 844 3706 Pauli
879 3663 1026 3709 textu
1060 3657 1129 3709 ad
1168 3662 1532 3719 eraeuandam
1576 3665 1887 3732 promissio-

307 3757 446 3804 nem,
475 3758 571 3811 pro
594 3744 990 3813 destruendam,
1019 3757 1151 3814 etc.,
1176 3765 1300 3819 quae
1346 3749 1558 3821 Vulgati
1611 3755 1885 3825 interpre-

312 3836 380 3890 tis
411 3836 572 3890 lectio
602 3847 710 3892 est.

378 3929 495 3984 Col.
516 3931 639 3985 263.
668 3932 802 3986 Tum
841 3935 1030 3991 istlttee
1059 3938 1362 4005 aduotatio,
1383 3939 1684 4009 .Vicesimus
1713 3959 1886 3998 annus

314 4020 752 4091 Repromissionis
777 4064 790 4086 ,
855 4037 968 4080 tum
998 4044 1118 4096 quae
1153 4029 1532 4099 subsequitur,
1557 4031 1788 4088 Sodoma
1838 4044 1888 4088 et

309 4115 604 4170 Gomorrha
637 4135 920 4186 succensa,
981 4120 1034 4173 in
1068 4119 1351 4178 Parmensi
1387 4123 1609 4187 codice,
1657 4126 1889 4198 aliisque

310 4212 436 4262 eum
465 4208 651 4275 editis,
689 4219 801 4264 tum
839 4226 970 4267 mss.
1007 4210 1248 4270 Pontaco
1270 4223 1324 4269 et
1353 4214 1629 4288 Scaligero
1653 4217 1888 4275 laudatis

310 4300 467 4356 Iibrls
500 4315 608 4356 non
633 4313 783 4359 sunt.

383 4394 505 4450 Col.
544 4397 671 4452 265.
728 4397 1000 4452 Abraham
1053 4416 1172 4454 cum
1208 4403 1537 4456 centenarias
1571 4411 1722 4458 esset.
1771 4402 1890 4460 Iluc

1999 3206 2113 3252 tum
2137 3199 2402 3267 gravioris
2435 3200 2698 3253 momenti
2738 3201 3142 3255 auctoritatem.

2060 3289 2194 3343 Ibid.
2228 3289 2358 3345 Io...
2389 3289 2589 3345 Isidem
2620 3301 2829 3347 vocant.
2874 3291 3100 3347 Videtur
3137 3293 3225 3348 hic
3261 3293 3530 3350 Eusebius
3555 3333 3576 3360 ,

1986 3381 2132 3450 quod
2165 3392 2219 3436 et
2275 3381 2488 3438 veteres
2521 3385 2740 3453 quidam
2789 3385 2880 3438 alii
2918 3395 3170 3454 peccant,
3199 3385 3340 3440 duas
3375 3400 3579 3455 cogno-

1988 3457 2137 3527 mine
2167 3473 2368 3537 Iones,
2424 3475 2656 3545 primam
2706 3475 2918 3537 Inachi.
2972 3476 3198 3530 alteram
3243 3473 3358 3530 Jasi
3409 3476 3577 3530 tiliam

1987 3566 2315 3634 cuufudisse;
2349 3582 2472 3620 nam
2504 3583 2623 3634 qua:
2652 3567 2879 3632 dicitur,
2900 3567 3040 3622 Ireto
3059 3566 3294 3622 Thracio
3323 3569 3575 3636 trajecto,

1984 3658 2230 3727 Bosporo
2259 3675 2459 3713 nemon
2486 3658 2708 3724 fecisse,
2747 3670 2800 3713 et
2833 3660 2885 3714 in
2917 3658 3212 3730 Egyptum
3247 3660 3576 3728 profectam,

1987 3752 2144 3803 deam
2182 3751 2406 3816 factam,
2444 3752 2758 3820 dictamque
2781 3751 3003 3816 Isidem,
3036 3750 3147 3805 Iasi
3175 3751 3443 3815 ﬁliai-rat,-
3465 3767 3575 3805 non

1988 3841 2198 3898 Inachi.
2233 3841 2384 3898 Ilanc
2418 3859 2546 3898 vero
2579 3843 2800 3898 tradunt
2835 3843 3210 3897 accuratiores
3244 3843 3574 3912 mythologi,

1986 3947 2016 3987 a
2046 3933 2172 3986 I‘ico
2237 3930 2369 3986 Jove
2419 3942 2668 4002 raptam,
2702 3949 2812 4002 pra:
2856 3932 3044 3987 dolore
3076 3932 3316 3986 animam
3342 3934 3522 4003 egisse
3554 3951 3574 4000 ;

1989 4022 2077 4078 cui
2108 4017 2367 4093 templum
2406 4024 2642 4079 Inachus
2674 4034 2829 4095 pater
2872 4025 3168 4089 exstruxit,
3203 4033 3258 4079 et
3298 4013 3575 4080 locumide

1988 4117 2108 4186 ejus
2148 4117 2371 4172 nomine
2427 4117 2636 4184 Iopolin
2674 4117 2991 4188 appellavit.
3046 4116 3203 4182 Quod
3235 4117 3331 4184 ait
3373 4117 3573 4171 Suidas

1989 4201 2220 4257 inditum
2267 4204 2386 4258 urbi
2425 4220 2620 4258 nomen
2656 4206 2734 4268 εἰς
2783 4205 2957 4273 διομα.
2990 4204 3086 4273 γῆς
3121 4203 3366 4274 Σελήνης
3415 4203 3568 4268 Ἰοῦς,

1980 4292 2145 4367 juxta
2178 4291 2342 4346 Luna:
2393 4292 2453 4346 Io
2485 4309 2694 4358 nomen,
2742 4300 3009 4347 monstrat
3045 4293 3175 4362 quid
3225 4293 3355 4346 olim
3395 4291 3565 4346 fraudi
3606 4311 3616 4316 ·

1993 4385 2178 4447 fuerit,
2215 4393 2272 4438 ut
2305 4385 2444 4439 male
2468 4385 2940 4440 confunderet-tur
2967 4399 3126 4438 :ttatn
3146 4382 3252 4437 Isis
3282 4400 3404 4454 qua:
3429 4383 3563 4438 dicta

308 4487 568 4556 pertinet,
597 4491 739 4557 quod
770 4491 1029 4546 laudatus
1056 4491 1517 4548 Seburzlleisehio
1543 4495 1706 4550 habet
1741 4495 1885 4549 Gob-

1998 4488 2075 4532 est
2105 4476 2400 4548 Egyptiis,
2435 4494 2498 4531 ex
2554 4492 2743 4532 eorum
2797 4475 2980 4544 lingua
3014 4474 3226 4528 Lunam
3277 4473 3560 4542 signiﬁcat.

313 4577 533 4634 be'liuus
579 4579 820 4635 Persona
853 4583 1140 4637 Cosmodr.
1196 4595 1294 4639 iet;
1319 4600 1402 4650 ιιι,
1430 4601 1553 4655 cap.
1581 4587 1614 4640 5
1648 4603 1664 4644 :
1710 4587 1892 4642 Scien-

319 4676 446 4724 dum
479 4681 556 4726 est
582 4711 614 4736 ,,
651 4672 789 4740 quod
822 4673 1037 4728 tradunt
1072 4676 1306 4732 historia:
1329 4718 1344 4743 ,
1399 4679 1538 4746 quod
1573 4680 1698 4733 dum
1732 4679 1890 4734 Isaac

307 4761 567 4824 nascitur,
602 4772 652 4816 et
698 4763 966 4816 Abraham
997 4771 1114 4817 erat
1165 4779 1195 4820 c
1248 4781 1530 4829 annorum,
1602 4775 1723 4820 tunc
1775 4777 1890 4820 erat

307 4855 618 4906 centesimus
659 4870 829 4906 orntus
876 4856 1092 4910 decima:
1121 4866 1171 4910 et
1226 4858 1462 4926 septima:
1513 4858 1638 4927 (leg.
1695 4861 1886 4929 sexta?)

305 4941 568 5011 dynastiw
606 4947 748 5013 apud
777 4946 1055 5018 ﬂgyptios
1079 4990 1093 5014 ,
1138 4959 1188 5003 et
1252 4951 1521 5006 vicesimus
1567 4962 1749 5007 sextus
1788 4951 1890 5006 Re-

304 5037 690 5104 promissi‘onis.
1651 5084 1656 5087 -

379 5127 516 5182 Ibid.
577 5133 753 5197 Atque
793 5130 905 5188 haec
959 5134 1191 5202 epoclta,
1275 5133 1496 5188 Initium
1531 5136 1748 5204 jubila'i
1781 5153 1887 5191 ml

306 5222 599 5275 secundum
647 5223 925 5288 Hebraeos,
965 5225 1018 5280 in
1051 5227 1332 5281 Parmensi
1373 5243 1476 5282 ms.
1519 5229 1883 5283 desideratur.

307 5312 444 5381 Ejus
471 5324 654 5366 autem
689 5314 812 5368 loco
844 5314 998 5384 juxta
1035 5315 1438 5384 Sicbardinam,
1464 5319 1710 5387 aliasque
1739 5329 1889 5374 vete-

309 5419 397 5458 res
434 5405 707 5461 editiones
743 5444 757 5468 ,
811 5407 925 5460 Ittec
983 5410 1276 5476 habentur,
1342 5410 1688 5464 IIebra'orum
1728 5409 1885 5465 Isaac

305 5496 451 5564 ﬁlius
483 5497 709 5552 Abrahte
729 5513 795 5553 ιι
827 5502 998 5554 a'tatis
1016 5518 1127 5556 sua:
1154 5519 1289 5556 anno
1311 5515 1526 5574 generat
1553 5502 1738 5570 Jacob,
1765 5520 1886 5576 qua:

308 5589 416 5641 huc
451 5601 601 5643 certe
633 5607 742 5645 non
775 5595 1070 5662 pertinent.

379 5675 495 5733 Col.
528 5680 654 5737 265.
688 5683 977 5754 Egydrus.
1013 5688 1301 5758 Perperam
1335 5686 1588 5756 Egidius
1617 5688 1881 5758 scriptum

310 5783 470 5826 antea
510 5785 624 5829 erat
656 5776 710 5832 in
739 5776 988 5838 Sicbardi
1049 5791 1212 5852 atque
1270 5780 1447 5850 ipsius
1503 5779 1727 5835 Pontaci
1768 5780 1882 5836 edi-

1995 4568 2236 4632 Videsis,
2273 4580 2437 4638 atque
2471 4568 2703 4622 invicem
2742 4573 2933 4621 conter
2963 4565 3356 4634 Apollodorum
3381 4566 3477 4619 lib.
3504 4579 3560 4627 tt,

1992 4660 2315 4715 Pausaniam
2375 4675 2590 4730 quoque
2642 4659 2736 4713 lib.
2781 4673 2844 4721 tt,
2898 4669 2948 4712 et
2996 4655 3328 4711 Herodotum
3381 4656 3477 4710 lib.
3523 4669 3559 4718 ι,

1993 4757 2227 4826 denique
2260 4765 2314 4808 ct
2345 4752 2567 4807 Suidatn
2600 4752 2652 4803 in
2681 4750 2790 4803 Ἰώ.

2063 4847 2198 4902 Ibid.
2269 4846 2307 4898 Α
2372 4855 2521 4910 patre
2562 4841 2790 4896 Inachus
2842 4841 3054 4910 ﬂuvius.
3121 4838 3380 4906 Quinimo
3437 4837 3562 4892 Pau-

1991 4940 2171 4997 sanias
2190 4939 2242 4992 in
2273 4937 2634 4993 Corinthiacis
2651 4951 2703 4990 c.
2727 4935 2792 4989 15
2820 4937 2998 5004 ipsum
3023 4933 3355 5005 Ἰναχονζοῦκ
3371 4933 3557 5004 sapa.

1990 5034 2126 5088 ἀλλὰ
2156 5033 2246 5086 τὸν
2298 5031 2566 5100 ποταμὸν,
2604 5028 2861 5082 Inachum
2917 5044 3022 5081 non
3078 5029 3347 5081 hominem
3379 5027 3556 5095 fuisse,

1991 5128 2079 5182 sed
2105 5127 2324 5196 ﬂuvium
2356 5125 2538 5179 docet.
2582 5122 2686 5178 Sed
2714 5131 2768 5177 et
2794 5121 3103 5190 Stephanus
3139 5118 3438 5181 Inachiam,
3458 5118 3557 5170 ἀπὸ

2002 5220 2210 5290 Ἰνάχου
2239 5218 2333 5271 τοῦ
2364 5215 2614 5286 ποταμοῦ
2635 5257 2650 5280 ,
2695 5215 2759 5268 ab
2792 5212 2996 5267 Inacho
3045 5210 3554 5281 [Iurioappellatam

1989 5315 2179 5371 tradit.
2239 5310 2672 5383 Etymologicum
2746 5321 2968 5377 quoque
3029 5319 3284 5370 magnum
3359 5304 3549 5357 dictam

1985 5405 2274 5478 JEgiaIiam
2317 5411 2486 5468 notat,
2529 5402 2636 5454 ἀπὸ
2669 5396 2972 5468 Αἰγιαλέως
2995 5437 3009 5460 ,
3044 5397 3161 5451 υἱοῦ
3203 5393 3429 5466 Ἰνάχου,
3466 5390 3550 5446 τοῦ

1984 5501 2043 5554 ὲν
2072 5499 2267 5568 Ἀργει
2291 5493 2557 5565 ποταμοῦ,
2590 5493 2653 5547 ab
2677 5491 2945 5564 ACgialeo,
2967 5489 3078 5558 ﬁlio
3106 5489 3315 5570 Inachi,
3342 5487 3431 5557 qui
3446 5491 3549 5538 erat

1985 5595 2040 5648 in
2074 5594 2216 5663 Argo
2275 5585 2488 5659 ﬂuvius.
2530 5585 2716 5656 Neque
2764 5584 2819 5639 id
2866 5597 2997 5638 sane
3041 5582 3282 5636 insolens
3336 5574 3539 5634 attribui

1988 5684 2308 5739 ﬂuminibus
2349 5679 2490 5735 ﬁlios
2512 5695 2542 5734 a
2579 5675 2903 5750 mythologis
2932 5690 2947 5731 :
2974 5684 3163 5728 noster
3194 5686 3324 5726 vero
3369 5677 3543 5724 auctor

1985 5793 2108 5837 cum
2163 5774 2492 5848 Apollodoro
2540 5771 2766 5843 propius
2831 5769 2900 5824 ad
2949 5781 3139 5824 verum
3166 5763 3353 5821 sentit.
3387 5761 3542 5818 Porro

3881 2247 3891 2448 ξ

3881 2449 3890 2644 ἓ

3881 3599 3888 3634 _!

3877 3665 3886 3696 .'

3879 3861 3888 3904 ἑ

3881 3951 3888 3984 t

3879 4025 3886 4068 I

3877 4077 3888 4124 ἒ

3881 4135 3888 4178 _l|

3879 4183 3888 4212 ε

3879 4303 3892 4452 ἑ
