3908 6174
199 378 298 441 729

1457 387 1873 450 VALLARSII
1919 390 2160 455 ΝΟΤΕ.

3346 390 3450 451 ἨΟ

197 506 374 551 autem
415 495 642 573 monstri
677 494 850 551 instar
879 503 985 564 est,
1021 497 1168 568 quod
1204 499 1400 555 habent
1434 503 1772 558 vetustiores
1803 506 1845 563 Α
1879 513 2044 571 atque
2083 503 2133 556 id
2169 510 2351 556 tamen
2392 501 2597 555 rectius
2629 500 2850 555 Pontari
2903 502 3168 558 Sthenelo.
3197 502 3454 562 Σθένελος

205 585 458 656 quaedam
494 587 783 652 editiones,
839 585 1076 642 Pontaco
1109 589 1210 658 ipsi
1248 591 1466 659 ignotae,
1497 591 1603 646 Bos
1639 593 1778 647 Pho-

194 695 384 731 roneus
431 693 528 746 pro
557 678 884 744 Basphorus.
917 679 1124 735 Laudat
1147 680 1390 753 Scaliger
1417 684 1472 736 in
1508 700 1626 738 eam
1663 701 1775 738 rem

193 783 324 825 istos
342 787 451 840 [irae
466 773 674 828 caeteris
689 770 932 843 Escbyli
955 787 1144 830 versus
1155 787 1216 830 ex
1237 775 1554 832 Pronietbeo
1576 778 1774 832 vincto:

301 883 504 955 Ἐτται
538 885 595 937 δὲ
627 884 844 952 θνητοῖς
875 887 1047 940 εἰσαεὶ
1070 887 1229 953 λόγος
1265 889 1439 955 μέγας

297 954 550 1030 Ϊῆςξεξῆς
567 955 820 1025 πορείας.
853 957 1132 1026 Βόσφορος
1161 958 1204 1010 δ’
1232 954 1526 1030 ἐπώνυμος

296 1025 680 1092 Κεκλήσεται.

262 1138 387 1194 Col.
421 1138 548 1192 269.
579 1138 808 1193 Moritur
849 1139 1141 1195 Abraham.
1190 1143 1453 1198 Absolute
1507 1145 1772 1214 Scaliger,

189 1232 426 1285 urat-itur
457 1228 726 1282 Abraham
760 1246 887 1282 ann.
941 1231 1065 1293 I75,
1107 1249 1230 1286 cum
1261 1249 1322 1286 ea
1371 1242 1553 1289 tamen
1583 1236 1772 1304 verba,

188 1336 375 1373 omnes
410 1320 582 1372 vivens
604 1335 796 1384 annos,
825 1330 957 1383 etc.,
983 1321 1099 1386 ipsa
1124 1337 1245 1390 qua:
1266 1324 1453 1378 retulit
1479 1325 1530 1378 in
1557 1325 1774 1390 Graeco,

187 1414 365 1482 ζήσας
397 1414 466 1464 τὰ
495 1414 674 1465 παντὰ
695 1414 788 1481 ἔτη
834 1419 957 1483 ροε¹,
987 1415 1320 1481 exprimant.
1393 1415 1497 1470 Alii
1532 1419 1770 1485 codices,

187 1518 334 1570 quos
392 1503 885 1558 Schurzﬁeiscbius
940 1504 1167 1570 laudat,
1225 1506 1522 1574 praeferunt
1570 1526 1772 1563 armum

190 1611 383 1664 agens,
413 1605 520 1649 ctc.
563 1595 782 1651 Primus
811 1595 1090 1652 Palatinus
1119 1638 1134 1662 ,
1178 1615 1356 1653 omnes
1412 1617 1598 1665 annos,
1653 1621 1773 1658 cum

186 1703 435 1740 euntes-es
483 1703 660 1756 agens,
722 1697 874 1754 etc.;
916 1703 1038 1742 nam
1077 1691 1220 1757 quod
1254 1706 1425 1746 cur:
1468 1696 1619 1763 ponit
1675 1711 1774 1765 pro

186 1791 390 1844 casn,
424 1779 770 1834 manifestum
795 1781 1095 1836 scribarum
1132 1792 1216 1836 est
1249 1784 1459 1840 vitium.

1879 603 2060 646 autem
2100 593 2367 646 continuo
2415 595 2618 647 dicitur
2673 595 2962 664 Syncello,
3011 601 3168 661 cujus
3221 595 3456 647 maxime

1878 683 2206 736 auctoritate
2259 683 2538 738 reﬁxiiuus
2591 684 2838 739 Latinum
2903 687 3458 752 Sthenelum:quan-

1877 789 2041 843 quam
2073 782 2126 826 ct
2153 773 2373 834 codices
2403 776 2607 842 aliquoi.
2657 791 2777 830 osse
2842 793 2948 831 nun
3002 779 3315 838 dillitruiur,
3363 777 3454 843 qui

1879 869 1945 918 ad
1977 865 2546 934 Scaligerilectionem
2596 870 2768 935 magis
2816 869 3097 926 accedant.
3155 878 3209 921 et
3261 867 3456 919 Συενὲ-

1877 957 2045 1011 lavent
2070 959 2366 1028 Κροτωποῦ
2393 960 2556 1012 παῖδα
2584 963 2791 1015 vocarit
2813 962 3175 1014 Pausaniasiu
3204 960 3454 1013 Corinth.

1880 1065 2001 1117 cap.
2043 1050 2128 1110 16,
2172 1051 2675 1121 Vere-Augustinus
2727 1052 3002 1120 de'tCnit.
3043 1053 3134 1104 lh-i
3184 1052 3275 1104 lib.
3330 1064 3459 1104 xuii

1877 1156 1928 1196 c.
1991 1143 2064 1197 8:
2096 1143 2204 1196 Rea:
2252 1159 2417 1196 nouus
2459 1144 2755 1208 Sthenelus,
2796 1146 2903 1198 sire
2954 1143 3260 1198 Sthenelcus
3291 1181 3306 1203 ,
3360 1143 3462 1194 sire

1878 1233 2174 1298 Sthenelus,
2207 1237 2349 1288 varie
2379 1237 2567 1306 quippe
2622 1237 2675 1289 in
2710 1236 2932 1289 diversis
2978 1234 3280 1286 auctoribus
3319 1234 3462 1284 iuve-

1879 1327 2045 1382 nitur.

1947 1419 2204 1474 Col.9.b’9.
2242 1417 2505 1471 Pastores.
2542 1414 2770 1482 Insignis
2821 1415 2908 1467 hic
2941 1415 3094 1470 locus
3123 1427 3226 1480 est,
3269 1416 3356 1470 ubi
3392 1417 3464 1470 de

1879 1510 2114 1564 Eusebio
2135 1509 2429 1576 triumphat
2455 1506 2714 1575 Scaliger.
2737 1505 2870 1560 Cum
2898 1508 3063 1560 multa
3086 1507 3451 1560 detemeratis

1879 1603 2248 1670 inutilatisque
2281 1600 2349 1654 ab
2379 1615 2443 1652 eo
2468 1599 2750 1670 dynastiis,
2771 1599 3088 1652 insultando
3109 1601 3278 1668 magis
3299 1615 3463 1668 quam

1877 1695 2229 1764 dispmando,
2252 1693 2564 1761 obiecisset,
2585 1705 2806 1744 causam
2839 1691 3010 1744 uuilto
3040 1690 3458 1752 absurhioreui,

1877 1801 1998 1856 quae
2029 1786 2181 1840 illum
2203 1787 2267 1837 ad
2297 1785 2408 1839 bare
2442 1783 2798 1852 perpetranda
2831 1783 3069 1853 impulit,
3105 1785 3176 1837 ita
3217 1783 3456 1838 irridens

260 1871 554 1938 lbid.Apis
589 1873 643 1925 in
692 1871 946 1941 Egypto.
979 1872 1186 1928 Passim
1229 1876 1436 1944 antiqui
1471 1878 1765 1947 scriptores
1802 1851 1841 1906 Β
1871 1851 2463 1938 exsibilanpastores,
2523 1873 2716 1942 inquit,
2770 1873 2870 1926 bos
2911 1851 3150 1927 credidit
3194 1872 3465 1926 Eusebius

188 1963 430 2034 Apidem
461 1953 786 2034 JEgyptium
816 1980 936 2017 cum
972 1966 1170 2033 Argivo
1187 1967 1528 2022 confundunt
1562 1981 1767 2037 :atque

187 2056 310 2108 haec
341 2070 511 2108 causa
548 2064 652 2117 est,
681 2071 842 2122 quam
875 2071 933 2110 se
965 2057 1220 2124 ignorare
1269 2057 1512 2128 Scaliger
1546 2061 1769 2129 proﬁte-

193 2157 314 2209 tur,
348 2160 447 2199 cur
484 2146 588 2200 hoc
627 2147 744 2200 loco
775 2147 963 2214 Apidis
999 2147 1143 2207 facta
1187 2151 1257 2202 sit
1287 2153 1513 2216 mentio,
1549 2169 1612 2207 ac
1651 2170 1772 2208 rur-

188 2251 320 2290 sum
381 2237 572 2291 eadem
629 2237 858 2292 inferius
899 2239 964 2292 de
1015 2241 1186 2309 Apide
1226 2243 1387 2295 tertio
1441 2243 1768 2312 Argivorum

188 2342 361 2396 rege,
400 2327 624 2395 Sctapiu
678 2331 1100 2398 cognominato,
1161 2349 1368 2401 proque
1408 2335 1508 2388 deo
1564 2335 1772 2404 habito,

190 2418 475 2474 Eusebius
504 2421 708 2476 tradat.
748 2419 968 2477 Scilicet
1011 2439 1076 2478 ex
1113 2424 1264 2479 vario
1294 2436 1578 2480 auctorum
1608 2444 1773 2483 sensu

187 2511 438 2580 loquitur
473 2529 486 2565 :
528 2522 586 2565 ut
627 2528 751 2568 cum
785 2514 910 2569 alibi
944 2517 1010 2570 ad
1053 2517 1359 2571 secundum
1384 2519 1637 2574 secundae
1681 2522 1779 2592 dy-

197 2604 400 2655 nastis:
431 2619 609 2674 regem
644 2604 800 2676 Χοδν,
843 2607 885 2660 si
916 2607 1049 2661 ﬁdes
1090 2608 1342 2679 Synccllo
1390 2621 1494 2676 est,
1525 2613 1791 2681 scripsit,-

189 2696 220 2747 ὁ
268 2695 444 2755 ’Λπις
476 2696 898 2756 καὶὸΜνεύις...
930 2699 1039 2751 θεοὶ
1063 2700 1445 2771 ἐνομίσθησαν.
1473 2703 1590 2772 Ipse
1614 2707 1777 2760 etiam

199 2785 522 2840 Herodotus
554 2788 649 2841 lib.
704 2803 788 2854 in,
821 2805 940 2859 cap.
974 2790 1066 2852 27,
1105 2801 1357 2859 testatur,
1389 2794 1609 2851 Grateos
1639 2797 1777 2866 Apin
1813 2857 1816 2860 _

189 2877 520 2949 Egyptium
555 2894 680 2934 cum
714 2879 938 2950 Epapho
974 2883 1318 2944 confudisse.
1372 2885 1440 2941 Ut
1495 2904 1623 2942 vero
1679 2891 1783 2944 ali-

187 2988 365 3042 quam
392 2973 642 3029 historia
667 2976 814 3031 illius
844 2985 1052 3048 partem
1087 2987 1296 3040 teneas.
1333 2994 1516 3034 secum
1547 2981 1781 3036 invicem

188 3063 395 3119 confer
425 3065 812 3133 Apollodorum
853 3068 1011 3121 initio
1052 3068 1149 3124 lib.
1182 3085 1240 3131 ii,
1280 3069 1574 3124 Diodorum
1607 3070 1704 3125 lib.
1743 3088 1780 3136 ι,

1868 1985 1992 2027 cum
2018 1970 2201 2024 Flavio
2216 1967 2453 2036 Jusepbo
2473 1966 2637 2020 fuisse
2657 1965 2931 2030 Ilclirteos,
2954 1965 3194 2034 quicum
3220 1963 3390 2018 lat-ob
3411 1965 3464 2017 iu

1873 2061 2164 2131 Egyptum
2191 2059 2614 2112 descenderunt.
2647 2057 2850 2122 Quare,
2883 2067 2940 2108 ut
2976 2059 3116 2111 lianc
3140 2055 3450 2126 dynastiam

1873 2151 2176 2205 rationibus
2226 2150 2340 2203 siris
2381 2149 2837 2212 accommodaret,
2897 2160 3060 2199 unam
3141 2144 3448 2215 dynastiam

1875 2243 2164 2311 expuuxit,
2195 2251 2246 2295 et
2271 2256 2380 2294 rem
2408 2239 2717 2298 ridiculam,
2748 2238 3063 2302 absurdam,
3084 2237 3455 2304 etjocularem

1877 2333 2128 2398 incurrit,
2148 2332 2237 2401 qui
2270 2333 2365 2386 bos
2389 2332 2664 2392 Pastores,
2695 2344 2833 2396 quos
2862 2329 2975 2381 vult
2998 2343 3118 2382 esse
3143 2327 3458 2397 progeniem

1875 2423 2272 2493 Jo'sepbi,aute
2317 2421 2532 2489 .Ioscphi
2586 2419 3018 2490 deportationetn
3067 2419 3121 2472 in
3173 2417 3466 2488 ASgyptuni

1880 2531 2104 2586 regnare
2130 2513 2359 2581 cmpisse
2416 2511 2628 2566 scribit.
2649 2510 2783 2563 Nam
2802 2509 3100 2563 secundum
3117 2509 3458 2578 enmJosepli

1879 2609 2192 2662 direttditus
2218 2624 2245 2660 a
2264 2605 2522 2660 fratribus
2538 2607 2587 2658 in
2603 2603 2892 2673 Egyptum
2916 2602 3222 2657 traducitur
3243 2617 3471 2656 numero

1880 2700 2007 2764 266,
2044 2700 2202 2753 anuis
2230 2700 2298 2753 76
2324 2708 2449 2751 ante
2479 2699 2621 2750 hanc
2655 2694 2980 2766 dynastiam.
3010 2692 3240 2762 Dignum
3269 2691 3468 2763 κατόρ-
3499 2707 3504 2711 ·

1888 2791 2078 2860 θωμα,
2102 2800 2324 2860 propter
2359 2786 2807 2858 quoddyuastias
2834 2786 2906 2838 ita
2941 2784 3238 2838 mutilaret.
3287 2781 3472 2853 Reges,

1886 2882 2084 2951 inquit,
2122 2881 2495 2951 Egyptians»:
2533 2879 2775 2932 Pastores
2827 2875 3143 2948 conﬁcimus
3197 2889 3471 2938 nuncupa-

1887 2985 1964 3029 tos
1989 2987 2204 3045 propter
2231 2973 2450 3036 Ioseph,
2498 2982 2544 3025 et
2572 2971 2768 3041 fratres
2801 2971 2936 3040 ejus,
2963 2971 3052 3034 qui
3107 2970 3160 3022 in
3197 2960 3471 3039 principio

1880 3068 2135 3122 Tastores
2187 3065 2518 3120 descendisse
2573 3064 2627 3116 in
2685 3061 2976 3133 Egyptum
3032 3060 3510 3146 coruprobantur.’

192 3172 328 3224 cap.
371 3157 458 3219 i3,
494 3159 814 3212 Strabonem
849 3160 940 3215 lib.
979 3161 1190 3223 ultimo,
1222 3161 1413 3216 Melam
1448 3164 1544 3218 lib.
1584 3180 1622 3227 ι,
1657 3179 1786 3234 cap.
1819 3180 1862 3238 ο
1896 3160 2060 3229 Atqui
2094 3159 2292 3212 fratres
2326 3158 2444 3225 ejus
2493 3165 2546 3209 et
2604 3167 2758 3222 pater
2819 3153 3118 3209 secundum
3177 3151 3471 3207 Eusebium

186 3250 280 3311 9.
345 3247 694 3303 Plutarchum
749 3249 816 3304 de
877 3251 1063 3316 Iside,
1099 3253 1301 3308 Juliqu
1362 3255 1660 3312 Firmicum
1723 3259 1791 3312 de

189 3340 496 3411 llysteriis,
547 3341 892 3394 Aminianutn
951 3343 1332 3399 Marcellinum
1364 3348 1459 3403 Itb.
1491 3365 1626 3406 xx".
1683 3350 1790 3407 Sed

196 3441 261 3482 et
294 3431 502 3504 Patres,
530 3443 666 3497 Quos
692 3432 934 3501 Sraliger
959 3433 1520 3504 Iaudat,Clementem
1549 3441 1790 3496 Alexan-

187 3521 417 3577 drinum
447 3525 498 3576 iii
519 3526 692 3587 primo
719 3526 1052 3580 Stromatum
1071 3546 1132 3582 es
1167 3528 1418 3596 Tutiano,
1489 3544 1543 3587 et
1603 3537 1792 3605 Augu-

187 3616 405 3678 stinum
439 3616 504 3669 de
523 3615 859 3680 Civitat.'Dei
893 3622 986 3676 lib.
1017 3638 1298 3692 xxm,cap.
1329 3623 1383 3689 5,
1410 3627 1791 3696 etymologiam

191 3721 425 3777 quoque
454 3708 756 3777 Serapidis,
819 3721 1100 3780 utcunque
1129 3717 1367 3783 ineptam
1395 3756 1410 3780 ,
1449 3733 1511 3770 ex
1550 3715 1793 3774 Varrone

203 3807 549 3866 repetentes.
615 3797 955 3867 Proliositam
1009 3803 1298 3858 lectionem
1352 3806 1498 3870 quod
1559 3803 1788 3874 spectat,

194 3891 392 3944 minus
451 3890 590 3945 bene
619 3889 878 3960 Scaliger,
931 3905 1023 3948 aut
1067 3903 1234 3966 certe]
1280 3907 1471 3950 contra
1523 3897 1786 3953 librorum

196 3993 353 4037 nota:
378 3984 620 4036 melioris
661 3983 819 4038 ﬁdem
851 3986 1181 4054 lialu-t,Apis
1223 3989 1273 4040 in
1315 3989 1546 4060 Afgypto
1589 3996 1789 4060 primus

195 4077 333 4128 deus
368 4083 611 4140 putatur,
651 4093 797 4145 quem
843 4079 1058 4147 quidam
1093 4078 1548 4150 Serapinvorant.

274 4166 411 4221 Col.
449 4167 572 4222 267.
610 4167 804 4223 Castor
833 4172 1110 4241 chronogr.
1138 4172 1359 4226 Suidam
1394 4157 1598 4231 tentere
1629 4192 1792 4232 secu-

201 4269 297 4314 tus
327 4259 572 4330 Scaliger
601 4262 882 4317 CastOrem
929 4265 1074 4320 Imnc
1108 4265 1240 4319 facit
1274 4269 1492 4321 natione
1517 4268 1791 4336 Gal-ataui,

196 4364 256 4406 et
287 4367 550 4420 generum
591 4353 828 4423 Deiotari
866 4370 1029 4424 regis,
1061 4365 1148 4411 cui
1197 4367 1251 4411 et
1295 4357 1430 4412 falso
1465 4354 1658 4416 tribuit
1718 4357 1790 4417 Ii-

199 4443 364 4497 brum
403 4443 726 4513 inscriptum
761 4448 1012 4517 Χρονικὰ
1055 4449 1400 4519 ἀγνοήματα.
1430 4453 1582 4507 Alius
1611 4455 1791 4509 enim-

1896 3250 2299 3304 desceuderuut
2331 3251 2382 3301 in
2417 3246 2707 3318 {Egypttttlt
2741 3262 2885 3300 anno
2910 3245 3005 3301 191
3043 3245 3274 3300 circiter
3307 3243 3471 3298 ﬁnem

1898 3342 2058 3411 hujus
2093 3341 2374 3410 tun-satias.
2410 3339 2724 3393 Secundum
2758 3337 2873 3392 Ita-c
2898 3335 3107 3391 llcbrtei
3160 3337 3252 3404 qui
3287 3336 3474 3390 Pasto-

1896 3447 1983 3486 res
2007 3432 2184 3485 vocati
2237 3440 2534 3500 regnarunt
2586 3434 2639 3482 in
2702 3430 2966 3499 ngypto,
3006 3428 3178 3498 prius
3221 3426 3474 3482 Pastores

1897 3525 2070 3578 vocati
2106 3523 2326 3587 fuerint,
2357 3531 2412 3575 et
2460 3521 2612 3590 prius
2646 3519 2927 3590 reguarint
2957 3520 3010 3572 in
3035 3518 3472 3588 £3ypto,quam

1895 3614 2268 3685 iuIEgyptum
2317 3613 2737 3668 descenderunt.
2797 3608 2916 3663 Non
2977 3611 3210 3664 deerunt
3267 3617 3471 3672 tamen,

1895 3705 1987 3773 qui
2018 3720 2124 3757 non
2157 3704 2332 3757 solum
2366 3703 2449 3756 his
2480 3699 3000 3756 liallucinatimiibus
3053 3697 3338 3762 favebunt,
3374 3696 3472 3761 sed

1895 3798 2058 3850 etiam
2094 3797 2182 3865 qui
2211 3795 2415 3848 armati
2475 3810 2574 3863 pro
2636 3792 2742 3846 illis
2789 3791 3137 3860 pugnabunt.
3196 3785 3473 3843 Hactenus

1901 3891 2162 3957 Scaliger,
2197 3888 2288 3958 qui
2323 3886 2682 3956 subsequcuti
2718 3887 2904 3940 statim
2957 3881 3330 3946 annotatioue,
3359 3879 3474 3937 Ma-

1895 3981 2150 4037 nethouis
2208 3980 2349 4050 apud
2377 3979 2677 4048 JoSt-pltum
2749 3985 2940 4032 contra
2998 3976 3265 4046 Apiouem
3320 3974 3474 4030 testi-

1894 4073 2077 4127 monio
2111 4071 2277 4141 (quod
2303 4071 2379 4126 ait
2411 4071 2464 4125 in
2506 4083 2749 4124 errorem
2799 4067 3082 4136 impulisse
3151 4063 3470 4134 Eusebium)

1893 4181 1959 4220 ex.
2002 4176 2154 4234 parte
2210 4164 2458 4227 recitato,
2519 4163 2632 4216 haec
2677 4159 3120 4215 subdit:Caus:e
3171 4174 3274 4212 non
3331 4167 3472 4223 erat,

1893 4273 1993 4313 cur
2017 4257 2288 4326 .Iosephus
2313 4267 2434 4325 post
2468 4256 2675 4308 iutilem
2713 4263 3015 4314 auctorem,
3075 4260 3130 4305 et
3159 4250 3471 4321 cymbalum

1895 4351 2081 4404 mundi
2109 4351 2399 4419 Apioncm,
2440 4345 2692 4400 Pastores
2730 4345 2986 4398 lleliraeos
3017 4341 3236 4410 Egypti
3265 4340 3474 4394 incolas

1897 4453 1952 4497 ct
1977 4443 2248 4508 credet-ct,
2275 4441 2586 4496 etEnscbio
2644 4437 3026 4507 persuaderet.
3089 4435 3281 4503 Neque
3321 4435 3468 4488 enim

201 4551 356 4597 vero,
400 4547 564 4602 atque
613 4553 678 4592 eo
734 4539 1014 4608 antiquior
1052 4539 1140 4594 hic
1177 4551 1280 4601 est,
1325 4559 1484 4608 quem
1521 4542 1787 4599 Eusebius
1820 4535 1861 4591 ὓ
1893 4552 1998 4591 una
2023 4535 2310 4590 Paswrum
2345 4534 2443 4587 iuit
2471 4532 2746 4602 dynastia.
2777 4530 2868 4586 sed
2899 4539 3006 4584 tres
3041 4539 3138 4586 :et
3179 4528 3220 4580 si
3269 4541 3463 4580 conce-

200 4629 392 4683 laudat
419 4627 615 4684 Castor
647 4633 1119 4700 chronograpbus.
1155 4635 1374 4689 natione
1403 4634 1666 4692 Rhodius.
1695 4639 1787 4692 Sic

199 4738 328 4776 eum
363 4735 522 4776 vocat
551 4723 922 4792 Apollodorus
994 4725 1319 4782 Bibliotltec.
1359 4729 1454 4783 lib.
1499 4747 1557 4793 ll,
1603 4732 1690 4785 ubi
1735 4740 1789 4785 et

201 4814 407 4867 librum
440 4814 587 4866 illutn
624 4814 906 4884 Χρονικῶν
954 4818 1324 4885 ἀγνοημάτων
1369 4819 1522 4872 citat.
1570 4818 1788 4872 Plutar-

195 4906 338 4958 chus
371 4904 425 4957 in
456 4904 658 4969 Qua'st.
736 4906 895 4961 Rom.
939 4907 1083 4961 aliud
1109 4909 1177 4961 ab
1228 4890 1293 4962 ei)
1343 4911 1607 4978 scriptum
1650 4927 1788 4981 opus

196 4995 391 5056 tradit,
427 4995 614 5064 inquo
648 4996 1016 5051 Romanorum
1049 5014 1228 5054 mores
1264 4994 1386 5054 curn
1410 5001 1788 5072 Pythagoricis

194 5084 654 5140 conferebantur.
687 5089 793 5142 Sed
835 5099 886 5142 et
918 5088 971 5142 iii
1011 5092 1130 5162 ipso
1184 5091 1511 5147 ascribentlo
1540 5094 1787 5151 Castoris

194 5179 558 5240 testimonio,
607 5181 658 5234 in
694 5196 760 5235 eo
802 5182 1017 5236 videtur
1064 5181 1306 5255 Scaliger
1343 5201 1591 5253 peccare,
1640 5187 1785 5257 quod

195 5271 338 5325 illud
367 5281 496 5324 ante
528 5273 848 5327 decennium
873 5273 1063 5337 refert,
1095 5290 1212 5330 srve
1233 5276 1298 5329 ad
1323 5292 1523 5330 annum
1551 5278 1785 5346 primum

199 5357 422 5419 Inachi,
453 5368 644 5413 contra
679 5360 967 5423 librormn,
989 5371 1123 5429 quot
1145 5361 1280 5426 seio,
1308 5361 1552 5416 omnium
1581 5362 1738 5416 ﬁdem
1769 5379 1783 5417 :

200 5463 231 5501 e
263 5447 471 5516 quibus
507 5448 615 5502 duo
649 5458 858 5504 tantum
912 5450 1150 5505 Palatini
1203 5451 1419 5507 codices
1448 5463 1596 5518 sunt,
1649 5463 1788 5508 tcste

201 5538 673 5597 Schurzﬁeischio
701 5581 717 5604 .
772 5543 865 5613 qui
905 5544 1046 5599 hanc
1105 5557 1344 5598 nostram
1372 5584 1386 5606 ,
1447 5553 1610 5615 atque
1650 5545 1787 5600 adeo

206 5632 584 5687 I’outacenatn
616 5636 1014 5702 recensiouem,
1039 5638 1171 5692 solis
1202 5637 1416 5692 duobus
1447 5635 1605 5691 anuis
1631 5648 1787 5691 ante-

205 5737 286 5774 vcr
306 5731 449 5776 tant.
490 5723 608 5779 Mox
639 5727 769 5798 Argi
802 5743 900 5798 pro
925 5728 1242 5797 Argivorum
1275 5729 1403 5798 legit
1433 5746 1445 5782 :
1473 5728 1611 5782 male
1641 5727 1788 5783 Pon-

201 5825 363 5869 tatus
401 5815 573 5888 Argivi
609 5835 627 5874 :
669 5829 781 5876 tum
852 5820 1258 5878 Sthcuclaneum
1310 5837 1409 5893 pro
1459 5819 1780 5889 St/tenelum,

1899 4630 2093 4683 damus
2120 4627 2376 4682 Pastores
2425 4626 2686 4681 Hebraeos
2743 4640 2848 4678 non
2892 4622 3070 4676 solum
3128 4622 3326 4682 dictos,
3379 4619 3474 4673 sed

1897 4734 2052 4787 rcges
2090 4718 2280 4782 fuisse,
2311 4733 2558 4785 quamam
2591 4717 2854 4770 extribus
2879 4715 3147 4784 dynastiis
3201 4712 3290 4764 illa
3349 4709 3470 4764 fue-

1897 4809 1988 4869 rit,
2017 4810 2156 4863 ratio
2190 4810 2340 4862 nulla
2378 4810 2502 4862 iniri
2563 4818 2760 4876 potest.
2810 4807 3082 4860 Prmterca
3135 4819 3258 4859 cum
3297 4803 3477 4859 Moses

1897 4901 2115 4964 scribit,
2171 4902 2238 4953 ab
2283 4901 2432 4953 obitu
2485 4898 2682 4965 Joseph
2761 4897 3082 4966 patriarcha:
3149 4897 3216 4949 ad
3299 4893 3472 4950 Exodi

1899 5001 2114 5060 tempus
2147 4994 2348 5046 misera
2383 4993 2644 5046 servitute
2685 4989 2939 5043 Hebraeos
2959 5002 3250 5058 oppressos
3282 4988 3475 5051 fuisse,

1899 5084 2173 5153 quomodo
2201 5084 2283 5137 illa
2320 5086 2371 5136 in
2407 5085 2669 5137 servitute
2705 5096 2936 5150 regnare
2994 5080 3299 5150 potuerint,
3363 5096 3470 5134 non

1900 5176 2077 5230 video.
2105 5174 2167 5230 Et
2200 5175 2542 5243 iucptissima
2575 5184 2699 5228 sunt
2729 5174 2862 5227 huic.
2919 5172 3468 5257 Deniquedempora

1902 5284 2007 5322 non
2049 5268 2405 5326 conveniunt,
2469 5283 2592 5322 cum
2642 5281 2750 5319 xvn
2804 5266 3050 5336 dynastia
3115 5265 3330 5319 desinat
3371 5259 3476 5313 205

1899 5363 2056 5417 annis
2089 5371 2216 5416 ante
2252 5361 2489 5414 I'Ixodum
2521 5377 2538 5414 :
2576 5376 2684 5424 xw,
2716 5361 2783 5414 de
2805 5354 2909 5428 Qua
2933 5357 3266 5424 intelligebat
3321 5354 3477 5408 lose-

1900 5456 2062 5524 phus,
2084 5466 2201 5523 qua:
2227 5455 2330 5508 518
2361 5470 2535 5509 annos
2560 5454 2828 5523 regnavit,
2885 5451 2994 5507 ’554
3037 5460 3164 5505 ante
3222 5449 3472 5503 Exodum

1899 5564 2019 5602 esse
2051 5547 2293 5605 desierit.
2324 5546 2634 5602 Omniuo'et
2689 5545 2984 5615 Josepbum
3069 5551 3121 5597 et
3176 5541 3471 5595 Eusebium

1898 5639 1950 5694 in
1985 5639 2235 5693 omnibus
2261 5639 2345 5693 his
2379 5637 2513 5708 lugit
2549 5640 2709 5692 ratio.

1967 5732 2180 5786 Placuit
2212 5731 2639 5788 suismetverhis
2705 5729 2981 5784 hominem
3028 5727 3264 5782 Eusebio
3301 5723 3472 5779 conﬁ-

1899 5826 2216 5882 dentissime
2251 5825 2570 5882 illudeutcur
2595 5822 2877 5888 inducere,
2923 5831 2976 5876 ut
3008 5823 3107 5876 hac
3151 5820 3216 5876 de
3263 5835 3322 5875 re
3354 5832 3474 5872 cer—
