3908 6174
528 388 627 451 721

1795 378 1980 439 VALL
2002 377 2190 440 \RSIl
2232 373 2481 439 NOTE.

3611 365 3690 430 732

525 513 712 556 ltusex
745 500 823 554 his
849 513 968 569 quas
999 497 1308 566 reponenda
1346 502 1493 559 sunt,
1549 495 1786 566 iudices.
1850 494 2091 547 lntcrea-
2123 502 2163 552 Α
2198 490 2281 542 nis
2303 490 2503 557 Ege-sos
2536 481 3005 550 interpretatione,
3062 477 3204 547 quod
3234 483 3335 542 est,
3392 494 3523 559 reges
3542 495 3687 544 ῃαεγ.-

522 597 889 650 duucertum
932 584 1035 656 est,
1073 590 1331 659 Scaligerl
1382 589 1705 644 sententiam
1756 587 1936 642 doctis
1970 586 2088 654 ple-

524 687 706 754 risque
739 683 992 737 omnibus
1019 682 1302 751 probatam
1337 680 1528 743 fuisse,
1564 689 1617 735 et
1663 678 1933 749 praecipue
1980 690 2093 730 ma-

448 814 465 821 κ
521 776 643 846 gnis
675 774 1045 841 chronologis,
1074 773 1291 829 Usserio
1346 783 1392 825 et
1424 771 1847 838 Marshamoﬁut
1872 770 2088 824 demum

520 868 871 935 pronuntiare
908 878 1045 921 non
1116 864 1400 918 ‘dubitarit
1442 863 1685 918 Joannes
1731 860 1979 916 Clericus
2022 858 2091 913 ad

520 955 693 1008 Exod.
715 971 752 1019 ι,
775 954 808 1008 8
836 972 850 1007 :
883 953 1169 1023 Joseplmm
1198 955 1289 1023 qui
1334 954 1426 1007 hos
1482 953 1730 1007 I'ast‘ores
1775 952 2092 1006 existimavit

520 1047 683 1117 fuisse
711 1048 851 1113 ipsos
913 1046 1209 1108 lsraelitas,
1258 1046 1523 1115 confutari
1565 1045 1805 1099 omnibus
1858 1045 2094 1099 historia:

521 1141 954 1194 circumstantiis.
1031 1142 1146 1209 Age
1207 1156 1338 1209 ergo
1396 1140 1586 1209 pedem
1632 1132 2002 1200 conferamus,
2033 1147 2095 1192 ut

522 1241 786 1299 quantum
811 1232 1463 1287 ltisiusitealuutniarum
1515 1232 1724 1286 videas.
1778 1226 1893 1284 lmo
1940 1243 2091 1292 vero,

523 1322 737 1383 inquam
756 1336 856 1388 ego
889 1329 1009 1388 post
1029 1320 1099 1376 cl.
1149 1319 1495 1383 Pcrizonum,
1564 1321 1816 1375 omnibus
1857 1320 2096 1374 circum-

522 1411 763 1475 stantiis,
789 1418 909 1479 qhae
937 1411 1155 1477 quidem
1193 1425 1461 1466 summam
1504 1411 1749 1465 historiae
1770 1410 2090 1474 conﬁciunt,

525 1502 772 1556 lirmatur
828 1500 1049 1572 Joscphi
1084 1512 1246 1572 atque
1291 1503 1511 1559 Eusebii
1539 1505 1809 1559 sententia
1850 1521 1867 1560 :
1918 1518 2097 1573 neque

520 1599 605 1647 est
633 1608 744 1653 cur.
776 1593 847 1646 ab
868 1609 929 1647 ea
957 1593 1321 1658 discedamus,
1352 1595 1525 1650 sicubi
1589 1597 1837 1665 quaedam
1889 1595 2098 1651 discre-

523 1699 653 1750 pare
678 1685 861 1740 adhuc
887 1686 1196 1752 videantur,
1221 1752 1224 1754 γ
1247 1701 1370 1742 cum
1402 1688 1555 1758 paria
1590 1689 1644 1743 in
1677 1688 1936 1744 omnibus
1976 1689 2095 1744 fere

524 1773 772 1828 historiis
801 1786 1116 1839 occurrant,
1144 1791 1291 1845 quas
1310 1777 1539 1831 aliarum
1576 1782 1845 1849 gentium,
1877 1780 1988 1834 imo
2039 1786 2094 1834 et

2196 597 2280 636 res
2314 620 2330 645 ,
2366 579 2525 633 aliter
2551 578 2684 645 servi
2710 585 2944 645 pastores
2987 587 3009 626 :
3041 570 3169 625 illud
3202 578 3386 635 nempe
3400 570 3553 638 ipsum
3574 576 3688 639 quod

2194 674 2456 729 Pltaraoui
2492 672 2555 723 de
2588 684 2647 724 se
2670 668 2926 722 nuntiant
2966 664 3237 726 lsvaclitte,
3266 678 3325 716 ac
3346 660 3522 732 Ioseph
3539 665 3696 719 Grues.

2191 781 2360 820 XLVI:
2399 761 2621 816 Fratres
2680 764 2800 818 mei,
2846 769 2895 814 et
2940 760 3127 812 domus
3178 755 3348 824 patris
3414 758 3695 829 mei.....stutt

2191 857 2293 910 uiri
2320 865 2559 926 pastores
2585 853 2781 907 ovium.
2805 849 2891 915 Et,
2952 848 3065 903 Viri
3114 856 3344 911 pastores
3391 860 3552 898 sumus
3593 846 3697 898 serti

2198 950 2275 1001 tui
2319 947 2872 1018 abinfantianostra,
2915 955 3075 1010 usque
3109 938 3165 993 in
3212 953 3452 1008 presens,
3479 946 3521 989 et
3574 943 3701 989 noset

2193 1053 2369 1112 patres
2401 1043 2588 1096 nostri.
2622 1041 2709 1104 Et,
2737 1038 2991 1092 Pastores
3024 1037 3196 1090 ovium
3226 1024 3401 1088 sumus
3422 1032 3539 1085 servi
3581 1032 3643 1083 tui
3664 1039 3702 1085 et

2198 1150 2313 1200 nos,
2341 1142 2391 1187 et
2422 1141 2597 1201 patres
2625 1130 2816 1185 nostri.
2854 1130 2923 1183 At
2956 1128 3101 1182 enim
3142 1125 3263 1180 alim
3288 1133 3409 1178 sunt
3429 1123 3535 1193 ejus
3560 1123 3694 1176 histoa

2200 1225 2295 1278 riae
2326 1223 2468 1291 apud
2531 1223 2918 1277 Manethouem
2977 1215 3423 1274 circumstantia,
3470 1228 3578 1283 qua:
3601 1226 3697 1266 cum

2194 1316 2560 1371 Israelitarum
2624 1313 2792 1381 gestis
2841 1311 2988 1365 nullo
3048 1314 3212 1378 pacto
3262 1304 3583 1360 conveniant.
3623 1302 3704 1357 Nos

2194 1418 2464 1462 summam
2495 1404 2732 1458 diximus
2763 1401 2883 1471 ejus
2933 1399 3176 1456 historiae
3211 1395 3489 1452 convenire
3522 1393 3595 1449 :si
3618 1406 3699 1461 qua

2200 1499 2553 1555 abhorreant.
2576 1494 2802 1549 minime
2858 1491 3023 1546 unius
3071 1498 3237 1556 atque
3288 1487 3499 1540 alterius
3550 1485 3708 1538 discre-

2174 1587 2394 1658 .panti:e
2429 1600 2595 1639 causa
2625 1586 2782 1637 ﬁdem
2812 1590 3063 1652 oportere
3120 1574 3368 1646 infringi.
3431 1575 3588 1643 Atque
3632 1573 3707 1628 bas

2205 1667 2384 1733 tamen
2423 1675 2755 1731 dill’ereutias
2784 1673 3037 1728 laudatus
3084 1669 3402 1725 Perizonius
3453 1677 3553 1722 toto
3578 1667 3709 1732 rapito

2199 1771 2269 1824 20
2295 1768 2609 1840 singillatim
2639 1775 2902 1829 removet,
2941 1774 3104 1833 atque
3137 1763 3214 1816 ita
3241 1774 3487 1831 perquam
3541 1758 3709 1812 enniito

523 1865 800 1919 vcrnacali
831 1875 1239 1934 sa'peauctores
1304 1869 1660 1939 scripserunt.
1695 1870 1897 1926 Locum
1961 1873 2098 1929 inte-

2211 1837 2460 1929 BXplicat,
2492 1868 2547 1912 ut
2581 1857 2801 1926 quando
2824 1862 3084 1924 praestare
3139 1844 3197 1906 id
3257 1848 3410 1921 nobis
3446 1861 3599 1916 neque
3636 1860 3706 1912 per

525 1966 683 2023 grum
719 1955 1080 2015 Manethonis.
1123 1958 1256 2013 satis
1317 1961 1462 2013 enim
1517 1959 1677 2026 longa
1740 1960 1939 2016 lacinia
1994 1970 2099 2028 est,

530 2057 642 2097 nou
710 2046 983 2101 ascribam
1038 2049 1320 2106 brevitatis
1378 2050 1591 2120 gratia,
1653 2066 1864 2107 summa
1920 2060 2102 2106 autem

528 2134 782 2215 Historiae
823 2137 942 2204 ejus
997 2140 1175 2208 capita
1237 2156 1642 2210 comparemus.
1693 2142 1802 2209 Ait,
1864 2144 1931 2197 ἐκ
1965 2144 2102 2196 “crint

525 2226 663 2296 πρὸς
707 2227 977 2296 ἀνατολὴν
1008 2231 1220 2298 μερῶν,
1246 2247 1310 2285 ea:
1339 2233 1586 2287 orientali
1640 2233 1822 2305 plaga,
1853 2234 2103 2291 Pastores

525 2315 663 2370 istos
687 2313 982 2387 ASgyptum
1042 2320 1367 2388 pervasisse.
1425 2320 1491 2374 Et
1543 2336 1669 2376 vero
1724 2322 1791 2376 ad
1835 2323 2102 2376 orientem

525 2406 741 2478 Egypti
762 2410 853 2463 siti
870 2418 1022 2464 erant
1040 2411 1313 2466 lsraelitae.
1338 2411 1563 2474 Erauthj
1596 2427 1777 2481 porro,
1802 2413 1993 2484 inquit,
2016 2413 2106 2468 ἇν-

528 2499 741 2568 θρωποι
766 2501 828 2555 τὸ
858 2503 1014 2569 γένος
1039 2504 1266 2573 ἄσημοι,
1320 2505 1526 2574 generis
1573 2505 1781 2558 obscuri
1818 2505 2055 2558 homines
2082 2519 2102 2559 :

530 2591 791 2645 nimirum
824 2592 918 2646 lilii
941 2583 1134 2659 Jacob,
1161 2596 1421 2664 quiinter
1464 2596 1803 2651 Chananteos
1843 2596 2105 2665 peregrini

477 2695 481 2698 ’
518 2682 859 2752 ιειὶηῳιὶιὲηἱ,
887 2683 1160 2739 utdicitur
1198 2684 1397 2740 Geues.
1425 2700 1584 2753 χχιιι,
1639 2687 1969 2742 habitabant.
1998 2686 2108 2740 Ad-

529 2774 610 2829 dit
664 2773 968 2829 obtinuisse
1040 2773 1330 2845 Aﬂgyptum
1401 2762 1597 2848 ῥᾳδίως
1649 2778 1912 2849 ἁμαχητί,
1951 2778 2108 2848 facile

512 2866 821 2920 admodum
848 2867 964 2921 sine
993 2882 1171 2938 pugna
1203 2882 1224 2922 :
1257 2884 1440 2924 revera
1471 2868 1767 2941 Josepbum
1813 2873 1975 2936 ultro,
2013 2888 2108 2929 rea:

541 2958 655 3026 ipse
681 2958 915 3027 prafeeit
966 2963 1108 3014 omni
1149 2960 1411 3032 =A5‘gypto
1440 3000 1457 3027 ,
1514 2972 1569 3017 et
1599 2977 1764 3032 quam
1822 2963 2103 3035 Scriptura

470 3116 481 3135 ‘
514 3048 798 3105 describit
825 3050 1020 3106 Genes.
1043 3067 1164 3121 cap.
1203 3068 1289 3107 xu
1321 3070 1629 3124 supremam
1693 3065 2012 3124 potestatem
2055 3057 2106 3113 ei

2204 1961 2454 2006 notartun
2478 1948 2763 2019 «angustias
2788 1947 2936 2008 licet,
2977 1945 3152 1999 satius
3184 1943 3352 1996 multo
3404 1941 3495 2004 sit,
3543 1948 3594 1994 ut
3614 1954 3706 1994 eum

2204 2046 2484 2107 consulas.
2514 2039 2665 2094 Alias
2697 2053 2801 2091 una
2830 2036 3087 2091 omnibus
3145 2033 3428 2102 responsio
3472 2032 3572 2086 hac
3594 2032 3710 2084 adhi-

2208 2136 2382 2190 benda
2411 2140 2545 2187 est:
2608 2130 2861 2184 Manetho
2901 2143 3038 2182 .eauu
3106 2126 3321 2192 accepit
3370 2124 3434 2178 ab
3491 2121 3708 2192 Egyptiis

2205 2220 2515 2282 historiam,
2556 2234 2721 2289 quam
2743 2226 2885 2287 post.
2931 2216 3064 2270 tanti
3117 2215 3383 2284 temporis
3429 2212 3710 2265 intervallum

2206 2311 2697 2385 adulteraveratex
2747 2314 2927 2376 parte,
2978 2314 3038 2359 ut
3083 2304 3368 2366 usuvenit,
3422 2301 3713 2370 vulgustnec

2219 2402 2321 2471 ipsi
2355 2402 2490 2455 satis
2520 2399 2757 2454 dilucide
2786 2406 3074 2463 noverant,
3131 2397 3380 2462 quaedam
3435 2394 3579 2448 etiam
3626 2404 3715 2458 qua

2206 2492 2273 2546 ad
2299 2506 2412 2544 sua:
2442 2488 2617 2558 gentis
2649 2485 3030 2557 ignominiam,
3055 2497 3111 2541 et
3144 2484 3394 2540 vicissim
3445 2484 3506 2537 ad
3551 2480 3715 2535 Israeli-

2188 2564 2393 2636 .tarum
2451 2580 2669 2635 laudem
2730 2577 2913 2633 facere
2967 2578 3326 2641 videbantur,
3366 2575 3564 2643 penitus
3598 2571 3720 2626 dissi-

2207 2668 2437 2725 mulavit
2464 2708 2483 2734 ,
2517 2682 2727 2737 proque
2759 2666 2847 2721 his
2874 2666 2980 2720 alia
3007 2666 3076 2720 de
3106 2680 3213 2720 suo
3249 2676 3447 2721 temere
3474 2659 3637 2731 ‘(quotl
3657 2657 3714 2712 illi

2206 2759 2409 2829 saepius
2446 2756 2718 2827 objectum
2766 2756 2873 2827 est)
2904 2755 2972 2810 ad
3024 2754 3462 2825 amplilicandam
3496 2750 3719 2822 dynastis-

2208 2867 2330 2909 rnm
2359 2850 2819 2919 antiquitatem'et
2850 2849 3041 2923 decus,
3071 2843 3316 2903 suffecit.
3356 2847 3413 2901 ln
3451 2858 3607 2900 rerum
3650 2854 3721 2894 att-

2209 2952 2317 3001 tem
2353 2956 2587 3007 summa,
2616 2954 2778 3008 quam
2803 2948 2989 3013 narrat
3015 2938 3308 2994 Pastorum
3329 2936 3562 3001 historia,
3590 2933 3721 3013 Israe-

2211 3033 2432 3088 litarum
2494 3034 2553 3087 in
2622 3029 2861 3103 Egypto
2917 3045 3053 3102 pura
3100 3039 3347 3101 putaque
3403 3028 3603 3083 historia
3646 3028 3722 3076 est.

532 3139 743 3195 unum.
769 3140 849 3195 Ad
883 3142 997 3196 haec
1025 3112 1228 3197 diem“.
1261 3112 1468 3212 prun.“
1510 3161 1577 3200 ex
1610 3112 1717 3200 im;
1760 3162 1852 3200 rex
1892 3147 1995 3215 τήν
2050 3112 2107 3200 ,ξε
2138 3159 2183 3219 c
2214 3125 2346 3219 Erat
2382 3125 2548 3219 igitur
2566 3125 2977 3219 satis_caus:e,v
3008 3138 3107 3219 cur
3158 3120 3404 3219 Joseplto
3453 3112 3726 3219 illauethopis

533 3232 646 3285 ἅνω
678 3233 773 3286 καὶ
793 3233 942 3287 κάτω
973 3232 1157 3303 χώραν
1208 3236 1582 3304 δασμολογῶν,
1604 3238 1924 3305 provinciam
1948 3254 2106 3307 supe-

532 3327 727 3380 riorem
810 3335 970 3393 atque
1055 3326 1353 3396 inferiorem
1434 3329 1773 3381 tributariam
1859 3329 2106 3397 faciens;

536 3425 703 3482 atque
739 3414 1044 3484 hoc'ipsum
1080 3415 1277 3471 Geues.
1313 3431 1455 3471 sevu
1478 3419 1544 3471 de
1569 3416 1810 3487 Josepho
1848 3419 2104 3482 traditur,

534 3505 781 3574 adegisse
802 3519 925 3560 eum
954 3505 1256 3575 Egyptios,
1306 3507 1376 3560 ad
1423 3510 1662 3577 quintam
1725 3515 1934 3578 partem
1988 3507 2108 3577 fru-

534 3608 713 3651 ctuum
758 3599 866 3668 regi
918 3582 1305 3663 orastandam.
1364 3598 1532 3654 Porro
1592 3601 1736 3668 quod
1797 3609 2107 3676 exaggerat,

536 3690 678 3745 hanc
715 3702 929 3760 gentem
980 3691 1229 3746 civitates
1277 3692 1579 3746 crudeliter
1629 3692 1956 3757 incendisse,
1986 3693 2114 3746 deo-

540 3795 663 3834 rum
710 3783 974 3837 evertisse
1035 3783 1232 3852 templa
1268 3819 1286 3848 ,
1344 3798 1407 3837 ac
1459 3783 1515 3837 in
1570 3798 1761 3838 omnes
1817 3785 2103 3854 indigenas

516 3871 929 3930 inimicissime
1001 3889 1061 3928 se
1134 3875 1369 3946 gessisse
1429 3876 1669 3945 :plagas
1736 3891 1832 3945 per
1900 3875 2110 3945 Mosem

538 3968 838 4034 immissas,
888 3969 1367 4037 primogenitorum
1412 3970 1680 4024 omnium
1751 3980 1980 4035 mortes,
2060 3978 2115 4023 et

544 4063 777 4130 reliqua,
811 4061 1010 4127 quibus
1042 4061 1278 4116 intestati
1329 4070 1456 4116 sunt
1521 4062 1683 4125 mala,
1747 4062 1880 4117 satis
1937 4062 2115 4116 mani-

544 4153 683 4209 festo
723 4154 954 4208 iudicat.
992 4152 1237 4222 Denique
1257 4161 1312 4207 et
1338 4162 1541 4207 terram
1576 4150 1771 4207 Ces‘sen
1801 4152 2114 4223 designant,

547 4244 635 4296 ubi
679 4256 776 4296 eos
814 4240 981 4294 tradit
1032 4240 1084 4294 in
1150 4255 1319 4293 ttnutu
1379 4241 1555 4294 locum
1610 4238 1893 4303 inclusos,
1959 4239 2118 4307 cujus

547 4332 787 4388 ambitus
809 4332 997 4387 decem
1020 4332 1270 4403 jugerum
1335 4332 1506 4386 millia
1568 4332 1896 4411 contineret,
1950 4343 2112 4399 quem

548 4424 757 4494 ingenti
815 4440 972 4479 muro
1022 4435 1238 4493 septum
1300 4425 1637 4478 munierunt.
1699 4422 1932 4477 Tantum
1989 4434 2117 4474 vero

2216 3218 2588 3274 testimonium
2617 3221 2684 3272 ad
2716 3216 2997 3272 lsraelitas
3022 3215 3286 3271 referenti
3320 3212 3567 3271 Eusebius
3606 3205 3725 3261 adhi-

2219 3312 2371 3365 beret
2428 3310 2610 3365 ﬁdem.
2686 3309 3005 3386 Econtrario
3061 3305 3352 3377 Scaliger,
3413 3304 3543 3374 quod
3590 3313 3723 3367 neqne

2216 3398 2460 3468 Josephi,
2492 3415 2668 3469 neque
2697 3399 2917 3455 Eusebii
2952 3399 3206 3472 (ﬁdenter
3238 3398 3347 3465 aio)
3380 3403 3592 3471 mentem
3638 3405 3727 3461 per-

2214 3498 2454 3558 spectam
2491 3492 2698 3556 habuit,
2751 3492 2917 3547 meris
2951 3498 3250 3558 utrumque
3296 3488 3514 3544 incessit
3569 3484 3729 3545 calum-

2215 3582 2323 3637 niis
2383 3592 2438 3638 et
2475 3582 2810 3649 maledictis.
2875 3581 3012 3649 Quid
3058 3582 3264 3637 enim?
3314 3596 3440 3635 num
3494 3579 3573 3632 ille
3605 3576 3731 3631 Eusc-

2198 3660 2203 3677 ³
2229 3673 2383 3728 bium
2408 3673 2750 3728 intellexisse
2774 3675 3048 3744 putandus
3076 3682 3185 3737 est,
3258 3672 3355 3743 qui
3411 3669 3612 3724 bardum
3631 3666 3730 3718 adeo

2219 3779 2285 3821 ac
2314 3766 2593 3835 stupidum
2628 3779 2751 3819 eum
2785 3764 2885 3822 sibi
2949 3765 3125 3834 lingit,
3188 3775 3249 3820 ιιι
3290 3765 3558 3820 Pastorum
3597 3758 3724 3828 dyna-

2221 3858 2461 3915 stianra
2510 3858 2747 3927 Josepho
2795 3858 3024 3927 ejusque
3079 3856 3348 3911 fratribus
3398 3853 3730 3923 auspicaretur,

2233 3964 2374 4019 quos
2442 3952 2661 4003 detnum
2713 3948 2815 4004 sub
2882 3948 3130 4017 ejusdem
3208 3938 3484 4018 dynastite'
3521 3944 3653 3998 ﬁnem
3693 3939 3731 3991 in

2220 4042 2511 4113 Egyptum
2569 4040 2925 4097 descendisse
2975 4047 3111 4096 non'
3141 4050 3410 4109 negaret:
3435 4047 3587 4109 atque
3633 4033 3733 4088 adeo

2222 4134 2425 4188 dixerit
2456 4134 2606 4202 prius
2647 4148 2900 4201 regnasse
2938 4132 3077 4197 illos
3131 4133 3189 4186 in
3246 4131 3495 4201 ΛΕιιιριο,
3530 4140 3663 4193 quam
3693 4124 3730 4176 in

2225 4225 2517 4297 Egyptum
2569 4226 2862 4280 venirent?
2886 4225 3115 4278 Omnino
3143 4227 3239 4295 qui
3272 4226 3342 4279 ita
3370 4220 3616 4289 intelligit.
3641 4215 3733 4270 ῐιάι

2225 4306 2686 4385 ἱηιθὶιίεὸηιιο,“υι
2726 4316 2862 4369 nihil
2887 4315 3170 4393 intelligat.
3200 4302 3342 4371 Vere
3370 4325 3540 4369 autem
3591 4309 3727 4364 Euse-

2225 4407 2351 4462 bius
2388 4405 2546 4470 dixit,
2576 4404 2847 4473 conjicere
2877 4420 2936 4460 se
2968 4421 3032 4459 cx
3066 4420 3131 4460 eo
3159 4421 3323 4483 reges
3346 4406 3498 4474 hujus
3526 4397 3737 4471 dynastis!

548 4487 657 4571 ιπιή
689 4516 964 4572 “melius
1024 4487 1153 4569 ἀίξείι
1204 4515 1273 4569 ἀρ
1332 4514 1573 4578 nomine,
1631 4529 1758 4568 cum
1812 4528 1908 4568 ρο,
1958 4513 2036 4567 ait
2085 4525 2116 4567 α
2151 4523 2195 4579 ι)
2225 4504 2571 4567 nuncupatos
2608 4494 3048 4564 Pastores,quod
3078 4495 3143 4550 iis
3167 4487 3730 4567 regnantihusJoseph.

545 4608 871 4664 Thummosi
896 4607 1152 4664 obsessos
1205 4608 1450 4665 exercitu
1511 4606 1615 4662 480
1656 4605 2121 4673 milliumhomi-

550 4715 679 4754 num
709 4740 726 4765 ,
771 4699 1065 4770 desperato
1118 4697 1421 4753 obsidionis
1490 4697 1690 4760 exitu,
1746 4694 2118 4750 conditionem

549 4793 847 4858 accepisse,
891 4794 966 4844 uti
1003 4790 1235 4861 Egypto
1266 4790 1477 4852 relicta,
1508 4803 1701 4843 omnes
1735 4803 1843 4858 quo
1896 4773 2119 4852 vellent,

534 4880 668 4935 “sine
703 4882 812 4937 ullo
841 4898 944 4937 suo
972 4882 1324 4943 detrimento,
1357 4894 1595 4949 cumque
1650 4877 1925 4934 universis
1967 4877 2125 4932 fatui-

551 4973 661 5038 liis,
686 4985 846 5044 atque
877 4976 1021 5030 omni
1056 4974 1400 5044 possessione
1419 4987 1515 5027 sua
1548 4972 1967 5038 commigrarent
2000 4985 2015 5023 :
2059 4980 2124 5022 ac

553 5066 878 5129 tlctuutu,EV
925 5067 991 5134 τῇ
1053 5063 1147 5117 νῦν
1171 5064 1403 5133 Ἰουδαίᾳ.
1458 5062 1774 5131 καλουμένῃ
1829 5058 2118 5128 οἰκοδομη-

554 5154 821 5219 σαμένους
844 5152 1128 5215 τοσαύταις
1156 5152 1411 5222 μυριάσιν
1430 5149 1526 5203 ἀνθ
1537 5148 1734 5216 ρώπων
1755 5147 2121 5219 ἀρκέσουσαν,

562 5241 823 5314 Ἰεροσόλυ
833 5257 908 5309 μοι
923 5241 1123 5309 ταύτην
1145 5240 1487 5309 ὀνομάσαι,ἱη
1505 5255 1619 5293 eam
1637 5238 1832 5291 venisse
1843 5237 2120 5305 regionem,

549 5352 666 5405 qua:
683 5346 820 5388 nunc
833 5332 1026 5388 Judaa
1042 5331 1358 5401 appellatur,
1374 5342 1529 5401 alqtte
1550 5331 1620 5384 ibi
1636 5331 1896 5384 civitatem
1914 5339 2121 5381 exstru-

554 5431 711 5491 aisse,
770 5443 888 5497 ante
945 5432 1021 5481 tot
1054 5426 1323 5478 hominum
1373 5423 1547 5477 millia
1601 5430 1839 5493 cuperet,
1904 5434 2121 5489 eamque

556 5516 1316 5587 Hierosolymamnominasse.
1342 5514 1570 5578 Carteia,
1609 5529 1675 5569 nc
1738 5512 1946 5585 longior
1996 5513 2124 5574 sim,

561 5619 675 5664 tute
733 5610 1039 5674 conferas;
1089 5623 1214 5661 nam
1277 5615 1332 5661 et
1380 5605 1643 5659 nonnulla
1700 5604 1804 5660 alia
1861 5603 2126 5676 ejusmodi

564 5701 765 5756 iudicia
790 5709 940 5762 sunt.
992 5710 1049 5757 et
1104 5692 1236 5755 illud
1298 5698 1540 5754 omnium
1608 5696 2123 5761 luculentissimum,

569 5793 713 5858 quod
736 5790 935 5863 saepius
957 5791 1214 5859 inculcat,
1243 5789 1427 5847 addita
1467 5788 1629 5865 etiam
1692 5786 1927 5856 Aﬁgyptii
1954 5785 2127 5842 nomi-

2222 4588 2447 4658 ejnsque
2483 4586 2704 4653 fratres,
2744 4587 2869 4641 vitae
2904 4586 3153 4641 instituto
3185 4602 3251 4640 ac
3280 4599 3470 4658 genere
3506 4593 3726 4653 pastores,

2223 4681 2277 4736 in
2303 4680 2594 4752 Egyptum
2619 4677 3025 4742 descenderint,
3057 4678 3373 4749 primasque
3409 4678 3478 4732 ibi
3518 4675 3730 4729 obtinue-

2222 4771 2353 4827 rint.
2381 4771 2562 4839 Atque
2619 4768 2672 4823 id
2731 4770 2866 4821 sane
2916 4768 3268 4822 uovum'non
3312 4775 3414 4833 est,
3462 4767 3525 4822 ab
3573 4759 3728 4830 insigni

2223 4862 2406 4931 aliquo
2476 4861 2643 4916 unius
2702 4859 2842 4913 facto
2902 4858 3161 4913 familiam
3238 4859 3532 4913 universam
3577 4863 3729 4908 nomen

2223 4955 2471 5023 accipere
2504 4970 2519 5008 :
2548 4964 2663 5006 tum
2687 4949 2818 5005 illud
2853 4950 3347 5013 verosimillimum,
3401 4946 3532 5019 quod
3561 4955 3610 5000 et
3656 4941 3732 4996 Pc-

2223 5047 2467 5102 ri‘zonius
2498 5050 2677 5114 putat,
2707 5057 2804 5098 eos
2834 5041 2927 5112 qui
2952 5042 3108 5109 primi
3137 5051 3380 5112 pastores
3413 5054 3555 5109 reges
3577 5036 3729 5090 dicun-

2227 5152 2334 5204 tur,
2351 5138 2521 5201 fuisse
2550 5151 2735 5191 revera
2762 5150 2913 5204 reges
2937 5134 3239 5206 Egyptios,
3273 5134 3362 5203 qui
3389 5142 3602 5200 pastores
3618 5125 3717 5180 ideo

2227 5231 2570 5303 postmodum
2603 5226 2861 5298 appellati
2926 5228 3061 5287 sint.
3116 5225 3264 5296 thod
3316 5222 3561 5301 Israe/litis
3589 5224 3729 5288 pasto-

2228 5323 2400 5385 ribus,
2442 5330 2607 5387 atque
2639 5319 2691 5371 in
2719 5315 2912 5386 primis
2962 5315 3200 5386 Josepho
3256 5330 3430 5386 usque
3475 5314 3594 5366 adeo
3619 5307 3730 5360 lave-

2228 5414 2357 5476 rint,
2388 5410 2545 5467 sicuti
2577 5407 3227 5465 Christianialieebantur
3258 5407 3328 5471 ab
3389 5402 3603 5459 ethnicis
3649 5396 3727 5449 ita-

2228 5512 2531 5574 peratorcs,
2578 5500 2882 5553 Alexander
2931 5497 3183 5562 Severus,
3244 5503 3299 5551 et
3355 5491 3593 5561 Philippi,
3632 5482 3727 5574 quia

2206 5570 2553 5663 Christianis
2586 5591 2865 5653 favebant,
2894 5588 3019 5645 licet
3047 5590 3145 5660 ipsi
3210 5588 3432 5643 minime
3480 5570 3724 5638 Christiani

2229 5699 2433 5756 essent.
2477 5687 2702 5743 Accedit
2772 5688 2836 5741 ad
2893 5688 3040 5743 lumc
3087 5684 3330 5754 proxime
3369 5690 3571 5735 sensum
3616 5663 3724 5737 φιοά

2233 5792 2385 5868 uoltu
2416 5781 2933 5849 Schurzlleiscbius,
2962 5781 3051 5838 ubi
3087 5778 3304 5846 dicitur,
3340 5773 3428 5846 qui
3475 5773 3522 5824 in
3566 5759 3713 5835 prisci
