3908 6174
116 410 131 416 ’
186 408 299 471 733

1455 408 1860 471 VALLARSII
1891 408 2133 473 NOT.E.

3331 424 3435 486 734

181 533 263 598 pio
300 533 552 597 pastores,
586 527 860 584 Palatinos
889 543 1081 585 omnes
1119 543 1249 584 mss.
1288 528 1402 597 pari
1463 544 1739 584 consensu

1845 537 1951 585 etc.
2022 528 2177 584 Paria
2209 528 2471 587 Tatianus
2499 533 2680 588 c.60:
2740 534 2897 588 Μετὰ
2946 535 3002 591 δὲ
3061 537 3291 608 Ἴναχον,
3344 542 3438 591 ἐπὶ
3480 533 3489 545 ⁸

181 629 449 689 pastorum
482 619 663 689 legere
700 634 717 677 :
758 619 931 675 videri
974 629 1158 676 autem
1189 621 1452 690 scriptum
1482 623 1550 675 ab
1577 624 1750 677 Euse-

180 712 266 765 bio
301 710 505 773 Grtece,
537 710 744 763 τούτων
774 710 834 762 ὲν
867 711 1012 781 ἀρχῇ
1044 712 1241 782 Ἰωσὴφ
1266 713 1359 766 καὶ
1409 714 1458 766 oi
1512 715 1748 782 νὰδελιροὶ

181 800 344 854 αὑτοῦ
392 802 473 861 εἰς
530 800 816 867 Αἴγυπτον
898 801 1366 872 μετῳκίσθησανι
1398 816 1561 872 atque
1616 806 1749 858 adeo

181 891 307 944 illud
335 892 386 943 in
418 891 694 958 principio,
768 892 1138 960 accipiendum
1204 895 1382 963 proin
1427 895 1749 964 principatu,

185 990 242 1033 ut
271 996 466 1034 sensus
507 983 601 1045 sit,
633 981 687 1034 in
741 996 805 1036 ea
868 983 1111 1053 dynastia
1166 986 1384 1040 venisse
1445 986 1746 1050 lsraelitas,

178 1087 296 1140 qua:
329 1070 614 1125 Pastorum
643 1074 791 1127 dicta
821 1082 904 1128 est
924 1075 1292 1141 postmodum,
1343 1092 1531 1131 eorum
1562 1093 1749 1133 causa.

179 1159 440 1215 Cas-terum
466 1161 598 1215 nihil
634 1177 734 1216 nos
770 1172 950 1216 movet
985 1163 1151 1231 quod,
1203 1163 1317 1217 sive
1350 1173 1460 1217 tres
1486 1165 1748 1232 Scaliger,

176 1254 287 1307 sive
320 1253 454 1306 duas
476 1252 784 1317 Africanus,
848 1255 1133 1309 Pastorum
1190 1256 1470 1325 dynastias
1534 1266 1750 1325 putent,

175 1347 399 1400 alteram
424 1361 688 1399 annorum
744 1345 870 1411 5l8,
934 1348 1160 1402 alteram
1207 1347 1333 1412 153,
1382 1358 1547 1417 atque
1587 1348 1748 1417 hujus

176 1437 391 1506 quidem
432 1452 594 1507 penes
620 1436 910 1493 Eusebium
945 1454 1048 1491 xvn
1083 1440 1286 1509 regesii
1313 1439 1443 1504 sint,
1492 1426 1631 1509 quos
1679 1445 1747 1494 ad

171 1545 236 1583 xv
315 1530 610 1585 Africanus
649 1546 712 1584 ex
746 1527 989 1600 Joscpho
1028 1534 1313 1607 retulerat,
1362 1533 1507 1601 quod
1542 1535 1747 1587 avriter

170 1618 307 1673 adeo
376 1619 658 1688 Syucrllus
698 1620 930 1689 ejusque
990 1622 1211 1676 asseclzc
1274 1623 1747 1690 reprehendunt:

171 1712 405 1779 denique
437 1725 543 1765 nec
565 1711 844 1765 nominum
878 1726 978 1766 nos
1007 1714 1296 1769 diversitas
1322 1726 1525 1775 movet,
1571 1729 1746 1780 neque

169 1802 484 1855 diuturnior
502 1802 675 1856 multo
699 1812 792 1856 aut
824 1803 1046 1858 brevior
1074 1818 1366 1872 regnorum
1391 1817 1544 1865 artas,
1566 1818 1745 1873 neque

1854 622 2147 692 Φορωνέως
2177 622 2337 691 Myl;
2363 622 2457 675 τοῦ
2517 623 2821 691 θηριώδους
2874 627 2998 696 βίου
3065 629 3160 682 καὶ
3208 632 3438 699 νομάδας

1855 714 2170 784 περιγραφὴ
2215 714 2427 781 γέγονε,
2470 718 2964 787 μετεκοσμήθησάν
3032 737 3089 772 τε
3119 722 3168 773 οἱ
3225 720 3436 789 ἄνθρω-

1854 822 1967 859 ποι.
1996 805 2119 859 Post
2153 803 2408 859 Inachum
2465 816 2637 860 autem
2667 810 2755 861 vix
2807 810 2901 862 sub
2960 809 3228 864 Phoroneo
3267 813 3436 882 ferina

1853 907 1901 949 et
1945 895 2230 964 pastoralis
2288 896 2561 951 hominum
2639 900 2748 953 vita
2801 901 2984 953 mitior
3039 910 3089 955 et
3146 903 3437 973 elegantior
3487 955 3491 961 ,

1853 988 1996 1058 facta
2019 997 2118 1043 est.
2153 987 2396 1058 Scaliger
2450 990 2635 1043 laudat
2691 987 3059 1060 Porphyrium
3108 993 3239 1061 περὶ
3292 995 3437 1046 ἀπο-

1853 1080 1976 1149 χῆς,
2010 1080 2167 1147 Apidi
2208 1081 2411 1150 primas
2440 1080 2587 1149 leges
2652 1080 3034 1146 ascribentem,
3061 1096 3219 1148 quem
3257 1094 3435 1138 tamen

1852 1169 2142 1226 Clementis
2167 1173 2531 1225 testimonium
2562 1173 2615 1229 in
2646 1171 2983 1242 Protreptico
3008 1173 3225 1229 refutat.

1928 1263 2063 1325 Ibid,
2100 1263 2396 1318 Pltoroneo.
2458 1263 2719 1320 Fortasse
2776 1282 2966 1320 verum
3024 1276 3129 1328 est,
3175 1267 3318 1335 quod
3360 1269 3437 1321 ait

1870 1353 2134 1423 Scaliger,
2182 1365 2403 1424 putasse
2434 1355 2819 1427 Hieronymum
2876 1358 3080 1413 multos
3114 1359 3435 1414 Phoroneos

1854 1446 2060 1510 luisse,
2118 1430 2374 1514 huncque
2422 1447 2657 1514 primum
2712 1448 2955 1503 omnium
3013 1451 3085 1501 ita
3159 1458 3432 1505 vocatum.

1852 1538 2057 1592 Ferunt
2097 1548 2277 1592 autem
2302 1537 2492 1593 Grzcca
2539 1538 2697 1606 juxta
2770 1538 3010 1594 Arusilai
3062 1540 3433 1593 testimonium

1849 1649 2017 1702 penes
2078 1634 2449 1701 Clementem,
2517 1635 2772 1704 Φορωνέα
2847 1635 3064 1707 πρῶτον
3115 1635 3428 1705 ἀνθρώπων

1848 1725 2124 1793 γενέσθαι,
2165 1725 2494 1781 Phoroneum
2552 1729 2781 1797 primum
2828 1742 2893 1780 ea:
2943 1727 3239 1781 hominibus
3271 1727 3432 1781 exsti-

1850 1819 2008 1872 tisse:
2047 1827 2101 1874 et
2130 1818 2462 1875 Pho’ronidis
2499 1829 2693 1875 auctor
2716 1820 2856 1888 apud
2911 1820 3182 1884 euuulem,
3217 1819 3432 1889 πατέρα

170 1893 253 1947 bis
281 1893 509 1953 similia.
556 1908 679 1959 qua:
746 1895 851 1946 alia
908 1904 1074 1962 atque
1121 1895 1223 1949 alia
1276 1903 1404 1949 sunt
1456 1906 1739 1950 auctorum

1849 1911 2058 1980 θνητῶν
2114 1913 2419 1980 ἀνθρώπων
2480 1928 2602 1966 eum
2644 1920 2847 1968 vocat:
2907 1912 3136 1966 Nonnus
3196 1910 3432 1981 ἀρχέγο-

169 1985 370 2047 studia,
397 1984 468 2037 ita
495 2000 523 2036 a
555 1998 614 2039 se
647 1984 875 2039 invicem
919 1985 970 2039 in
1031 1986 1249 2041 diversa
1310 1987 1650 2049 abeuntium,
1687 1996 1747 2040 ut

169 2077 221 2131 iu
248 2084 405 2129 tanta
433 2078 751 2144 opinionum
781 2074 1133 2133 ﬂuctuatione
1149 2093 1213 2149 ac
1242 2095 1442 2147 pugna,
1473 2080 1606 2134 nihil
1643 2082 1748 2134 ler-

172 2185 255 2225 nte
298 2170 479 2232 aliud,
540 2187 700 2238 quam
766 2174 832 2240 τῇ
884 2172 1147 2224 ὑποθέσει
1220 2172 1498 2226 δουλεύειν
1551 2177 1789 2227 tunIm-'

174 2276 448 2331 quemque
477 2262 768 2330 intelligas.
811 2263 1162 2318 Ostendimus
1221 2272 1417 2337 autem
1470 2279 1659 2332 supra,
1690 2264 1741 2316 in

166 2354 397 2423 hisquze
435 2371 745 2421 numerum;
784 2344 1090 2424 seriemque
1154 2370 1359 2425 regum,
1425 2355 1745 2420 nomiua,et

166 2448 548 2514 antiquitatem
578 2456 846 2516 spectant,
884 2447 1146 2516 pleraque
1198 2448 1450 2515 ﬁgmenta
1505 2460 1653 2507 esse,
1684 2444 1740 2497 in

166 2539 371 2608 quibus
408 2553 582 2607 neque
616 2538 719 2593 sibi
748 2537 887 2593 bene
930 2538 964 2592 ii
1001 2546 1272 2603 constant,
1314 2537 1406 2607 qui
1435 2552 1499 2592 ea
1525 2536 1745 2607 excogi-

166 2637 354 2681 tarunt
387 2647 403 2683 :
440 2637 683 2680 nostrum
713 2628 1022 2682 econtrario
1073 2628 1238 2682 semel
1294 2636 1528 2696 arreptas
1580 2618 1745 2681 chro-

165 2721 434 2789 nologicte
456 2714 654 2772 rationi
680 2729 996 2773 constanter
1046 2714 1323 2775 insistere.
1383 2716 1560 2789 Unum
1601 2718 1741 2772 addo

164 2809 229 2863 ad
269 2818 611 2876 postremum
649 2805 912 2878 Scaligcri
969 2820 1377 2879 argumentum,
1441 2809 1557 2863 falli
1614 2824 1745 2864 eum

163 2899 378 2954 scilicet
405 2900 458 2952 lu
480 2889 585 2954 hoc
602 2901 766 2954 etiam
795 2902 940 2969 quod
970 2902 1068 2965 ait,
1097 2900 1164 2953 ah
1201 2901 1372 2960 .‘obitu
1408 2900 1641 2969 .Josepbi
1676 2902 1741 2960 ad

166 2989 338 3044 Exodi
373 2997 586 3059 tempus
608 2988 804 3044 ulisera
828 2991 1092 3045 servitute
1124 2990 1377 3046 Hebraeos
1441 3006 1738 3059 oppressos

166 3080 340 3135 fuisse
377 3082 798 3136 :constatenim
827 3097 893 3137 ex
940 3080 1141 3137 laudati
1223 3082 1345 3137 libri
1420 3082 1587 3137 Exodi
1618 3096 1739 3151 cap.

170 3190 215 3239 ι,
241 3175 333 3227 diu
368 3184 488 3242 post
511 3156 765 3239 mortem,
799 3190 904 3228 non
934 3174 1154 3243 Joscplti
1189 3174 1373 3237 modo,
1404 3173 1498 3229 sed
1543 3183 1597 3228 et
1628 3173 1740 3228 ira-

1853 2023 1964 2060 vov.
2016 2005 2316 2062 Pausanias
2372 2002 2567 2061 tamen
2634 1992 2882 2063 Corinth.
2942 2020 3063 2073 cap.
3119 2004 3187 2059 15
3216 2004 3434 2073 propius

1848 2096 1911 2148 ad
1949 2112 2156 2161 verum,
2193 2097 2253 2149 ἐν
2276 2098 2339 2166 τῇ
2372 2099 2465 2166 γῇ,
2497 2100 2562 2167 τῇ
2597 2098 2693 2151 νῦν
2718 2095 2991 2167 ’Λργολίδι
3009 2094 3421 2164 ὀνομαζομένῃ,

1845 2175 2098 2254 γενέσθαι
2128 2188 2343 2258 πρῶτον
2373 2189 2529 2252 dixit,
2557 2191 2609 2243 in
2650 2199 2815 2251 terra,
2851 2185 3100 2255 Argolide
3162 2201 3303 2238 nunc
3332 2201 3432 2253 ap—

1845 2279 2066 2352 peltata,
2104 2282 2334 2348 primum
2373 2262 2554 2351 fuisse.
2602 2281 2682 2335 Eo
2713 2289 2893 2348 autem
2922 2278 3287 2333 verosimilius
3320 2282 3427 2338 est.

1846 2371 2079 2439 primum
2117 2387 2320 2441 regem,
2362 2387 2523 2441 quam
2583 2363 2822 2440 primum
2859 2371 3134 2423 hominem
3186 2369 3255 2423 iis
3307 2383 3429 2422 vero

1849 2461 1933 2516 bis
1962 2464 2215 2530 esprimi.
2250 2463 2516 2533 llyginns,
2549 2462 2666 2526 Hic,
2693 2462 2870 2532 inquit
2897 2463 3094 2528 primus
3118 2459 3429 2514 mortalium

1844 2552 2042 2606 dicitur
2080 2570 2329 2624 regnasse
2351 2572 2371 2609 :
2400 2564 2453 2608 et
2479 2554 2642 2624 paulo
2668 2560 2857 2631 post;
2892 2552 3103 2619 Jupiter
3155 2552 3428 2606 exordium

1844 2647 2099 2714 regnandi
2127 2643 2347 2699 tradidit
2388 2643 2682 2711 Pltoroneo,
2716 2648 2777 2697 ob
2808 2644 2863 2697 id
2907 2642 3235 2710 beneﬁcium,
3289 2640 3429 2712 quod

1841 2736 2220 2792 Junonisacra
2267 2739 2470 2805 primus
2522 2738 2665 2808 fecit.
2712 2736 2959 2791 Lactant.
3018 2736 3084 2789 ad
3135 2751 3190 2788 tv
3247 2733 3424 2789 Theb.

1845 2827 1984 2883 Stat.
2044 2844 2189 2884 vers.
2236 2829 2360 2894 569,
2396 2830 2523 2883 illud
2564 2830 2803 2899 mitisque
2861 2822 3206 2881 Phoroneus:
3234 2825 3316 2879 ltic
3349 2834 3428 2880 est

1843 2923 1935 2991 qui
1972 2910 2173 2992 primus
2229 2923 2428 2992 .lunonl
2472 2923 2803 2991 sacriﬁcasse
2870 2920 3137 2974 dicitur...
3168 2934 3190 2985 ;
3223 2925 3272 2971 et
3325 2919 3418 2986 qui

1841 3012 2043 3081 primus
2060 3012 2383 3065 mortalibus
2406 3011 2658 3080 regnavit.

1910 3100 2026 3156 Col.
2083 3101 2207 3157 27L
2264 3102 2544 3158 Thessalus
2609 3101 2670 3156 ϐ.
2715 3101 2859 3168 ﬁlius
2913 3106 3116 3169 regnat.
3149 3096 3205 3152 ln
3236 3096 3427 3153 Graeco

1845 3194 2046 3261 primus
2070 3193 2271 3247 dicitur
2326 3210 2415 3248 rex
2468 3194 2800 3249 Thessaliae:
2867 3192 2999 3261 quin
3061 3191 3226 3246 etiam
3276 3188 3427 3243 addit

166 3274 302 3320 trum
375 3267 514 3336 eius.
567 3274 708 3327 mm
768 3278 904 3328 am
961 3252 1067 3331 531.
1109 3271 1466 3335 αιιὶυεηωιιιω
1514 3267 1733 3322 “(Mum
1769 3251 1811 3309 θ
1845 3251 2131 3356 Syncellus
2159 3287 2226 3341 de
2255 3302 2378 3350 suo,
2407 3286 2683 3355 regionem
2704 3285 2773 3339 ab
2802 3251 3092 3337 co-nomen
3119 3279 3420 3347 accepisse.

164 3362 523 3429 generationis
554 3400 570 3423 .
635 3363 771 3426 sive,
813 3370 872 3415 ut
931 3362 1191 3431 Vulgatus
1233 3364 1502 3431 interpres
1555 3360 1738 3427 habet,

163 3453 614 3522 cognationis,!ob
648 3455 817 3507 nimia
843 3453 964 3523 ejus
991 3457 1168 3520 gentis
1235 3456 1592 3529 incrementa.
1644 3453 1742 3508 de-

160 3559 302 3598 mum
332 3544 489 3621 illum
521 3544 886 3600 insurrext'ssc
920 3544 1284 3614 Pharaonem,
1331 3548 1420 3617 qui
1455 3544 1739 3617 ignorabat

157 3633 375 3706 Ioseph,
411 3638 515 3691 hoc
548 3647 629 3691 cst
659 3638 774 3705 ejus
827 3653 1162 3707 suorumque
1239 3640 1431 3691 merita
1464 3653 1479 3689 :
1513 3636 1654 3703 quod
1684 3646 1739 3690 et

157 3726 382 3784 Flavius
434 3728 700 3799 losephus
750 3732 1043 3799 Antiquitt.
1105 3746 1195 3792 ιη·
1234 3730 1285 3792 5,
1344 3728 1545 3782 factum
1607 3726 1738 3781 dicit

154 3821 238 3877 διὰ
294 3822 496 3892 χρόνου
520 3823 717 3891 μῆκος,
744 3832 956 3891 propter
979 3821 1228 3891 temporis
1276 3820 1733 3888 longinquitatem.

219 3914 488 3971 Cul.27l.
522 3911 967 3975 Niobaﬁioben
999 3914 1264 3966 t’lioronci
1284 3911 1473 3975 tiliam,
1498 3925 1605 3963 non
1625 3925 1737 3965 ma-

154 4011 316 4069 trem,
354 4020 418 4059 ex
449 4015 691 4059 veterum
725 4003 1055 4059 testimoniis
1112 4004 1312 4058 dudum
1370 4002 1731 4066 ostendimus,

151 4111 317 4166 quam
355 4107 408 4151 et
438 4096 703 4150 Eusebius
734 4097 1056 4150 sententiam
1102 4110 1222 4147 mox
1253 4093 1455 4147 laudat.
1487 4092 1732 4145 'l‘radunt

151 4205 278 4245 vero
302 4198 496 4243 natum
556 4186 899 4240 [’horoueum
954 4195 1124 4238 matre
1175 4184 1387 4237 Melissa
1435 4182 1730 4245 Oceauina,

151 4293 355 4335 nteant
389 4287 544 4332 vorat
597 4277 953 4344 Apollodorus
1015 4276 1104 4330 lib.
1142 4291 1202 4340 ll,
1242 4276 1357 4331 init.
1381 4315 1395 4339 ,
1430 4278 1508 4327 vel
1541 4272 1725 4337 Malia,

152 4382 212 4427 ut
241 4352 861 4447 Euripidisschuliastw
896 4369 1069 4436 placet
1101 4370 1165 4420 ad
1210 4369 1387 4420 Urest.
1423 4378 1568 4419 vers.
1605 4365 1729 4430 935,

150 4473 204 4519 et
237 4460 491 4530 Escbyli
525 4460 591 4513 ad
652 4460 929 4512 Prometh.
998 4473 1139 4513 vers.
1194 4456 1325 4521 92l,
1391 4464 1446 4510 et
1511 4456 1728 4523 llomeri

150 4552 371 4606 demum
414 4532 573 4605 lliad.
602 4551 645 4605 Α
693 4550 780 4615 50,
816 4563 934 4616 quae
991 4557 1044 4601 et
1100 4549 1279 4601 verior
1329 4548 1600 4617 scriptura
1650 4547 1731 4600 vi-

150 4646 346 4710 detur;
376 4658 500 4695 nam
534 4641 750 4707 Melicn,
786 4655 897 4695 'scu
938 4639 1132 4694 Melian
1186 4642 1328 4694 inter
1373 4638 1723 4694 Oceanitides

156 4738 408 4805 plerique
431 4735 521 4790 alii
567 4735 866 4788 norninant.
923 4734 1227 4804 Etymolog.
1292 4733 1345 4785 in
1414 4731 1600 4801 ’Anla,
1658 4732 1725 4788 de

148 4824 417 4896 Egialteo
442 4824 534 4877 τοῦ
566 4824 683 4878 ι.ἱοῦ
713 4823 919 4894 Ἰνάχου
943 4824 1038 4879 τοῦ
1068 4827 1124 4876 ἐν
1148 4821 1343 4894 Ἀργει
1364 4822 1611 4893 ποταμοῦ
1633 4823 1727 4877 καὶ

148 4919 361 4987 Μαίης
394 4918 490 4987 τῆς
518 4918 771 4971 Ὠκεανοῦ
841 4918 1067 4972 Tzetzes
1109 4917 1315 4971 Μελίαν
1346 4928 1521 4979 vocat,
1553 4914 1729 4970 Latini

148 5010 334 5065 llelien
360 5026 381 5063 :
420 5010 492 5064 ita
522 4995 771 5080 llygiuus
798 5010 851 5065 in
886 5010 1094 5081 praefat.
1162 5018 1216 5064 et
1261 5025 1417 5086 cap.‘
1454 5010 1543 5065 l7.
1603 5009 1731 5065 Ser-

150 5103 275 5155 vius
300 5102 366 5154 ad
394 5101 611 5156 Eneid.
651 5119 705 5166 v,
737 5116 877 5158 vers.
914 5103 1052 5160 573:
1092 5104 1318 5172 Amycus
1345 5102 1443 5172 fuit
1495 5100 1733 5169 Neptuni

147 5194 322 5262 ﬁlms,
356 5205 404 5248 et
429 5196 670 5265 nympha:
702 5194 909 5258 Melies,
956 5203 1063 5250 etc.
1102 5196 1235 5251 Puto
1266 5195 1451 5265 igitur,
1485 5204 1541 5250 et
1571 5195 1731 5250 modo

148 5284 367 5338 laudati
397 5282 589 5352 Hygini
631 5284 811 5339 locum
873 5284 1141 5353 insignem
1174 5282 1323 5355 "cap.
1384 5285 1507 5348 H3,
1568 5295 1733 5355 atque

149 5374 284 5428 huic
338 5374 628 5429 Eusebiani
677 5375 952 5443 geminum
995 5376 1193 5430 cubare
1250 5377 1303 5430 in
1364 5376 1583 5442 mendo,
1640 5376 1730 5431 ubi

145 5468 375 5532 dicitur,
411 5465 643 5520 Inoo/tus
669 5465 867 5522 Oceani
893 5467 1061 5536 ﬁlius,
1096 5482 1162 5521 ex
1184 5468 1393 5522 Are/tite
1423 5469 1731 5539 (legendum

146 5567 387 5611 autumo
419 5558 604 5629 Helia)
659 5576 842 5614 sorore
889 5577 987 5614 sua
1031 5563 1323 5630 procreauit
1380 5560 1732 5624 Phorouetun,

144 5652 239 5717 qui
280 5652 477 5719 primus
536 5653 849 5707 mortalium
897 5651 1094 5707 dicitur
1146 5669 1410 5722 regnasse.
1478 5653 1727 5708 Homines

144 5754 281 5797 ante
324 5745 517 5799 uacula
564 5745 754 5811 multa,
807 5747 920 5800 sine
965 5747 1172 5816 oppidis
1224 5746 1521 5817 legibusque
1573 5749 1732 5801 vitam

148 5844 458 5905 exegerunt,
492 5853 596 5893 una
630 5836 811 5909 lingua
856 5838 1122 5910 loquentes
1189 5840 1277 5895 sub
1299 5837 1445 5895 locis
1487 5841 1725 5908 imperio,

1843 3376 2050 3431 Cm‘tera
2076 3380 2194 3442 qum
2225 3377 2328 3431 huc
2376 3377 2668 3443 pertinent,
2711 3373 2956 3443 Scaliger
2995 3371 3424 3441 praeoccupavit,

1844 3476 2013 3536 quem
2035 3466 2186 3521 adire
2219 3474 2439 3535 pra-stat
2462 3463 2831 3519 eruditissime
2870 3461 3258 3517 disserentem.
3332 3457 3426 3514 Vi-

1842 3556 1988 3612 desis
2016 3567 2194 3613 tamen
2219 3567 2271 3610 et
2304 3573 2425 3625 qua:
2451 3570 2553 3611 nos
2608 3553 2692 3608 inl
2695 3569 2751 3608 ra
2779 3553 2845 3607 ad
2872 3567 3024 3606 num.
3052 3551 3178 3612 456.
3230 3550 3427 3621 Sicyo-

1840 3646 2057 3702 niorum
2090 3647 2180 3709 42,
2210 3646 2552 3716 disputamus
2581 3660 2647 3698 ex
2680 3642 2994 3698 Parmensis
3022 3656 3126 3696 ms.
3162 3641 3425 3695 aliorum-

1838 3749 1943 3803 que
1962 3734 2223 3788 librorum
2261 3733 2524 3793 hacuota,
2552 3729 3005 3798 Primusrcgnavit
3056 3730 3114 3781 in
3146 3723 3424 3781 Thessalia

1838 3820 2065 3884 Ᾰςηιοη.
2097 3836 2261 3891 quam
2311 3820 2586 3873 Pontacus
2621 3826 2745 3886 post
2773 3815 2979 3887 aliquot
3010 3828 3183 3869 annos
3215 3812 3418 3868 ditl‘ert.

1839 3907 1920 3963 lie
1945 3910 2091 3962 enim
2121 3922 2247 3961 vera
2273 3905 2549 3961 “temonis
2597 3904 2791 3967 lilium,
2839 3917 2949 3957 nou
2981 3898 3152 3958 Gra-ri
3185 3901 3423 3956 Thessa-

1833 3994 1946 4048 lum
1979 4004 2196 4047 veteres
2220 3982 2524 4061 scriptores
2559 3990 2672 4045 lere
2716 4005 2909 4045 eiunes
2941 3988 3167 4043 faciunt.
3205 3988 3270 4042 Et
3305 3988 3422 4057 ipse

1810 4080 2087 4149 ‘equidem
2120 4079 2386 4133 Eusebius
2426 4077 2590 4142 infra,
2617 4077 2687 4145 ad
2715 4092 2918 4130 annum
2950 4074 3244 4129 Abrahami
3289 4072 3417 4131 M0.

1835 4168 2147 4226 "temonem
2178 4165 2569 4221 Thessalorum
2607 4166 2839 4234 primunt
2874 4178 3050 4231 regem
3078 4161 3235 4227 dicit,
3257 4177 3417 4229 quem

1833 4266 1889 4310 et
1919 4242 2164 4309 Thessali
2193 4264 2397 4319 patrem
2442 4253 2534 4307 alii
2592 4258 2811 4339 vocant.
2841 4249 3133 4305 Videretur
3196 4250 3282 4304 hic
3310 4247 3422 4301 No-

1833 4358 1946 4404 ster
1997 4346 2319 4401 Thessalum
2357 4360 2660 4398 memorare
2706 4338 3150 4409 exApollodoro,
3178 4340 3221 4393 si
3269 4338 3415 4392 Iler-

1834 4436 1992 4499 culis,
2031 4426 2138 4491 non
2166 4431 2338 4488 (ἐι-ἀτί
2367 4422 2816 4486 Ιὶιὶιιιηῖὶίκίεεει.
2864 4427 2955 4491 Ille
2985 4428 3127 4482 enim
3158 4426 3252 4480 lib.
3279 4441 3338 4487 ιι.
3364 4440 3416 4478 c.

1833 4526 1887 4592 7,
1922 4525 1975 4581 in
2002 4525 2128 4589 line,
2176 4521 2259 4577 Ex
2315 4521 2599 4592 Chalciope
2660 4518 2898 4589 Euripyli
2942 4518 3060 4589 ﬁlia
3112 4514 3417 4569 Thessalum

1760 4591 1803 4645 θ
1830 4613 1908 4667 ait
1936 4610 2263 4681 suscepisse.
2294 4607 2434 4663 Tum
2478 4591 2606 4662 vero
2665 4605 2938 4661 Diodorus
2994 4603 3160 4658 Sicul.
3202 4602 3298 4656 lib.
3339 4616 3413 4666 tv,

1826 4700 2179 4765 Thessalum,
2232 4713 2263 4754 a
2298 4713 2407 4768 quo
2434 4712 2633 4751 nomen
2659 4693 2942 4749 Thessalia
2972 4690 3202 4761 accepit,
3224 4691 3413 4771 ﬁlium,

1827 4804 1934 4843 non
1965 4787 2256 4851 Hannonis,
2288 4802 2389 4841 nec
2447 4785 2639 4846 Graci,
2688 4784 2783 4839 sed
2836 4781 3057 4838 Iasonis
3097 4790 3168 4849 get
3215 4780 3414 4834 Medeae

1792 4876 1803 4879 ’
1828 4875 2027 4946 prodit.
2049 4873 2180 4928 Vide
2202 4889 2299 4927 nos
2332 4872 2539 4927 inlr.ad
2567 4866 3144 4925 laudatutnAbrahami
3173 4880 3261 4918 an.
3289 4863 3416 4932 HO,

1896 4959 2034 5016 ibid.
2055 4960 2278 5032 Ogyges.
2300 4958 2477 5013 Minus
2516 4958 2649 5012 bene
2674 4956 2898 5026 Ogygias
2925 4953 3066 5024 apud
3096 4951 3413 5007 Pontacum.

1828 5048 2119 5104 Cotitendit
2169 5061 2330 5116 porro
2390 5046 2651 5115 Scaliger,
2678 5044 2935 5111 scriptum
2959 5042 3028 5095 ab
3055 5041 3307 5105 Eusebio,
3356 5039 3417 5091 ἐν

1840 5137 2007 5206 Ἀκτῇ
2092 5133 2459 5196 ἐϐασίλευσε,
2515 5132 2605 5185 καὶ
2667 5127 2958 5182 ’Ἐλευσῖνα
3018 5126 3277 5182 ἑκτιτενε
3359 5127 3413 5180 in

1830 5225 2004 5278 Attica
2044 5223 2294 5295 regnavit,
2323 5232 2372 5275 et
2409 5220 2713 5275 Eleusinum
2755 5216 3047 5285 condidit:
3083 5231 3204 5270 cum
3231 5224 3409 5268 tamen

1831 5332 2007 5386 neque
2036 5317 2093 5369 in
2120 5317 2322 5371 Graecis
2372 5313 2669 5383 λειψάνοις,
2718 5325 2895 5380 neque
2939 5313 2990 5364 in
3026 5307 3234 5364 Latinis
3267 5302 3413 5359 codi-

1832 5405 1987 5460 cibus
2048 5405 2192 5459 illius
2233 5403 2381 5457 verbi
2414 5402 2650 5471 regnavit
2685 5401 2970 5469 vestigium
3023 5397 3113 5451 sit.
3165 5395 3243 5447 Ad
3297 5393 3412 5447 haec

1823 5502 2094 5563 'rrguasse
2121 5510 2245 5547 eum
2281 5491 2506 5553 Thebis,
2543 5505 2649 5544 non
2676 5490 2728 5543 in
2769 5488 2969 5552 Attica,
2993 5486 3151 5541 tradit
3206 5482 3411 5536 Pansa.

1835 5581 1955 5635 nias
1995 5580 2088 5633 lib.
2131 5596 2168 5643 ι,
2193 5595 2314 5647 cap.
2352 5578 2442 5641 '58,
2472 5592 2633 5647 quem
2689 5585 2971 5628 auctorem
3029 5572 3207 5624 deuito
3267 5568 3405 5621 Sca-

1833 5666 1971 5736 liger
1996 5666 2234 5720 Eusebio
2270 5664 2519 5734 opponit,
2547 5673 2605 5717 ut
2646 5661 2954 5716 Eleusinem
3011 5658 3081 5711 ab
3133 5655 3410 5719 Elettainc,

1834 5770 1941 5808 non
1970 5754 2038 5807 ab
2065 5750 2245 5822 Ogyge
2278 5752 2549 5806 conditam
2604 5750 2819 5819 probet.
2879 5747 3074 5801 Verum
3123 5743 3212 5799 ille
3266 5744 3410 5798 dun-

1835 5850 1984 5896 taxat
2033 5840 2260 5895 inditam
2302 5839 2369 5895 ab
2400 5852 2467 5893 co
2497 5850 2695 5892 nomen
2749 5833 2871 5890 urbi
2904 5832 3180 5906 scripsit:
3216 5830 3405 5887 Ἐλιυρ
