3864 6182
146 235 234 299 737

1381 235 1796 298 VALLARSII
1825 238 2058 300 ΝΟΤΒ.

3247 249 3354 310 738

135 357 180 402 et
250 344 340 398 lib.
370 357 462 397 \‘ltl
493 343 580 398 ubi
635 342 879 412 singulas
928 341 1124 397 'corum
1183 343 1347 399 urbes
1412 355 1671 402 recenset.

1783 346 1924 400 κατὰ
1962 347 2054 401 τὸν
2085 349 2342 403 Εὑσέϐεον
2373 351 2452 420 τῷ
2510 355 2658 426 αὖτῷ
2697 355 2808 420 πζ’.
2858 359 3032 428 Neque
3068 364 3350 416 serundnm

135 437 221 492 Sed
254 445 306 490 et
345 433 668 490 Scholiastes
693 433 968 504 Euripidis
1005 437 1070 490 ad
1102 437 1306 492 Orestis
1332 438 1672 532 versati“?

190 549 488 620 Παρῤάσιον
516 549 688 602 οἰκεῖν
719 549 971 614 δάπεδον,
1012 551 1261 604 ἐνιαυτοῦ
1291 551 1510 607 κύκλον.

132 689 181 741 Ol
206 687 319 755 μὲν,
345 687 534 755 inquit,
567 686 744 751 πόλιν,
765 687 836 739 'ol
865 685 920 739 δὲ
955 686 1137 757 χώραν
1169 675 1308 740 slva!
1364 705 1526 756 φασιν
1571 690 1677 744 ἀπὸ

131 778 422 849 Παρῤασιου
462 775 555 830 τοῦ
588 776 872 848 Πελασγοῦ
915 778 1334 847 ὀνομασθεῖσαν,
1374 779 1432 842 ὃς
1500 782 1673 849 euadi-

130 885 232 939 ρισε
275 869 396 930 τοὺς
431 869 722 937 Ἀρκάδας.
777 871 870 921 καὶ
937 868 1251 935 Πελασγοὺς
1301 871 1494 934 αὐτοὺς
1529 874 1674 924 ὲπω-

127 959 364 1026 νόμασεν.
403 959 666 1012 Οωιρτυηι
725 960 1073 1014 observatum
1130 960 1438 1027 Salmasio,
1503 962 1575 1016 ita
1603 964 1674 1018 ab

128 1049 306 1116 saepius
336 1047 556 1102 laudato
591 1046 914 1114 Antiquario
937 1050 1205 1104 subscribi
1243 1052 1370 1106 huic
1403 1055 1671 1132 perioclue

89 1139 171 1192 'iu
213 1140 381 1207 primo
424 1139 695 1203 Palatino,
753 1140 1079 1206 Supradiata
1173 1143 1392 1197 historia
1443 1146 1498 1198 in
1544 1163 1673 1200 novo

124 1229 279 1281 codice
295 1239 369 1282 est
400 1230 468 1282 ad
499 1247 642 1284 num.
677 1231 745 1286 55
785 1231 1333 1302 regniSicyoniorum,
1374 1239 1424 1290 in
1459 1239 1675 1308 antiquo

126 1333 281 1378 autem
312 1325 483 1389 posita
510 1333 587 1377 est
615 1333 671 1377 ut
692 1326 798 1378 hic.
831 1328 897 1379 Et
952 1343 1132 1380 verum
1162 1339 1266 1380 est.
1294 1328 1427 1381 Nam
1478 1345 1669 1384 omnes

121 1415 293 1481 reliqui
331 1393 564 1466 Palatini
596 1428 719 1466 cum
776 1391 1069 1469 Sicardina
1087 1415 1220 1469 edit.
1261 1416 1342 1490 .ad
1387 1415 1534 1468 illum
1571 1432 1673 1468 nit--

120 1519 306 1558 merum
341 1518 458 1557 eam
494 1512 821 1574 agnoscunt.

177 1616 282 1670 Col.
309 1615 435 1668 275.
463 1613 653 1670 Iacob.
712 1614 901 1669 Jacobi
927 1617 1252 1670 descensum
1280 1617 1331 1670 in
1365 1617 1669 1686 Mesopotaa

119 1711 260 1765 niiam
291 1712 396 1765 alio
429 1719 594 1781 atque
615 1711 722 1764 alio
744 1710 983 1780 ejusdem
1003 1712 1174 1765 aetatis
1194 1727 1334 1764 anno
1361 1703 1686 1780 chronologt

116 1811 307 1857 veteres
335 1818 431 1869 pro
457 1818 559 1857 sua
592 1805 822 1872 quisque
882 1805 1092 1858 ratione
1153 1801 1456 1874 assignant.
1518 1806 1673 1870 Quod

118 1908 228 1948 vero
283 1894 480 1948 mirum
543 1903 628 1950 est
675 1895 867 1964 magis,
896 1910 960 1950 ac
991 1906 1178 1950 nostra
1208 1898 1421 1965 quidem
1453 1898 1700 1951 interest.

117 1984 260 2050 scire,
294 1983 346 2037 in
381 1984 620 2052 hacipsa
672 1987 996 2039 ascribenda
1044 1988 1220 2060 unius
1259 1986 1479 2040 Eusebii
1543 1996 1672 2043 sen-

116 2074 260 2128 tentia
318 2086 562 2145 pugnant
603 2075 742 2129 inter
797 2091 856 2130 se
900 2093 1048 2129 cum-
1082 2087 1292 2144 veteres
1349 2078 1497 2142 libri,
1555 2089 1670 2134 tum

115 2168 270 2222 critici
299 2167 532 2237 hujusce
565 2169 749 2237 aperis
769 2169 1050 2225 .editores.
1079 2168 1325 2240 Scaliger
1377 2170 1547 2225 refert
1606 2173 1670 2225 ad

114 2272 370 2313 numerum
398 2259 531 2326 252,
570 2268 733 2328 atque
764 2259 900 2315 adeo
926 2259 1110 2316 Jacobi
1142 2261 1310 2331 ipsius
1344 2279 1544 2340 annum
1581 2278 1672 2317 se—

118 2352 487 2420 ptuagesimum
549 2352 887 2406 secundum:
943 2359 1199 2407 admouet
1244 2369 1372 2407 vero
1405 2356 1456 2408 in
1503 2356 1668 2418 notis,

112 2453 168 2493 ex
199 2439 287 2494 fdo
345 2440 492 2494 tituli
544 2438 900 2494 Hebraeorum
965 2456 1262 2510 apparere,
1313 2458 1437 2496 eum
1501 2442 1672 2498 fuisse

111 2530 275 2586 Jacobi
307 2535 777 2603 septuagesimum
839 2535 1156 2603 septimum.
1203 2537 1476 2591 Pontacus
1505 2553 1670 2592 econ-

113 2624 259 2676 trario
283 2625 462 2680 tliﬂert
491 2627 558 2679 ad
606 2641 892 2680 numerum
943 2643 1113 2696 usque
1165 2627 1663 2690 240,Jacobi'ann.

111 2717 473 2786 octogesimum
501 2734 516 2782 ;
549 2721 790 2787 satisque
823 2719 984 2773 habet
1024 2719 1298 2775 indicasse
1319 2722 1482 2776 verbo
1510 2733 1668 2778 tentis

111 2806 158 2859 in
188 2809 339 2869 netis,
388 2808 551 2864 varie
593 2809 756 2863 situm
821 2823 946 2865 esse
1005 2811 1150 2866 hunc
1181 2816 1576 2884 paragraphum
1614 2813 1673 2868 in'

110 2913 221 2952 mss.
273 2899 440 2954 Nobis
499 2916 606 2954 non
665 2901 775 2956 alio
809 2942 824 2968 ,
861 2917 1024 2966 quam
1079 2904 1208 2959 huic
1264 2909 1666 2976 septuagesimo

110 2998 275 3042 octavo
327 3004 479 3044 anno
537 2990 686 3046 visus
744 3000 828 3046 est
877 2992 1144 3049 Eusebius
1189 3010 1308 3050 eam
1368 2998 1653 3050 historiam

1783 435 2096 505 Africanum
2127 442 2253 494 mihi
2288 443 2492 495 videtur
2520 443 2635 510 ﬁeri
2685 450 2936 515 potuisse,
2972 460 3024 503 ut
3048 450 3165 504 Levi
3195 463 3380 524 natm.

1778 527 1849 580 sit
1901 531 2213 600 octogesimo
2267 536 2486 601 septimo
2538 535 2727 592 Jacobi
2775 557 2936 619 anno,
2998 560 3157 611 neque
3189 547 3350 611 jua‘ta

1780 615 2065 672 Eusebium
2125 624 2306 676 eodem
2366 641 2504 679 anno
2558 631 2868 699 octogesimo
2913 615 3153 699 septimo.
3217 634 3350 688 lluic

1779 711 1947 780 igitur
1979 727 2142 777 anno,
2177 717 2634 783 quemadmodum
2684 730 2737 773 et
2777 722 3015 791 Scaliger
3053 727 3348 789 recensuit,

1781 818 1889 856 non
1913 811 1971 856 ut
2001 814 2185 858 nostra
2254 806 2430 860 ferunt
2456 812 2810 876 exenipluria,
2846 819 3172 883 ortogr-s'mo
3205 832 3348 867 nono

1783 891 1910 947 Levi
1953 904 2128 948 Ortum
2163 894 2426 950 Eusebius
2479 900 2873 969 assignaverit?
2909 907 3164 972 Equidem
3207 905 3347 959 haud

1787 987 2122 1052 puto;qnin
2185 987 2292 1039 imo
2349 1003 2590 1042 errorem
2647 993 2787 1059 apttd
2845 992 3148 1063 Syuci-llutn
3204 996 3346 1048 irre-

1796 1075 1969 1141 psisse
2004 1077 2058 1128 itt
2100 1077 2571 1132 nurnericisnotis
2602 1082 2871 1147 existimo,
2907 1086 2993 1138 ubi
3026 1087 3090 1138 de
3117 1086 3348 1141 Eusebio

1785 1167 2046 1233 loquitur,
2071 1182 2134 1222 ac
2157 1168 2434 1238 legendum
2454 1169 2578 1223 οὔτε
2605 1181 2741 1225 κατὰ
2763 1177 2851 1226 τὸν
2875 1177 3126 1228 Εῷσέϐιω
3145 1177 3219 1241 τῷ
3241 1179 3349 1230 ἔτει

1783 1255 1946 1309 πο’...
1977 1254 2160 1324 Neque
2184 1269 2333 1318 quta
2356 1258 2638 1313 Eusebium
2682 1279 2819 1315 anno
2839 1273 3147 1333 octogesimo
3182 1282 3347 1320 nono:

1787 1347 1994 1409 utquid
2026 1347 2171 1398 enim
2201 1350 2522 1416 disjunetive
2567 1353 2793 1416 diceret,
2838 1364 2996 1422 atque
3039 1356 3350 1409 alteroiso-

1785 1436 1926 1499 colo,
1952 1437 2278 1504 nequejuxta
2306 1438 2616 1506 Eusebium,
2638 1445 2678 1494 si
2697 1445 2934 1498 Africani
2970 1458 3173 1514 pariter
3188 1458 3350 1516 atque

1783 1525 1996 1580 Eusebii
2033 1532 2216 1584 cadent
2241 1535 2551 1599 supputatio
2582 1535 2722 1586 fuit?
2764 1535 3089 1606 Porroquod
3112 1538 3348 1608 Syncelli

1783 1616 2141 1683 objectionem
2196 1624 2266 1675 ita
2299 1622 2813 1694 Scaliger-adtulit“,
2833 1638 2974 1683 utne
3004 1631 3107 1696 γρῦ
3131 1629 3348 1695 quidem

1781 1723 1878 1774 pro
1915 1723 2135 1764 auctore
2165 1727 2264 1765 suo
2305 1725 2552 1783 reponat,
2581 1732 2640 1769 ea
2660 1733 2822 1772 causa
2847 1730 2950 1781 est,
2985 1737 3144 1785 quant
3187 1731 3347 1774 tntth

1777 1799 2111 1866 dicebamus,
2153 1803 2294 1871 quod
2331 1805 2455 1857 inde
2497 1818 2776 1875 appareat.
2813 1826 2870 1863 se
2919 1821 3106 1863 contra
3130 1811 3343 1864 Eusebii

1777 1900 2036 1953 mentem,
2074 1892 2264 1948 Jacobi
2294 1899 2623 1951 descen<um
2652 1901 2704 1953 in
2731 1899 3177 1970 Mesopotamiam
3208 1918 3350 1956 anno

1775 1981 2015 2048 ejusdem
2048 1991 2450 2055 septuagesimo
2481 1994 2724 2046 secundo
2754 1995 3068 2061 adjunxiSSe
3094 2012 3108 2047 :
3173 2010 3351 2065 neque

1774 2073 1910 2127 adeo
1941 2082 2072 2130 tunc
2097 2077 2233 2132 bene
2262 2095 2366 2132 non
2396 2081 2666 2136 inerudita
2716 2083 2951 2154 Syncelli
3003 2089 3240 2154 ohjectio
3294 2088 3347 2142 in

1775 2165 2091 2218 universum
2152 2171 2428 2235 procedat.
2489 2172 2701 2229 Videsis
2775 2175 3014 2229 Goarum
3077 2180 3160 2231 in'
3204 2183 3347 2232 notis

1783 2260 2092 2321 utramque,
2129 2258 2305 2310 nostri
2342 2259 2556 2314 scilicet
2602 2263 2795 2331 suique
2857 2267 3095 2318 auctoris
3124 2281 3347 2320 senzeu-

1775 2349 1903 2401 tiam
1959 2348 2207 2417 pluribus
2261 2367 2617 2422 exponentem
2645 2359 2761 2412 :-ita
2793 2361 2949 2428 ενοτο
2972 2364 3207 2430 excipite
3251 2365 3347 2418 ad-

1778 2440 2002 2493 versarii
2032 2453 2367 2511 argumenta,
2400 2455 2458 2499 ut
2513 2455 2722 2514 teneas,
2778 2453 2920 2520 quod
2981 2454 3068 2509 ille
3121 2457 3350 2520 ignorat.

1767 2545 1894 2588 .Cnm
1932 2537 2146 2606 expleto
2174 2539 2346 2608 primo
2399 2543 2609 2597 servttii
2679 2545 2986 2609 septentrio,
3024 2545 3209 2600 Labatt
3247 2549 3348 2600 ita-

1773 2627 1942 2682 chelis
1969 2630 2087 2683 loco
2135 2631 2286 2685 Liant
2341 2641 2470 2686 natu
2522 2634 2780 2702 majorem
2813 2636 2976 2690 tiliam
3045 2641 3348 2694 substituit.

1771 2734 1879 2773 non
1915 2737 2197 2777 recusasse
2227 2733 2408 2777 tamen
2459 2727 2622 2796 justis
2647 2725 2834 2783 Jacobi
2868 2732 3352 2798 postulationibus,

1767 2821 1829 2877 et
1883 2809 2177 2867 llachelem
2224 2815 2354 2869 dare
2385 2816 2604 2872 interitu
2667 2835 2731 2874 ea
2788 2823 2924 2891 lege,
2993 2832 3052 2876 ιιι
3113 2826 3344 2884 alteri-tn

1773 2904 2121 2970 septennium
2177 2907 2430 2972 serviret,
2483 2910 2708 2962 minimc
2750 2927 2877 2965 vero
2929 2923 3050 2980 post
3103 2926 3350 2969 exactura

1772 2992 1918 3044 istud
1949 3008 2167 3062 quoque
2199 2997 2462 3062 temporis
2514 2997 2853 3052 intervallum
2901 3003 3202 3058 distulisse.
3241 3005 3352 3060 llac

116 3081 410 3148 ascripsisse
442 3099 456 3135 ς
503 3089 680 3151 neque
713 3099 875 3153 porr“
919 3086 1025 3142 huc
1063 3101 1181 3141 eam
1226 3104 1485 3144 revocare
1512 3092 1672 3145 dubi-
1700 3066 1742 3123 ϐ
1775 3082 2016 3136 εειιίϋὶιει
2045 3089 2317 3152 cautione,
2348 3104 2689 3158 qu:ecunque
2739 3092 3005 3148 adversus
3061 3097 3293 3151 Eusebio
3323 3118 3351 3149 tl

111 3169 344 3229 lavimus.
410 3171 702 3227 Persuasit
753 3189 882 3230 vero
931 3178 1250 3246 cumprimis
1313 3180 1372 3235 S.
1434 3179 1684 3250 Prosperi

109 3260 454 3317 testiinonium
485 3263 538 3315 in
567 3265 846 3320 Chronico
875 3266 1107 3334 integro,
1141 3268 1229 3322 ubi
1257 3270 1453 3324 nedum
1499 3287 1682 3326 rerum

106 3350 294 3416 seriem,
321 3354 415 3408 sed
487 3353 602 3423 ipsa
627 3357 788 3408 etiam
820 3360 930 3412 hate
969 3359 1129 3413 verba
1164 3370 1438 3415 mutuatus
1469 3363 1536 3416 ab
1577 3363 1684 3416 Eu»

105 3442 252 3508 sebio,
283 3444 369 3500 hic
400 3446 686 3515 apposuit.
731 3447 864 3501 Dein
893 3451 1156 3512 momenti
1186 3452 1496 3519 plurimum.
1521 3453 1680 3507 addi-

104 3530 274 3587 derunt
291 3545 398 3590 tres
410 3537 662 3590 ciunium
681 3539 1049 3608 antiquissimi
1076 3533 1207 3596 mss.
1247 3543 1677 3602 Aurelianensis.

105 3616 493 3680 Letnovicensis
513 3637 566 3679 et
591 3627 915 3683 Pithmanus
947 3629 1088 3698 apud
1125 3631 1332 3686 Pontac
1349 3649 1462 3698 um,
1479 3635 1679 3702 quibus

105 3709 356 3766 adccnseri
391 3715 746 3769 debetetiam
798 3715 1133 3782 Parmensis,
1171 3712 1298 3788 quo
1323 3725 1567 3790 utimur;
1593 3733 1678 3778 ta-

105 3800 237 3854 metsi
262 3803 515 3856 nonnihil
555 3803 642 3856 hic
669 3805 770 3859 loci
811 3806 865 3860 in
893 3809 1188 3863 numericis
1224 3812 1368 3864 notis
1405 3811 1570 3864 fuerit
1607 3813 1676 3867 ab

107 3891 781 3961 antiquariodepraratus.
818 3897 1044 3953 Demum
1099 3902 1244 3969 quod
1301 3917 1522 3957 necesse
1576 3904 1677 3959 hoc

105 3977 272 4034 saltem
293 3993 410 4037 erat
435 3987 702 4052 temporis
729 3988 1078 4044 intervallum
1120 4007 1185 4046 ex
1219 3992 1438 4047 Eusebii
1466 4007 1672 4058 mente,

103 4082 126 4119 tt
150 4071 418 4154 descensu_
441 4074 630 4129 Jacobi
662 4079 728 4131 ad
774 4065 991 4148 Iosephi
1025 4084 1278 4136 natalem
1306 4087 1473 4144 diem.
1509 4102 1670 4154 quem

103 4167 198 4212 tum
229 4163 337 4230 ipse
371 4150 535 4234 ponit
561 4169 626 4220 ad
673 4184 801 4222 auu.
848 4171 1033 4224 Jacobi
1125 4178 1533 4244 nonagesimum
1586 4194 1672 4231 se—

101 4253 339 4319 cundum,
393 4264 513 4307 tum
552 4272 616 4310 ex
665 4255 944 4326 Scriptura
1007 4263 1297 4332 colligitur,
1355 4276 1474 4333 post
1509 4265 1668 4336 ’qua-

1788 3173 2165 3240 proferuntur,
2195 3178 2340 3231 nullo
2372 3181 2585 3249 negotio
2617 3184 2917 3246 refutabis:
2973 3201 3097 3238 nam
3137 3189 3180 3240 si
3219 3190 3350 3242 veli-

1795 3279 1918 3319 mus
1943 3266 2030 3320 hic
2072 3283 2177 3322 nos
2217 3269 2431 3339 singula
2493 3272 2749 3343 utrinque
2797 3281 3124 3347 expendere,
3173 3280 3351 3336 nullus

1781 3353 1886 3408 erit
1927 3356 2137 3411 dicendi
2163 3357 2304 3414 ﬁnis.

1853 3443 1988 3516 Ibid.
2029 3445 2299 3503 Messana.
2351 3449 2506 3516 Quod
2563 3454 2640 3508 ait
2669 3454 2913 3527 Scafiger
2967 3476 3031 3513 ex
3063 3459 3350 3526 Strahmte,

1780 3533 2048 3592 Cellarius
2077 3555 2380 3607 quoqueex
2433 3543 2688 3611 Diodoro,
2752 3557 2915 3616 atque
2985 3551 3124 3615 aliis,
3194 3555 3343 3620 prius

1780 3627 1978 3681 dictam
2023 3631 2211 3684 urbem
2236 3631 2374 3686 hanc
2397 3632 2655 3701 Zanclen,
2690 3653 2797 3690 non
2837 3655 3009 3708 usque
3055 3636 3348 3696 ade-o'cer-

1781 3725 1893 3772 tttm
1954 3722 2188 3778 videtur.
2276 3723 2569 3781 Enimvero
2629 3727 2942 3797 Stephanus
3011 3748 3076 3787 eo
3130 3737 3348 3789 nomine

1777 3811 2049 3865 diversam
2078 3828 2105 3864 a
2136 3811 2386 3868 Messana
2417 3816 2608 3870 urbem
2639 3819 2910 3889 designat,
2957 3838 3132 3892 neque.
3197 3827 3341 3880 enim

1779 3903 1849 3957 ibi
1888 3902 2003 3970 ejus
2025 3905 2291 3959 meminit.
2323 3907 2426 3962 Sed
2481 3917 2533 3962 et
2580 3909 2846 3980 Seymnus
2869 3915 3060 3982 Chius,
3089 3915 3338 3972 Zanclen:

1777 4010 1897 4048 cum
1921 3994 2122 4049 Catana
2154 4005 2209 4050 et
2247 3997 2495 4067 Gallipoli
2547 4000 2806 4068 iungens,
2834 4015 2958 4072 post
2987 4009 3194 4077 aliquot
3221 4026 3346 4063 vcr-

1776 4100 1868 4139 sus
1909 4087 2255 4156 Agrigentum
2305 4101 2358 4143 et
2400 4091 2700 4147 Messanam
2757 4109 3023 4164 recenset,
3071 4112 3348 4168 quo'ua—

1775 4175 2024 4233 nili-stilis
2059 4181 2265 4232 nullum
2303 4191 2388 4234 est
2445 4185 2810 4241 distinctionis
2872 4189 3152 4247 indicium.
3208 4193 3346 4248 Idem

1777 4253 1938 4334 hujus
1993 4269 2289 4336 primordia
2345 4281 2399 4326 et
2459 4277 2735 4328 conditum
2761 4279 2824 4331 ad
2879 4278 3034 4335 loucs
3069 4299 3132 4336 ex
3181 4284 3348 4358 Samo

103 4349 341 4404 turdeeim
405 4369 587 4406 annos
655 4356 933 4409 servitutis
1003 4358 1054 4411 in
1116 4359 1504 4429 Mesopotamia
1599 4380 1664 4418 ex

1779 4360 2040 4426 profectos
2076 4360 2271 4417 refert:
2305 4364 2366 4415 Οἱ
2405 4363 2599 4417 Γελῶοι
2639 4366 2696 4418 ’δ’
2725 4369 2943 4423 ἔκτισαν
2976 4349 3344 4443 ’Δκράγάντα,

100 4434 314 4494 Rachele
355 4453 699 4512 generatum.
734 4447 873 4499 liletn
907 4458 1022 4501 erat
1071 4451 1370 4520 intelligere
1403 4469 1470 4507 ex
1527 4453 1668 4523 Syn-

1779 4422 1786 4426 .
2885 4422 2930 4423 έν
2992 4422 3344 4443 ""r"t"""'

1779 4451 2072 4520 Μεᾳσήνην
2094 4450 2138 4502 δ’
2166 4451 2349 4514 Ἴωνες
2380 4455 2441 4505 ἐκ
2473 4455 2678 4524 Σάμου.
2697 4457 2841 4523 Sive,
2867 4471 2919 4515 ut
2952 4479 3046 4532 per
3072 4455 3346 4532 apocotiett

99 4529 200 4580 oclli
229 4545 420 4586 contra
457 4536 956 4605 hanchypothesim
983 4540 1311 4608 objectione,
1338 4557 1498 4609 quam
1536 4542 1669 4595 sub-

98 4623 328 4688 sequenti
384 4626 738 4681 annotatiOue
796 4629 1186 4696 cxpendemus.
1239 4632 1392 4697 Quod
1449 4634 1665 4686 interim

98 4710 363 4770 lectionem
399 4717 584 4771 Latini
637 4731 924 4773 contextus
972 4732 1204 4790 spectat,
1281 4725 1332 4776 in
1389 4725 1665 4798 Parmensi

97 4817 186 4856 nis.
211 4815 258 4857 et
281 4793 536 4860 servitibi
574 4807 772 4877 legitur
806 4825 932 4878 pro-
962 4813 1211 4867 servivit:
1245 4815 1427 4869 minus
1483 4817 1666 4872 adhuc

99 4907 226 4949 recte
257 4897 523 4964 Scaliger,
548 4899 713 4952 Jacob
762 4900 1200 4970 Mesopotamiam
1239 4907 1398 4969 venit,
1431 4915 1478 4959 et
1506 4909 1688 4966 servit

93 4986 244 5052 apud,
283 4997 415 5055 cte.,
443 4992 534 5058 qtti
577 4999 629 5044 et
659 4993 1032 5061 quinquennio
1068 5005 1208 5064 post,
1246 4997 1360 5050 sive
1381 5000 1446 5051 ad
1476 4997 1662 5053 Jacobi

94 5089 211 5130 ann.
252 5086 721 5151 septuagesimum
752 5095 999 5139 octavum
1037 5089 1186 5141 addit
1213 5091 1278 5141 de
1303 5105 1423 5154 suo,
1488 5102 1546 5144 ut
1581 5095 1662 5146 vi-

94 5165 259 5235 detur,
295 5177 636 5242 nequeenim
669 5179 796 5246 quid
823 5179 1002 5232 simile
1063 5179 1185 5232 aliis
1219 5179 1271 5232 in
1303 5183 1451 5234 libris
1509 5185 1663 5238 inve-

94 5256 284 5322 nimus,
320 5261 462 5316 hanc
495 5264 833 5333 periocham,
885 5267 1050 5321 Jacob
1104 5269 1258 5322 Liam
1302 5279 1350 5323 et
1385 5271 1582 5326 Rachel
1606 5275 1662 5328 in

98 5342 473 5417 Mesopotamia
506 5357 658 5410 duxit
689 5374 898 5412 uxOres.

158 5441 274 5493 Col.
299 5443 428 5496 275.
459 5445 615 5499 Jacob
638 5447 851 5517 generat
887 5448 1029 5518 Levi.
1068 5449 1360 5519 Syncellus
1392 5453 1594 5520 ait,"0i5
1611 5471 1661 5507 σε

91 5529 175 5581 τὸν
194 5535 338 5586 κατὰ
378 5535 732 5608 Ἀφρικανόν»,
769 5557 860 5609 μοι
895 5541 1043 5594 δοκεῖ
1099 5543 1329 5596 δυνατὸν
1395 5541 1532 5597 εἶναι
1564 5548 1656 5599 τὸν

88 5622 214 5678 Astii
267 5631 596 5700 γεννηθῆναι
648 5634 726 5705 τῷ
781 5633 870 5701 at:
926 5635 1056 5709 ἔτει,⁷
1099 5635 1194 5689 τοῦ
1255 5636 1476 5705 Ἰακὼϐ,
1531 5637 1654 5692 οὕτε

1778 4541 2060 4611 legendum
2136 4543 2443 4598 Ilolstenius
2514 4547 2691 4612 docet,
2719 4551 2814 4603 καὶ
2876 4554 3098 4623 Μέσσην
3126 4557 3182 4608 δ’
3225 4560 3350 4611 Ἰω-

1776 4649 1884 4695 νες,
1921 4641 2026 4688 etc.
2059 4633 2192 4688 Silio
2213 4634 2400 4690 Italico
2427 4637 2516 4690 lih.
2556 4657 2639 4694 MV
2667 4642 2888 4710 dicitur,
2927 4645 3062 4700 Osco
3088 4665 3349 4704 memora-

1774 4723 2046 4777 bilsortu.
2093 4725 2202 4778 Cur
2240 4743 2400 4794 porro
2461 4728 2776 4786 Mamertina
2832 4739 2901 4789 sit
2955 4741 3118 4802 dicta,
3163 4753 3351 4797 narrat

1774 4815 1998 4882 Alphius
2029 4815 2321 4871 historicus
2352 4819 2491 4886 apud
2526 4819 2744 4874 Fesutnt
2785 4825 2835 4876 in
2863 4841 2990 4880 voce
3016 4826 3345 4895 Mamertini,

1773 4908 1862 4974 qui
1895 4902 1989 4961 eos
2017 4910 2093 4961 ait
2117 4909 2386 4966 Samnites
2422 4911 2611 4976 fuisse,
2637 4917 2726 4982 qui
2749 4926 2988 4986 tempore
3028 4923 3347 4988 pestilentia!

1774 4988 1966 5068 (ntuet-
2023 5017 2233 5054 sacrum
2295 5018 2358 5056 ex
2417 5004 2682 5069 Apollinis
2736 5020 3000 5079 praecepto
3064 5018 3345 5087 vovcrcut)

1771 5095 1962 5165 patriis
1985 5095 2203 5149 sedibus
2247 5097 2416 5166 jussis
2468 5099 2751 5167 decedere,
2786 5102 2837 5155 in
2889 5102 3128 5163 Siciliam
3181 5125 3344 5166 vene-

1730 5186 1917 5250 runt,
1942 5195 2103 5254 atque
2140 5186 2213 5240 ibi
2274 5185 2708 5245 Messanensibus
2765 5193 2904 5249 bello
2960 5201 3166 5256 vexatis
3213 5219 3338 5270 δην.

1768 5279 1942 5347 pctias
1990 5278 2247 5346 ferentes,
2306 5297 2402 5337 eos
2453 5284 2520 5336 ab
2570 5287 2721 5340 hoste
2758 5289 3077 5348 liberarunt.
3127 5295 3335 5368 Itaque.

1773 5369 1870 5433 ait,
1897 5372 2262 5437 provinciales,
2299 5372 2359 5426 ob
2390 5376 2630 5428 meritum
2659 5395 2861 5447 eorum,
2917 5393 2970 5436 ut
2998 5387 3222 5454 gratiam
3259 5405 3340 5439 re-

1770 5459 1986 5528 ferrent,
2020 5471 2067 5514 et
2115 5463 2168 5514 in
2197 5479 2346 5516 suum
2394 5480 2580 5535 corpus
2625 5475 3141 5540 communionemque
3178 5494 3336 5547 agro-

1767 5567 1881 5602 rum
1907 5551 2198 5606 invitarunt
2239 5570 2345 5617 eos,
2388 5566 2436 5609 et
2483 5575 2670 5614 nomen
2725 5577 3030 5632 acceperunt
3087 5584 3246 5620 unum
3281 5579 3336 5621 ut

1765 5642 2060 5698 dicerentur
2087 5645 2407 5717 Mamertini,
2437 5655 2577 5720 quod
2613 5655 2856 5722 conjectis
2893 5657 2948 5711 in
2981 5669 3173 5714 sortem
3204 5660 3338 5716 duo-

2203 5727 2336 5740 --'_-
