3908 6174
244 255 340 319 Sil

1518 256 1932 319 VALLARSII
1969 258 2212 324 ΝΟΤᾹΞ.

3391 271 3499 332 742

233 377 437 446 στάτην
461 374 570 428 τῶν
591 374 710 429 κατ’
735 375 1015 444 Αἴγυπτον
1037 389 1053 430 :
1079 375 1159 430 Ea:
1183 374 1427 445 progenie
1453 374 1610 444 hujus
1639 375 1778 445 regis

1890 411 1900 436 ι
1931 377 2229 433 secundum
2261 393 2464 435 annum
2499 379 2658 436 famis
2681 395 2805 436 cum
2831 381 2896 438 10
2917 383 3253 454 principatus
3278 383 3502 459 Joscphi

229 467 632 538 Osymandyae,
674 479 912 530 octavus,
968 467 1175 519 nomine
1223 463 1522 529 Ucltoreus,
1554 463 1813 530 Memphin

227 560 488 624 condidit,
530 556 736 610 urbium
762 554 986 625 JEgypti
1032 555 1409 608 clarissimam.
1461 554 1540 608 Ad
1566 554 1696 606 haec
1728 549 1810 606 ΡΙ.

227 644 540 712 .Iosephus,
593 645 686 712 qui
739 657 806 697 eo
856 645 1207 696 vetustiorem
1257 642 1430 696 multo
1482 640 1751 709 originem
1781 654 1811 693 a

224 731 383 785 Mene
436 722 812 799 Egyptiorum
869 730 1044 796 primo
1079 738 1204 797 post
1247 730 1378 783 deos
1407 727 1629 782 homine
1671 741 1810 796 rege'

221 817 420 885 repetit
450 816 544 870 lib.
577 831 668 868 vui
729 814 910 883 Autiq.
945 829 994 868 c.
1026 813 1348 884 ϐελΜιναῐον
1375 810 1515 866 εἶναι
1551 812 1812 880 «aqua!»

222 925 320 974 φιν
383 907 860 976 οἰκοδομήσαντα,
941 905 1000 968 ὃς
1050 904 1194 958 ἔτεσι
1242 905 1461 968 πολλοῖς
1497 903 1806 973 ἔμπροσθεν

217 995 446 1061 ἐγένετο
486 994 582 1046 τοῦ
635 994 871 1047 πάππου
903 994 1058 1064 ἡμῶν
1098 993 1397 1062 Ἀὕρὰμου.
1431 992 1472 1045 Α
1508 992 1674 1054 Mene,
1720 992 1810 1060 qni

218 1083 497 1152 Memphin
537 1085 792 1148 condidit,
825 1085 1013 1152 quique
1055 1083 1231 1136 multis
1257 1083 1412 1135 annis
1443 1080 1808 1134 Abraltamum

213 1191 374 1228 avum
428 1184 668 1228 nostrum
709 1176 1006 1227 antecessit.
1042 1174 1290 1242 Denique
1340 1158 1802 1239 llerodotusgqui

217 1261 352 1321 ante
381 1267 560 1336 ipsum
592 1265 806 1320 Meneni
839 1268 1028 1319 urbem
1066 1265 1212 1318 illam
1249 1265 1527 1317 exstitisse
1551 1263 1718 1316 refert
1748 1261 1805 1314 in

212 1359 461 1426 Euterpe
493 1373 542 1411 c.
575 1355 670 1420 99,
701 1371 766 1410 ex
799 1355 1146 1410 sacerdotum
1182 1353 1398 1423 {Egypti
1429 1353 1800 1407 sermonibus.

208 1447 452 1502 Aiebant
476 1447 621 1502 enim
659 1445 770 1512 illi,
805 1443 1037 1508 Meneni,
1071 1445 1162 1512 qui
1186 1445 1392 1511 primus
1442 1443 1583 1510 apud
1637 1441 1802 1511 Aigy-

207 1550 370 1609 ptum
406 1538 669 1607 regnavit,
699 1536 1132 1604 ἀπογεφυρῶσαι
1154 1537 1251 1605 τὴν
1285 1534 1533 1603 Μέμφιν,
1559 1537 1801 1602 pontibus

204 1631 543 1700 separavisse
592 1629 882 1696 Memphin,
916 1638 969 1682 et
999 1627 1186 1692 ﬂuvio,
1221 1629 1314 1696 qui
1352 1640 1590 1680 montem
1641 1626 1797 1680 labu-

1923 467 2250 535 composuit.
2296 468 2365 522 Et
2397 473 2704 539 expressius
2752 481 2958 540 tamen,
2989 483 3045 527 et
3076 485 3132 527 ut
3159 478 3398 541 videtur,
3434 481 3502 536 de

1922 570 2022 610 suo
2076 558 2148 611 ita
2200 573 2540 628 exaggerans
2578 561 2704 630 legit
2732 563 2785 615 in
2821 563 3044 616 Latino:
3082 565 3192 618 Hoc
3221 584 3380 652 ωριτε,
3412 572 3502 637 qui

1920 649 2180 702 secundus
2219 648 2378 716 [antis
2406 651 2539 719 fuit,
2582 653 2812 706 introivit
2873 652 3160 724 Egyptum
3208 648 3499 727 cuna/iliis

1921 739 2032 790 suis
2065 738 2251 803 Iacob,
2288 742 2518 809 quicum
2553 759 2585 794 a
2613 741 2911 806 Pharaone,
2949 757 3052 800 etc.
3088 745 3285 803 Levius
3311 765 3496 804 errare

1920 825 2138 878 videtur
2167 825 2464 891 Pontacus,
2493 844 2653 896 quem
2711 831 2984 897 explicare
3021 842 3294 902 utcunque
3321 837 3497 905 possis

1918 915 1983 968 de
2009 929 2155 970 anno
2189 915 2348 970 fatuis
2387 918 2628 972 secundo
2671 919 2782 988 jam
2815 921 3088 989 completo.
3145 923 3341 977 Verum
3374 942 3494 979 om-

1917 1005 2067 1059 nium
2100 1008 2302 1076 optime
2336 1006 2572 1078 Prosper
2601 1025 2730 1064 anu.
2775 1012 2918 1066 hunc
2959 1016 3188 1068 alterum
3223 1016 3406 1082 lamis,
3435 1030 3496 1074 ut

1915 1107 1968 1152 et
1997 1098 2302 1166 ingressum
2333 1097 2525 1155 Jacobi
2581 1103 2634 1156 in
2682 1101 2973 1172 [Egyptum
3029 1109 3297 1176 superiori
3345 1127 3491 1164 nono

1913 1186 2136 1257 Josepbi
2189 1190 2528 1260 principatus
2573 1195 2823 1259 ascribit,
2875 1206 3037 1264 atque
3097 1201 3253 1252 unice
3311 1216 3491 1254 veram

1913 1276 2132 1332 Eusebii
2165 1278 2452 1334 lcetionem
2489 1295 2552 1334 ac
2581 1291 2816 1335 mentem
2858 1297 2940 1336 est
2969 1299 3280 1339 ass-acutus.
3312 1285 3494 1340 Lucu-

1916 1369 2219 1425 lent'ssime
2273 1372 2434 1426 etiam
2488 1372 2790 1436 Cedrenus,
2837 1377 2991 1428 Μετὰ
3033 1376 3088 1429 δὲ
3115 1376 3160 1446 β’
3195 1379 3310 1446 ἔτη,
3345 1381 3404 1443 ἐξ
3430 1373 3491 1432 οὗ

1915 1462 2120 1531 ἧρξατο
2148 1465 2176 1516 ὁ
2206 1463 2384 1531 λιμὸς,
2423 1466 2631 1533 κατέϐη
2660 1466 2859 1518 Ἰακὼϐ
2890 1469 2968 1532 εἰς
3007 1470 3280 1536 Αἴγυπτον
3320 1473 3376 1522 ἐν
3411 1471 3490 1524 os'

1911 1556 2133 1625 ψυχαῖς.
2168 1553 2464 1610 Eusebiani
2506 1573 2633 1610 vero
2660 1555 2917 1612 Chronici
2953 1560 3113 1630 hujus
3145 1563 3381 1614 editores
3410 1566 3489 1615 vi-

1908 1644 2106 1698 dentur
2141 1644 2207 1699 de
2238 1645 2502 1699 industria
2534 1646 2672 1699 hanc
2702 1663 2814 1701 rem
2843 1651 2907 1700 ad
2937 1664 3063 1700 anu.
3097 1650 3163 1701 lt)
3188 1650 3486 1713 distulisse,

206 1721 392 1776 losum
445 1721 953 1791 praeterlabebatur,
978 1719 1130 1774 inde
1169 1720 1382 1783 abacto,
1415 1732 1578 1787 atque
1609 1719 1661 1772 in
1696 1734 1778 1772 nos

1907 1744 1964 1788 ut
1996 1737 2168 1804 magis
2201 1736 2486 1804 responsio
2513 1747 2791 1790 constaret
2814 1737 2999 1791 Jacobi
3033 1739 3098 1790 ad
3126 1737 3486 1804 Pharaonem,

206 1829 338 1868 vum
375 1814 591 1868 alveum
616 1813 804 1879 ducto,
830 1827 952 1866 cum
982 1821 1122 1866 terra
1151 1812 1291 1864 tacta
1316 1821 1460 1865 esset
1483 1814 1793 1876 continens,

203 1906 395 1959 locum
446 1906 588 1973 apud
619 1904 884 1974 quosdam
934 1903 1134 1958 fecisse
1179 1902 1394 1965 fabulae,
1428 1915 1485 1956 ut
1523 1903 1800 1955 diceretur

200 1997 308 2065 τὴν
338 1997 498 2049 πόλιν
529 1995 716 2048 κτίσαι
767 1995 978 2065 ταύτην
1002 2034 1018 2058 ,
1069 1995 1193 2064 ἥτις
1240 1995 1336 2046 νῦν
1387 1995 1608 2063 Μέμφις
1635 1995 1795 2046 καλέ-

201 2103 365 2151 εται,
399 2087 581 2140 urbem
621 2086 758 2140 lianc
811 2086 1135 2150 condidisse,
1191 2099 1307 2153 qua:
1341 2100 1480 2138 nunc
1525 2083 1790 2154 Memphis

201 2177 540 2246 appellatur.

275 2289 418 2344 Ibid.
447 2287 770 2356 Iosephus...
824 2285 932 2338 dux
959 2282 1202 2355 zEgypti.
1227 2282 1284 2338 Si
1337 2284 1480 2352 regis
1509 2297 1730 2348 nomen,
1760 2296 1790 2336 a

198 2395 317 2450 quo
352 2379 408 2433 in
460 2388 667 2432 tantam
718 2379 1036 2449 dignitatem
1089 2377 1364 2445 Juseplius
1407 2389 1630 2430 evectus
1671 2385 1788 2437 est.

206 2483 371 2526 certo
427 2475 686 2536 sciretur,
735 2481 848 2526 tum
901 2479 1202 2540 posset'ex
1253 2472 1354 2523 hoc
1406 2470 1638 2539 primum
1668 2468 1790 2520 loco

196 2564 470 2619 constitui
507 2557 882 2632 Egyptiorum
915 2563 1163 2624 historia,
1187 2577 1347 2630 quam
1379 2561 1445 2614 ad
1474 2561 1577 2614 hoc
1615 2575 1788 2629 usque

197 2666 424 2724 tempus
459 2656 622 2708 nullis
651 2655 816 2707 certis
852 2653 1137 2721 principiis
1166 2653 1232 2705 ad
1292 2651 1660 2720 chronologiae
1695 2664 1787 2703 sa-

195 2759 311 2798 cra:
360 2745 826 2813 comparationem
875 2745 1030 2796 inniti
1069 2743 1331 2798 diximus.
1390 2740 1456 2793 Et
1499 2741 1785 2810 Syncellus

195 2845 388 2888 tamen
416 2851 540 2905 pag.
578 2834 648 2889 49
707 2835 891 2889 dicere
925 2835 1109 2896 audet,
1155 2834 1248 2885 ἐπὶ
1295 2834 1432 2885 πᾶσι
1485 2833 1785 2901 συμπεφώ-

193 2939 388 2992 νηται,
444 2926 526 2976 ὅτι.
557 2925 647 2976 ἐπὶ
686 2923 990 2992 Ἀφώφεως
1043 2921 1210 2993 ἦρξεν
1231 2922 1456 2991 ιΊωσὴφ
1486 2923 1582 2990 τῆς
1615 2922 1784 2991 Αἰγύ-

192 3029 336 3064 πτου
360 3028 376 3066 :
413 3011 531 3066 Una
554 3015 780 3066 omnium
808 3014 1120 3083 vocejertur
1142 3050 1157 3076 ,
1191 3013 1284 3065 sub
1304 3012 1540 3079 Aphoplii
1582 3011 1775 3078 λθεινρή

191 3086 253 3153 iu
305 3099 545 3170 15'9pr
579 3111 886 3169 potestatem
942 3103 1257 3154 exercuisse.
1317 3099 1577 3154 Mentitur
1612 3115 1770 3153 vero:

190 3206 322 3270 nam
357 3205 533 3260 neque
588 3192 639 3244 id
690 3191 940 3246 Manetho
973 3195 1184 3254 sensit,
1239 3204 1414 3258 neque
1447 3190 1773 3244 vernaculus

190 3281 510 3336 Judaeorum
544 3281 784 3336 historiae
817 3284 1050 3352 scriptor
1074 3281 1366 3349 Josephus,
1403 3296 1510 3333 non
1543 3281 1634 3334 alii
1675 3296 1773 3333 an-

192 3374 488 3442 tiquiores,
545 3387 646 3427 nec
709 3374 926 3426 demum
975 3372 1246 3427 Eusebius
1299 3381 1513 3427 uester:
1545 3383 1602 3424 ut
1634 3369 1769 3424 nihil

189 3463 396 3527 dicam,
431 3476 626 3530 magno
655 3464 818 3515 etiam
853 3477 1123 3516 consensu
1155 3462 1426 3516 interdum
1478 3470 1686 3516 veteres
1715 3463 1768 3514 in

189 3551 511 3620 hujusmodi
549 3554 710 3607 rebus
761 3567 996 3606 errasse.
1051 3553 1162 3619 Ego
1221 3568 1349 3606 vero
1400 3555 1626 3621 propius
1658 3552 1766 3606 dici

187 3645 576 3706 existimarim,
608 3645 921 3712 Apachnam
989 3659 1170 3713 regem
1208 3644 1356 3697 illum
1388 3643 1582 3708 fuisse,
1606 3644 1767 3710 idque

187 3752 355 3805 posse
386 3739 454 3789 ab
480 3737 594 3804 ipsa
629 3737 926 3802 Scriptura,
961 3734 1162 3790 Geues.
1198 3751 1287 3789 xu
1325 3737 1542 3800 deduci,
1575 3737 1663 3789 ubi
1687 3737 1768 3790 di-

170 3809 334 3882 citur
364 3827 561 3898 Josepli
598 3826 839 3896 Zoplmat
874 3827 1124 3880 Paneacli
1166 3831 1232 3882 ab
1265 3831 1382 3894 ipso
1407 3843 1532 3896 rege
1558 3842 1781 3895 mgna--

187 3919 448 3973 minatus.
497 3919 686 3974 Priore
733 3919 942 3973 scilicet
975 3934 1108 3972 voce
1138 3919 1476 3972 Desideratus
1501 3957 1514 3980 ,
1547 3919 1630 3972 vel
1662 3917 1762 3972 ln-

187 4011 349 4084 timus
385 4009 745 4079 signiﬁcatur,
770 4011 922 4079 juxta
954 4010 1315 4078 receptiorem
1341 4013 1758 4081 etymologiam:

188 4102 357 4155 altera
403 4115 602 4154 nomen
648 4101 824 4172 ipsum
865 4113 946 4154 est
991 4100 1214 4154 Paclma
1249 4116 1268 4156 :
1301 4111 1360 4155 ut
1407 4105 1582 4156 dietus
1627 4106 1762 4158 adeo

191 4202 265 4246 sit
312 4207 423 4245 uno
485 4193 783 4262 eodemque
837 4197 906 4248 ad
939 4210 1053 4247 rem
1078 4205 1283 4262 gestam
1321 4210 1416 4263 per
1444 4211 1606 4264 quam
1634 4206 1760 4263 apto

185 4299 372 4346 sensu,
403 4282 632 4338 Intimus
671 4284 902 4340 Pachnw
926 4327 940 4350 ,
976 4288 1092 4340 sive
1140 4287 1556 4352 acceptissimus
1612 4289 1758 4354 regis

1899 1837 1954 1874 se
1981 1837 2094 1875 esse
2125 1838 2255 1875 ann.
2290 1823 2425 1903 15οχ
2455 1820 2616 1877 Levis
2653 1834 2832 1876 autem
2867 1825 2980 1877 haec
3011 1839 3173 1878 causa
3217 1826 3352 1880 fuit:
3387 1843 3485 1895 po-

1900 1915 2005 1967 tu-it
2031 1914 2180 1967 enim
2214 1914 2498 1968 verissime
2529 1929 2674 1968 nono
2716 1913 2941 1984 Josephi
2973 1929 3119 1969 anno
3142 1959 3155 1981 ,
3193 1919 3285 1986 qui
3326 1920 3485 1972 famis

1899 2002 2176 2058 secundus
2211 2004 2330 2071 fuit,
2367 2003 2435 2058 ad
2461 2004 2622 2059 linem
2657 2015 2937 2074 vergente,
2975 2006 3032 2060 in
3062 2005 3351 2076 Egyptum
3384 2009 3484 2062 ad-

1898 2100 2121 2150 veniens
2143 2093 2334 2160 Jacob,
2357 2106 2409 2150 et
2442 2107 2566 2164 post
2587 2096 2807 2166 aliquod
2837 2100 3101 2166 temporis
3130 2101 3480 2154 interstitium

1894 2179 2236 2236 Pharaonem
2291 2183 2620 2251 alloquens,
2685 2184 2912 2254 jamque
2971 2188 3196 2240 ineunte
3259 2187 3480 2256 Josephi

1893 2270 2237 2340 principatus
2288 2270 2391 2336 10,
2427 2270 2500 2323 ita
2542 2269 2812 2326 Pharaoni
2858 2273 3229 2342 respondere,
3271 2290 3478 2329 annum

1893 2377 1952 2416 se
1981 2376 2140 2430 agere
2177 2362 2300 2420 150.

1963 2531 2100 2586 Ibid.
2132 2533 2642 2602 Diospolitanorum.
2668 2535 2932 2589 Videntur
2965 2535 3154 2590 istliaec
3181 2551 3246 2588 ex
3278 2535 3472 2590 Latina

1890 2619 2345 2690 interpretatione
2403 2623 2673 2678 excidisse
2728 2623 2931 2688 verba,
2970 2622 3166 2694 Regum
3207 2627 3470 2689 sedecim,

1889 2721 2010 2774 quae
2035 2719 2086 2762 et
2113 2709 2378 2763 orationis
2405 2719 2716 2776 contextus,
2745 2720 2796 2764 et
2830 2713 3073 2764 hiStoriae
3138 2711 3339 2764 veritas
3373 2727 3472 2780 po-

1899 2797 2412 2867 stulant.Corrupti
2474 2799 2635 2856 etiam
2685 2799 2738 2853 in
2795 2801 3092 2854 numericis
3143 2801 3285 2855 notis
3337 2801 3469 2855 editi

1904 2880 2236 2952 Syncelliani
2277 2885 2531 2951 codices,
2581 2887 2673 2954 qui
2723 2886 2866 2941 solos
2920 2887 3316 2956 quatuor-decim
3383 2888 3470 2941 ιιἱο

1887 2981 2195 3034 numerant,
2230 2988 2390 3042 quem
2434 2988 2532 3027 nos
2567 2988 2808 3027 errorem
2865 2975 2916 3026 in
2949 2975 3138 3028 Graeco
3169 2975 3466 3030 emendare

1806 3057 1848 3115 C
1881 3075 1945 3111 ex
1977 3059 2083 3112 alio
2115 3059 2345 3130 Syncclli
2375 3059 2516 3124 loco,
2570 3069 2732 3128 atque
2760 3060 3011 3122 Eusebio,
3054 3074 3160 3113 non
3191 3060 3470 3115 dubitavi-

1881 3156 2022 3195 mus.
2091 3141 2456 3212 iteposuimus
2502 3143 2737 3213 denique
2787 3143 3309 3212 Diospolitanornm,
3365 3159 3466 3215 pro

1876 3229 2141 3284 mendoso
2192 3231 2678 3298 Diopolitanorum.

1945 3361 2080 3418 lbid.
2118 3361 2338 3416 Eratns.
2377 3363 2555 3418 Semel
2606 3372 2769 3431 atque
2810 3364 3007 3418 iterum
3058 3363 3360 3419 Pausanias
3401 3365 3456 3419 in

1873 3449 2123 3504 Corinth.
2158 3466 2278 3520 cap.
2311 3451 2344 3504 5
2369 3488 2384 3512 ,
2437 3450 2690 3503 Peratum
2724 3452 2870 3504 hunc
2915 3461 3065 3505 vocat
3117 3468 3214 3520 pro
3257 3451 3457 3509 Erato:

1797 3545 1806 3557 '
1871 3542 2018 3609 quod
2050 3541 2494 3610 antiquariorum
2530 3541 2877 3594 tribuendum
2921 3552 3001 3596 est
3036 3542 3185 3607 vitio,
3218 3543 3310 3611 qui
3337 3542 3454 3595 Ἤε-

1871 3631 2076 3702 ράτος,
2121 3641 2179 3685 ιιι
2228 3631 2488 3698 scriptum
2528 3630 2686 3684 facile
2735 3630 2935 3696 fuerat,
2991 3632 3187 3685 litterae
3252 3633 3452 3700 prioris

1869 3732 1993 3769 cum
2020 3717 2060 3768 ll
2085 3717 2440 3770 similitudine
2464 3717 2695 3784 decepti,
2719 3718 2770 3770 in
2796 3718 3036 3786 Πέρατος
3061 3719 3447 3784 depravarunt.

1866 3806 2014 3861 Alias
2045 3821 2168 3861 cum
2208 3808 2322 3876 ipse
2353 3809 2691 3885 Pausanias,
2727 3819 2838 3862 tum
2886 3809 3066 3863 caeteri
3102 3811 3222 3864 libri
3257 3827 3449 3867 omnes

1869 3897 2094 3952 litatum
2145 3900 2412 3953 scribunt.
2472 3899 2645 3954 Penes
2719 3899 3027 3956 Svncellum
3082 3912 3197 3955 erat
3273 3901 3448 3970 Ἐίιαο

1867 3999 2008 4045 στος.

1933 4077 2070 4132 lbid.
2105 4079 2320 4148 Sparta.
2377 4080 2575 4134 Eorum
2629 4098 2750 4151 qua:
2813 4085 2918 4136 liue
2953 4085 3252 4152 pertinent,
3312 4086 3444 4140 nihil

1862 4171 2032 4226 ferme
2068 4174 2260 4240 reliqui
2294 4175 2447 4227 nobis
2479 4175 2603 4226 fecit
2625 4173 2897 4229 Mettcsius
2920 4175 3141 4230 Misccll.
3185 4177 3440 4233 Laconic.

1863 4262 1958 4316 lib.
2014 4278 2088 4316 tv.
2124 4263 2180 4316 In
2220 4275 2368 4316 tanta
2418 4276 2597 4317 autem
2643 4267 2993 4319 lluctuatioue
3024 4280 3288 4331 veterum,
3333 4271 3428 4338 qui

184 4370 452 4424 Pancaeh.
482 4371 639 4427 Levis
670 4388 861 4441 nempe
895 4373 982 4426 illa
1016 4374 1176 4426 unius
1224 4375 1416 4425 littera:
1445 4373 1760 4427 metatliesis

1890 4355 2074 4418 Sparta:
2105 4356 2367 4424 originem
2405 4357 2474 4410 ab
2526 4357 2648 4410 aliis
2695 4367 2857 4426 atque
2907 4359 3031 4411 aliis
3063 4360 3441 4416 conditoribus

185 4464 556 4520 Orientalium
612 4464 920 4532 linguarum
975 4465 1250 4531 ingenium
1286 4466 1448 4530 sapit,
1491 4465 1757 4532 variaeque

182 4557 578 4626 punctationis,
613 4571 736 4610 cum
765 4557 831 4609 de
861 4571 965 4608 una
992 4557 1046 4609 in
1074 4556 1234 4608 aliam
1267 4555 1504 4623 linguam
1533 4571 1753 4608 nomina

182 4649 611 4713 transferuntur,
638 4647 786 4716 quod
814 4658 986 4716 potest
1036 4647 1307 4715 plerisque
1353 4647 1475 4700 aliis
1503 4647 1684 4716 petitis
1724 4663 1756 4702 a

180 4741 467 4808 Scriptura
498 4741 762 4806 exemplis
791 4739 1164 4805 comprobari.
1196 4736 1367 4790 Porro
1401 4739 1578 4791 locum
1610 4743 1755 4793 hunc

179 4833 428 4900 Scaliger
474 4834 545 4886 ita
587 4833 757 4901 legit:
800 4832 883 4884 ba:
910 4830 1142 4883 llebt‘a’ts
1167 4829 1360 4898 Joseph
1390 4832 1498 4883 dua:
1531 4829 1754 4900 {Egypti

177 4941 348 4997 unos.
383 4922 474 4987 80,
500 4927 763 4977 tricesimo
795 4926 967 4976 atatis
1001 4938 1110 4975 sua:
1137 4937 1301 4975 anno.

238 5086 364 5142 Col.
393 5085 520 5138 275.
572 5081 810 5136 Secundo
859 5099 998 5135 anno
1040 5083 1221 5152 famis.
1271 5079 1476 5133 Laudat
1509 5079 1571 5134 ad
1606 5079 1752 5134 hunc

171 5183 359 5234 locum
396 5177 634 5244 Scaliger
658 5175 743 5228 illa
777 5174 1011 5243 Syncelli
1043 5173 1205 5226 verba
1237 5187 1288 5240 p.
1318 5173 1383 5224 87
1416 5171 1539 5240 εΤῷ
1568 5169 1610 5239 β’
1641 5171 1750 5223 ἔτει.

173 5273 269 5325 τοῦ
308 5267 469 5337 λιμοῦ
518 5267 782 5336 κατῆλθον
822 5267 868 5318 οἱ
897 5265 1115 5333 ἀδελφοὶ
1154 5264 1248 5315 τοῦ
1283 5263 1483 5331 Ἰωσὴφ
1517 5264 1596 5322 si;
1643 5262 1748 5314 Δί-

174 5375 404 5426 τυπτον,
435 5357 571 5425 ὅπερ
594 5353 661 5423 ἦν
691 5355 785 5408 τοῦ
819 5355 916 5425 μὲν
948 5352 1146 5421 Ἰωσὴφ
1177 5351 1250 5403 10'
1273 5351 1412 5414 ἔτος,
1449 5349 1541 5404 τοῦ
1565 5350 1619 5402 δὲ
1641 5351 1746 5416 Ἰς-

174 5450 293 5501 κὼϐ
343 5447 481 5518 ρκο’.
515 5449 764 5502 Fortasse
815 5454 998 5500 autem
1047 5461 1150 5498 non
1181 5444 1562 5499 animadvertit
1604 5446 1748 5498 hunc

173 5541 412 5610 SynCelli
458 5541 638 5594 locum
683 5539 853 5608 magis
899 5548 1089 5594 contra
1136 5552 1194 5592 se
1245 5536 1458 5591 facere:
1519 5535 1564 5589 si
1602 5537 1745 5590 cnim

179 5633 429 5689 rationes
477 5640 623 5689 recte
672 5630 955 5702 Syncellus
987 5632 1141 5701 iniit,
1173 5637 1288 5684 tum
1323 5629 1462 5686 male
1497 5628 1739 5700 Scaliger

1863 4458 2132 4516 repetunt,
2167 4451 2308 4502 haud
2340 4466 2468 4502 sane
2509 4455 2825 4518 paruimest,
2860 4466 2981 4502 cum
3011 4449 3204 4504 Nostro
3253 4455 3434 4507 facere

1861 4541 2192 4610 Stephanum
2229 4541 2278 4594 in
2329 4541 2712 4596 Lacedaemone
2735 4585 2750 4608 ,
2802 4543 2890 4595 ubi
2926 4543 3152 4612 Σπάρτη
3175 4585 3188 4607 ,
3223 4544 3434 4611 inquit,

1858 4636 2124 4704 πρότερον
2166 4636 2278 4686 ἀπὸ
2307 4633 2558 4704 Σπαρτοῦ
2600 4634 3005 4703 appellabatur,
3038 4637 3255 4692 tametsi
3295 4637 3440 4692 hunc.

1856 4723 2112 4793 Spartum
2171 4725 2502 4794 Amyclantis
2557 4725 2724 4778 ﬁlium
2752 4763 2766 4785 .
2823 4741 2928 4778 non
2963 4727 3228 4781 Pltorunei
3266 4728 3432 4782 dicat.

1833 4816 1991 4870 'Eum
2052 4815 2227 4868 locum
2265 4814 2581 4868 Eustathius
2632 4828 2848 4883 quoque
2893 4815 3200 4880 descripsit.
3246 4815 3350 4870 Sed
3382 4825 3437 4871 et

1857 4903 2318 4977 ScymnusGhius
2348 4887 2596 4973 Spartam
2616 4921 2668 4958 γ.
2705 4903 2827 4958 604.

2034 5031 2110 5095 Οὗ
2146 5039 2302 5102 πόλις
2333 5038 2447 5091 ἐστὶ
2469 5037 2563 5091 τοῦ
2591 5037 2842 5108 Σπαρτοῦ
2869 5055 3073 5103 κτυσις.

1852 5177 2122 5232 Caeterum
2156 5173 2460 5240 Σπάρτωνα
2495 5171 2583 5224 alii
2615 5184 2737 5224 cum
2773 5169 3066 5235 Pausania,
3099 5185 3203 5224 non
3246 5172 3426 5241 Emp-

1851 5271 1946 5320 τόν
1977 5277 2214 5321 vocant:
2249 5266 2520 5320 civitatem
2562 5279 2692 5318 vero
2727 5263 2891 5316 tradit
2935 5267 3096 5318 etiam
3129 5265 3422 5332 Mullntlo-

1851 5374 1947 5414 rus
1977 5359 2068 5412 lib.
2107 5374 2164 5411 ιιι
2213 5359 2282 5410 ita
2344 5357 2666 5425 appellatam
2698 5372 2762 5408 ex
2796 5354 2986 5424 Sparta
3017 5355 3420 5408 Lacedaemonis

1851 5451 2104 5520 conjuge,
2131 5461 2184 5504 et
2219 5449 2323 5503 (ilia
2345 5446 2558 5502 Eurotan
2582 5489 2597 5515 ,
2624 5448 2713 5517 qui
2747 5449 2854 5501 ἀπὸ
2900 5450 3132 5512 Λέλεγος
3163 5444 3420 5524 αὐτῐχῡοο

1851 5559 1938 5605 νος
2001 5541 2378 5595 descenderat.
2431 5538 2532 5594 Sed
2580 5552 2662 5595 est
2695 5542 2803 5623 \illa
2854 5537 3170 5593 recentioris
3201 5537 3372 5588 artatis
3401 5575 3415 5598 ,

1848 5631 2088 5701 solisque
2114 5631 2270 5687 annis
2295 5630 2398 5687 508
2423 5632 2498 5687 i‘li
2530 5617 2741 5688 excidio
2768 5617 3039 5701 superior.
3066 5625 3201 5683 Sunt
3228 5636 3407 5680 autem
