3908 6174
332 292 443 356 745
1593 301 1869 366 VALLAI

1979 306 2004 366 Ῑ
2049 308 2096 367 Ν
2107 305 2292 367 ΟΤΛΞ.
3467 309 3572 375 τιὸ

329 416 427 460 aut
485 406 736 463 meritum
791 402 942 466 Isaae
975 417 1094 493 pm:
1117 422 1288 474 man
1318 418 1333 468 ξ
1365 417 1732 474 vetustissima
1759 420 1904 474 enim
1935 428 1977 481 Α
2011 417 2371 474 lsrarlitarum
2403 420 2455 474 in
2499 420 2790 494 Egyptum
2838 420 2960 491 fuit,
3005 421 3178 481 Exod.
3221 445 3293 488 ri.
3321 427 3404 490 18.
3432 423 3574 483 illius

327 499 474 553 inter
517 497 734 556 Judaeos
762 503 950 572 opinio
980 504 1104 570 fuit,
1139 515 1380 575 tempora
1426 509 1674 588 vindicta:
1700 511 1898 566 divinae
2000 510 2202 564 dicitur
2233 509 2476 576 Amram,
2502 514 2593 582 qui
2651 515 2850 583 accepit
2907 526 3122 570 uxorem
3175 508 3430 573 Ioc/tebed
3477 538 3573 588 pu-

325 594 528 644 arctari
565 603 790 662 propter
835 595 1013 665 justos
1039 604 1201 657 nuta
1251 606 1376 683 γρῦ
1396 582 1560 659 ἽΠὉθ
1589 607 1760 689 nntpn
1783 613 1929 680 mn-
1998 601 2214 655 truelem
2247 619 2559 672 suam,qute
2583 582 2779 672 peperit
2822 607 2870 658 ei
2910 607 3089 661 Aaron
3143 619 3207 664 et.
3255 582 3572 665 ,υυδρηίυι

322 690 526 741 mam.
560 681 776 738 Placuit
807 685 1032 741 Sanctus
1053 689 1143 756 qui
1169 681 1467 746 benedictus
1489 681 1899 758 est,accelerare
1998 693 2164 764 igitur
2195 694 2422 748 multum
2452 706 2615 764 putes
2661 697 2901 760 Caathus
2953 690 3292 768 Amramum,
3320 703 3408 772 hic
3459 704 3572 758 Mo-

322 772 484 841 ﬁnem
533 785 748 843 propter
803 778 1045 832 meritum
1105 789 1345 850 patrum.
1395 782 1565 854 Cujus
1609 791 1895 843 sententiae
1995 796 2114 848 sen,
2144 783 2484 853 sexagesimo
2523 784 2645 854 plus
2680 788 2858 841 mintts
2884 789 3062 845 aetatis
3123 806 3236 846 sum
3293 804 3439 846 anno
3473 811 3565 863 ge-

321 865 552 934 vestigia
598 877 898 938 supersunt
952 868 1188 926 Matthaei
1246 889 1395 936 xxiv.
1423 875 1514 930 22.
1573 876 1681 932 Sed
1725 895 1905 949 nugs.

325 956 538 1010 toribus
585 971 759 1028 nugas
805 974 934 1015 suas
977 961 1372 1034 relinquamus.
1419 967 1649 1032 Quidam
1709 977 1891 1027 tamen

320 1055 655 1115 prapostero
682 1049 988 1107 Hebraismi
1021 1067 1208 1109 amore
1239 1055 1324 1110 his
1352 1055 1603 1114 fanaticis
1653 1062 1892 1132 argutia.

320 1137 392 1192 lis
421 1138 780 1196 delininntur.
834 1143 1114 1199 Hactenus
1180 1146 1592 1219 Scaliger:qui
1646 1161 1707 1206 ut
1752 1154 1892 1208 bene

318 1231 534 1284 somnia
563 1229 913 1289 Hebraeorum
943 1236 1261 1306 exploserit,
1295 1240 1460 1294 aliam
1495 1251 1700 1310 tamen,
1739 1259 1889 1300 eam-

315 1335 426 1389 que
459 1320 619 1393 longe
659 1324 1059 1392 gravissimam,
1090 1329 1179 1382 cui
1216 1329 1451 1386 obnoxia
1491 1343 1576 1388 est
1630 1334 1892 1392 Eusebia-

316 1425 390 1466 na
461 1414 753 1480 sententia,
808 1415 1172 1474 difﬁcultatem
1248 1420 1638 1482 dissimulavit.
1700 1427 1888 1498 Neque

1994 871 2453 943 nuerint,quibus
2479 875 2524 928 si
2557 875 2750 940 addas,
2785 892 2924 946 quos
2973 878 3074 935 iste
3104 875 3296 951 agebat
3342 899 3465 938 eum
3497 886 3566 938 ab

1993 957 2225 1030 Egypto
2270 977 2521 1032 egressus
2586 972 2689 1031 est,
2749 968 3090 1038 septuaginta
3155 979 3299 1037 octo,
3345 973 3564 1028 ducenti

1993 1044 2164 1107 ferme
2196 1055 2324 1108 annl
2355 1063 2672 1126 exsurgent,
2703 1071 2841 1125 quos
2900 1067 3093 1127 parum
3127 1057 3362 1117 absimili
3402 1063 3566 1117 dinu-

1937 1145 2295 1201 xmeratione
2352 1146 2624 1204 Eusebius
2698 1153 2967 1205 ducentos
3035 1152 3346 1222 quindecim
3405 1155 3565 1211 dixit.

1997 1231 2191 1291 Verum
2246 1237 2320 1291 ibi
2370 1238 2462 1307 qui
2518 1239 2720 1295 dicitur
2764 1240 2905 1297 filius
2963 1241 3158 1307 Caath,
3191 1261 3298 1299 non
3349 1248 3566 1316 proprie

1991 1323 2134 1379 ﬁlius
2158 1328 2431 1394 putandus
2463 1337 2568 1395 est,
2590 1330 2685 1385 sed
2714 1346 2778 1385 ex
2811 1332 2930 1401 ejus
2993 1337 3245 1403 posteris,
3303 1352 3368 1391 ex
3414 1337 3569 1392 Scri-

1992 1424 2166 1484 ptura;
2196 1416 2251 1471 in
2285 1419 2617 1491 genealogiis
2661 1425 3021 1480 contexendis
3051 1440 3221 1493 more,
3249 1445 3370 1498 quae
3399 1431 3566 1486 certis

313 1502 467 1558 enim
511 1504 730 1561 ducenti
761 1507 1096 1578 quindecim,
1120 1512 1217 1567 sed
1251 1513 1631 1586 quadringenti
1670 1520 1889 1588 triginta
1990 1503 2057 1558 de
2098 1505 2289 1603 fauis
2314 1513 2882 1603 “Oll'funquammios
2909 1514 2977 1570 ab
3033 1517 3153 1572 "is
3202 1528 3356 1586 PM“c
3396 1520 3565 1574 Ῑηῑετ·

313 1603 444 1656 auni
491 1611 643 1670 sum,
692 1618 834 1673 qu“
879 1605 1091 1662 Hebmi
1121 1607 1176 1663 in
1235 1610 1469 1681 Αεωριο
1529 1614 1790 1681 feceram,
1819 1618 1889 1672 ab
1989 1593 2168 1698 medio
2189 1598 2861 1698 praete.rnt_isso,\nominat,
2888 1603 3155 1698 interdum
3181 1616 3288 1661 eta
3322 1611 3563 1678 proavis,

306 1686 552 1760 δοκι)δο
577 1693 646 1748 ad
689 1695 937 1750 Exodo“,
977 1701 1349 1767 computandi,
1379 1703 1424 1756 si
1475 1701 1881 1774 Scripwmwm
1989 1683 2217 1774 aliisque
2259 1686 2581 1757 majoribus,
2616 1693 2706 1760 qui
2774 1693 2932 1763 longa
3004 1695 3146 1750 serie
3212 1702 3560 1765 praciverunt.

309 1781 644 1838 “amomis
682 1793 916 1841 "emus.
945 1786 1028 1842 Ab
1090 1785 1352 1856 1036mm,
1387 1769 1636 1860 inquam;
1680 1809 1789 1851 non
1819 1797 1888 1853 ab
1919 1801 1962 1857 Β
1991 1769 2048 1825 In
2082 1785 2333 1844 promptu
2366 1788 2532 1843 esset,
2563 1780 2608 1834 si
2641 1795 2728 1836 res
2761 1781 2948 1851 ferret,
2978 1785 3224 1854 pluribus
3256 1789 3358 1844 hoe
3382 1805 3566 1846 exem-

307 1871 606 1928 Abmhami
657 1875 710 1929 in
740 1875 998 1932 Chanaan
1025 1878 1283 1948 adventu,
1319 1891 1381 1938 ιη
1411 1883 1699 1941 Eusebium
1731 1890 1893 1958 mmo
1994 1863 2102 1930 plis
2137 1868 2462 1960 confirmare
2493 1886 2509 1923 :
2547 1873 2875 1960 praesertim,
2943 1886 3002 1929 ut
3057 1879 3133 1933 ait
3163 1877 3409 1945 Grotius,
3438 1898 3563 1936 cum

307 1971 466 2028 ante,
509 1964 576 2019 ad
625 1967 1360 2040 primunrnepmmissionis
1394 1991 1618 2041 annum.
1657 1955 1890 2038 vidum}.
1992 1955 2251 2025 genuisse
2284 1967 2392 2013 non
2424 1970 2632 2016 tantum
2665 1955 2820 2033 pater
2860 1964 3051 2032 filium,
3084 1969 3178 2023 sed
3210 1977 3264 2023 et
3307 1987 3440 2026 avus
3468 1990 3565 2027 ne-

303 2066 660 2124 “putasse.
709 2059 977 2116 Nimirum
1031 2062 1147 2132 ipse
1195 2064 1288 2120 me
1339 2082 1501 2136 quem
1563 2069 1753 2126 aliud“
1785 2071 1893 2128 Ge.
1989 2051 2193 2114 potem,
2224 2058 2279 2102 et
2307 2063 2658 2122 pronepotem
2696 2071 2958 2126 proavus,
2991 2061 3142 2116 salva
3199 2065 3329 2118 recti
3355 2081 3564 2122 sermo-

304 2159 430 2201 nes.
455 2162 546 2213 xv,
586 2141 655 2204 i3
713 2163 766 2205 et
799 2167 954 2222 seqq.
989 2154 1455 2214 luculentissima,
1487 2160 1641 2215 locus
1684 2170 1771 2219 εει
1819 2164 1887 2220 ad
1988 2137 2074 2191 nis
2102 2139 2313 2197 ratione
2339 2143 2570 2210 dicatur,
2597 2155 2650 2200 et
2721 2149 2917 2203 nedum
2975 2153 3336 2223 Scripturant,
3359 2157 3454 2212 Sed
3508 2171 3565 2214 et

303 2237 649 2305 probandum
681 2240 751 2296 de
781 2242 898 2296 sola
943 2243 1308 2301 lsraelitarum
1341 2249 1394 2303 in
1459 2247 1693 2321 [Egypto
1730 2267 1884 2322 pere-

302 2327 614 2398 grinatione
673 2331 825 2386 dici:
867 2332 1015 2388 Scito
1068 2353 1422 2404 prtenoscens,
1455 2342 1595 2409 quod
1642 2346 1876 2413 peregri-

307 2429 439 2472 nam
470 2419 708 2487 futurum
734 2423 806 2478 sit
849 2440 1024 2480 semen
1063 2437 1212 2482 tuum
1267 2431 1322 2483 in
1349 2441 1493 2485 terra
1526 2449 1629 2486 non
1658 2450 1757 2488 sua
1779 2449 1800 2488 :
1834 2443 1885 2488 et

299 2510 582 2575 subjicient
611 2529 699 2567 eos
744 2517 984 2570 servituti
1012 2527 1060 2572 et
1092 2519 1318 2590 afﬂigent
1354 2523 1754 2595 quadringentis
1784 2543 1886 2580 an-

301 2603 415 2657 uis.
457 2601 825 2687 Verumtamen
857 2619 1081 2678 gentem,
1109 2611 1192 2664 cui
1216 2614 1464 2668 servituri
1493 2624 1639 2681 sunt,
1669 2633 1762 2687 ego
1789 2618 1880 2686 iu-

298 2693 517 2759 dicabo,
541 2706 592 2751 et
623 2683 740 2767 post
778 2699 888 2754 htec
919 2705 1254 2773 egredientur
1277 2721 1394 2758 cum
1419 2723 1614 2776 magna
1633 2683 1877 2764 substan-

302 2786 408 2840 tia.
432 2786 776 2845 Generatione
803 2801 982 2846 autem
1032 2804 1227 2861 quarta
1256 2805 1582 2852 revertentur
1611 2800 1732 2854 huc.
1757 2799 1876 2856 Sci-

299 2876 434 2933 licet
473 2879 540 2934 de
575 2880 760 2937 futuro
810 2884 1014 2938 dicitur
1046 2897 1264 2956 ;net]ue
1297 2889 1440 2942 enim
1495 2891 1552 2944 in
1613 2893 1874 2947 Chanaan

297 2981 401 3026 aut
444 2973 725 3042 peregrina
779 2974 968 3038 ἁπλῶς
1027 2976 1130 3031 fuit
1190 2977 1486 3033 Abrahami
1543 2983 1873 3051 progenies.

296 3073 399 3117 aut
466 3065 650 3119 servili
715 3075 953 3136 unquam
1011 3067 1145 3139 jugo
1210 3083 1493 3138 oppressa.
1561 3072 1700 3137 Quin
1762 3075 1875 3129 imo

294 3151 473 3220 liquet
505 3169 569 3209 ex
598 3157 808 3212 decimo
851 3160 1008 3212 tertio
1067 3168 1122 3213 et
1183 3170 1380 3228 quarto
1444 3161 1646 3217 Cenes.
1699 3165 1878 3233 capite

295 3245 665 3315 amplissimas
704 3247 780 3301 ibi
833 3249 1083 3317 regiones
1134 3251 1393 3306 Hebraeos
1441 3252 1764 3316 obtinuisse,
1792 3254 1875 3308 vel

291 3336 534 3406 primum
567 3339 928 3407 occupatione
959 3342 1276 3410 aequisitas,
1310 3343 1392 3396 vel
1417 3345 1594 3412 pretio
1632 3354 1871 3414 emptas,

290 3424 383 3478 vel
410 3425 643 3496 denique
686 3425 828 3483 bello
865 3439 1070 3497 partas.
1117 3428 1405 3486 Manifesto
1443 3433 1608 3486 etiam
1652 3446 1872 3502 regres-

293 3529 397 3571 sus
453 3518 508 3570 in
546 3516 805 3573 Chanaan
849 3529 971 3588 post
995 3531 1244 3590 quartam
1307 3523 1732 3592 generationem.
1755 3525 1871 3579 sive

290 3617 418 3677 post
449 3610 877 3679 quadringentos
903 3626 1100 3677 annos,
1128 3629 1194 3668 ex
1227 3621 1408 3669 vetere
1438 3615 1582 3670 illius
1618 3617 1870 3672 formula:

289 3700 634 3768 acceptione,
681 3700 899 3756 alllietis
941 3702 1314 3758 lsraelitarum
1365 3706 1419 3760 in
1449 3705 1682 3777 IEgypto
1705 3708 1869 3764 rebus

284 3786 609 3856 apponitur.
634 3787 688 3842 ld
726 3789 905 3856 ipsum
966 3789 1200 3848 fortasse
1228 3801 1409 3849 autem
1437 3793 1638 3849 clarius
1660 3810 1724 3850 ex
1758 3787 1865 3852 alio

212 3859 219 3866 ’
281 3877 564 3932 evincitur
599 3880 909 3936 testimonio
950 3880 1118 3938 Exodi
1150 3897 1252 3948 an,
1273 3875 1344 3938 54
1371 3892 1424 3939 et
1457 3901 1652 3954 seqq.:
1685 3886 1861 3940 Habi-

284 3968 424 4022 tatio
470 3967 703 4036 ﬁliorum
757 3969 963 4038 Israel;
1003 3975 1092 4042 qui
1147 3984 1456 4029 manserunt
1521 3977 1577 4030 in
1631 3965 1864 4047 Egypto

283 4057 584 4128 (glossema
620 4061 752 4116 illud
787 4072 872 4118 est
894 4063 1004 4117 τῶν
1050 4064 1198 4120 LXX
1222 4066 1368 4135 quod
1415 4067 1646 4131 addunt,
1679 4073 1774 4122 καὶ
1804 4072 1863 4122 ὲν

283 4152 364 4220 τῇ
394 4150 644 4215 Χαναὰν,
669 4153 824 4207 αὐτοὶ
858 4156 952 4209 καὶ
985 4156 1035 4208 οἱ
1063 4156 1302 4224 πατέρες
1333 4158 1535 4225 αὐτῶν,
1561 4170 1610 4213 et
1642 4162 1696 4214 in
1718 4173 1861 4215 terra

275 4239 546 4296 Chanaan
570 4231 674 4312 ipsi
699 4252 748 4298 et
772 4255 950 4315 patres
972 4248 1196 4317 eorum),
1226 4247 1328 4317 fuit
1352 4249 1858 4320 quadringentorum

277 4333 510 4402 triginta
541 4350 824 4391 annorum.
865 4337 1066 4403 Quibus
1095 4339 1337 4408 expletis,
1371 4342 1551 4396 eadem
1574 4343 1656 4396 die
1684 4359 1859 4414 egres-

1986 2226 2122 2282 alios
2155 2228 2464 2294 historicos,
2499 2246 2625 2302 puta
2664 2234 2910 2291 Solinum
2955 2240 3009 2295 in
3064 2236 3390 2298 Macedonia:
3423 2251 3564 2315 regi-

1987 2315 2110 2383 bus,
2176 2320 2263 2373 ubi
2320 2338 2429 2377 rem
2492 2325 2546 2379 in
2607 2342 2876 2385 summam
2931 2338 3242 2401 conferunt,
3301 2355 3561 2406 personas

1985 2411 2248 2476 Quasdam
2281 2415 2463 2471 minus
2495 2419 2706 2475 nobiles
2733 2425 3011 2480 transilire
3040 2429 3343 2486 videamus.
3369 2434 3562 2488 Aliun-

1983 2501 2050 2556 de
2095 2507 2277 2570 etiatn,
2311 2507 2427 2562 sive
2453 2525 2516 2563 ex
2565 2507 2822 2579 Ephraim
2878 2519 3352 2591 genealogia,qme
3399 2527 3559 2580 habe-

1987 2600 2074 2645 tur
2097 2592 2115 2645 Ι
2140 2589 2536 2666 Paralipomen.
2583 2619 2676 2663 VII.
2703 2603 2774 2656 20
2825 2613 2882 2660 et
2938 2589 3127 2680 seqq;
3152 2589 3406 2683 coll-igere
3452 2630 3555 2679 est.

1981 2687 2289 2754 quindecim
2333 2691 2444 2747 fere
2483 2709 2514 2748 a
2571 2695 2776 2753 Caatho
2825 2703 3083 2770 gradibus
3122 2705 3433 2763 Amramum
3477 2712 3561 2765 di-

1981 2785 2156 2834 stasse
2195 2797 2213 2836 :
2253 2781 2408 2855 longe
2469 2796 2652 2842 autem
2688 2804 2720 2845 a
2776 2793 2887 2846 veri
2929 2798 3076 2848 omni
3142 2799 3325 2868 specie
3361 2802 3561 2858 abhor-

1980 2880 2085 2934 ret,
2141 2873 2247 2927 nisi
2312 2875 2452 2930 ultra
2509 2894 2685 2934 annos
2740 2882 2848 2937 215
2907 2885 2962 2939 in
3019 2885 3256 2958 Egypto
3311 2907 3559 2948 commo-

1983 2964 2086 3017 rati
2146 2975 2275 3018 sunt
2331 2967 2609 3032 lsraelitae,
2667 2973 2721 3027 in
2802 2983 2909 3030 tam
2953 2980 3208 3047 grandem
3261 2998 3550 3040 numerum

1979 3053 2305 3121 excrevisse,
2330 3065 2388 3110 ut
2445 3053 2625 3115 habita
2685 3067 3095 3134 generatiOnum
3143 3072 3373 3142 ratione,
3411 3091 3556 3132 nono

1907 3130 1948 3188 C
1984 3151 2078 3196 aut
2136 3143 2349 3202 decimo
2373 3152 2549 3206 aetatis
2579 3169 2725 3210 anno
2754 3161 3010 3227 genuisse
3031 3177 3127 3216 eos
3160 3163 3360 3220 liberos
3388 3183 3552 3237 opor-

1982 3235 2145 3288 tuerit
2190 3253 2204 3290 :
2250 3254 2371 3307 quae
2412 3248 2630 3297 rorsum
2695 3261 2818 3302 cum
2881 3252 3003 3306 aliis
3048 3253 3218 3309 Exodi
3253 3268 3307 3312 et
3353 3235 3555 3318 Nume-

1981 3339 2166 3380 rorum
2202 3330 2534 3390 testimoniis
2567 3351 2845 3406 nequeunt
2879 3347 3201 3403 consistere.

2049 3413 2166 3474 Col.
2209 3421 2336 3476 279.
2364 3418 2847 3494 Mispharmutosis.
2887 3434 2963 3488 Ex
3002 3436 3103 3492 hoc
3152 3437 3269 3495 loco
3312 3452 3550 3500 veterem

1977 3510 2153 3565 dicam
2202 3524 2390 3567 contra
2430 3515 2729 3573 Eusebium
2775 3523 3044 3580 instaurat
3075 3532 3547 3610 Syneellns,quod

1974 3600 2044 3655 ab
2091 3597 2274 3656 Amasi
2312 3606 2489 3673 primo
2549 3611 2713 3678 hujus
2752 3615 2978 3670 decima:
3035 3597 3240 3676 octavae
3282 3597 3551 3700 dyon-sitiat:

1976 3707 2122 3763 rege,
2147 3693 2215 3747 ad
2240 3694 2813 3767 Misphragmuthosim
2847 3719 2977 3763 ann.
3013 3709 3074 3762 'll
3112 3693 3368 3780 supputet
3392 3693 3546 3786 reges

1975 3787 2234 3854 quinque,
2268 3789 2390 3841 ἀντὶ
2438 3792 2547 3843 τῶν
2595 3793 2676 3858 ἓξ,
2709 3793 2800 3847 τὸν
2828 3795 2936 3867 γὰρ
2973 3800 3232 3872 τέταρτον
3278 3785 3548 3876 Ἀμένάην

1975 3877 2374 3947 παραδραμὼν,
2411 3881 2469 3935 ὃν
2503 3884 2855 3954 Ἀφρικανὸς,
2885 3891 2962 3955 ὡς
3015 3895 3110 3947 καὶ
3137 3895 3188 3947 oi
3214 3889 3418 3970 λοιποί,
3447 3903 3543 3967 μέο

1974 3982 2195 4037 μνηται,
2230 3969 2324 4040 ἐτη
2360 3973 2444 4043 κβ⁹
2468 3976 2633 4029 αὑτοῦ
2663 3979 2994 4036 ἐκολόϐωσεν
3027 4003 3042 4043 :
3076 3977 3193 4040 cum
3229 4004 3322 4043 sex
3371 3999 3545 4044 essent

1971 4063 2297 4131 recensendi,
2357 4075 2608 4138 quartum
2659 4073 2800 4127 enim
2847 4074 3148 4143 Amensem,
3211 4096 3367 4150 quem
3423 4098 3542 4135 cum

1968 4148 2222 4220 Africano
2259 4171 2548 4214 memorant
2578 4162 2693 4227 alii,
2717 4164 2934 4238 ejusque
2974 4186 3104 4226 ann.
3147 4148 3544 4242 Sivprwtermi-

1963 4247 2068 4306 sita
2132 4245 2501 4316 Consequitur
2571 4251 2818 4326 Scaliger
2886 4261 3167 4328 clamans,
3236 4267 3538 4337 dynastiam

1969 4335 2110 4398 hanc
2160 4340 2398 4424 pessimo
2451 4345 2725 4414 exemplo,
2791 4363 2970 4418 neque
3003 4335 3284 4425 religiosis
3308 4359 3538 4428 scripto-

275 4439 374 4478 sats
421 4434 499 4478 est
558 4427 727 4481 omnis
780 4435 1041 4482 exercitus
1096 4429 1311 4484 Domini
1356 4433 1419 4484 de
1440 4442 1582 4486 terra
1612 4431 1853 4504 Egypti.

1976 4425 2119 4482 ribus
2173 4417 2436 4486 imitando
2490 4433 2852 4492 deformatam
2884 4417 2964 4495 fab
2995 4417 3253 4511 Eusebio,
3304 4454 3365 4501 ut
3417 4417 3537 4504 eam

278 4511 578 4570 Enimvero
611 4515 728 4572 haec
781 4519 931 4589 regio
974 4519 1137 4590 plane
1161 4520 1270 4574 alia
1301 4529 1386 4577 est
1432 4522 1500 4577 ab
1553 4522 1852 4579 Chanaan:

278 4605 382 4684 ἢ]ἰί
425 4617 612 4662 autem
646 4607 836 4671 Israel,
870 4610 976 4666 dici
1022 4611 1388 4679 Abrahamus,
1417 4613 1657 4682 lsaaeus,
1691 4625 1858 4687 atque

274 4696 398 4764 ipse
441 4693 678 4751 Iacobus
735 4698 875 4754 haud
935 4710 1188 4769 possunt.
1239 4701 1485 4774 Denique
1549 4715 1606 4762 et
1648 4705 1853 4762 laudati

274 4787 419 4841 alias
463 4786 778 4858 Stephanus
801 4793 985 4847 Actor.
1021 4807 1121 4857 vn,
1157 4793 1212 4859 6,
1246 4801 1301 4850 et
1333 4793 1536 4852 Paulus
1559 4796 1626 4852 ad
1691 4797 1854 4854 Gala-

275 4886 365 4932 tas
398 4880 592 4944 nt,i7,
619 4882 854 4949 spatium
903 4883 1007 4938 hoc
1053 4895 1291 4942 notant:
1332 4887 1599 4957 siquidem
1657 4903 1766 4945 non
1822 4905 1854 4945 a

273 4965 750 5038 nepromissione,
795 4988 916 5044 quae
951 4975 1184 5041 primum
1223 4977 1534 5034 Abrahamo
1556 4978 1700 5035 facta
1749 4991 1855 5048 est,

272 5059 374 5114 sed
411 5060 480 5115 ab
500 5062 743 5131 ejusdem
766 5066 1199 5132 conﬁrmatione,
1225 5084 1347 5138 quae
1375 5067 1516 5125 facta
1539 5081 1624 5126 est
1653 5069 1856 5128 Iacobo

272 5150 330 5205 in
359 5150 651 5224 Egyptum
687 5156 1064 5227 descendenti,
1101 5171 1156 5215 ut
1203 5159 1434 5219 Genesis
1475 5179 1563 5218 xu
1597 5165 1850 5230 refertur,

270 5255 342 5296 ex
391 5241 689 5313 Scriptura:
719 5261 972 5305 sermone
994 5260 1308 5320 supputant.
1334 5253 1514 5322 Atque
1539 5257 1854 5320 expressius

272 5333 495 5404 quidem
544 5336 767 5404 Paulus,
807 5342 1218 5410 Testamentum,
1249 5345 1447 5414 inquit,
1482 5347 1854 5415 conﬁrmatum

272 5445 310 5480 a
347 5430 479 5495 Deo,
502 5448 619 5502 qua:
648 5449 766 5504 post
791 5437 1202 5509 quadringentos
1243 5441 1461 5512 triginta
1507 5456 1673 5497 annos
1709 5444 1856 5512 facta

273 5531 357 5574 est
395 5524 502 5588 (ex,
535 5541 640 5580 non
662 5528 927 5597 infirmat,
952 5543 1062 5588 ete.
1119 5531 1296 5587 Unuut
1347 5545 1434 5589 est
1483 5549 1583 5603 pro
1639 5535 1856 5590 Eusebii

272 5615 544 5672 sententia
591 5628 992 5686 argumentum,
1050 5622 1207 5690 cujus
1268 5624 1458 5680 saltem
1533 5625 1846 5682 meminisse

278 5700 526 5773 Scaliger
571 5699 870 5765 debuisset.
900 5707 1257 5772 Caathﬂui
1290 5725 1414 5774 ante
1466 5716 1848 5788 migrationem

599 5804 876 5869 Persem.
936 5807 1198 5871 XXVII.

1961 4515 2238 4587 Manetho,
2263 4522 2308 4575 si
2347 4525 2654 4592 reviviscat,
2692 4541 2800 4582 non
2835 4531 3006 4599 possit
3049 4549 3366 4603 agnoscere.
3405 4540 3538 4614 Ego,

1961 4610 2007 4665 si
2049 4612 2174 4668 aliis
2203 4623 2354 4669 caret
2380 4613 2701 4686 bypothesis
2733 4618 2970 4692 Syneelli
3000 4624 3169 4690 vitiis,
3201 4642 3311 4682 non
3333 4611 3535 4697 abnuo,

1959 4703 2116 4770 quin,
2142 4703 2300 4774 jusso
2329 4707 2512 4763 valere
2549 4709 2811 4777 Eusebio,
2847 4729 2973 4770 eum
3007 4731 3304 4786 sequamur
3333 4737 3347 4774 :
3380 4733 3456 4788 at,
3486 4728 3532 4780 si

1961 4804 2151 4862 peccat
2179 4797 2420 4853 vicissim
2465 4800 2555 4856 ille
2579 4802 2683 4857 alia
2712 4818 2778 4858 ex
2809 4817 2980 4874 parte,
3005 4822 3092 4876 ac,
3123 4813 3265 4880 quod
3291 4811 3534 4886 Scaliger

1957 4888 2179 4957 quoque
2209 4899 2382 4954 natat,
2405 4891 2604 4949 falsum
2640 4897 2846 4968 colligit
2874 4899 3233 4970 in‘hujusmet
3266 4906 3531 4978 dynastis:

1958 4993 2225 5046 annorum
2249 4982 2685 5042 dinumeratione
2725 5006 2738 5042 :
2771 4990 2816 5044 si
2845 4993 2973 5047 dum
3019 4995 3309 5054 Amensem
3351 5001 3525 5066 illum,

1958 5080 2055 5150 aut
2099 5075 2279 5141 potius
2335 5078 2617 5138 Amessam
2655 5082 2933 5147 feminam.
2962 5096 3192 5142 conatur
3235 5090 3528 5156 vindicare,

1959 5165 2026 5220 ab
2051 5167 2168 5236 ipso
2234 5179 2432 5232 vetere.
2483 5173 2627 5238 quod
2685 5175 2888 5239 laudat,
2921 5177 3197 5234 Chronico
3253 5182 3527 5246 dissentit,

1959 5273 2062 5312 nec
2092 5274 2200 5314 uno
2246 5262 2465 5330 quidem
2501 5274 2593 5319 aut
2625 5265 2794 5321 altero
2833 5284 2998 5336 anno,
3030 5272 3123 5327 sed
3176 5274 3352 5328 solido
3379 5276 3529 5346 regni

1959 5350 2080 5421 ejus
2123 5353 2392 5424 dimidio;
2422 5372 2522 5412 nec
2580 5371 2745 5428 porro
2802 5364 2940 5419 satis
2976 5364 3110 5421 bene
3141 5380 3263 5419 cum
3296 5365 3532 5435 Josepbo
3631 5355 3634 5358 ’

1960 5457 2278 5501 consonat:
2348 5449 2582 5520 denique
2639 5455 2684 5507 si
2757 5462 2906 5509 tanta
2961 5465 3043 5511 est
3106 5457 3227 5525 eius
3287 5457 3531 5514 historia:

1959 5538 2288 5606 obscuritas,
2342 5555 2404 5596 ac
2459 5552 2707 5600 veterum
2761 5545 3063 5614 ﬂuctuatio,
3122 5559 3175 5604 et
3233 5566 3431 5620 pugna,
3476 5562 3534 5604 ut

1959 5631 2094 5684 certi
2154 5632 2292 5686 nihil
2333 5635 2530 5690 excudi
2576 5639 2766 5706 possit,
2827 5655 2933 5694 non
2978 5648 3064 5696 est
3098 5655 3230 5696 sane
3290 5656 3388 5696 cur
3422 5641 3532 5696 Eu-

1963 5720 2248 5778 sebianam
2297 5728 2519 5796 seriem,
2586 5745 2710 5799 quae
2763 5730 2978 5796 saltem,
3040 5741 3098 5786 ut
3161 5733 3422 5800 diximus,
3463 5735 3530 5789 ad

3134 5824 3209 5883 24
