3908 6174
486 295 589 362 751

1747 289 2162 352 VALLARSII
2201 292 2251 354 Ν
2257 291 2439 356 ΟἸἘ.

3559 305 3646 362 'le

491 409 924 482 aiupliﬂeandas,
969 409 1025 464 lu
1054 405 1199 478 quod
1241 404 1382 461 alios
1412 418 1626 476 quoque
1657 405 2048 474 antiquiorum
2083 407 2134 466 Δ
2160 417 2215 464 et
2236 408 2574 473 ultra,aunis
2595 409 2778 477 iunior
2795 422 2914 463 esse
2948 409 3179 468 videtur.
3207 424 3401 472 navem,
3421 426 3519 479 qua:
3541 415 3647 485 Argo

491 517 798 575 temporum
905 502 1098 556 heroas
1173 498 1474 554 contulisse
1545 505 1891 568 compertum
1959 505 2068 553 est.

493 597 654 651 Plura
687 596 739 648 in
780 591 921 648 hanc
945 607 1060 646 rem
1077 589 1281 646 videsis
1309 605 1339 643 a
1371 586 1666 644 Perisonio
1687 589 2072 644 eruditissime

492 688 767 755 disputata
793 698 807 736 :
832 681 920 735 cui
948 679 1166 734 demum
1205 679 1294 734 ille
1323 677 1572 732 Memnon
1596 678 1808 732 videtur
1833 691 1957 732 esse
1976 685 2072 732 aut

411 835 425 854 ,
493 774 848 842 AmenOphis,
911 770 1136 826 ultimus
1196 769 1460 840 dynastiae
1485 783 1616 824 mn
1672 783 1792 834 rex,
1815 777 2071 824 autcerte

491 864 953 926 Amenemmis,iu
988 862 1177 931 regibu
1200 861 1488 930 sdynastiaa
1521 875 1636 923 tm,
1672 860 1724 914 in
1758 857 1902 927 quod
1931 868 2070 914 tem-

492 974 593 1026 pus
625 969 959 1010 concurrere
989 955 1187 1008 bellum
1225 952 1522 1022 Trojanum
1547 950 1699 1005 facit.

566 1050 701 1105 ibid.
761 1047 894 1113 Qua:
958 1048 1084 1100 hinc
1136 1045 1552 1113 subsequuntur
1597 1044 1828 1112 reliqua,
1882 1043 2074 1113 quippe

495 1141 646 1210 cujus
667 1148 870 1205 statua,
896 1147 1034 1200 etc.,
1063 1135 1304 1202 Scaliger
1325 1127 1654 1204 repudiavit,
1677 1149 1785 1188 non
1803 1134 1922 1188 sine
1946 1135 2074 1185 ἀλα.

495 1231 702 1300 ζονείᾳ.
735 1231 788 1280 lu
827 1227 1081 1290 excusis,
1115 1226 1392 1294 inquit-ns,
1425 1224 1794 1293 sequebantur
1827 1222 2073 1292 quaedam

497 1321 804 1390 nugatoria,
833 1332 954 1388 qua:
988 1332 1018 1371 a
1061 1317 1238 1379 nobis,
1271 1328 1329 1370 ut
1379 1316 1506 1379 alia,
1539 1315 1667 1390 illuc
1717 1314 1861 1367 unde
1909 1327 2073 1368 vene-

498 1411 1066 1481 runt,irejussimus.
1107 1409 1177 1464 At
1239 1424 1366 1464 vero
1416 1387 1725 1476 quanquam
1776 1405 1864 1459 illa
1913 1415 1966 1459 et
2019 1405 2075 1457 in

497 1505 783 1559 Parmensi
818 1512 1026 1566 nostro,
1066 1510 1120 1555 et
1155 1500 1210 1554 in
1254 1499 1468 1556 duobus
1508 1497 1794 1563 Palatinis,
1845 1496 2077 1565 aliisque

497 1597 774 1655 nonnullis
802 1595 946 1666 apud
985 1595 1286 1650 Pontacum
1343 1606 1476 1647 mss.
1511 1591 1897 1646 desiderentur
1919 1627 1934 1652 ,
1968 1589 2074 1642 mi-

499 1692 649 1744 nime
671 1686 956 1756 nugatoria
990 1701 1134 1752 esse,
1175 1684 1405 1740 aliorum
1434 1683 1687 1737 codicum
1729 1696 1837 1735 non
1874 1679 2073 1748 exiguo

2173 511 2362 557 vocata
2410 511 2518 565 est,
2574 501 2865 556 exstruxit.
2900 501 3115 556 Scholia
3156 500 3412 569 Apollonii
3441 504 3494 557 ad
3522 504 3650 560 limen

2174 592 2296 649 libri
2347 593 2534 662 primi,
2584 591 2646 646 Ὀ
2706 591 2807 662 μιν
2891 590 3259 655 Ἀπολῖώνιος,
3315 592 3488 659 inquit,
3537 597 3652 650 καλεῖ

2172 683 2275 753 τὴν
2317 682 2500 752 ’Δργῶ
2531 684 2641 738 ἀπὸ
2677 684 2890 752 Ἄργου
2933 680 3034 734 τοῦ
3074 682 3562 748 κατασκευάσωτοῦ
3582 687 3654 737 οι-

2173 768 2410 842 ρεκύδης
2453 771 2513 826 δὲ
2559 773 2670 827 ἀπὸ
2706 772 2918 839 ’Ἄργου
2967 769 3063 825 τοῦ
3113 769 3301 840 Φρίξου
3329 770 3457 826 υιοῦ.
3490 772 3657 844 Ταύτην

2173 864 2230 918 δέ
2261 878 2398 931 φασι
2428 861 2658 933 πρώτην
2678 862 2813 916 ναῦν
2839 861 3096 930 γενέσθαι
3121 860 3348 932 μακράν.

2243 954 2362 1013 Col.
2398 957 2526 1034 283.
2557 955 2622 1009 In
2689 954 2962 1010 Thessalia
3015 955 3216 1024 primus
3270 952 3487 1008 Hamae.
3521 953 3660 1008 Codex

2176 1048 2491 1105 Parmensis
2531 1047 2848 1118 periocbam
2909 1047 3084 1113 illam,
3151 1045 3350 1099 Primus
3398 1046 3592 1114 regnarit
3623 1047 3662 1096 in

2182 1141 2460 1196 Thessalia
2484 1140 2724 1200 Hremon,
2750 1140 2837 1193 hic
2870 1139 2972 1192 loci
2994 1152 3220 1190 numero
3243 1136 3575 1204 Sir-youiorum
3594 1135 3660 1194 ΛΞ,

2177 1233 2436 1292 annectit,
2487 1245 2647 1300 quam
2701 1229 2969 1293 Scaliger,
3010 1227 3212 1294 aliique
3243 1225 3364 1279 libri
3403 1236 3510 1293 post
3539 1224 3662 1285 duos,

2179 1321 2457 1378 Pontacus
2486 1327 2608 1388 post
2635 1326 2866 1388 quatuor
2881 1316 3064 1370 adhuc
3084 1329 3252 1368 annos
3271 1314 3456 1367 dill'ert.
3471 1313 3665 1367 Dicemus

2179 1427 2343 1484 porro
2371 1411 2475 1465 hac
2499 1410 2568 1464 de
2595 1409 2822 1464 historia
2855 1423 2980 1462 mox
3013 1405 3084 1460 ad
3111 1421 3234 1463 eum
3254 1404 3458 1467 locum;
3495 1405 3665 1457 uteniu

2178 1501 2372 1561 caetera
2403 1502 2540 1557 bene
2584 1501 2810 1556 haberet
2854 1500 3167 1554 Parmensis
3199 1499 3349 1561 liber,
3391 1498 3439 1551 in
3478 1510 3534 1550 eo
3559 1507 3667 1550 certe

2179 1601 2394 1663 peccat,
2429 1591 2577 1662 quod
2605 1590 2992 1660 Sicyoniorum
3023 1588 3137 1654 lilo,
3165 1602 3261 1658 pro
3287 1585 3590 1657 Argivorum,
3607 1598 3669 1652 ap-

2180 1684 2356 1755 ponit.

498 1791 730 1832 numero
763 1787 1118 1843 veterumque
1152 1771 1477 1829 editionum.
1535 1779 1585 1824 et
1619 1767 1939 1838 cumprimis
1984 1764 2075 1820 Si-
2111 1759 2154 1814 Β
2254 1775 2392 1831 Ibid,
2428 1773 2568 1829 0,.m
2602 1775 2757 1829 αηηί,
2799 1774 2893 1829 57.
2927 1777 3008 1828 ua
3048 1781 3104 1828 ει
3145 1772 3454 1836 “manus;
3492 1770 3673 1840 satis"

501 1869 777 1924 r-bardiuaa
827 1869 1124 1921 auctoritas
1178 1863 1394 1934 probat.
1445 1861 1560 1916 Nec
1594 1875 1726 1914 sane
1775 1857 1928 1924 facti,
1974 1871 2070 1912 seu

502 1959 702 2014 fabulae
731 1957 1102 2012 narrationem
1132 1952 1439 2023 repudiavit
1473 1950 1716 2020 Scaliger
1755 1949 1900 2020 apud
1926 1948 2072 2001 Pau-

505 2053 736 2116 saniam,
770 2050 862 2118 qui
896 2058 1020 2118 post
1050 2047 1227 2101 adhuc
1254 2044 1461 2101 Christi
1507 2043 1799 2098 adventum
1831 2039 2075 2109 scripsit,

504 2153 670 2212 atque
697 2141 750 2196 id
803 2150 984 2194 tamen
1019 2137 1196 2207 ipsum
1243 2137 1300 2190 in
1338 2133 1534 2189 Atticis
1582 2127 1705 2190 loco
1749 2131 1988 2188 laudato.
2018 2143 2078 2182 se

504 2239 735 2309 sitcum
771 2219 1132 2286 admiratione
1162 2235 1440 2297 spectasse
1494 2225 1549 2279 in
1591 2239 1654 2279 ea
1699 2231 1903 2287 statua,
1933 2235 2076 2290 quae,

504 2329 705 2400 inquit,
757 2323 860 2378 ἀνᾶ
895 2323 1078 2376 πᾶσαν
1115 2319 1336 2390 ἡμέραν
1393 2316 1712 2386 ἀνίσχοντος
1752 2314 1906 2383 ἡλίου
1957 2313 2078 2383 βοᾷ,

503 2418 758 2492 quotidie,
786 2417 982 2468 oriente
1013 2410 1143 2476 sole,
1177 2426 1364 2465 sonum
1391 2409 1519 2463 edit.

577 2513 694 2568 Col.
743 2509 871 2564 281.
955 2507 1175 2562 Amram
1203 2503 1383 2575 genuit
1430 2502 1668 2570 Moysen.
1745 2497 1875 2552 Plus
1924 2493 2087 2551 habet

508 2604 770 2671 Scaligcri
798 2600 987 2664 editio,
1019 2597 1199 2651 minus
1225 2609 1405 2648 autem
1431 2605 1556 2646 vere
1579 2607 1593 2647 :
1619 2590 1726 2644 Hoc
1759 2605 1895 2664 anno
1930 2597 2084 2639 natus

511 2698 750 2766 Moyses.
788 2696 1007 2745 Antram
1061 2690 1238 2758 genuit
1298 2687 1537 2757 Moysen,
1590 2695 1695 2738 etc.
1736 2681 1870 2736 Tum
1915 2681 2085 2733 multa

509 2799 704 2841 contra
733 2782 953 2838 Judaeos
988 2779 1324 2834 recentiores
1342 2774 1611 2836 edisserit,
1649 2787 1784 2842 quos
1821 2770 2085 2834 ostendit,

508 2881 564 2935 in
611 2893 753 2930 anno
798 2874 960 2928 natali
1013 2872 1212 2941 bloysis
1266 2884 1360 2936 per
1393 2865 1915 2922 metachronismum
1947 2861 2081 2916 deli-

509 2986 636 3025 cere
690 2984 719 3022 a
757 2981 884 3022 vero
920 2966 1080 3019 anuis
1123 2963 1246 3017 184.
1287 2961 1394 3016 Sed
1426 2969 1482 3014 et
1530 2957 1788 3020 Eusebio,
1825 2956 1952 3009 hinc
1992 2956 2089 3009 de-

514 3077 623 3124 nuo
663 3068 881 3129 arrepta
934 3056 1249 3119 occasione,
1286 3052 1447 3106 toties
1489 3059 1675 3118 totque
1717 3046 1850 3100 locis
1890 3059 2087 3113 exproo

2179 1882 2247 1922 eo
2271 1867 2452 1922 minus
2490 1866 2543 1921 in
2575 1864 2778 1920 Graecis
2815 1864 3178 1922 Collectaneis
3213 1862 3314 1930 λα’,
3362 1863 3456 1928 3i;
3497 1862 3671 1930 denique

2185 1959 2507 2015 Perizonius
2539 1959 2593 2012 in
2626 1958 2914 2015 laterculo.
2956 1957 3048 2012 36.

2253 2051 2389 2106 Ibid.
2442 2049 2842 2105 Prometheum.
2881 2049 3097 2103 Laudat
3125 2048 3179 2104 in
3211 2047 3404 2104 Graecis
3433 2046 3530 2100 haec
3549 2044 3675 2099 Scali-

2185 2161 2280 2214 ger
2304 2163 2321 2201 :
2360 2144 2418 2198 '0
2451 2142 2800 2214 Προμηθεὺς,
2829 2144 2924 2196 καὶ
2962 2143 3318 2211 Ἐπιμηθεὺς,
3340 2139 3519 2199 ’Δτλας
3540 2152 3586 2188 τι
3615 2137 3678 2187 καὶ

2185 2234 2214 2285 ὁ
2239 2232 2522 2301 πανόπτης
2563 2232 2768 2304 Ἀργος
2791 2231 3178 2300 ὶγνωρίζοντο.
3197 2231 3400 2286 Goarus
3417 2231 3464 2283 in
3491 2229 3576 2291 his,
3597 2240 3678 2296 qu

2191 2338 2292 2378 nos
2337 2339 2402 2377 ex
2442 2323 2696 2392 Syncello
2746 2322 3101 2384 adducimus,
3151 2333 3424 2388 perperam
3484 2312 3676 2382 Ἦμῐθεσς

2190 2422 2451 2481 tanquam
2516 2412 2795 2480 proprium
2823 2425 3022 2464 nomen
3077 2409 3271 2464 scribit
3311 2417 3461 2476 atque
3481 2407 3680 2471 interpre-

2191 2510 2360 2556 tatur.
2396 2498 2591 2554 Latine
2615 2509 2797 2553 autem
2843 2497 3098 2552 nonnulli
3127 2497 3354 2553 Palatini
3383 2509 3504 2549 mss.
3525 2493 3679 2562 legunt.

2193 2588 2424 2654 Quidam
2444 2589 2703 2649 scribunt,
2748 2586 3147 2648 Prometheum.
3191 2583 3500 2640 Hemithequ
3531 2592 3572 2635 et
3593 2578 3683 2647 Epi-

2193 2681 2474 2748 metheum,
2529 2680 2754 2750 perinde
2851 2689 3013 2747 atque
3065 2679 3296 2749 ἡμίθεος
3336 2675 3508 2730 luisset
3549 2671 3684 2727 Grece

2194 2774 2491 2842 scriptum,
2553 2784 2610 2826 et
2681 2771 3039 2826 Prometheus
3121 2771 3389 2826 semideus
3456 2766 3681 2820 diceretur.

2195 2865 2519 2934 Suspicatur
2563 2864 2698 2920 adeo
2748 2862 3248 2918 Schutzﬂeiscbius
3297 2863 3349 2914 in
3402 2859 3527 2913 notis
3557 2862 3686 2924 poste-

2194 2956 2454 3020 rioribus,
2515 2957 2880 3027 legendumue
2938 2956 3026 3009 hic
3077 2955 3178 3018 sit,
3239 2952 3458 3018 Quidam
3492 2948 3685 3006 scribunt,

2199 3047 2588 3110 Prometheum,
2615 3047 2945 3110 Meuaniam,
2974 3057 3021 3101 et
3052 3045 3431 3116 Epimetheum,
3451 3050 3570 3096 etc.:
3596 3050 3684 3090 natu

516 3156 730 3210 liratum
761 3150 1074 3221 quindecim
1099 3160 1366 3201 annorum
1393 3139 1880 3198 anachrouismum
1917 3136 2088 3205 culpae
2116 3109 2157 3166 θ
2191 3137 2508 3192 Memmium
2541 3136 2739 3193 docent
2769 3109 3150 3208 ιιιγι-ιιοετςψίιὶ
3193 3135 3403 3189 tertium
3438 3131 3576 3184 luisse
3595 3124 3690 3179 Pro-

513 3248 642 3302 dat:
678 3259 705 3298 a
736 3258 842 3313 qua
872 3255 971 3294 nos
1001 3240 1152 3293 illum
1182 3250 1288 3290 non
1316 3231 1487 3289 semei
1509 3230 1645 3284 alias
1672 3225 2087 3282 vindicavimos.

515 3335 727 3406 Moyses
775 3332 935 3386 annis
995 3327 1278 3398 octoginta
1335 3333 1462 3378 ante
1513 3322 1821 3376 discessum
1875 3316 2088 3371 lsraeli-

517 3403 692 3485 tarum
719 3443 784 3483 ex
813 3425 1068 3497 Egypto,
1092 3431 1267 3478 natus
1297 3403 1383 3474 est
1409 3436 1423 3473 :
1473 3425 1638 3486 atque
1668 3413 1809 3468 hanc
1846 3412 2088 3482 regulam

516 3521 854 3590 seriemque}
895 3514 1156 3585 temporis
1186 3521 1394 3576 noster,
1445 3516 1504 3564 ut
1535 3522 1600 3562 ex
1623 3503 1982 3571 recensendis
2010 3500 2096 3554 in-

523 3611 607 3668 tra
659 3608 956 3673 constabit,
1007 3619 1140 3662 sane
1172 3616 1439 3674 perquam
1473 3606 1668 3655 exacte
1700 3604 1901 3653 servat.
1923 3592 2096 3648 Caste-

516 3718 640 3757 rum
669 3716 769 3771 pro
816 3699 886 3754 70
919 3696 1161 3750 Amrami
1197 3694 1380 3756 annis,
1433 3688 1608 3746 Graeci
1655 3687 1982 3757 scriptores,
2025 3697 2096 3737 ne

515 3794 694 3867 ipsius
724 3791 946 3862 quidem
984 3785 1245 3842 Cbronici
1279 3781 1582 3845 Paschalis,
1609 3777 1757 3849 quod
1785 3777 2093 3839 laudamus,

515 3865 741 3939 auctore
791 3885 1059 3948 excepto.
1119 3881 1417 3946 supputant
1493 3867 1847 3938 septuaginta
1927 3865 2094 3921 duos.

516 3973 823 4046 Exaggerat
885 3967 1194 4022 Demetrius
1248 3962 1548 4018 historicus
1605 3961 1746 4028 apud
1796 3958 2096 4028 ipsummet

519 4067 818 4124 Eusebium
849 4061 1106 4131 Praepar.
1145 4054 1457 4128 Euangelic.
1489 4054 1584 4108 lib.
1615 4067 1694 4116 ix,
1727 4064 1849 4121 cap.
1880 4048 1974 4115 2i,
2007 4047 2098 4102 ubi

522 4161 621 4228 ait,
657 4157 1000 4216 Amramum,
1025 4165 1145 4205 cum
1179 4163 1354 4203 annos
1383 4154 1570 4216 ageret
1611 4143 1708 4209 78,
1739 4140 1979 4212 Moysem
2010 4154 2101 4210 ge-

520 4263 767 4311 iturosse,
835 4246 1102 4318 γεννῆσαι
1182 4239 1395 4310 Μωσῆν
1461 4236 1555 4291 τὸν
1636 4230 1902 4305 ’Δμδράμ
1968 4229 2100 4284 ὅντα

519 4343 662 4398 ιτῶν
687 4355 774 4408 οη.

2195 3231 2393 3285 nietbei
2427 3229 2673 3284 fratrem.
2697 3227 2898 3282 Verum
2945 3227 3081 3282 ntbil
3114 3228 3184 3282 de
3205 3223 3446 3280 Memmio
3465 3217 3686 3274 Eusebium

2195 3319 2534 3386 meminisse,
2562 3335 2630 3376 ex
2665 3334 2886 3383 eorum,
2943 3334 2973 3372 a
3031 3318 3239 3387 quibus
3281 3315 3544 3382 acceperit,
3589 3307 3688 3360 scri-

2193 3428 2412 3484 ptorum
2463 3412 2794 3468 testimoniis
2817 3411 3020 3479 liquet:
3048 3419 3184 3480 puta
3239 3423 3304 3463 ex
3326 3405 3548 3466 Taliane,
3571 3410 3687 3468 quem

2195 3505 2344 3572 visus
2389 3512 2476 3559 est
2518 3502 2797 3571 Scaligero
2843 3502 2910 3556 ad
2961 3502 3192 3556 verbum
3234 3495 3564 3565 descripsisse
3608 3500 3686 3544 :et

2195 3595 2474 3654 Clemente
2524 3592 2943 3660 Alexandrino,‘;
2964 3606 3030 3647 ac
3065 3591 3290 3646 demum
3321 3586 3554 3642 Africano
3584 3575 3686 3645 apud

2197 3687 2527 3757 Syncetlum,
2565 3686 2658 3756 qui
2693 3699 2762 3739 ne
2808 3684 2915 3755 γρὺ
2971 3683 3200 3753 quidem
3246 3682 3314 3736 de
3343 3667 3690 3733 HenmtimCt-

2199 3786 2375 3833 terum
2417 3776 2540 3832 vide
2569 3791 2692 3848 qua:
2731 3775 2988 3846 superius
3021 3775 3092 3828 de
3137 3770 3456 3828 Prometheo
3489 3763 3689 3819 diximus.

2199 3868 2471 3940 Hyginum
2526 3869 2578 3924 in
2637 3867 2982 3940 praal'atione,
3036 3874 3173 3932 etc.,
3218 3863 3355 3929 N2;
3407 3857 3620 3915 Proclutu
3653 3849 3690 3901 in

2199 3959 2518 4028 Hesiodum,
2545 3967 2601 4016 et
2623 3957 2874 4015 Tzetzem
2911 3960 2968 4016 in
2996 3957 3433 4030 Lycophronem.

2267 4049 2405 4106 ibid.
2457 4049 2543 4116 Io,
2579 4050 2749 4120 filiam
2779 4049 3104 4105 Promethei.
3129 4048 3468 4106 Ostendimus
3491 4056 3626 4115 supra
3644 4039 3688 4093 :ul

2200 4155 2353 4198 num.
2387 4142 2510 4208 l60,
2540 4145 2704 4213 atque
2732 4142 2885 4208 alibi,
2933 4152 3148 4198 veteres
3178 4141 3377 4212 passim
3403 4139 3524 4195 duas
3546 4146 3694 4203 cogno-

2201 4237 2377 4292 mines
2421 4207 2631 4300 lones;
2651 4207 2880 4290 alteram
2927 4231 3142 4300 Inachi,
3176 4207 3397 4290 alteram
3427 4230 3548 4296 issi,
3575 4227 3693 4280 tiliam
3808 4207 3809 4240 ἶ

2201 4328 2538 4384 conludisse.
2573 4326 2683 4382 Sed
2717 4335 2774 4382 et
2812 4328 2971 4382 tertia
3002 4334 3341 4383 memoratur
3360 4323 3415 4379 io
3433 4319 3593 4377 Cadmi
3614 4314 3693 4370 alia
3808 4339 3809 4368 1

594 4433 718 4490 Col.
757 4429 883 4485 285.
926 4426 1261 4496 Epidaurus.
1285 4420 1421 4476 Tres
1453 4419 1698 4513 Scaliger
1735 4415 2096 4513 cognomines
2131 4457 2176 4513 ο
2204 4418 2259 4473 in
2303 4417 2672 4488 Etymologico
2711 4421 2780 4472 ad
2830 4431 3020 4472 vocem
3060 4417 3377 4487 Βόσποροςε
3419 4409 3620 4479 denique
3657 4415 3695 4458 et

522 4526 827 4598 Epidauros
846 4523 937 4577 hic
953 4525 1242 4581 memorat,
1265 4528 1390 4569 cum
1409 4509 1785 4582 nihilldubium
1808 4510 1879 4564 sit
1893 4516 2097 4573 tamen,

519 4616 822 4674 Eusebium
850 4613 918 4668 de
947 4623 1058 4666 una
1088 4605 1356 4678 Argolide
1385 4603 1557 4675 loqui.
1596 4598 2098 4658 Schurzlleiscbius

503 4707 644 4766 .ait:
691 4703 997 4774 Epidaurus
1027 4698 1254 4756 condita
1282 4697 1454 4751 fuisse
1487 4694 1701 4748 videtur
1731 4706 1844 4747 non
1887 4701 1996 4746 tam
2032 4689 2100 4744 ab

523 4798 804 4871 Epidauro
856 4794 1064 4863 aliquo,
1129 4789 1284 4861 Argi,
1320 4786 1466 4856 regis
1533 4784 1853 4854 Argivorum
1894 4779 2099 4850 quarti,

530 4893 668 4955 lilio,
715 4903 878 4960 quam
922 4888 989 4940 ab
1027 4885 1221 4946 altero,
1255 4881 1404 4950 Argi,
1437 4875 1528 4931 τοῦ
1560 4873 1836 4928 πανόπτου
1863 4871 1956 4924 καὶ
1996 4887 2100 4940 μου

531 4981 878 5055 ριοφθὰ>.μου
921 4984 1071 5040 nato,
1105 4973 1198 5043 qui
1230 4986 1376 5026 anno
1403 4967 1700 5024 Abraltanti
1741 4965 1838 5021 451
1879 4964 2099 5023 vixisse,

533 5053 661 5129 mox
716 5075 956 5127 dicetur.
1022 5065 1323 5121 Pausanias
1378 5071 1556 5116 tamen
1616 5056 1952 5129 Ἀργοντὸν
1978 5053 2102 5116 Διὸς

531 5162 883 5234 -Ἒπιδαύρου
917 5159 1132 5229 πατέρα
1180 5156 1333 5219 facit,
1382 5153 1472 5224 qui
1501 5163 1617 5208 erat
1652 5151 1786 5220 Apis
1831 5148 2018 5212 frater,
2052 5156 2104 5198 et

448 5309 452 5313 ι
532 5257 804 5317 Pborouei
837 5270 903 5308 ex
933 5251 1107 5307 Niobe
1136 5261 1190 5305 et
1242 5248 1375 5304 Jove
1427 5262 1616 5316 nepos.
1655 5245 1898 5297 Alterum
1950 5239 2100 5293 illum

536 5357 740 5422 Argum
789 5342 1340 5413 ὲκατονταόφθαλμον
1368 5339 1467 5409 τὴν
1505 5337 1762 5406 τεχνικὴν
1793 5332 1888 5385 ἐπὶ
1926 5331 1993 5384 τὰ
2018 5331 2106 5383 δυ-

530 5444 661 5506 τικὰ
693 5443 836 5512 μέρη
862 5439 1068 5508 εὑρεῖν,
1105 5446 1296 5489 auctor
1337 5441 1421 5488 est
1449 5430 1544 5486 Jo.
1581 5428 1766 5484 iialala
1800 5442 1855 5496 p.
1885 5438 2104 5479 Lxxxw.

529 5532 883 5588 Chilmeadus
905 5531 981 5584 ibi
1013 5527 1346 5588 dubitanter,
1381 5523 1480 5593 τὴν
1520 5520 1843 5587 τεκτονικὴν
1876 5517 2107 5586 reponit,

532 5618 812 5692 quomodo
846 5629 1026 5681 tamen
1065 5617 1289 5672 omnino
1332 5613 1619 5684 legendum
1671 5621 1774 5666 est.
1827 5606 1922 5664 ille
1949 5608 2100 5662 enim

543 5717 744 5785 Argus,
772 5715 863 5785 qui
883 5723 1064 5768 tamen
1097 5713 1199 5768 hoc
1223 5709 1477 5780 Epidauri
1511 5706 1796 5763 conditore
1835 5704 2107 5766 ducentis,

2201 4522 2416 4579 quarta,
2465 4525 2588 4579 qua:
2609 4509 2720 4562 alio
2755 4508 2978 4565 nomine
3027 4508 3301 4580 Callithya
3333 4502 3575 4561 Pcirantis
3600 4497 3694 4554 lilia.

2202 4612 2262 4656 ut
2289 4601 2450 4670 paulo
2491 4610 2617 4654 ante
2674 4600 2927 4672 legimus,
2967 4598 3117 4654 dicta
3165 4610 3272 4655 est.
3313 4593 3602 4668 Hesychius.
3637 4585 3696 4640 ’ῐὼ

2201 4691 2500 4747 Καλλίουια
2525 4691 2776 4745 ἐκαλεῖτο
2805 4693 2838 4760 ἡ
2875 4691 3066 4763 πρώτη
3101 4693 3278 4762 ἱέρεια
3299 4691 3392 4762 τῆς
3417 4687 3592 4757 Ἥρας,
3617 4687 3694 4732 eit-

2205 4783 2271 4836 Et
2305 4782 2670 4850 Apollodorus
2699 4797 2766 4837 ex
2817 4779 3058 4837 Hesiodo
3087 4791 3256 4852 atque
3291 4777 3528 4835 Acusilao
3553 4773 3630 4827 lib.
3653 4781 3696 4827 II.

2202 4875 2306 4930 sub
2349 4873 2499 4939 iniu,
2539 4873 2624 4927 Ἷῶ
2658 4873 2757 4943 τὴν
2791 4869 3057 4943 Πειρῆνος
3113 4871 3409 4941 ἱερωσύνην
3449 4865 3538 4934 τῆς
3565 4860 3699 4926 Ἥρας

2201 4966 2462 5034 ἔχουσαν,
2519 4973 2632 5018 etc.
2693 4964 2872 5032 Atque
2927 4965 3067 5016 hanc
3127 4963 3344 5029 quidem
3377 4959 3532 5026 ipsam
3560 4945 3700 5004 aiot'e

2204 5067 2598 5122 compressam,
2626 5050 3082 5120 quemadmodum
3109 5060 3166 5104 et
3197 5051 3424 5116 reliquas
3444 5054 3540 5097 tres
3560 5035 3696 5092 κρίθη·

2205 5120 2465 5199 Ηιθογυτίι
2506 5145 2671 5221 igitur
2703 5143 2893 5210 quinta
2935 5141 3078 5212 apud
3112 5141 3422 5202 Eusebium,
3452 5120 3696 5188 Promethei

2207 5238 2342 5302 lilia,
2397 5251 2558 5306 quam
2608 5236 2839 5308 ipsemet
2883 5235 3121 5290 l'abulam
3167 5248 3198 5287 a
3244 5226 3599 5285 vetustioiibos
3633 5228 3697 5308 ις’

2210 5330 2376 5397 cepit,
2439 5341 2471 5384 e
2525 5306 2726 5395 quibus
2780 5341 2926 5380 unus
2976 5325 3065 5380 ille
3123 5334 3209 5378 est
3260 5323 3408 5384 Ister,
3456 5314 3575 5382 Περὶ
3620 5306 3698 5357 τάν

2210 5421 2531 5489 Αἰγυπτίων
2577 5417 2860 5484 ἀποικίας,
2897 5426 2956 5472 ιιι
2997 5433 3065 5472 ex
3093 5415 3370 5471 Clemente
3399 5397 3699 5463 Alexandrino

2214 5517 2315 5572 lib.
2353 5531 2369 5568 t
2413 5513 2755 5568 Stromatum
2819 5518 3055 5566 constat.
3107 5507 3327 5562 Falsum
3387 5496 3586 5572 proinde
3623 5495 3697 5547 est.

2203 5608 2360 5678 quod
2410 5609 2485 5661 ait
2537 5604 2802 5676 Scaliger,
2849 5617 3087 5658 errorem
3142 5601 3290 5654 hunc
3315 5609 3430 5651 esse
3477 5582 3633 5644 calami
3658 5581 3696 5630 in

2217 5677 2439 5756 auctore
2489 5708 2702 5764 nostro,
2755 5696 2848 5764 qui
2901 5710 3022 5749 cum
3053 5689 3356 5748 Promethei
3404 5679 3583 5741 mentio
3605 5677 3695 5728 ante

3808 2327 3809 2384 1

3803 2403 3809 2484 1

3808 3341 3809 3406 1

3808 3433 3809 3468 1

3808 3679 3809 3716 1

3808 3721 3809 3796 1

3808 3801 3809 3828 1

3808 3847 3809 3874 1

3808 3905 3809 3960 1

3808 4115 3809 4178 1

3808 4183 3809 4204 1
