3864 6182
191 313 311 376 753

1483 322 1897 387 VALLARSII
1929 325 2176 391 NOTIE.

3375 333 3480 398 754

195 431 349 484 facta
378 440 550 494 esset,
571 441 858 502 propterea
891 449 985 501 per
1011 436 1426 505 incogitantiam
1460 441 1515 495 lu
1549 441 1795 512 posuérit
1828 454 1868 504 Α
1898 459 2054 514 reges
2103 445 2395 499 recenset?
2441 444 2558 499 Uno
2598 443 2766 500 verbo
2828 443 3073 516 Hyginus
3121 456 3226 513 est,
3274 449 3367 517 qui
3422 449 3477 502 iu

193 522 516 579 Promethei
566 523 750 589 ﬁliam,
781 541 902 595 qua:
933 527 1096 584 fuerit
1137 529 1245 585 lilia
1275 529 1407 595 Jasi,
1437 549 1558 602 qua:
1586 544 1796 606 tempo-

191 615 360 670 ribus
389 615 653 686 Cecropis
691 618 817 674 fuit.
868 619 1075 678 Recole
1105 640 1228 697 quae
1278 629 1534 696 superius
1567 630 1679 698 jam
1713 631 1796 686 di-

191 708 409 774 ximus,
449 718 508 764 et
539 709 736 767 confer
763 725 888 768 cum
922 713 1010 771 his
1061 731 1184 787 quae
1230 719 1373 774 infra
1404 721 1470 776 ad
1503 738 1659 778 num.
1688 724 1794 780 486

191 801 441 854 dicenda
483 809 635 860 sunt.

268 891 420 948 Ibid.
459 892 708 950 meon.
766 895 992 955 Rectius
1038 899 1105 954 ad
1161 901 1310 958 hunc
1340 890 1560 974 quidem
1591 922 1792 962 annum

192 982 401 1040 isthzec
442 986 510 1041 de
544 985 1099 1058 lieentonetpcriocha
1140 991 1403 1060 refertur,
1441 1011 1608 1066 quam
1653 989 1792 1052 utin

190 1075 440 1133 laudatis
470 1093 655 1144 supra,
694 1078 977 1137 Parmensi
1047 1098 1113 1138 ac
1167 1084 1432 1141 Palatinis
1487 1102 1623 1145 mss.
1684 1089 1797 1144 edi-

190 1169 389 1239 tisque
468 1171 590 1227 aliis
661 1171 908 1241 antiquis
981 1174 1156 1244 libris,
1239 1177 1619 1248 quinquennio
1699 1191 1795 1236 aut

187 1263 470 1320 sexennio
525 1275 694 1320 ante:
754 1281 1074 1336 quanquam
1127 1269 1181 1324 hi
1267 1272 1534 1341 postremi
1592 1273 1791 1328 iterum

186 1358 450 1414 eamdem
499 1357 589 1414 hic
628 1357 732 1414 loci
766 1369 1041 1429 repetunt.
1092 1359 1197 1416 Sed
1228 1371 1285 1418 et
1318 1364 1443 1422 aliis
1473 1365 1616 1420 intra
1646 1365 1789 1420 istud

187 1449 530 1504 sexennium
561 1450 724 1506 annis
747 1449 922 1507 fuisse
944 1452 1082 1509 alias
1112 1454 1436 1525 ascriptam,
1479 1457 1705 1527 colligas
1726 1469 1792 1512 ex

189 1539 473 1596 Gobelino
502 1541 764 1599 Persona.
799 1543 954 1600 Adde
979 1546 1126 1616 quod
1158 1547 1212 1602 in
1237 1547 1444 1605 Graecis
1477 1550 1622 1620 apud
1653 1549 1793 1622 Syn-

1901 537 2109 594 Ροεεὶεο
2145 539 2512 594 Astranontico
2557 555 2682 609 cap.
2735 540 2802 594 l4
2855 555 2922 595 ex
2980 550 3132 608 parte
3173 541 3486 596 consentiat
3594 559 3608 575 ο

1900 629 2202 700 Scaligero,
2252 630 2366 695 ubi,
2423 631 2642 696 dicitur,
2691 630 2892 700 inquit,
2960 629 3199 684 Phorbas
3261 629 3484 700 Triopc

1896 722 2040 790 [ilius
2085 738 2148 776 ea:
2191 722 2411 776 Hiscilla
2463 721 2816 794 Myrmidonis
2853 722 2973 791 ﬁlia
3009 733 3190 786 natus,
3243 734 3377 782 etc..
3424 732 3484 777 et.

1899 813 2186 870 Pausaniae
2216 815 2372 870 locus
2397 815 2485 869 ille
2507 816 2559 868 in
2590 814 2870 878 Achaicis,
2902 815 2971 868 ad
3001 829 3160 880 quem
3194 824 3479 882 provocat,

1898 907 1990 961 ubi
2034 905 2311 963 Pellenem
2342 915 2507 963 vocat
2550 907 2884 963 Phorbantis
2933 907 3126 969 lilium,
3166 922 3232 961 ac
3264 907 3482 975 'I'riopzc

1896 1010 2180 1072 nepotem.
2213 1001 2419 1056 Verum
2452 1001 2506 1056 in
2550 1010 2698 1056 tanta
2731 1001 3070 1069 reliquorum
3102 1003 3480 1068 ﬂuctuatione,

1897 1093 2009 1147 imo
2054 1092 2298 1163 ejusdem
2343 1092 2585 1148 auctoris
2632 1107 2697 1146 ex
2746 1094 2900 1146 vario
2963 1094 3287 1160 populorum
3359 1107 3479 1146 scr-

1897 1198 2081 1247 mone,
2139 1182 2510 1238 inconstantia
2560 1197 2624 1237 ac
2671 1199 2876 1254 pugna,
2927 1183 3052 1254 quis
3075 1178 3134 1238 se
3185 1190 3484 1253 przesutnat

1896 1291 2010 1331 rem
2041 1291 2140 1331 acu
2170 1276 2431 1346 tangere?

1968 1365 2108 1424 Ibid.
2167 1367 2447 1422 Troclilus.
2485 1366 2730 1438 Scaliger
2759 1366 2980 1423 inverso
3020 1368 3214 1423 ordine
3247 1368 3390 1422 hanc
3417 1369 3486 1423 de

1895 1455 2196 1512 Throchilo
2224 1457 2413 1525 ῥῆσιν,
2435 1455 2594 1522 paulo
2622 1463 2766 1525 post,
2798 1455 2890 1510 ubi
2920 1455 3008 1509 illa
3027 1467 3109 1510 est
3133 1457 3203 1511 de
3229 1455 3485 1522 Hercule,

1894 1548 2092 1616 ponit;
2162 1556 2328 1614 atque
2377 1547 2526 1600 illam
2583 1546 2826 1603 vicissim
2877 1548 2944 1601 ad
2990 1547 3136 1603 hunc
3165 1562 3484 1602 numerum.

188 1634 400 1688 cellum
479 1635 727 1704 aliosque
768 1635 1112 1709 Fragntentis
1155 1640 1292 1695 nihil
1334 1642 1515 1698 simile
1543 1643 1792 1700 invenire
1892 1637 2124 1695 Veteres
2182 1653 2348 1710 porro
2407 1639 2540 1695 editi
2579 1638 2704 1694 libri
2737 1638 3018 1709 Arogilum
3067 1639 3347 1710 legebant,
3381 1654 3482 1709 pro

188 1737 302 1782 est.
333 1726 458 1780 lmo
531 1728 804 1785 Eusebius
891 1741 1105 1800 patrem
1155 1733 1435 1790 Haemonis
1463 1736 1788 1793 Thessalum
1831 1797 1863 1803 Α
1901 1730 2221 1793 Throcbilo,
2263 1729 2442 1786 ferme
2483 1739 2544 1784 ut
2584 1731 2714 1784 olim
2741 1739 2863 1786 erat
2891 1731 3040 1801 apud
3077 1732 3480 1803 Tertullianum

191 1833 370 1887 supra
406 1821 479 1873 ad
512 1834 667 1875 num.
711 1819 820 1874 226
851 1797 1088 1904 primum
1115 1840 1374 1894 regnasse
1405 1827 1461 1883 in
1503 1827 1790 1885 Thessalia
1830 1797 1872 1853 Β
1901 1822 1998 1878 libo
2037 1821 2474 1890 υίερεααεηίίεο
2508 1837 2633 1888 ων.
2667 1821 2738 1878 9³
2775 1821 2835 1878 εί
2893 1797 3032 1892 vini
3061 1801 3360 1880 Ασνσοπίιεσ
3387 1824 3486 1895 (3'-

190 1910 531 1978 scripserat,
583 1910 653 1966 ab
689 1923 692 1925 λ
729 1925 910 1982 eoque
970 1927 1173 1970 nomen
1238 1917 1539 1987 accepisse.
1580 1919 1784 1975 Verum
1901 1915 2236 1984 Acrophilus,
2269 1924 2327 1972 et
2360 1914 2685 1992 Prophilus,
2709 1931 2858 1972 nunc
2895 1915 3232 1984 Throchilus)
3261 1917 3489 1988 Argiuus

195 2002 541 2057 Thessaliam
571 2012 696 2070 post
729 2003 973 2075 Troiana
997 2005 1217 2063 demum
1254 2018 1502 2080 tempora
1533 2010 1674 2066 hanc
1703 2027 1792 2067 re-
1904 2018 2094 2064 auctor
2139 2017 2218 2064 est
2256 2025 2466 2073 cursus,
2492 2008 2698 2077 primus
2740 2006 2943 2063 lunoni
2973 2009 3025 2063 id
3054 2025 3184 2079 opus
3211 2026 3367 2063 suum
3395 2011 3489 2064 de-

189 2097 423 2166 gionem
479 2096 824 2166 appellatam,
879 2097 1083 2156 indicio
1134 2101 1423 2159 manifesto
1465 2113 1572 2174 est,
1637 2105 1784 2175 quod
1903 2099 2121 2155 dicavit.
2152 2098 2515 2155 Emendatum
2547 2099 2622 2155 ibi
2649 2099 2980 2155 auctoritate
3008 2101 3254 2158 Theonis
3289 2101 3493 2158 in~haec

189 2204 315 2242 eam
378 2187 651 2244 Homerus
707 2207 991 2264 nunquam
1050 2204 1207 2251 vocet
1231 2211 1300 2252 eo
1336 2197 1583 2262 nomine,
1631 2197 1780 2269 quod

1916 2194 2098 2260 verba,
2161 2194 2226 2248 Oi
2286 2193 2348 2248 δὲ
2412 2193 2704 2263 μυθολόγοι
2759 2193 2852 2248 τὸν
2919 2193 3171 2265 Ἦνίοχον
3235 2195 3492 2264 λέγουσιν

190 2288 244 2332 et
281 2277 510 2333 Velleio
538 2279 832 2338 Paterculo
865 2284 961 2338 lib.
1003 2300 1044 2349 ι,
1072 2287 1123 2341 c.
1150 2286 1205 2352 3,
1241 2298 1490 2344 notatum
1535 2300 1642 2346 est.
1684 2289 1793 2345 Rc-

1916 2282 2054 2340 rivat
2113 2285 2334 2342 εἴδωλον
2391 2286 2425 2356 ἢ
2463 2286 2916 2356 Βιλλοροφόντου,
2983 2287 3017 2358 ἢ
3066 2288 3332 2359 Τροχτλου
3389 2289 3494 2359 τῆς

191 2372 420 2426 centior
446 2373 633 2444 itaque
683 2377 774 2430 ille
803 2386 888 2431 est
920 2377 1242 2445 Thessalus,
1289 2382 1594 2449 Haemonis,
1626 2399 1656 2439 a
1680 2399 1793 2454 quo

1916 2378 2204 2443 Καλλιθέας
2267 2381 2486 2445 παιδός.
2518 2380 2586 2436 Ει
2613 2381 2902 2436 Pausaniae
2939 2382 2994 2436 in
3025 2382 3220 2438 Atticis
3247 2397 3366 2452 cap.
3397 2381 3488 2448 ﬂ,

193 2463 459 2532 pridem'
489 2465 768 2521 Haemonia
823 2469 1004 2526 fuerat
1036 2474 1412 2541 denominata,
1445 2475 1614 2542 illius,
1644 2479 1792 2546 quod

1916 2468 2138 2540 ὓστερον
2161 2470 2218 2524 δὲ
2250 2470 2514 2542 Τρόχιλον
2544 2471 2904 2542 ἱεροφάντην,
2940 2486 3106 2540 quem
3150 2473 3220 2527 ab
3242 2473 3493 2544 Agenore

196 2555 468 2612 Rbianus
495 2562 634 2628 apud
670 2559 971 2621 Scholiast.
999 2565 1277 2636 Apollonii
1313 2567 1410 2624 lib.
1439 2585 1496 2624 ιιι
1532 2581 1723 2626 notat:
1907 2561 2067 2630 Ανείε
2095 2562 2311 2630 [Nisum
2368 2563 2423 2616 ῖιι
2472 2561 2710 2619 Alne-il“
2762 2566 2979 2620 Venisse
3013 2575 3223 2627 “amb
3256 2579 3492 2634 ουιιπιιιθ

1915 2652 2173 2709 Eleusine
2202 2669 2430 2709 uxorem
2482 2655 2753 2718 duxisset.
2790 2655 3093 2711 Eubuleum
3135 2667 3189 2711 et
3219 2656 3492 2725 Triptole-

1910 2760 2056 2797 suum
2086 2749 2366 2816 genuisse.
2393 2745 2604 2818 Hygino
2630 2761 2813 2802 autem
2838 2747 3164 2804 Orsilochus
3203 2749 3406 2804 dicitur
3436 2747 3490 2802 in

202 2847 327 2901 Nisi
363 2851 408 2901 si
455 2848 681 2914 propius
727 2848 904 2901 adhuc
937 2862 1066 2900 vero
1095 2849 1168 2899 ait
1201 2850 1403 2902 Stralm
1435 2849 1541 2903 sub
1582 2849 1704 2902 libri
1740 2865 1793 2904 Ix

1916 2834 2121 2889 Ροειὶεο
2151 2837 2399 2892 Astron."
2435 2853 2563 2909 cap.
2612 2840 2717 2896 l3:
2771 2839 3054 2907 Nonnulli,
3091 2841 3288 2911 inquit,
3321 2843 3412 2911 qui
3431 2843 3496 2896 de

199 2942 420 2994 ﬁnem:
464 2939 708 2994 ροειετοε
729 2939 952 3010 Αηιίριιε
989 2948 1039 2994 ει
1081 2939 1317 3008 philippi
1363 2940 1600 3008 βιίοηιηι
1634 2939 1796 2994 Tim-
1909 2929 2172 2984 sideribus
2219 2933 2570 3001 scripserunt,
2611 2933 2751 2988 hunc
2793 2937 3008 2988 natione
3051 2937 3301 3004 Argenm,
3343 2934 3492 2990 Orsi-

197 3032 338 3092 sali.
390 3031 492 3101 ﬁlii
537 3023 782 3086 Herculis
818 3034 883 3086 ab
932 3032 1148 3102 Ephyra
1183 3033 1522 3102 Thcsprotide
1560 3033 1794 3099 reduces,

1916 3020 2119 3074 loc/tum
2174 3023 2410 3087 nomine,
2453 3026 2687 3093 primum
2741 3026 3129 3096 quadrigarum
3174 3027 3496 3090 inventorem

198 3123 318 3176 ἀπὺ
348 3123 618 3177 Θεττάλου
651 3123 746 3176 τοῦ
783 3125 996 3178 ἑαυτῶν
1027 3124 1297 3195 προγόνου
1343 3126 1445 3195 τὴν
1474 3125 1660 3194 χώραν
1682 3125 1800 3178 ὀνο-

1916 3127 2020 3165 esse
2040 3111 2307 3177 dixerunt,
2350 3123 2462 3170 etc.
2493 3131 2509 3181 ;
2544 3131 2708 3186 quam
2737 3116 3023 3172 lectionem
3057 3117 3199 3171 haud
3241 3118 3495 3186 equidem

189 3216 430 3284 σμὰσαιτ
465 3215 530 3267 ab
565 3214 818 3270 Thessalo
847 3217 932 3270 sui
975 3217 1178 3287 generis
1211 3227 1423 3272 auctore
1468 3217 1671 3288 regioni
1709 3230 1805 3270 no-

1916 3202 2199 3258 innnutare
2251 3203 2456 3260 ausim.
2488 3205 2702 3262 Caztera
2754 3207 2960 3262 vldcsis
2992 3208 3137 3278 apud
3174 3205 3507 3262 Schefcrutn.

202 3325 334 3362 πιεη
379 3308 715 3376 impunius,
1906 3293 1984 3347 De
2015 3310 2070 3348 re
2108 3295 2453 3359 vehicularia,
2487 3296 2584 3353 lib.
2626 3314 2665 3365 ι,
2693 3313 2817 3368 cap.
2849 3299 2904 3354 Ξ.

269 3399 553 3456 εοιλεδ.
592 3400 849 3455 Phorbas.
887 3399 1077 3456 Otiose
1125 3402 1251 3467 quis
1311 3401 1656 3459 Pltorbantas
1707 3417 1806 3456 va-

1979 3386 2113 3441 lbid.
2143 3386 2395 3443 Hercules
2417 3391 2645 3458 primus.
2677 3391 2947 3448 Hercules
2974 3391 3352 3464 Olympiacum
3379 3405 3514 3445 σονς,

208 3493 333 3548 τίω
387 3494 769 3566 cognomines,
835 3493 1060 3550 dissitos
1122 3495 1263 3549 inter
1321 3511 1380 3552 se
1427 3506 1590 3565 gente
1639 3503 1806 3564 atque
1908 3487 2114 3546 tamen,
2153 3480 2292 3536 luiro
2336 3483 2540 3552 judice,
2579 3485 2680 3540 hoc
2717 3495 2824 3551 est,
2873 3496 2998 3555 post
3047 3499 3225 3539 annos
3293 3485 3511 3539 abhinc.

203 3595 403 3649 aetate,
462 3596 758 3642 memorat.
804 3587 864 3642 ln
895 3603 962 3642 eo
1004 3596 1114 3642 tota
1169 3587 1272 3644 loci
1322 3590 1487 3657 hujus
1517 3589 1808 3646 dillicultas

1916 3567 2085 3626 ferme
2141 3581 2425 3627 trecentos
2484 3575 2793 3645 sexaginta,
2849 3576 3131 3636 instituit:
3170 3577 3316 3647 quod
3353 3575 3510 3631 infra.

205 3686 326 3740 αι.
353 3676 484 3744 ηυξ,
529 3691 596 3730 ει
629 3675 963 3747 Argivorum
1012 3677 1238 3747 regibus
1283 3677 1536 3734 phmbas
1581 3677 1672 3734 hic
1711 3679 1805 3734 δη,
1911 3661 2142 3731 ipsemet
2197 3663 2469 3721 Eusebius
2493 3668 2558 3720 ad
2589 3681 2882 3722 numerum
2913 3667 3020 3724 810
3055 3683 3164 3724 non
3197 3669 3492 3724 dillltetur:

209 3767 476 3837 Scaliger
509 3769 584 3822 ita
631 3768 834 3823 lineam
867 3770 1086 3839 generis
1119 3769 1402 3839 componit
1436 3784 1504 3826 es
1533 3768 1806 3826 Pausania

1916 3756 2162 3811 Hercules
2186 3757 2241 3811 in
2273 3756 2435 3830 Libya
2466 3759 2659 3817 occidit
2691 3762 2958 3815 Anticum.
3000 3760 3259 3816 Hercules
3274 3778 3513 3831 agonem.

207 3861 264 3911 in
327 3859 620 3924 Achaicis;
693 3860 949 3916 Phorbas
1009 3875 1104 3916 rex
1156 3861 1512 3932 Argivorum,
1557 3861 1807 3931 Triopas,

1916 3849 2286 3920 Olympiacam
2345 3854 2646 3920 constituit,
2693 3871 2727 3909 α
2780 3871 2882 3924 quo
2929 3871 3098 3926 usque
3137 3857 3210 3910 ad
3261 3857 3495 3926 primum

212 3951 472 4006 Phorbas
519 3951 864 4020 cognominis
899 3966 1023 4017 avo,
1073 3953 1302 4020 Pellem,
1355 3961 1488 4016 etc..
1543 3961 1809 4024 putatque

1916 3941 2288 4013 Olympiadem
2332 3954 2692 4014 supputantur
2720 3947 2851 4000 anni
2880 3946 3009 4003 430.
3063 3946 3338 4003 Rctulcrit
3369 3963 3499 4019 pro,

213 4053 502 4112 ηεροιεω,
565 4058 674 4097 non
720 4058 885 4098 avum
940 4043 1136 4109 fuisse,
1187 4045 1280 4115 qui
1337 4044 1590 4101 Rhodum
1647 4060 1810 4100 οροη-
1915 4034 2042 4091 inde
2069 4035 2175 4093 huc
2211 4051 2277 4091 ex
2321 4038 2576 4104 aliorum,
2610 4046 2668 4092 ut
2691 4054 2835 4110 saepe
2871 4039 3350 4123 facit,osententia,
3388 4057 3513 4104 non.

218 4134 374 4204 pavit
412 4152 428 4200 ;
473 4148 602 4188 nam
630 4141 842 4203 patrem
876 4133 1133 4206 TriOpam
1181 4152 1352 4192 unum
1382 4139 1494 4190 τῶν
1539 4135 1810 4191 Ἡλιαδῶν

1916 4141 2050 4181 sua:
2097 4142 2224 4181 nam
2254 4135 2311 4183 et
2341 4130 2510 4184 verbo
2545 4130 2741 4200 fertur,
2771 4131 2840 4185 ad
2873 4131 3006 4186 illud
3052 4133 3500 4203 signiﬁcandum,

592 2717 643 2753 .:
672 2715 688 2730 .
711 2676 787 2753 ὂδξ
818 2677 884 2736 αὖ
915 2681 1040 2735 τέκε
1069 2683 1342 2738 Θεσσαλὸν
1367 2684 1579 2753 Αἵμων,

391 2755 503 2809 ’1ὀῦ
536 2745 580 2798 δ’
612 2748 724 2802 ἀπο
757 2751 1068 2822 Θεσσαλίην
1104 2754 1224 2808 λαοὶ
1252 2745 1741 2824 μετεφὴμίξαντο.,

217 4228 401 4282 fuisse
458 4225 860 4291 non’dnbitat,
913 4228 1004 4297 qui
1059 4227 1254 4285 Rhodo
1323 4217 1485 4298 potiti
1543 4238 1717 4295 sunt,
1751 4239 1810 4284 ut

211 4327 406 4374 exstat
469 4321 614 4386 apud
657 4319 976 4375 Diodorum.
1008 4319 1190 4376 Locus
1236 4331 1420 4376 autem
1463 4321 1557 4378 ille
1587 4319 1810 4377 Diodori

215 4411 370 4465 libro
419 4426 453 4463 ν
516 4409 646 4478 fert,
708 4410 990 4479 Lapisthte
1049 4411 1372 4468 Pborbanta
1436 4411 1637 4477 lilium,
1698 4427 1809 4468 non

1915 4221 2111 4275 utitur.
2141 4221 2380 4278 Sanctus
2426 4235 2612 4280 autem
2667 4224 2908 4296 Prosper
2941 4225 2996 4280 in
3035 4225 3322 4282 Chronico
3357 4230 3504 4282 inte-

1913 4329 2012 4384 gro
2042 4313 2252 4381 ἁπλῶς,
2285 4329 2352 4372 ac
2382 4317 2602 4387 proprio
2633 4330 2799 4374 sensu
2830 4317 2926 4385 ait,
2970 4320 3118 4375 Anno
3161 4321 3494 4390 (servitutis)

1914 4406 2227 4475 octogesimo
2273 4408 2508 4462 secundo
2543 4406 2799 4464 Hercules
2843 4409 3093 4467 Antaeum
3131 4409 3289 4466 lucta
3323 4419 3502 4472 ωηατ

216 4501 463 4572 Triopaa,
497 4495 654 4563 οὗτος
698 4502 754 4557 δὲ
777 4497 848 4570 ἦν
886 4505 1006 4568 uili;
1038 4503 1142 4574 μιν
1175 4503 1486 4572 Δαπῑσθοι».
1534 4503 1646 4562 Nec
1678 4519 1810 4563 sane

1918 4497 2060 4551 mine
2098 4505 2316 4566 superat
2335 4513 2356 4554 :
2377 4498 2469 4570 qni
2499 4512 2659 4556 error
2673 4511 2773 4569 est
2801 4501 3150 4559 manifestus.

197 4593 315 4647 illa
351 4595 645 4664 responsio
675 4595 970 4662 satisfacit,
1019 4595 1316 4670 ὁμωνυμίᾳ
1360 4597 1622 4668 deceptos
1665 4613 1812 4670 sirpe

218 4683 534 4754 scriptores
595 4697 744 4755 gesta
811 4687 961 4740 inter
1006 4701 1066 4743 se
1115 4686 1478 4744 confundere.
1529 4689 1632 4746 Vix
1665 4688 1812 4746 enim

219 4786 380 4846 puto,
413 4778 553 4834 duos
605 4793 670 4834 ex
709 4780 954 4849 antiquis
979 4779 1232 4837 invenire
1261 4790 1368 4844 est,
1393 4781 1488 4851 qui
1529 4783 1607 4838 de
1635 4783 1815 4839 Phor.

223 4867 414 4922 bantis
443 4883 676 4936 persona
708 4883 775 4924 ac
797 4884 999 4940 genere
1023 4863 1394 4928 consentiant.
1431 4871 1729 4936 Eusebius,
1757 4885 1820 4928 ut

221 4958 406 5024 vides,
459 4957 667 5014 Criassi
704 4959 879 5015 lilium
912 4977 1038 5016 eum
1084 4960 1238 5026 facit,
1271 4973 1368 5019 aut
1397 4973 1550 5020 certe
1601 4965 1819 5035 Triopte

222 5057 467 5118 patrem,
507 5059 567 5104 ut
597 5060 653 5107 et
687 5049 982 5118 Diodorus,
1012 5054 1105 5124 qui
1139 5063 1322 5111 tamen
1346 5054 1607 5126 Triopam
1635 5057 1814 5128 ipsum

223 5140 419 5206 tradit,
456 5155 568 5196 non
610 5139 951 5208 Phorbanta,
992 5141 1248 5202 Rhodum
1300 5161 1641 5216 occupasse:
1677 5147 1820 5212 Τοὺς

223 5233 404 5287 πάλαι
453 5231 756 5302 Ἕλληνας,
825 5233 934 5288 ὑπὸ
975 5235 1194 5307 Τρίοπα
1235 5235 1333 5292 τοῦ
1369 5239 1678 5310 Φόρϐαντος
1718 5257 1822 5295 κα-

226 5324 628 5391 τοικισθέντας,
669 5327 769 5394 τὴν
795 5327 964 5398 νῆσον
1001 5327 1184 5383 Ῥόδον
1212 5331 1565 5400 κατοικῆσαι.
1601 5331 1660 5393 ιιι
1697 5331 1816 5388 Co-

230 5417 522 5471 rinthiacis
558 5434 687 5474 vero
735 5419 1036 5477 Pausanias
1060 5435 1113 5476 c.
1154 5421 1257 5476 i6:
1303 5424 1524 5495 ’ΔργουΙ
1560 5424 1621 5479 δδ
1687 5425 1820 5482 Πεί-

237 5522 404 5573 ρασος
430 5508 642 5575 γίνεται
676 5511 770 5564 καὶ
813 5510 1050 5580 Φόρϐαςθ
1082 5513 1391 5584 Φόρϐαντος
1436 5513 1494 5567 δὲ
1535 5514 1816 5586 Τριόπας,

233 5596 479 5665 Tel/lacu
535 5600 593 5653 δὲ
631 5599 830 5665 Ἰάσος.
899 5602 977 5656 Ita
1033 5611 1087 5658 et
1135 5603 1462 5660 scholiastes
1515 5602 1820 5678 Euripidis,

235 5689 499 5763 Triopatn
544 5695 871 5754 Phorbantis
900 5709 1065 5770 atque
1097 5699 1320 5757 Euboea:
1361 5700 1533 5756 lilium
1563 5701 1821 5773 appellat.

240 5784 384 5859 Quid
455 5788 600 5865 quod
647 5790 1010 5864 Apollodorus
1059 5801 1312 5852 neutrum
1385 5793 1537 5868 [inter
1585 5794 1821 5872 Argivos

1992 4589 2132 4647 Ibid.
2163 4589 2386 4660 Triopa.
2411 4589 2616 4649 iubent
2643 4593 2791 4650 docti
2827 4594 2932 4649 viri
2981 4593 3206 4650 rescribi
3268 4592 3504 4664 Triopw,

1921 4681 1977 4738 ln
1996 4684 2248 4755 gignendi
2273 4698 2430 4751 casu,
2465 4695 2526 4740 ut
2550 4685 2804 4757 suppleas
2829 4686 3004 4756 [ilium
3023 4702 3044 4741 :
3070 4697 3284 4743 veteres
3321 4697 3506 4743 autem

1919 4776 2072 4844 libri,
2103 4778 2218 4834 sive
2244 4793 2408 4844 mss.,
2444 4779 2562 4836 sive
2597 4781 2751 4845 editi,
2787 4795 2898 4836 non
2925 4779 3318 4851 suﬁragantur.
3350 4779 3504 4838 Scriv

1921 4867 2068 4924 bltttr
2102 4879 2157 4925 et
2207 4869 2448 4928 Diodoro
2489 4871 2702 4937 Grece,
2735 4873 2944 4938 Ξάνθος
2977 4876 3005 4927 ὁ
3035 4873 3278 4944 Τριόπα.
3309 4891 3498 4943 quan.-

1920 4975 2083 5032 quam
2119 4963 2304 5020 nullus
2339 4965 2533 5020 dublto
2578 4965 2746 5020 lilium
2773 4966 2976 5022 debere
3044 4967 3298 5039 intelligi.
3337 4967 3508 5023 Porro

1921 5063 2127 5119 autem,
2177 5055 2226 5110 si
2274 5055 2406 5114 huic
2456 5057 2734 5114 credimus
2784 5059 2883 5117 lib.
2915 5077 2973 5128 ι,
3011 5075 3136 5131 cap.
3171 5063 3263 5128 89',
3297 5061 3508 5120 Lesbos

1919 5161 2032 5202 non
2057 5161 2089 5202 a
2117 5145 2358 5214 Xantho,
2394 5148 2489 5204 sed
2541 5149 2612 5204 ab
2645 5147 2848 5223 Triopa
2881 5152 3055 5210 fratre
3079 5152 3338 5212 Macareu
3369 5172 3508 5210 conv

1919 5241 2033 5298 dita
2061 5250 2167 5308 est,
2203 5255 2271 5299 co
2302 5249 2497 5300 autem
2542 5243 2764 5301 nomine
2794 5247 2997 5303 donata
3047 5263 3078 5303 ι
3119 5247 3320 5318 Lesbo,
3355 5248 3503 5305 Eoll

1921 5345 2142 5408 nepote,
2165 5335 2398 5398 Macarei
2419 5337 2703 5409 generofac
2729 5352 3078 5407 successore,
3109 5357 3233 5398 eum
3260 5343 3413 5412 prius
3435 5344 3506 5401 ab

1921 5427 2018 5485 illo
2036 5427 2305 5498 Macario,
2328 5433 2776 5500 atqueanteactis
2800 5438 3146 5507 temporibus
3166 5440 3236 5492 ab
3267 5439 3503 5495 aliorum

1921 5522 2318 5584 dominatione,
2347 5521 2619 5595 £lbiopc,
2639 5533 2694 5581 et
2708 5525 2939 5598 Egyra,
2963 5539 3018 5583 et
3035 5528 3145 5594 lsa,
3162 5539 3217 5585 et
3236 5531 3505 5604 Pelasgis,

1920 5624 1976 5672 et
1990 5613 2175 5678 Lasia,
2191 5613 2354 5670 fuerit
2368 5616 2660 5687 appellata.
2685 5616 2846 5673 Putat
2861 5620 3088 5690 proinde
3105 5620 3511 5695 Scaliger,Dio-

1923 5704 2113 5761 dorum
2132 5720 2243 5762 non
2260 5705 2327 5762 de
2341 5707 2448 5763 hoc
2464 5706 2846 5781 Triopajoqul,
2864 5709 2956 5767 sed
2978 5711 3047 5766 de
3068 5711 3268 5785 Triopa
3286 5716 3509 5789 Asgivo;

1925 5797 2171 5874 alioquin
2217 5799 2278 5861 in
2303 5802 2410 5864 hoc
2435 5802 2603 5863 etiam
2648 5802 2717 5860 ab
2745 5819 2813 5863 eo
2849 5803 3173 5868 dissentiret
3202 5810 3498 5889 Eusebius,
