3864 6182
452 228 560 287 ’155

1712 232 1800 289 VA
1815 230 2118 288 LLARSH
2166 228 2406 288 ΝΟΤ-Ᾰζ.

3502 229 3583 292 736

460 342 582 396 sive
603 342 693 396 ille
718 357 747 394 a
774 357 884 410 quo
914 341 1181 396 Eusebius
1213 343 1423 410 accepit
1460 351 1613 397 vetus
1643 344 2016 411 auetor,quod
2053 348 2092 404 Α
2127 361 2219 414 gas
2245 342 2468 413 Afgypti
2512 342 2748 396 creditur
2778 340 2999 418 Cecrops
3051 354 3269 409 egressus
3311 339 3515 410 £gypto,
3543 357 3581 400 et

455 444 584 488 ante
617 432 911 501 Cecropem
942 433 1056 485 haec
1083 441 1284 495 narret,
1315 447 1436 500 quae
1466 431 1569 486 sub
1602 433 1694 486 illo
1715 433 2014 488 Athenien-

452 525 595 578 sium
630 539 753 593 rege
781 524 1098 578 acciderim.
1123 524 1323 578 Contra
1358 539 1459 587 ego
1493 525 1672 592 ipsum
1712 524 2010 579 Eusebium

452 617 521 668 de
567 613 764 683 Triopa
809 616 1013 684 Argivo
1061 615 1301 670 arbitror
1347 615 1672 682 intelligere,
1722 616 2016 671 Diodorum

452 720 577 758 vero
605 705 672 759 de
700 706 1025 774 cognomine
1053 705 1337 769 Thessalo,
1367 704 1508 760 ιΕοιί
1541 717 1758 774 nepote,
1788 709 1875 774 qui
1912 707 2015 763 Do-

451 795 582 847 tinm
607 811 858 864 campum
889 797 941 849 in
972 795 1247 850 Thessalia
1275 797 1534 866 possedit,
1563 808 1722 865 atque
1755 800 1874 853 inde
1897 816 2018 868 pro-

423 888 604 951 .lugus
639 891 692 939 iu
723 886 992 950 Cnidiam,
1021 886 1276 955 Triopam
1326 888 1597 943 condidit.
1653 887 1920 943 Caeterum
1964 900 2018 943 et

450 979 694 1032 videntur
723 979 983 1032 contundi
1014 995 1198 1033 eorum
1231 990 1381 1047 gesta
1409 995 1439 1032 a
1470 981 1775 1043 veteribus,
1833 991 1886 1034 et
1927 982 2010 1033 vix

445 1072 579 1125 certi
611 1071 812 1140 aliquid
841 1087 1001 1140 posse
1039 1087 1102 1125 ex
1130 1073 1366 1140 mythira
1405 1072 1494 1126 illa
1530 1073 1754 1127 historia
1791 1073 2013 1128 excudi.

455 1159 724 1217 Eusebius
764 1177 859 1230 per
888 1163 1162 1233 πρόληψιν
1187 1161 1396 1217 Lesbon
1433 1162 1738 1230 appellarit,
1777 1163 2012 1216 insulam

447 1259 606 1314 ls-tm.
643 1270 803 1324 quam
832 1253 1082 1308 Xanthus
1111 1253 1378 1309 desertam
1419 1256 1730 1323 occupavit.

517 1348 635 1402 Col.
663 1347 785 1401 285.
818 1347 1148 1415 Spera-thus.
1183 1345 1435 1416 Syncello
1459 1347 1547 1400 hic
1597 1337 1799 1400 dicitur
1829 1335 2014 1416 Σπαρ-

443 1439 624 1500 οιῑος,
657 1438 798 1505 apud
854 1453 1018 1508 quem
1071 1447 1125 1490 et
1156 1439 1337 1492 locum
1369 1437 1642 1492 decimum
1675 1451 1914 1501 sextum,
1959 1445 2013 1491 et

442 1544 621 1582 annos
640 1529 844 1582 obtinet
875 1530 1236 1596 quadraginta
1269 1528 1430 1582 duos.

509 1619 627 1676 Col.
655 1621 780 1674 285.
817 1637 955 1673 μιν
1019 1637 1156 1673 anno
1203 1619 1398 1690 Moysi.
1480 1619 1678 1674 C0nl‘er
1733 1619 2014 1688 ipsiusmct

2132 439 2186 490 in
2217 436 2423 490 Crwcia
2461 437 2759 488 condidisse
2791 436 2965 486 urbem
2995 434 3266 502 quamdam
3316 433 3485 492 Acten;
3511 438 3584 495 uel,

2119 539 2176 581 ut
2206 529 2332 582 dicit
2361 528 2598 581 Isidorus
2649 527 2766 596 (lib.
2817 543 2908 588 xv,
2953 541 3070 591 cap.
3123 525 3143 578 l
3179 521 3383 594 0rigg.),
3427 531 3581 582 vocarit

2121 635 2237 672 eam
2270 635 2334 672 ea:
2369 635 2464 673 suo
2498 618 2704 670 nomine
2738 615 3064 683 Cecropiam,
3121 631 3262 677 quam
3315 616 3590 687 Amphitryon

2126 712 2261 779 (leg.
2291 711 2688 778 Amphictyonl,
2724 708 2811 772 qui
2863 706 3052 759 tertius
3106 718 3217 773 post
3260 722 3364 760 cum
3394 713 3593 776 regnavit,

2121 803 2308 855 ibidem
2341 801 2591 854 Minerua:
2639 799 3050 858 consecravit,et
3085 813 3259 850 nomen
3302 799 3389 866 ipsi
3435 799 3595 854 ciuitati

2120 893 2350 945 Athenas
2379 894 2542 945 de-:it.
2572 892 2708 944 Nam
2744 888 2975 942 Minerva
3005 887 3196 943 Cra’cis
3217 887 3401 956 Ἀθήνη
3427 888 3596 942 dicitur.

2121 981 2376 1036 Notatum
2436 983 2487 1034 iu
2538 995 2657 1033 eam
2718 995 2830 1031 rem
2902 976 3192 1043 Scaligero,
3265 974 3419 1027 solum
3468 972 3597 1039 iusti,

2119 1075 2304 1128 dicere
2331 1073 2631 1140 appellatas
2663 1071 2899 1125 Athenas
2927 1068 3091 1123 fuisse
3117 1069 3212 1122 sub
3245 1067 3594 1137 Amphictyone,

2117 1166 2211 1231 qui
2236 1176 2317 1217 est
2353 1164 2547 1217 tertius
2568 1181 2594 1216 a
2631 1162 2890 1230 Cecrope.
2915 1159 3120 1215 Caetera
3152 1159 3382 1212 laudatus
3407 1156 3597 1211 Schutz-

2117 1258 2361 1314 lleisehio
2383 1254 2678 1310 Scholiast.
2706 1250 2985 1322 Apollonii
3013 1250 3078 1304 ad
3103 1249 3196 1305 lib.
3218 1263 3388 1313 t,vers.
3409 1247 3514 1312 ill,
3531 1249 3603 1317 μό.

2118 1370 2216 1423 νην
2246 1353 2344 1419 τὴν
2375 1347 2673 1419 ἀκρόπολιν
2695 1347 2799 1416 τῆς
2849 1345 3106 1416 Ἀξτικῆς
3129 1345 3420 1412 Κεκροπὶαν
3463 1343 3601 1396 διαλεῖ-

2119 1441 2250 1494 σθαι
2275 1440 2335 1494 τὸ
2364 1440 2653 1509 πρότερον,
2682 1437 2877 1494 scribit
2907 1436 3159 1495 :Plinius
3193 1450 3394 1505 quoque
3416 1434 3496 1488 lib.
3521 1448 3593 1495 vlt.

2114 1547 2236 1602 cap.
2267 1531 2336 1587 56
2372 1529 2674 1600 :Oppidum
2727 1527 2948 1597 Cecrops
2982 1546 3014 1582 a
3055 1542 3112 1582 se
3154 1524 3418 1593 appellauit
3455 1524 3604 1579 Cecro-

2116 1623 2282 1693 piam,
2315 1638 2431 1692 quae
2459 1636 2599 1674 nunc
2629 1628 2703 1674 est
2733 1635 2833 1672 ara:
2880 1619 3120 1674 Athenis.
3182 1615 3379 1670 Videsis
3413 1624 3459 1669 et
3484 1612 3607 1682 Apol-

443 1713 663 1770 Euseb'ti
699 1714 896 1768 librum
944 1729 978 1768 ι
1019 1711 1318 1782 Ρνωραναι.
1361 1712 1662 1782 Evangelic.
1713 1721 1766 1767 et
1799 1709 2003 1766 Pausa-
2037 1727 2080 1782 Β
2109 1715 2278 1769 lodor.
2334 1714 2432 1768 lib.
2479 1729 2559 1779 ut,
2597 1724 2651 1767 et
2695 1711 3018 1766 Pausaniam
3074 1710 3128 1764 in
3194 1708 3370 1770 Attia,
3424 1721 3524 1774 Cap.
3565 1704 3604 1767 ἓ,

441 1808 581 1859 uiam
610 1807 663 1858 itt
684 1807 891 1859 Atticis.

515 1897 631 1950 Col.
665 1898 788 1952 9.83.
843 1899 1041 1967 Cydon.
1105 1900 1259 1969 Legit
1319 1900 1579 1966 Scaliger,
1617 1897 1731 1952 Hoc
1782 1909 2011 1963 tempore

438 1987 615 2052 Cydon
669 2000 846 2055 regnat
898 1993 950 2042 in
990 1989 1146 2046 Creta
1200 2007 1220 2043 .'
1271 1991 1582 2056 tumulique
1669 1991 1724 2042 in
1766 1988 1910 2042 netis
1947 2003 2011 2042 ex

445 2079 788 2134 Cretensium
836 2083 1132 2144 Sententia,
1188 2082 1278 2146 qui
1329 2081 1604 2147 Cydonem
1635 2095 1701 2132 ex
1744 2079 2011 2134 Mercurio

438 2171 744 2224 etAtallide
770 2172 970 2238 (Scribe
1000 2172 1321 2239 Acacallide)
1355 2171 1552 2226 Minois
1573 2173 1678 2225 lilia
1715 2180 1901 2224 natum
1937 2170 2010 2221 la-

445 2261 618 2325 viuut,
656 2262 794 2316 hanc
827 2264 1142 2334 periochatn
1167 2264 1220 2318 in
1255 2263 1450 2316 Minois
1480 2273 1724 2332 tempora
1748 2262 2008 2316 conferri.

437 2353 656 2418 Mirum,
717 2357 819 2408 nisi
852 2356 940 2407 ἀεὶ
977 2355 1217 2424 ψεῦσται
1268 2356 1371 2410 hac
1409 2355 1573 2410 etiam
1635 2355 1686 2407 iu
1730 2370 1790 2408 re
1852 2368 2007 2406 men-

443 2445 673 2510 tiuntur,
708 2447 976 2501 Eusebius
1025 2458 1173 2501 certe
1227 2445 1476 2516 Tegeatis
1508 2447 1698 2500 maluit
1750 2446 2011 2498 adbibere

439 2536 621 2597 fidem,
653 2538 742 2604 qui
787 2553 852 2592 ex
891 2537 1122 2606 Tegeate
1169 2548 1224 2592 et
1257 2539 1413 2593 Μίνω
1474 2552 1682 2600 natum,
1718 2539 1808 2588 τδν
1839 2538 2006 2589 τόπον

440 2625 761 2693 μετοικῆσαι
823 2629 961 2692 σφᾶς
1019 2629 1282 2688 ἑκουσίως
1330 2629 1412 2690 ei;
1466 2628 1687 2695 Κρήτην
1748 2627 1998 2688 Κύδωνα,

436 2714 699 2782 Cydonem
731 2716 870 2769 ultro
901 2735 932 2770 a
960 2720 1153 2787 patriis
1176 2719 1386 2779 sedibus
1416 2719 1466 2770 in
1494 2716 1702 2771 Cretum
1727 2720 2009 2771 decessisse

439 2805 684 2860 tradunt.
720 2806 795 2860 lla
828 2806 1122 2861 Pausanias
1153 2811 1205 2862 in
1243 2808 1443 2863 Arcad.
1474 2825 1592 2876 cap.
1621 2810 1687 2862 53
1711 2827 1724 2864 :
1752 2825 1860 2877 quo
1889 2810 2007 2864 loco

437 2907 487 2948 et
519 2896 860 2952 Cretensium
904 2901 1210 2967 oppositam
1262 2902 1584 2954 sententiam
1638 2901 1820 2955 refert.
1877 2895 2007 2955 Vide

438 3002 492 3044 rt
527 2989 866 3056 Stephanum
905 2992 957 3043 in
989 2991 1284 3055 Κυδιὶινια;
1319 2992 1538 3060 etquod
1586 2993 1681 3054 ait,
1715 2993 2000 3055 Apollinis,

2110 1815 2218 1862 etc.

2181 1897 2299 1951 Col.
2334 1896 2460 1950 285.
2539 1893 2761 1962 Cecrops
2813 1894 3060 1962 Diphyes.
3128 1883 3277 1947 Inter
3315 1889 3475 1942 varias
3520 1887 3609 1953 eius

2115 1975 2506 2058 appellationis
2537 1997 2756 2042 caus:is.
2786 1985 2877 2038 illa
2911 1984 3132 2039 videtur
3173 1981 3376 2038 caeteris
3409 1980 3612 2048 probabi-

2113 2077 2218 2133 lior
2245 2061 2525 2140 omnibus,
2554 2091 2718 2142 quam
2746 2076 2863 2146 ipse
2922 2075 3073 2129 addit
3129 2072 3386 2128 Eusebius
3416 2068 3611 2124 secundo

2115 2176 2277 2225 loco:
2319 2168 2464 2239 quod
2508 2168 2737 2234 scilicet,
2771 2182 2896 2222 cum
2933 2181 2998 2220 ex
3046 2164 3285 2236 Egypto
3327 2164 3375 2217 in
3403 2161 3611 2217 Greciam

2112 2253 2353 2332 Cecrops
2399 2263 2732 2326 advenisset,
2793 2260 3080 2330 utriusque
3161 2259 3330 2328 gentis
3387 2271 3533 2309 mores
3577 2263 3615 2306 et

2113 2354 2354 2421 linguam
2390 2353 2637 2406 calleret.
2658 2350 2799 2405 Sunt
2823 2360 3002 2404 tamen
3029 2365 3058 2404 e
3091 2347 3464 2404 recentioribus
3480 2344 3615 2398 doctis

2112 2446 2266 2509 viris,
2299 2445 2389 2511 qui
2419 2445 2562 2498 hanc
2583 2445 2718 2497 adeo
2753 2458 2860 2497 non
2888 2441 3180 2510 recipiant.
3209 2449 3266 2493 ut
3297 2433 3615 2505 Hieronytnia-

2113 2553 2196 2589 uie
2249 2535 2723 2604 interpretationis
2781 2542 3054 2603 postrema
3117 2532 3283 2587 verba
3342 2529 3548 2586 Grecam
3580 2531 3616 2576 et

2110 2625 2507 2695 Egyptiacam,
2553 2626 2795 2696 eglossa
2850 2624 3018 2678 velint
3089 2639 3216 2679 esse
3271 2619 3504 2678 hominis.
3542 2616 3615 2684 qui

2115 2716 2411 2772 Eusebium
2439 2733 2548 2770 non
2581 2717 2714 2770 satis
2743 2717 2967 2783 ceperit.
3006 2715 3260 2768 Palmare
3290 2715 3613 2779 argumentum

2111 2816 2302 2875 petunt
2336 2823 2366 2860 e
2405 2807 2678 2878 Syncello,
2710 2807 3005 2866 scribente,
3063 2806 3154 2856 ὅτι
3201 2803 3309 2854 τῶν
3365 2796 3619 2866 Αἰγυπτίων

2107 2898 2206 2953 τὰς
2235 2896 2327 2950 δύο
2357 2898 2608 2964 γλώσσας
2635 2899 2904 2965 inrisu-co
2933 2911 2949 2950 :
2979 2896 3134 2960 Quod
3203 2893 3448 2963 geminant
3486 2885 3620 2954 Egy-

2117 2987 2352 3054 ptiorum
2405 2987 2641 3055 linguam
2690 2989 2868 3040 sciret.
2913 2983 3028 3039 Non
3065 2985 3236 3053 igitur
3286 2981 3502 3042 Graecas,
3546 2972 3621 3029 sed

438 3096 546 3134 nou
584 3081 833 3136 Mercurii
877 3082 1042 3136 lilium
1086 3083 1359 3152 Cydonem
1385 3079 1686 3148 exstitisse,
1747 3085 1865 3139 fulsi
1918 3102 2006 3139 re-
2037 3064 2079 3121 (ἶ
2114 3078 2531 3131 commemorari
2557 3082 2766 3139 νοιιιηῑ.
2797 3091 2918 3144 Quae
2952 3077 3060 3129 duo
3095 3083 3260 3128 eram
3305 3073 3458 3143 εῦρυά
3489 3064 3623 3134 ΕΒΫ

437 3175 669 3234 damnes
703 3187 765 3226 ex
816 3173 1124 3228 Scholiaste
1174 3174 1444 3240 Apollonii
1496 3177 1562 3229 ad
1620 3177 1716 3229 lib.
1756 3194 1827 3230 tv.
1860 3193 2005 3233 vers.

436 3263 595 3322 “fil.
635 3263 724 3316 ubi
762 3264 900 3319 duos
934 3254 1257 3318 Acacallidis
1306 3265 1466 3332 ﬁlios,
1528 3267 1757 3320 alterum
1795 3268 2006 3322 Naxum

439 3371 504 3406 ex
561 3355 830 3422 Apolline,
887 3356 1117 3410 alterum
1153 3356 1428 3427 Cydonem
1485 3372 1548 3413 ex
1587 3358 1852 3412 Mercurio
1891 3375 2006 3413 mc-

534 3461 556 3490 Γ

534 3461 556 3490 Γ

437 3455 632 3571 ιιῃὲεῗΙιῖ
657 3519 782 3574 285.
843 3519 937 3574 His
993 3523 1331 3590 temporibus.
1376 3522 1483 3577 Pro
1533 3523 1612 3576 Itis
1665 3523 2000 3590 temporibus,

432 3606 560 3669 legit
614 3609 854 3679 Scaligw
903 3610 1188 3666 Triresimo
1247 3615 1432 3676 quinto
1507 3630 1647 3666 anno
1687 3611 1880 3684 Moysi.
1943 3613 2002 3666 lu

430 3700 570 3751 uotis
630 3703 1032 3772 προχρονισμδν
1088 3705 1399 3771 quindecim
1458 3721 1748 3766 annorum,
1841 3722 2001 3771 quem

430 3791 590 3842 tertio
611 3808 858 3870 rquoqtlc
916 3795 1078 3846 verbo
1111 3794 1345 3849 Eusebio
1377 3796 1589 3862 objicit,
1620 3807 1731 3848 tum
1787 3798 1999 3864 repetit,

428 3895 550 3946 que
602 3881 924 3934 criminatur
974 3881 1287 3952 Syncellus,
1346 3901 1508 3953 quem
1571 3888 1728 3939 toties
1787 3888 1999 3950 eadem,

429 3973 545 4022 sive
577 3985 640 4023 es
677 3972 865 4024 eadem
920 3988 1022 4025 una
1071 3988 1258 4034 causa.
1311 3977 1771 4029 contradicentem
1803 3980 2002 4031 refuta-

429 4060 624 4113 \imus.
655 4063 736 4114 Ab
769 4061 871 4114 hoc
923 4061 1164 4131 Geel-ope
1215 4065 1836 4132 MarmorzAruudelian.
1903 4085 2001 4123 auo

429 4151 670 4215 spiczttur
702 4168 866 4206 rerum
922 4154 1179 4219 Atticatn,
1215 4169 1335 4225 qua:
1370 4171 1466 4224 per
1494 4169 1666 4211 annos
1699 4173 1998 4213 uocccxvttl

426 4242 672 4294 ilo-Currit
709 4244 772 4296 ad
827 4259 999 4313 usque
1046 4249 1362 4301 archontem
1397 4249 1740 4315 Diognetum.
1786 4248 1999 4306 Videsis

427 4331 758 4388 lludwellum
784 4336 880 4392 lib.
918 4337 984 4392 de
1020 4335 1304 4394 Veteribus
1341 4339 1653 4394 Crit-eorum
1723 4341 1997 4396 Romano-

427 4428 855 4496 rumqueCyclis
886 4443 912 4478 a
948 4447 1065 4498 pag.
1103 4430 1206 4483 695
1236 4433 1300 4482 ad
1335 4431 1458 4484 700.

496 4515 609 4568 Col.
655 4517 783 4570 283.
832 4518 1009 4572 Oliva.
1039 4520 1449 4585 Vulgatissima,
1489 4532 1548 4575 ut
1592 4523 1668 4575 ait
1722 4522 1989 4591 Scaliger,

429 4607 656 4661 hiStoria
687 4608 801 4662 hate
831 4619 933 4662 εει.
964 4607 1172 4663 Laudat
1225 4620 1402 4664 tamen
1453 4611 1862 4680 Apollodorum,
1898 4614 1990 4682 qui

426 4713 546 4751 eam
573 4698 773 4754 olivam
809 4713 910 4752 suo
943 4715 1058 4754 aevo
1089 4701 1302 4754 ostendi
1365 4701 1464 4767 ait,
1520 4703 1579 4753 ὲν
1622 4702 1700 4771 τῷ
1751 4703 1993 4774 Πανδρο-

429 4789 531 4857 σίῳ
563 4805 579 4843 :
612 4802 665 4844 et.
695 4789 931 4845 Plinium
961 4802 1086 4861 post
1116 4790 1438 4859 Varronem,
1469 4793 1562 4862 qui
1614 4812 1730 4848 cam
1764 4797 1992 4852 Athenis

426 4881 650 4934 durasse
689 4883 989 4949 perhibent,
1022 4885 1254 4954 denique
1289 4883 1634 4949 Pausaniam,
1695 4889 1788 4956 qui
1841 4889 1989 4943 illam

425 4987 452 5023 ιι
485 4968 669 5026 Persis
697 4971 976 5028 incensam
1019 4975 1212 5030 eodem
1263 4978 1349 5032 die
1376 4979 1440 5033 ad
1471 4983 1610 5033 duos
1659 4982 1875 5037 cubitos
1909 4998 1990 5037 re»

428 5061 746 5128 pullulasse,
775 5065 988 5119 scribit.
1019 5069 1112 5122 llis
1145 5069 1286 5124 adde
1309 5070 1590 5126 laudatum
1647 5074 1992 5128 Schurzllt-i-

425 5153 578 5208 subio
609 5151 945 5208 Scholiastcu
970 5155 1245 5227 Euripidis
1261 5164 1327 5214 ad
1363 5159 1540 5215 Orest.
1572 5181 1694 5234 pag.
1740 5165 1833 5230 82,
1866 5168 1898 5234 ἠ
1932 5167 1990 5219 δὲ

421 5243 576 5297 ἐλαία
604 5247 672 5316 τῇ
705 5244 908 5315 Ἀθηνᾷ
939 5246 1082 5315 ἱερὰ,
1114 5250 1187 5314 ὡς
1205 5254 1570 5328 καταδειξάςῃ
1595 5257 1795 5329 πρώτῃ
1817 5260 1988 5326 αὐτὴν

422 5342 484 5388 ἐν
515 5337 795 5408 Ἀθήναις.
829 5337 946 5392 Mox
969 5340 1197 5394 verbum
1241 5344 1439 5398 dicitur
1467 5349 1674 5416 primus
1706 5348 1986 5406 Palatinus

423 5432 815 5496 praetermittit,
845 5429 1044 5486 deinde
1073 5433 1195 5501 plus
1247 5434 1432 5501 habet,
1482 5439 1763 5494 Dicebatur
1812 5454 1986 5496 autem

421 5523 650 5592 Cecrops
679 5525 788 5592 ipse
822 5521 1076 5593 Di;:hycs,
1112 5537 1220 5580 etc.
1253 5530 1575 5586 Audiendus
1609 5545 1664 5585 et
1693 5535 1986 5589 Cobeliuus

423 5613 661 5673 i’etsona
693 5627 838 5675 wlal.
877 5633 954 5677 tlt,
1024 5635 1153 5672 CJI).
1193 5619 1220 5670 7
1255 5620 1531 5680 (ζωιηοιίγ.
1563 5642 1576 5678 :
1617 5627 1836 5697 Troy-ter
1867 5631 1984 5698 pla-

2112 3165 2254 3236 ptios
2310 3183 2507 3237 genera
2563 3169 2890 3230 litterarutu,
2945 3165 3258 3232 vulgarium
3341 3161 3544 3219 scilicet,
3582 3163 3625 3208 et

2110 3273 2460 3322 arcanorum,
2489 3259 2690 3327 quibus
2737 3259 2814 3312 uti
2878 3256 3197 3312 sacerdotes
3233 3255 3481 3310 solebant.
3510 3245 3620 3300 Nota

2111 3347 2226 3402 hinc
2284 3349 2645 3418 ἱερογλυφικὰ
2705 3349 3014 3417 γράμματα
3070 3348 3191 3406 τοῖς
3244 3341 3524 3412 δημώδεσιν
3549 3348 3623 3403 op-

2109 3441 2285 3506 posita
2358 3455 2422 3492 ex
2500 3438 2884 3507 llorapolline,
2953 3435 3241 3490 Clemente
3311 3427 3626 3486 Alexandrino

2110 3530 2370 3584 Stromat.
2409 3546 2462 3593 v,
2515 3529 2750 3584 Diodoro
2796 3527 2980 3582 Siculo
3042 3527 3138 3581 lib.
3192 3543 3269 3592 III,
3334 3522 3545 3576 Luciano
3582 3515 3624 3569 in

2111 3619 2506 3685 Plnlopatride,
2534 3631 2700 3689 atque
2741 3619 2906 3675 aliis:
2939 3632 3260 3687 quanquam
3307 3626 3360 3669 et
3382 3623 3515 3672 sunt.
3554 3607 3624 3676 qui

2109 3709 2547 3780 hieroglyphicas
2577 3709 2786 3764 formas
2814 3709 2935 3762 illis
2959 3716 3128 3776 atque
3159 3706 3441 3775 imagines,
3463 3700 3626 3771 quibus

2106 3812 2287 3855 vetera
2329 3800 2714 3869 Egyptiorum
2751 3805 3110 3853 monumenta
3171 3795 3443 3863 tlt'smipla
3484 3790 3630 3846 adhuc

2105 3903 2392 3960 superant,
2418 3893 2670 3946 diversas
2705 3890 2877 3945 fuisse
2900 3889 3236 3943 contendant
3266 3903 3296 3940 a
3322 3884 3483 3941 sacris
3519 3881 3632 3932 litte-

2105 3983 2202 4048 ris,
2263 3993 2322 4035 ut
2361 3983 2580 4035 tertium
2636 3981 2739 4035 hoc
2791 3979 2960 4033 velint
3016 3977 3304 4032 exstitisse
3360 3973 3492 4042 apud
3534 3967 3631 4021 illos

2102 4073 2374 4130 scribendi
2403 4089 2594 4145 genus.
2634 4072 2760 4128 Utut
2817 4086 2950 4127 vero
2975 4070 3047 4126 sit
3075 4072 3142 4122 de
3197 4085 3259 4123 ea
3287 4085 3365 4130 re,
3400 4065 3630 4118 allii-utare

2102 4165 2306 4232 ausim,
2347 4167 2439 4234 qtti
2464 4167 2704 4234 linguam
2735 4164 2981 4220 Griecam
3013 4163 3081 4215 ab
3133 4177 3208 4216 ea
3263 4173 3424 4216 causa
3469 4154 3625 4210 exclu-

2100 4259 2262 4321 dunt,
2309 4270 2368 4312 ut
2407 4263 2546 4312 duas
2599 4257 2884 4326 Egyptians
2948 4256 3398 4322 interpretentur.
3451 4263 3478 4300 a
3541 4241 3630 4293 veri

2101 4351 2279 4416 specie
2300 4349 2447 4402 omni
2471 4349 2681 4403 abesse.
2703 4346 2996 4400 Enimvero
3037 4345 3276 4412 Syuerlli
3309 4342 3461 4396 lectio
3487 4331 3633 4390 mani-

2100 4439 2241 4493 festo
2272 4440 2575 4494 scribarum
2609 4439 2738 4491 vitio
2791 4439 3082 4506 depravata
3119 4448 3228 4498 est,
3283 4433 3373 4502 qui
3419 4445 3506 4499 pro
3553 4423 3631 4474 Δί·

2042 4591 2053 4597 -
2096 4528 2328 4596 γῦπτιος
2352 4530 2450 4596 ὣν,
2479 4528 2929 4599 quemadmodum
2952 4537 3006 4582 et
3033 4527 3281 4594 Scaliger
3296 4525 3423 4578 olim
3460 4522 3508 4576 in
3547 4529 3630 4569 suo

2099 4621 2225 4690 legit
2261 4622 2582 4690 exemplari,
2616 4629 2672 4676 et
2707 4635 2806 4675 nos
2836 4619 3187 4683 retinuimus,
3225 4620 3516 4686 posuerunt
3536 4607 3626 4660 τῶν

2093 4709 2441 4777 Αἰγυπτίων,
2472 4710 2565 4778 qui
2601 4711 2741 4763 alius
2769 4720 2854 4764 est
2881 4721 3079 4764 sensus
3111 4707 3181 4760 ab
3234 4701 3470 4758 auctoris
3518 4710 3630 4751 cou-

2097 4813 2249 4858 testu
2286 4819 2350 4856 ac
2378 4811 2582 4856 tuente.
2612 4800 2893 4870 Duplicem
2943 4806 3192 4850 naturam
3252 4792 3502 4854 hominis,
3555 4783 3630 4853 qui

2096 4895 2165 4949 ab
2195 4910 2302 4948 una
2332 4894 2386 4948 in
2440 4893 2602 4948 aliam
2655 4901 2870 4961 gentem
2911 4889 3078 4943 fuerit
3136 4886 3452 4942 translatus,
3510 4872 3632 4932 haud

2094 5001 2230 5042 sane
2256 4996 2406 5041 recte
2429 4986 2497 5040 ab
2545 4984 2712 5038 unius
2751 4982 2992 5052 ingenio,
3049 4978 3274 5036 tametsi
3314 4973 3507 5044 duplici
3543 4971 3632 5022 lin-

2095 5094 2223 5143 gua,
2254 5077 2378 5144 quis
2400 5084 2630 5145 repetat.
2663 5073 2923 5142 Alioquin
2979 5071 3086 5126 hoc
3107 5068 3330 5123 nomine
3367 5080 3467 5118 non
3502 5071 3624 5116 unus

2091 5171 2351 5241 Cecrops,
2375 5171 2469 5224 sed
2490 5166 2786 5228 innumeri,
2805 5173 2960 5235 puto,
2983 5165 3078 5233 qui
3106 5163 3231 5216 olim
3257 5161 3314 5213 in
3339 5157 3560 5226 Egyplo
3574 5149 3630 5201 τὰ

2095 5261 2217 5332 ιερὰ
2252 5261 2557 5331 γράμματα
2595 5258 2890 5320 callebant,
2926 5255 3159 5310 fuissent
3194 5252 3408 5321 διφυεῖς
3472 5242 3627 5301 nunti-

2074 5355 2289 5409 -uandi.
2320 5355 2470 5410 Adde
2499 5351 2654 5422 quod
2674 5350 2838 5406 etiam
2863 5349 3142 5404 Cedrenus
3165 5360 3286 5415 pag.
3312 5343 3402 5406 67,
3462 5341 3531 5392 ita
3573 5347 3626 5388 ex

2091 5447 2340 5517 Syncello
2391 5458 2553 5515 atque
2583 5446 2718 5500 adeo
2754 5437 3307 5508 Eusebiodescripsit,
3341 5438 3420 5489 ὅτι
3464 5427 3616 5496 Atri-

2092 5558 2251 5602 πτιος
2281 5539 2375 5592 ὢν.
2414 5540 2587 5593 Porro
2619 5536 2761 5590 idem
2794 5546 2878 5589 est
2911 5545 3154 5588 veterum
3180 5532 3231 5584 in
3270 5529 3628 5591 haciuterpre-

2091 5635 2294 5688 tutionc
2319 5646 2639 5685 tonseusus.
2685 5626 3145 5685 LuculJntissimc
3177 5621 3424 5685 Tzctzcs,
3457 5614 3625 5670 lauda-
