3864 6182
409 289 514 351 ’159

1669 268 2076 350 VALLARSIi
2104 289 2345 356 Nom.
2914 345 2923 352 .
3496 289 3580 352 ἰω

408 419 572 473 nytno
604 417 830 473 supper,
858 401 1018 472 cujus
1040 410 1200 456 aetate
1252 399 1582 472 mythologia
1632 403 1798 472 coepit
1844 405 1982 458 mire
2008 426 2060 482 Α
2086 412 2271 459 vatum
2312 412 2394 459 est
2422 417 2608 473 supra,
2646 417 2748 458 nec
2792 399 2984 466 semel,
3037 398 3218 468 plures
3267 399 3584 467 cognomines.

405 498 712 566 depravari.
749 495 828 550 Ex
853 509 922 551 eo
962 495 1228 564 scriptore
1257 494 1292 546 2
1320 505 1374 550 et
1401 495 1435 549 5
1455 504 1621 564 caput
1644 495 1837 550 iisdem
1871 495 1985 552 fere

407 591 594 645 verbis
621 588 910 657 descripsit
932 587 1238 644 Scholiasta
1268 587 1602 643 Germanici.
1628 587 1707 643 Ita
1729 587 1840 644 ille.
1875 586 1984 643 Sed

409 679 665 737 Nasutum
700 690 880 734 tamen
915 679 1080 734 scribi
1113 680 1332 740 debere.
1359 695 1468 734 non
1498 678 1790 745 Musicum,
1833 690 1984 736 recta

410 773 552 826 ratio
581 771 893 841 persuadet.
923 771 1041 826 Non
1071 753 1161 826 ille
1195 771 1420 841 quidem
1467 780 1551 826 est
1609 781 1762 826 vates
1819 770 1986 827 Athe-

405 863 637 926 niensis.
665 864 916 932 Eumolpi
951 862 1177 918 secundi
1209 873 1264 918 et
1294 862 1517 920 Selenes
1551 863 1713 926 Illius.
1746 861 1862 918 sive
1890 877 1987 932 per

409 955 797 1024 Antiphemum
827 970 1019 1024 nepos
1049 954 1186 1012 :sed
1220 955 1358 1029 alius
1389 969 1456 1010 eo
1509 954 1670 1026 longe
1708 956 1988 1028 antiquior

411 1048 666 1114 Musaeus.
705 1048 1287 1118 Jovimqualis,cnjus
1345 1047 1487 1117 apud
1553 1048 1844 1106 Diodorum
1902 1049 1988 1105 Si—

413 1142 601 1197 culum
629 1141 725 1196 lib.
760 1157 793 1197 ν
821 1151 908 1198 est
934 1142 1157 1198 mentio.
1195 1140 1427 1198 Fallitur
1452 1142 1588 1198 adeo
1621 1143 1826 1198 dudum
1863 1146 1984 1199 lau-

411 1232 574 1288 datus
603 1234 684 1294 vir
703 1233 916 1299 doctus.
943 1243 999 1289 et
1026 1249 1152 1290 cum
1185 1234 1290 1303 legi
1353 1235 1556 1290 mavult
1609 1234 1840 1291 Musaeus
1874 1234 1989 1290 Eu-

409 1325 572 1393 molpi
603 1335 650 1386 et
684 1323 948 1397 Nympha:
975 1327 1120 1396 ﬁlius
1158 1328 1424 1384 nascitur:
1439 1337 1491 1384 et
1520 1343 1733 1383 rursum
1767 1343 1891 1391 cum
1922 1344 1989 1383 ex

412 1418 693 1484 Artabano
715 1417 859 1489 apud
892 1417 1186 1474 Eusebium
1220 1419 1519 1489 Praeparat.
1551 1421 1752 1492 Evang.
1787 1419 1886 1475 lib.
1931 1435 1986 1475 tx

411 1509 656 1578 coniicit.
686 1509 942 1574 Musaeum
977 1510 1141 1564 istum
1164 1512 1416 1566 eumdem
1449 1527 1570 1567 esse
1605 1527 1730 1568 cum
1784 1511 1986 1582 Moyse,

407 1610 460 1656 et
493 1601 758 1669 scriptum
789 1603 876 1655 hic
904 1610 1079 1670 putat,
1133 1600 1367 1658 Musteus
1425 1601 1606 1658 Judaei
1663 1620 1692 1658 e
1740 1601 1990 1674 Nympha

409 1695 575 1764 ﬁlius,
619 1704 726 1751 etc.
767 1712 782 1763 ;
838 1704 1002 1768 atque
1047 1713 1111 1752 ex
1165 1713 1232 1752 eo
1282 1699 1538 1770 explicat.
1581 1700 1708 1768 quia
1760 1698 1990 1754 Mosese

2086 506 2182 552 aut
2209 507 2356 552 certe
2387 496 2524 552 duas
2559 495 2694 551 istas
2721 492 2906 548 Inachi
2955 500 3010 548 et
3050 491 3166 548 Jasi
3223 490 3352 547 tilias
3395 491 3528 550 Iones
3564 509 3589 546 a

2087 587 2368 646 veteribus
2413 585 2699 648 confundi.
2720 585 2880 656 juxta
2899 595 3128 656 quorum
3159 583 3330 638 varias
3354 582 3593 653 opiniones

2087 681 2294 737 dudum
2323 681 2441 750 ipse
2465 679 2736 736 Eusebius
2765 679 2902 733 hanc
2927 678 3095 747 ipsam
3144 675 3436 732 Promethei
3461 675 3593 732 tiliam

2087 773 2400 842 appellavit,
2449 787 2571 841 quae
2625 769 2751 826 lstri
2802 769 2942 838 apud
2977 769 3296 823 Clementem
3347 768 3596 823 Alexandr.

2087 865 2182 920 lib.
2229 881 2247 919 t
2293 864 2628 918 Stromatum
2679 861 2954 917 sententia
2986 859 3110 916 fuit.
3164 858 3474 914 Adversatur
3517 859 3600 914 hac

2089 957 2248 1012 nobis
2301 956 2355 1011 in
2404 971 2464 1011 re
2514 953 3025 1018 Schurzﬂeiscbius.
3052 951 3160 1023 {qui
3198 965 3319 1006 cum
3375 948 3602 1018 Scaligeri

2087 1046 2376 1102 lectionem
2405 1044 2523 1100 Jasi
2551 1044 2776 1100 minime
2805 1043 3018 1113 probet,
3047 1039 3279 1108 velitque
3315 1036 3484 1092 lnaclti
3534 1051 3604 1093 re-

2090 1138 2368 1193 tinendam
2403 1151 2556 1192 :non
2586 1138 2722 1192 duas
2762 1143 2947 1189 tamen
2993 1139 3088 1187 aut
3142 1130 3337 1200 plures.
3387 1129 3472 1184 sed
3513 1143 3603 1184 non

2091 1230 2196 1286 nisi
2218 1243 2380 1285 unam
2414 1228 2471 1284 Io
2500 1228 2668 1284 fuisse
2695 1227 2911 1292 statuit.
2969 1225 3101 1281 licet
3129 1220 3388 1293 sequioris
3411 1221 3498 1276 teri
3525 1235 3605 1274 au-

2089 1331 2270 1376 ctores
2308 1321 2408 1390 τὴν
2446 1320 2676 1392 πρώτην
2699 1321 2798 1373 καὶ
2826 1319 2928 1390 τὴν
2946 1317 3208 1387 δευτέραν
3232 1314 3484 1371 noverint.
3509 1311 3606 1376 ilic.

2089 1412 2188 1479 ait,
2210 1427 2276 1468 ex
2310 1413 2542 1468 aliorum
2567 1411 2836 1469 sententia
2869 1409 2925 1466 Io
2949 1407 3134 1464 Inachi
3164 1407 3325 1462 ﬁliam
3364 1405 3502 1472 lacit,
3532 1418 3609 1460 eos

2089 1507 2341 1562 videlicet
2363 1516 2607 1572 secutus.
2634 1506 2727 1576 qui
2753 1505 3032 1562 Inachum.
3055 1501 3223 1574 Moysi
3254 1499 3496 1570 aequalem
3519 1507 3613 1552 sta-

2094 1609 2275 1665 tuunt.
2297 1613 2406 1668 qua
2436 1599 2504 1655 de
2527 1614 2586 1654 re
2620 1599 2822 1655 dictum
2857 1597 2926 1652 ad
2973 1610 3193 1652 numer.
3220 1591 3338 1650 £60.
3366 1591 3468 1646 Nec
3491 1587 3614 1644 aliud

2093 1695 2284 1749 statuit
2316 1693 2594 1764 Ephorus,
2622 1693 2712 1762 qui
2757 1689 3042 1762 ἡρπάσθαι
3085 1686 3223 1757 φησι
3267 1684 3360 1756 τὴν
3411 1681 3490 1734 Ἰὼ
3529 1680 3612 1764 tim

407 1788 580 1842 ﬂuvio
610 1763 1268 1860 retractus.‘Nympltam.
1320 1763 1661 1861 Ιῇιιιριιατιίηι
1698 1797 1984 1855 patronam

2097 1763 2474 1838 Φοινίκωνκαὶ
2503 1780 2930 1850 διακομισθῆναι
2954 1779 3036 1841 είς
3074 1777 3375 1843 Αἴγυπτον,
3409 1771 3512 1861 ἀνθῖ
3558 1763 3611 1839 ἧς

407 1888 636 1934 matrem
674 1895 786 1950 prta
809 1879 1030 1933 homine
1082 1879 1338 1935 habuisse
1391 1878 1694 1934 videbatur.
1751 1877 1816 1933 Et
1863 1878 1992 1932 facit

408 1971 518 2026 huc
571 1979 772 2037 tamen,
803 1986 873 2025 ne
903 1971 1032 2039 quid
1062 1971 1546 2033 dissitnuletn..illa
1573 1971 1832 2024 Artabani
1863 1985 1990 2024 nar-

408 2063 590 2118 ratio:
625 2072 676 2118 et
706 2065 808 2118 sub
840 2062 1154 2120 Graecorum
1181 2062 1404 2126 Musaeo.
1435 2063 1609 2121 latere
1639 2061 1988 2117 Hebraeorum

410 2154 679 2226 Moysem,
702 2160 920 2210 tametsi
959 2156 1156 2211 fabulis
1187 2155 1309 2212 aliis
1339 2155 1658 2221 obductum.
1694 2171 1800 2209 tton
1865 2156 1989 2210 inti-

409 2250 547 2302 υἱον.
577 2247 816 2303 Men-Itin
848 2250 928 2305 ait
959 2265 975 2304 :
1009 2248 1204 2303 Nescio
1221 2264 1383 2322 quqm
1422 2249 1678 2323 Χενέφρῃ
1727 2249 1835 2302 τινὶ
1879 2266 1979 2303 κα-

409 2345 718 2411 τεγγυῆσαι
750 2342 862 2395 τῶν
884 2342 1026 2411 ὑπὲρ
1054 2343 1284 2412 Μέμφιν
1327 2341 1513 2396 τόπων
1575 2342 1986 2412 βασιλεύοντι...

410 2436 632 2500 στεῖραν
649 2431 1394 2502 ὑπάρχουσανζύπολαόἐσθαι
1415 2433 1559 2496 τινὸς
1581 2434 1690 2487 τῶν
1717 2431 1991 2490 Ἰουδαίων

405 2525 645 2588 παιδίον,
690 2525 850 2578 τοῦτο
895 2524 955 2578 δὲ
995 2525 1231 2580 Μὼῦσον
1280 2526 1572 2592 ὀνομάσαι,
1610 2527 1715 2578 ὑπὸ
1765 2527 1822 2579 δὲ
1878 2528 1989 2578 τῶν

415 2619 690 2688 Ἑλλήνων
715 2617 881 2672 αὐτὸν
923 2617 1276 2688 ἀνδρωθέντα
1305 2619 1660 2672 ΜΟΥΣΔΙΟΝ
1699 2634 1979 2686 προσαγοο

410 2711 694 2780 ῥιυθῆναι.
717 2709 836 2765 Non
873 2711 950 2766 ita
980 2717 1100 2781 qtlte
1126 2710 1430 2781 subiungit,
1462 2710 1724 2778 γενέσθαι
1776 2709 1834 2764 δὲ
1898 2710 1990 2763 τὸν

406 2805 644 2861 meum
666 2804 858 2860 τοῦτον
904 2805 1156 2874 Ὀρφέως
1183 2804 1507 2859 διδάσκαλον
1537 2821 1554 2872 ;
1613 2804 1702 2860 hic
1730 2804 1877 2858 enim
1922 2803 1990 2857 ad

407 2897 715 2967 posteriora
755 2895 996 2967 pertinet
1052 2904 1320 2965 tempora,
1379 2895 1447 2950 de
1515 2909 1625 2965 quo
1684 2895 1799 2964 ipse
1849 2893 1990 2948 intra

414 2990 680 3046 Eusebius
706 2987 774 3043 ad
799 3003 1090 3044 numerum
1117 2987 1244 3044 767.
1293 2987 1521 3042 Demum
1579 3001 1762 3056 neque
1821 2986 1991 3040 omit-

2091 1873 2439 1943 τὸνβασιλέα
2468 1873 2577 1926 τῶν
2606 1869 2926 1939 Αἰγυπτίων
2956 1867 3174 1936 πέμψαι
3216 1864 3401 1934 Ἰνάχῳ
3426 1859 3614 1931 ταῦρον.

2095 1965 2322 2036 Legitur
2349 1966 2453 2022 hoc
2479 1963 2845 2032 fragmentum
2876 1964 2933 2017 in
2977 1957 3223 2016 Scholiis
3271 1953 3522 2026 Apollonii
3567 1950 3652 2018 ad,

2093 2057 2186 2112 lib.
2223 2072 2282 2120 II.
2305 2071 2453 2113 vers.
2489 2057 2612 2118 1'18.
2667 2053 2959 2109 Africanus
2995 2052 3142 2121 apud
3183 2045 3478 2120 Syncellum
3522 2055 3619 2110 pag.

2091 2151 2186 2214 64.
2215 2150 2348 2205 edit.
2381 2149 2557 2204 Paris.
2589 2163 2607 2205 :
2635 2147 2839 2200 Τούτου
2873 2146 2893 2215 (
2911 2144 3148 2214 Ἰνάχου)
3181 2139 3420 2208 θυγάτηρ
3457 2133 3620 2203 ἰὼ,ἠν

2097 2244 2237 2296 Ἶσιν
2262 2241 2728 2312 μετουομάξοντες
2770 2239 3045 2293 σέϐουσιν.
3101 2237 3260 2290 Adde
3306 2233 3467 2300 ipsum
3508 2227 3623 2298 Syn-

2091 2333 2292 2389 cellum
2324 2349 2445 2403 pag.
2473 2331 2598 2398 126,
2624 2340 2680 2385 et
2707 2329 2793 2386 lo.
2813 2329 3064 2384 Malalam
3092 2344 3145 2398 p.
3184 2327 3276 2382 5i.
3304 2325 3496 2392 Nempe
3519 2319 3620 2390 quia

2091 2427 2358 2498 Epaphus
2387 2436 2440 2483 et
2467 2426 2599 2496 Apis
2633 2425 2797 2480 iidem
2837 2435 2987 2484 sunt.
3021 2421 3254 2478 Accedit
3301 2417 3436 2490 quod
3463 2417 3520 2470 tle
3559 2413 3620 2477 Io.

2091 2523 2204 2578 Jasi
2246 2522 2376 2586 lilia.
2409 2537 2517 2575 non
2551 2521 2836 2576 debuisset
2867 2518 3052 2572 dicere
3098 2514 3388 2577 Eusebius.
3442 2526 3544 2566 eam
3580 2509 3622 2561 itt

2092 2615 2385 2686 Egyptutu
2459 2615 2759 2686 profectam
2808 2611 3008 2668 Isidem
3083 2625 3216 2666 esse
3283 2616 3632 2675 nuncupatam,

2093 2706 2236 2776 quod
2271 2708 2445 2776 ipsum
2473 2706 2539 2761 de
2581 2705 2762 2774 priore
2789 2703 2845 2760 Io
2878 2718 3032 2760 num.
3069 2702 3179 2757 160
3202 2701 3312 2772 jam
3346 2697 3624 2770 pronuntia-

2095 2798 2186 2853 rit.
2217 2798 2493 2855 Hactenus
2523 2799 2636 2862 ille.
2682 2798 2841 2868 cujus
2875 2799 2993 2866 ipsa
3039 2797 3210 2851 verba
3258 2791 3630 2862 descripsimus.

2097 2899 2156 2945 ut
2187 2907 2308 2945 cum
2343 2890 2411 2944 iis
2434 2905 2556 2960 quae
2582 2891 2860 2959 disputata
2884 2886 3044 2944 nobis
3087 2896 3244 2952 sunt,
3269 2883 3506 2939 conferas
3531 2895 3542 2930 :
3584 2877 3628 2930 in

2093 3003 2156 3042 ea
2188 2987 2333 3044 enim
2363 2993 2673 3058 perstamus
2697 2985 2879 3040 adhuc
2906 2982 3194 3050 Opinione.
3221 2993 3274 3035 et
3308 2993 3420 3047 qua:
3459 2981 3506 3030 in
3534 2987 3630 3027 vac-

411 3082 632 3140 tendum
679 3087 784 3146 est,
820 3081 968 3151 quod
1020 3079 1285 3150 Scaliger.
1351 3079 1591 3150 editique
1631 3079 1725 3134 alii
1777 3087 1989 3134 veteres
2018 3117 2062 3172 α
2096 3099 2213 3137 cam
2247 3096 2538 3147 conversa,
2588 3079 2833 3149 Bosporo
2879 3091 3076 3133 nomen
3123 3076 3280 3140 fecit,
3329 3074 3436 3128 Jasi
3495 3069 3627 3124 ﬁliam

411 3170 537 3226 libri
565 3171 708 3225 hanc
732 3170 1039 3240 pericopem
1073 3178 1201 3224 ante
1233 3168 1577 3238 septennium
1602 3168 1893 3223 collocant.

481 3261 621 3317 Ibid.
652 3261 963 3317 Deucalion.
999 3261 1185 3331 Atque
1218 3261 1338 3316 haec
1375 3261 1442 3316 de
1491 3260 1820 3338 Deucalione
1859 3258 1993 3314 Sca-

396 3340 583 3425 liger,
617 3354 818 3423 aliique
845 3353 977 3408 editi
1007 3353 1131 3409 libri
1163 3363 1291 3409 ante
1342 3352 1777 3424 quinquennium
1813 3365 1831 3408 :
1885 3351 1995 3422 pri-

413 3464 539 3502 mus
567 3447 849 3503 Palatinus
885 3462 993 3501 ms.
1032 3446 1303 3517 superiori
1363 3446 1614 3516 proxime
1645 3455 1789 3501 anno
1820 3446 1993 3516 ponit.

413 3541 597 3595 Minus
633 3540 768 3595 illud
797 3538 1084 3604 credibile,
1116 3538 1260 3608 quod
1284 3537 1559 3594 Diodorus
1594 3537 1813 3594 Siculus
1841 3538 1941 3595 lib.
1963 3555 1998 3593 v

411 3635 581 3691 tradit
631 3633 1015 3690 Deucalionem
1059 3632 1210 3689 hunc
1279 3631 1594 3688 Phorbante
1670 3631 1996 3700 Argivorum

411 3742 543 3794 rege
569 3726 840 3794 iuniorem
875 3723 1271 3793 ἑπτὰιγενεαῖς,
1305 3733 1504 3792 septem
1526 3723 1806 3789 wlalibus,
1829 3723 2000 3778 exsti-

414 3822 574 3876 tisse.
596 3819 840 3874 Marmor
871 3808 1357 3874 Arundeliannmt
1393 3817 1588 3872 iisdem
1624 3818 1796 3869 ferme
1836 3825 1998 3882 atque

418 3913 702 3969 Eusebius
758 3913 978 3976 verbis,
1023 3912 1146 3979 Ἀφ’
1205 3905 1267 3965 οὗ
1322 3910 1634 3964 Δευκαλίων
1692 3908 1846 3979 παρὰ
1905 3908 2000 3962 τὸν

414 4004 740 4075 Παρνασσὸν
768 4006 826 4058 ἐν
848 4000 1144 4072 Δῦκωριίᾳ
1173 3998 1738 4066 ὲῦασίλευσεΝἱάθιιῙδ
1764 3999 1882 4067 ejus
1914 3999 1998 4053 in-

415 4106 715 4164 terpretes.
782 4093 985 4149 Strabo
1039 4101 1220 4146 autem
1272 4090 1372 4145 lib.
1434 4105 1487 4145 tx
1539 4104 1668 4144 eum
1723 4088 1861 4143 dixit
1901 4087 2002 4158 τῆς

413 4187 706 4250 Φθιωτίδος
734 4185 919 4257 ἄρξαι.
939 4185 1036 4240 καὶ
1061 4183 1250 4248 ἁπλῶς
1275 4184 1378 4254 τῆς
1402 4182 1726 4244 Θεσσαλίας,
1767 4180 1994 4236 Phthio-

2099 3176 2500 3238 existimamus.
2531 3189 2652 3244 qua
2679 3173 2725 3230 si
2759 3171 2944 3227 Inachi
2993 3171 3136 3225 dicta
3181 3179 3265 3225 est
3315 3170 3450 3233 aliis.
3492 3181 3548 3220 ex
3579 3177 3644 3254 ea‘

2098 3269 2300 3324 factum
2328 3267 2652 3323 confusione
2673 3274 2949 3336 est,quam
2968 3264 3235 3330 diximus,
3255 3272 3310 3318 et
3339 3277 3490 3332 quam
3515 3260 3644 3356 ipse:

2101 3367 2212 3412 met
2259 3359 2531 3414 Eusebius
2577 3372 2679 3427 pro
2734 3357 2881 3410 varia
2937 3363 3232 3409 auctorum
3285 3351 3522 3423 opinione
3559 3362 3628 3401 re-

2099 3451 2226 3506 fert.
2263 3451 2435 3505 Porro
2464 3464 2629 3522 quam
2666 3449 2752 3504 his
2778 3448 2964 3503 subdit
3015 3446 3265 3515 Scaliger
3293 3455 3410 3515 post
3437 3441 3628 3497 verbum

2081 3547 2424 3617 'appellatur.
2457 3514 2541 3600 vel
2581 3544 2882 3613 appellatus
2911 3549 3012 3604 est.
3045 3514 3306 3595 laciniam
3337 3514 3648 3604 huiusmodi.

2099 3648 2149 3693 et
2195 3639 2485 3692 secundum
2512 3636 2793 3692 nonnullos
2821 3636 2876 3689 in
2916 3633 3218 3703 AZgyptum
3263 3631 3509 3701 profecta.
3559 3624 3641 3680 Isis

2101 3740 2426 3797 nuncupata,
2454 3747 2572 3799 qua
2598 3738 2768 3798 nupta
2814 3737 2998 3798 postea
3049 3725 3335 3798 Telegono.
3398 3720 3636 3790 Epaphum

2099 3826 2300 3894 genuit.
2339 3839 2512 3892 neque
2537 3821 2872 3882 Parmensis.
2895 3833 3073 3887 neque
3122 3817 3356 3892 Palatini
3417 3820 3640 3883 quatuor,

2102 3925 2192 3968 aut
2232 3930 2369 3982 quos
2407 3913 2676 3969 Pontacns
2699 3910 2973 3968 consuluit
3008 3925 3163 3973 mss..
3198 3925 3300 3965 nec
3330 3909 3547 3976 denique
3570 3920 3644 3958 ve-

2105 4007 2360 4061 tustiores
2386 3986 2655 4061 editio'nes
2686 3995 2784 4058 hic
2809 4003 2914 4059 loci
2945 4012 3254 4072 agnoscunt
3283 4019 3299 4071 ;
3327 4001 3462 4057 bene
3486 4008 3637 4054 autem

2105 4097 2352 4156 inferius.
2384 4097 2600 4151 tametsi
2624 4110 2690 4152 ea
2717 4093 3002 4165 Syncellus
3033 4093 3298 4150 continua
3355 4080 3490 4148 serie
3537 4088 3643 4143 sub-

2099 4190 2296 4260 iungit.
2335 4189 2440 4244 Sed
2473 4197 2529 4243 et
2558 4188 2701 4242 hanc
2740 4186 2980 4242 fabulam
3029 4196 3157 4241 ante
3190 4201 3368 4242 annos
3415 4184 3644 4256 quinque.

415 4279 532 4342 ridi.
553 4288 604 4335 et
631 4277 944 4350 simpliciter
981 4276 1264 4332 Thessalia
1289 4275 1594 4344 imperasse.
1640 4273 1922 4328 Cedrenus
1947 4281 2004 4328 et
2105 4292 2164 4336 ut
2195 4282 2264 4337 de
2303 4281 2427 4336 aliis
2456 4281 2618 4334 modo
2644 4278 2900 4342 diximus.
2929 4277 3172 4350 Scaliger
3208 4287 3472 4334 recenset.

420 4369 616 4425 Malala
646 4385 745 4439 pro
771 4369 876 4424 hac
911 4367 1140 4424 historia
1167 4367 1328 4422 aliam
1379 4365 1512 4436 aspt
1561 4364 1657 4418 τοῦ
1721 4365 2000 4419 κατακλυ-

417 4461 560 4534 σμοῦ
591 4461 950 4522 substituunt.
976 4460 1045 4514 tle
1082 4474 1188 4528 qtta
1230 4461 1354 4514 mo'x
1381 4458 1648 4513 dicemus.

489 4554 608 4608 Col.
664 4553 790 4608 287.
843 4553 1135 4618 Iudicium.
1193 4549 1365 4620 Negat
1424 4549 1677 4606 laudatus
1723 4549 2001 4620 Scaligero

421 4645 804 4711 Apollodorus.
867 4645 1166 4712 Cecropem
1222 4641 1277 4695 itt
1326 4656 1392 4697 eo
1449 4641 1658 4709 judicio
1732 4641 1998 4696 arbitrum

421 4737 612 4794 fuisse.
641 4740 800 4802 Ζεὺς,
837 4735 1038 4806 inquit,
1068 4733 1262 4807 κριτὰς
1289 4731 1512 4800 ἔδωκαν,
1566 4733 1666 4802 οὐχ
1713 4734 1792 4797 ὡς
1846 4729 2002 4788 εἶπόν

422 4847 590 4896 τινες,
639 4830 903 4899 Κέκροπα
933 4829 1030 4882 καὶ
1061 4827 1337 4898 Κραναὸν,
1359 4824 1486 4880 οὐδὲ
1512 4823 1802 4898 Ἐρεχθέα,
1839 4824 1997 4889 θεοὺς

423 4923 479 4976 ει
500 4923 730 4986 δώδεκα,
761 4921 1112 4980 ete.’.ludices
1161 4919 1370 4990 Jupiter
1418 4918 1710 4985 constituit,
1773 4935 1898 4982 non,
1945 4925 2002 4970 ut

425 5012 641 5080 quidam
675 5011 880 5078 dicunt,
922 5012 1200 5081 Cecropem
1232 5021 1282 5065 et
1332 5009 1626 5076 Cranaum.
1655 5019 1749 5064 aut
1805 5008 2002 5064 Erech-

426 5104 622 5168 theum,
650 5104 738 5157 sed
769 5107 895 5158 deos
919 5105 1217 5160 duodecim.
1249 5103 1385 5156 Vide
1415 5104 1500 5157 hic
1531 5103 1808 5174 geminum
1849 5101 2002 5172 judi-

425 5201 568 5255 cintn
601 5199 742 5266 apud
778 5198 1109 5251 Pausaniam
1132 5199 1184 5251 in
1221 5198 1547 5251 Coriuthiac.
1576 5214 1624 5250 (ι.
1664 5197 1751 5250 l5.

498 5291 616 5349 Col.
637 5290 762 5345 285.
797 5288 861 5343 Io
891 5287 1076 5344 Inachi
1111 5291 1260 5358 filim.
1293 5291 1370 5344 Ita
1405 5289 1589 5344 Inarlti
1621 5289 1783 5341 filiam
1805 5297 2004 5342 vocant

432 5381 744 5440 Parmensis
770 5399 833 5437 ac
867 5379 1094 5436 Palatini
1129 5398 1263 5436 mss.
1292 5393 1612 5450 veteresque
1653 5379 1781 5434 editi
1843 5381 2002 5441 pleri-

431 5491 543 5544 que
573 5476 719 5535 liltri.
762 5491 825 5528 ac
851 5465 1066 5527 demum
1106 5470 1348 5540 Scaliger
1378 5473 1491 5541 ipsc
1525 5473 1578 5526 in
1603 5470 1810 5527 Graecis
1831 5469 2001 5539 Frag-

428 5567 652 5631 mentis.
684 5567 886 5622 cnmin
923 5564 1119 5618 Latino
1165 5573 1347 5617 tamen
1403 5565 1706 5633 repnsuerit
1767 5561 1882 5616 Jasi
1933 5578 2000 5616 ex

424 5660 641 5714 tlnohus
675 5675 807 5714 mss.
834 5657 1296 5729 quemadmodum
1330 5665 1380 5708 et
1409 5657 1462 5708 in
1520 5671 1652 5708 novo
1700 5658 1870 5715 codice
1927 5656 2004 5710 Ic-

425 5763 574 5824 ptntn
621 5752 980 5840 Antiqnarius
1017 5750 1392 5821 salmasianns
1425 5756 1596 5817 notat.
1628 5747 1796 5814 Nobis
1813 5749 2000 5815 obser-

2177 4376 2293 4430 Col.
2315 4375 2441 4428 287.
2470 4371 2814 4428 Chenclteres.
2851 4370 2983 4438 Quae
3010 4370 3144 4424 hinc
3182 4369 3525 4439 subsequitur
3567 4363 3646 4436 ρῆο

2034 4453 2078 4506 ι)
2110 4483 2216 4530 σιτ,
2251 4465 2360 4520 Iste
2392 4476 2469 4520 est
2507 4465 2721 4520 Pharao
2761 4462 3039 4524 Cliencres.
3075 4470 3206 4526 εις..
3253 4473 3362 4518 tata
3398 4459 3461 4515 ad
3510 4458 3643 4512 linem

2106 4574 2282 4627 usque
2337 4559 2389 4611 in
2452 4557 2735 4614 Parmensi
2771 4572 2873 4612 ms.
2918 4555 3284 4615 desideratur.
3318 4565 3376 4608 ut
3416 4553 3567 4608 etiam
3600 4548 3646 4602 in

2103 4649 2322 4702 duobus
2345 4647 2628 4702 Palatinis.
2663 4646 2772 4700 Nec
2811 4660 2944 4699 sane
2967 4659 3086 4698 eam
3122 4644 3369 4712 Scaliger
3402 4641 3543 4697 novit
3567 4655 3582 4698 :
3603 4646 3648 4689 t‘l

2105 4749 2316 4794 veteres
2342 4737 2562 4807 quidam
2587 4737 2718 4792 editi
2745 4736 2869 4792 libri
2915 4751 2980 4790 ex
3013 4745 3165 4805 parte
3203 4743 3408 4790 tantum
3453 4732 3645 4792 habent.

2105 4834 2221 4889 sive
2242 4833 2474 4901 priorem
2504 4830 2813 4899 periocltam
2840 4843 3021 4899 usque
3046 4827 3112 4882 ad
3138 4829 3300 4882 verba
3335 4828 3541 4882 obrutus
3561 4831 3646 4877 est.

2103 4923 2292 4990 Quoad
2330 4920 2641 4983 historiam.
2674 4918 2978 4972 concinunt
3011 4917 3231 4988 quidem
3265 4915 3494 4972 Eusebio
3528 4915 3642 4969 Oro-

2104 5017 2219 5071 sius
2260 5016 2358 5069 Iib.
2390 5031 2430 5075 t.
2467 5029 2589 5082 cap.
2628 5011 2715 5072 10.
2773 5027 2838 5064 ac
2892 5009 3274 5066 Theodoretus
3323 5010 3423 5077 Qu.
3487 5007 3569 5067 25.
3599 5007 3642 5056 itt

2103 5107 2276 5162 Exod.
2313 5107 2548 5160 Sanctus
2573 5120 2702 5159 vero
2731 5102 3066 5172 Theophilus
3103 5103 3194 5157 lib.
3225 5119 3281 5158 ιιι
3325 5103 3390 5156 ad
3449 5099 3648 5166 Autoly-

2103 5214 2226 5252 cum
2270 5215 2420 5250 tntm.
2469 5197 2556 5258 I9.
2589 5195 2970 5265 Egyptiorum
3006 5210 3193 5264 regum
3243 5194 3436 5249 seriem
3495 5205 3642 5258 expo-

2103 5305 2262 5347 nens.
2301 5287 2444 5342 hunc
2474 5285 2836 5348 Pharaonem.
2868 5301 3030 5353 quem
3060 5295 3113 5338 et
3161 5285 3444 5352 nepr
3489 5288 3642 5339 vocat.

2101 5395 2527 5449 superregnasse
2559 5378 2722 5433 tradit
2753 5377 2892 5446 μετὰ
2915 5379 3016 5442 τὴν
3047 5377 3278 5445 ἐκϐολὴν
3299 5374 3394 5429 τοῦ
3423 5372 3542 5427 λαοῦ
3562 5371 3640 5436 ἔτι]

2102 5475 2278 5526 εἴκοσι
2330 5473 2493 5524 πέντε
2544 5473 2637 5524 καὶ
2674 5471 2849 5541 μῆνας
2904 5471 2972 5535 δ’,
3011 5469 3090 5532 ὡς
3135 5469 3408 5539 ὑφῄρηται
3455 5465 3643 5520 Mauor-

2104 5564 2212 5622 Θώς
2246 5578 2258 5592 ·
2302 5561 2425 5614 Post
2467 5569 2707 5615 exactum
2737 5558 2988 5626 populum
3013 5561 3167 5612 annis
3199 5557 3258 5611 ‘24
3315 5563 3367 5608 et
3414 5549 3642 5606 mensibus

2103 5662 2352 5720 quatuor,
2387 5662 2439 5704 ut
2467 5658 2720 5719 supputat
2762 5647 3082 5702 Mana’thos.
3113 5645 3190 5700 Ita
3229 5662 3290 5701 ex
3337 5645 3518 5698 eodem
3551 5639 3640 5692 Ma-

2106 5748 2358 5813 ngetbone
2384 5743 2546 5813 sentit
2587 5752 2638 5799 ct
2675 5740 2948 5823 .Iosepltus
2976 5740 3070 5796 l'tb.
3104 5755 3119 5796 t
3155 5748 3338 5806 contra
3363 5733 3638 5814 Apioncm:
