3864 6182
234 338 341 401 ’761

1511 342 1920 406 VALLARSII
1953 343 2199 404 NOTAE.

3391 335 3500 400 τις».

233 457 588 512 Pharaonem
616 472 750 513 vero
775 457 927 540 illum
961 459 1148 530 populi
1201 459 1545 528 expulsorem
1580 452 1807 532 τέθμω-

1924 472 2016 528 ger
2044 473 2110 513 ex
2138 471 2362 512 nummo
2420 453 2709 510 Domitiani
2778 452 3070 512 ΔΙΑΔΕΩΝ
3099 451 3496 516 ΝΕΟΚΟΡΩΝ,

229 567 346 614 σιν,
383 548 733 612 Tethmosim,
769 549 1024 618 appellat.
1060 549 1170 622 Ego
1198 549 1345 604 illum
1379 550 1430 605 in
1459 550 1661 622 Ogyge,
1695 565 1816 619 quas

230 639 614 692 recentiorum
643 649 724 693 est
755 640 1039 694 hominum
1095 640 1538 695 doctissimorum
1597 650 1818 696 senten-

231 729 336 795 tia,
371 729 757 785 adumbratum
785 731 951 786 credo
977 746 993 788 :
1025 733 1119 787 sed
1149 747 1257 788 non
1279 741 1362 788 est
1389 732 1477 788 hlc
1495 735 1646 789 locus
1669 732 1816 789 edis-

225 823 498 877 serendo.
1213 862 1217 866 .

299 914 450 969 lhid.
484 915 690 969 Diade.
716 913 904 985 Neque
940 914 1029 970 hic
1062 917 1195 972 satis
1217 915 1358 972 bene
1399 917 1598 971 lectum
1628 924 1810 984 antea,

222 1001 513 1062 Pontacus
539 1007 767 1062 Athenas
795 1006 1055 1074 condidit,
1099 1024 1259 1077 quam
1299 1017 1350 1062 et
1396 1007 1598 1062 Diades
1649 1009 1817 1061 nomi-

221 1101 381 1153 nauit
411 1105 436 1155 :'
471 1098 734 1169 Scaliger,
773 1098 1007 1153 Athenas
1032 1115 1164 1170 quas
1209 1108 1258 1154 et
1302 1099 1501 1154 Diadas
1530 1101 1764 1154 condidit
1794 1115 1814 1154 :

219 1191 345 1257 alii,
405 1205 527 1260 qua:
561 1199 611 1242 et
644 1188 860 1243 Diades.
891 1188 1030 1244 Vera
1088 1205 1191 1246 ms.
1228 1197 1314 1244 est
1363 1190 1550 1254 lectio,
1581 1189 1813 1244 Athenas

218 1283 495 1344 condidit.
543 1297 678 1352 quas
715 1290 765 1335 et
795 1281 1001 1338 Diadas
1036 1281 1330 1337 nominant.
1361 1279 1530 1336 Porro
1571 1280 1816 1351 Scaliger

217 1391 497 1447 perquam
521 1374 732 1429 erudite
759 1373 814 1427 in
842 1373 988 1429 notis
1016 1389 1033 1431 :
1065 1371 1198 1436 luto,
1229 1373 1433 1443 inquit,
1476 1372 1601 1428 Dias
1626 1374 1814 1429 Aban-

217 1469 292 1522 tis
316 1467 552 1522 Alconis
611 1473 666 1521 et
700 1463 990 1519 Arethusa:
1033 1464 1223 1531 frater,
1258 1467 1356 1521 has
1380 1465 1625 1522 Athenas
1675 1482 1812 1523 con-

215 1559 391 1620 didit,
448 1560 596 1613 uude
632 1556 840 1620 volunt,
889 1556 1088 1619 Διάδις
1139 1559 1577 1627 cognominatas,
1637 1567 1698 1613 ut
1741 1559 1812 1615 ab

213 1648 462 1704 Athenis
512 1646 710 1703 Atticis
773 1644 1263 1718 distinguerentur.
1315 1648 1530 1719 Alioqui
1596 1650 1810 1719 Κεκρο-

1919 549 2067 605 clves
2090 549 2257 620 hujus
2293 548 2445 604 urbis
2473 548 2606 603 dicti
2635 547 2750 602 sint
2785 562 2801 604 :
2836 561 2959 601 nam
3011 553 3260 615 possunt,
3297 545 3494 613 inquit,

1919 643 2080 698 etiam
2114 641 2261 698 cives
2291 640 2474 696 Diadis
2505 640 2658 694 urbis
2711 638 2892 708 Lyciae
2952 636 3202 706 intelligi.
3265 637 3503 708 Stepha-

1921 750 2046 800 nus,
2073 733 2229 787 AIAC
2266 733 2422 795 πόλις
2457 732 2685 794 Λυκίας,
2709 731 2778 801 ἢν
2812 729 3008 801 Διάδης
3040 728 3248 783 ἔκτισε.
3282 729 3358 781 Τὸ
3409 730 3501 782 ἑθ-

1851 841 1870 854 ·
1919 825 2070 879 νικὸν
2119 823 2366 887 Διαδεύς.
2426 821 2600 877 Porro
2645 822 2991 876 Abrahamus
3042 821 3358 877 Berchelius
3423 821 3494 876 ad

1920 915 2258 988 Stephanum
2295 929 2415 985 pag.
2442 915 2534 980 Η,
2568 912 2758 970 (ἔντερα
2786 911 3006 967 Eusebii
3044 911 3120 966 ita
3149 913 3444 967 constituit
3477 927 3497 970 :

1917 1009 2146 1081 Κέκροψ
2184 1008 2438 1079 Ἀθήνας,
2469 1007 2600 1072 Δίας
2631 1005 2729 1060 καὶ
2772 1004 2992 1068 Διάδας,
3023 1005 3082 1057 ὲν
3113 1003 3315 1075 Εὐϐοίᾳ
3333 1004 3495 1058 Exst-

1919 1117 2032 1154 σξν.
2074 1099 2168 1154 Illa
2219 1109 2402 1155 tamen
2462 1097 2797 1163 emendatio,
2831 1096 2916 1151 vel
2969 1096 3094 1171 ideo
3133 1111 3242 1151 non
3295 1095 3495 1166 placet,

1917 1192 2062 1262 quod
2091 1190 2409 1260 Hieronymi
2451 1189 2689 1246 versioni
2720 1199 2774 1244 et
2821 1187 3076 1259 Syncello
3106 1185 3454 1242 contradicit.

1989 1283 2109 1340 Col.
2137 1283 2268 1340 285.
2300 1281 2368 1337 In
2395 1281 2698 1350 Ait/tiopia.
2724 1279 2863 1334 Male
2895 1279 3180 1335 historiam
3215 1278 3498 1333 connectit

1915 1375 2180 1456 Sqaliger,
2218 1383 2274 1431 et
2317 1375 2483 1431 verba
2513 1375 2569 1428 in
2601 1371 2906 1437 xEthiopia.
2975 1372 3122 1426 unde
3157 1370 3325 1426 altera
3357 1371 3500 1439 peri-

1914 1484 2049 1539 cope
2081 1468 2388 1536 inchoatur,
2428 1467 2495 1522 ad
2529 1465 2816 1531 diluvium,
2849 1463 2992 1533 quod
3015 1463 3118 1519 sub
3153 1462 3496 1519 Phaethonte

1914 1560 2120 1618 factum
2150 1570 2255 1626 est,
2291 1559 2481 1615 refert.
2519 1556 2747 1613 Frustra
2779 1557 2919 1610 adeo
2945 1554 3199 1625 queritur
3232 1554 3289 1609 in
3321 1553 3492 1613 notis.

1912 1653 2056 1724 quod
2091 1652 2308 1709 diverse
2334 1661 2549 1708 veteres
2577 1650 2720 1704 hanc
2749 1646 2987 1703 fabulam
3013 1654 3236 1711 vexant,
3266 1645 3492 1714 etquod

214 1743 387 1803 πίδες
416 1739 818 1811 cognominatae
846 1736 1103 1802 fuissent,
1157 1739 1202 1794 si
1234 1753 1423 1794 verum
1474 1748 1612 1807 erat,
1663 1740 1808 1811 quod
1843 1804 1880 1811 _
1917 1743 2208 1807 Eridanus.
2245 1744 2301 1798 in
2335 1755 2499 1811 quem
2531 1739 2814 1796 Phaethon
2847 1736 3082 1803 cecidit,
3122 1737 3286 1806 longe
3313 1735 3388 1791 sit
3423 1737 3496 1791 ab

215 1834 312 1888 hic
357 1804 585 1890 dicitur.
611 1831 1103 1888 Schurzﬂeischius
1129 1831 1353 1888 adducit
1377 1804 1607 1903 quoque
1628 1804 1810 1904 Epho-
1842 1804 1885 1860 Β
1912 1804 2227 1903 Ethiopia-
2256 1804 2488 1887 Frustra
2522 1829 2689 1885 etiam
2723 1842 2788 1884 ac
2817 1835 3014 1898 praeter
3037 1840 3154 1881 rem
3187 1804 3404 1896 longam
3427 1838 3496 1879 es

214 1929 260 1982 ri
306 1926 694 1982 testimonium
720 1939 789 1979 ex
819 1924 957 1978 libro
985 1925 1145 1981 tertio
1176 1925 1318 1993 apud
1360 1925 1696 1994 Stephanum
1754 1928 1810 1985 in

225 2019 490 2088 Ἀθῆναι,
551 2032 661 2084 quo
719 2015 979 2084 Scaligeri
1029 2018 1299 2073 sententia
1348 2015 1562 2080 nititur,
1619 2029 1811 2076 contra

209 2113 493 2174 Goarum,
531 2109 701 2181 gratis
733 2123 797 2164 ea
846 2109 952 2164 dici
998 2124 1063 2164 ac
1107 2109 1228 2164 sine
1284 2119 1811 2167 auctore'asseren-

214 2216 365 2260 tem.
396 2203 519 2258 Mox
547 2203 689 2258 idem
715 2201 960 2273 Scaliger
1019 2201 1087 2256 de
1119 2202 1502 2260 Orchomeno:
1566 2202 1811 2258 llalluci-

214 2297 404 2362 natio,
440 2295 537 2357 ait,
569 2303 655 2349 est
709 2292 778 2349 ab
829 2293 1180 2365 homonymia
1248 2295 1478 2365 Ἀθῆναι
1549 2295 1811 2349 Εὒόοῖκαὶ

212 2397 598 2458 cognomento
646 2388 858 2451 Διάδες.
925 2387 1150 2453 Ἀθῆναι
1213 2403 1340 2442 vero
1385 2388 1656 2454 Βοιώτιαι,
1716 2399 1812 2444 aut

213 2485 546 2549 Βοιωτικαὶ,
571 2482 678 2535 alio
710 2481 930 2536 nomine
963 2481 1299 2551 Ὀρχομενὸς
1355 2481 1533 2536 dieue.
1600 2481 1674 2539 De
1722 2482 1810 2539 his

213 2578 541 2646 Stephanus
569 2593 584 2631 :
611 2575 852 2647 Ἐκλήθη
877 2576 933 2628 δὲ
988 2577 1021 2644 ἠ
1053 2575 1232 2640 πόλις,
1267 2575 1342 2638 ὥς
1369 2593 1514 2639 τινες
1545 2577 1649 2643 μέν
1701 2595 1809 2646 φα-

213 2688 336 2732 σιν,
385 2669 635 2737 Ἀθῆναι,
668 2668 820 2722 ἄλλοι
844 2667 925 2730 δὲ,
959 2668 1314 2738 Ὀρχομενὸς,
1346 2669 1424 2733 ὡς
1453 2670 1503 2723 οἱ
1540 2669 1807 2738 Βοιωτοίς

211 2778 350 2830 qua:
396 2771 527 2816 sunt
555 2761 669 2828 ipsa
699 2760 864 2816 verba
904 2759 1145 2823 Eusebii,
1171 2761 1263 2815 sed
1303 2761 1410 2815 alio
1446 2763 1681 2828 detorta,
1715 2763 1810 2831 qui

209 2855 472 2908 Athenas
507 2853 775 2907 Bmoticas
805 2851 872 2906 ab
906 2851 1166 2906 Euhoicis
1211 2867 1319 2906 non
1350 2852 1661 2923 distinguit.
1695 2854 1811 2911 Ali-

209 2959 360 3016 quot
395 2953 650 3000 numerat
672 2945 1002 3014 Stephanus.
1031 2959 1193 3014 quem
1226 2944 1372 3000 vide.
1420 2945 1590 3001 Porro
1633 2946 1678 3002 si
1710 2962 1809 3000 ve-

209 3054 348 3093 rum
376 3046 516 3100 erat,
542 3052 570 3091 a
603 3037 887 3091 conditore
936 3035 1129 3090 Diante
1171 3036 1413 3092 Athenas
1453 3037 1810 3108 cognomina-

1915 1924 2225 1995 Epiphanio
2276 1921 2529 1979 laciniam
2571 1919 2798 1984 laudat,
2834 1919 2924 1974 ubi
2953 1917 3228 1974 dicuntur
3251 1915 3496 1988 Egyptii

1913 2015 2216 2088 quotannis
2252 2016 2475 2070 rubrica
2519 2026 2734 2085 greges,
2772 2020 3041 2073 armenta,
3071 2016 3246 2078 atque
3267 2009 3498 2064 arbores
3589 2009 3592 2013 ’

1915 2107 2196 2174 iniecisse,
2248 2106 2476 2162 ineunte
2520 2118 2670 2167 vere,
2709 2103 2857 2172 quod
2913 2116 3043 2155 vere
3086 2100 3300 2154 scilicet
3349 2112 3497 2153 novo

1915 2201 2060 2270 ignis
2095 2209 2273 2256 totum
2300 2197 2490 2253 orbem
2525 2197 2789 2264 depastus
2831 2191 2926 2247 sit.
2966 2190 3167 2246 Fraudi
3213 2189 3292 2244 illi
3329 2187 3496 2244 fuerit

1913 2293 2137 2350 Graecus
2166 2289 2311 2362 apud
2335 2286 2653 2360 Syncellum
2682 2293 2886 2348 textus,
2907 2298 2940 2338 a
2969 2299 3078 2352 quo
3113 2282 3495 2353 primumhaec

1913 2384 2167 2438 videntur
2205 2381 2424 2447 luxata,
2455 2380 2483 2432 ὁ
2513 2378 2608 2432 ἐπὶ
2659 2375 2962 2438 Φαέθοντος
3024 2373 3362 2444 ιμπρησμὺς
3431 2374 3494 2427 ιν

1911 2475 2194 2546 Milionia.
2265 2471 2467 2526 Πολλαὶ
2492 2471 2550 2523 δὲ
2575 2473 2672 2525 καὶ
2699 2468 2880 2534 ἄλλαι,
2916 2485 2974 2520 κ.
3003 2484 3056 2520 τ.
3091 2466 3143 2520 λ.
3186 2465 3364 2520 Latini
3395 2480 3494 2518 au-

1913 2579 2021 2625 tem
2052 2567 2197 2630 libri.
2224 2583 2332 2622 nou
2355 2581 2462 2622 tus.
2486 2565 2686 2624 solum.
2720 2563 2812 2617 sed
2836 2560 3004 2616 etiam
3029 2558 3186 2626 editi,
3218 2557 3494 2612 Pontacus

1899 2676 2154 2732 'quoque,
2209 2673 2374 2728 quam
2441 2667 2496 2712 et
2555 2670 2654 2711 uos
2715 2657 3017 2709 retinemus
3079 2649 3490 2706 distinctionem

1914 2754 2200 2822 utriusque
2243 2750 2517 2822 periocha:
2549 2748 2805 2817 probant.
2845 2746 2951 2801 Sed
2991 2754 3045 2800 et
3071 2743 3324 2799 laudatus
3353 2741 3490 2812 ipsi.

1913 2853 2024 2908 met
2051 2843 2352 2913 Scaligero,
2376 2842 2606 2897 Orosius
2627 2841 2690 2892 ad
2717 2837 3054 2905 Ethiopiatn
3083 2844 3265 2905 pestes
3298 2833 3491 2896 refert,

1912 2937 2117 2990 dudum
2165 2934 2413 2990 recitatis
2462 2947 2583 3002 qua:
2621 2931 2687 2986 ad
2738 2930 3004 2985 diluvium
3082 2926 3432 2997 pertinebant
3472 2943 3491 2980 :

1915 3029 2064 3084 Tunc
2097 3029 2280 3090 etiam,
2327 3026 2527 3096 inquit,
2579 3025 2634 3078 in
2658 3023 2954 3091 -ᾹῖιΙιὶορὶιι
2992 3030 3162 3088 pestes
3201 3019 3491 3088 plurimas,

209 3139 300 3183 las
355 3127 549 3191 fuisse.
600 3144 706 3182 non
767 3129 967 3194 Διὰδας
999 3132 1172 3188 dictas
1200 3133 1485 3203 oportuit,‘
1509 3133 1605 3189 sed
1636 3136 1805 3188 Διαν-
1832 3138 1877 3198 α
1910 3124 2159 3193 dirosque
2201 3119 2436 3181 morbos,
2483 3133 2616 3188 pene
2646 3131 2808 3178 usque
2841 3115 2911 3168 ad
2941 3113 3327 3203 desolationem
3349 3125 3495 3165 exa-

207 3221 396 3280 τίδας.
433 3219 549 3274 Hoc
579 3219 725 3274 enim
759 3222 983 3277 omnino
1014 3223 1181 3292 exigit
1204 3225 1473 3294 analogia.
1520 3227 1637 3297 Ego
1661 3226 1806 3290 inon

209 3310 419 3365 dubito
453 3326 482 3365 a
519 3312 898 3381 promontorio
933 3313 1175 3379 Euboan,
1205 3318 1272 3370 ad
1308 3318 1454 3386 quod
1485 3316 1604 3374 sitae
1625 3328 1805 3386 erant,

213 3401 430 3468 dictas,
464 3403 554 3458 cui
587 3417 786 3459 nomen
810 3406 954 3472 Δῖον,
989 3415 1042 3462 et
1093 3408 1140 3461 ei
1191 3421 1492 3478 cognomen
1547 3410 1805 3480 oppidum

215 3495 372 3561 apud
437 3494 736 3551 Homerum
797 3497 924 3552 Δίου
955 3497 1007 3552 τ’
1035 3499 1172 3554 αἰπὺ
1217 3500 1542 3572 πτολίεθρον
1579 3519 1594 3556 :
1646 3512 1706 3556 ut
1738 3504 1806 3559 ab

211 3584 496 3640 alterutro
541 3586 733 3648 Διάδες
761 3585 919 3643 dicta:
965 3587 1080 3644 sint
1110 3608 1123 3644 :
1157 3597 1212 3642 et
1243 3599 1532 3660 propterea
1571 3590 1802 3660 primam

209 3678 456 3750 produci
494 3697 508 3732 :
543 3679 688 3748 quod
727 3694 834 3737 non
864 3680 1050 3747 fuerit,
1085 3681 1131 3737 si
1165 3682 1274 3736 ἀπὸ
1319 3682 1416 3737 τοῦ
1448 3683 1672 3746 Δίαντος
1709 3701 1806 3739 co-

214 3767 562 3839 gnominata:
594 3772 848 3826 fuissent.
883 3772 1064 3840 Quare
1087 3773 1140 3828 in
1172 3771 1294 3828 Vita
1323 3775 1474 3828 Arati
1530 3775 1606 3829 ita
1669 3775 1806 3840 legi-

211 3881 370 3930 mus,
397 3864 493 3919 sed
533 3863 686 3929 prius
729 3863 1044 3920 fmdissimis
1085 3866 1297 3922 mendis
1359 3867 1590 3922 sublatis
1622 3884 1638 3924 :
1673 3868 1808 3922 ῖΚαὶ

212 3956 388 4010 πάλιν
416 3953 647 4021 ’Δθῆναι
668 3955 769 4024 μέν
799 3954 909 4009 εισι
939 3955 1042 4024 τῆς
1085 3957 1362 4026 Ἀττικῆς,
1420 3957 1530 4012 εἰσὶ
1590 3958 1650 4011 δὲ
1710 3959 1807 4012 καὶ

209 4053 317 4119 τῆς
367 4050 604 4114 Εὐδοίας
641 4050 867 4120 ’Δθῆναι
903 4052 1115 4118 Διάδες,
1143 4045 1220 4106 ὧν
1251 4053 1507 4123 pegma
1542 4054 1600 4107 ἐν
1629 4053 1805 4110 Γλαύ-

211 4162 300 4212 κῳ
336 4144 549 4214 Ποντίῳ
582 4143 870 4216 Δῐσχυλος.
894 4143 1142 4207 ,Κᾶπειΐ
1187 4146 1430 4216 Ἀθήνας
1465 4147 1666 4211 Διάδας
1695 4166 1806 4202 πα-

213 4237 322 4304 ρὲκ
354 4235 567 4305 περῶν,
595 4237 734 4292 ἀλλὰ
758 4239 871 4292 ἀπὸ
896 4237 1008 4292 τῶν
1040 4239 1100 4292 ἐν
1126 4241 1194 4307 τῇ
1230 4238 1481 4311 Ἀττικῇ,
1504 4241 1558 4296 oi
1587 4239 1807 4296 πολῐται

223 4329 532 4398 Ἀθηναῖοι,
581 4329 692 4384 ἀπὸ
736 4329 794 4384 δὲ
823 4330 937 4384 τῶν
977 4331 1036 4384 ὲν
1083 4329 1310 4403 Εὐϐοίᾳ,
1383 4332 1685 4401 ’Δθῆνεται’
1718 4332 1808 4387 λέ-

209 4434 377 4480 γοντε
415 4419 560 4488 (sic).
607 4409 732 4475 Haec
761 4419 1115 4476 vitiosissime
1169 4435 1373 4477 excusa
1425 4431 1575 4478 sunt.
1637 4420 1805 4480 Vides

1909 3226 2136 3281 stuasse,
2167 3213 2324 3269 Plato
2358 3213 2506 3266 testis
2556 3219 2656 3265 est.
2680 3208 2790 3263 Nec
2811 3208 3001 3276 ignoro
3026 3216 3231 3269 tamen,
3268 3201 3490 3257 Ethio-

1908 3323 2035 3376 pum
2063 3321 2245 3376 regem
2281 3303 2680 3359 Phaethontem
2710 3301 2779 3355 ab
2811 3300 3053 3367 antiquis
3082 3298 3213 3362 dici,
3262 3295 3406 3364 quod
3438 3302 3496 3348 ct

1909 3397 2057 3451 Naso
2089 3397 2385 3466 postremis
2427 3391 2553 3448 libri
2588 3391 3070 3460 tehletatuorpltos.
3109 3388 3361 3443 versibus
3403 3399 3495 3439 ca~

1909 3490 2036 3548 nit:

2002 3601 2356 3665 Ethiopasqns
2379 3612 2515 3665 suos,
2533 3598 2824 3665 positosque
2838 3594 2940 3665 sub
2962 3593 3160 3665 ignibus
3185 3592 3328 3665 Indos

2002 3663 2226 3714 Sidereis
2248 3658 2442 3721 transit,
2462 3658 2750 3723 patriosque
2790 3659 2891 3709 adit
2913 3658 3130 3718 impiger
3149 3659 3305 3703 ortus.

1908 3765 2282 3822 Recurramus
2313 3779 2466 3822 nunc
2498 3765 2566 3821 ad
2604 3763 2892 3819 diluvium.
2930 3761 3085 3830 Quod
3116 3762 3192 3814 ait
3222 3758 3490 3827 Scaliger,

1907 3855 2245 3913 Clementem
2271 3853 2702 3910 Alexandrinum
2729 3854 2801 3909 ab
2834 3851 3024 3908 Exodo
3055 3851 3124 3907 ad
3154 3849 3288 3906 illttd
3319 3850 3492 3903 inter-

1909 3963 2114 4018 ponere
2149 3947 2538 4018 generationes
2572 3945 2936 4016 quadraginta
2966 3984 2982 4010 ,
3032 3944 3135 3999 hoc
3181 3951 3267 3998 est
3314 3955 3492 3996 annos

1909 4039 2050 4096 £500
2078 4039 2333 4108 amplius,
2373 4038 2554 4109 plane,
2589 4038 2734 4106 quod
2768 4037 2859 4092 ille
2894 4051 3002 4092 non
3052 4034 3488 4098 animadvertit,

1910 4133 2238 4188 mendosum
2271 4141 2355 4189 est
2393 4131 2744 4188 librariorum
2776 4129 2959 4200 culpa.
2985 4128 3217 4184 Constat
3243 4127 3392 4184 enim
3421 4141 3492 4181 ex

1909 4225 2199 4288 universa.
2221 4238 2384 4294 quam
2415 4223 2671 4280 Clemens
2695 4237 2762 4278 eo
2789 4223 2932 4279 libro
2957 4221 3300 4278 Stromatum
3331 4218 3453 4274 iniit
3469 4257 3492 4285 ,

1909 4317 2142 4381 ratione,
2189 4331 2256 4371 ex
2309 4315 2570 4386 antiquis,
2599 4329 2742 4387 quos
2776 4313 2966 4370 laudat
3023 4311 3487 4382 chronographis,

1908 4423 1977 4465 ex
2013 4405 2169 4465 factis
2199 4407 2439 4478 denique
2464 4406 2764 4474 historicis,
2799 4421 2922 4477 quae
2989 4403 3328 4474 temporibus
3353 4401 3492 4457 divi-

210 4509 452 4577 primam
481 4508 540 4564 in
569 4508 793 4565 nomine
819 4509 1019 4572 Διειδας
1076 4510 1326 4578 produci,
1385 4527 1508 4582 quae
1567 4515 1621 4568 in
1673 4511 1804 4576 Δίας
1828 4501 1886 4564 D
1912 4504 2003 4571 sit,
2038 4518 2217 4559 annos
2259 4500 2328 4558 ab
2359 4514 2428 4556 eo
2454 4499 2740 4570 supputarl
2770 4497 2840 4554 ab
2866 4498 2971 4553 hac
3003 4494 3226 4565 Epocba
3259 4496 3326 4549 ad
3369 4492 3489 4563 pri-

208 4600 538 4667 rorripitur.
598 4599 670 4655 At
717 4600 1081 4670 promontorii
1128 4602 1278 4670 prior
1321 4602 1527 4673 syllaba
1563 4602 1806 4658 circum-

210 4691 376 4751 που.
408 4693 552 4754 Δίον,
583 4692 731 4750 unde
761 4707 870 4749 non
906 4693 1218 4750 dubitamus
1242 4695 1440 4750 dictas.
1467 4695 1654 4766 Itaque
1678 4696 1806 4750 Ste;

209 4784 432 4849 phanus
456 4784 687 4838 mutavit
716 4784 1042 4842 sententiam
1078 4786 1130 4840 in
1151 4784 1272 4850 Δία,
1297 4786 1364 4839 τὺ
1390 4785 1602 4841 tome»
1622 4787 1803 4853 Διεὺς.

210 4874 314 4927 καὶ
340 4873 404 4928 τδ
435 4873 675 4943 θηλυκὸν
708 4877 872 4942 Διὰς,
905 4876 1034 4931 ὅθεν
1067 4879 1162 4931 καὶ
1191 4878 1378 4940 Διάδις
1405 4876 1653 4947 Ἀθῆναι.
1681 4878 1801 4935 Jam

209 4977 326 5018 mn
372 4965 487 5018 ἀπὸ
509 4965 606 5018 τοῦ
649 4966 900 5030 Δίαντος,
957 4976 1022 5022 ut
1073 4978 1258 5033 antea,
1304 4968 1450 5038 quod
1501 4968 1800 5024 absurdum

208 5063 338 5109 erat
365 5070 382 5108 :
412 5055 506 5111 sed
533 5055 641 5110 ἀπὸ
671 5055 774 5128 τῆς
799 5057 948 5120 Δίας.
975 5055 1083 5115 Sed
1116 5057 1205 5113 ubi
1239 5067 1320 5113 est
1375 5058 1465 5112 illa
1515 5059 1640 5123 Δία,
1683 5073 1805 5129 qua

208 5147 448 5203 Athenis
488 5145 749 5205 Diadibus
777 5163 1080 5219 cognomen
1107 5150 1270 5206 fecit?
1303 5150 1398 5208 Est
1426 5151 1656 5216 Εὐϐοίας
1688 5161 1802 5209 ter-

211 5226 296 5291 tio
320 5238 447 5293 loco
484 5239 657 5308 posita
687 5239 1036 5310 aStephano.
1061 5242 1144 5297 Ab
1165 5256 1227 5297 ea
1254 5243 1439 5310 igitur,
1477 5252 1569 5298 aut
1619 5260 1648 5299 a
1699 5243 1802 5300 Dio

210 5332 624 5397 promontorio,
656 5331 850 5398 Διάδες
877 5332 1110 5404 Ἀθῆναι
1140 5335 1316 5390 dictte.
1351 5335 1565 5392 Rursus
1593 5336 1648 5391 in
1674 5339 1800 5391 Δίον

209 5429 394 5477 mutat
422 5422 774 5487 sententiam,
805 5423 875 5478 ab
908 5435 976 5480 eo
1016 5434 1070 5480 et
1107 5427 1304 5489 Διάδας
1337 5427 1577 5498 Ἀθήνας
1624 5429 1800 5484 dictas

210 5528 340 5568 esse
362 5515 627 5581 sciscitat,
659 5525 718 5570 ttt
749 5526 805 5571 et
827 5531 946 5573 nos.
991 5517 1144 5575 Adde
1173 5519 1258 5575 his
1310 5518 1380 5574 Sc
1414 5519 1569 5590 ligeri
1616 5521 1796 5576 locum

213 5605 508 5659 Strabonis
539 5607 634 5661 lib.
679 5623 709 5661 ι
747 5617 872 5678 post
925 5607 1164 5677 initium,
1201 5609 1529 5667 ὡΔῖονιιαὶ
1573 5614 1796 5686 Ἀθῆναι

1911 4612 2055 4652 mam
2099 4594 2475 4668 Olympiadem
2513 4594 2662 4650 solos
2710 4592 2840 4660 737,
2889 4589 3154 4646 nimirum
3207 4586 3490 4643 sexdecim

1908 4691 2032 4759 plus
2065 4691 2249 4745 minus
2285 4698 2413 4744 ante
2441 4687 2691 4743 Exodum
2725 4699 2743 4740 :
2770 4699 2894 4756 quae
2927 4684 3043 4754 ipsa
3069 4691 3155 4738 est
3180 4680 3492 4737 Eusebiana

1912 4781 2258 4854 hypothesis.
2308 4781 2532 4836 Minime
2585 4779 2756 4851 igitur
2797 4777 3086 4848 legendum
3127 4775 3244 4842 ibi,
3293 4773 3490 4842 γενεαὶ

1907 4874 2342 4946 τεσσαράκοντα.
2416 4871 2512 4927 sed
2562 4870 2797 4928 fortasse
2843 4869 2942 4938 ιτη
2988 4869 3490 4940 τεσσαρακαίδικα,

1905 4971 2002 5021 aut
2031 4961 2163 5035 quid
2217 4961 2419 5019 simile.
2450 4961 2723 5018 Ceterum
2759 4959 2864 5015 sub
2887 4958 3132 5028 Crotopo
3156 4957 3486 5030 Argivorum

1907 5067 2035 5124 rege
2068 5068 2190 5108 cum
2223 5051 2362 5125 ipse.
2414 5060 2531 5108 tum
2566 5050 2834 5106 Tatianus
2884 5065 3010 5120 cap.
3055 5049 3130 5103 60
3182 5048 3487 5121 contigisse

1904 5147 2174 5205 scribunt.
2201 5147 2261 5202 S.
2285 5145 2576 5216 Augustin.
2615 5144 2690 5199 De
2720 5145 2874 5200 civit.
2915 5143 3010 5198 Dei
3048 5143 3146 5199 lib.
3171 5160 3331 5208 ιτιιι,
3361 5157 3487 5211 cap.
3534 5127 3542 5138 ’

1905 5237 1975 5292 10
2004 5254 2019 5292 :
2054 5237 2148 5292 His
2181 5237 2522 5306 temporibus,
2541 5243 2599 5288 ιιι
2629 5235 2800 5290 Varro
2827 5235 3031 5302 scribit,
3057 5243 3308 5306 regnante
3329 5231 3491 5287 Athe-

1906 5330 2172 5386 niensibus
2200 5330 2412 5386 Cranao
2439 5345 2740 5386 successore
2770 5329 3038 5398 Cecropis.
3084 5339 3143 5383 ιιι
3177 5337 3356 5382 autem
3387 5341 3486 5379 no-

1900 5422 2023 5489 stri,
2062 5421 2322 5478 Eusebius
2353 5432 2402 5477 et
2435 5420 2810 5493 Hieronymus,
2839 5423 3014 5477 adhuc
3047 5422 3224 5476 eodem
3258 5418 3486 5484 Cecrope

1901 5525 2278 5585 permanente,
2327 5514 2598 5570 Diluvium
2628 5515 2751 5585 fuit,
2788 5516 2932 5586 quod
2969 5513 3300 5580 appellatum
3338 5508 3480 5564 Dert-

1902 5613 2148 5667 calionis.
2177 5611 2534 5682 Apollodorus
2561 5612 2884 5667 'Bt'bliotltec.
2956 5609 3050 5664 lib.
3083 5625 3141 5663 ιιι
3180 5609 3344 5664 refert
3378 5607 3483 5662 sub

212 5699 276 5758 ᾳῐ
308 5699 517 5762 Διάδες,
551 5701 760 5766 κτίσμα
818 5701 1136 5755 ’Δθεναίων.
1188 5702 1326 5758 Tum
1379 5721 1500 5772 qua:
1549 5706 1794 5777 disputat

1912 5706 2155 5778 Nyctinto
2192 5704 2462 5776 Lycaonis
2497 5707 2606 5762 lilio
2637 5723 2650 5774 :_
2686 5706 2834 5776 quod
2885 5704 3048 5760 etiam
3084 5701 3333 5757 nonnulli
3370 5700 3481 5772 Ly-

220 5790 746 5860 βςιιιιτιιιυιδςιιιυε.
771 5810 838 5848 an
867 5796 1103 5862 Amasis.
1129 5796 1273 5868 quod
1307 5798 1563 5868 opinatur
1616 5800 1791 5865 Scali:
1829 5790 1853 5860 '1

1900 5797 2092 5856 catonis
2124 5797 2359 5855 ﬁliorum
2396 5798 2674 5870 impietate
2723 5797 3020 5869 contigisse
3065 5796 3480 5862 existimabant.
