3908 6174
1390 162 1553 183 ...α--

287 270 399 333 765

1549 267 1786 327 VALLA
1801 266 1840 325 ll
1853 266 1950 324 Sil
2000 266 2238 331 NJTAZ.

3421 268 3525 335 766

285 400 460 459 mater
488 387 783 455 procrearit
815 402 830 442 :
860 387 964 440 hoc
988 386 1131 453 enim
1159 394 1264 445 ost,
1293 384 1437 451 «ιιιυά
1472 386 1650 447 genuit
1677 384 1841 439 verbo

1953 389 2093 438 bent.
2112 383 2245 439 Nam
2271 396 2477 441 certum
2500 397 2605 455 est,
2639 404 2669 444 a
2702 388 2875 458 prima
2902 386 3230 456 {Olympia-le
3262 396 3404 440 rutro
3456 390 3520 437 ad

283 495 352 557 ex
406 480 695 550 ὲγέννητεν
753 480 961 539 Grmco,
1006 478 1369 545 signiﬁcatur.
1405 477 1483 529 Ad
1533 466 1655 532 runt
1694 474 1853 547 plane

286 575 510 624 tumtum
536 570 762 623 Ovidius
794 581 1068 640 postrema
1098 568 1224 623 libri
1261 584 1277 622 ι
1314 566 1739 639 Mctamorpltus.
1773 571 1854 626 fa-

285 663 413 715 bu.a
442 678 456 715 :

379 795 516 843 Nunc
532 795 623 842 dea
646 792 872 853 Niligena
894 792 1075 844 οοΙΙῑιιιν
1091 791 1419 843 cclelterrima
1464 793 1625 842 turba.

378 856 502 904 Hinc
527 856 750 916 “mplius
769 856 929 917 magni
952 857 1150 917 genitus
1169 857 1234 904 de
1255 857 1443 906 semine
1479 868 1670 904 nan

375 915 604 967 Creditur
628 926 742 965 esse
765 915 927 965 lovis:

279 1019 487 1078 Cotlfvr
523 1038 647 1090 qua:
682 1036 824 1090 saepe
851 1020 1090 1075 diximus
1114 1021 1216 1075 bac
1244 1019 1311 1074 de
1347 1036 1404 1075 re
1434 1020 1708 1089 superius.

352 1113 627 1171 (301.289.
666 1112 894 1183 Moyses.
948 1112 1180 1183 Prosper
1230 1113 1378 1168 hunc
1426 1112 1601 1167 locum
1644 1102 1852 1167 descri-

279 1196 440 1272 llens,
474 1210 585 1260 ba'c
607 1207 675 1260 de
699 1220 799 1261 suo
838 1205 1135 1271 interserit,
1172 1205 1398 1275 impletis
1426 1211 1493 1259 ab
1532 1207 1685 1260 initio
1718 1224 1845 1273 pro-

275 1299 548 1352 missionis
593 1313 857 1362 ccccxxx,
897 1298 950 1352 in
999 1298 1163 1355 editis
1210 1299 1347 1352 male
1390 1299 1623 1353 habetur
1656 1314 1851 1354 cccxx.

272 1391 588 1460 Syncelluzu
627 1400 808 1444 autem
856 1404 1020 1443 nemo
1072 1405 1180 1444 non
1228 1389 1625 1451 stomachetur.
1663 1391 1852 1446 isthaec

275 1484 334 1536 in
370 1482 659 1539 Eusebium
688 1483 805 1536 dire
843 1481 1178 1537 cﬂ'utientetu
1218 1499 1233 1535 :
1264 1481 1417 1536 Anno
1455 1482 1697 1551 biformis
1744 1480 1847 1537 Ce-

277 1574 480 1635 cropis,
505 1572 639 1643 regis
666 1570 1063 1625 Atheniensium
1091 1570 1269 1639 primi,
1304 1573 1485 1641 quinto
1517 1589 1682 1640 supra
1711 1588 1846 1639 qua-

270 1665 628 1732 dragesimum
660 1661 878 1717 Israelis
908 1680 972 1717 ea:
1001 1661 1260 1734 Aigypto,
1292 1661 1471 1733 Moyse
1494 1664 1641 1729 duce,
1667 1663 1847 1732 profe-

272 1758 525 1819 ctionem,
563 1756 801 1826 stupidus
846 1752 1112 1825 Pamphili
1156 1755 1412 1810 Eusebius
1441 1756 1677 1826 assignat
1705 1771 1727 1821 ;
1753 1771 1844 1808 ea-

273 1855 498 1918 demque
528 1848 974 1902 hallucinantibus
1013 1849 1126 1918 ejus
1153 1848 1375 1902 calculis
1400 1865 1547 1907 anno,
1569 1847 1637 1902 ab
1672 1849 1846 1902 Adam

271 1945 456 1991 creato
496 1934 656 1991 3989.
707 1935 824 1989 Aod
879 1946 1052 1990 autem
1221 1937 1519 2008 contingere
1572 1936 1845 1992 debuerat.

278 2022 497 2083 Videsis
519 2037 697 2085 tamen
719 2026 982 2083 Goarum.
1012 2026 1242 2099 Reliqua
1276 2038 1397 2100 pete
1427 2030 1525 2084 abs
1548 2028 1847 2099 Scaliger-0,

268 2133 340 2172 ea
381 2129 561 2175 tamen
613 2119 887 2184 cautione,
938 2130 998 2175 ut
1047 2134 1263 2186 eorum,
1316 2136 1438 2191 qua:
1488 2118 1849 2176 refutavimus

272 2226 470 2279 supra,
521 2211 851 2266 memineris.
887 2209 1183 2279 Eusebius,
1239 2212 1442 2282 inquit,
1476 2211 1686 2282 primus
1730 2226 1850 2267 om-

274 2302 434 2356 nium
463 2312 701 2356 veterum
735 2310 883 2357 recte
913 2301 1124 2373 singula
1154 2302 1438 2357 intervalla
1470 2302 1707 2358 servavit
1778 2301 1847 2357 ab‘

271 2393 681 2468 Ahrahanyad
715 2392 980 2460 Exodum,
1045 2409 1170 2448 cum
1223 2393 1501 2459 Clemens,
1530 2394 1846 2461 Africanus,

270 2488 542 2542 Tatianus
578 2495 635 2542 et
664 2487 757 2542 alii
792 2487 1031 2541 rationes
1079 2500 1274 2541 omnes
1322 2485 1738 2552 conturbarint,
1790 2494 1848 2542 et

272 2593 435 2634 mare
455 2577 593 2634 cmlo
614 2576 932 2633 miscuerint
953 2588 970 2631 :
990 2583 1154 2645 atque
1178 2576 1382 2631 utinam
1409 2576 1605 2645 partim
1633 2577 1836 2646 sciens,

270 2670 479 2739 partim
514 2685 610 2739 per
644 2669 1062 2738 imprudentiam
1096 2666 1245 2721 illum
1279 2668 1541 2737 temperis
1569 2668 1702 2723 bene
1729 2681 1846 2723 coe-

271 2768 433 2832 ptum
482 2777 588 2816 non
623 2759 1028 2829 interrupisset.
1059 2757 1257 2813 Peccat
1286 2758 1456 2825 enim,
1485 2759 1633 2828 quod
1685 2760 1847 2817 toties

268 2850 536 2913 diximus,
571 2849 960 2922 προχρονισμῷ
1000 2864 1268 2904 annorum
1328 2865 1396 2904 xv
1444 2858 1537 2903 aut
1574 2863 1688 2903 xlv.
1735 2847 1847 2905 iste

267 2943 734 2999 anacbronismus
821 2942 1187 2997 committitur
1236 2940 1527 2996 intervallo
1579 2957 1607 2995 a
1656 2940 1845 3012 templi

1957 478 2228 532 cxcldiuut
2279 477 2477 550 Trnjze,
2525 495 2649 538 esse
2689 496 2866 538 annos
2913 495 3116 541 ccccvt,
3148 491 3201 534 et
3233 479 3300 531 ab
3332 477 3464 533 eade
3488 497 3519 529 ιι

1956 571 2282 642 olytttpiade,
2306 573 2371 626 ad
2397 572 2541 627 aliud
2571 573 2803 642 quodvis
2830 562 3203 631 iitlchuIIUm,
3238 571 3366 623 nihil
3396 586 3521 634 pec-

1955 677 2132 731 statum
2170 678 2332 727 esse.
2369 675 2650 733 propterea
2684 665 2826 732 quod
2872 663 3139 718 Eusebius
3170 661 3236 716 ad
3286 661 3514 715 exotica:

1958 757 2196 810 historiae
2223 772 2461 812 canones
2510 773 2720 812 sacrant
2782 759 3063 814 historiam
3097 753 3471 811 accmnmodat
3496 793 3514 820 ,

1958 863 2064 901 non
2100 857 2284 902 autem
2321 847 2591 903 exoticam
2625 850 2692 900 ad
2721 862 2959 902 sacram.

2024 939 2142 995 Cui.
2172 930 2296 993 287.
2332 938 2542 1010 Moyses
2576 941 2630 994 in
2654 939 2788 995 Sina
2819 949 3005 991 monte.
3029 937 3089 990 in
3119 937 3293 1002 primo
3327 934 3513 989 codice

1954 1018 2225 1096 Palatino,
2262 1031 2316 1086 in
2350 1047 2457 1100 quo
2488 1032 2675 1085 istbase
2705 1028 2958 1096 periocha
2995 1026 3396 1082 triennioaute
3436 1025 3514 1078 Ir-

1953 1114 2120 1189 g'itur,
2141 1139 2283 1194 saepe
2319 1123 2565 1179 laudatus
2598 1122 2973 1191 Antiquarius,
2999 1117 3263 1173 referente
3300 1110 3515 1169 Sulmaa

1952 1214 2059 1277 sio,
2110 1215 2184 1269 ita
2258 1216 2540 1269 annotavit
2587 1231 2601 1267 :
2648 1213 2715 1267 In
2768 1213 2943 1267 codire
3005 1228 3134 1265 novo
3177 1209 3518 1278 infrascriptc

1951 1307 2174 1360 historia
2204 1307 2419 1376 ponitur
2446 1306 2671 1375 inferius
2698 1304 2767 1359 ad
2799 1304 3000 1375 Moysi:
3040 1316 3316 1356 numerum
3350 1299 3423 1363 ‘2;
3464 1298 3518 1350 in
3594 1358 3599 1367 ν

1951 1400 2168 1459 antiquo
2187 1414 2307 1452 vero
2348 1397 2528 1452 codice
2552 1397 2786 1467 ponitur,
2815 1406 2869 1450 ut
2895 1397 2995 1449 hic.
3023 1392 3177 1461 Quod
3207 1406 3360 1454 sane,
3393 1405 3515 1459 per-

1953 1489 2033 1558 git
2065 1489 2576 1554 Schurzlleischius,
2616 1504 2803 1543 verum
2834 1498 2941 1542 est.
2970 1485 3107 1541 Nam
3139 1484 3194 1538 in
3236 1483 3406 1538 tribus
3435 1497 3520 1535 re-

1952 1580 2113 1648 liquis
2143 1580 2289 1639 PPP.
2323 1589 2380 1637 et
2402 1580 2727 1647 Sichardina
2755 1594 2975 1648 quoque
2998 1577 3259 1639 editione,
3283 1575 3347 1628 ad
3382 1588 3508 1627 cum

1951 1688 2257 1735 numerum,
2286 1673 2381 1745 qui
2407 1682 2486 1730 est
2529 1672 2976 1728 Abrahamiticus
3000 1668 3127 1735 507,
3162 1667 3267 1741 hoc
3294 1675 3513 1737 gestum

1955 1764 2211 1821 refertur.
2235 1763 2390 1831 Quod
2416 1765 2461 1819 si
2490 1763 2855 1835 posteriorem
2882 1761 3171 1835 lectionem
3217 1758 3515 1812 admittenc

1950 1857 2074 1908 dam
2109 1868 2454 1917 censeamus.
2481 1869 2602 1923 qum
2632 1862 2807 1908 tamen
2839 1864 2870 1905 a
2898 1849 3087 1907 Grmca
3117 1847 3279 1902 etiam
3312 1845 3517 1916 sylloge

1948 1944 2243 2014 discrepat,
2266 1943 2506 2016 Moysem
2540 1944 2595 1999 in
2625 1943 2756 1998 Sina
2786 1941 2975 1996 divino
3005 1941 3196 1995 iterata
3223 1938 3338 1992 vice
3365 1952 3520 2005 aspe-

1948 2051 2040 2109 ctu
2074 2053 2140 2093 eo
2168 2050 2312 2093 anno
2338 2052 2497 2093 usum
2526 2051 2666 2100 esse,
2700 2033 3071 2107 intelligamus
3139 2044 3361 2084 necesse
3394 2037 3518 2089 est,

1948 2145 2073 2185 cum
2121 2129 2387 2185 videlicet
2439 2128 2743 2197 Decalogus
2770 2166 2786 2187 .
2840 2123 3103 2180 lsraelitis
3133 2137 3162 2175 a
3198 2121 3304 2175 Deo
3333 2120 3516 2187 datus,

1949 2221 2084 2295 ipsis
2106 2222 2226 2292 ejus
2255 2220 2562 2276 ministerio
2584 2225 2731 2274 esset
2761 2214 3096 2271 oﬂ'erendus.
3130 2210 3260 2276 Sed,
3288 2220 3343 2265 ut
3373 2208 3511 2272 dixi,

1950 2314 2124 2377 altera
2167 2313 2329 2370 lectio
2372 2311 2575 2367 verior.
2605 2308 2743 2365 Nam
2781 2305 3123 2364 Chronicum
3155 2316 3374 2371 quoque
3412 2299 3517 2353 Pa-

1949 2406 2131 2463 schale
2157 2422 2214 2475 ιιι
2249 2420 2316 2460 ct.
2343 2404 2432 2461 ed.
2466 2402 2603 2459 Rati.
2638 2410 2771 2458 ante
2799 2414 3005 2456 annum
3036 2397 3115 2452 υλν
3140 2397 3236 2463 τῆς
3270 2397 3510 2475 ἐπαγγε-

1951 2495 2074 2560 λίας
2123 2474 2366 2563 Melici};
2405 2491 2765 2560 dementiae,
2790 2474 2990 2559 inquit,
3037 2485 3133 2540 ἐπὶ
3163 2483 3260 2539 τοῦ
3296 2474 3514 2540 Σιναίου

1946 2588 2104 2658 ὅρους
2140 2585 2360 2657 ἠξιοῦτο
2402 2601 2419 2644 :
2464 2598 2609 2652 qum.
2670 2580 2718 2637 si
2749 2593 2979 2635 numero
3016 2592 3122 2633 nvu
3171 2573 3515 2646 adiungenda

1948 2687 2113 2741 esset,
2145 2686 2264 2749 post
2295 2677 2445 2731 illum
2490 2674 2596 2731 450
2642 2686 2850 2729 annum
2899 2667 3344 2741 repromissionis
3392 2680 3517 2718 om-

1949 2771 2080 2826 nino
2112 2769 2451 2839 contigisset.

2021 2860 2139 2917 Cul.
2175 2860 2303 2917 289.
2347 2859 2599 2914 Hercules
2648 2855 2950 2912 Desanaus.
3009 2851 3153 2907 Fixit
3210 2851 3363 2905 locus
3413 2848 3517 2904 iste

1949 2953 2273 3018 editoribus,
2302 2953 2531 3020 aliisque
2570 2948 2751 3020 magni
2795 2946 3034 3002 nominis
3081 2943 3342 2999 litteratis
3385 2958 3515 2997 cru-

265 3037 498 3093 Cunditu
546 3036 611 3089 ad
635 3035 753 3106 ejus
779 3033 1071 3088 excidium.
1106 3033 1347 3088 Primum
1377 3032 1559 3088 sciens
1578 3034 1846 3103 prudens-
1873 3067 1915 3127 ο
1951 3060 2095 3101 cem,
2125 3043 2321 3104 Nobis,
2344 3057 2469 3112 qua
2497 3056 2627 3099 νετο
2665 3038 2890 3111 propior
2924 3037 2996 3091 sit
3024 3035 3206 3100 ιεριίο,
3234 3043 3398 3102 atque
3423 3034 3519 3087 at-

267 3143 387 3195 que
419 3127 530 3198 regi
576 3125 828 3181 Ammoni
856 3142 931 3180 xtl
972 3140 1150 3179 annos
1187 3139 1286 3194 pro
1345 3123 1565 3179 biennio
1616 3124 1847 3200 tribuit,

266 3217 443 3275 .lusize
475 3234 625 3273 xxxtt
655 3232 754 3288 pro
790 3233 941 3282 xxxi,
984 3217 1246 3271 adversus
1279 3213 1850 3285 Scriptum.auctori-

268 3310 471 3367 tatem.
504 3311 821 3379 imprudens
861 3319 1039 3363 autem
1076 3308 1353 3364 Sedecbite
1384 3323 1557 3365 annos
1589 3324 1644 3364 ιι
1667 3324 1765 3379 pro
1786 3326 1844 3379 x,

267 3403 510 3460 Athalias
534 3418 604 3459 ιιι
634 3417 731 3472 pro
757 3418 831 3464 vr,
863 3401 975 3470 regi
1006 3399 1199 3456 Abiam
1239 3417 1298 3455 ιιι
1336 3415 1433 3466 pro
1469 3416 1529 3456 ιι.
1556 3401 1846 3459 Postremo

269 3506 464 3551 autem
512 3510 678 3549 unum
730 3492 1031 3550 suiiuratur
1078 3493 1365 3548 intervallo
1433 3495 1502 3549 ab
1548 3494 1732 3549 Exodo
1779 3496 1847 3549 ad

270 3586 559 3642 conditum
604 3585 812 3653 templi,
878 3585 1022 3639 unde
1048 3584 1318 3639 accrescit
1351 3598 1529 3640 annus
1560 3585 1849 3641 intervallo

269 3692 304 3731 a
340 3676 527 3745 templi
589 3673 835 3739 conditu,
868 3674 932 3727 ad
964 3672 1082 3744 ejus
1109 3674 1407 3728 excidium.
1449 3673 1697 3737 Summa,
1721 3676 1847 3747 anni

270 3785 329 3824 xl
356 3764 778 3838 ἀναχρονισμοῦ.
805 3766 980 3831 Quare
1002 3783 1032 3820 a
1062 3765 1284 3820 conditu
1341 3764 1532 3833 templi
1565 3775 1716 3835 putat
1749 3781 1850 3820 an-

267 3878 384 3918 nos
424 3876 662 3917 cccchu
704 3860 770 3915 ad
814 3860 932 3929 ejus
968 3858 1266 3924 excidium,
1311 3875 1435 3914 cum
1497 3856 1706 3915 tantum
1738 3862 1851 3915 sint

267 3968 577 4010 ccccxxvu.
617 3951 960 4015 lliﬂerentia,
991 3950 1119 4004 anni
1166 3967 1254 4015 xv,
1299 3951 1425 4004 anni
1458 3951 1667 4006 scilicet
1697 3950 1849 4006 illius

266 4041 717 4115 avaxpovtouot'i;
747 4057 868 4097 cum
892 4051 1080 4095 autem
1116 4040 1258 4095 bene
1300 4038 1512 4095 desinat
1547 4039 1845 4109 (excidium

265 4135 424 4189 enim
482 4132 665 4199 templi
708 4140 854 4186 recte
901 4127 1131 4184 collocat
1163 4131 1215 4182 iu
1251 4144 1395 4184 anno
1426 4128 1463 4183 5
1488 4131 1699 4198 olymp.
1729 4129 1848 4198 ιη’,

274 4226 649 4281 necessarium
674 4232 759 4290 est
790 4222 929 4276 male
964 4221 1181 4277 initium
1206 4221 1538 4283 instituisse,
1562 4224 1687 4275 cum
1715 4218 1847 4277 illud

274 4315 657 4385 anticipaverit
685 4316 845 4369 annis
868 4330 956 4368 xv.
983 4310 1192 4367 Tamen
1222 4312 1268 4367 si
1298 4313 1418 4377 ejus
1442 4314 1849 4369 anacbronismi

1951 3138 2090 3194 lusio
2121 3137 2189 3193 ad
2242 3135 2501 3199 fabulam,
2534 3133 2782 3191 illuxisse
2820 3130 2875 3185 in
2907 3128 3090 3183 animo
3118 3135 3220 3182 est.
3260 3125 3365 3180 Sed
3401 3125 3517 3194 pri-

1949 3245 2099 3285 mum
2145 3228 2276 3298 quid
2334 3226 2460 3282 aliis
2517 3225 2690 3280 visum
2751 3230 2909 3275 antea
2983 3217 3185 3278 luerit,
3246 3215 3516 3269 dicamus.

1948 3322 2217 3393 Scaliger,
2243 3334 2366 3375 cum
2400 3318 2456 3372 in
2478 3317 2678 3372 Latino
2706 3314 2999 3372 Desanaus,
3033 3309 3086 3363 in
3118 3308 3305 3363 Graeca
3334 3319 3514 3362 autem

1947 3412 2152 3483 sylloge
2181 3409 2387 3472 Διὼδας
2422 3408 2641 3477 legisset
2675 3422 2689 3458 :
2728 3401 2904 3466 Unde,
2956 3401 3153 3468 inquit,
3201 3409 3348 3453 tanta
3398 3399 3511 3449 dis-

1947 3502 2226 3570 crepantia
2271 3501 2363 3566 sit,
2408 3490 2628 3553 causam
2686 3510 2793 3548 non
2845 3493 3101 3561 dispicio.
3154 3490 3352 3545 Neuter
3384 3488 3517 3545 mihi

1949 3599 2132 3646 notus.
2163 3588 2367 3643 Deinde
2411 3585 2672 3639 Hercules
2706 3582 3021 3650 Μέλκαρτος
3060 3579 3403 3634 l‘hmnicibus
3432 3579 3519 3632 di-

1948 3683 2195 3744 cebatur,
2218 3688 2351 3735 teste
2375 3676 2604 3731 Philone
2625 3670 2917 3745 Bybliensi,
2944 3685 3047 3723 non
3079 3669 3297 3725 Diodes.
3326 3668 3509 3732 Quare

1951 3775 2053 3828 hoc
2074 3772 2230 3828 valde
2249 3777 2565 3838 suspectum
2594 3764 2748 3819 mihi.
2777 3764 2883 3818 Pro
2911 3762 3184 3815 Desanaus
3209 3757 3518 3812 Ludovicus

1950 3865 2115 3921 Vives
2143 3864 2268 3937 legit
2290 3860 2585 3931 Delphinos
2631 3859 2727 3914 lib.
2775 3871 2926 3919 xvut,
2955 3868 3077 3922 cap.
3114 3851 3202 3913 li.
3250 3850 3323 3903 De
3368 3850 3515 3903 civit.

1953 3958 2070 4012 Dei.
2106 3955 2268 4017 Tum,
2310 3954 2452 4021 Quid
2493 3949 2845 4007 thnicibus
2895 3961 3016 4002 cum
3057 3938 3518 4013 Cappaducibus?

1950 4059 2047 4106 aut
2102 4050 2228 4119 quis
2287 4046 2498 4101 cultum
2554 4043 2704 4098 illius
2751 4039 3004 4095 Herculis
3051 4052 3117 4092 ex
3162 4034 3416 4090 Pbmnice
3460 4033 3517 4087 in

1949 4138 2348 4210 Cappadociam
2381 4136 2664 4191 transtulit
2691 4134 2717 4188 7
2745 4131 3013 4202 Denique,
3037 4133 3117 4186 An
3149 4129 3239 4184 isti
3269 4127 3518 4182 Elienses

1949 4234 2007 4288 iu
2043 4229 2457 4297 Mesopotamia,
2486 4236 2541 4279 ut
2571 4225 2723 4280 Sext.
2758 4221 2981 4279 Aurelio
3010 4239 3025 4275 :
3063 4220 3339 4276 Nocturna
3390 4232 3519 4272 vero

1954 4320 2158 4388 Ejiensi
2188 4319 2258 4371 ad
2308 4318 2591 4388 Singaram
2639 4331 2835 4384 pugna.
2873 4311 3070 4367 Omnia
3114 4310 3332 4378 quidem
3389 4305 3519 4359 mibi

272 4406 493 4477 culpam
530 4407 585 4461 in
615 4421 677 4463 se
708 4421 816 4459 non
846 4403 1177 4467 admisisset,
1206 4418 1310 4457 non
1341 4402 1570 4459 dubium
1604 4412 1689 4459 est
1711 4402 1846 4474 quin
1883 4422 1927 4477 ι)
1958 4384 2316 4482 ίῖιροηιρθιιιθ,
2352 4384 2470 4464 Non
2506 4406 2677 4475 magis
2711 4405 2844 4459 mihi
2894 4403 3004 4457 noli
3056 4401 3321 4461 Elienscs,
3357 4412 3521 4471 quam

275 4502 423 4557 ratio
471 4497 546 4554 illi
596 4496 933 4553 constitisset
965 4511 996 4549 a
1036 4496 1212 4564 primo
1274 4508 1421 4549 anno
1454 4493 1728 4549 Abraham
1780 4494 1850 4551 ad

270 4592 547 4649 excidium
577 4590 788 4660 templi,
826 4588 920 4654 qui
945 4597 1071 4642 sunt
1104 4585 1232 4641 anni
1257 4594 1603 4652 uccccxxvu,
1629 4599 1693 4645 ut
1727 4590 1854 4658 qui-

274 4689 400 4740 dem
430 4686 542 4754 ipse
566 4684 793 4756 colligit,
817 4695 1065 4737 Iccccxu
1099 4691 1304 4747 autem,
1335 4690 1394 4734 ut
1424 4680 1564 4735 ratio
1591 4682 1849 4750 postulat.

276 4778 461 4845 Quare
496 4775 718 4831 Exodus
763 4773 995 4829 debebat
1040 4786 1162 4828 esse
1193 4786 1311 4837 occ,
1353 4788 1477 4827 cum
1519 4772 1603 4828 hic
1639 4768 1851 4829 tantum

274 4874 388 4926 sint
414 4885 502 4926 av.
547 4866 683 4922 Nam
719 4865 786 4922 ab
839 4867 1119 4921 Abraham
1218 4864 1287 4919 ad
1336 4864 1614 4920 conditum
1668 4865 1851 4932 templi

276 4958 512 5013 addeudi
544 4965 670 5012 sunt
712 4958 837 5011 anui
870 4972 976 5023 xv;
1021 4972 1050 5011 a
1087 4956 1309 5010 conditu
1373 4954 1559 5025 templi
1619 4955 1686 5009 ad
1734 4957 1853 5027 ejus

276 5052 549 5108 excidium
582 5058 711 5104 sunt
755 5048 1077 5104 detrahendi
1110 5087 1124 5110 ,
1178 5047 1275 5101 sed
1327 5048 1613 5115 paulatim,
1649 5048 1851 5117 singuli

279 5143 392 5208 regi
425 5141 613 5195 Abiaut
643 5149 696 5195 et
718 5139 924 5208 regina:
947 5140 1194 5201 Athalim,
1223 5138 1410 5192 decem
1444 5137 1554 5207 regi
1575 5136 1851 5205 Ammoni,

274 5233 477 5305 singuli
526 5231 759 5307 regibus,
794 5228 958 5286 Iasiae
1010 5242 1063 5284 et
1114 5226 1394 5286 Sedecbite
1453 5246 1468 5285 ;
1520 5229 1648 5296 quia
1702 5230 1853 5286 labes

279 5325 574 5379 commissa
606 5333 690 5377 est
721 5323 1008 5377 intervallo
1041 5332 1320 5391 postremo
1345 5318 1490 5374 κατὰ
1511 5320 1852 5392 προσθήκην,

280 5427 332 5470 et
359 5416 465 5472 hoc
502 5414 745 5484 iutellige
776 5414 843 5470 dc
871 5412 1175 5468 intervallis
1223 5425 1395 5466 sacrae
1427 5409 1743 5479 Scripturae.
1774 5410 1851 5467 Ea

278 5510 425 5561 enim
457 5519 682 5577 peccant
718 5505 1114 5580 προχρονισμῷ
1148 5509 1216 5560 ab
1279 5504 1554 5561 Abraham
1608 5505 1676 5559 ad
1722 5520 1853 5559 con-

282 5603 453 5655 ιιιῐυιιι
508 5599 740 5669 templi,
780 5595 1204 5669 μεταχρονισμῷ
1245 5614 1275 5650 a
1341 5597 1561 5651 conditu
1607 5595 1671 5649 ad
1703 5597 1849 5650 exci-

283 5693 455 5752 dium.
494 5692 779 5749 intervalla
821 5702 1000 5749 autem
1027 5692 1258 5748 exoticae
1301 5689 1545 5746 historia:
1577 5695 1723 5743 recte
1755 5688 1850 5743 ha-

1952 4505 2211 4562 Hercules
2245 4502 2539 4562 Desanaus.
2575 4510 2670 4554 aut
2694 4497 2996 4559 Dosonaus,
3036 4505 3093 4548 ut
3131 4494 3292 4547 habet
3321 4488 3522 4544 Maria~

1950 4614 2076 4661 nus,
2110 4604 2202 4651 aut
2237 4594 2517 4659 Desinant,
2552 4599 2612 4647 ut
2664 4588 2753 4643 alii
2790 4587 3027 4642 codices.
3075 4584 3135 4639 in
3184 4581 3386 4638 Grtrcis
3422 4594 3527 4649 pro

1951 4686 2215 4751 Elienses,
2245 4695 2330 4742 est
2367 4683 2570 4738 ἰλὶεων
2604 4682 2697 4751 qui
2722 4690 2849 4737 sunt
2878 4672 3125 4743 Troiani.
3157 4672 3314 4744 Apud
3351 4671 3521 4739 llesy-

1951 4780 2135 4834 cltiutn
2185 4776 2440 4847 legimus,
2490 4776 2789 4845 Δορσάνης,
2829 4769 3100 4840 Ἡρακλῆς
3142 4765 3271 4836 παρ’
3318 4763 3518 4823 Ἰνδοῖς.

1952 4866 2096 4923 Sane
2134 4864 2396 4922 Dorsanes
2444 4864 2690 4934 proxime
2738 4863 2890 4915 abest
2947 4876 2976 4913 a
3016 4857 3321 4918 Doseuaus,
3370 4852 3517 4921 quod

1951 4962 2146 5029 legitur
2170 4960 2307 5028 apud
2339 4959 2661 5011 Marianum.
2698 4955 2803 5009 Sed
2842 4952 3097 5006 meliores
3127 4946 3346 5003 curiit-es
3379 4945 3516 5001 scriv

1948 5054 2026 5123 pti
2061 5050 2259 5107 habent
2296 5050 2584 5112 Desonaus,
2614 5056 2665 5101 et
2697 5045 2948 5110 ltttlthOH
2984 5049 3114 5095 sunt
3164 5036 3390 5091 lliensee
3423 5046 3517 5089 aut

1950 5143 2319 5212 Cappadoces,
2349 5155 2399 5196 et
2436 5139 2811 5195 controversia
2848 5152 2950 5188 non
2979 5133 3181 5187 tollitur
3210 5128 3515 5191 var‘etatis,

1952 5236 2098 5307 quod
2136 5219 2344 5298 Διὼδῖις
2379 5232 2432 5288 in
2462 5231 2664 5289 Grzrcis
2696 5272 2710 5291 .
2746 5231 2799 5283 in
2838 5228 3046 5282 Latinis
3077 5228 3348 5281 Desanaus
3384 5220 3517 5289 trgi-

1953 5336 2061 5381 tur.
2105 5322 2230 5378 llaec
2270 5322 2534 5393 Scaliger.
2571 5318 2916 5388 Persequitur
2942 5316 3239 5369 Buebartus
3274 5312 3328 5366 in
3359 5311 3505 5365 Cha-6

1954 5432 2093 5471 naau
2125 5415 2221 5470 lib.
2257 5430 2294 5478 ι,
2330 5429 2450 5480 cap.
2482 5411 2548 5467 l4
2574 5451 2589 5476 ,
2640 5411 2865 5478 vultque
2916 5425 2947 5463 e
2994 5405 3181 5462 Graeca
3234 5403 3320 5456 illa
3372 5399 3514 5467 apud

1952 5507 2289 5576 Scaligerutu
2326 5503 2558 5558 lectione
2601 5499 2829 5565 Διωὸᾶν,
2883 5498 2934 5551 ἰιι
2977 5494 3174 5549 Latino
3201 5492 3367 5545 etiam
3412 5503 3516 5557 pro

1952 5597 2247 5660 Dcsanaus,
2304 5595 2513 5650 restitui
2543 5592 2822 5664 lDiodan,
2894 5586 3269 5646 ol’bmniciuzn;
3311 5590 3462 5642 n‘m‘t
3500 5619 3514 5634 .

1950 5688 2104 5757 ρωιά
2123 5704 2319 5745 nomen
2347 5685 2422 5743 ait
2444 5686 2510 5742 ab
2530 5702 2713 5740 arnore
2738 5681 2963 5749 factum,
2986 5689 3043 5733 ut
3074 5677 3295 5732 Ilcbrau
3323 5674 3513 5739 Damt,
