3908 6174
423 333 528 426 7m

1683 318 2096 383 VALLARSII
2133 318 2374 381 NOTAE.
3507 321 3588 382 768

428 446 595 508 Dode.
631 443 822 505 Dodai.
853 453 983 506 etc.,
1017 453 1078 493 ac
1103 452 1262 506 porro
1294 435 1534 499 Herculi,
1568 450 1666 490 suo
1689 450 1990 504 cognomen
2018 438 2070 497 Α
2093 435 2184 500 ⁸51,
2217 448 2339 504 qua:
2387 431 2727 500 Palaephatus
2777 445 2899 501 cap.
2945 431 3014 487 38
3058 431 3271 500 exponit
3343 433 3402 487 de
3432 435 3591 493 (ζειοηε

427 537 660 590 inditum
693 551 723 588 a
749 531 1124 596 Phoenicibus,
1158 531 1283 598 quia
1325 529 1754 582 invocabatnr‘a
1786 528 1991 596 procis.

430 635 485 681 et
517 643 583 682 ex
613 625 759 680 illius
784 623 1003 678 nomine
1027 621 1266 685 pendere
1295 621 1590 690 putabatur
1617 619 1743 674 felix
1771 634 1994 674 succes-

431 733 526 773 sus
571 717 624 770 in
676 714 972 769 amoribus.
1021 712 1203 768 Gratis
1251 711 1443 766 isthmc
1474 711 1754 772 dicuntur.
1795 718 1851 763 et
1881 711 2000 764 sine

431 815 674 861 auctore.
713 804 886 858 Aliter
919 803 1241 869 Salmasius,
1271 813 1437 871 atque
1466 818 1530 856 ex
1576 819 1641 858 eo
1675 800 2005 856 Schurzllei-

433 897 621 952 srbius
651 897 953 964 disputant.
1013 895 1116 950 Pro
1160 896 1388 959 Διωδᾶν,
1443 897 1559 951 hic-
1585 897 1658 949 ait
1685 937 1700 960 ,
1734 894 2004 948 vocabulo

433 989 555 1043 sine
585 987 750 1042 dubio
781 995 1039 1054 corrupto
1061 1029 1075 1050 ,
1116 985 1405 1056 legendum
1443 1001 1473 1041 e
1499 985 1754 1040 Salmasii
1801 994 2002 1047 mente,

433 1079 663 1144 Διωνᾶν,
712 1078 976 1132 Desonaus
1004 1078 1147 1132 enim
1182 1085 1236 1131 et
1271 1077 1498 1130 Desonas
1544 1075 1597 1130 in
1655 1076 1852 1130 Latino
1881 1082 2002 1142 est;

438 1173 492 1224 in
539 1168 785 1225 Sichardi
822 1167 1087 1233 editione,
1127 1167 1385 1232 Desinas;
1429 1167 1482 1222 in
1525 1168 1700 1236 primo
1735 1167 2005 1231 Palatino.

443 1260 760 1324 Dest'maus;
785 1259 838 1313 in
867 1269 1084 1330 quarto,
1113 1259 1410 1322 Dosnnaus,
1446 1259 1519 1313 al.
1554 1258 1846 1312 Desonaus.
1875 1257 2012 1329 Syn-

440 1353 612 1406 e-llus
645 1351 834 1406 scribit
890 1350 1105 1404 Διόδᾶν.
1133 1348 1444 1404 Emendant
1483 1349 1703 1419 quidam
1731 1349 2009 1412 Βοδοῐναν,

2098 542 2226 598 rege
2256 528 2402 584 Asia:
2444 525 2844 593 potentissimo.
2878 523 2967 579 cui
3003 524 3220 592 vectigal
3251 522 3452 594 Troiani
3489 544 3596 598 pen.

2101 620 2316 683 darent.
2352 619 2421 674 ab
2453 617 2691 674 llercnle
2714 615 2923 671 occiso.
2959 615 3029 671 Ut
3070 630 3129 670 se
3155 631 3238 668 res
3267 616 3510 680 habuerit.
3536 621 3599 674 ni-

2104 709 2182 764 hil
2213 718 2294 764 est
2325 720 2471 764 certe
2501 708 2649 762 aliud
2682 708 2750 762 ab
2779 705 3015 761 Hercule
3049 706 3101 759 in
3131 706 3338 774 Troiam
3370 719 3603 776 perpetra-

2107 810 2247 865 tum,
2279 816 2341 855 οι
2374 816 2484 870 quo
2512 800 2637 855 odia
2677 800 2731 853 in
2761 813 2887 854 eum
2919 813 3174 853 exercere
3205 799 3412 852 llienses
3443 801 3604 854 debue-

2105 890 2231 951 rint.
2251 905 2414 958 quam
2457 889 2742 943 llesionaea
2771 889 2984 952 isthaec.
3004 898 3062 942 ut
3093 889 3172 942 ita
3187 889 3606 955 dicatn,vindicta.

2106 985 2262 1050 Quod
2295 984 2459 1054 igitur
2486 983 2563 1037 ait
2597 982 2867 1037 Eusebius
2891 1022 2907 1048 .
2943 983 3083 1050 apud
3115 998 3206 1037 eos
3238 984 3482 1051 peculiare
3507 985 3611 1042 illud

2107 1086 2527 1144 cognomentum
2593 1075 2864 1130 Desonans
2934 1075 3016 1129 vel
3065 1073 3350 1130 Desionaus
3382 1075 3613 1140 habuisse.

2112 1175 2172 1222 ut
2202 1182 2310 1220 non
2340 1167 2518 1236 potuit
2547 1167 2615 1221 ab
2655 1166 2854 1236 insigni
2891 1165 2996 1219 alio
3029 1166 3193 1231 facto,
3226 1166 3298 1220 ita
3328 1168 3614 1222 verositnilli-

2113 1275 2262 1313 mum
2298 1269 2405 1323 est,
2434 1260 2505 1314 ab
2545 1259 2777 1313 Hesiona
2811 1257 3138 1320 derivatum.
3170 1257 3464 1324 dictumque
3491 1263 3615 1329 vulgo

2121 1351 2406 1415 Ἥσιονεὺς
2465 1351 2544 1406 vel
2581 1349 2888 1414 Ἦσιόναος.
2921 1349 3203 1420 Ejusmodi
3246 1350 3342 1405 alia
3377 1359 3488 1405 sunt
3510 1353 3616 1420 apud

441 1458 552 1508 quo
575 1441 798 1495 inclinat
824 1441 986 1495 etiam
1017 1441 1228 1496 Goarns
1260 1456 1382 1510 pag.
1413 1441 1483 1494 Η
1529 1449 1806 1494 notarum.
1872 1439 2012 1494 Cum
2055 1493 2060 1498 ,
2119 1447 2440 1501 Pausaniam
2493 1453 2656 1514 atque
2706 1445 2845 1499 alios
2893 1444 3143 1511 exempla
3198 1444 3490 1508 nominum,
3526 1460 3621 1514 qua

443 1526 684 1581 secundo
711 1527 952 1582 occurrit
980 1543 1081 1582 vox
1112 1527 1223 1593 illa.
1255 1541 1310 1582 et
1335 1528 1624 1589 Dexanoas.
1645 1538 1698 1582 et
1732 1529 2013 1592 Desenaas,
2119 1539 2333 1596 Herum
2369 1547 2584 1592 veteres
2615 1552 2713 1606 pro
2738 1552 2796 1592 re
2825 1543 2949 1591 nam
2983 1535 3315 1590 indidean
3342 1534 3396 1590 ιη
3417 1535 3622 1603 prmum;

445 1627 500 1671 et
526 1618 798 1673 Desanans
831 1635 965 1676 mss.
998 1619 1206 1689 legunt.
1246 1619 1350 1672 Pro
1392 1621 1563 1675 Ἰλὶων
1597 1621 1650 1676 in
1687 1621 1882 1675 Latino
1912 1620 2018 1676 ibi-

2137 1647 2327 1687 lumma
2361 1631 2667 1685 litterarum
2695 1644 2818 1682 cum
2869 1628 3063 1682 Latina
3100 1627 3330 1682 lectione
3378 1626 3622 1681 conformi-

445 1713 569 1766 dem
603 1719 688 1766 est
709 1749 725 1775 ,
766 1709 1063 1765 Elieasibus
1087 1749 1104 1775 ,
1146 1719 1238 1764 aut
1292 1709 1604 1781 Elgensibus
1633 1727 1653 1765 :
1685 1710 2017 1766 vetustiores

2137 1739 2224 1788 .as,
2262 1722 2482 1778 maximi
2515 1721 2581 1776 ad
2613 1719 3054 1791 probabilitatem
3090 1720 3343 1775 momenti
3383 1729 3488 1784 est;
3524 1733 3620 1771 nam

451 1813 633 1858 tamen
668 1803 886 1859 codices
927 1802 1086 1857 Deliis
1123 1803 1328 1871 legunt.
1364 1804 1518 1871 quasi
1547 1803 1808 1872 scriptum
1848 1795 2097 1858 fueritB
2129 1814 2174 1868 ο
2201 1813 2465 1877 “ueram,
2521 1827 2685 1882 quam
2715 1809 2891 1864 Latini
2945 1809 3194 1880 plerique
3217 1810 3422 1866 codices
3458 1824 3622 1879 praepo-

453 1896 507 1948 in
541 1895 751 1955 Greco.
779 1892 1008 1961 Δηλίων.
1045 1893 1152 1949 Sed
1185 1894 1409 1950 omnino
1432 1893 1668 1954 Ilienses.
1704 1910 1814 1949 non
1841 1895 2024 1950 Elien-

452 2003 533 2042 ses
571 1978 924 2042 scribendum
959 1996 1085 2053 est,
1121 2002 1432 2055 quanquam
1469 1986 1684 2043 Goarus
1715 2003 1936 2058 quoque
1969 1989 2026 2043 in

453 2081 576 2134 aliis
601 2080 879 2136 codicibus
908 2079 1049 2150 apud
1075 2078 1388 2150 Syncellttm
1425 2080 1692 2134 Ἠὶιαίων
1723 2079 1824 2150 legi
1849 2080 2026 2134 anim-

455 2171 724 2225 advertat.
758 2169 943 2239 Neque
974 2171 1123 2224 enim
1165 2169 1401 2221 Ἦ).ιαίοι
1457 2184 1676 2235 quoque
1719 2177 1773 2223 et
1822 2167 2028 2220 Ἠλεῖοι

458 2262 620 2317 iidem
676 2269 826 2317 sunt.
883 2260 1184 2316 Salmasius
1251 2259 1556 2327 aliquando
1606 2259 2028 2328 suspicabatur,

463 2351 700 2414 Hienses.
725 2353 806 2408 vel
843 2352 1100 2415 Ellenses.
1126 2352 1311 2420 potius
1335 2351 1683 2407 scribendum
1713 2365 1834 2405 esse
1856 2365 1886 2404 e
1911 2348 2033 2403 Ste-

456 2445 763 2512 phanoJlle
787 2446 932 2500 enim
958 2446 1030 2500 ita
1061 2461 1074 2497 :
1102 2444 1276 2500 Ἕλλα
1297 2444 1496 2514 ’κύριον
1531 2443 1742 2512 ’Asia‘,
1770 2441 2032 2496 Ἀττάλου

460 2535 724 2605 βασιλέως
768 2536 1056 2606 ἐμπόριον.
1115 2535 1188 2588 "re
1213 2536 1428 2588 ὲθνικδν
1457 2534 1691 2598 Ἑλαῖος,
1730 2533 1858 2586 Inde
1879 2545 2031 2598 ergo,

461 2628 536 2683 ait
570 2628 895 2692 Salmasius,
931 2630 1069 2699 apud
1105 2628 1327 2682 Latinos
1376 2627 1516 2684 forte
1567 2627 1626 2682 lit
1678 2627 1909 2690 Eleusis,
1949 2625 2033 2680 vel

464 2719 717 2776 Ellensis.
754 2718 945 2773 Statim
997 2728 1175 2772 tamen
1222 2716 1506 2788 snbjunxit
1551 2732 1607 2769 se
1661 2727 1874 2784 putare.
1911 2713 2036 2780 quia

463 2814 518 2866 in
546 2810 736 2867 Grmco
771 2820 918 2864 textu
948 2809 1122 2864 ἰλίων
1153 2817 1354 2875 exstat,
1395 2807 1673 2861 Iliensibus
1702 2821 1884 2860 veram
1918 2820 2038 2860 esse

464 2904 786 2964 lectionem.
828 2913 992 2972 atque
1028 2901 1101 2956 ita
1137 2901 1363 2956 rescribi
1401 2911 1674 2970 oportere.
1721 2901 1942 2953 Demum
1983 2897 2034 2951 in

469 2997 614 3050 notis
658 2997 1045 3065 posterioribus
1084 2997 1336 3050 amandat
1399 2995 1465 3048 ad
1503 2993 1795 3047 Seldenum
1833 2991 1905 3045 De
1935 2990 2038 3045 diis

466 3089 619 3158 Syris
653 3098 986 3158 syntagmate
1018 3089 1041 3142 ‘l
1078 3128 1093 3151 .
1144 3104 1264 3157 cap.
1295 3087 1349 3149 6.
1385 3103 1506 3156 pag.
1553 3084 2036 3140 187.-l’lebraicum

465 3197 595 3235 vero
625 3196 822 3234 nomen
854 3179 1085 3233 Desonas
1113 3194 1235 3234 esse
1264 3185 1441 3246 putat.
1477 3193 1598 3230 cum
1659 3176 1750 3229 lilii
1791 3175 2040 3228 Dosanon

467 3281 842 3328 memorentur
875 3273 913 3327 ll
948 3273 1092 3328 Esra:
1117 3289 1170 3336 v,
1201 3272 1293 3338 5|;
1324 3271 1546 3325 minime
1577 3278 1758 3323 autem
1792 3267 1897 3320 huc
1924 3281 2040 3346 per.

468 3366 641 3420 tinere
667 3365 888 3419 Diomns
943 3379 1165 3426 nomen,
1196 3378 1307 3433 quo
1342 3372 1497 3432 pater
1526 3360 1772 3416 llerculis
1805 3357 2044 3427 appella-

469 3468 557 3512 tur
592 3457 910 3528 Etymolngo
955 3473 1083 3512 voce
1124 3457 1480 3526 Ἀνδρόμεος.
1510 3457 1614 3513 Sed
1645 3457 1770 3526 quia
1813 3455 2043 3510 historia

473 3553 737 3607 hactenus
787 3550 1124 3620 incomperta
1183 3560 1290 3616 est.
1365 3550 1642 3619 nullisque
1719 3549 1842 3603 aliis
1891 3555 2044 3600 vete-

473 3659 592 3698 rum
631 3643 854 3706 scriptis
901 3643 1136 3711 prodita.
1187 3644 1302 3698 hac
1337 3642 1452 3711 ipsa
1493 3657 1590 3710 pro
1637 3641 1802 3695 meris
1856 3639 2046 3694 haberi

469 3735 799 3806 eonjccturis
820 3735 992 3804 iubet.

545 3827 728 3883 Liceat
763 3826 940 3897 itaque
987 3834 1042 3880 et
1090 3833 1304 3880 nostras
1361 3834 1620 3879 attexere.
1685 3822 1906 3879 Scilicet
1985 3819 2042 3876 in

2123 1913 2289 1968 nunt,
2328 1919 2392 1957 cx
2427 1903 2776 1958 librariorum
2815 1902 3027 1956 videtur
3060 1901 3215 1960 vitio.
3255 1901 3547 1971 aspiratione
3575 1900 3626 1962 li.

2126 1997 2180 2052 in
2212 1997 2277 2060 ι).
2303 2003 2670 2053 commutata.
2701 1994 2772 2048 At
2797 2009 2904 2050 non
2937 1994 3071 2049 satis
3109 1993 3269 2055 bene.
3301 1992 3512 2060 inquies.
3535 2008 3629 2044 cunt
3699 1988 3704 1994 ’

2129 2089 2214 2145 bis
2241 2103 2361 2158 quae
2390 2095 2545 2143 notat
2581 2085 2871 2146 Eusebius.
2907 2093 3151 2155 tempora
3185 2084 3414 2138 liberata:
3435 2081 3632 2136 [lesione

2129 2180 2491 2238 conveniunt.
2543 2178 2655 2248 Ego
2681 2178 2871 2234 istlnec
2894 2178 3008 2232 scio
3045 2193 3144 2245 pro
3179 2176 3632 2248 mythographornn

2133 2272 2362 2329 arbitrio
2411 2271 2538 2336 aliis
2585 2269 2843 2325 aetatibus
2891 2266 3163 2334 assignari
3197 2283 3212 2322 :
3247 2277 3300 2320 et
3332 2282 3445 2318 cum
3486 2277 3634 2319 cetera

2131 2379 2320 2434 parum
2344 2363 2573 2430 distent,
2599 2362 2762 2416 etiam
2809 2360 2874 2414 ad
2927 2360 3157 2413 aliorum
3201 2357 3478 2413 sententias
3503 2355 3634 2409 Euse-

2135 2455 2282 2510 bium
2317 2470 2444 2510 suas
2473 2453 2542 2508 de
2587 2468 2741 2507 more
2787 2451 3027 2506 rationes
3073 2465 3416 2517 componere.
3449 2448 3497 2502 lo
3524 2454 3638 2501 textu

2137 2557 2317 2602 tamen
2355 2556 2553 2616 praeter
2576 2561 2775 2598 nomen
2820 2543 3144 2606 (Iliensibus,
3179 2541 3319 2606 quod
3349 2549 3397 2596 et
3429 2540 3638 2592 Parmen-

2136 2638 2213 2693 sis
2247 2653 2348 2692 ms.
2384 2653 2482 2708 pro
2526 2634 2820 2690 Eliensibus
2856 2634 3104 2704 praefert.
3138 2633 3273 2688 nihil
3319 2640 3506 2686 mutare
3530 2630 3637 2684 aliud

2137 2731 2364 2800 placuit.

2210 2824 2423 2878 Addere
2445 2832 2623 2877 tamen
2662 2820 2730 2876 de
2760 2820 3209 2882 Desenao'liceat.
3234 2816 3371 2885 quod
3401 2815 3646 2870 Fourmont

2138 2918 2235 2972 lib.
2265 2932 2324 2979 ιι,
2362 2924 2497 2970 sect.
2529 2914 2585 2980 6.
2619 2914 2763 2967 hunc
2792 2920 2947 2981 putat
2972 2913 3227 2966 eumdem
3259 2911 3410 2979 plane.
3435 2921 3550 2968 esse.
3577 2901 3645 2974 qui

2140 3007 2428 3076 Δόρσανες,
2451 3005 2564 3059 sive
2589 3002 2867 3072 Δορσάνηε
2909 3000 3192 3070 Ἡρακλῆς
3225 3000 3351 3068 παρ’
3380 2997 3539 3054 Ἰνδοῖς
3565 2992 3647 3046 lico

2067 3137 2110 3192 ο
2142 3099 2328 3169 sychio
2360 3098 2451 3152 lib.
2489 3113 2544 3160 ν,
2581 3096 2801 3150 dicitur.
2839 3093 3011 3149 Porro
3041 3093 3297 3148 ludorum
3324 3091 3519 3143 nomine
3542 3089 3644 3140 Ars-

2141 3195 2239 3265 bas
2271 3191 2536 3252 designari
2570 3197 2740 3260 putat,
2775 3189 2996 3256 vultque
3029 3187 3318 3246 Dorsanes.
3349 3186 3573 3238 Dassaaes
3615 3183 3653 3230 et

2145 3285 2419 3339 Desonaus
2449 3297 2636 3349 parum
2669 3289 2969 3350 potumque
2997 3293 3126 3333 esse
3150 3275 3380 3332 Arabum
3406 3275 3653 3338 Dousanas,

2143 3373 2284 3444 quod
2319 3371 2597 3436 signiﬁcat
2633 3369 2678 3423 le
2713 3368 2970 3438 seigneur
3000 3367 3066 3420 de
3091 3365 3296 3420 Sanan.

2215 3460 2333 3515 Col.
2362 3459 2488 3513 29L
2523 3457 2888 3529 Erysichlone.
2917 3453 3053 3509 Male
3088 3455 3356 3509 Pontacus
3395 3444 3650 3517 legerat’ab

2148 3553 2480 3608 Erisislhnne
2500 3563 2521 3603 :
2560 3549 2711 3604 addit
2737 3548 2977 3617 Scaliger
3014 3548 3134 3617 ﬁlio
3170 3547 3421 3615 Cecropis.
3450 3541 3569 3608 quod
3592 3539 3657 3593 hic

2145 3645 2250 3699 loci
2285 3655 2498 3698 Veteres
2529 3641 2653 3696 libri
2711 3655 2819 3693 non
2853 3648 3183 3707 agnoscunt.
3219 3638 3414 3692 Vitiose
3443 3641 3655 3704 primores

2145 3735 2276 3800 legit
2305 3749 2368 3789 ex
2403 3732 2648 3787 Cedreno
2680 3729 2741 3783 τὸ
2778 3729 2836 3782 ἐν
2866 3729 3021 3794 Δήλῳ
3057 3729 3208 3798 ἱερὸν
3257 3727 3561 3782 Ἀπόλλωνος
3583 3724 3658 3786 Δη-

2145 3824 2389 3878 λίουύπδ
2438 3820 2779 3893 Ἐριχθονίου
2827 3819 2977 3892 ἱεροῦ
3031 3820 3314 3888 Κέκροπος
3360 3813 3556 3885 [Batiqu
3589 3823 3660 3876 pro

474 3919 730 3975 confesso
754 3928 858 3985 est,
901 3918 1144 3973 lllienses
1184 3918 1276 3972 hic
1311 3916 1418 3971 dici
1454 3915 1574 3977 Ilii,
1609 3915 1722 3968 sive
1757 3914 1934 3983 Troia:
1961 3913 2050 3966 in-
2148 3914 2270 3971 υἱοῦ
2293 3915 2584 3981 Κέκροπος
2610 3928 2627 3968 :
2654 3909 3305 3980 ut'taceam‘Eptxeoviou
3332 3903 3661 3975 reponendum.

475 4013 656 4072 colas:
704 4014 846 4081 apud
895 4025 1035 4078 quos
1069 4010 1156 4064 illa
1201 4009 1452 4063 Herculis
1490 4007 1750 4060 memoria
1786 4005 2051 4071 perdura-
2150 4023 2250 4077 pro
2280 4003 2657 4076 Ἐριχθοηῑου.
2693 4001 2950 4058 Recurrit
2988 4003 3185 4056 eadem
3225 3999 3442 4054 historia
3469 4003 3570 4067 post
3591 4006 3664 4045 aa-

476 4105 587 4159 bat.
617 4103 780 4173 Atqui
816 4103 1030 4157 Ilienses
1060 4116 1164 4156 non
1201 4100 1308 4154 alto
1343 4115 1504 4170 quam
1536 4099 1726 4152 odioso
1763 4095 2049 4151 llerculem
2154 4113 2259 4153 nos
2289 4095 2569 4161 undecim,
2595 4097 2662 4148 ad
2689 4108 2849 4161 quem
2888 4093 3065 4148 locum
3102 4093 3282 4162 plura.

476 4197 664 4250 animo
707 4203 762 4248 et
786 4204 1150 4264 cognomento
1179 4202 1403 4248 narunt.
1449 4191 1586 4247 Cum
1616 4191 1758 4244 enim
1787 4189 2053 4259 ipsismet
2223 4189 2360 4246 ibid.
2393 4186 2635 4243 Cherres.
2667 4185 2824 4242 Hunc
2853 4199 3031 4255 neque
3082 4174 3242 4241 vetus
3279 4181 3496 4253 Syncelli
3524 4177 3662 4234 Chro-

478 4287 745 4354 b0stihus,
782 4288 872 4353 qui
912 4285 1131 4352 Troiam
1167 4284 1414 4342 funditus
1439 4291 1780 4350 everterunt,
1811 4281 2052 4348 Acbilli',
2154 4280 2339 4348 nicon,
2381 4295 2561 4350 neque
2613 4275 2910 4344 Iosephus,
2957 4291 3138 4346 neque
3197 4277 3473 4332 Africanus
3523 4279 3663 4328 nam

478 4382 749 4446 Patroclo,
785 4381 1098 4446 Autiloclto,
1135 4389 1301 4452 atque
1349 4379 1496 4450 Ajaci
1550 4377 1768 4434 divinos
1816 4378 2053 4432 honores
2155 4371 2375 4445 Egypti
2403 4378 2605 4426 norunt
2634 4383 2783 4423 :non
2800 4376 2980 4423 tamen
3003 4366 3215 4423 idcirco
3242 4356 3666 4422 commentum’Eo-

477 4474 786 4538 deferrent,
825 4483 875 4528 et
917 4489 1027 4527 rem
1074 4488 1286 4526 sacram
1320 4471 1587 4531 lacerent.
1622 4484 1902 4538 nunquam
1955 4468 2049 4521 ad-
2079 4467 2131 4527 D
2156 4471 2289 4528 εει)ἰί
2311 4467 2732 4539 putandum'est,
2754 4480 2875 4518 eum
2893 4462 3110 4519 nescias
3133 4477 3162 4514 ιι
3188 4475 3296 4528 quo
3319 4449 3659 4521 ille'acccperit.

479 4566 603 4620 «luci
641 4575 937 4634 potuerunt
981 4562 1348 4618 utllerculem
1375 4568 1790 4616 venerarentur.
1811 4558 2049 4614 Causam

481 4657 628 4711 hanc
660 4656 860 4711 Strabo
896 4655 990 4710 lib.
1037 4669 1137 4708 χιιι
1168 4694 1184 4718 ,
1219 4669 1345 4722 pag.
1383 4651 1508 4714 89l,
1541 4667 1606 4705 ex
1638 4657 1942 4704 eorummet
1975 4650 2056 4703 l'a-

483 4748 631 4803 bulis
662 4744 930 4816 prtetlisit,
969 4741 1160 4814 μισθοῦ
1202 4743 1339 4812 ὑπὲρ
1371 4741 1471 4807 τῆς
1506 4741 1809 4796 ΗΣΙΟΝΠᾹ
1840 4741 1936 4794 καὶ¹
1962 4739 2056 4794 τοῦ

481 4841 688 4909 κήτους
721 4857 734 4894 :
771 4838 910 4903 quod
948 4836 1238 4892 mercedem
1277 4833 1342 4890 de
1377 4830 1676 4888 HESIONA
1754 4849 1787 4886 a
1829 4842 1943 4887 ceto
1987 4830 2061 4886 li~~

483 4933 668 4992 berata
703 4934 956 5001 exigeret.
991 4931 1097 4986 Res
1132 4938 1261 4983 nota
1293 4944 1324 4984 e
1352 4925 1786 4997 mythographis.
1816 4923 2061 4996 Hyginus

484 5042 608 5092 cap.
649 5025 719 5079 89
747 5040 762 5078 :
809 5022 1061 5077 Hercules
1089 5030 1139 5076 et
1164 5020 1416 5076 Telamon
1445 5059 1460 5078 .
1489 5035 1608 5074 cum
1638 5017 1864 5074 Colchos
1889 5016 2062 5086 Argo-

486 5125 664 5172 κακίω
694 5117 852 5172 irent.
883 5113 1066 5168 eodem
1096 5111 1367 5182 (Troiam,
1399 5109 1463 5162 ad
1494 5109 1676 5164 locum
1702 5107 1790 5162 ubi
1835 5105 2062 5177 religata

485 5219 606 5266 erat
657 5207 894 5263 [lesione
929 5218 1055 5260 ceto
1094 5204 1429 5272 devorando)
1475 5209 1751 5266 venerunt,
1791 5208 1842 5254 et
1890 5209 2066 5253 cetum

485 5303 882 5371 interfecerant.
919 5296 1300 5364 Hesionem‘que
1330 5293 1475 5364 patri
1511 5295 1681 5363 pactis
1716 5291 1916 5362 legibus
1945 5290 2066 5343 red-

486 5398 641 5454 dant.
680 5402 735 5446 ιιι
771 5407 886 5444 cum
919 5388 1038 5444 inde
1067 5388 1364 5449 rediissem,
1400 5402 1574 5440 secum
1604 5385 1657 5437 in
1689 5384 1922 5452 patriam
1951 5397 2068 5436 eam

490 5487 828 5540 adducerent.
860 5481 1012 5547 Quod
1039 5489 1087 5533 et
1113 5480 1279 5542 ipsum
1307 5476 1606 5531 Laomedon
1659 5473 1954 5545 fraudavit.
1988 5489 2072 5526 ne-

491 5593 589 5644 que
624 5575 903 5630 Ilesionem
959 5571 1173 5626 reddere
1234 5568 1420 5625 valuit.
1468 5567 1654 5636 Itaque
1704 5565 1956 5620 Hercules
2002 5565 2071 5619 ad

493 5684 602 5729 eos,
645 5668 868 5719 navibus
910 5663 1273 5732 comparatis.
1333 5669 1388 5712 ut
1435 5658 1654 5727 Trojum
1691 5661 2020 5724 expugnaret
2047 5695 2064 5718 ,

499 5760 722 5825 venit,“
755 5756 1162 5817 Laomedontem
1195 5753 1418 5818 necarit,
1443 5760 1546 5807 etc.
1577 5748 1733 5809 Paria
1761 5747 1923 5802 habet
1947 5757 2068 5816 cap.

2142 4545 2154 4620 ί
2233 4561 2369 4617 lhid.
2407 4558 2726 4627 Chrotopns.
2765 4555 2921 4611 Hunc
2967 4552 3095 4608 Jaso
3139 4558 3338 4621 patruo
3390 4539 3666 4601 successisse

2160 4651 2323 4706 tradit
2344 4648 2642 4703 Pausanias
2669 4647 2720 4697 in
2762 4641 3142 4700 Corinthiacis.
3175 4655 3295 4709 cap.
3318 4637 3402 4692 l6.

2149 4735 2158 4746 ”
2229 4741 2353 4798 Col.
2385 4740 2513 4796 9.89.
2546 4738 2874 4806 Areopagns.
2914 4734 2970 4790 Si
3006 4749 3127 4803 qua:
3155 4742 3210 4787 et
3265 4745 3359 4785 nos
3403 4722 3667 4782 adducimus

2162 4848 2229 4888 es
2275 4829 2549 4903 Syncello.
2608 4827 2829 4897 propria
2876 4823 3093 4878 Eusebii
3143 4832 3272 4876 sum
3325 4813 3671 4880 verba,damus

2167 4922 2471 4991 Scaligero.
2500 4917 2711 4974 ﬁdelius
2751 4915 2995 4985 potuisse
3019 4914 3264 4970 converti
3299 4910 3494 4966 Latino.
3538 4904 3670 4955 Areo-

2164 5030 2301 5086 pago
2331 5027 2519 5068 nomen
2585 5010 2892 5079 impositttm
2945 5016 3046 5070 est.
3115 5013 3166 5060 et
3210 5003 3520 5074 judiciornm
3563 4994 3672 5046 locus

2167 5085 2510 5160 constitutus.
2549 5100 2748 5158 Verum
2784 5098 2943 5154 aliter
2997 5097 3215 5151 videtur
3243 5095 3309 5149 ab
3333 5105 3398 5147 eo
3438 5085 3672 5155 scriptun.

2169 5213 2234 5253 ac
2261 5195 2436 5252 ferme.
2469 5201 2531 5248 ut
2556 5201 2644 5249 est
2671 5189 2812 5261 apud
2861 5186 3220 5259 Hesychlum,
3255 5186 3471 5254 ’Ἄρειος
3515 5176 3674 5261 navos.

2170 5287 2231 5342 τὸ
2257 5289 2316 5340 ὲν
2349 5285 2612 5357 Ἀθήναις
2633 5259 2988 5352 διιέαστήριον
3015 5277 3122 5350 (vel
3157 5272 3500 5342 δικαστηρίου
3522 5259 3673 5357 ὄνομα)

2171 5376 2436 5446 κατέστη.
2473 5355 2548 5427 ιη
2599 5371 2829 5440 reliquis
2866 5369 3107 5440 Scaliger
3139 5369 3255 5438 ipse
3279 5362 3552 5432 vitilitigat.
3583 5355 3675 5446 Dis:

2175 5479 2332 5539 putat
2356 5441 2619 5536 praeterea
2659 5464 2792 5518 satis
2842 5463 3050 5534 prolixe
3100 5461 3169 5516 de
3227 5460 3515 5526 Areopago,
3564 5441 3673 5515 quod

2177 5563 2412 5632 primum
2434 5558 2640 5626 Πάγος,
2665 5555 2771 5611 hoc
2794 5566 2877 5611 eat
2900 5569 3108 5613 saxum.
3169 5561 3372 5606 tantum
3415 5547 3673 5601 diceretur:

2177 5663 2470 5723 postquam
2506 5663 2634 5703 vero
2665 5647 2810 5702 Mars
2839 5645 2914 5700 ibi
2957 5658 3175 5700 causam
3227 5639 3379 5701 dixit.
3409 5633 3573 5691 uaros
3607 5640 3676 5726 ﬂ:

2180 5714 2336 5806 ξηαπ-
2361 5748 2616 5802 vocatum
2653 5739 2746 5796 sit.
2785 5735 2982 5800 Suidas
3011 5735 3275 5810 duplicem
3317 5731 3429 5805 ejus
3473 5714 3671 5781 vocabuli
