3908 6174
285 295 394 360 769

1550 272 1959 342 VALLARSII
2001 268 2250 347 nona,

3436 264 3547 336 7:0

291 409 564 460 rationem
601 401 775 464 alit-rt,
807 399 1068 459 alteram,
1099 394 1226 465 quia
1253 391 1394 448 Mars
1415 389 1602 459 deﬁxit
1661 388 1735 442 ibi
1770 386 1869 439 hac

2007 383 2198 452 ραχεῖα
2275 381 2370 433 καὶ
2437 379 2496 434 τὸ
2553 377 2742 432 πλεῖον
2827 376 2998 446 αὐτῆς
3077 375 3262 446 ὄρεσιν
3335 377 3546 431 ὑποπι-

305 509 474 560 stam,
497 493 669 564 επηξε
707 493 771 546 τὸ
794 494 922 562 δόρυ
949 491 1065 544 ἐκεῖ
1097 505 1112 542 :
1145 487 1389 548 alteratn,
1430 482 1556 552 quia
1592 476 1765 546 πάγος
1796 477 1868 530 sit

291 591 354 645 in
395 590 516 643 loco
541 585 774 641 editiore
807 582 870 636 τδ
890 583 1270 648 δικαστήριον,
1303 573 1484 639 Marti,
1511 571 1603 641 qui
1633 568 1870 624 caedibus

295 688 519 754 praeest,
549 676 947 746 adiudicatum.
1007 671 1177 726 Aliter
1217 665 1512 737 )Esehylus
1572 660 1870 754 ianutnsf

293 748 416 828 ina.
451 785 600 826 vers.
631 766 763 823 690.
813 763 922 821 Sed
981 763 1166 818 nullus
1206 761 1312 816 erit
1364 755 1582 813 dicendi
1640 751 1787 816 linis,
1823 748 1871 805 si

297 865 486 918 omnia
521 859 774 930 persequi
802 857 1054 912 velimus.
1088 854 1221 919 Quae
1252 853 1357 906 huc
1401 846 1642 903 maxime
1702 845 1871 915 perti—

297 967 418 1017 net,
453 965 611 1008 vetus
675 950 764 1004 illa
812 956 898 1002 est
937 944 1195 1015 quaestio,
1245 955 1374 995 num
1423 946 1570 992 recte
1609 933 1876 988 Eusebius

299 1049 370 1100 ad
398 1044 697 1110 Cecropem
732 1039 935 1094 referat
959 1032 1228 1104 Areopagi
1282 1027 1708 1086 institutionem.
1735 1024 1877 1078 Sunt

298 1139 447 1190 enim
510 1133 623 1196 alii,
671 1130 765 1199 qui
786 1127 1003 1183 Solonis
1056 1124 1274 1179 demum
1339 1131 1604 1187 tempore,
1667 1114 1722 1170 id
1767 1121 1872 1178 est,

302 1234 432 1295 post
460 1229 769 1289 nongentos
805 1216 977 1272 ferme
1011 1227 1212 1276 annos,
1236 1209 1505 1281 judicium
1551 1205 1697 1261 istud
1743 1219 1876 1260 con-

304 1317 554 1370 stitutum
587 1311 882 1367 afﬁrmant.
921 1309 1000 1364 Ex
1029 1305 1114 1360 his
1140 1316 1224 1360 est
1270 1302 1554 1357 Lucianus
1587 1299 1875 1352 Anachar-

308 1409 443 1474 tide,
481 1407 572 1461 ubi
614 1408 792 1474 ipsum
852 1401 1111 1456 Solonem
1167 1394 1402 1459 inducit,
1465 1395 1531 1447 de
1587 1393 1876 1462 Areopago

310 1518 341 1554 ιι
373 1514 434 1555 se
462 1498 764 1553 constituto
796 1493 900 1549 sibi
928 1489 1299 1560 plaudentem.
1362 1483 1721 1540 Luculentius
1775 1496 1879 1534 au-

308 1602 422 1646 tent
457 1589 646 1648 Cicero
671 1587 808 1642 lib.t
869 1584 941 1639 De
971 1583 1104 1653 ofﬁc.
1131 1595 1251 1652 cap.
1305 1579 1395 1644 23,
1432 1577 1522 1632 ubi
1562 1575 1702 1631 istud
1759 1572 1880 1628 lau-

311 1681 476 1736 dibus
514 1679 769 1734 .extollit
823 1674 1041 1730 Solonis
1103 1670 1417 1732 consilium,
1470 1681 1572 1734 quo
1643 1663 1880 1733 priurum
1915 1723 1954 1736 _
1985 1669 2106 1709 rum
2176 1661 2329 1707 notas
2382 1667 2397 1706 :

1970 489 2178 534 πτωκε,
2208 470 2346 539 quod
2371 487 2560 538 aspera
2601 473 2691 533 sit,
2718 479 2766 524 et
2801 470 3063 523 montibus
3113 468 3404 536 subjaceat.

2041 563 2159 622 Col.
2183 562 2312 617 289.
2338 564 2584 630 Apteras.
2622 561 2928 627 Pausaniae,
2969 575 3131 627 quem
3181 570 3238 612 et
3299 555 3547 628 Scaliger

1972 653 2179 719 laudat,
2216 653 2270 708 in
2331 651 2572 708 Phocich
2599 666 2722 723 cap.
2755 653 2811 718 5,
2845 653 2935 708 hic
2984 651 3196 722 Πτερᾶς
3249 649 3471 708 dicitur,
3519 667 3549 700 ει

1973 760 2084 818 quo
2113 743 2271 797 πόλιν
2323 743 2610 814 Κρητικὴν
2658 743 2943 813 προσθήκῃ
2985 743 3315 813 γράμματος
3351 742 3547 794 Ἀπτε-

1977 837 2166 905 puteo;
2197 835 2362 905 φασὶν
2379 835 2772 907 ὀνομάζεσθαι.
2814 834 3078 890 Creticum
3136 837 3553 910 civitatemyna

1983 927 2162 980 littera
2189 925 2397 991 addita,
2464 924 2725 994 Apteraos
2784 927 2934 978 aiunt
2987 925 3271 993 appellari.
3334 925 3550 982 Dictum

1979 1018 2212 1088 proinde
2261 1026 2408 1073 recte
2473 1025 2708 1088 utroque
2755 1017 2936 1082 modo,
2976 1027 3037 1070 ut
3095 1019 3186 1071 illa
3243 1028 3395 1082 sunt,
3430 1032 3556 1088 qua:

1991 1117 2153 1164 notat
2177 1107 2517 1178 liolstenius,
2552 1110 2795 1178 exctttpla
2841 1111 2906 1162 ad
2946 1108 3280 1178 Staphnnum
3333 1113 3389 1164 in
3427 1126 3559 1165 voce

1980 1198 2262 1268 ’Δμαργὸς
2305 1215 2320 1251 :
2377 1199 2610 1262 Scilicet,
2669 1197 2876 1250 πλέδων
2919 1209 2972 1250 et
3009 1197 3288 1268 ἄπληόων,
3357 1201 3557 1259 "etab;

1982 1297 2038 1344 et
2069 1289 2361 1350 ⁸Δπαισος,
2394 1287 2584 1356 Ὑάρνα
2622 1296 2676 1341 et
2710 1287 2980 1354 Ἀταρνα,
3007 1287 3272 1340 Σπόδελον
3300 1297 3354 1340 ct
3386 1289 3560 1339 dand-

1981 1379 2151 1444 Gsinv,
2213 1377 2430 1447 Μάρδοι
2478 1389 2533 1431 et
2582 1377 2879 1446 Ἀμαρδοι,
2941 1386 3047 1430 etc.
3105 1374 3240 1432 Vide
3311 1377 3559 1447 Scylacts

1981 1469 2386 1541 Caryandensis
2411 1467 2687 1537 Periplum
2721 1482 2854 1522 voce
2907 1466 3090 1531 Creta,
3127 1478 3293 1536 atque
3325 1468 3381 1521 in
3435 1483 3559 1522 eum

1983 1564 2167 1618 locum
2206 1560 2408 1628 Vossii,
2445 1561 2695 1624 Meursii,
2728 1561 3196 1624 Scburzﬂeisehii,
3233 1571 3397 1630 atque
3427 1561 3564 1615 alio-

2457 1651 2758 1706 Ausonium
2795 1667 3033 1720 quoque,
3088 1661 3144 1705 et
3198 1650 3562 1720 Stephanum.

306 1723 584 1826 cuiust-ituri;
626 1723 1364 1836 Areopagitva.tl9iltilosecius
1388 1723 1599 1820 eorum,
1635 1723 1726 1824 qui
1758 1767 1881 1808 cum
1915 1723 1958 1779 Β
2057 1744 2176 1802 Col.
2207 1744 2336 1800 289.
2382 1744 2444 1798 In
2491 1746 2722 1798 secunda
2755 1743 3012 1814 A'ngpto.
3049 1744 3266 1816 Ignorat
3322 1743 3567 1815 Scaliger

308 1862 551 1918 Eusebio
582 1860 821 1923 faciunt,
859 1856 978 1912 sive
1004 1869 1117 1909 rem
1153 1852 1338 1916 altius,
1379 1859 1542 1918 atque
1591 1863 1619 1900 a
1644 1845 1886 1915 Cecrope

309 1954 520 2023 majore
551 1960 826 2021 repetunt,
857 1949 1085 2018 gravior
1113 1944 1413 1998 auctoritas
1436 1941 1669 1994 videtur.
1702 1935 1887 1991 Primo

305 2040 768 2109 Aristoteles,qui
803 2038 902 2096 lib.
958 2053 995 2094 Il
1051 2035 1226 2090 Petit.
1285 2047 1408 2101 cap.
1462 2029 1550 2090 10,
1587 2025 1772 2082 Soloni
1832 2027 1886 2078 in

307 2133 472 2188 laude
531 2132 704 2201 ponit,
766 2128 910 2199 quod
1001 2141 1120 2180 cum
1172 2133 1331 2178 antea
1402 2130 1592 2182 essent,
1645 2125 1888 2170 senatum

307 2225 739 2294 Areopagitieum
769 2230 856 2287 εει
907 2220 1320 2289 magistratuum
1393 2214 1698 2267 electionem
1784 2223 1889 2276 non

311 2317 615 2372 sustulerit.
652 2314 855 2368 Deinde
896 2310 1260 2380 Apollodorus
1297 2306 1395 2360 lib.
1435 2319 1520 2371 ιιι,
1572 2303 1666 2356 ubi
1696 2299 1890 2354 Deeda-

313 2409 467 2470 lum,
496 2408 589 2478 qui
621 2420 753 2460 sane
785 2404 1033 2460 ducentis
1065 2401 1179 2456 fere
1200 2399 1358 2452 anuis
1391 2395 1591 2452 Solone
1630 2401 1716 2448 est
1742 2390 1891 2445 anti—

317 2501 509 2569 quior,
533 2498 838 2566 judicatunt
875 2497 928 2548 in
956 2494 1236 2562 Areopago
1284 2500 1333 2546 et
1367 2491 1678 2543 damnatum
1698 2486 1888 2541 tradit.

311 2589 565 2659 Denique
602 2587 902 2644 Pausanias
933 2586 1026 2654 qui
1060 2587 1112 2638 in
1143 2584 1340 2639 Atticis
1377 2596 1496 2650 cap.
1552 2579 1642 2642 28,
1673 2593 1738 2633 ac
1767 2593 1890 2632 rur-

309 2697 442 2738 sum
507 2684 561 2735 in
586 2679 888 2734 Messenicis
919 2693 1043 2746 cap.
1079 2660 1134 2741 5,
1169 2689 1329 2745 atque
1354 2674 1509 2737 alibi,
1549 2670 1753 2742 judicia
1779 2670 1891 2740 illa,

313 2774 549 2829 immani
583 2778 710 2826 ante
768 2767 1024 2823 Solonem
1076 2767 1253 2834 spatio
1303 2764 1482 2823 habita
1533 2762 1724 2826 refert,
1773 2774 1894 2830 que

313 2861 650 2932 singillatim
714 2859 805 2914 hic
871 2870 1164 2912 recensere
1207 2857 1429 2924 longum
1473 2860 1638 2907 esset.
1687 2849 1893 2904 thera

314 2952 396 3005 de
420 2954 710 3019 Areopago
740 2947 1122 3018 vulgatissima
1146 2953 1297 3000 sunt.
1339 2945 1508 2999 Porro
1552 2949 1741 2994 autem-
1781 2939 1896 2993 lrxc

1989 1842 2080 1896 hic
2111 1842 2354 1895 additum
2383 1839 2640 1901 secunda.
2667 1841 2958 1908 quodcum
3003 1840 3239 1894 retineat
3274 1839 3328 1892 in
3373 1841 3568 1894 subsc-

1987 1934 2174 2003 quenti
2212 1933 2493 2002 periocha,
2523 1947 2630 1985 non
2667 1941 2848 1986 tamen
2906 1929 3069 1984 ullam
3127 1945 3250 1985 esse
3299 1929 3568 2000 δευτέραν

1988 2028 2294 2095 Αιγυπτον,
2348 2034 2407 2079 ιιι
2469 2027 2674 2094 putavit
2724 2022 3111 2093 Hieronymus,
3167 2024 3262 2078 sed
3304 2022 3568 2090 δευτέραν

2001 2117 2111 2183 Ἰὼ,
2141 2115 2194 2170 id
2218 2124 2302 2172 t-st
2333 2113 2466 2170 Jasi
2492 2116 2683 2179 tiliam,
2710 2115 2764 2169 in
2813 2113 3018 2169 Graecis
3081 2115 3149 2169 ad
3203 2130 3328 2170 eum
3387 2115 3568 2186 locum

1991 2208 2124 2270 dici,
2169 2207 2406 2277 indeque
2476 2216 2658 2260 natam
2710 2207 3192 2262 hallucinationem
3257 2185 3569 2258 contendit.

1992 2301 2107 2370 Ego
2141 2300 2252 2354 duo
2289 2307 2526 2360 tantum,
2552 2312 2675 2367 qua
2730 2295 2786 2352 in
2823 2297 3013 2353 oculos
3060 2299 3375 2358 incurrunt,
3411 2310 3572 2364 repo-

1993 2406 2143 2445 nam.
2197 2390 2470 2455 Primum,
2508 2389 2645 2444 nihil
2706 2388 2795 2443 hic
2835 2388 2940 2442 dici
2991 2390 3056 2443 de
3106 2385 3184 2451 lo,
3229 2400 3573 2458 quascunque

1993 2485 2210 2538 tandem
2244 2481 2338 2536 illa
2379 2481 2566 2543 fuerit,
2619 2481 2734 2535 sive
2773 2478 2986 2548 lnachi,
3025 2479 3140 2535 sive
3176 2463 3287 2534 Jasi
3321 2479 3425 2533 ﬁlia
3459 2494 3477 2545 ;
3519 2485 3575 2530 et

1996 2576 2051 2629 in
2085 2575 2238 2628 libris
2281 2584 2463 2627 tamen
2523 2588 2660 2627 mss.
2714 2588 2869 2640 atque
2921 2586 3086 2641 atque
3127 2570 3314 2635 editis,
3342 2569 3574 2622 secunda

1999 2666 2186 2721 haberi
2234 2682 2248 2718 :
2282 2666 2335 2718 in
2367 2666 2455 2730 iis,
2485 2665 2732 2733 inquam,
2769 2665 2860 2734 qui
2916 2662 3225 2732 periocham
3261 2662 3403 2714 hanc
3444 2659 3576 2713 reti-

2001 2770 2134 2815 nent
2184 2769 2368 2815 :sunt
2415 2759 2559 2814 enim
2611 2759 2704 2812 alii
2760 2759 2854 2828 qui
2917 2773 3036 2812 eam
3089 2758 3249 2827 plane
3290 2756 3574 2811 omittunt.

1998 2850 2269 2914 Alterum,
2301 2864 2367 2903 eo
2405 2850 2528 2919 ipso
2560 2849 2664 2902 hoc
2722 2849 2810 2903 filo
2846 2848 3228 2918 Egyptiorum
3293 2854 3574 2909 constare,

1999 2941 2253 2996 secundm
2305 2941 2420 2996 sive
2502 2939 2604 3010 τῆς
2663 2941 2814 2995 κάτω
2871 2941 3090 3011 Egypti
3162 2954 3318 3009 reges
3379 2938 3576 2991 debere

316 3047 470 3112 apud
502 3039 795 3095 Eusebium
859 3037 1120 3108 periocha
1156 3046 1282 3090 ante
1311 3049 1502 3088 novem
1554 3045 1746 3093 annos,
1781 3031 1893 3082 sive

2003 3033 2257 3102 intelligi,
2307 3031 2640 3104 T.legonum
2707 3033 2944 3093 scilicet.
3003 3032 3201 3084 deinde
3245 3029 3573 3097 Epaphum:

317 3137 396 3187 ad
457 3133 634 3202 ipsum
693 3143 986 3184 numerum
1051 3126 1156 3182 500
1226 3143 1255 3178 a
1296 3123 1576 3192 Sealigero
1638 3120 1891 3174 refertur.

318 3223 436 3280 Pro
463 3223 796 3291 Areopagus,
860 3220 915 3271 in
969 3218 1140 3272 veteri
1191 3216 1379 3273 codice
1432 3211 1538 3282 legi
1580 3211 1742 3264 Arius
1794 3226 1897 3278 pa-

315 3332 427 3387 gus
483 3322 728 3370 notatum
789 3309 1036 3364 Palatino
1085 3305 1414 3375 Antiquario
1486 3301 1630 3372 apud
1685 3299 1899 3354 Salma-

317 3422 493 3463 stum.

405 3520 524 3576 Col.
573 3519 703 3574 289.
765 3515 894 3572 Vitis
951 3515 1187 3569 inventa.
1248 3511 1427 3580 Atque
1472 3507 1616 3562 hanc
1664 3504 1904 3575 Scaliger

322 3613 616 3669 historiam
645 3610 889 3679 quinque
932 3607 1094 3662 annis
1126 3603 1394 3672 anticipat
1422 3617 1438 3653 :
1475 3597 1710 3653 Palatini
1740 3582 1900 3666 μηδὲ.

321 3705 505 3760 tribus
533 3705 794 3756 duntaxat
827 3714 842 3751 :
873 3707 1072 3752 nostra:
1126 3706 1333 3756 autem,
1377 3701 1542 3759 atque
1581 3689 1717 3742 adeo
1760 3686 1905 3742 Pon-

326 3809 539 3855 tacena‘
570 3791 880 3850 recensioni
910 3787 1230 3845 Parmensis
1284 3798 1503 3856 quoque
1549 3795 1651 3835 ms.
1706 3779 1907 3834 suffra-

323 3895 511 3964 gatur.
557 3886 666 3939 Pro
702 3883 959 3952 Dionyse.
990 3876 1457 3950 quemadmodum
1492 3871 1901 3940 rescripsimus,

337 3983 482 4037 male
527 3979 644 4034 libri
679 3975 772 4032 alii
792 3990 986 4032 omnes
1023 3973 1228 4027 habent
1269 3966 1545 4038 Dionysio.
1602 3964 1774 4021 Porro
1800 3977 1902 4016 au-

330 4081 442 4126 tem
486 4070 588 4123 etsi
627 4068 742 4137 ipse
800 4065 1000 4120 dicitur
1048 4060 1277 4118 Semelae
1336 4058 1482 4113 illius
1522 4054 1736 4119 Nonno,
1793 4050 1901 4107 Ce-

329 4165 527 4225 dreno,
557 4159 785 4223 llnlalze,
817 4166 983 4226 atque
1017 4153 1166 4220 aliis,
1204 4160 1510 4205 annotante
1581 4145 1912 4203 Scburzflei-

330 4257 510 4319 schio,
538 4254 670 4308 nihil
695 4251 919 4305 dubium
942 4258 1027 4303 est
1043 4255 1248 4309 tamen,
1267 4243 1527 4313 scriptum
1552 4242 1622 4298 ab
1656 4239 1911 4302 Eusebio,

2001 3125 2205 3195 alioqui
2231 3125 2278 3179 si
2314 3123 2608 3194 Aigyptuttt
2637 3123 2826 3184 ἁπλῶς
2866 3122 3160 3190 intelligas,
3192 3130 3240 3174 et
3303 3120 3363 3170 τὸ
3393 3135 3578 3172 secun-

1999 3216 2124 3269 dant
2149 3216 2257 3270 alio
2281 3215 2506 3278 referas,
2545 3215 2770 3270 minime
2796 3214 2924 3279 sibi,
2962 3228 3140 3282 neque
3171 3227 3296 3265 cum
3346 3213 3577 3263 historia

2003 3310 2274 3364 Eusebius
2312 3309 2612 3373 constabit,
2645 3309 2734 3374 qui
2766 3316 2820 3361 et
2852 3306 3118 3361 Cherrem
3169 3319 3266 3374 per
3303 3319 3478 3357 annos
3511 3303 3581 3355 15

2009 3411 2064 3455 et
2093 3399 2233 3455 duos
2256 3399 2394 3454 alios
2424 3413 2532 3453 uno
2563 3398 2865 3466 eodemque
2891 3408 3137 3468 tempore
3159 3396 3362 3452 dixerit
3397 3394 3580 3465 Μεγ-

2003 3501 2155 3561 ptum
2185 3506 2339 3560 reges
2370 3492 2630 3544 tenuisse.
2657 3488 2901 3559 Denique
2946 3505 3033 3544 res
3067 3490 3267 3542 clamat
3321 3487 3438 3557 ipsa
3470 3502 3485 3540 :
3526 3495 3582 3539 et

2010 3582 2346 3651 Scaligerum
2408 3580 2632 3635 omnino
2681 3580 2822 3648 fugit
2854 3581 3014 3634 ratio.
3062 3579 3170 3634 Sed
3213 3592 3390 3648 neque
3442 3577 3579 3632 illud

2007 3673 2318 3729 vero~imile
2350 3672 2587 3737 videtur,
2615 3673 2758 3741 quod
2805 3671 2901 3736 ait,
2939 3669 3133 3736 Orum,
3181 3683 3344 3738 quem
3413 3666 3588 3720 Euse-

2009 3764 2133 3820 bius
2158 3765 2289 3818 facit
2323 3762 2584 3833 Telegoni
2632 3773 2866 3834 patrem,
2909 3777 3017 3816 non
3051 3774 3212 3832 posse
3261 3774 3384 3814 esse
3416 3758 3584 3812 alium

2009 3855 2078 3911 ab
2113 3870 2183 3910 eo
2240 3870 2396 3924 quem
2425 3855 2607 3926 posuit
2634 3870 2789 3911 num.
2817 3853 2943 3920 42t,
2972 3852 3066 3923 qui
3097 3860 3182 3907 est
3209 3865 3387 3906 nonus
3419 3849 3589 3921 hujus

2011 3947 2279 4020 dynastis:
2297 3948 2439 4018 apud
2462 3947 2782 4003 Africanum
2819 3962 2837 4001 :
2896 3956 2958 4002 ut
3006 3943 3231 4000 dubium
3267 3959 3374 3998 non
3407 3941 3502 4007 sit,
3541 3941 3590 3997 si

2012 4039 2108 4096 Ori
2145 4041 2246 4095 fuit
2274 4039 2439 4104 filius,
2489 4041 2657 4096 alium
2688 4039 2858 4096 Orum
2906 4053 3028 4094 esse
3051 4053 3161 4093 non
3198 4051 3359 4108 posse
3384 4044 3586 4107 praeter

2013 4135 2178 4190 hunc.
2201 4133 2314 4204 Ego
2343 4149 2449 4188 non
2483 4132 2620 4189 satis
2653 4132 2790 4188 bene
2823 4142 3067 4202 tempora
3107 4129 3406 4186 convenire
3438 4127 3593 4183 arbi-

2017 4233 2180 4280 tror:
2215 4239 2345 4279 am
2403 4233 2626 4279 centum
2663 4223 2785 4294 plus
2813 4224 2998 4278 minus
3031 4239 3062 4277 a
3097 4234 3254 4290 patre
3283 4221 3446 4275 annis
3487 4219 3588 4275 de-

335 4309 800 4419 qiietnfadntodum
825 4351 880 4397 et
915 4339 1250 4412 Syncelliani
1285 4309 1505 4392 codices
1537 4335 1740 4398 ferunt,
1784 4333 1893 4402 οὐχ¹

2018 4329 2167 4368 mum
2191 4328 2420 4384 regnare
2457 4313 2647 4378 filium,
2683 4327 2825 4384 aegre
2866 4313 3113 4366 adducor
3141 4320 3200 4365 ut
3227 4311 3471 4366 credam.
3497 4309 3597 4364 llle

2024 4403 2062 4419 Λ
2196 4401 2256 4419 11-
2503 4417 2514 4419 Α
2569 4402 2677 4419 ι·-ο-
2741 4417 2746 4419 _
2805 4403 2882 4419 I9,
2913 4401 2954 4419 n
3037 4401 3253 4419 l\-,,s____
3278 4397 3560 4419 _--_s_-2\-

330 4441 431 4495 τοῦ
458 4441 522 4493 ἐκ
552 4437 817 4507 Σεμέλης,
845 4450 949 4488 non
978 4432 1156 4502 utique
1181 4429 1272 4484 ille
1291 4426 1510 4484 Semela:
1568 4425 1702 4495 ﬁlio.

406 4551 528 4607 Col.
557 4549 685 4604 289.
732 4545 997 4604 Cranaus.
1027 4542 1274 4606 Quatuor
1307 4535 1539 4592 Palatini
1577 4550 1740 4598 mss.,
1773 4540 1912 4588 teste

335 4641 816 4704 Schurzfleischio,
847 4645 972 4708 post
999 4634 1138 4689 duos
1183 4631 1365 4686 adhuc
1393 4644 1570 4683 annos
1597 4626 1714 4681 hac
1751 4625 1912 4678 αισθ-

333 4741 506 4799 runt;
537 4730 805 4802 Scymnus
839 4738 1020 4782 tamen
1048 4723 1216 4778 Chius
1259 4737 1392 4785 non,
1432 4729 1492 4774 ut
1549 4718 1626 4772 illi
1672 4715 1909 4780 videtur,

331 4826 612 4880 Cranaum
641 4821 883 4890 Cecrope
907 4817 1257 4872 vetustiorem
1314 4812 1445 4866 facit
1470 4823 1614 4865 Vers.
1652 4807 1780 4890 560,
1815 4806 1910 4862 ubi

330 4919 411 4971 ait
443 4916 778 4970 habitatores
806 4913 1142 4966 Athenarum

409 5045 706 5117 Kpavaoin;
737 5041 1046 5117 καλεῑοθαι,
1084 5036 1222 5110 μετὰ
1274 5036 1331 5091 δὲ
1365 5035 1536 5090 ταῦτα
1565 5031 1911 5106 Κεκροπίδας

332 5115 627 5186 Κέκροπος
658 5115 1149 5173 δυναστεύσαντος.
1403 5135 1406 5139 ·

332 5233 442 5287 Sed
474 5231 598 5299 quia
627 5227 879 5298 Κραναὸς
902 5224 1197 5295 exponitur
1257 5227 1507 5290 asperjet
1546 5221 1762 5284 sterilis,
1789 5234 1910 5290 qua!

332 5325 437 5380 soli
489 5325 654 5376 Attici
720 5320 934 5376 indoles
987 5318 1130 5380 fuit,
1211 5315 1502 5385 Scytnnus,
1550 5328 1654 5366 non
1711 5327 1748 5385 aq
1779 5313 1911 5367 Cra-

334 5432 441 5472 nao
499 5419 741 5466 Athenas
773 5452 790 5477 ,
843 5411 938 5466 sed
991 5409 1060 5462 ab
1117 5383 1350 5461 Athenis
1406 5407 1657 5476 Κραναῖς
1710 5383 1907 5458 ῐιῖηιιεη

337 5506 626 5572 accepisse
654 5503 950 5568 Cranaum,
992 5500 1254 5569 Cecropis
1287 5510 1688 5556 successorem,
1722 5500 1906 5549 sentit.

341 5598 517 5650 Alfert
549 5597 689 5650 hanc
717 5607 938 5664 quoque
968 5589 1291 5646 Eustathius
1316 5601 1540 5643 causam
1576 5585 1642 5639 ad
1701 5586 1908 5655 Diony-

334 5691 400 5742 sii
425 5703 568 5743 vers.
620 5687 724 5741 423
755 5701 772 5743 :
805 5684 1028 5756 Κραναὴ
1071 5683 1256 5754 μέντοι
1294 5682 1327 5752 ἠ
1389 5679 1644 5748 Ἀττική.
1681 5715 1696 5733 .
1719 5717 1736 5733 .
1776 5679 1909 5731 διότι

1942 4397 1989 4457 D
2020 4403 2161 4460 Oras
2196 4401 2524 4474 Hieronymo
2551 4402 2772 4470 dicitur,
2805 4403 2892 4458 hic
2910 4401 3010 4456 Or.
3035 4401 3261 4456 Demum
3277 4413 3455 4468 neque
3469 4397 3597 4451 ἀλοι-

2017 4493 2205 4565 γιστία
2248 4504 2354 4558 est,
2389 4504 2450 4546 ut
2480 4491 2726 4564 Scaliger
2751 4492 2914 4548 nimis
2963 4499 3167 4548 temere
3217 4498 3399 4549 vocat.
3447 4484 3597 4557 quod

2018 4585 2313 4656 septimum
2347 4583 2416 4639 ab
2451 4582 2651 4639 Inacho
2705 4582 3038 4656 Telegonum
3059 4583 3219 4649 dicit,
3244 4595 3419 4651 neque
3446 4580 3595 4635 enim

2019 4678 2272 4734 convinci
2305 4677 2508 4733 veteris
2524 4677 2756 4747 alicujus
2781 4675 3096 4746 .scriptoris
3145 4673 3475 4729 auctoritate
3503 4686 3600 4741 po-

2019 4775 2128 4823 test
2160 4784 2174 4820 :
2205 4783 2440 4838 cumque
2467 4767 2689 4838 ipsimet
2723 4768 2778 4823 in
2804 4769 3026 4823 diversa
3057 4765 3276 4831 abeant,
3300 4766 3394 4835 qui
3415 4763 3598 4818 lnaehi

2019 4859 2334 4929 progeniem
2397 4871 2685 4925 enarrant,
2744 4859 3113 4931 Apollodorus
3173 4869 3227 4912 et
3273 4857 3597 4920 Pausanias,

2018 4962 2122 5002 nec
2155 4958 2337 5002 tamen
2393 4946 2654 5017 Telegoni
2681 4948 2850 5002 verbo
2883 4957 3044 5003 tenus
3075 4947 3444 5011 meminerint,
3481 4959 3600 5000 ma-

2021 5039 2218 5093 nifesto
2247 5037 2449 5093 indicio
2474 5048 2580 5102 est,
2625 5039 2922 5094 Eusebium
2967 5039 3036 5093 ab
3068 5038 3211 5103 aliis,
3243 5026 3335 5110 qui
3375 5039 3599 5092 minime

2019 5137 2336 5199 supersunt,
2371 5131 2840 5212 auctor-ilius.th
2876 5132 3175 5198 accepisse.

2088 5219 2203 5275 Col.
2267 5219 2393 5274 29L
2455 5217 2794 5274 Deucalionis
2864 5219 3006 5286 filius
3059 5220 3214 5273 Dion.
3269 5217 3468 5284 Liquet
3528 5227 3596 5266 ex

2019 5312 2230 5377 Graeco,
2263 5326 2426 5381 quem
2461 5311 2767 5376 laudamus,
2807 5321 2957 5366 textu
2996 5313 3218 5366 minime
3253 5305 3598 5360 Deucalionis

2021 5405 2190 5459 ﬁlium
2253 5404 2573 5473 Dionysum.
2628 5404 2723 5458 sed
2780 5405 3229 5474 Amphimyooem
3260 5399 3362 5454 dici
3393 5412 3405 5448 :
3438 5394 3598 5463 cujus

2023 5494 2359 5564 temporibus
2411 5493 2501 5548 ille
2559 5494 2612 5548 in
2682 5495 2919 5550 Atticam
2978 5494 3146 5547 venit.
3197 5489 3251 5543 Id
3313 5490 3488 5556 ipsum
3529 5499 3596 5535 cit

2017 5583 2291 5640 Pausania
2319 5584 2373 5636 in
2414 5584 2610 5639 Atticis
2673 5599 2738 5639 ac
2772 5583 3043 5646 Pltocicis,
3072 5579 3428 5649 Apollodoro.
3454 5571 3598 5627 Hal"

1987 5677 2371 5746 ,pocratione,
2421 5675 2611 5740 Suida,
2677 5687 2840 5742 atque
2889 5673 3064 5744 ipsius
3117 5673 3332 5728 demum
3369 5661 3592 5722 Eusebii
