3908 6174
444 309 552 390 Tit

1703 296 1936 359 VALLA
1950 295 2104 355 RSII
2146 293 2385 354 NOTAE.

3562 290 3654 350 772

445 424 800 492 snbsequcnti
829 421 1083 493 periocha
1117 423 1457 485 compertum
1513 421 1598 467 cst
1635 427 1796 481 quam
1857 411 2001 478 quod
2032 417 2076 470 Α
2107 409 2366 476 opinione
2397 405 2712 474 replicatur.
2748 402 2958 457 Revera
3002 403 3161 473 juxta
3199 400 3490 454 Marmoris
3515 405 3653 470 prinn

448 515 704 566 maxime.
735 510 917 581 Culpa:
969 509 1135 578 igitur
1166 514 1436 558 vertcmus
1489 501 1542 555 id
1597 500 1656 555 S.
1691 499 1998 567 interpreti,

453 614 512 657 ut
547 604 787 670 Scaliger
817 609 871 654 et
901 598 1168 652 Meursius
1194 595 1422 659 iaciunt,
1451 593 1548 666 qui
1578 592 1757 646 verbis
1801 590 2001 658 priori-

445 697 548 750 bus
585 695 728 746 κατὰ
761 691 1165 762 ’Λμφικτύονα,
1194 689 1278 743 vel
1323 675 1735 756 praetermissis,
1774 682 1856 737 vel
1879 681 2001 736 red-

445 789 571 840 ditis
607 786 796 838 Latine
861 782 1003 836 haud
1052 764 1303 845 ﬁdeliter,
1344 777 1440 831 His
1493 773 1833 844 temporibus,
1875 772 2002 825 Dio-

445 881 639 944 nysum
669 872 1015 926 Deucalionis
1048 869 1217 922 lilium
1243 866 1401 921 nobis
1443 861 1798 919 obtruderit?
1830 859 2000 929 Equi-

445 965 564 1016 dem
596 963 736 1014 haud
770 970 938 1029 puto;
976 958 1149 1028 magis
1175 965 1359 1010 autem
1392 950 1701 1008 verosimile
1726 949 2000 1010 existimo,

443 1055 546 1107 alia
570 1066 733 1122 atque
762 1051 984 1104 exhibet
1035 1048 1343 1116 Syncellns,
1385 1044 1568 1108 luisse
1626 1042 1680 1096 in
1729 1040 2001 1109 Hierony-

439 1159 622 1194 nnano
660 1139 955 1208 exciiiplari
1002 1135 1220 1192 Eusebii
1272 1143 1538 1202 concepta
1592 1131 1755 1186 verba
1814 1131 2001 1198 :quod

441 1243 730 1298 utrumque
766 1239 966 1284 textum
1003 1228 1195 1282 sedulo
1247 1223 1596 1280 contendenti
1653 1222 2000 1291 perspicuum

438 1333 562 1376 erit.
587 1321 732 1374 Nihil
766 1335 929 1389 porro
985 1319 1074 1372 ille
1112 1318 1200 1371 hic
1234 1317 1434 1370 dixerit
1461 1315 1529 1368 de
1562 1313 1672 1367 lllio
1725 1310 2002 1365 Deucalio-

440 1431 526 1467 IIIS
584 1411 1034 1480 Atnphictyone:
1083 1419 1246 1477 atque
1301 1409 1417 1476 ipse
1481 1406 1614 1460 adeo
1684 1403 2000 1473 Hieronymi

443 1506 768 1561 sententiam
798 1501 968 1556 abhis
997 1500 1288 1558 inchoarit.
1331 1499 1612 1568 Dionysus,
1673 1509 1850 1548 verum
1899 1508 2002 1546 non

444 1599 532 1653 ille
562 1597 790 1652 Semeles
817 1593 985 1662 ﬁlius,
1032 1603 1139 1647 etc.
1182 1592 1316 1645 Meis
1349 1600 1498 1644 certe
1546 1603 1653 1643 non
1709 1586 2001 1642 inassuetis

440 1690 753 1759 Hieronymi
786 1689 927 1757 stylo
948 1685 1193 1748 auribus,
1216 1683 1356 1738 nihil
1376 1697 1440 1738 ac
1464 1682 1638 1752 magis
1656 1680 1893 1735 insolens
1906 1692 2002 1730 πε-

2105 495 2460 551 Arundeliani
2512 495 2776 558 rationes,
2829 493 3094 562 Apollinis
3123 490 3261 545 Delii
3305 492 3560 560 templum
3607 494 3656 545 in

2107 578 2220 642 haec
2273 596 2537 655 tempora,
2590 587 2706 640 sive
2739 584 2903 639 etiam
2948 593 3069 653 post
3097 582 3237 638 duos
3273 592 3456 637 tresve
3480 597 3654 648 annos,

2104 679 2315 743 incidit,
2355 692 2464 748 quo
2511 681 2728 731 demum
2766 676 3048 741 loco,»sivc
3097 675 3163 729 ad
3196 676 3231 729 4
3256 675 3658 744 Amphictyonis

2101 773 2262 827 etiam
2304 771 2401 824 abs
2447 769 2726 839 Scaligcro
2756 764 3196 822 recensetarJta
3228 776 3282 820 et
3331 765 3386 819 in
3422 764 3660 820 Palatino

2101 861 2280 932 primo
2315 875 2418 915 ms.
2448 858 2804 928 Antiquarius
2834 873 2848 910 :
2891 855 3271 925 Supraseripta
3317 856 3545 909 historia
3572 871 3657 922 po—

2105 954 2249 1007 nitur
2275 967 2332 1005 tn
2366 966 2496 1004 novo
2521 950 2688 1003 codic.
2723 948 2794 1002 ad
2826 963 2878 999 η.
2915 949 2940 1002 1
2981 948 3400 1016 Amphictyonis,
3429 947 3486 998 in
3516 949 3661 999 veteri

2101 1046 2274 1113 posita
2306 1054 2380 1098 est
2411 1051 2470 1096 ut
2497 1043 2579 1096 hic
2606 1059 2625 1096 :
2657 1042 2867 1096 scilicet
2891 1033 2969 1096 ad
2987 1040 3405 1110 Amphittyonis
3419 1038 3477 1092 4.
3504 1039 3660 1092 Porro

2102 1137 2299 1190 iterum
2333 1135 2472 1188 male
2505 1133 2776 1187 Pontacus
2822 1133 3026 1201 aliique
3077 1131 3212 1185 editi
3247 1132 3578 1184 vetustiores
3599 1130 3657 1181 Ι.-

2103 1228 2210 1291 bri,
2250 1225 2530 1280 Eristhone
2563 1224 2833 1293 legebant,
2865 1238 2964 1292 pro
2987 1221 3383 1292 Erysichthone.
3433 1221 3661 1287 Denique

2104 1315 2593 1373 Scimrztlcischins
2645 1315 2742 1379 ait,
2790 1311 3066 1380 Templum
3107 1311 3246 1374 Deli,
3300 1311 3356 1364 in
3393 1309 3658 1378 Templum

2103 1409 2266 1475 Delii,
2322 1408 2549 1477 primus-
2583 1405 2697 1458 Pal.
2748 1412 2805 1457 et
2855 1401 3184 1456 Sichardina
3211 1402 3380 1455 editio
3434 1411 3656 1454 mutant.

2101 1500 2352 1554 Fortasse
2387 1496 2568 1565 potius
2603 1493 2913 1564 legendum,
2977 1491 3243 1560 Templum
3289 1489 3410 1543 Deli
3462 1490 3673 1562 Apellis

2102 1593 2184 1646 nis
2217 1588 2376 1650 Delii,
2432 1601 2555 1658 qlia:
2606 1586 2766 1639 lectio
2819 1583 3024 1639 Gracia
3079 1583 3253 1637 satius
3292 1581 3658 1650 responderet.

2103 1684 2333 1748 Goarus,
2375 1679 2610 1752 Syncelli
2649 1679 2942 1744 interpres,
3006 1673 3174 1729 vertit
3220 1671 3430 1726 Delium
3463 1673 3660 1741 Apolli-

443 1779 784 1850 ρισσολογῐᾳ,
857 1794 926 1830 ne
989 1777 1167 1829 dicam
1223 1773 1658 1829 contradictione
1690 1768 2000 1832 manifesta,
2029 1783 2076 1842 Β
2106 1777 2185 1830 ηίε
2225 1773 2364 1827 Delii
2414 1773 2620 1842 fanum,
2679 1770 3040 1825 subobscure.
3083 1764 3218 1820 Nam
3270 1777 3328 1822 et
3360 1766 3507 1820 aliud
3554 1777 3661 1818 erat

438 1869 779 1924 Deucalionis
809 1869 952 1937 ﬁlius
988 1867 1273 1936 Dionysus,
1310 1880 1489 1918 verum
1517 1879 1616 1916 non
1650 1861 1738 1916 ille
1770 1859 2000 1915 Semeles

439 1961 582 2028 ﬁlius
613 1975 632 2024 ;
693 1959 920 2027 perinde
955 1972 1021 2011 ac
1054 1958 1098 2010 si
1189 1955 1426 2009 fabulam
1482 1959 1548 2008 de
1603 1950 1822 2022 Dionysi
1877 1959 2000 2005 ortu

443 2052 723 2118 ignorans,
755 2061 928 2115 neque
959 2050 1059 2100 hoc
1091 2045 1258 2100 sciret
1290 2045 1432 2112 quod
1458 2043 1684 2104 diceret,
1715 2044 1760 2096 si
1790 2042 1998 2095 Deuca-

440 2142 604 2195 ltonis
637 2141 778 2194 Illius
818 2140 947 2203 fuit,
1001 2121 1068 2192 ex
1135 2137 1346 2192 Semele
1406 2150 1531 2198 esse
1573 2151 1680 2190 non
1738 2135 1999 2204 potuisse.

439 2234 692 2302 Dejerare
723 2232 906 2299 itaque
935 2229 1133 2292 ausim,
1170 2228 1268 2282 abs
1321 2225 1650 2296 Hieronymo
1681 2229 1860 2293 priora
1891 2225 2000 2280 duo

442 2327 528 2377 illa
571 2324 736 2377 verba
776 2322 1235 2392 praescripta'non
1267 2333 1410 2373 esse.
1448 2315 1503 2371 Si
1537 2317 1668 2387 qui'd
1717 2315 1896 2380 video,
1931 2316 2001 2370 ad

439 2418 861 2483 subsequentem
891 2410 1481 2481 proximeperiocham
1543 2417 1814 2478 spectant,
1843 2401 2002 2461 sunt-

437 2522 543 2574 que
567 2506 698 2566 ilhs,
731 2504 1127 2557 Atheniensium
1152 2501 1245 2567 ιιι,
1277 2499 1648 2570 Amphictyon,
1691 2499 1999 2564 subdenda,

443 2596 780 2650 Deucalionis
829 2595 999 2664 ﬁlius.
1029 2593 1104 2646 Ita
1133 2595 1206 2647 ibi
1241 2593 1446 2661 pridem
1489 2593 1541 2644 in
1574 2590 2002 2660 Hicronymiano

439 2687 739 2754 esetnplari
772 2686 978 2753 scripta
1029 2684 1308 2746 existimo,
1370 2683 1463 2737 sed
1523 2682 1590 2736 ab
1658 2684 2000 2750 imprudente

441 2779 688 2842 librario,
716 2776 876 2830 facile
899 2777 1043 2844 quod
1073 2775 1269 2828 lineam
1295 2775 1642 2838 excederent,
1673 2771 1782 2828 huc
1807 2786 2000 2840 perpe-

447 2883 564 2921 ram
602 2877 874 2921 rcvocata.
929 2865 1184 2921 Fortasse
1235 2867 1398 2920 etiam
1454 2880 1521 2920 ex
1565 2877 1718 2934 parte
1771 2872 2003 2933 possunt

414 2957 650 3010 'landari
684 2967 849 3010 testes
901 2956 1128 3010 Palatini
1187 2955 1394 3026 aliquot
1427 2955 1643 3011 codices
1701 2969 1834 3013 mss.
1882 2955 2000 3023 qui,

442 3049 718 3100 referente
772 3047 1236 3102 Schurzlleischio
1262 3085 1277 3112 ,
1338 3047 1407 3101 ab
1441 3047 1528 3101 his
1565 3046 1821 3101 videntur
1857 3045 1998 3101 inci-

2105 1863 2364 1932 templum
2404 1860 2563 1922 Delii,
2593 1860 2647 1911 in
2676 1859 2878 1928 oppido
2912 1855 3155 1916 Boeotiae,
3178 1857 3246 1909 ad
3268 1857 3536 1909 honorem
3564 1855 3658 1908 Dc-

2101 1953 2158 2008 lii
2190 1951 2464 2020 Apollinis
2510 1958 2875 2012 exstrui-tum,
2913 1947 2980 2000 de
3024 1961 3134 2016 quo
3186 1945 3503 2013 Stephanus
3549 1947 3658 1998 Ali-

2099 2041 2292 2104 AION,
2325 2049 2379 2094 et
2422 2039 2621 2093 Strabo
2654 2039 2752 2091 lib.
2808 2052 2868 2091 ix
2914 2045 3101 2106 agunt.
3145 2033 3276 2090 Erat
3319 2033 3487 2088 etiam
3530 2034 3661 2086 alte-

2101 2149 2244 2196 rum,
2308 2132 2476 2200 priori
2511 2129 2812 2199 antiquius,
2887 2127 2939 2181 in
2971 2128 3098 2181 Delo
3138 2127 3339 2188 insula,
3389 2139 3534 2193 qua",
3566 2125 3661 2181 (id:

2104 2223 2390 2294 Sophiani,
2418 2221 2620 2290 Κδίλης
2649 2207 2814 2274 hodie
2837 2228 3425 2286 vocatur,quanquam
3459 2217 3650 2279 Boeoti,

2103 2325 2242 2370 teste
2270 2313 2566 2368 Plutarcho
2607 2313 2660 2364 in
2690 2308 2974 2377 Pelopida,
2998 2324 3028 2362 a
3051 2323 3153 2363 suo
3192 2307 3341 2361 Delio
3362 2307 3657 2376 Apollinem

2103 2403 2310 2458 Delium
2341 2401 2660 2457 derivarint.

2171 2496 2288 2551 Col.
2317 2495 2442 2549 291.
2479 2493 2755 2562 Epaphus.
2791 2490 3038 2546 Diximus
3067 2489 3170 2545 hac
3200 2489 3272 2544 de
3291 2493 3364 2559 jre
3397 2489 3551 2560 plura
3571 2508 3660 2546 su-

2101 2589 2286 2659 perius
2317 2589 2448 2658 (col.
2483 2587 2610 2656 27-5)
2642 2587 2708 2639 ad
2739 2601 2892 2640 num.
2932 2583 3062 2649 279,
3100 2597 3223 2653 qua:
3271 2583 3381 2636 huc
3442 2583 3655 2639 referas.

2101 2682 2252 2736 Adde
2281 2681 2468 2735 isthaec
2487 2694 2553 2733 ex
2582 2677 2790 2748 Hygino
2813 2691 2934 2746 cap.
2961 2675 3096 2730 N9:
3133 2673 3389 2744 Epaphus
3422 2676 3658 2743 oppiduni

2099 2774 2329 2840 primum
2359 2768 2661 2836 Memphim,
2685 2775 2735 2820 et
2769 2766 2878 2820 alio
2911 2765 3071 2834 plura
3109 2765 3410 2818 constituit.
3441 2765 3506 2819 Et
3528 2765 3658 2819 275:

2104 2863 2354 2933 Epaphus
2377 2860 2520 2915 lavis
2548 2851 2696 2927 ﬁlius
2744 2858 2799 2911 in
2853 2855 3085 2925 {Egypto
3142 2854 3428 2921 Memphim
3489 2856 3659 2923 suppl.

2103 2957 2357 3009 con’didit.
2388 2953 2707 3009 Lactantius
2763 2951 2830 3006 ad
2865 2947 3156 3003 Thebaidos
3183 2959 3258 3012 tv,
3289 2944 3390 2995 737
3415 2962 3432 2997 :
3465 2942 3662 3012 Jupiter

2103 3043 2520 3115 Epapltttm.!qui
2548 3043 2644 3096 hoc
2659 3042 2990 3106 petiveverat,
3037 3041 3095 3093 in
3142 3031 3439 3108 Egyptians
3481 3036 3662 3101 oppido

413 3131 590 3208 (perc,
623 3140 1082 3209 quemadmodum
1132 3139 1472 3204 dicebamus,
1535 3139 1816 3209 Dionysius
1869 3139 1995 3208 (leg.
2029 3113 2073 3172 ο
2105 3113 2449 3200 communire,
2508 3136 2680 3205 ibique
2728 3148 2951 3205 regnare
2979 3134 3160 3202 jussit.
3201 3130 3470 3201 Oppidum
3505 3129 3662 3182 Ment-

443 3234 953 3301 Dionysus),verum
1020 3247 1123 3284 non
1163 3231 1252 3285 ille
1291 3229 1517 3285 Semela:
1561 3231 1729 3299 filius,
1779 3245 1897 3283 cum
1946 3230 2000 3282 in

443 3325 694 3384 Atticum.
731 3337 840 3378 etc.
873 3322 1080 3386 Nostri,
1119 3333 1177 3377 ut
1208 3323 1343 3376 nihil
1374 3320 1808 3386 dissimulemus,
1841 3335 1996 3376 coni-

441 3415 594 3469 muni
649 3416 743 3469 illo
792 3431 979 3470 errore
1037 3427 1284 3485 peccant.
1315 3414 1430 3470 Jam
1467 3430 1597 3470 vero
1632 3417 1776 3485 quod
1809 3415 2004 3467 attinet

445 3521 613 3574 ipsum
647 3505 908 3569 iahuiatn,
941 3505 1214 3561 Meursius
1260 3506 1455 3575 pellem
1517 3505 1748 3570 hinnuli,
1782 3520 1877 3574 pro
1913 3519 2012 3587 ea;

434 3612 573 3664 pm,
633 3599 949 3651 vertendum
1003 3599 1174 3651 fuisse
1233 3599 1536 3652 contendit.
1593 3597 1802 3651 Tritum
1861 3613 2002 3665 quo-

435 3703 546 3757 que
609 3687 739 3740 illud
811 3686 1081 3757 Stephani
1156 3687 1463 3757 Σημαχίδαι
1524 3687 1695 3756 δῆμος
1727 3686 2000 3750 Ἀττικὸς,

437 3794 495 3830 κ.
529 3794 579 3832 τ.
612 3777 664 3831 λ.
703 3775 1060 3842 Semachidte,
1092 3776 1319 3848 populus
1369 3778 1593 3840 Atticus,
1643 3793 1675 3830 a
1723 3775 1999 3841 Semncho,

433 3870 589 3938 cujus
625 3872 752 3939 ﬁlia
816 3869 1108 3939 Dionysum
1155 3869 1380 3940 hospitio
1439 3882 1704 3939 excepere.
1737 3868 1779 3920 A
1815 3865 2001 3936 quibus

435 3962 602 4029 ipsius
647 3963 965 4015 sacerdotes.
1001 3959 1302 4015 Pausanias
1351 3961 1585 4016 Atticor.
1623 3973 1747 4028 cap.
1787 3957 1824 4010 2
1864 3959 2005 4012 inter

436 4056 574 4106 alias
602 4052 798 4106 (leti-les
832 4061 1042 4106 statuas
1073 4052 1128 4104 in
1159 4051 1296 4105 cella
1327 4051 1396 4104 ad
1443 4049 1641 4104 Bacchi
1673 4050 1857 4102 tantum
1917 4063 2004 4103 rc-

437 4143 664 4211 positas,
689 4142 1135 4213 Amphictyonem
1163 4157 1384 4211 quoque
1439 4149 1724 4206 memorat,
1761 4144 1852 4210 qui
1897 4139 1997 4194 ἆλ-

438 4233 645 4295 3.00:1:
677 4233 854 4298 (θεοὺς,
899 4235 995 4286 καὶ
1047 4233 1306 4286 Διόνυσον
1341 4232 1596 4288 convivio
1617 4237 1847 4302 excepit.
1886 4231 2004 4287 Cae-

439 4335 555 4380 tera
590 4325 662 4379 ibi
713 4325 944 4381 vndesis.
1006 4323 1254 4394 Scaliger
1304 4325 1615 4394 periocham
1676 4325 1836 4379 istam
1870 4339 2006 4393 qua-

439 4419 692 4471 driennio
741 4429 861 4487 post
906 4417 1138 4472 collocat
1180 4432 1196 4475 :
1232 4432 1337 4487 qua
1398 4419 1466 4473 de
1533 4433 1593 4471 re
1653 4418 2007 4486 Antiquarius

437 4511 810 4563 Salmasianus
844 4512 897 4562 in
929 4512 1104 4578 primo
1141 4509 1410 4575 Palatino,
1486 4507 1866 4578 suprascripta
1922 4509 2004 4561 hi-

437 4600 606 4652 storia
638 4603 690 4652 in
717 4616 848 4654 noro
877 4602 1055 4654 codice
1085 4604 1296 4669 ponitur
1346 4604 1414 4653 ad
1440 4617 1586 4654 num.
1625 4601 1656 4651 7
1687 4600 1882 4654 Cranai
1915 4617 2008 4654 su-

439 4692 615 4760 perius
640 4692 920 4758 descripti;
949 4694 1003 4746 in
1037 4694 1194 4747 veteri
1222 4709 1334 4748 tero
1359 4695 1536 4748 codice
1559 4694 1772 4759 ponitur
1794 4703 1847 4746 ut
1881 4694 1962 4747 hic
1987 4710 2006 4747 :

439 4785 645 4838 scilicet
677 4785 1144 4840 Ahraliamiticum
1179 4784 1304 4841 520.

513 4874 645 4931 Ibid.
686 4875 954 4947 Templum
1020 4878 1176 4932 Delii.
1207 4877 1458 4932 Nondum
1485 4890 1629 4933 recte
1659 4878 1818 4950 hujus
1847 4877 2006 4932 indo-

444 4967 546 5020 lem
599 4970 757 5034 libri,
816 4981 1159 5040 mentemque
1235 4970 1449 5024 Eusebii
1513 4972 1725 5040 cepisse
1789 4970 2004 5023 videtur

445 5059 707 5130 Scaliger,
739 5077 862 5116 cum
914 5068 1126 5118 nescire
1173 5077 1232 5117 se
1257 5063 1332 5115 ait
1371 5078 1470 5117 cur
1522 5063 1708 5117 istlnec
1742 5063 2004 5132 περιοχὴ,

442 5166 565 5219 qua:
599 5153 786 5205 eadem
838 5163 921 5207 est
974 5165 1134 5224 atque
1192 5156 1280 5213 iﬂa
1337 5156 1594 5226 superius
1638 5165 1820 5209 notata
1880 5166 2009 5208 ante

445 5257 620 5297 annos
650 5243 955 5306 duodecim.
990 5248 1077 5300 hic
1109 5249 1396 5317 repetitur,
1455 5255 1549 5300 aut
1577 5262 1676 5300 cur
1711 5245 1781 5300 ibi
1829 5246 2005 5299 locum

444 5337 700 5401 habebat,
728 5337 772 5391 si
823 5339 912 5392 hic
963 5340 1206 5407 ponenda
1251 5347 1392 5393 erat.
1426 5335 1652 5406 Nempe,
1689 5337 1833 5400 quod
1867 5351 2010 5405 saepe

443 5429 572 5482 alibi
604 5429 918 5483 monuimus
951 5427 1179 5482 aliarum
1237 5427 1585 5482 historiarum
1613 5425 1897 5494 exetnplis,
1921 5427 2007 5479 di-

443 5533 630 5578 versus
665 5522 802 5574 situs
861 5537 1045 5590 regum
1109 5521 1405 5584 Atticorum
1438 5519 1578 5589 apud
1613 5511 1859 5574 diversos
1908 5531 2010 5588 au-
2043 5533 2046 5535 λ

344 5663 358 5682 θ
442 5619 624 5664 cteros
681 5625 819 5676 erat,
877 5628 1048 5680 caque
1114 5625 1274 5665 causa
1327 5621 1430 5674 cst,
1463 5626 1562 5664 cur
1607 5611 1749 5663 idem
1785 5621 2008 5664 eventus

443 5700 631 5754 eodem
661 5701 949 5758 intervallo
977 5717 1038 5757 ac
1063 5701 1322 5755 dstantia
1359 5703 1639 5766 temporis,
1674 5717 1738 5756 cx
1773 5701 2001 5753 aliorum

2102 3230 2243 3296 phim
2268 3235 2318 3280 et
2345 3225 2456 3278 alia
2483 3223 2642 3290 plura
2667 3225 2956 3279 constituit.
2980 3222 3187 3277 Caetera
3227 3223 3360 3282 scis,
3386 3219 3660 3289 Epaphum

2102 3329 2265 3385 atque
2294 3317 2432 3384 Apin
2464 3313 3014 3380 unum-eamdemque
3040 3325 3162 3366 esse
3181 3328 3198 3366 ε
3217 3308 3524 3364 Eusebium
3547 3320 3660 3359 Vero

2104 3409 2219 3462 haec
2287 3408 2440 3476 juxta
2504 3405 2681 3460 varias
2741 3412 2983 3460 veterum
3060 3401 3347 3471 opiniones
3430 3400 3656 3453 laudare.

2103 3497 2673 3552 Schurzileischiusin
2715 3494 2968 3553 tralatitia
2994 3493 3298 3563 quaestione
3352 3493 3422 3544 de
3471 3489 3525 3543 lo
3556 3488 3659 3556 pri-

2104 3609 2188 3645 mn
2223 3604 2276 3644 et
2306 3592 2539 3646 secunda
2587 3590 2747 3659 (quas
2790 3588 3133 3642 ostendimus
3159 3586 3415 3640 confusas
3444 3583 3579 3636 inter
3609 3595 3663 3633 se

2103 3687 2173 3740 ah
2225 3686 2487 3753 antiquis)
2537 3684 2719 3736 denuo
2749 3690 3017 3743 versatur,
3073 3686 3130 3730 ut
3169 3677 3393 3732 minime
3422 3686 3663 3736 constare

2105 3776 2220 3828 sibi
2266 3775 2600 3841 Syncellum.
2625 3780 2788 3839 atque
2818 3769 2954 3825 adeo
2977 3769 3156 3838 ipsum
3181 3766 3482 3822 Eusebium
3525 3781 3664 3818 mou-

2105 3877 2261 3922 stret.
2285 3868 2341 3920 In
2374 3869 2514 3919 line:
2549 3863 2731 3930 Plura,
2751 3862 2944 3930 inquit,
2968 3859 3036 3914 de
3067 3868 3180 3914 tota
3212 3875 3270 3914 re
3297 3858 3533 3912 fortasse
3558 3872 3659 3926 sci-

2107 3967 2316 4016 remus,
2371 3953 2417 4004 si
2473 3948 2803 4017 Engatnonis
2845 3945 3131 4017 Cyrenaici
3169 3945 3474 4011 scriptoris,
3505 3940 3662 4009 Τηλεο

2104 4046 2282 4113 γθνῐα,
2308 4042 2466 4110 cujus
2496 4040 2862 4100 meminerunt
2900 4035 3102 4092 Suidas
3139 4041 3196 4089 et
3229 4033 3561 4095 Eustathius,
3597 4027 3661 4080 ad

2107 4146 2289 4190 nostra
2321 4131 2655 4203 pervenisset
2683 4139 2946 4198 tempora.
2976 4125 3247 4181 Caeterum
3281 4125 3348 4178 ad
3382 4135 3661 4177 numerum

2106 4225 2211 4280 528
2252 4223 2461 4292 Epaphi
2511 4221 2738 4284 historia
2767 4217 3002 4273 refertur
3032 4231 3063 4269 a
3094 4215 3337 4269 Palatino
3371 4214 3547 4281 primo
3569 4225 3586 4266 ι
3612 4217 3664 4261 et

2107 4316 2431 4383 subscripsit
2473 4311 2570 4374 ibi,
2621 4325 2772 4365 more
2822 4323 2944 4375 suo,
3000 4304 3385 4373 Antiquarins,
3420 4301 3510 4371 qui
3549 4314 3666 4353 cum

2036 4441 2087 4500 υ
2112 4408 2352 4465 codicem
2391 4405 2684 4468 recenSnit,
2733 4402 3110 4470 Suprascripta
3153 4397 3380 4451 historia
3425 4397 3482 4448 in
3505 4394 3668 4446 calice

2117 4517 2244 4556 novo
2275 4500 2488 4567 ponitur
2517 4495 2583 4548 ad
2609 4509 2883 4548 numerum
2928 4491 2990 4545 11
3041 4488 3425 4560 Αἰςῃριὶσιιιηι
3486 4485 3555 4553 (id
3581 4489 3671 4548 est

2113 4591 2581 4648 Abrahamiticum
2619 4587 2745 4652 524,
2778 4583 3235 4656 quemadmodum
3284 4580 3514 4632 habetur
3545 4588 3673 4646 quo-

2113 4701 2217 4754 que
2254 4681 2578 4756 in_editionc
2606 4675 2952 4744 Sichardina)
2979 4691 2995 4742 ;
3027 4675 3082 4728 in
3112 4671 3331 4740 antiquo
3360 4669 3530 4722 codice
3586 4679 3674 4731 po-

2116 4790 2260 4832 nitur
2288 4781 2342 4824 ut
2370 4772 2476 4826 hic.

2184 4866 2302 4921 Col.
2337 4866 2464 4920 ‘29l.
2491 4861 2725 4926 Armais,
2778 4858 2869 4930 qui
2918 4865 2967 4910 et
2995 4854 3237 4909 Danaus.
3284 4848 3554 4919 Joseplms
3591 4845 3676 4915 (ex

2119 4959 2165 5012 Μ
2179 4959 2452 5012 anethone
2484 4956 2603 5009 loco
2627 4953 2824 5023 smpius
2852 4947 3087 5016 laudato)
3118 4959 3278 5016 quem
3329 4943 3547 4995 Armoin
3577 4939 3678 4991 Do-

2116 5067 2278 5104 nanm
2309 5056 2484 5113 vocat,
2532 5045 2758 5099 minime
2810 5042 3054 5112 quidem,
3111 5041 3196 5107 ut;
3218 5043 3370 5103 putat
3416 5031 3676 5100 Scaliger,

2118 5145 2260 5197 inter
2294 5137 2515 5210 Egypti
2551 5151 2706 5204 reges
2737 5144 2948 5196 censet,
2976 5129 3070 5186 sed
3097 5130 3322 5183 fratrem
3348 5123 3478 5178 dicit
3496 5119 3675 5190 quarti

2115 5237 2184 5289 ab
2221 5235 2323 5287 hoc
2351 5233 2492 5303 regis
2540 5226 2811 5289 Sethosis,
2874 5223 2964 5291 qui
3019 5235 3144 5274 eum
3197 5218 3362 5272 etiam
3422 5220 3674 5266 concessa

2116 5323 2458 5380 anetOritatis
2489 5317 2752 5391 particula
2801 5315 2946 5369 male
2978 5313 3313 5370 abutentem,
3346 5307 3399 5359 in
3433 5303 3672 5358 ordinem

2115 5425 2302 5488 postea
2339 5415 2564 5481 redegit.
2591 5412 2758 5475 Quem
2793 5419 2920 5460 vero
2975 5403 3040 5457 ad
3089 5403 3236 5456 hunc
3283 5399 3462 5452 locum
3505 5397 3669 5461 potui,

2117 5519 2275 5566 vocat
2308 5507 2495 5566 ἁπλῶς
2555 5499 2794 5565 Armain,
2853 5496 3004 5552 nullo
3060 5494 3247 5546 addito
3299 5494 3667 5557 cognoiuentn,

2116 5605 2276 5671 eique
2307 5611 2482 5652 annos
2553 5601 2760 5646 tantum
2835 5595 3073 5656 quatuor
3118 5595 3172 5636 ct
3233 5595 3465 5634 lucis-3n
3515 5592 3672 5628 IIIJJIII

2117 5693 2358 5748 ascribit.
2394 5686 2516 5741 llzec
2548 5697 2760 5738 snnnna
2795 5681 3041 5732 ratiocst
3101 5675 3170 5728 ob
3231 5689 3390 5742 quam
3451 5671 3670 5722 Ειιςςιξςμι
