3864 6182
471 237 580 303 ’175

1741 242 2160 305 VALLARSII
2201 243 2442 306 ΝΟΤΒ.

3549 257 3636 321 ’Πϐ

473 350 598 424 186,
629 368 683 412 et
705 356 1035 412 Pausaniam
1087 373 1140 412 tn
1172 349 1394 424 Atticis,
1445 372 1496 414 c.
1544 360 1602 416 2.
1659 358 1792 428 Quae
1848 363 2048 418 subne—
2078 369 2126 427 Α
2147 377 2288 430 vero
2311 373 2366 430 et
2392 362 2601 432 pridcm
2631 359 2687 416 in
2711 361 2979 431 prommlo
3023 362 3261 432 Eusebii,
3301 377 3350 421 et
3375 368 3564 426 inierint
3587 381 3640 429 ad

470 458 697 504 ctuntur
722 449 904 510 verba,
932 447 1016 501 his
1047 449 1383 518 regnantibus
1416 449 1773 518 fuit,lmerito,
1800 454 1877 507 ait
1905 451 2056 523 idem,

473 539 740 612 Scaliger.
771 539 825 594 in
849 537 1055 594 Graecis
1079 553 1185 593 non
1219 539 1530 596 habentur:
1565 541 1698 611 qnid
1749 552 1832 597 est
1876 544 2046 610 enim,

470 630 913 698 Erichthonium,
942 627 1297 685 Erichthonio
1345 638 1402 686 et
1452 629 1621 686 Arma
1670 635 2058 709 regnantibus,‘_

468 722 640 778 fuisse
655 721 681 775 Y
1665 769 1668 772 .

537 812 679 870 ibid.
712 811 1016 871 Ramnes.
1044 810 1546 871 Scburxﬂeiscbius
1571 812 1646 869 ait
1676 829 1693 866 :
1753 812 2047 870 Ramesse:

468 905 580 971 hic,
611 905 883 962 Romam
911 916 1139 964 vocatur
1172 906 1229 962 in
1259 907 1440 979 primo
1467 903 1738 972 Palatino,
1769 906 2047 978 quomodo

465 999 632 1054 etiam
661 1000 715 1054 in
743 1000 986 1057 obelisco
1040 1001 1186 1071 apud
1260 997 1605 1054 Ammianum
1651 982 2046 1054 Marcellinum

467 1092 545 1147 lib
621 1107 758 1157 xvn,
781 1107 833 1148 c.
861 1093 917 1155 4.
955 1089 1262 1162 Ῥαμέστης
1298 1100 1496 1146 exstat.
1529 1090 1596 1146 Et
1621 1099 1773 1144 notat
1798 1088 1865 1143 ad
1897 1088 2050 1145 codi-

465 1200 586 1240 cem
625 1183 933 1263 Palatinum
963 1186 1128 1243 istum
1159 1185 1540 1254 Antiquarius.
1572 1183 1645 1238 ita
1671 1182 1835 1238 etiam
1867 1181 1923 1237 in
1959 1196 2049 1237 ve-

467 1277 571 1329 teri
613 1275 756 1330 libro
814 1276 983 1332 fuisse
1044 1277 1267 1339 lectum.
1318 1278 1374 1330 in
1426 1289 1567 1330 novo
1602 1288 1731 1330 vero
1752 1272 2037 1330 Reoneses.

464 1363 665 1420 Czeteri
699 1363 848 1420 PPP.
877 1375 929 1420 et
959 1364 1282 1420 Sichardina
1310 1361 1479 1418 editio
1521 1359 1796 1418 Remeues.
1837 1359 2045 1430 legunt.

476 1457 760 1528 Ἀμμεσῆς
787 1473 850 1513 ex
891 1457 1135 1530 Eusebio
1165 1464 1388 1512 vocatur
1441 1453 1716 1526 Syncello.
1774 1452 1922 1507 Idem
1979 1465 2046 1506 ex

460 1550 722 1605 Africano
753 1564 881 1605 eum
925 1550 1242 1621 Ῥαμεσσῆν
1271 1555 1554 1619 nuncupat
1609 1559 1700 1616 pp.
1747 1542 1819 1598 72
1861 1552 1914 1600 et
1945 1541 2048 1598 l55

462 1653 520 1700 et
553 1642 657 1698 160
677 1642 765 1698 ed.
808 1643 958 1710 Par.,
984 1652 1145 1714 prout
1185 1643 1385 1714 legitur
1435 1641 1601 1697 etiam
1648 1641 1704 1695 in
1769 1636 2045 1707 Josepho:

2152 468 2302 508 num.
2347 452 2474 519 663,
2540 453 2788 522 ejusdem
2847 452 3040 508 fabula
3085 457 3300 526 [mentio
3349 459 3428 526 sit,
3475 477 3500 516 a
3545 464 3642 523 Cie.

2144 536 2337 599 mente
2361 544 2577 613 quidem
2609 544 2978 600 Alexandrino
3035 545 3108 604 ibi
3155 547 3367 604 laudato
3405 551 3642 610 Eusebium

2152 635 2433 705 accepisse
2460 637 2583 705 {non
2607 633 3022 706 diiﬁtetur,qu:e
3053 647 3204 702 sunt,
3229 639 3415 710 inquit,
3454 657 3509 698 ex
3541 659 3646 716 quo-

2153 725 2276 781 dam
2317 738 2500 783 vetere
2529 735 2709 796 poeta,
2753 742 2878 798 quae
2923 743 3032 784 non
3086 729 3308 786 multum
3334 731 3400 786 ab
3427 733 3502 788 his
3523 739 3646 790 aber-

2151 825 2312 872 rant:

2149 908 2406 980 ζᾼδμήτῳ
2429 907 2488 980 δὲ
2513 907 2652 980 Qui
2676 908 2902 980 θητιὺει
2926 910 3120 974 Φοῖϐος
3162 912 3426 968 Ἀπόλλων

2152 978 2264 1032 Σύν
2292 995 2352 1032 τε
2377 978 2480 1032 διαὶ
2513 978 2780 1050 Ἡρακλὰτ
2818 981 3074 1051 κρατερῷ
3096 981 3268 1051 μέγαν
3296 983 3373 1046 εις
3392 986 3610 1042 ἐνιαυτόν.

2147 1089 2334 1149 Nihilo
2359 1090 2543 1148 secius
2566 1091 2854 1149 Herculem
2883 1107 3011 1147 cum
3041 1093 3292 1164 Apolline
3333 1094 3535 1152 Admeto
3557 1113 3648 1154 ser-

2151 1185 2373 1253 vivisse,
2411 1193 2620 1240 tantum
2653 1186 2730 1240 ait
2776 1185 2994 1250 abesse,
3045 1193 3104 1239 ut
3139 1186 3342 1256 uspiam
3397 1188 3575 1258 legerit,
3607 1200 3652 1245 ut

2150 1289 2220 1331 ne
2295 1289 2538 1344 unquam
2600 1274 2836 1330 Admeto
2909 1275 3206 1330 servivisse
3266 1278 3556 1333 meminerit.
3590 1278 3652 1334 Tu

2149 1365 2335 1422 recole
2362 1378 2485 1437 quae
2541 1363 2609 1420 ad
2661 1381 2784 1422 eum
2833 1361 3094 1422 Prodemii
3149 1365 3324 1420 locum
3354 1377 3518 1422 notata
3557 1379 3655 1424 sunt

2149 1457 2338 1520 nobis,
2379 1457 2583 1525 quibus
2613 1457 2751 1514 adde
2781 1471 2849 1514 ex
2874 1457 3146 1526 Fuigentii
3175 1457 3509 1531 Mylhoiogico
3537 1461 3654 1536 libi,

2149 1561 2270 1616 cap.
2304 1543 2396 1612 27,
2431 1545 2658 1601 isthmc:
2695 1545 2754 1601 Si
2771 1548 2936 1616 igitur
2957 1546 3214 1601 Admetus
3249 1547 3517 1615 Apollinem
3539 1561 3656 1618 atque

2148 1637 2427 1693 Herculem
2476 1637 2652 1707 petiit,
2692 1639 2782 1707 qui
2810 1640 2858 1712 ei
2888 1637 2958 1691 ad
2985 1655 3206 1693 currum
3231 1641 3422 1695 leonem
3447 1651 3489 1696 et
3510 1658 3655 1711 aptari

461 1736 556 1805 qui
583 1736 676 1792 lib.
711 1752 728 1790 ι
756 1746 946 1792 contra
972 1735 1238 1806 Apionem
1268 1735 1336 1790 de
1364 1735 1469 1790 hoc
1505 1746 1634 1804 rege
1664 1731 1763 1794 ita,
1789 1746 1808 1788 :
1841 1729 1950 1784 Τοῦ
1990 1731 2050 1785 δὲ
2080 1749 2122 1805 Β
2141 1727 2460 1808 junxerunt,
2488 1739 2600 1783 etc.

463 1824 713 1888 Κέθωσις
771 1826 869 1878 καὶ
929 1823 1269 1894 Ῥαμέσσης,
1327 1822 1561 1893 ἱππικὴν
1602 1822 1702 1876 καὶ
1775 1820 2042 1890 ναυτικὴν

461 1921 620 1992 ἔσχον
657 1921 908 1992 δύναμιν.
930 1920 1094 1992 Lege,
1129 1919 1309 1991 Τοῦξδὲ
1339 1917 1651 1984 Κέθωσις,ὀ
1683 1915 1777 1972 καὶ
1803 1913 2042 1987 Ῥαμισ-

462 2029 584 2082 ang.
623 2010 764 2070 Infra
800 2012 945 2067 enim
975 2010 1248 2080 Josephns
1278 2010 1371 2074 ait,
1410 2011 1578 2078 Λέγει
1609 2007 1739 2078 γὰρ,
1769 2008 1851 2061 ὅτι
1882 2007 1911 2058 ὁ
1940 2007 2042 2077 μὲν

459 2105 707 2166 Κέθωσις
751 2102 1001 2158 ἐκαλεῖτο
1055 2101 1362 2171 Αἴγυπτος,
1403 2100 1640 2172 ’Δρμαῐς
1671 2100 1729 2154 δὲ
1755 2099 1784 2152 ὁ
1813 2097 2043 2169 ἁδελφὸς

466 2194 657 2261 αὑτοῦ,
722 2195 951 2260 Δαναός.
976 2195 1045 2250 At
1076 2193 1346 2263 Iosephus
1381 2203 1566 2249 tamen
1615 2193 1764 2248 hunc
1817 2189 2044 2248 Rames-

459 2299 575 2340 sem
634 2295 900 2357 pmteru
957 2283 1296 2342 contundere
1344 2283 1564 2339 videtur
1603 2296 1728 2337 cum
1773 2281 1887 2346 illo,
1945 2280 2042 2350 qui

460 2376 620 2446 paulo
647 2389 772 2432 ante
819 2386 1196 2447 praecesserat,
1221 2383 1278 2432 et
1305 2391 1336 2431 e
1365 2375 1581 2445 vulgata
1634 2374 1852 2444 quidem
1890 2369 2038 2428 Jose:

464 2468 556 2535 phi
587 2470 880 2539 scriptura,
921 2469 1237 2540 ’Δρμέσσης
1282 2466 1540 2538 Μιαμοῦν
1573 2475 1824 2529 vocatur,
1856 2474 2040 2534 atque,

457 2557 557 2628 ἐτη
582 2559 673 2624 ξς¹
698 2559 794 2612 καὶ
836 2560 1015 2629 μῆνας
1055 2558 1102 2628 β’
1137 2573 1418 2630 regnasse,
1446 2555 1718 2612 traditur:
1757 2570 1876 2608 cum
1899 2556 2043 2608 hunc

459 2648 783 2704 liamessem
817 2649 1084 2705 Eusebius
1115 2659 1170 2705 et
1198 2649 1483 2720 Syncellus
1508 2662 1602 2717 per
1628 2645 1696 2700 68
1717 2659 1890 2699 annos
1934 2644 2060 2730 ἰωή⁴

459 2744 727 2811 peritasse
765 2743 915 2799 velit.
949 2742 1162 2798 Charax
1192 2741 1333 2812 apud
1364 2740 1699 2808 Stephanum
1752 2739 1806 2794 in
1842 2721 2040 2792 AlFY-é

459 2835 662 2899 ΠΤΟΣ,
693 2851 825 2890 ann.
859 2835 1072 2904 imperii
1119 2831 1189 2888 45
1221 2833 1269 2888 ei
1296 2833 1564 2888 attribuit.
1598 2831 1772 2902 Βήλου
1809 2831 1943 2893 παῖς
1988 2836 2044 2884 et

459 2926 748 2982 Pausania:
771 2928 998 2982 Achaic.
1031 2943 1082 2982 c.
1110 2926 1202 2991 2i,
1225 2935 1278 2980 et
1305 2926 1608 2990 Eustathio,
1627 2923 1768 2994 quod
1793 2930 2041 2976 notatum

456 3029 543 3074 cst
581 3034 769 3088 supra,
809 3018 912 3075 Th.
952 3017 1215 3089 Ryckium
1250 3017 1305 3071 in
1333 3016 1540 3086 aliquot
1563 3015 1723 3070 codd.
1779 3014 2042 3071 Eusebia-

2213 1819 2475 1886 Col.39l.
2497 1820 2661 1873 Arcas
2684 1830 2729 1872 et
2757 1818 3005 1875 Callisto.
3034 1817 3226 1888 Neque
3251 1820 3350 1874 hoc
3376 1830 3507 1885 recte
3529 1819 3656 1876 Scali-

2144 1925 2239 1982 ger
2269 1909 2512 1975 Callisto,
2549 1926 2648 1982 pro
2677 1910 2994 1967 Callistonis
3031 1925 3130 1967 aut
3162 1911 3403 1967 Callistus
3441 1914 3565 1983 legit.
3591 1914 3656 1969 Sic

2143 2004 2420 2075 appellant
2447 2002 2682 2058 Arcadis
2727 2012 2954 2058 matrem
3017 2002 3231 2057 laudati
3270 2000 3656 2064 Schurzileischio

2144 2105 2356 2151 veteres
2387 2093 2728 2158 Scholiasta,
2757 2093 3076 2149 Callimachi
3145 2094 3214 2149 ad
3243 2094 3428 2165 Hymn.
3485 2097 3551 2158 εἰς
3589 2095 3658 2148 Δία

2145 2203 2288 2244 vers.
2323 2189 2414 2252 bl,
2445 2197 2500 2245 et
2539 2185 2820 2243 Theocriti
2855 2189 2920 2241 ad
2954 2186 3092 2258 ldyl.
3129 2203 3170 2254 t,
3199 2202 3341 2244 vers.
3392 2189 3442 2255 '5,
3489 2203 3542 2243 ac
3588 2191 3660 2248 de.

2143 2295 2296 2338 mum
2324 2279 2626 2336 Pausanias
2647 2279 2703 2334 in
2737 2279 2993 2334 Arcadic.
3021 2293 3150 2348 cap.
3200 2281 3255 2336 4.
3291 2278 3478 2334 Verum
3509 2279 3657 2334 Eusta-

2143 2372 2293 2426 thius
2325 2371 2392 2426 ad
2437 2369 2656 2442 Dionys.
2705 2385 2760 2439 p.
2815 2369 2882 2425 79
2915 2382 2968 2426 et
3021 2371 3092 2426 ad
3147 2371 3303 2427 Iliad.
3344 2372 3373 2442 β
3421 2369 3659 2441 θεμιστῶς

2144 2474 2246 2529 pro
2277 2459 2532 2514 Callistus
2566 2460 2739 2515 tilium
2790 2475 2915 2515 eum
2963 2459 3182 2526 dicunt,
3239 2477 3375 2532 quae,
3403 2463 3554 2531 inquit
3599 2461 3659 2514 vir

2144 2552 2362 2617 doctus,
2401 2553 2526 2607 lstri
2556 2567 2772 2623 quoque
2801 2552 3076 2609 sententia
3125 2555 3255 2620 fuit,
3281 2564 3337 2609 ut
3357 2569 3417 2610 ex
3445 2554 3660 2623 Stephano

2145 2648 2205 2704 in
2236 2663 2370 2705 voce
2401 2650 2618 2720 Ἀρκας
2644 2660 2892 2720 apparet.
2924 2650 3120 2721 Neque
3175 2653 3316 2706 enim
3362 2649 3584 2722 mutanda
3605 2645 3659 2706 ibi

2147 2753 2274 2793 cum
2307 2739 2593 2796 Hoistenio
2626 2741 2790 2796 lectio
2830 2741 3070 2812 vulgata,
3109 2757 3282 2813 quam
3310 2757 3435 2797 mss.
3456 2749 3660 2794 consum.

2145 2841 2230 2885 ter
2275 2846 2517 2898 servant,
2585 2849 2708 2888 cum
2748 2849 2941 2889 verum
3000 2849 3114 2888 non
3163 2835 3258 2898 sit,
3309 2842 3366 2886 ut
3407 2847 3466 2894 ex
3510 2829 3660 2882 Eusiao

2147 2923 2263 2978 tbio
2315 2933 2483 2993 patet,
2524 2934 2782 2980 auctores
2821 2939 3032 2987 omnes,
3088 2937 3293 2994 praeter
3355 2923 3656 2992 Stephanum,

2147 3013 2404 3069 Callistus
2427 3016 2596 3070 lilium
2621 3017 2805 3072 facere
2839 3017 3136 3084 Arcadem.
3169 3015 3349 3086 Pergit
3376 3027 3558 3084 porro:
3581 3008 3658 3062 Sed

458 3111 545 3166 itis
579 3079 849 3164 lia-messes
901 3079 1196 3172 invenisse,
1238 3109 1312 3162 uti
1354 3079 1502 3175 paiet
1521 3122 1589 3162 ex
1624 3107 1747 3174 ejus
1773 3105 1840 3160 ad
1880 3103 2039 3159 Taci-
2067 3079 2115 3139 ο
2142 3117 2198 3160 et
2223 3107 2289 3161 de
2316 3106 2440 3176 eius
2481 3117 2634 3178 patre
2687 3124 2774 3164 res
2827 3079 3034 3171 dubia:
3089 3079 3408 3163 Aristoieles
3443 3106 3586 3166 enim,
3619 3110 3661 3151 ut

457 3212 572 3255 tum
603 3201 876 3254 anitnadv.
904 3216 956 3270 p.
991 3200 1080 3254 5i.
1110 3199 1214 3252 Sed
1251 3207 1307 3253 et
1339 3195 1890 3267 LXXlnterpretibus
1965 3198 2037 3266 γῆ

467 3289 794 3359 Ῥαμμεσσῆ
842 3299 1176 3343 memoratur
1218 3290 1355 3343 Gen.
1387 3302 1551 3349 xLVIt,
1595 3287 1681 3341 H.
1729 3287 1810 3340 Al)
1842 3285 2036 3341 iisdem

453 3380 666 3442 πόλεως
717 3379 994 3449 Ῥαμεσσῆ
1047 3378 1519 3448 conditnsﬁxud.
1567 3393 1608 3444 l,
1660 3377 2038 3432 lienarratus

451 3483 559 3527 est.
595 3470 702 3526 Pro
723 3470 990 3542 zEgyptus
1011 3470 1367 3542 Antiquarius
1393 3470 1541 3538 legit,
1568 3477 1732 3537 atque
1761 3468 1834 3523 ita
1863 3477 1948 3523 est
1977 3466 2031 3520 in

452 3563 786 3620 Sichardina
833 3563 1093 3618 editione.
1146 3562 1262 3618 into
1323 3562 1377 3616 in
1423 3561 1541 3631 ipso
1566 3559 1820 3632 Syncello
1842 3575 1898 3629 p.
1936 3558 2036 3614 160

450 3658 538 3713 ed.
573 3655 750 3713 Paris.
777 3657 992 3726 legitur,
1019 3655 1328 3727 Ῥαμεσσῆς
1349 3655 1378 3706 ὁ
1404 3656 1496 3708 καὶ
1526 3650 2034 3722 Αἰγύπτιος.Ειὶιιιι

452 3751 554 3805 boc
587 3750 767 3805 obiter
785 3751 950 3815 addo,
992 3749 1215 3804 humani
1257 3747 1460 3816 aliquid
1541 3743 1655 3816 pati
1703 3743 2032 3807 Berkeiium,

451 3843 520 3898 ad
559 3843 896 3912 Stephanum
929 3843 1096 3906 uotis,
1148 3856 1203 3913 p.
1267 3840 1360 3904 54,
1408 3839 1632 3910 quando
1683 3838 1784 3901 ait.
1828 3836 1926 3902 ita,
1975 3843 2035 3891 ut

451 3931 572 4002 ipse
605 3935 825 4002 quidem
885 3929 1044 3988 εαξη
1087 3930 1269 3987 locum
1301 3929 1672 3986 Eusebianum
1702 3941 1736 3982 e
1767 3923 2031 3991 Seideno.

449 4040 576 4079 cum
605 4025 676 4078 ab
702 4024 823 4094 ipso
856 4021 1096 4078 Seldeuo
1127 4037 1252 4078 esse
1271 4021 1642 4076 emendatum.
1665 4015 1800 4073 Nam
1822 4017 2031 4088 capitu-

451 4119 568 4174 lum
605 4115 738 4172 illud
767 4113 1041 4171 Seldenus
1093 4127 1203 4170 non
1237 4113 1676 4182 deprompserat,
1709 4119 1769 4165 ut
1804 4119 2028 4180 reputa-

453 4211 546 4268 bat
597 4208 897 4274 Berkelius,
944 4224 976 4264 e
1026 4207 1168 4264 libro
1205 4203 1426 4263 Eusebii
1487 4204 1808 4276 posteriore,
1850 4202 1947 4258 sed
2000 4218 2033 4258 e

452 4303 660 4375 priore.
705 4318 760 4373 p.
821 4301 894 4358 9.9
949 4299 1188 4372 sylloges
1233 4296 1638 4368 Scaiigerianae,
1699 4294 1791 4350 ubi
1838 4293 2029 4350 iisdem

2141 3208 2224 3253 est
2262 3200 2408 3268 apud
2433 3200 2706 3270 Apollonii
2735 3201 3061 3256 scholiastas
3085 3201 3158 3256 ad
3187 3201 3280 3264 lib.
3320 3213 3388 3264 tv,
3421 3211 3544 3261 vers.
3565 3192 3658 3249 26‘.

2154 3293 2394 3364 Ἀρκάδα.
2415 3295 2748 3365 Ὀρχομενοῦ
2778 3295 2895 3348 υἱὸν
2926 3294 3120 3347 καλεῖς
3160 3304 3222 3360 ιιι
3260 3293 3312 3352 in
3344 3285 3660 3360 specietnqui-

2139 3388 2264 3443 dem
2295 3386 2527 3456 Jupiter,
2558 3402 2617 3442 re
2638 3396 2819 3442 autem
2851 3402 2976 3440 vera
3012 3399 3169 3463 pater
3196 3384 3316 3454 ejus
3339 3383 3658 3439 Orchomenus

2140 3481 2313 3536 videri
2339 3480 2537 3548 possit.
2577 3479 2709 3535 Vide
2739 3479 3057 3549 Apollodor.
3091 3478 3194 3533 lib.
3219 3494 3301 3532 ιιι.

2209 3567 2348 3622 ibid.
2388 3567 2694 3620 Dardanus.
2723 3565 3008 3637 Superiori
3041 3567 3294 3634 proxime
3342 3576 3474 3619 anno
3510 3557 3659 3614 condi-

2137 3668 2250 3714 tum
2286 3659 2574 3713 Dardania:
2605 3658 2853 3728 Scaliger
2879 3659 3149 3729 assignat,
3193 3656 3483 3727 repetitque
3527 3653 3660 3706 histo-

2139 3748 2276 3804 riam
2298 3766 2361 3805 ex
2403 3751 2652 3805 Tatiano.
2705 3748 3097 3819 Vulgatissima
3147 3757 3335 3802 autem
3368 3761 3428 3800 ea
3458 3754 3532 3799 est
3555 3738 3661 3808 apud

2137 3839 2468 3895 Pausaniam
2504 3839 2558 3894 in
2578 3839 2811 3896 Acbaic.
2834 3852 2956 3908 cap.
2989 3837 3026 3893 ι
3059 3837 3361 3893 Diodorum
3392 3835 3596 3889 lih.tvet
3624 3843 3662 3888 ν,

2144 3933 2506 4004 Stephanum,
2527 3931 2877 3988 Eustathium
2912 3931 2982 3986 ad
3017 3924 3530 4001 Dionys.vers.;5ﬂ,
3551 3931 3594 3977 et
3613 3917 3660 3972 ad

2135 4023 2290 4080 Iliad.
2321 4023 2376 4094 β,
2435 4021 2690 4080 Tzetzem
2735 4025 2791 4079 iu
2837 4023 3183 4094 Lycophron.
3251 4035 3374 4093 pag.
3421 4019 3500 4082 l8,
3537 4014 3667 4083 11)(ςὶ-

2136 4133 2266 4174 num
2291 4132 2414 4188 cap.
2443 4117 2572 4183 275,
2609 4117 2860 4172 Serviunt
2902 4115 2972 4171 ad
3021 4112 3258 4171 Eueid.
3304 4127 3418 4177 vui,
3447 4109 3661 4164 Isidonnti

2133 4209 2230 4267 lib.
2253 4225 2344 4275 xv,
2373 4218 2537 4281 atque
2567 4211 2727 4266 alios.
3531 4271 3534 4276 ,

2142 4345 2158 4358 .
2205 4301 2324 4358 Col.
2353 4302 2482 4359 293.
2507 4301 2667 4356 Jesns
2718 4317 2818 4356 an.
2864 4300 2958 4356 27.
3001 4300 3240 4372 lpsemet
3277 4317 3403 4358 vero
3447 4297 3661 4356 Eusebius

451 4397 634 4455 verbis
675 4398 934 4462 habetur,
953 4394 1419 4465 quemadmodum
1480 4393 1643 4446 etiam
1675 4390 1820 4460 apud
1881 4386 2026 4458 Syn-
2059 4405 2104 4466 υ
2133 4393 2435 4463 Ρηεριιηιι.
2479 4393 2681 4465 Evang.
2713 4394 2809 4449 lib.
2863 4409 2919 4455 x.
2949 4409 3001 4448 c.
3031 4396 3120 4462 ιι,
3155 4411 3339 4452 rerum
3363 4393 3661 4450 Iudaicarum

447 4491 576 4546 celi.
608 4508 663 4560 p.
697 4489 802 4545 155
820 4488 910 4543 ed.
943 4487 1069 4543 Par.
1099 4487 1270 4543 Porro
1297 4486 1552 4556 periocha
1587 4484 1704 4545 illa.
1741 4481 2030 4551 Egyptus,

449 4594 570 4648 qua
625 4579 773 4646 prius
825 4577 987 4632 Aeria
1041 4576 1336 4640 dicebatur,
1371 4585 1430 4631 et
1479 4582 1702 4637 cetera,
1765 4571 1819 4625 in
1864 4571 2034 4624 veteri

451 4671 629 4740 primo
683 4669 934 4724 Palatino
979 4666 1210 4724 habetur
1268 4665 1338 4722 ad
1366 4671 1520 4720 num.
1585 4663 1711 4730 536,
1766 4661 1833 4716 ad
1865 4676 2066 4742 quem‘

457 4761 759 4816 collocatur
786 4762 952 4816 etiam
995 4761 1048 4816 in
1084 4755 1405 4815 Sichardina
1433 4753 1699 4810 editione.
1744 4753 1804 4809 in
1836 4754 2029 4810 eodem

449 4868 670 4923 quoque
699 4857 887 4910 codice
918 4854 1136 4925 legitur,
1202 4853 1269 4906 ab
1312 4849 1548 4922 ﬁgypto
1592 4849 1692 4904 sibi
1743 4857 2033 4920 regnante;

457 4943 608 4998 unde
635 4944 942 5001 Salmasius
967 4944 1223 5016 coniecit,
1258 4943 1401 4999 forte
1447 4942 1733 5014 legendum
1785 4957 1926 5008 esse,
1957 4941 2032 4996 ibi

452 5044 728 5106 regnante.
810 5036 1139 5093 Sicbardina
1217 5019 1432 5099 ἔκδυσις
1495 5035 1711 5101 scribit,
1779 5043 1906 5087 tune
1954 5034 2031 5088 ibi

451 5135 724 5195 regnante,
789 5121 886 5179 llis
935 5125 1072 5181 adde
1130 5127 1378 5183 laudatos
1452 5124 1730 5196 Scaligero
1791 5123 2030 5190 Stepha-

451 5232 605 5284 num,
671 5214 1014 5271 Eustathium
1071 5219 1125 5273 in
1191 5218 1510 5290 Dionysium
1541 5257 1558 5284 ,
1615 5217 2031 5288 Apollodorum,

453 5322 560 5366 CIC.

459 5469 464 5476 ο
523 5402 764 5458 Sniidam
816 5403 1023 5455 hancce
1071 5401 1382 5469 periocham
1455 5401 1668 5471 (Apollo
1712 5401 1776 5452 de
1825 5399 2030 5454 Latona

452 5499 708 5559 nascitur,
741 5512 841 5548 non
868 5493 954 5547 ille
986 5495 1136 5563 cujus
1155 5507 1526 5548 consueverunt
1549 5493 1768 5546 oracula
1791 5491 2022 5556 consuli,

462 5590 556 5642 sed
588 5590 825 5657 quicum
866 5588 1092 5642 Hercule
1137 5586 1610 5655 seruiuitAdmeto)
1655 5585 1724 5640 de
1778 5583 2028 5651 Apolline

454 5680 700 5750 Scaliger
755 5693 829 5753 (et
882 5681 1009 5738 cod.
1063 5677 1399 5740 Armeniae.)
1454 5675 1838 5746 prwtcritiittit.
1890 5673 2025 5731 Cum

2141 4487 2586 4558 chronologicatn
2623 4486 2822 4543 seriem
2851 4486 3146 4556 exhibens,
3197 4487 3378 4543 los-uae
3424 4481 3662 4556 prefect"-

2139 4593 2255 4632 ram
2281 4580 2346 4631 ad
2381 4578 2603 4650 triginta
2645 4593 2820 4650 usque
2843 4593 3022 4634 annos
3049 4580 3342 4648 protrahit.
3377 4577 3469 4633 llic
3495 4578 3662 4630 tantm-

2140 4683 2287 4724 xxvu
2358 4683 2714 4736 enumerans,
2741 4669 3076 4726 Clementem
3121 4671 3388 4740 sequitur.
3440 4677 3490 4722 et
3533 4672 3660 4719 vetu—

2137 4759 2339 4816 stiores
2365 4759 2754 4832 chronologos.
2784 4761 3072 4832 Syncelios
3087 4762 3139 4814 id
3167 4777 3232 4816 ex
3262 4761 3396 4816 orali
3423 4754 3664 4814 traditione

2134 4852 2356 4920 repetit,
2409 4861 2575 4923 atque
2628 4852 2684 4908 in
2742 4853 2846 4909 hoc
2895 4854 3015 4923 ipso
3039 4851 3270 4917 invenit,
3305 4853 3372 4908 de
3394 4864 3495 4922 quo
3521 4847 3662 4902 Eusee

2133 4945 2285 5001 bium
2310 4945 2698 5014 reprehendat.

2207 5035 2345 5091 Ibid.
2385 5034 2714 5090 Stheneleia.
2755 5035 2918 5090 Natat
2963 5035 3229 5108 Scaliger,
3287 5034 3448 5090 multa
3501 5031 3658 5086 horum

2133 5129 2382 5182 traducta
2427 5128 2536 5184 huc
2591 5144 2712 5184 esse
2756 5145 2826 5184 ex
2888 5129 3239 5198 Apollodoro,
3304 5137 3575 5194 monetque
3597 5120 3660 5187 Ιάε

2133 5218 2404 5275 Ceianore
2460 5221 2528 5274 ab
2571 5221 2787 5291 Argivis
2843 5221 3078 5290 expulso
3109 5220 3384 5275 historiam
3425 5229 3540 5271 cunt
3579 5220 3658 5265 sua

2133 5327 2296 5367 causa
2333 5312 2520 5368 haberi
2556 5314 2700 5384 apud
2747 5312 3076 5370 Pausaniam
3110 5317 3162 5370 in
3191 5309 3558 5370 Corinthiacis,
3581 5318 3657 5356 ra-

2135 5405 2244 5474 pite
2261 5395 2472 5461 scilicet
2511 5407 2601 5472 i9,
2629 5407 3130 5462 Schnrzlleiscltius
3162 5408 3273 5461 ait:
3311 5405 3591 5461 Gelanorent
3616 5395 3656 5446 in

2136 5496 2438 5554 Celenorem
2490 5508 2664 5554 mutat
2727 5500 3058 5555 Sichardina
3111 5500 3300 5557 editio.
3349 5489 3655 5562 Antiquarius

2137 5587 2250 5653 ille,
2283 5588 2445 5655 cujus
2491 5589 2694 5658 strpius
2737 5605 2861 5642 tuen
2885 5588 3108 5650 inimus,
3137 5587 3204 5640 ad
3247 5585 3468 5653 primum
3498 5573 3654 5630 Palatio

2139 5693 2270 5733 num
2307 5687 2480 5743 notat,
2510 5679 2652 5749 quod
2685 5680 2920 5735 Gelonus
2946 5679 3207 5751 (fortasse
3228 5674 3496 5748 legendum
3523 5664 3652 5722 (ἱειίιι
