3864 6182
325 183 329 190 ·
398 161 506 224 773

1653 171 2083 236 -VALLARSll
2125 175 2364 240 ΝΟἯΕ.

3465 169 3552 229 ἾΘΘ

396 287 499 343 set,
532 290 902 348 pra'tereuntes
924 284 1206 338 immolatis
1237 283 1466 351 hospites
1497 284 1695 353 :-quod
1729 300 1835 339 non
1865 285 1954 338 im-

2072 286 2167 336 τοῦ
2207 286 2568 356 Περίφαντος,
2620 281 2794 337 dictos
2843 293 2964 336 esse
3006 286 3262 334 autumat.
3298 280 3350 334 In
3372 275 3558 348 Scalige-

397 373 590 439 probo,
625 374 786 429 modo
818 376 864 429 si
902 375 1117 431 Eusebii
1156 376 1452 446 ipsiusmet,
1486 376 1578 431 illa
1629 392 1750 433 esse
1804 377 1969 431 verba

397 466 742 532 persuadeat.

469 555 600 609 Ibid.
643 546 1038 612 Erichthonius.
1073 555 1198 612 Haec
1238 557 1481 629 Scaliger
1531 559 1764 615 triennio
1798 572 1924 616 ante
1951 606 1964 628 ,

393 635 671 701 Palatinus
712 663 817 702 ms.
907 649 1033 716 huc,
1068 649 1318 704 Sichardi
1347 650 1515 704 editio
1546 661 1665 720 post
1691 651 1966 707 biennium

371 733 580 790 'refert.
643 738 1139 796 Scburzlleischius
1192 742 1308 796 hanc
1351 723 1550 797 recitat
1603 757 1669 796 ex
1705 743 1966 798 Gobelino

390 830 670 883 Cosmndr.
710 844 797 885 an.
836 849 920 894 Ill,
973 849 1096 902 cap.
1134 834 1194 886 ll
1235 852 1248 888 :
1295 833 1699 890 Erichthonium
1741 835 1965 889 Vulcani

389 930 436 970 et
495 921 746 976 Minerva:
786 923 914 990 facit
953 923 1144 991 ﬁlium,
1200 941 1519 995 causamque
1554 927 1781 980 iuventte
1832 945 1965 993 qna-

386 1013 552 1080 rfriga'
586 1015 914 1082 aﬂert,quod
953 1015 1189 1069 habuerit
1222 1015 1376 1083 Pedes
1427 1017 1696 1081 draconis,
1748 1018 1965 1083 ideoque

397 1113 612 1171 propter
667 1105 1043 1172 turpitudinem
1097 1107 1289 1174 pedum
1336 1107 1587 1160 inuenerit
1639 1125 1791 1161 usum
1839 1125 1965 1160 cur-

385 1211 542 1246 ruum
586 1210 606 1246 :
643 1211 782 1263 quae,
813 1197 914 1264 ait,
965 1199 1401 1268 mythologorum
1435 1201 1766 1270 ἀτοπήματα
1793 1202 1960 1256 olent.

387 1287 688 1343 Pausanias
719 1290 892 1342 Attic.
924 1305 1046 1360 cap.
1088 1306 1144 1356 ιι,
1184 1301 1443 1359 parentes
1493 1293 1613 1362 ejus
1653 1293 1962 1356 Ἱιφαιστον

385 1377 480 1429 καὶ
527 1377 638 1446 Γῆν
693 1379 1001 1443 constituit,
1062 1395 1365 1449 recensque
1395 1389 1605 1446 natum,
1654 1396 1682 1434 a
1716 1379 1958 1437 Minerva

383 1470 537 1524 cistae
566 1470 862 1536 inclusum,
899 1479 952 1525 et
987 1472 1256 1540 Aglauro,
1301 1471 1507 1539 Hersen,
1542 1487 1606 1528 ac
1651 1473 1959 1541 Pandroso,

381 1561 732 1618 commissum
764 1577 909 1628 esse,
943 1563 1203 1617 affirmat.
1256 1563 1414 1618 Adde
1470 1565 1772 1620 Meursiutn
1817 1567 1958 1620 libro

2076 389 2211 428 rana
2272 373 2491 428 Eusebii
2521 373 2758 444 ,s‘ylloge
2816 372 3015 424 rectius
3071 369 3201 423 mihi
3249 369 3435 422 videtur
3464 369 3560 437 legi,

2073 468 2293 534 Αάπης.
2351 464 2469 536 lpse
2509 465 2729 535 quidem
2785 463 2967 530 λάπης
3018 460 3244 530 primam
3295 459 3561 529 scripturam

2071 571 2194 610 esse
2227 554 2484 609 arbitror.
2519 555 2778 624 Lapithus
2809 555 2972 608 etiam
3009 552 3170 622 Cypri
3202 549 3402 618 quidam
3445 550 3566 604 locus

2072 649 2197 702 fuit.
2232 648 2512 718 Polybius,
2560 649 2834 717 excerptis
2867 644 3063 700 Valesii
3117 644 3183 699 de
3228 643 3493 700 Virtutibus
3525 656 3568 697 et

2025 734 2040 747 ’
2071 740 2246 804 Vitiis,
2280 742 2384 796 sub
2439 741 2544 794 fine
2596 755 2720 808 pag.
2778 738 2938 800 1485,
2990 738 3128 807 μετὰ
3176 735 3229 789 δὲ
3262 736 3422 789 ταῦτα
3444 738 3570 788 πάλιν

2069 832 2560 893 ἐπιϐουλεύσαντος
2616 833 2682 901 τῇ
2725 830 2960 899 Κύπρῳ,
3000 829 3202 898 κύριος’
3231 829 3486 896 γενόμενος
3529 831 3573 879 ἐν

2069 927 2300 996 Λαπὶοῳ
2332 924 2426 978 τοῦ
2454 925 2708 992 σώματος
2742 923 2858 993 ἅμα
2888 921 2984 975 καὶ
3013 920 3192 990 ψυχῆς
3229 921 3401 975 αὐτοῦ.
3423 921 3573 972 toea}-

2066 1036 2158 1070 τον
2193 1019 2400 1087 ἀπέσχε
2435 1017 2531 1070 τοῦ
2564 1015 2818 1078 κολάζειν
2843 1015 2936 1066 τὸν
2969 1011 3181 1082 ἐχθρὸν,
3209 1029 3261 1065 κ.
3293 1029 3340 1065 τ.
3357 1011 3404 1064 λ.
3430 1010 3572 1064 Scali-

2065 1125 2159 1179 ger
2190 1109 2390 1163 frustra
2414 1118 2566 1176 putat
2588 1106 2781 1175 quzcri,
2817 1105 2939 1173 quis
2969 1106 3074 1159 iste
3105 1102 3273 1171 Lapes
3301 1102 3464 1157 fuerit.
3490 1100 3575 1169 Ego

2067 1212 2247 1255 tatren
2291 1201 2480 1252 videor
2515 1199 2646 1253 mihi
2678 1205 2874 1252 nomen
2900 1196 3020 1264 eius
3049 1197 3103 1251 in
3133 1195 3296 1248 Crete
3329 1194 3447 1246 urbe
3471 1193 3578 1259 Lap-

2067 1306 2160 1358 pa,
2198 1290 2488 1344 Ptolemaeo
2509 1289 2602 1342 lib.
2629 1305 2711 1356 ιιι,
2742 1302 2861 1357 cap.
2892 1287 2975 1349 l7,
3007 1295 3061 1340 et
3098 1283 3262 1339 Dione
3284 1283 3454 1338 Cassio
3502 1283 3575 1336 lib.

2063 1397 2250 1446 xxxvi,
2287 1397 2410 1449 cap.
2449 1382 2500 1446 1,
2528 1388 2856 1445 memorata,
2889 1377 3189 1433 invenisse.
3221 1375 3578 1442 Theophrastus

2062 1473 2157 1530 lib.
2191 1491 2227 1528 ιι
2263 1473 2329 1528 ll.
2358 1473 2420 1527 P.
2451 1473 2551 1542 τῆς
2580 1473 2877 1534 Austicula;
2895 1471 3058 1525 etiam
3090 1467 3349 1528 meminit,
3369 1467 3447 1519 ubi
3471 1466 3579 1518 nihil

2064 1565 2384 1619 mutandum
2447 1573 2552 1619 cst.
2620 1562 2818 1634 Scylax
2867 1579 2922 1632 p.
2979 1577 3071 1616 nux
3129 1559 3351 1630 Περεπλ.
3397 1558 3580 1622 -ιοιιι.1,

379 1662 432 1704 et
472 1667 522 1707 c.
563 1654 599 1706 2
630 1653 698 1708 de
725 1670 891 1724 regno
930 1655 1130 1711 Attico.
1171 1656 1278 1712 Sed
1317 1672 1417 1713 nec
1445 1657 1696 1710 videntur
1728 1667 1952 1724 printer-

2062 1657 2262 1726 σεῦεν.
2298 1658 2431 1711 min.
2469 1656 2756 1721 lludsonii,
2792 1653 2927 1708 Εἶτα.
2954 1655 2988 1724 ἡ
3021 1651 3292 1719 Λαμπαια
3324 1650 3410 1702 καὶ
3437 1649 3582 1716 διήκει

382 1742 646 1796 mittenda
678 1745 925 1812 quazdam
959 1760 1026 1799 ex
1067 1744 1348 1817 Sealigero
1376 1755 1496 1816 post
1524 1744 1734 1813 Virgilii
1762 1741 1955 1814 (Geor-

379 1833 486 1902 gio.
529 1833 625 1888 lib.
664 1835 743 1903 ιιι)
783 1836 1157 1890 testimonium
1186 1838 1345 1906 vulgo
1374 1847 1598 1900 notum,

500 1945 699 2010 Primus
720 1946 1081 2010 Erichthonius
1100 1960 1288 1998 currus
1307 1953 1358 1997 et
1378 1953 1591 2010 quatuor
1621 1961 1772 1997 ausus

498 2009 722 2070 Jungcre
749 2021 926 2070 equos,
949 2007 1232 2070 rapidisque
1257 2013 1377 2058 rotis
1397 2007 1629 2059 insistere
1657 2011 1828 2059 victor.

381 2109 456 2165 fl:i
494 2109 842 2178 Philargyrus
872 2127 887 2163 :
925 2108 1098 2166 Varro
1126 2113 1178 2164 in
1211 2111 1344 2165 libro
1377 2113 1491 2182 ,qui
1530 2113 1944 2167 Admirabilium

375 2203 699 2275 inscribitur,
733 2203 1131 2257 Erichthonium
1161 2206 1236 2258 ait
1262 2206 1496 2271 primum
1535 2221 1690 2276 equos
1719 2217 1951 2275 quatuor

375 2297 614 2363 iunxisse
656 2296 796 2350 ludis
866 2296 956 2366 qui
1012 2294 1377 2350 Panathenaea
1426 2296 1787 2365 appellantur.
1843 2295 1948 2351 Sed

379 2383 624 2456 tliphilns
665 2398 864 2456 poeta,
924 2397 1116 2442 auctor
1169 2387 1497 2454 Theseidos,
1552 2389 1737 2457 Σῆμον
1797 2401 1951 2443 vocat

375 2496 524 2544 eum,
575 2479 665 2548 qui
713 2479 922 2548 primus
968 2481 1263 2549 quadrigas
1316 2481 1567 2550 agitavit,
1603 2481 1743 2548 apud
1776 2479 1954 2534 Scho-

377 2569 592 2622 liastem
651 2567 868 2622 Pindari
917 2569 970 2622 in
1027 2567 1442 2638 Olympionicis.
1489 2569 1604 2624 Hoc
1641 2578 1750 2637 est,
1804 2572 1951 2640 quod

376 2660 552 2713 voluit
600 2658 856 2730 llygenus
899 2659 1222 2715 fabulator:
1264 2660 1440 2726 Elide,
1490 2678 1606 2728 qua:
1644 2664 1766 2716 urbs
1795 2662 1951 2717 Pelo-

376 2753 597 2822 ρυιιιιεδὶ
647 2762 746 2818 est,
780 2753 1072 2806 certamina
1113 2755 1495 2823 quadrigarum
1527 2755 1755 2820 primum
1796 2756 1954 2808 insti-

376 2855 514 2898 tuta.
547 2846 708 2914 Atqui
741 2848 976 2915 primum
1037 2856 1311 2900 certamen
1365 2848 1753 2916 quadrigarum
1800 2846 1952 2902 Elide

377 2939 688 2991 institutum
731 2954 758 2990 a
812 2939 1030 3008 Pelope,
1059 2939 1150 3006 qui
1182 2939 1372 2994 multis
1405 2940 1563 2993 annis
1606 2937 1746 2993 infra
1779 2954 1952 2996 saecu-

373 3027 488 3082 lum
519 3028 861 3083 Erichthouii
885 3029 1008 3083 fuit.
1029 3029 1168 3084 Tum
1191 3030 1305 3084 sive
1331 3030 1478 3099 legas
1498 3029 1552 3083 in
1573 3029 1774 3085 Grzecis
1797 3029 1950 3100 παρὰ

378 3120 711 3192 Βαρδάροις,
765 3130 825 3174 ιιι
882 3119 1251 3192 Hieronymus
1308 3121 1522 3175 videtur
1562 3122 1780 3192 legisse,
1837 3120 1954 3176 sive

377 3212 532 3282 παρὰ
585 3210 904 3281 βαρϐάρων,
961 3215 1322 3282 utscriptutu
1372 3212 1702 3282 reperimus,
1759 3211 1952 3267 eodem

386 3303 656 3356 sententia
707 3302 924 3356 recidit.
967 3301 1082 3356 Erit
1133 3317 1262 3372 ergo
1308 3303 1462 3373 παρὰ
1490 3302 1806 3374 βαρϐάρων,
1848 3303 1956 3357 ἀπὸ

375 3394 559 3448 κοινοῦ
595 3393 920 3464 ἑφευρεθέν.
943 3391 1238 3465 Namapud
1273 3394 1508 3466 Scythas
1539 3395 1643 3450 fuit
1667 3396 1955 3452 Erichtho-

262 3533 266 3536 .
379 3486 526 3549 nius,
591 3493 646 3539 et
701 3484 911 3554 primus
960 3484 1274 3540 Grazcorum
1310 3486 1436 3540 inde
1487 3501 1678 3541 aurum
1713 3486 1955 3544 Athenas

376 3578 579 3654 attulit.
624 3577 877 3648 llygenus
909 3577 1092 3632 fabula
1121 3578 1250 3632 274.
1280 3579 1422 3644 Quid
1453 3593 1584 3648 ergo
1607 3576 1851 3634 dicemus
1886 3581 1955 3635 de

376 3669 581 3736 Troilo,
645 3670 737 3740 qui
798 3668 1007 3740 aliqu'ot
1050 3669 1210 3725 annis
1249 3682 1406 3726 antea
1447 3686 1669 3726 currum
1704 3686 1733 3725 a
1773 3686 1832 3726 se
1866 3671 1954 3726 ino

374 3773 594 3817 ventum
632 3759 832 3815 Junoni
866 3761 1251 3815 consecravit?

448 3854 566 3907 Col.
601 3852 730 3908 295.
770 3851 986 3904 Terram
1026 3851 1461 3906 Palwstinorum.
1491 3855 1731 3911 Tametsi
1762 3855 1950 3910 eodem

377 3947 651 3998 sententia
693 3944 916 4009 recidit,
943 3942 1125 3996 minus
1166 3957 1294 3996 vere
1321 3944 1566 4013 Scaliger
1595 3955 1795 3999 terram
1821 3947 1955 4000 ΡΙιὶ-

375 4038 701 4094 tistinorirm.
733 4047 832 4101 pro
855 4031 1435 4102 Palmstinorumlcgit.
1465 4033 1679 4091 Videsis
1704 4037 1952 4105 laudatos

375 4125 852 4189 Sihurzflcischio,
882 4122 1182 4200 Josephum
1219 4125 1514 4194 Autiquitt.
1574 4126 1676 4183 lib.
1725 4143 1763 4193 ι,
1807 4143 1860 4186 c.
1893 4128 1948 4196 7,

376 4215 600 4269 Snidam
627 4215 680 4268 in
699 4213 1018 4279 Ψιλίστισιν,
1038 4213 1400 4284 Epipltanium
1422 4214 1623 4271 Haeres.
1653 4217 1764 4286 8,et
1784 4218 1956 4274 Fron-

2058 1753 2202 1823 αὕτη
2236 1751 2659 1823 ἀμφοτέρωθεν.
2687 1749 2978 1821 Inscriptio
3015 1747 3244 1816 antiqua
3273 1742 3405 1814 apud
3432 1741 3583 1795 Habil-

2060 1841 2173 1898 lon.
2213 1859 2268 1914 p.
2297 1843 2366 1898 36
2407 1843 2575 1898 Musei
2615 1840 2812 1904 Italici,
2905 1850 2916 1856 ‘

2075 1919 2078 1923 ’
2493 1930 2854 1987 ΑΑΜιιΑιαΝ
2885 1928 2926 1983 ιι
2961 1925 3190 1984 ΠΟΛΙΣ.

2058 2027 2341 2095 Δαμπαῖοι
2393 2023 2572 2081 Cretae
2617 2025 2810 2078 incolae
2859 2024 2926 2076 ab
2962 2021 3068 2075 hac
3102 2021 3237 2093 urbe
3265 2016 3385 2072 dicti
3419 2028 3586 2070 memo-

2060 2126 2252 2172 rantur
2286 2117 2452 2171 etiam
2491 2113 2838 2186 Polyhiolib.
2879 2129 2952 2175 tv,
2991 2126 3097 2180 cap
3131 2111 3220 2168 53.
3254 2117 3307 2162 et
3332 2107 3431 2160 τῶν
3457 2107 3582 2173 Asp-

2058 2207 2237 2261 πιίων
2266 2206 2422 2270 πόλις
2461 2221 2578 2274 cap.
2629 2205 2723 2259 54.
2754 2201 3002 2257 ΛΔΜΠΙΙ
3045 2212 3106 2254 et
3153 2197 3389 2254 AAMIIA
3428 2195 3584 2251 cadent

2059 2303 2191 2356 urbs
2219 2309 2323 2354 est.
2354 2298 2664 2367 Stephanus
2683 2296 2737 2350 in
2758 2293 3030 2358 ΛΑΜΠΙΙ,
3063 2292 3267 2346 Savium
3309 2289 3360 2342 δὲ
3388 2291 3438 2340 ὲν
3464 2288 3585 2354 Κρη-
3645 2303 3647 2305 ί

2059 2393 2237 2455 τικοῖς
2259 2391 2355 2444 διὰ
2385 2390 2478 2442 δύο
2507 2405 2593 2441 ππ
2619 2389 2820 2457 γράφει
2847 2387 2948 2455 τὴν
2975 2385 3158 2447 πόλιν,
3192 2383 3288 2436 καὶ
3306 2381 3389 2433 διὰ
3412 2380 3494 2432 δύο
3510 2395 3583 2432 aa.

2059 2482 2315 2548 Proinde,
2367 2480 2445 2535 uti
2490 2480 2600 2534 ἀπὸ
2632 2479 2726 2533 τοῦ
2775 2478 2996 2549 Χρύσου
3022 2476 3244 2547 Χρύση,
3286 2475 3363 2528 vel
3389 2472 3486 2526 ἀπὺ
3507 2469 3585 2523 τοῦ

2071 2575 2370 2628 Ἀλυάττου
2431 2570 2722 2631 Ἀλύαττα.
2781 2568 2855 2622 ita
2894 2567 3059 2622 etiam
3124 2566 3232 2620 ἀπὸ
3276 2561 3364 2617 τοῦ
3393 2561 3586 2615 Maneo

2058 2663 2264 2731 Λάππη
2327 2670 2433 2736 est,
2497 2659 2579 2714 vel
2637 2659 2867 2720 Λὰππα,
2918 2671 3238 2725 quanquam
3317 2651 3596 2720 Stephanus

2071 2753 2478 2823 Ἀγαμέμνονος
2513 2750 2724 2817 κτξσμα
2777 2748 2876 2819 τὴν
2928 2747 3187 2816 Λάμπην
3238 2746 3352 2802 sine
3399 2749 3587 2797 auctore

2059 2845 2358 2900 vocaverit.

2129 2936 2266 2991 Ibid.
2306 2934 2434 2991 Hice
2473 2933 2695 2989 Danaus
2738 2948 2832 3005 per
2860 2931 3002 3003 filias
3033 2931 3127 2997 50,
3153 2939 3298 3007 etc,
3339 2938 3496 2994 usque
3535 2919 3590 2975 ad

2043 3013 2286 3104 habeant
2315 3031 2654 3094 concubinas,
2679 3044 2788 3084 una
2821 3027 2964 3084 serie
2988 3035 3357 3095 contextuth
3387 3018 3595 3086 Scaliger

2053 3125 2234 3194 junx'rt
2269 3123 2677 3194 superioribus,
2706 3135 2829 3192 quae
2863 3121 2918 3174 in
2955 3117 3284 3189 Argivorum
3319 3115 3402 3170 illo
3420 3111 3481 3167 de
3505 3110 3593 3163 Da-

2062 3230 2166 3269 nao
2197 3215 2456 3269 dicuntur
2482 3221 2606 3286 post
2633 3212 2822 3274 verba,
2847 3211 3001 3280 aquis
3031 3209 3307 3264 abundare
3331 3206 3442 3277 fecit
3461 3219 3481 3257 :
3504 3215 3594 3272 quo

2057 3305 2278 3376 quidem
2337 3305 2503 3359 modo
2553 3315 2607 3358 et
2652 3303 2843 3358 Graeca
2889 3301 3032 3370 apud
3084 3298 3393 3373 Syncellum
3421 3296 3593 3351 ferul.

2057 3396 2198 3464 Quin
2229 3395 2394 3450 etiam
2425 3396 2674 3450 observat
2707 3394 2761 3447 in
2811 3392 2985 3457 Notis,
3037 3392 3187 3462 quod
3237 3391 3306 3445 ab
3332 3387 3416 3444 illa
3445 3385 3594 3441 conti-

2061 3487 2320 3542 nuatione
2343 3495 2457 3541 tota
2491 3485 2762 3556 periochae
2793 3499 2949 3538 mens
2972 3483 3179 3554 pendet
3208 3499 3225 3540 :
3267 3482 3456 3550 datque
3482 3476 3594 3529 adeo

2028 3579 2232 3648 «ulpte
2264 3575 2617 3648 Hieronymo,
2652 3577 2795 3645 quod
2839 3575 2953 3628 haec
2983 3586 3342 3644 properanter
3369 3575 3593 3624 verteret.

2059 3671 2256 3726 Verum
2296 3678 2356 3723 ut
2388 3683 2536 3722 nunc
2589 3667 2695 3721 alia
2727 3665 3000 3730 omittam,
3035 3679 3138 3719 nec
3165 3679 3230 3718 ea
3274 3660 3449 3717 Greca
3476 3659 3599 3725 ipsa-

2057 3768 2170 3814 met
2201 3758 2412 3813 Eusebii
2444 3765 2574 3813 sunt
2596 3757 2781 3830 verba,
2804 3772 2906 3811 nec
2939 3754 3063 3810 facti
3093 3753 3340 3809 historici
3369 3750 3597 3822 spatium,

2055 3858 2151 3902 aut
2183 3848 2402 3903 demum
2437 3849 2634 3917 aliquis
2665 3865 2694 3900 e
2718 3845 2926 3900 Latinis
2961 3859 3093 3898 mss.
3118 3843 3400 3912 Scaligero
3430 3839 3600 3894 suifrao

2053 3949 2234 4012 gatur.
2273 3940 2332 3994 In
2361 3939 2609 3994 Palatino
2640 3953 2745 3992 ms.
2795 3948 2847 3992 et
2896 3935 3144 3991 Sichardi
3199 3934 3433 3989 editione
3496 3937 3603 3982 ante

2056 4016 2386 4086 decennium
2413 4016 2749 4096 referuntur,
2783 4030 2900 4085 sive
2929 4031 2994 4082 ad
3025 4044 3182 4083 nunt.
3215 4027 3340 4082 545.
3376 4025 3601 4078 Notatuul

2055 4132 2236 4178 tamen
2269 4123 2333 4177 ad
2381 4138 2506 4179 eum
2541 4126 2718 4176 locum
2770 4124 2970 4191 saepius
3019 4121 3242 4174 laudato
3288 4112 3600 4184 Antiquario,

2056 4205 2233 4285 Supra
2256 4216 2455 4285 scripta
2481 4215 2710 4270 historia
2744 4219 2797 4271 in
2841 4217 3020 4270 codice
3053 4211 3190 4272 horto
3218 4225 3430 4283 ponitur
3452 4213 3501 4263 in
3527 4222 3602 4260 seq

373 4319 558 4364 touctn
587 4309 840 4362 Dircaeum
861 4309 927 4362 ad
958 4304 1141 4360 Basilil
1163 4304 1379 4361 Comm.
1405 4307 1455 4362 in
1478 4308 1834 4383 lsaiam,pag.
1859 4313 1954 4366 8t.
1986 4324 2028 4381 ι)
2060 4304 2239 4373 quenti
2284 4306 2468 4358 charta
2501 4307 2571 4358 ad
2620 4321 2893 4359 numerum
2932 4305 2998 4360 18
3027 4303 3363 4358 Erichthonii
3398 4299 3502 4369 tqui
3534 4302 3604 4349 esi

447 4400 580 4454 Ibid.
619 4397 687 4452 In
737 4398 894 4453 Creta
928 4397 1160 4468 regnavit
1221 4397 1390 4468 lapis.
1461 4399 1953 4456 Schurzlleischius

374 4494 451 4544 ait
485 4508 502 4542 :
536 4490 697 4558 Lapis
748 4490 838 4544 hic
890 4491 943 4543 in
978 4492 1153 4558 primo
1199 4491 1445 4547 Palatino
1471 4501 1701 4546 vocatur
1731 4490 1960 4561 Lappis,

375 4580 836 4648 quemadmodum
855 4580 1017 4634 etiam
1039 4581 1091 4633 5.
1125 4580 1346 4634 Patinus
1377 4595 1661 4634 nummum
1697 4581 1955 4649 produxit

375 4670 468 4737 qui
504 4669 821 4724 inscribitur
851 4669 1228 4724 AAUIIIGQN.
1265 4671 1517 4743 Syttcello
1548 4672 1736 4728 itidem
1767 4690 1822 4744 p.
1848 4673 1950 4729 154

373 4759 506 4812 edit.
541 4761 716 4816 Paris.
754 4761 970 4816 ΛΑΠΙΟ
1015 4761 1231 4816 dicitur.
1284 4761 1402 4817 Non
1459 4770 1639 4817 tamen
1692 4773 1952 4832 putantur

374 4853 507 4905 mihi
545 4854 612 4907 ab
645 4871 710 4908 eo
742 4855 1045 4910 deducendi
1105 4869 1226 4911 esse
1283 4854 1552 4926 Lapithas,
1600 4853 1951 4913 Thessalicus

341 4946 629 5015 populus,
655 4961 796 5014 quos
850 4963 946 5018 per
971 4948 1164 5019 duplex
1204 4948 1245 5003 P
1285 4965 1542 5006 nunmus
1587 4949 1764 5006 Patini
1808 4950 1950 5006 male

373 5037 585 5090 videtur
622 5036 884 5098 scribere.
939 5037 1178 5095 Primam
1235 5042 1383 5097 enim
1444 5043 1566 5112 ejus
1623 5043 1772 5099 vocis
1821 5059 1946 5098 cor-

374 5131 502 5199 ri‘pit
528 5128 799 5199 Scymnus
821 5129 1010 5194 Chius,
1034 5147 1155 5187 vers
1202 5133 1306 5188 6|5
1327 5145 1380 5189 et
1407 5137 1510 5190 (illi
1530 5136 1944 5206 Υεριηγήσεωςτ

443 5241 525 5296 Τά
554 5243 613 5315 τί
643 5241 958 5315 Alvtdev,_
972 5243 1169 5306 οἵτινες
1196 5248 1305 5299 τῶν
1337 5248 1589 5315 Αἱμὸνων

443 5311 695 5377 Romam,
740 5311 1026 5372 Λαπιθῶν.
1069 5311 1430 5386 Μυρμιδόνωῦ
1454 5334 1538 5382 τε,
1574 5318 1881 5385 γεγονέναι.

370 5406 496 5462 llius
529 5403 786 5476 Lapithas
815 5400 1124 5458 Scholiasta
1169 5407 1461 5475 Apollonii,
1500 5409 1567 5464 ad
1599 5407 1694 5461 lib.
1729 5423 1767 5471 ι,
1800 5421 1943 5460 vers.

374 5503 466 5568 Η,
507 5503 616 5554 ἀπὸ
668 5502 937 5569 Λαπίθου,
997 5499 1091 5554 τοῦ
1164 5498 1502 5562 Ἀπόλλωνος
1550 5502 1642 5555 καὶ
1698 5501 1943 5569 Κτζλὸης

383 5595 619 5667 stipem,
651 5593 961 5666 Stephanus
987 5609 1116 5651 vero
1147 5593 1198 5648 iu
1225 5591 1512 5661 ΛΑΠΙΘΙΙ,
1536 5593 1642 5646 ἀπὸ
1667 5594 1936 5659 Λαπίθου,

2057 4397 2504 4454 Abrahamiticus
2538 4398 2687 4465 547),
2728 4400 2782 4452 iis
2806 4399 3028 4468 antiquo
3061 4414 3181 4451 vero
3217 4407 3276 4451 ut
3315 4387 3602 4458 hic.Quo:td

2061 4490 2373 4556 historiam,
2429 4489 2566 4544 nihil
2601 4499 2708 4556 est,
2767 4490 2911 4560 quod
2943 4489 3133 4561 objicit
3179 4488 3423 4558 Scaliger
3462 4482 3604 4550 Hipo-

2057 4581 2216 4635 atrati
2253 4582 2626 4636 testimonium
2671 4584 2813 4651 apud
2861 4581 3220 4649 Phlegonth
3271 4577 3603 4651 (‘l‘rallianutn

2057 4673 2292 4738 scilicet,
2339 4674 2434 4730 lib.
2467 4675 2534 4728 de
2567 4672 2934 4742 Mirabilibus)
2974 4677 3042 4727 ἐκ
3073 4674 3202 4742 μιᾶς
3235 4666 3488 4740 γυναικὸς
3518 4663 3604 4716 Εὑ-

2059 4767 2291 4837 ρυόπης,
2328 4781 2394 4820 ets
2424 4782 2530 4819 una
2563 4765 2784 4836 conjuge
2826 4765 3250 4836 Euryope-natos
3287 4761 3510 4831 Egypto
3535 4761 3604 4807 tot

2057 4859 2228 4924 filios;
2263 4859 2406 4927 quod
2438 4859 2585 4912 enim
2621 4870 2807 4913 noster
2849 4859 2926 4912 ait
2963 4857 3032 4913 de
3086 4855 3390 4911 innumeris
3420 4860 3602 4904 concu-

2055 4953 2218 5016 binis,
2255 4951 2320 5006 ad
2351 4949 2523 5006 Danai
2551 4951 2691 5006 tilias
2717 4951 2908 5007 relcrri
2939 4950 3114 5011 decet.
3143 4963 3277 5017 quas
3306 4962 3372 5000 ex
3395 4936 3604 4996 diversis

2054 5045 2374 5101 mulieribus
2403 5045 2736 5114 suscepisse,
2801 5056 3008 5099 veteres
3043 5042 3156 5110 pari
3205 5051 3467 5095 coast-usu
3500 5041 3598 5084 tra-

2052 5137 2203 5190 dunt.
2239 5135 2365 5191 Vid.
2400 5134 2786 5202 Apollodorum
2822 5133 2918 5188 lib.
2967 5148 3032 5201 ιι,
3081 5131 3320 5202 itemque
3349 5144 3382 5182 ιι
3415 5117 3597 5180 llerod.

2052 5225 2249 5278 librum
2291 5225 2393 5279 sub
2424 5225 2607 5278 finem.
2633 5265 2636 5269 ι

2121 5315 2238 5370 Chl.
2261 5315 2389 5372 297.
2420 5315 2692 5387 Bithynia.
2727 5315 2862 5370 Dum
2887 5319 3060 5372 otiose
3082 5311 3322 5379 Scaliger
3338 5311 3402 5364 de
3428 5306 3597 5362 Latins

2051 5409 2240 5477 phrasi
2267 5406 2508 5480 Bithynia
2530 5410 2744 5464 condita
2760 5416 2858 5475 est,
2882 5409 3132 5478 vitiligat,
3181 5417 3407 5472 eamque
3435 5408 3601 5466 repre-

2052 5498 2260 5562 hendit,
2285 5501 2429 5568 quod
2460 5502 2534 5554 rei
2564 5510 2881 5571 caputerat,
2914 5500 3232 5554 historicum
3264 5503 3464 5547 textum
3492 5498 3600 5556 gra-

2053 5591 2272 5648 vissimo
2286 5594 2487 5650 cubare
2504 5594 2556 5647 in
2574 5593 2767 5648 mendo
2806 5607 2911 5647 non
2932 5587 3335 5647 animadvertit.
3351 5581 3423 5638 Ad
3438 5587 3594 5652 curs-
