3908 6174
294 230 400 304 731

1559 224 1968 292 VALLARSII
2009 221 2247 284 ΝΟΤιΒ.

3451 215 3556 279 732

297 364 448 406 mum
462 348 718 413 miratur,
733 361 832 403 cur
846 361 876 401 a
900 346 1158 404 Phoenice
1177 344 1429 416 Bithynia
1455 347 1744 415 appellata.
1759 359 1879 412 qua)

1988 352 2104 392 nes.
2155 335 2390 389 Arlanus
2423 344 2606 390 tamen
2637 334 2886 391 laudatus
2933 339 3002 392 ab
3034 339 3321 395 EUSlalIliO
3346 345 3399 395 in
3433 341 3558 396 Dte-

299 435 576 490 Pltaenicia
613 434 724 490 dici
763 434 1086 492 debuisset:
1121 435 1633 506 qumritqtte,,unde
1665 436 1715 488 in
1741 433 1869 489 Asia

296 528 546 592 Phoenix,
574 527 668 596 qui
702 528 982 582 habitabat
1013 529 1066 583 in
1094 529 1318 599 regione
1350 544 1380 583 a
1425 543 1484 584 se
1518 529 1660 582 dicta
1711 527 1872 582 Phos-

297 617 424 671 nice
461 617 514 670 in
569 615 750 687 Syria.
789 616 991 672 Verum
1046 619 1204 687 plana
1253 633 1342 672 res
1399 627 1542 678 erat,
1581 617 1872 671 emendato

297 717 473 763 textu.
513 709 614 761 [δι-ο
661 725 694 762 a
725 707 970 762 Pltmnice
995 709 1284 776 legendum
1314 713 1540 762 omnino
1571 719 1656 763 est
1680 725 1716 760 a
1745 707 1873 761 Phi-

295 798 462 854 nide:
522 798 596 852 ita
659 809 710 852 et
779 799 835 853 in
881 798 1069 855 Graeco
1119 815 1285 870 penes
1350 798 1704 870 Syncellum,
1765 799 1872 852 ὑπὸ

291 891 518 953 Φινέως,
552 905 650 960 pro
681 892 950 955 Φοίνικος.
1008 892 1278 948 Salmasio
1311 893 1425 947 haec
1473 891 1701 946 debetur
1754 906 1872 960 pcr-

293 998 459 1050 quam
493 983 704 1036 erudita
746 983 1079 1047 emendatio,
1133 984 1294 1053 cujus
1341 984 1457 1038 haec
1500 982 1665 1038 refert
1699 997 1869 1051 argn-

296 1084 480 1126 menta
518 1071 1033 1131 Schurzfleisehius.
1067 1072 1319 1139 Constat,
1348 1073 1542 1144 inquit,
1577 1083 1634 1128 et
1681 1071 1872 1127 [lit-ro-

295 1161 446 1230 nymi
476 1170 530 1215 et
571 1161 808 1231 Syncelli
857 1159 972 1227 jam
1009 1169 1250 1230 tempore
1283 1163 1428 1217 hunc
1466 1162 1642 1215 locum
1681 1176 1871 1215 corru-

296 1266 448 1319 ptum
513 1252 702 1314 fuisse,
753 1262 848 1307 aut
901 1253 971 1306 ah
1025 1252 1261 1307 Eusebio
1316 1253 1578 1307 mendose
1622 1254 1871 1306 allatum.

296 1343 611 1412 Legendum
660 1344 805 1397 enim
855 1343 1019 1413 plane
1071 1354 1178 1410 est,
1217 1353 1278 1398 ut
1321 1344 1624 1398 Salmasius
1658 1343 1685 1395 ὁ
1727 1344 1870 1396 πάνυ

293 1437 403 1490 hoc
433 1437 554 1490 loco
588 1435 852 1490 divinavit
876 1435 930 1489 in
953 1435 1164 1502 Graeco,
1196 1435 1302 1488 ὑπὸ
1324 1435 1553 1502 Φινέως,
1578 1436 1630 1488 in
1655 1433 1870 1498 Latino,

291 1545 330 1580 α
371 1527 590 1592 Phineo,
625 1529 781 1593 cujus
815 1527 907 1581 ﬁlii
951 1528 1168 1597 Tltynus
1218 1537 1273 1584 et
1326 1527 1582 1597 Bithynas
1625 1527 1869 1580 omnium

294 1620 416 1674 fere
448 1633 719 1672 consensu
753 1626 1088 1672 statuuntur.
1136 1617 1194 1671 In
1231 1618 1410 1688 primo
1459 1616 1704 1671 Palatino
1736 1617 1874 1670 scri-

1979 443 2098 498 nys.
2138 427 2353 497 Perieg.
2395 427 2627 494 dubitat,
2655 443 2724 483 an
2752 429 2820 485 ab
2848 429 3032 500 aliquo
3069 432 3309 504 Dionyso
3347 433 3552 488 bellum

1976 521 2243 575 adversus
2279 520 2440 574 ludos
2490 531 2703 591 gestum
2751 523 2863 588 sit;
2895 539 3072 594 neque
3115 526 3265 580 enim
3306 526 3554 582 Semeles

1979 612 2171 675 lilium,
2201 625 2376 681 neque
2401 610 2555 664 illum
2594 628 2754 682 quem
2789 613 3158 672 Athenienses
3185 618 3240 671 in
3269 620 3554 688 mysteriis

1978 703 2188 768 colunt,
2252 717 2431 768 neque
2483 703 2648 758 alium
2683 708 2929 775 quemvis
2963 710 3220 764 Διόνυσον
3274 713 3392 766 sive
3424 695 3554 765 Bac-

1977 793 2143 847 chum
2180 792 2495 848 bellicosum
2548 797 2820 865 agnoscit.
2877 798 2946 852 Et
3001 807 3181 854 tamen
3219 791 3418 871 infra,
3460 805 3552 859 ubi

1980 882 2098 937 haec
2153 883 2344 936 eadem
2397 882 2623 937 historia
2704 889 2959 952 recurrit,
3019 890 3217 956 legitur
3274 892 3327 944 in
3387 891 3557 948 Ense-

1978 973 2093 1037 bio,
2143 972 2453 1043 Dionysius,
2484 976 2578 1044 qui
2605 984 2655 1028 et
2682 975 2838 1030 Liber
2873 988 3050 1046 pater,
3078 991 3185 1034 etc.
3218 981 3554 1051 Scaligerum

1981 1079 2143 1133 porro
2193 1065 2334 1120 hanc
2370 1081 2588 1136 quoque
2644 1070 2960 1138 periocbam
2998 1071 3274 1132 omisisse,
3302 1086 3556 1130 notatum

1981 1165 2084 1208 est.
2123 1153 2179 1206 ln
2216 1155 2503 1212 Parmensi
2535 1173 2637 1212 ms.
2668 1169 2944 1229 postrema
2997 1163 3186 1228 verba,
3233 1167 3404 1234 magis
3438 1183 3558 1234 pro-

1978 1254 2094 1311 pter
2125 1245 2358 1312 furorem
2419 1264 2576 1316 quam
2599 1261 2810 1317 propter
2851 1253 3115 1318 virtutem,
3151 1255 3555 1310 desiderantur.

2050 1332 2168 1386 Col.
2207 1334 2332 1389 295.
2379 1335 2646 1405 Templum
2699 1337 2936 1404 Delphis.
2995 1337 3156 1393 Natat
3203 1340 3557 1410 Antiquarins

1980 1424 2362 1481 Salmasianus
2399 1427 2466 1481 ad
2510 1429 2746 1497 primum
2807 1432 3049 1486 codicem
3101 1431 3438 1498 Palatinum,
3501 1434 3554 1487 in

1981 1532 2124 1570 novo
2155 1518 2297 1572 libro
2329 1519 2456 1587 poni
2488 1521 2627 1573 hanc
2651 1521 2939 1576 historiam
2965 1522 3032 1576 ad
3059 1539 3274 1578 numer.
3301 1525 3370 1578 56
3392 1525 3557 1578 Athe-

1982 1607 2300 1666 niensium:
2339 1608 2455 1678 ipse
2492 1622 2672 1664 autem
2696 1617 2915 1679 primus
2968 1613 3248 1668 Palatinus
3287 1618 3451 1682 plane
3499 1625 3556 1669 ut

317 1708 462 1762 bitur
505 1725 537 1761 a
578 1708 835 1763 I’Ittenite.
883 1709 1050 1780 Lego,
1087 1709 1266 1778 inquit
1311 1708 1636 1774 Salmasius,
1672 1725 1708 1760 a
1743 1707 1868 1760 Plii-
1906 1694 1952 1754 Β
1981 1709 2042 1753 et
2075 1713 2177 1754 nos
2203 1703 2269 1752 ad
2311 1700 2485 1753 locum
2521 1701 2665 1756 hunc
2697 1703 2886 1757 refert.
2937 1703 3177 1773 Scaliger
3209 1717 3265 1760 et
3307 1707 3552 1763 Sicltartti

295 1800 444 1854 uide.
464 1800 700 1854 Ariantts
715 1801 858 1869 apud
887 1799 1110 1870 Dionys.
1137 1802 1366 1872 Περιηγ.
1385 1817 1510 1856 vers
1533 1800 1658 1868 793,
1680 1801 1876 1870 p.115:

300 1890 474 1944 Θυνὺν
523 1893 615 1943 καὶ
655 1892 903 1956 Βιθυνὸν,
951 1890 1217 1961 ἀδελφοὺς
1240 1894 1549 1962 ἐπιφανεῖς,
1587 1893 1730 1947 κατὰ
1777 1893 1876 1961 μὲν

304 1983 526 2054 ποίησιν
555 1984 824 2053 (τουτέστι
857 1984 1119 2052 ποιητοὺς
1151 1983 1246 2036 καὶ
1292 1981 1504 2052 θετοὺς)
1540 1982 1736 2045 παῖδας
1789 1983 1881 2034 Φι-

303 2075 442 2136 νέως
478 2073 610 2128 dici.
647 2063 796 2128 Alias
832 2074 980 2127 enim
1014 2075 1239 2138 Βιθυνὸς
1273 2075 1302 2127 ὁ
1339 2074 1460 2137 Διός
1490 2084 1717 2129 vocatur
1764 2073 1884 2130 Ste-

303 2161 488 2230 phano
518 2152 572 2214 in
605 2159 905 2216 ΒΙΘΥΝΙΑ.
949 2162 1085 2219 Aliis
1112 2163 1418 2235 ὀὈδρύσου
1451 2165 1592 2234 apud
1626 2164 1879 2220 eumdem

304 2252 647 2315 Eustatltimn
677 2253 903 2310 dicitur.
936 2254 1130 2311 Totam
1160 2272 1272 2311 rem
1320 2259 1621 2313 coniiciunt
1664 2257 1880 2314 scholia

304 2345 579 2414 Apollonii
619 2347 686 2400 ad
729 2346 825 2402 lib.
860 2361 924 2412 ll,
964 2363 1109 2402 vers.
1149 2348 1276 2415 177,
1315 2350 1403 2403 ubi
1462 2350 1534 2403 ita
1583 2349 1827 2405 scribunt
1863 2367 1878 2403 :

320 2434 384 2488 Ἦ
440 2436 534 2488 ἐπὶ
578 2438 677 2505 τῆς
715 2437 989 2507 Εὐρώπης
1020 2437 1248 2492 Βιθυνία
1308 2439 1438 2509 περὶ
1483 2437 1880 2511 Καλμυδησσδν

306 2527 488 2578 κεῖται
513 2527 605 2579 ἐπὶ
635 2525 882 2598 Θρᾴκης.
922 2526 982 2580 Ὀ
1009 2528 1068 2582 δὲ
1095 2529 1307 2594 Φινεὺς,
1334 2532 1411 2594 ὠς
1433 2533 1482 2585 οἱ
1515 2531 1876 2586 πλεῖστοι.....

306 2624 405 2671 τοῦ
429 2619 834 2690 Καλμηδησσοῦ
865 2620 1082 2688 λέγεται
1113 2620 1418 2693 ᾠκηκέναι.
1471 2629 1474 2632 ’

383 2708 490 2763 Pro
526 2709 613 2764 his
640 2724 763 2778 quae
788 2711 1226 2778 subsequuntur,
1252 2716 1343 2785 qui
1370 2713 1698 2771 Plttenicibus
1719 2732 1881 2788 quas-

305 2807 433 2860 dam
467 2805 672 2861 litteras
700 2807 949 2870 tradidit,
975 2816 1108 2871 etc.,
1143 2809 1216 2864 ad
1274 2811 1436 2866 finem
1471 2826 1642 2881 usque
1697 2813 1880 2881 perio-

303 2897 444 2960 chae,
476 2895 592 2950 haec
625 2897 785 2950 modo
818 2896 980 2952 habet
1001 2895 1267 2968 Scaliger,
1291 2913 1410 2967 quia
1448 2899 1593 2968 prius
1631 2899 1880 2955 Marian-

302 2990 450 3060 dyna
475 2975 798 3043 vocabantur
827 3003 848 3044 :
880 3005 1002 3059 qua
1031 3000 1116 3046 est
1161 2991 1322 3060 ῥῆσις
1355 2992 1422 3046 de
1452 2990 1704 3062 Bithynia
1739 2990 1886 3047 infe;

299 3082 426 3135 rius
455 3079 720 3134 laudanda
755 3097 770 3134 :
806 3090 864 3136 ιιι
904 3096 1032 3135 vere
1063 3081 1202 3136 adeo
1241 3081 1382 3136 hanc
1413 3081 1629 3152 penitus
1657 3090 1881 3152 praster-
1907 3064 1950 3120 ε

301 3172 541 3226 miserit.
583 3171 809 3229 Demum
848 3187 1034 3242 neque
1089 3172 1180 3227 illa
1225 3171 1490 3244 Sealigeri
1541 3175 1880 3243 conjectura,

225 3282 230 3284 τ
303 3279 418 3332 qua
456 3263 636 3330 Φοῖνιξ
669 3272 894 3333 putatur
925 3278 1045 3320 esse
1077 3263 1337 3330 Phineas,
1383 3273 1550 3325 anan
1601 3265 1880 3334 proprium

301 3355 414 3410 viri
464 3369 685 3419 nomen,
721 3357 811 3424 qui
849 3356 996 3426 genti
1045 3355 1469 3426 appellationem
1511 3356 1744 3423 dederit,
1780 3358 1884 3412 do-

297 3449 417 3504 ctis
447 3449 602 3513 viris,
643 3458 704 3503 et
751 3463 877 3504 cum
909 3449 1100 3514 primis
1147 3448 1419 3504 Bocltarto
1450 3451 1735 3519 probatur,
1788 3450 1880 3519 qui

300 3557 334 3597 a
369 3539 518 3594 Bene
549 3541 722 3606 Anuli,
774 3541 901 3596 filiis
945 3541 1119 3606 Anak,
1169 3539 1495 3597 Phoenicum
1553 3542 1880 3595 vocabulum

293 3633 604 3692 conﬂatum
655 3642 842 3690 censet
889 3633 988 3689 lib.
1042 3649 1059 3688 ι
1099 3632 1378 3701 Cltan.,c.
1417 3635 1440 3688 l
1479 3645 1608 3690 etc.
1641 3635 1731 3695 45.
1791 3637 1880 3689 ubi

298 3728 448 3782 alias
484 3735 727 3780 veterum
779 3727 847 3781 de
884 3724 1207 3782 Phoenicum
1240 3725 1451 3796 origine
1481 3727 1780 3780 sententias
1813 3725 1879 3779 ad

295 3835 537 3878 examen
571 3828 812 3876 revocat.

372 3912 500 3968 Col.
531 3912 657 3967 295.
690 3910 914 3964 Phoenix
932 3919 981 3966 et
1007 3909 1261 3964 Cadmus.
1293 3909 1521 3965 Videtur
1547 3919 1882 3980 temporum,

289 4021 433 4078 qua
470 4007 537 4061 ad
569 4005 835 4060 Cadmum
867 4012 1141 4073 spectant,
1169 4003 1397 4059 luxatio.
1436 4001 1571 4059 Vide
1604 4005 1885 4059 num.587

300 4110 364 4152 ct
401 4095 795 4152 6ll.Cadmus
823 4096 1092 4161 Agenoris
1142 4095 1308 4156 filius.
1354 4093 1630 4149 Phtenicis
1692 4095 1884 4158 frater,

301 4189 508 4245 Bacchi
536 4187 745 4243 scilicet
778 4202 915 4242 avus
941 4197 1043 4242 est.
1084 4185 1210 4240 Haec
1242 4201 1350 4240 non
1397 4185 1623 4239 aliunde
1652 4188 1881 4250 rectius,

299 4294 474 4354 quam
517 4283 588 4336 ab
634 4281 882 4352 Lytliato,
919 4279 1151 4348 aliisque
1184 4277 1473 4334 Marmoris
1503 4278 1879 4332 Arundclliani

302 4377 612 4443 lnterprete
659 4372 956 4440 intelliges.
992 4369 1260 4424 Notatum
1313 4385 1478 4440 porro
1525 4369 1880 4425 Schurzlleis-
1915 4403 1957 4454 Β

299 4466 436 4522 chio
475 4465 547 4516 ita
583 4478 598 4515 :
633 4460 892 4529 PericOpa
948 4461 1016 4516 de
1065 4458 1320 4515 Phcenice
1363 4466 1418 4514 et
1439 4457 1653 4513 Cadmo
1683 4459 1738 4512 in
1768 4460 1884 4514 edi-

300 4561 458 4616 tione
479 4551 806 4629 Sichardina
834 4562 886 4606 et
905 4553 1087 4607 tribus
1118 4551 1378 4607 Palatinis
1407 4550 1475 4604 ad
1497 4567 1786 4605 numerum
1816 4551 1886 4606 30

302 4647 751 4710 Atheniensium,
773 4646 868 4716 qui
895 4653 976 4700 est
1006 4643 1451 4698 Abrahamiticns
1483 4642 1613 4708 559,
1663 4642 1884 4711 legitus.

301 4745 529 4800 Primus
579 4751 762 4796 tamen
823 4737 1108 4793 Palatinus
1166 4733 1517 4804 Scaligerano
1579 4733 1884 4800 exemplari

300 4838 603 4898 consentit,
644 4831 1050 4900 subscribitque
1113 4828 1184 4882 ibi
1246 4826 1624 4893 Antiquarius,
1682 4821 1886 4891 Supra-

303 4925 510 4990 scripta
537 4926 759 4980 historia
791 4926 846 4978 in
880 4937 1012 4977 noro
1044 4920 1223 4975 codice
1255 4919 1471 4987 ponitur
1495 4917 1564 4970 ad
1592 4932 1790 4969 annum
1817 4915 1887 4969 30

303 5019 754 5082 Atheniensium;
786 5017 840 5070 in
872 5015 1093 5080 antiquo
1128 5026 1265 5072 vero,
1297 5017 1352 5061 ut
1393 5007 1499 5062 Itic.
1550 5006 1694 5060 Idem
1719 5021 1884 5075 porro

302 5114 590 5170 Palatinus
619 5112 792 5165 codex
827 5106 1036 5162 Sidona
1067 5103 1253 5166 habet,
1306 5115 1411 5170 qua
1441 5100 1737 5155 accusativi
1777 5112 1887 5152 ιω·-

229 5251 272 5272 ..,
315 5205 624 5262 ntinatioue
659 5201 858 5270 saepius
921 5199 1095 5251 utitttr
1124 5193 1365 5248 Arbiter.

377 5298 501 5352 Col.
528 5294 652 5350 295.
691 5292 847 5346 Liber
881 5289 1066 5343 Pater.
1105 5287 1397 5341 Latissime
1427 5285 1569 5338 hanc
1593 5282 1883 5339 historiam

304 5400 636 5462 persecutus
666 5395 752 5442 est
795 5383 1066 5439 Diodorus
1105 5380 1327 5434 Siculus
1357 5379 1451 5432 lib.
1479 5392 1564 5441 ιιι.
1612 5392 1732 5445 pag.
1761 5375 1884 5430 159.

303 5485 466 5538 llttnc
493 5479 687 5536 Semel-
708 5495 735 5532 s
763 5478 931 5532 [ilium
960 5473 1312 5545 θηλύμορφον
1342 5469 1551 5533 dicunt,
1600 5471 1726 5537 quia
1759 5467 1888 5522 mis-

301 5574 510 5641 ct-llutn
578 5585 640 5622 ex
696 5569 832 5623 vitis
886 5579 942 5621 et
1001 5564 1223 5620 feminis
1273 5562 1583 5642 exercitum
1631 5558 1882 5613 ducebat.

303 5645 612 5737 Dionysum
645 5675 867 5733 quoque
894 5666 1091 5714 vocant
1119 5655 1420 5725 scriptorcs
1467 5651 1712 5722 plerique
1767 5663 1885 5705 om-

1983 1787 2154 1843 editio
2213 1804 2325 1844 uno
2385 1805 2531 1845 anno
2581 1803 2970 1862 antevertunt;
3028 1795 3317 1865 Syncellus
3375 1810 3560 1852 autem

1984 1881 2120 1948 ipsis
2153 1879 2320 1934 Danai
2353 1883 2693 1952 temporibus
2718 1886 3001 1954 praeponit.
3037 1885 3172 1941 Rem
3199 1899 3386 1942 narrat
3417 1889 3557 1944 Pau-

1982 1973 2240 2029 saniasin
2269 1973 2550 2067 Boeoticis,
2572 1992 2695 2047 cap.
2720 1979 2814 2034 56.
2840 1979 3212 2051 Virgiliuslib.
3235 2000 3284 2037 v1
3314 1983 3556 2054 Eneid.,

1985 2081 2131 2122 vers.
2164 2066 2269 2122 618
2302 2081 2317 2120 :

2257 2182 2606 2247 Phlegyasque
2639 2186 2946 2239 miserrimus
2965 2205 3140 2241 omnes

2042 2243 2308 2308 Admonet,
2330 2243 2575 2309 et‘magua
2595 2253 2813 2298 testatur
2832 2263 2952 2302 voce
2985 2266 3074 2314 per
3095 2254 3312 2317 umbras,
3335 2263 3434 2306 etc.

1982 2340 2038 2397 In
2071 2359 2234 2413 quem
2265 2346 2445 2402 locum
2497 2348 2702 2406 videsis
2749 2350 3024 2417 Servium,
3069 2355 3316 2426 aliosque
3345 2355 3555 2426 Virgilii

1981 2437 2326 2508 interpretes.
2361 2438 2509 2494 Trita
2543 2456 2740 2509 nempe
2776 2443 2912 2497 adeo
2951 2458 3038 2499 res
3075 2455 3184 2510 est,
3219 2455 3280 2500 ut
3324 2447 3556 2521 φλεγιᾷν

1983 2543 2082 2599 pro
2110 2529 2270 2597 impie
2298 2546 2476 2600 agere,
2515 2543 2780 2603 usut'pent
2819 2534 3013 2590 Graeci.
3047 2535 3260 2593 Laudat
3291 2551 3470 2597 tamen
3505 2555 3561 2598 et.

1982 2622 2231 2692 Scaliger
2258 2623 2627 2692 Augustinum
2647 2625 2747 2680 lib.
2770 2641 2906 2681 xvttt
2937 2627 3004 2682 de
3038 2627 3206 2684 Citit.
3243 2632 3361 2696 Dei,
3388 2650 3436 2689 c.
3467 2637 3556 2697 12.

1979 2711 2249 2768 dicentem
2269 2729 2376 2768 non
2412 2730 2441 2769 a
2464 2715 2718 2786 Phlegya,
2743 2717 2837 2772 sed
2855 2733 2883 2772 a
2911 2718 3098 2776 Danao
3121 2723 3401 2779 incensum
3422 2735 3561 2782 lem-

1980 2801 2130 2870 plutn
2169 2820 2183 2856 :
2213 2802 2360 2856 Tunc
2389 2805 2632 2874 npouini
2681 2807 2914 2862 instituti
2953 2820 3074 2864 sunt
3108 2810 3220 2866 ludi
3249 2816 3460 2882 musici,
3504 2829 3560 2870 nr

1979 2895 2289 2966 piacaretur
2323 2897 2406 2950 ira
2443 2898 2576 2968 ejus,
2605 2914 2709 2968 qua
2759 2900 3017 2969 putabant
3050 2903 3411 2972 amictasesse
3450 2921 3560 2962 eteo

1983 2987 2184 3041 rilt'tate
2217 2987 2438 3044 Gracia
2467 2991 2728 3061 regiones,
2759 2995 2883 3062 quia
2911 3008 3014 3045 non
3048 2993 3381 3061 defenderint
3427 3009 3559 3054 tetu-

1984 3079 2128 3147 plum
2155 3080 2290 3147 ejus,
2310 3080 2450 3149 quod
2475 3097 2567 3136 rex
2595 3081 2834 3148 Danaus,
2859 3084 2985 3136 cum
3003 3085 3214 3141 easdem
3235 3099 3402 3144 terras
3427 3093 3559 3146 bella

1982 3172 2289 3237 invasisset,
2323 3173 2580 3228 incendit.

2050 3263 2171 3318 Col.
2201 3263 2330 3319 295.
2384 3264 2667 3320 Gothoniet
2718 3285 2809 3320 an.
2863 3269 2953 3324 40.
3007 3270 3260 3330 Clemens
3305 3275 3558 3336 tStrom.

1983 3355 2366 3425 quinquaginta
2402 3357 2687 3423 elargitur.
2725 3365 3188 3430 quemadmodum
3221 3369 3342 3437 ipse
3394 3373 3558 3427 etiam

1985 3446 2255 3500 Eusebius
2287 3447 2342 3499 in
2376 3447 2672 3516 Praeparat.
2708 3451 2876 3515 lih.s,
2910 3469 3030 3523 cap.
3062 3456 3147 3511 ll.
3184 3459 3406 3514 Rectius
3431 3456 3562 3515 vero

1987 3538 2075 3592 hic
2110 3538 2272 3593 habet
2304 3537 2456 3606 iusta
2515 3537 2768 3593 Jndicum
2809 3543 3008 3598 librum
3059 3563 3110 3602 c.
3153 3563 3235 3612 llt,
3283 3553 3561 3620 ἡσύχασεν

1985 3631 2018 3699 ἡ
2037 3630 2116 3700 γῆ
2141 3629 2236 3700 ἔτη
2270 3635 2325 3698 μ’
2350 3645 2364 3659 ο
2395 3630 2606 3694 Quicni!
2658 3642 2798 3686 terra
2823 3637 2975 3690 annis
2997 3637 3374 3709 quadraginta.
3402 3641 3559 3697 Toti-

1983 3725 2106 3777 dem
2133 3721 2555 3799 et_TheOphiltts
2586 3736 2890 3794 computat.

2053 3816 2170 3870 Col.
2198 3814 2326 3870 297.
2358 3811 2621 3872 Phoenice.
2655 3818 2870 3872 Dudum
2897 3822 3185 3877 emendato
3233 3828 3556 3894 prmeedenti

1985 3910 2230 3970 nomine,
2270 3907 2514 3963 Pltmnice
2564 3910 2616 3963 in
2667 3909 2967 3976 Pltinidem,
3003 3913 3214 3984 reliqua
3251 3918 3440 3974 isthmc
3493 3920 3561 3984 de

1985 4001 2296 4054 litterarum
2347 4013 2402 4056 et
2449 4004 2657 4059 colutis
2697 4005 2911 4074 punicei
2960 4007 3292 4072 inventione,
3342 4028 3467 4081 qum
3507 4023 3562 4068 et

1985 4094 2222 4148 diximus
2253 4112 2282 4146 ιι
2323 4094 2603 4165 Scaligcro
2636 4097 2948 4166 repudiata,
2983 4100 3128 4154 haud
3160 4103 3444 4160 ltene'cum
3475 4108 3560 4161 itt-

1988 4194 2141 4255 tegro
2190 4195 2450 4240 contextu
2511 4187 2738 4240 faciunt.
2796 4188 3052 4246 Fortasse
3102 4204 3284 4248 autem
3324 4213 3461 4251 nova
3495 4216 3560 4253 cx

1985 4276 2072 4330 his
2117 4288 2237 4330 erat
2285 4278 2592 4331 inchoanda
2625 4279 2692 4332 de
2723 4278 2983 4335 Phoenice
3017 4285 3296 4350 periocha,
3341 4289 3562 4343 nomine

1983 4367 2105 4435 ejus
2130 4367 2444 4436 pt'mposito,
2477 4369 2620 4436 Quod
2654 4377 2712 4422 ut
2732 4371 3032 4434 excideret,
3059 4385 3112 4426 et
3141 4377 3283 4429 male
3317 4390 3564 4445 postmo-

1989 4457 2117 4511 dum
2145 4457 2265 4511 tlttas
2303 4457 2546 4512 historia
2579 4460 2632 4511 in
2668 4477 2828 4514 unam
2873 4466 3376 4535 compingerentur,
3412 4477 3559 4523 tanta

1990 4552 2234 4605 nominis
2259 4553 2548 4620 utriusque
2567 4551 2843 4608 thnicis
2871 4557 2928 4610 et
2961 4554 3210 4613 Pltinidis
3237 4561 3559 4625 similitudo,

1988 4644 2155 4698 facile
2207 4644 2259 4696 in
2311 4659 2474 4698 causa
2529 4643 2651 4698 fuit.
2693 4646 2960 4701 Caeterum
3021 4651 3397 4721 vulgatissima
3450 4656 3562 4710 haec

1986 4743 2136 4786 sunt.
2169 4731 2424 4786 Lucanus
2448 4733 2542 4788 lib.
2583 4751 2662 4800 ιιι,
2700 4752 2843 4790 vers.
2870 4738 3014 4790 22οι

2141 4845 2400 4912 Pbmnices
2429 4848 2593 4912 primi,
2619 4848 2756 4898 fama;
2787 4850 2828 4898 si
2865 4854 3111 4912 caeditur,
3158 4858 3265 4905 ausi

2142 4907 2414 4958 Mansuram
2429 4909 2632 4958 rudibus
2654 4923 2821 4960 vocem
2843 4915 3038 4972 signare
3062 4907 3252 4976 figuris.

1986 5004 2120 5060 Vide
2153 5013 2209 5057 et
2245 5003 2582 5058 Herodotum
2634 5007 2726 5062 Ill).
2775 5024 2824 5071 v,
2855 5025 2974 5077 cap.
3017 5011 3107 5076 58,
3141 5013 3432 5070 Diodorum
3465 5017 3560 5074 ιιι».
3629 5047 3634 5053 -

1985 5105 2067 5156 ιιι.
2108 5093 2431 5148 Pausaniam
2461 5111 2512 5161 ν,
2565 5111 2688 5167 cap.
2735 5099 2827 5159 25.
2857 5113 3019 5169 atque
3067 5120 3097 5158 e
3152 5109 3558 5164 recentioribus

1988 5188 2326 5241 Ezechielem
2359 5187 2751 5257 Spanhemium
2783 5192 3002 5249 dissert.
3028 5195 3084 5261 2,
3113 5198 3182 5252 de
3213 5215 3311 5252 usu
3341 5209 3393 5254 et
3417 5217 3558 5271 pra?-

1989 5287 2156 5334 stant.
2187 5279 2478 5345 numism.,
2508 5296 2628 5351 pag.
2647 5281 2707 5336 8i
2742 5293 2796 5338 et
2825 5300 2942 5356 seq.
2963 5285 3036 5342 De
3060 5291 3358 5345 vermiculo
3387 5301 3442 5346 et
3470 5307 3560 5346 co-

1986 5371 2098 5426 lore
2138 5373 2369 5440 puniceo
2404 5373 2522 5426 vide
2553 5371 2866 5430 Reinesium
2895 5377 2962 5433 de
2997 5379 3174 5450 lingua
3200 5381 3398 5437 Punica
3436 5399 3556 5454 cap.

1983 5461 2039 5523 5,
2077 5469 2237 5529 atque
2275 5461 2430 5514 alios.

2057 5553 2178 5608 Col.
2239 5553 2367 5610 295.
2419 5554 2480 5609 In
2513 5557 2671 5612 Creta
2703 5575 2852 5630 regn.
2898 5561 3158 5616 Asterius.
3185 5565 3544 5637 Apollodorus

1988 5653 2142 5699 vocat
2183 5644 2486 5706 Asteriona.
2517 5649 2634 5708 Lib.
2677 5669 2731 5708 ιιι
2773 5651 3091 5724 εΕὐρώπην
3128 5659 3313 5728 γήμας
3361 5659 3552 5717 Ἀστε..
