3908 6174
338 406 447 475 785

1603 414 2015 484 VALLARSII'
2048 427 2286 488 horta.

3461 433 3586 497 786'

335 537 513 580 tamen
546 540 671 581 cum
715 528 891 582 veteri
918 530 1125 598 scripto
1152 530 1312 584 aliter
1336 548 1458 586 eam
1502 536 1739 591 ordinat.
1772 536 1890 593 Cae-
1919 545 1967 601 Α
1994 542 2269 609 appellat,
2322 543 2414 612 qui
2467 554 2647 598 tamen
2682 554 2928 601 correcta
2963 544 3057 601 lib.
3092 563 3109 601 ι
3142 547 3378 618 sylloges
3406 546 3572 603 Eusee

334 625 513 670 terum
544 616 714 671 Melus
748 616 1088 673 Sicbardinte
1134 621 1364 676 editioni
1415 638 1524 677 non
1557 636 1704 680 recte
1734 643 1897 682 vora-

333 715 423 758 tur
465 705 676 761 Helias.
713 704 962 778 Namque
1010 719 1062 764 et
1122 712 1281 779 apud-
1336 713 1647 783 Syneellnm
1698 733 1752 785 ρ.
1797 719 1901 773 158

330 795 465 851 edit.
502 796 712 861 Paris”
737 796 924 868 Μῆλος
948 800 1202 857 habetur.
1235 802 1371 857 Vide
1397 805 1464 859 de
1494 821 1554 860 ea
1579 799 1908 863 Strabooeni

332 884 427 939 lib.
469 901 522 948 ι,
559 901 615 954 p.
645 886 775 952 484,
809 886 1146 957 Stephanum
1177 892 1230 946 in
1263 890 1526 953 MIIAOC.
1547 895 1895 950 Eustathium

331 977 398 1029 ad
426 975 740 1049 Dionysium
790 994 936 1035 vers.
988 980 1115 1049 550,
1149 984 1429 1054 Scylacem
1465 1001 1518 1055 p.
1569 985 1660 1053 i9,
1694 997 1825 1044 tom.
1879 991 1898 1043 l

329 1066 635 1135 Geograph.
661 1071 817 1132 min.,
846 1082 901 1125 et
924 1071 1079 1127 alios.

398 1159 519 1216 Col.
545 1161 676 1218 297.
710 1162 981 1234 Bithynia.
1041 1164 1240 1221 Recole
1267 1180 1395 1234 qua
1433 1168 1595 1237 paulo
1638 1162 1894 1239 superius

316 1249 423 1314 (ad
452 1253 551 1313 col.
579 1251 709 1322 995)
741 1253 812 1307 ad
837 1267 989 1310 num.
1017 1254 1205 1310 567th
1244 1258 1350 1313 hac
1379 1257 1498 1328 ipsa
1545 1260 1777 1316 historia
1804 1264 1890 1317 di-

329 1343 529 1396 ximus.
564 1340 811 1400 Diximus
857 1359 988 1400 vero
1010 1360 1133 1400 cum
1161 1348 1352 1417 primis
1381 1364 1609 1419 peccare
1638 1353 1893 1409 librario-

329 1448 451 1483 mm
481 1434 638 1502 culpa
680 1450 878 1491 nomen
908 1434 1193 1504 Phoenicis,
1234 1430 1745 1514 restituendumque
1770 1458 1897 1503 esse

333 1520 599 1578 I’Ittnidis.
1342 1583 1361 1591 -
1390 1546 1393 1547 ⁷

254 1652 274 1687 μ
396 1614 511 1669 Col.
552 1615 680 1671 297.
710 1615 876 1677 Linus
902 1616 1172 1676 Thebaeus.
1217 1621 1348 1678 Post
1372 1634 1607 1694 quatuor
1633 1638 1806 1682 annos
1837 1627 1893 1682 iu

323 1707 855 1777 Scaligerieditione
881 1709 994 1765 haec
1029 1711 1318 1778 habentur,
1338 1717 1453 1770 sive
1483 1716 1554 1771 ad
1578 1732 1732 1773 num.
1755 1718 1887 1779 600.

323 1795 573 1865 Ili-plicat
599 1807 763 1868 porro
795 1800 847 1854 in
878 1799 1053 1865 Notis,
1080 1801 1276 1859 Linum
1306 1803 1603 1860 Thebanum
1634 1823 1886 1870 nonesse

320 1887 488 1956 hujus
518 1889 800 1958 temporis,
829 1906 951 1945 cum
984 1892 1148 1948 fuerit
1199 1897 1427 1965 aqualis
1452 1896 1693 1961 Herculi,
1721 1915 1749 1952 a
1781 1916 1885 1970 quo

1995 1904 2117 1948 sunt
2146 1906 2290 1965 gesta
2323 1901 2672 1968 temporibus.
2720 1903 2916 1957 Isidem
2955 1919 3076 1960 esse
3102 1905 3201 1976 τὴν
3235 1907 3536 1979 Δήμητραν

321 1979 649 2043 interfectus
676 1988 765 2035 est
801 1984 1060 2053 magister
1086 1985 1303 2055 ingrato
1334 1989 1622 2058 discipulo,
1671 1990 1891 2048 Scilicet

322 2083 435 2121 una
473 2068 563 2123 illa
620 2082 741 2126 erat
764 2071 836 2127 de
887 2074 1022 2127 Lino
1055 2077 1195 2145 apud
1239 2088 1461 2134 veteres.
1492 2082 1785 2136 sententia.
1820 2086 1891 2137 At

324 2169 456 2211 vero
485 2158 556 2211 ab
580 2159 849 2227 Apolline,
879 2162 968 2216 cui
990 2177 1046 2217 se
1078 2174 1242 2219 cantu
1288 2166 1624 2235 conferebat,
1650 2171 1893 2224 occisum

322 2247 494 2302 tradit
529 2250 826 2309 Pausanias
853 2254 911 2308 in
943 2253 1195 2311 Bteoticis
1225 2271 1343 2327 cap.
1371 2257 1466 2313 29:
1507 2260 1737 2314 alterum
1764 2278 1892 2317 vero

321 2339 396 2392 ab
432 2355 497 2391 eo
523 2355 643 2396 esse
666 2357 730 2398 ac
749 2344 1023 2413 iuniorem
1062 2345 1278 2411 Linum,
1323 2364 1484 2418 quem
1521 2350 1779 2419 Ilerg'ules
1806 2357 1893 2407 in-

321 2431 560 2485 terfecit.
612 2434 769 2489 Nunc
813 2445 965 2491 not-tt
1003 2449 1057 2492 et
1104 2438 1358 2495 Clemens
1405 2440 1810 2498 Alexandrinus
1871 2460 1891 2499 ι

318 2525 680 2578 Strotnatum.
714 2514 980 2583 Homerus
1011 2527 1167 2585 Iliad.
1198 2546 1349 2594 svnt,
1383 2545 1532 2587 vers.
1581 2533 1705 2590 570.
1741 2532 1889 2590 Inter

320 2614 429 2668 alia
461 2630 581 2685 quas
621 2618 673 2670 in
730 2617 956 2674 Achillis
998 2630 1153 2675 st-nto
1181 2620 1456 2678 Vulcanus
1486 2622 1886 2693 elormavcrat,

320 2724 554 2778 puernm
589 2712 954 2767 citharmdum
983 2722 1246 2769 memorat
1273 2725 1555 2771 canentem
1583 2716 1701 2771 Lini
1730 2719 1834 2774 fata
1869 2738 1885 2777 :

318 2817 486 2869 quem
526 2803 707 2858 locum
729 2805 797 2859 de
839 2805 1039 2860 Latino
1060 2805 1294 2874 infante,
1333 2808 1602 2876 Apollinis
1627 2809 1763 2874 lilio,
1792 2811 1889 2880 qui

320 2907 354 2945 a
378 2894 616 2955 panibus
646 2896 959 2966 discerptus
989 2898 1115 2962 fuit,
1140 2898 1467 2954 scholiastes
1500 2903 1745 2968 exponit.
1769 2904 1886 2955 Ali-

322 2988 427 3044 ter,
466 2992 631 3053 atque
656 2984 694 3039 ii
731 2986 950 3052 quidem
1001 2989 1334 3047 accuratius.
1371 2988 1644 3057 explicant
1676 2999 1889 3046 veteres

319 3074 498 3128 critici
551 3077 604 3129 in
655 3078 881 3132 scboiiis
912 3080 985 3132 ad
1019 3081 1163 3132 hunc
1208 3078 1388 3133 Ioequ
1422 3079 1669 3134 nondum
1697 3082 1882 3147 editis,

2012 631 2208 690 hiante.
2238 649 2289 701 p.
2331 635 2386 699 5,
2435 635 2741 705 ’Δμένωφις
2778 639 3109 695 nominatur.

2085 722 2219 777 Ibid.
2258 723 2337 777 Ea
2377 742 2492 793 qua:
2529 725 2592 781 de
2621 726 2886 783 Demetra.
2923 729 3417 791 Schurzﬂeischius
3454 738 3581 801 ait;
3654 732 3659 735 i

2009 813 2066 866 In
2103 815 2277 883 primo
2304 812 2547 870 Palatino
2581 826 2637 871 et
2683 828 2958 886 postremo
3012 823 3252 891 legitur,
3305 825 3426 893 Ea,
3466 845 3582 896 qua

2010 902 2207 967 Diana,
2242 916 2297 959 et
2327 906 2561 977 reliqua.
2587 906 2874 963 Secundus
2893 922 2948 965 et
2965 915 3153 969 tertius
3178 916 3451 983 scribunt,
3475 919 3581 980 Ea.

2010 1010 2127 1063 qua:
2159 994 2425 1051 Demetra.
2488 996 2594 1050 Alii
2638 997 2796 1054 codd.
2829 998 3043 1054 Danaen
3079 1005 3131 1056 in
3159 1003 3400 1061 Danaam
3496 1012 3579 1064 vel

2010 1081 2194 1136 Danen
2230 1085 2542 1140 immolant.
2570 1084 2742 1139 Etiam
2776 1102 2874 1156 pro
2900 1087 2983 1144 his
3002 1091 3168 1159 fuere,
3191 1095 3436 1150 nonnulli
3455 1096 3581 1152 libri

2007 1170 2193 1239 scripti
2221 1172 2455 1237 habent,
2494 1174 2573 1228 his
2601 1185 2744 1229 sunt.
2783 1176 3044 1233 Fabulam
3082 1180 3149 1235 de
3173 1179 3357 1241 Danae
3375 1174 3581 1254 optime

2009 1271 2332 1328 persecutus
2361 1272 2444 1316 est
2473 1264 2765 1321 scholiasta
2798 1268 3064 1337 Apollonii
3096 1269 3165 1325 ad
3198 1271 3292 1326 lib.
3322 1289 3407 1339 tv,
3433 1289 3578 1330 vers.

2009 1351 2167 1418 1091,
2194 1363 2247 1408 et
2274 1355 2553 1409 Horatiani
2582 1357 2993 1426 interpretes-ad
3029 1361 3122 1417 lib.
3155 1379 3210 1416 ιιι
3237 1363 3578 1429 Carminium,

2010 1456 2186 1510 neque
2219 1458 2326 1497 non
2363 1444 2616 1501 Bocatius
2637 1446 2743 1500 lib.
2770 1462 2830 1510 Il,
2867 1448 3111 1519 cap..25.
3153 1450 3228 1505 De
3252 1437 3420 1507 Diana
3443 1456 3583 1508 nihil

2007 1540 2092 1584 est
2131 1532 2183 1583 in
2209 1530 2570 1615 Crist-otequ
2598 1551 2777 1605 neque
2801 1540 2944 1603 apud
2987 1540 3298 1612 Syneellunt
3333 1544 3422 1598 ed.
3448 1542 3575 1602 Par.
3650 1546 3655 1550 ’

2007 1636 2061 1690 p.
2097 1620 2220 1675 I61.
2247 1620 2426 1678 Possit
2462 1635 2640 1680 tamen
2668 1628 2898 1685 fortasse
2931 1629 3088 1686 locus
3116 1633 3188 1685 ita
3218 1633 3386 1689 scribi
3422 1650 3437 1688 :
3473 1634 3589 1700 Ea,

2003 1726 2122 1780 qua:
2146 1714 2209 1767 de
2238 1710 2496 1776 Demetru.
2518 1735 2675 1787 quam
2706 1717 2905 1775 Isidem
2937 1738 3049 1777 esse
3077 1724 3251 1788 aiunt,
3280 1734 3330 1779 et
3373 1724 3575 1789 Diana.

2004 1811 2057 1858 et
2087 1805 2269 1860 Danae
2292 1848 2307 1873 ,
2340 1821 2406 1861 ea:
2429 1824 2533 1876 qua
2568 1810 2784 1866 Perseus
2813 1814 3053 1867 nascitur
3084 1855 3101 1880 ,
3154 1816 3409 1870 dicuntur
3434 1854 3450 1883 ,
3494 1819 3589 1874 his-

3558 1950 3588 1976 ν

2001 2000 2406 2054 commemorat
2431 1989 2593 2043 etiam
2631 1991 2898 2049 Diodorus
2931 1993 3171 2051 Siculus.
3204 1993 3413 2053 Deinde
3444 1997 3573 2054 Es-

1999 2077 2194 2145 chylus
2222 2047 2410 2135 ἀοριιῆ
2436 2122 2451 2149 ,
2503 2084 2726 2137 Dianam
2774 2074 2882 2138 nou
2911 2084 3132 2140 Latona:
3160 2126 3176 2149 ,
3229 2088 3322 2142 sed
3356 2087 3575 2144 Cereris

1997 2182 2120 2223 esse
2151 2170 2335 2225 filiam.
2368 2174 2666 2230 Pausanias
2695 2177 2919 2241 Arcad.,
2973 2192 3095 2246 cap.
3127 2176 3197 2232 57
3228 2194 3243 2236 :
3276 2180 3579 2249 Δήμητρος

1998 2259 2054 2310 δὲ
2089 2261 2376 2330 Ἄρτεμιν,
2410 2265 2607 2332 inquit,
2632 2264 2914 2335 θυγατέρα
2940 2260 3106 2333 εἶναι,
3133 2267 3229 2320 καὶ
3247 2268 3308 2320 οὐ
3328 2267 3573 2336 Λητοῦς,

1996 2346 2127 2400 ὄντα
2156 2348 2474 2418 Αἰγυπτίων
2503 2354 2596 2407 τὸν
2625 2354 2805 2422 λόγον,
2838 2356 3106 2426 Αἰσχύλος
3131 2358 3374 2422 ἐδίδαξεν
3397 2360 3572 2426 Εὐφο-

2001 2438 2190 2506 ρίωνος
2241 2444 2368 2507 τοὺς
2409 2443 2699 2515 Ἕλληνας.
2732 2447 2937 2501 Cereris
2964 2464 3084 2502 vero
3104 2447 3301 2515 filiam,
3333 2466 3437 2503 non
3466 2448 3574 2502 La-

1998 2540 2153 2595 tonte,
2189 2530 2415 2587 Dianam
2461 2536 2643 2606 fuisse.
2699 2538 2764 2590 ab
2789 2536 3037 2607 Egyptis
3074 2548 3345 2603 acceptum
3363 2556 3567 2594 seruies
3618 2592 3631 2605 ,

1998 2638 2112 2675 nem
2144 2623 2351 2680 Gnaeos
2386 2628 2561 2681 docuit
2592 2627 2876 2699 .tEschylus
2914 2628 3264 2697 Euphorionis
3297 2633 3464 2701 ﬁlius.
3508 2634 3569 2687 Si

1997 2715 2225 2783 proinde
2251 2717 2416 2773 Ceres
2434 2718 2533 2773 hoc
2564 2729 2804 2789 tempore
2827 2722 2982 2784 vixit,
3003 2721 3168 2777 [illam
3197 2724 3316 2794 ejus
3340 2722 3565 2779 Dianam

1994 2796 2287 2876 parum-ab
2318 2825 2383 2864 eo
2414 2810 2679 2873 abfuisse,
2714 2812 2838 2882 quis
2868 2812 3128 2883 negabit?

2065 2900 2196 2955 Ibid.
2220 2898 2433 2971 Ephyra
2455 2919 2489 2956 a
2517 2900 2742 2972 Sisypho
2770 2905 3000 2959 condita.
3034 2904 3265 2962 Videtur
3289 2908 3581 2976 Scaligt-ro‘
3631 2970 3635 2974 _

1994 2990 2082 3045 bic
2108 2992 2373 3062 Sisyphus
2403 2995 2655 3053 debuisse
2691 2994 2919 3051 inferius
2949 2988 3017 3052 ad
3049 3014 3263 3053 numer.
3295 2998 3399 3055 7l5
3445 3001 3569 3069 phis

1993 3084 2173 3137 minus
2206 3085 2393 3138 referri
2431 3104 2447 3143 :
2484 3087 2748 3156 siquidem
2776 3089 2843 3142 ab
2873 3105 2939 3143 eo
2969 3090 3037 3143 ad
3067 3091 3298 3145 Alenteu
3358 3094 3564 3161 (scribe

318 3181 446 3234 quae
484 3168 699 3236 pridem
729 3169 951 3224 fuerunt
973 3171 1112 3225 Isac.
1147 3167 1352 3225 Vossii.
1386 3168 1598 3226 Videsis
1637 3171 1885 3241 Spauhe-
1913 3209 1957 3266 ο
1993 3171 2213 3242 Aletem)
2247 3171 2610 3238 Heraclidam,
2643 3178 2735 3247 qui
2766 3174 3089 3250 Sisypbidas
3123 3195 3288 3249 regno
3311 3181 3562 3236 Corinthi
3601 3220 3614 3230 ο

317 3258 490 3311 miunt
528 3258 595 3313 ad
638 3259 958 3315 Callimachi
995 3260 1268 3332 Hymnum
1316 3263 1370 3316 in
1427 3265 1619 3318 Delum
1646 3280 1701 3319 v.
1752 3264 1886 3320 253.

321 3348 498 3404 I'orro
521 3360 702 3405 autem
728 3351 933 3421 primus
952 3352 1123 3409 Palat.
1150 3369 1253 3409 ius.
1284 3356 1413 3423 legit
1441 3356 1604 3409 Linus
1625 3367 1674 3408 et
1704 3356 1886 3410 Thebis

315 3453 369 3495 et
402 3443 680 3510 Amphion,
734 3460 832 3511 pro
868 3460 977 3514 quo
1008 3446 1233 3499 mavult-
1259 3445 1751 3502 Scltttrzlleiscbius
1810 3451 1887 3501 Ιν-

314 3547 463 3601 gere,
504 3532 671 3588 Linus
706 3533 909 3595 Thebis,
937 3546 989 3589 et
1008 3536 1199 3590 Zethus
1226 3549 1274 3590 et
1306 3539 1582 3607 Amphion,
1614 3551 1719 3594 etc.
1748 3537 1885 3594 Sca-

316 3620 456 3687 liger
481 3622 660 3683 habet.
690 3624 854 3678 Linus
882 3624 1152 3690 Thebans,
1183 3636 1293 3681 etc.

388 3712 524 3765 Ibid.
550 3710 684 3767 litati
705 3713 944 3784 Dactyli.
979 3716 1062 3768 Ab
1092 3715 1196 3769 Idae
1219 3715 1421 3769 montis
1456 3715 1708 3770 incendio
1736 3724 1886 3770 notat

315 3797 571 3856 Clemens
599 3802 696 3857 lib.
725 3804 1021 3858 tStromat.
1046 3821 1109 3858 ex
1134 3802 1418 3875 Thrasyllo
1435 3806 1882 3875 Cbronographo,

318 3894 587 3960 quosdam
620 3894 914 3963 sapientes,
952 3897 1044 3962 qui
1093 3897 1238 3950 circa
1275 3895 1425 3948 illum
1456 3894 1704 3965 Phrygia:
1728 3901 1899 3953 ttton-'

318 3991 431 4037 tem
491 3984 827 4051 incolebant,
882 3993 1057 4040 artem
1101 3986 1437 4054 excoquendi
1487 3984 1614 4039 ferri
1663 3990 1885 4054 excogi-

318 4088 485 4132 tasse.
531 4076 665 4131 Dicti
688 4088 871 4133 autem
898 4076 1126 4149 Dactyli,
1154 4095 1219 4133 eo
1243 4079 1382 4144 quod
1413 4078 1653 4148 quinque
1674 4091 1882 4142 essent,

318 4185 348 4221 a
418 4169 710 4239 digitorum
774 4184 1002 4223 numero
1058 4168 1331 4222 videt-tur.
1376 4168 1509 4223 Vide
1559 4168 1883 4223 Strabonem

315 4259 415 4313 lib.
456 4276 511 4325 ι,
550 4273 602 4315 et
631 4261 772 4330 apud
812 4277 937 4331 eum
971 4260 1258 4328 Soliboclis
1291 4260 1662 4314 testimonium
1690 4275 1708 4327 ;
1754 4260 1884 4316 Dio-

315 4353 509 4404 dorum
534 4367 755 4421 quoque
797 4351 893 4406 lib.
933 4369 963 4405 ν
999 4363 1054 4406 et
1087 4367 1217 4416 xvn,
1249 4362 1524 4405 auctorem
1560 4352 1884 4408 Phoronidis

315 4442 459 4508 apud
494 4442 841 4498 stholiastem
893 4444 1177 4527 Apollonii
1200 4443 1265 4498 ad
1316 4444 1412 4499 lib.
1454 4459 1493 4508 ι.
1530 4459 1675 4499 vers.
1718 4443 1876 4501 H29.

1989 3265 2203 3326 evertit,
2227 3276 2353 3319 sunt
2379 3268 2761 3336 generationes
2792 3284 2909 3331 sex,
2940 3271 2993 3323 id
3024 3279 3105 3324 est
3129 3273 3255 3323 anni
3280 3270 3407 3326 200.
3441 3271 3560 3327 Sci-

1989 3355 2111 3408 licet
2143 3356 2504 3422 Pa‘terculutn,
2537 3371 2592 3412 ιιι
2620 3360 2835 3429 opinor,
2866 3363 2961 3416 lib.
2997 3378 3032 3427 I,
3059 3379 3179 3433 cap.
3199 3364 3254 3427 5,
3282 3374 3557 3418 auctorem

1989 3445 2152 3499 habet
2183 3446 2427 3516 Scaliger
2458 3450 2545 3502 bis
2572 3451 2755 3504 verbis
2786 3468 2801 3504 :
2834 3453 3009 3506 Aletes
3045 3465 3226 3506 sextus
3258 3456 3406 3522 (editi
3438 3457 3557 3510 libri

1988 3537 2227 3605 quintus)
2254 3538 2318 3589 ab
2354 3537 2598 3602 Hercule,
2635 3540 2876 3610 Hippotis
2900 3545 3070 3611 ﬁlius,
3088 3544 3421 3607 Corinthum,
3443 3564 3561 3617 quas

1987 3617 2143 3680 antea
2172 3628 2347 3695 [uerat
2385 3624 2599 3695 Ephire,
2626 3632 2863 3687 claustra
2903 3635 3252 3701 Palationncsi
3283 3640 3557 3692 continett-

1988 3728 2086 3771 tetn
2120 3721 2170 3771 iu
2191 3718 2390 3774 Isthmo
2420 3722 2675 3783 condidit,
2701 3708 2804 3778 etc.
2832 3724 2988 3778 Paria
3013 3735 3192 3780 tamen
3222 3728 3385 3780 habet
3412 3727 3557 3781 Pau-

1988 3811 2165 3864 sanias
2191 3812 2241 3862 itt
2272 3810 2662 3876 Corinthiacis,
2689 3828 2808 3882 cap.
2843 3829 2895 3868 tv
2932 3831 2949 3871 :
3011 3813 3182 3870 Thoas
3213 3856 3229 3881 ,
3262 3817 3577 3872 Ornitiom's.

1983 3901 2129 3970 filius
2151 3903 2383 3973 (Sisyphi
2407 3905 2864 3974 nepos),Corinthi
2887 3910 3099 3962 mansit.
3131 3908 3187 3964 Is
3216 3908 3550 3977 Demophon-

1987 4005 2087 4046 tem
2120 3996 2320 4065 genuit.
2366 3996 2665 4067 Demophon
2707 3998 3014 4068 Propodam
3038 4043 3053 4065 ,
3093 4000 3367 4070 Propodas
3402 4002 3558 4057 Dori-
3648 4064 3661 4072 ,

1984 4084 2106 4137 dant
2131 4098 2176 4139 et
2204 4085 2554 4158 Hyantidam.
2584 4092 2680 4144 llis
2709 4093 3069 4162 regnantibus,
3104 4092 3380 4148 Dorienses
3404 4111 3556 4149 exer-

1985 4169 2168 4240 citum,
2201 4181 2334 4231 duce
2368 4181 2530 4246 Alete,
2569 4180 2810 4251 Hippone
2843 4183 2979 4252 ﬁlio,
3015 4195 3200 4238 contra
3234 4186 3552 4241 Corinthum

1985 4269 2269 4332 duxerunt,
2305 4279 2412 4321 etc.
2456 4273 2702 4323 Attamen
2744 4285 2886 4325 notae
2917 4275 3156 4328 melioris
3186 4274 3504 4346 chronologi
3534 4318 3550 4341 ,

1985 4375 2121 4428 quos
2157 4360 2319 4424 inter,
2346 4371 2407 4415 ut
2436 4364 2743 4431 quempiam
2776 4364 2989 4418 laudem
3024 4365 3091 4419 de
3123 4354 3367 4429 nomine,
3402 4366 3549 4421 Stul-

1985 4452 2176 4506 sonius
2200 4491 2216 4517 ,
2246 4452 2315 4506 ab
2348 4452 2585 4525 Sisypho
2623 4456 2689 4509 ad
2720 4457 2926 4510 Aletem
2960 4472 3132 4512 amtos
3163 4459 3302 4512 ultra
3342 4470 3551 4513 trecen-

312 4537 496 4592 Nibilo
527 4536 710 4590 secius
734 4536 1035 4606 Chalybum
1077 4538 1178 4591 hoc
1224 4539 1505 4591 inventum
1527 4537 1716 4603 fuisse,
1754 4540 1880 4596 Cal-
1910 4531 1956 4591 υ
1986 4553 2068 4599 tos
2099 4555 2384 4601 numerant
2414 4561 2429 4599 :
2463 4562 2562 4600 nec
2595 4557 2678 4603 est
2707 4547 2798 4602 illa
2828 4550 3238 4617 generationunt
3272 4562 3419 4606 certa
3454 4568 3550 4608 us-

317 4630 605 4695 limacbus,
639 4640 694 4685 ct
746 4645 812 4684 ex
862 4642 928 4683 eo
966 4629 1232 4694 Catullus,
1266 4632 1477 4684 volunt.
1532 4632 1776 4699 Scaliger
1809 4650 1877 4689 ex

314 4736 449 4773 mss.
485 4720 577 4789 qui
598 4720 796 4790 ferrum
822 4718 1161 4789 repererunt;
1179 4719 1323 4788 legit,
1359 4732 1411 4772 et
1438 4719 1627 4774 vocula
1654 4731 1877 4789 praster-

311 4830 499 4867 ntzssa.
932 4851 941 4860 -

382 4905 516 4960 Ibid.
554 4904 860 4972 Balepares.
890 4904 1107 4979 Pripnts
1128 4903 1360 4957 Palatin.
1385 4918 1485 4956 ms.
1511 4902 1875 4971 Beelloparen,

309 4997 609 5052 Gohelinus
637 4996 875 5052 Persona
901 4994 1223 5062 Bellepar‘em
1251 5033 1265 5054 ,
1303 4994 1543 5063 Scaliger
1587 4996 1639 5049 itt
1674 4995 1878 5050 Graecis

312 5090 649 5161 Βαλατόρην,
679 5091 814 5145 alias
844 5086 1153 5156 Βαλατόρον
1183 5095 1399 5140 vocant.
1433 5087 1695 5155 Excerpta
1747 5087 1875 5159 Bar-

297 5181 660 5251 bare-Latina
698 5182 1112 5250 Belleroparum.

380 5274 521 5329 Ibid.
550 5275 885 5341 Amemphis.
927 5271 1208 5340 Menaphes
1238 5273 1327 5328 hic
1350 5312 1367 5336 ,
1388 5281 1526 5327 teste
1554 5269 1878 5325 Schurzllei-

308 5367 487 5430 scbio,
518 5367 574 5420 in
614 5379 719 5420 ms.
759 5364 953 5426 Palat.,
981 5372 1034 5417 et
1065 5362 1384 5417 Sicltartlina
1418 5361 1654 5417 editione
1689 5359 1874 5414 Meno-

306 5459 423 5528 phis
455 5468 702 5514 vocatur.
736 5457 794 5511 In
830 5456 1179 5525 Scaligerana
1210 5454 1427 5509 Eusebii
1464 5454 1667 5524 syllnge
1701 5453 1799 5506 lib.
1836 5468 1870 5506 ιι

302 5551 500 5606 eodem
547 5549 707 5603 modo
754 5549 1015 5615 Μένωφις
1055 5546 1302 5600 habetur.
1364 5545 1683 5614 Syncellus,
1719 5560 1751 5611 p
1804 5545 1874 5597 72

306 5643 395 5698 ed.
433 5641 553 5695 Par.
579 5681 594 5707 ,
640 5642 785 5695 hunc
814 5655 993 5710 regem
1024 5639 1093 5693 ab
1118 5637 1383 5693 Africano
1438 5637 1834 5705 Ἀμμενεμνῆν
1854 5675 1870 5697 ,

306 5734 377 5789 ab
402 5733 636 5789 Eusebio
667 5747 796 5787 vero
820 5770 836 5797 ,
888 5746 942 5800 p.
975 5731 1043 5786 73
1067 5770 1085 5795 ,
1133 5728 1406 5799 Μὲμωφιν
1450 5737 1699 5783 vocatum
1750 5742 1874 5781 csse

303 5824 491 5882 tradit.
527 5824 643 5896 Ipse
670 5820 1073 5893 illc_Synccllus
1100 5835 1261 5886 cum,
1309 5835 1364 5888 ι».
1414 5818 1533 5887 lbO,
1580 5808 1871 5888 Ἀῖιενοιφὶν

1978 4652 2085 4707 que
2112 4636 2250 4692 adeo
2282 4637 2421 4711 ratio
2446 4680 2461 4702 ,
2504 4654 2625 4692 cum
2661 4651 2714 4693 et
2744 4640 2948 4695 solidos
2978 4652 3195 4697 centum
3236 4658 3413 4699 annos
3446 4660 3548 4715 pro

1979 4742 2306 4799 unaquaque
2337 4729 2687 4802 generatione
2718 4729 2817 4786 alii
2840 4742 3158 4802 supputent.
3184 4733 3567 4803 Nestorapude

2060 4819 2109 4847 Ἰ

2044 4835 2073 4851 'I
2159 4838 2173 4851 ο

1975 4816 2073 4872 Ovi
2098 4822 2137 4874 '.
2159 4838 2173 4873 :

2071 4908 2179 4955 Vixi
2212 4921 2369 4957 annos
2390 4908 2466 4959 bis
2486 4914 2710 4967 centum,
2731 4922 2861 4957 nunc
2888 4909 3036 4967 tertia
3058 4912 3393 4966 vlvlturatas.

1978 4991 2085 5046 Sed
2124 5004 2178 5046 et
2224 4994 2448 5058 reliqua:
2498 4996 2827 5051 Eusebiauis
2858 4998 3083 5053 calculis
3116 4999 3568 5056 circumstantite

1975 5093 2299 5142 cetmnant.
2325 5085 2590 5155 Sisyphus
2610 5104 2836 5142 uxorem
2855 5087 3009 5143 duxit
3030 5088 3327 5161 Meropem,
3352 5092 3542 5147 Atlan-

1975 5177 2046 5229 tis
2077 5176 2243 5230 tiliam
2270 5216 2287 5241 ,
2342 5185 2400 5230 ιιι
2441 5178 2629 5233 scribit
2662 5180 3027 5250 Apollodorus
3058 5181 3156 5238 lib.
3191 5198 3232 5238 I.
3270 5183 3567 5239 Homerus.

1975 5268 2126 5325 Iliad.
2165 5285 2236 5332 vr,
2267 5284 2405 5326 vers.
2443 5270 2547 5325 152
2568 5288 2595 5333 ς,
2762 5277 2779 5289 ⁵

1978 5381 2136 5458 ἶίὲσζει
2170 5384 2324 5458 ἓάῦς
2363 5380 2570 5458 Ἐῴΰρη
2606 5386 2760 5456 μυχῷ
2789 5360 3025 5458 Ἀργεοξ
3052 5387 3364 5444 ἱπποϐότοιο
3470 5382 3491 5397 “

1979 5452 2147 5531 ς-Ιᾷνθα
2168 5454 2224 5505 δὲ
2250 5452 2481 5531 Dicetas;
2501 5452 3040 5528 sanesanae“;
3068 5458 3251 5528 γένετ’
3285 5458 3496 5531 ἀνδρῶν

1974 5521 2209 5590 Σίσυφος
2250 5523 2523 5592 Αἰολίδης,

1973 5648 2134 5700 qnam
2180 5633 2499 5689 scltoliastes
2534 5635 2771 5692 fabulam
2822 5638 3165 5694 luculentitts
3197 5642 3420 5709 exponit
3467 5657 3553 5710 ea;

1974 5723 2291 5780 I’berecide.
2342 5727 2682 5784 Conveniunt
2730 5740 2785 5785 et
2820 5731 2911 5785 illa
2959 5746 3080 5801 quae
3119 5730 3187 5785 de
3230 5734 3391 5802 Asopi
3424 5735 3555 5789 lilia

1976 5814 2173 5886 digitm
2204 5827 2466 5886 narrant,
2528 5817 2687 5890 cuius
2737 5831 3009 5889 raptorem
3041 5818 3231 5877 Jovem
3266 5821 3549 5894 Sisyphus.
