3864 6182
357 366 461 438 787

1624 384 2028 448 VALLARSII
2064 392 2300 456 nom.
2595 365 2614 434 ἑ
2935 353 2938 356 ’
3479 403 3565 467 788

356 478 638 579 indicavit,
661 490 735 579 ut
798 481 976 579 legere
1005 493 1087 540 est
1115 487 1254 558 apud
1292 490 1677 560 Apollodorum
1700 540 1716 564 ,
1756 499 1848 554 lib.
1890 519 1928 566 ι,
1962 511 2000 562 Α
2035 517 2151 573 post
2197 507 2400 575 refert,
2455 504 2550 577 qui
2588 507 2684 562 abs
2733 507 3009 563 Clemente
3045 509 3247 579 pariter
3271 523 3323 567 et
3362 513 3564 572 Taliane

355 583 412 629 et
442 573 763 668 Pausaniam
798 575 849 631 in
895 578 1258 636 Corinthiacis
1293 600 1412 652 cap.
1447 587 1503 652 5,
1553 604 1662 658 quo
1713 591 1832 645 loco
1879 603 1933 648 et
2033 600 2098 652 ad
2139 599 2253 652 haec
2294 573 2537 668 tempora
2573 598 2678 652 sub
2715 597 2932 668 Lynceo
2983 573 3157 655 Minoa
3192 601 3379 658 referri
3418 616 3567 662 notat.

356 675 570 735 pactam
587 667 653 720 de
673 667 876 723 iudicio
895 671 1200 726 mercedem
1222 674 1289 728 ab
1311 675 1489 746 Asopo
1511 691 1928 748 commemorat,

357 761 414 808 et
461 769 594 822 quas
648 765 932 824 propterea
973 773 1165 828 pmnas
1215 761 1328 830 ipse
1382 765 1479 817 luit
1527 767 1667 834 apud
1703 767 1930 823 inleros.

2034 689 2169 744 Cum
2199 703 2266 742 eo
2296 687 2427 742 facit
2455 690 2622 743 etiam
2665 689 2964 746 Gobeliuus
2996 691 3231 746 Persona
3257 733 3272 755 ,
3320 696 3409 763 qui
3450 714 3571 750 atina

2028 789 2227 848 quarto
2272 778 2570 848 Belloparis
2607 795 2867 850 regnasse
2914 796 3037 837 eum
3083 784 3250 838 tradit
3275 799 3296 840 :
3329 793 3482 855 atque
3523 788 3570 842 in

358 844 626 898 Cmterum
669 846 814 900 hunc
841 861 962 901 cum
991 855 1318 919 cOgnomine
1355 853 1622 925 Sisypho,
1660 858 1752 924 qui
1782 858 1936 912 Anti-

357 937 529 990 cleam
561 933 773 1006 Ulyssis
815 947 1044 992 matrem
1077 945 1462 1010 compresserit
1490 985 1504 1011 ,
1541 955 1713 1014 poeta:
1744 947 1936 1003 viden-

361 1036 450 1080 tur
479 1028 836 1083 confundere.

365 1121 372 1127 '
427 1118 544 1173 Col.
574 1118 701 1173 297.
743 1119 1042 1174 Harmonia
1073 1130 1229 1192 rapta
1263 1139 1292 1174 a
1322 1122 1544 1179 Cadmo.
1571 1125 1798 1180 Biennio
1819 1138 1941 1196 post

344 1208 602 1278 Scaliger
642 1211 950 1278 periocham
986 1212 1122 1266 hanc
1155 1213 1378 1282 dillert;
1425 1224 1479 1270 et
1533 1219 1710 1284 quoad
1764 1217 1941 1274 hisw-

353 1301 493 1353 riam
527 1300 578 1353 in
598 1300 749 1355 Notis
779 1301 963 1357 laudat
1009 1307 1170 1358 unice
1214 1305 1535 1360 Athenaeum
1569 1307 1664 1361 lib.
1693 1323 1803 1362 xlv.
1847 1309 1942 1363 Se-

355 1389 472 1441 rius
511 1390 685 1443 multo
716 1391 917 1446 habent
951 1381 1180 1450 Palatio.
1226 1412 1327 1451 ms.
1363 1397 1571 1466 primus
1602 1410 1656 1454 et
1691 1398 1941 1456 Sichardi

355 1480 524 1534 editio
553 1481 618 1534 ad
658 1496 812 1537 num.
844 1485 949 1538 628
972 1525 990 1553 ,
1031 1487 1121 1553 qui
1151 1496 1204 1540 et
1241 1488 1435 1545 vitiose
1476 1490 1664 1560 legunt
1692 1492 1944 1549 Armenia

359 1583 514 1638 capta
543 1591 561 1628 :
594 1591 693 1631 nec
726 1579 862 1632 satis
895 1577 1032 1634 bene
1056 1579 1370 1638 Parmensis
1401 1584 1525 1638 cod.
1554 1583 1811 1640 Armonio
1849 1604 1948 1642 ca-

357 1675 449 1734 pta
476 1705 491 1731 ,
544 1674 606 1721 et'
658 1667 970 1723 Victorinus
1001 1668 1287 1726 Hermiona
1324 1684 1508 1744 rapta.
1553 1675 1726 1732 Porro
1759 1677 1947 1736 Martis

359 1759 504 1812 illam
530 1757 846 1838 et‘Veneris
888 1760 1053 1817 tiliam
1096 1763 1268 1822 fuisse
1299 1807 1314 1832 ,
1375 1775 1549 1837 poetae
1612 1768 1944 1825 fabulantur-

359 1846 656 1912 llesiodus,
1964 1857 2009 1912 Β

363 1939 940 2023 ξάξμῳβξᾼρξλονὶη
991 1944 1241 2023 Burri.qu
1281 1948 1491 2020 χρυσῆς
1535 1949 1863 2023 ’Δφροδίτης

372 2007 490 2061 Ἰνὼ
519 2007 611 2062 καὶ
640 2007 975 2082 Sep-siqnis.
1003 2007 1132 2074 τίλ,

2038 871 2139 925 hoc
2164 857 2601 940 ipso’Eusebium
2630 873 2789 941 sequi
2817 888 2876 928 se
2903 874 3205 942 profitetur.
3237 875 3388 942 Quod
3417 888 3572 932 autem

2039 960 2249 1026 Malala,
2284 976 2412 1032 pag.
2445 961 2570 1028 105,
2601 961 2836 1032 primum
2870 962 3043 1018 Creta:
3078 979 3255 1034 regem
3288 981 3408 1019 eum
3435 969 3578 1022 sentit

2039 1051 2347 1114 exstitisse,
2400 1066 2522 1106 cum
2585 1053 2767 1122 plures
2815 1063 2996 1108 tamen
3047 1054 3138 1109 alii
3172 1066 3299 1111 ante
3341 1069 3580 1112 cumtum

2043 1141 2300 1207 Eusebio,
2327 1158 2451 1196 cum
2483 1143 2604 1198 aliis
2641 1145 3004 1213 scriptoribus
3035 1159 3427 1210 memorentur,
3451 1163 3509 1201 ex
3529 1164 3583 1202 eo

2041 1235 2276 1304 explicat
2328 1233 2842 1298 Schurzlleischius,
2897 1235 3042 1304 quod
3101 1236 3191 1291 ille
3245 1236 3459 1305 πρῶτος
3501 1238 3583 1306 τὴν

2043 1324 2208 1394 νῆσον
2237 1323 2557 1394 ἐξημέρωσε
2585 1324 2774 1393 νόμοις
2804 1325 2899 1378 καὶ
2927 1324 3247 1389 πολιτείαις.
3308 1326 3367 1379 Id
3401 1326 3583 1394 signiﬁ-

2044 1430 2170 1471 care
2198 1415 2366 1470 voluit
2407 1419 2572 1470 etiam
2608 1413 2878 1470 Homerus
2915 1416 3111 1486 Odyss.
3169 1416 3264 1470 lib.
3297 1431 3390 1469 xix
3413 1455 3427 1474 .
3458 1431 3584 1470 vers.

2047 1508 2172 1574 178,
2210 1507 2301 1560 ubi
2336 1504 2511 1560 Minoa
2542 1504 2596 1558 in
2624 1505 2844 1560 civitate
2873 1506 3086 1562 Cuosso
3116 1504 3265 1560 Jovis
3294 1505 3586 1560 confabula-

2047 1608 2217 1656 torcm
2245 1613 2337 1668 per
2368 1596 2699 1653 novennium
2735 1594 2906 1651 fuisse
2934 1598 3080 1652 canit
3105 1635 3124 1662 ,

2295 1726 2312 1744 .
2390 1729 2406 1746 .
2489 1728 2505 1744 .
2579 1689 2786 1741 ἐνοατε
2815 1688 3000 1750 Μίνως

2121 1762 2416 1830 Ἐννέωρος
2454 1758 2708 1830 βασίλευε
2728 1760 2851 1821 Διὸς
2883 1759 3124 1827 μεγάλου
3149 1757 3438 1827 ὀαριστής.

2039 1878 2156 1935 sive
2193 1892 2331 1930 nono
2359 1891 2564 1944 quoque
2591 1891 2757 1938 anno,
2785 1884 2844 1928 ut
2875 1888 3065 1928 vocem
3096 1872 3242 1930 illam
3273 1871 3487 1926 Homeri
3515 1871 3589 1922 ἐν.

2039 1969 2242 2037 νέωρος
2268 1969 2501 2035 expliCat
2534 1967 2690 2021 Plato
2718 1966 2772 2019 in
2800 1965 2977 2020 Minoe
2999 2005 3014 2029 ,
3053 1979 3215 2032 quem
3253 1963 3478 2016 videsis.
3527 1961 3590 2014 Ex

2038 2078 2105 2117 eo
2141 2061 2385 2115 Valerius
2409 2059 2675 2113 Maximus
2703 2058 2795 2111 lib.
2823 2073 2860 2122 ι,
2888 2072 2938 2111 c.
2967 2057 3003 2108 2
3032 2054 3261 2118 :Minos,
3283 2053 3590 2110 Cretensium

365 2119 524 2176 Paria
565 2123 730 2179 habet
757 2123 1060 2185 Pausanias
1090 2130 1143 2186 in
1196 2131 1394 2186 Arcad.
1433 2146 1549 2202 cap.
1580 2133 1634 2188 5.
1667 2134 1937 2190 Arrianus
2042 2168 2132 2205 ,ιη
2162 2195 2178 2217 ,
2233 2165 2365 2204 mmo
2388 2164 2590 2219 quoque
2629 2163 2767 2201 anno
2797 2119 2855 2199 in
2893 2146 3158 2216 quoddam
3188 2146 3510 2212 pra'allttm.
3551 2151 3591 2194 ιι

363 2223 543 2268 autem
572 2215 716 2285 apud
753 2215 1106 2275 Eustathium
1143 2222 1209 2277 ad
1247 2223 1469 2294 Dionys.
1489 2241 1541 2279 v.
1576 2225 1701 2289 '59I,
1728 2235 1782 2281 et
1811 2227 1936 2279 Dio-

361 2301 530 2359 dorus
566 2307 785 2362 Siculus
817 2308 912 2364 lib.
944 2326 975 2361 v
999 2351 1016 2376 ,
1067 2309 1300 2366 Dardani
1333 2328 1451 2368 eam
1496 2325 1546 2368 et
1578 2314 1818 2369 Jasionis
1853 2331 1939 2370 so-

364 2409 543 2450 rorem
574 2395 740 2453 luisse
769 2399 987 2454 docent.
1023 2399 1280 2464 Cadmus,
1313 2401 1398 2456 hic
1439 2403 1638 2474 inquit,
1667 2406 1736 2459 ad
1763 2405 1936 2457 Euro-

362 2504 487 2555 pam
515 2489 936 2561 investigandum
957 2494 1243 2561 prolectus,
1269 2494 1322 2547 in
1351 2494 1749 2551 Samothracam
1773 2497 1940 2550 diver-

363 2577 464 2638 tit,
500 2587 547 2630 et
591 2580 856 2648 particeps
881 2597 1154 2634 sacrorum
1202 2582 1276 2634 ibi
1324 2583 1496 2651 fartus
1531 2625 1545 2647 ,
1592 2584 1938 2638 Harmoniam

364 2682 586 2722 uxorem
616 2671 784 2732 ducit,
817 2671 1054 2726 Jasionis
1085 2689 1318 2728 sororem
1346 2715 1362 2739 ,
1390 2691 1490 2730 non
1526 2675 1718 2732 Martis
1748 2676 1938 2747 ﬁliam,

365 2771 423 2811 ut
455 2758 626 2815 (ἐνωεὶ
651 2762 984 2833 fabulantur.

438 2848 555 2904 Col.
594 2851 718 2908 ‘297.
752 2853 958 2910 Aodus.
999 2855 1078 2910 Ad
1113 2855 1254 2910 tituli
1281 2857 1452 2912 instar
1477 2859 1530 2913 iu
1555 2857 1838 2916 Parmensi
1861 2869 1944 2916 est

367 2957 512 3011 ms.,
568 2943 910 3000 llebra'orum
959 2949 1191 3002 dot/ian.
1230 2949 1321 3004 80.
1363 2949 1498 3003 Tu-u
1580 2966 1740 3006 versu
1803 2966 1944 3006 novo

372 3044 534 3104 atque
565 3052 810 3102 tnuucro,
856 3037 886 3092 1
910 3041 1043 3094 Aoth
1110 3039 1288 3095 Iudex
1308 3058 1373 3096 ea:
1404 3043 1542 3097 tribu
1572 3043 1851 3111 Ephraim.
1886 3043 1942 3098 In

370 3129 574 3186 Graecis
606 3132 970 3203 Scaligeranis
1003 3133 1132 3188 illud
1162 3149 1273 3203 prae
1301 3135 1514 3190 caeteris
1555 3137 1692 3190 male
1742 3133 1943 3203 habet,

371 3221 514 3292 quod
541 3223 605 3275 ἐκ
639 3197 810 3292 φυλῆς
855 3222 1024 3277 Ἰούδα
1051 3225 1139 3278 hic
1159 3197 1362 3278 dicitur
1388 3241 1485 3290 pro
1515 3225 1796 3298 Ephraim.
1822 3197 1943 3282 Cm:-

373 3323 546 3366 terum
583 3314 730 3368 solos
752 3313 903 3368 Audo
932 3329 1103 3369 annos
1133 3314 1348 3384 imperii
1371 3323 1484 3381 vg‘,
1521 3319 1572 3371 id
1605 3329 1687 3374 est
1722 3319 1811 3381 56,
1845 3319 1945 3372 tri-

373 3403 491 3457 buit
524 3404 659 3473 ipse,
689 3420 850 3474 quem
903 3407 1210 3474 laudamus,
1243 3410 1498 3464 Chronici
1533 3411 1809 3468 Paschalis
1846 3430 1944 3463 au-

373 3509 492 3550 etnr
513 3535 529 3560 ,
562 3513 588 3550 a
628 3514 735 3566 quo
762 3509 816 3552 et
852 3501 1058 3568 reliqua
1087 3501 1155 3554 de
1194 3500 1572 3559 Golhonielem
1603 3515 1786 3558 secuta
1837 3506 1944 3560 lie-

376 3591 642 3643 hrzcornm
699 3591 958 3645 Servitute
1015 3595 1306 3661 repetenda
1362 3605 1538 3658 sumt;
1589 3611 1767 3666 neque
1801 3599 1944 3651 enim

379 3681 681 3736 Euscbiana
712 3687 825 3752 ipsa
868 3685 1029 3738 verba
1065 3695 1362 3753 suppetunt
1393 3687 1478 3742 hic
1512 3687 1634 3742 loci.

447 3775 568 3830 Col.
596 3776 720 3830 299.
758 3774 970 3844 Pelops.
997 3777 1097 3840 Qui
1127 3775 1378 3846 Pelopem
1404 3779 1470 3832 ad
1505 3780 1618 3834 haec
1645 3781 1947 3834 retulerunt

379 3877 621 3937 tempora
650 3911 662 3934 ,
695 3883 831 3938 quos
868 3869 956 3922 hic.
985 3878 1241 3925 auctores
1275 3873 1439 3926 habet
1472 3871 1744 3927 Eusebius
1765 3912 1780 3937 ,
1812 3874 1948 3928 nihil

377 3961 601 4014 dubium
639 3971 745 4021 est,
783 3960 1070 4014 Tantalum
1105 3978 1224 4030 ejus
1260 3973 1494 4031 patrem,
1520 3964 1585 4017 ad
1615 3979 1680 4018 ea
1710 3981 1829 4028 qua:
1861 3981 1948 4019 sc-

377 4052 490 4104 rles
525 4050 760 4119 petebat,
796 4052 1074 4118 superiora
1103 4053 1352 4120 proxime
1388 4054 1640 4108 retulisse
1665 4092 1681 4118 ,
1713 4062 1806 4108 aut
1846 4057 1948 4111 hoc

378 4151 523 4196 certe
569 4141 786 4209 Pelopis
827 4152 1038 4207 gestum
1097 4144 1219 4199 aliis
1250 4146 1594 4214 praecessisse
1627 4145 1798 4216 patris
1829 4149 1948 4218 ejus

383 4232 684 4285 adviveutis
711 4242 987 4301 putarunt.
1020 4235 1214 4291 Nullus
1247 4237 1433 4305 itaque
1458 4245 1539 4290 est
1563 4275 1578 4299 ,
1611 4251 1772 4306 quem
1810 4237 1946 4292 Sca-

379 4324 514 4393 liger
554 4324 912 4394 improperat,
949 4328 1404 4382 anaehrouismus
1436 4327 1677 4394 Eusebii,
1714 4329 1806 4398 qui
1843 4328 1946 4384 Pc-
2055 4343 2150 4398 ιίι),
2184 4359 2224 4405 ι,
2257 4351 2310 4394 ει
2333 4339 2653 4395 Strabonem
2696 4353 2770 4402 rx,
2809 4346 2913 4390 etc.

380 4419 518 4488 lopis
552 4421 834 4488 imperium
870 4420 926 4475 iu
975 4422 1204 4490 Argivos
1247 4424 1333 4477 bis
1367 4425 1705 4493 temporibus
1731 4465 1746 4489 ,
1779 4426 1948 4494 patris
2125 4434 2243 4490 Col.
2270 4433 2416 4489 .297.
2471 4430 2737 4485 Eleusino:
2777 4428 2980 4483 Celeus.
3037 4424 3113 4478 Ita
3163 4424 3331 4478 ferme
3378 4420 3598 4476 Justinus

380 4527 512 4566 vero
544 4515 660 4581 ejus
692 4513 901 4569 Tantali
935 4515 985 4566 iu
1021 4514 1260 4586 Phrygas
1296 4517 1524 4571 inferius
1555 4517 1621 4571 ad
1660 4533 1810 4572 num.
1844 4517 1950 4570 654
1983 4543 2024 4596 D
2056 4525 2150 4578 tib.
2183 4540 2244 4587 ιι,
2273 4538 2393 4592 cap.
2428 4523 2482 4584 ϐ.
2519 4521 2584 4575 ad
2615 4520 2756 4587 eius,
2783 4519 2875 4586 qui
2913 4532 3052 4585 pone
3076 4515 3325 4584 sequitur
3351 4551 3366 4572 ,
3419 4509 3596 4563 Erech-

381 4605 466 4657 vel
497 4605 598 4656 ('57
636 4606 819 4657 refert.
853 4607 1124 4659 Ceterum
1163 4616 1221 4658 ut
1264 4607 1409 4661 scias
1440 4645 1455 4667 ,
1486 4622 1649 4675 quam
1692 4607 1841 4660 varie
1884 4607 1952 4662 de
1988 4595 2000 4596 ί
2053 4610 2162 4665 thci
2193 4619 2439 4679 tempora
2489 4607 2806 4677 Triptolemi
2851 4615 3058 4675 gestum
3115 4604 3218 4657 hoc
3265 4601 3448 4655 refert.
3516 4595 3598 4648 Per

386 4697 470 4749 his
497 4697 625 4748 olim
659 4698 800 4766 apud
833 4695 1090 4749 sat-culum
1131 4696 1281 4764 prius
1317 4696 1521 4750 fuerint
1551 4700 1857 4762 sententiae,
1895 4709 1951 4754 et
2053 4701 2313 4764 ordinem,
2350 4700 2548 4767 inquit,
2570 4698 2908 4752 successionis
2934 4712 3148 4761 regnum
3173 4695 3242 4746 ad
3277 4690 3596 4768 Erechtheuu}

386 4796 444 4841 ut
472 4797 750 4853 poetarum
786 4789 956 4858 magis
1013 4789 1225 4845 fabulas
1273 4805 1436 4860 quam
1473 4789 1786 4845 historicam
1822 4807 1951 4866 pr_o-
2053 4792 2361 4854 descendit,
2409 4789 2503 4842 sub
2549 4806 2649 4859 quo
2699 4789 2948 4856 frumenti
2982 4789 3120 4839 satio
3167 4788 3308 4852 apud
3344 4781 3549 4834 Eleusin
3575 4793 3599 4828 η

388 4879 721 4934 I:ahilitatem
752 4883 960 4950 sapiant
989 4923 1004 4944 ,
1042 4883 1161 4937 vide
1205 4882 1350 4952 quod
1385 4882 1462 4938 ait
1492 4883 1689 4939 Strabo
1733 4884 1828 4942 lib.
1857 4899 1911 4938 tv
1935 4925 1950 4950 ,

387 4985 509 5040 pag.
549 4968 644 5022 981
678 5010 692 5032 ,
748 4972 810 5025 Οἱ
851 4975 1070 5041 ποιηταὶ
1110 4973 1211 5039 δὲ,
1258 4974 1491 5044 μάλιστα
1531 4974 1581 5026 oi
1643 4977 1900 5044 τραγικοὶ
1934 5014 1950 5038 ,

393 5063 712 5130 συγχέοντες
754 5065 822 5114 τὰ
862 5064 1010 5136 ἔθνη,
1035 5084 1090 5120 κ.
1127 5085 1177 5120 τ.
1217 5067 1265 5120 λ.
1293 5109 1308 5132 ,
1356 5067 1705 5135 Apollonium
1734 5083 1954 5136 quoque

389 5160 691 5226 Argonaut.
729 5155 824 5208 lib.
848 5170 906 5218 ιι,
931 5160 1022 5224 qui
1054 5157 1495 5229 Paphlagouibus
1527 5160 1820 5229 imperasse
1848 5161 1953 5212 Pe-

391 5249 566 5316 lopem
618 5245 789 5306 dicit,
841 5261 1072 5314 eumque
1115 5248 1390 5318 Ἐνετήῖον
1443 5258 1641 5316 vocat;
1681 5266 1790 5318 quo
1835 5252 1955 5303 loco

395 5346 639 5391 notatum
673 5334 1002 5400 scholiastae,
1037 5337 1158 5391 aliis
1187 5339 1504 5393 auctoribus
1537 5341 1686 5408 (puta
1723 5338 1954 5393 Pindaro

393 5438 446 5483 et
492 5427 794 5498 Pausaniae)
843 5427 1048 5497 Lydum
1083 5429 1184 5481 dici
1206 5467 1221 5492 ,
1256 5439 1539 5500 utramque
1576 5447 1706 5485 vero
1735 5441 1954 5484 sentcn-

392 5522 525 5574 tiam
578 5519 909 5589 Euphorioni
949 5519 1186 5588 probari.
1218 5518 1367 5573 Adde
1404 5523 1490 5575 his
1524 5520 1791 5591 Hyginum
1831 5535 1951 5589 cap.

393 5613 463 5667 8‘2
495 5624 549 5666 ct
576 5612 667 5676 85,
694 5613 858 5680 inque
893 5626 955 5664 ea
988 5611 1102 5665 loca
1134 5606 1379 5662 Muukeri
1413 5609 1603 5666 Notas.
1900 5612 1904 5616 ’

465 5705 584 5758 Col.
611 5705 738 5760 297.
776 5704 964 5758 Minos.
998 5703 1310 5760 Conciuunt
1358 5700 1662 5758 Parmensis
1693 5712 1746 5758 et
1783 5701 1953 5755 Palat.

395 5797 604 5863 primus
649 5812 749 5852 ms.
788 5805 840 5850 ct
896 5795 1139 5852 Sichardi
1196 5792 1381 5849 editio.
1438 5792 1680 5862 Scaliger
1737 5792 1954 5848 bicuuio

2040 2251 2240 2296 vetusta
2269 2240 2519 2310 religione
2547 2247 2910 2293 consecratum
2929 2252 3111 2304 specus
3130 2237 3372 2290 secedere
3392 2234 3594 2296 solebat,

2041 2345 2091 2389 et
2131 2334 2186 2386 in
2215 2348 2274 2387 eo
2303 2342 2539 2403 moratus
2561 2367 2577 2394 ,
2629 2339 2890 2398 tanquam
2943 2344 2976 2381 a
3005 2327 3135 2380 Jove
3163 2365 3180 2391 ,
3225 2342 3328 2394 quo
3358 2342 3413 2379 se
3445 2335 3595 2379 ortuut

2041 2424 2259 2494 ferebat,
2285 2422 2509 2477 traditos
2539 2421 2638 2474 sibi
2671 2419 2804 2489 leges
2839 2416 3198 2486 prterogabat.
3229 2415 3432 2471 Cenl'er
3465 2415 3596 2470 Stra-

2042 2519 2239 2572 bouem
2269 2528 2509 2586 quoque,
2544 2513 2642 2568 lib.
2680 2525 2715 2565 ι
2751 2517 2806 2564 et
2831 2523 2944 2573 XVI,
2971 2518 3029 2562 et
3056 2506 3438 2570 Aristotelem,
3471 2505 3597 2560 Poli-

2045 2612 2138 2664 tic.
2175 2609 2269 2664 lib.
2304 2624 2364 2673 tt,
2391 2623 2442 2663 c.
2467 2607 2524 2662 8.

2111 2707 2225 2762 Col.
2262 2706 2387 2760 299.
2425 2707 2646 2761 Cadmia
2677 2709 2886 2765 ciuitas.
2918 2708 3152 2764 Aduotat
3175 2699 3415 2770 Scaliger
3463 2696 3591 2751 Cad-

2043 2812 2218 2851 meam
2266 2795 2578 2852 Thebarum
2609 2798 2777 2854 luisse
2829 2814 3039 2861 arcem,
3064 2804 3122 2850 ut
3149 2803 3270 2850 erat
3289 2791 3597 2860 Capitolium

2047 2889 2252 2944 Romae.
2284 2887 2360 2944 De
2400 2887 2529 2945 Side
2556 2900 2764 2957 autem,
2791 2889 3166 2954 hallucinatio,
3195 2884 3393 2955 inquit,
3414 2881 3598 2952 duplex

2044 2992 2124 3036 est
2157 2999 2171 3035 :
2208 2981 2442 3050 primum
2482 2982 2622 3048 quod
2671 2982 2816 3036 nulla
2865 2981 2996 3036 Side
3024 2989 3112 3034 est
3149 2979 3204 3032 in
3251 2974 3480 3046 Cilicia,
3518 2970 3598 3024 sed

2048 3073 2100 3127 in
2127 3071 2466 3143 Pamphylia,
2486 3073 2537 3125 iu
2563 3087 2667 3142 qua
2690 3088 2858 3128 naves
2880 3088 3009 3128 suas
3032 3069 3372 3125 fabricabant
3394 3065 3600 3119 Cilices.

2051 3165 2253 3220 Deinde
2281 3165 2425 3235 quod
2451 3166 2570 3219 dote
2600 3165 2854 3221 mulieres
2887 3165 3030 3220 Sidae
3052 3163 3276 3218 fuerunt
3309 3179 3323 3215 :
3362 3160 3524 3211 altera
3551 3156 3603 3206 li-

2051 3254 2123 3308 lia
2153 3253 2438 3316 Meutauri,
2477 3265 2615 3306 uxor
2641 3251 2789 3318 Moli,
2827 3267 2856 3304 a
2886 3267 2993 3322 qua
3023 3251 3166 3304 dicta
3200 3248 3331 3303 urbs
3354 3245 3604 3310 Pamphy-

2053 3342 2170 3396 liw:
2206 3343 2371 3396 altera
2404 3341 2568 3395 Danai
2609 3343 2747 3406 lilia,
2785 3359 2922 3399 uxor
2955 3342 3196 3404 Orionis,
3229 3356 3258 3394 a
3298 3355 3402 3408 qua
3439 3333 3561 3390 Side
3587 3371 3601 3392 ς

2053 3432 2179 3487 urbs
2219 3431 2440 3485 Boeotia:
2470 3469 2486 3490 .
2533 3431 2600 3484 de
2647 3447 2753 3501 qua
2791 3433 2878 3485 hic
2918 3430 3327 3498 intelligendum
3361 3439 3480 3480 esse
3506 3423 3603 3474 duo

2051 3524 2408 3590 convincunt,
2465 3534 2678 3615 tempus;
2705 3536 2758 3578 et
2789 3525 2959 3580 locus.
2995 3522 3231 3587 Tempus
3251 3559 3267 3582 ,
3310 3517 3454 3587 quod
3485 3513 3602 3568 Side

2051 3627 2135 3671 est
2161 3617 2454 3686 σύγχρονος
2477 3615 2552 3686 τῷ
2579 3607 2805 3682 Δυίγκεῖ,
2837 3624 3020 3683 utpote
3051 3614 3155 3667 lilia
3194 3611 3358 3664 Danai
3391 3626 3405 3672 ;
3438 3607 3600 3666 locus,

2052 3710 2177 3779 quia
2211 3708 2434 3764 Cadmia
2459 3748 2473 3772 ,
2501 3709 2570 3764 de
2594 3723 2700 3777 qua
2723 3709 2874 3777 prius
2903 3706 3246 3774 loquebatur,
3275 3712 3358 3757 est
3383 3701 3436 3760 in
3459 3699 3604 3750 limo-

2055 3801 2128 3854 tia
2165 3816 2182 3854 :
2225 3811 2283 3854 ut
2319 3802 2416 3853 has
2445 3799 2583 3852 duas
2611 3799 2796 3853 eodem
2826 3806 3092 3865 tempore,
3122 3795 3312 3848 eodem
3339 3792 3454 3868 loco
3476 3804 3602 3841 evu-

2052 3894 2193 3948 ditas
2231 3892 2396 3947 fuisse
2423 3901 2613 3946 auctor
2643 3893 2688 3944 is
2711 3888 3011 3959 scripserit,
3043 3889 3190 3941 unde
3221 3888 3334 3940 haec
3365 3881 3602 3947 deprom-

2055 3985 2164 4054 psit
2191 3984 2480 4038 Eusebius.
2529 3982 2653 4035 Haec
2687 3982 2776 4034 ille
2805 3998 2820 4045 ;
2874 3995 3062 4032 verum
3104 3975 3400 4030 Pausanias
3433 3972 3484 4024 iu
3516 3969 3604 4021 [.a-

2053 4074 2262 4128 conicis
2289 4088 2340 4128 c.
2372 4071 2438 4125 12
2461 4113 2476 4136 ,
2514 4086 2543 4123 a
2571 4069 2719 4132 Side,
2767 4067 2930 4121 Danai
2969 4067 3098 4126 lilia,
3135 4065 3321 4117 urbem
3348 4059 3602 4128 antiquis-

2054 4167 2250 4218 simam
2282 4161 2529 4214 Lacouiaa
2556 4199 2572 4224 ,
2613 4174 2720 4212 non
2751 4197 2767 4221 ,
2809 4165 2866 4211 ut
2916 4158 2992 4210 ait
3024 4155 3265 4224 Scaliger
3293 4191 3309 4215 ,
3359 4150 3600 4210 Boaulia,

2056 4250 2236 4306 Sidem
2291 4248 2613 4319 appellatam
2660 4247 2844 4301 refert.
2895 4244 3108 4300 Videsis
3143 4253 3198 4298 et
3230 4239 3598 4320 Apollodorum

2056 4881 2376 4950 Triptolemo
2407 4889 2613 4949 reperta
2650 4889 2728 4932 est
2752 4921 2767 4943 ,
2799 4887 2905 4932 etc.
2940 4876 3103 4930 Paria
3140 4877 3301 4928 habet
3337 4875 3556 4926 Marmor
3586 4883 3598 4919 l

2055 4975 2528 5038 Arundellianum,
2554 4971 2710 5040 cujus
2732 4968 3078 5025 doctissimos
3101 4969 3428 5037 interpretes
3450 4963 3602 5016 adito.

2059 5067 2270 5122 Videsis
2301 5077 2354 5120 ct
2380 5080 2501 5136 qua:
2527 5081 2627 5119 nos
2663 5064 2824 5132 paulo
2852 5063 3108 5132 superius
3153 5065 3253 5114 hac
3282 5059 3396 5127 ipsa
3427 5057 3493 5110 de
3533 5056 3606 5107 Ιιέ-

2055 5157 2221 5210 SIoria
2260 5155 2520 5208 diximus.
2567 5153 2737 5207 Porro
2775 5165 2952 5206 autem
2997 5152 3347 5221 legitprimus
3374 5147 3604 5206 Palatiu.,

2055 5247 2192 5315 quod
2219 5248 2366 5300 navis
2395 5246 2509 5314 ejus
2539 5248 2786 5314 pinnatus
2818 5244 3001 5312 fuerit,
3030 5255 3080 5295 et
3108 5243 3302 5310 ﬁgura,
3334 5257 3435 5307 qua
3463 5236 3608 5302 possit

2058 5337 2211 5400 recipi
2239 5350 2256 5389 :
2292 5336 2471 5387 minus
2500 5334 2718 5403 quidem
2749 5341 2899 5386 recte
2930 5348 2945 5396 ;
2975 5346 3184 5397 serpens
3207 5329 3346 5380 enim
3376 5326 3607 5391 Ρίηη⁴²¹¹⁴³

2057 5436 2144 5478 aut
2179 5437 2434 5494 pennatus
2471 5427 2670 5478 habent
2700 5423 2884 5491 plures
2920 5437 2982 5474 ac
3012 5419 3258 5473 melioris
3292 5427 3431 5471 uota
3473 5410 3600 5465 libri.

2059 5516 2340 5584 Explicant
2369 5515 2482 5581 alii,
2545 5523 2601 5566 ut
2641 5527 2798 5581 Supra
2852 5513 3149 5570 innuimus,
3191 5510 3346 5563 navis
3367 5508 3481 5575 ejus
3508 5519 3602 5552 m-

2059 5611 2305 5680 ράσημον
2348 5607 2516 5662 fuisse
2567 5607 2882 5661 draconem.
2949 5604 3193 5672 Scaliger
3229 5601 3444 5670 μακρὰν
3484 5592 3600 5646 ναῦν

2060 5710 2210 5769 putat
2257 5713 2418 5768 quam
2475 5697 2794 5766 Serpentem
2845 5694 3093 5749 vocarint
3140 5700 3362 5762 prepter
3403 5690 3595 5754 longa'll

2060 5793 2326 5858 ligurum":
2367 5791 2568 5844 alatum
2607 5804 2731 5844 vero
2761 5787 2886 5857 [iugi
2925 5795 3146 5855 prOpter
3176 5786 3314 5849 vela,
3348 5784 3423 5835 γει
3449 5781 3592 5834 etiam
