3964 6186
355 385 467 445 789

1615 405 2026 468 VALLARSII
2062 411 2298 470 NOTAE.

3491 421 3593 484 730

357 514 556 566 remos,
592 516 712 570 quae
741 502 961 556 minime
1001 504 1242 561 insolens
1263 516 1596 578 comparatio
1643 527 1727 571 est
1765 517 1916 581 ‘apud
1950 521 1990 576 Α
2017 520 2176 585 quem
2212 521 2264 572 in
2308 531 2549 590 tempora
2585 522 2781 594 Lyncei
2816 527 2913 592 τὴν
2940 527 3107 596 κόρης
3155 528 3413 595 ἁρπαγὴν
3463 545 3595 582 con-

323 588 596 645 .Graecos.
637 589 836 647 Verum
863 594 930 648 de
954 610 1114 649 curru
1144 634 1160 658 ,
1212 613 1319 651 non
1360 600 1428 655 de
1474 605 1597 657 navi
1630 605 1927 675 loquuntur

355 690 573 732 veteres
611 680 855 750 plerique
888 697 1098 738 omnes.
1138 685 1436 744 Pausanias
1460 692 1648 760 lpseln
1675 695 1923 758 Achaic.,

353 785 478 835 cap.
513 771 600 834 18,
635 771 790 840 ἅρμα
821 785 998 838 vocat,
1031 783 1086 830 et
1116 789 1199 831 est
1229 779 1368 852 apud
1410 795 1506 835 nos
1535 781 1588 835 in
1621 783 1927 840 domestico

356 857 610 914 bltisteolo
643 871 798 918 vetus
830 863 1052 919 lucerna
1118 867 1296 921 ﬁctilis
1323 905 1338 930 ,
1389 869 1620 938 insignis
1686 873 1926 929 raritatis

351 959 516 1018 atque
557 938 787 1019 operai,
822 952 1206 1022 Triptolemum
1255 969 1652 1026 repraesentans
1708 972 1922 1018 vectum

353 1052 520 1090 ωτι-ιι
563 1039 695 1094 rotis
751 1041 1022 1096 instructo
1049 1080 1066 1106 ,
1107 1059 1265 1113 quem
1306 1048 1414 1101 duo
1464 1048 1593 1104 alati
1643 1063 1925 1121 serpentes

353 1128 598 1184 trahunt.
645 1129 870 1187 Servius
913 1149 1091 1204 neque
1130 1152 1354 1191 currum
1387 1141 1604 1208 pr0prie
1635 1145 1883 1201 nominat
1905 1188 1921 1210 ,

355 1233 533 1287 neque
561 1221 788 1287 navim;
843 1225 937 1278 sed
975 1225 1217 1280 absolute
1264 1227 1681 1300 Triptolemum,
1734 1235 1810 1288 ait
1856 1238 1923 1292 ab

352 1305 573 1373 Cerere,
615 1309 773 1364 alatis
797 1312 1123 1378 serpentibus
1157 1323 1564 1386 superpositum.
1588 1321 1923 1378 Schurzllei-

352 1397 581 1462 schius,
621 1410 685 1453 ut
729 1389 948 1470 duti'ptn;
967 1403 1030 1455 τδ
1070 1407 1224 1475 ἅρμα
1265 1409 1371 1462 dici
1405 1411 1672 1482 signiﬁcet
1720 1413 1923 1470 Gnecis

352 1485 672 1558 Latinisque
711 1493 1092 1562 scriptoribus,
1118 1497 1289 1551 multa
1327 1515 1358 1554 e
1393 1503 1788 1559 recentioribus
1811 1508 1921 1560 cri-

351 1577 478 1630 ticis
508 1579 812 1635 testimonia
847 1584 1062 1650 attexit,
1093 1587 1296 1654 quibus
1349 1589 1400 1644 id
1459 1591 1633 1659 ipsum
1661 1594 1922 1649 observa-

287 1719 292 1722 ,
351 1675 467 1719 tum
503 1671 586 1722 est
619 1678 774 1724 antea
813 1689 826 1724 :
861 1683 988 1741 puta
1043 1674 1310 1731 Muretum
1339 1719 1354 1742 ,
1409 1679 1687 1736 Gil'anium
1715 1724 1730 1747 ,
1785 1685 1922 1738 Bar-

351 1755 526 1810 thium
553 1798 571 1825 ,
598 1758 698 1813 Ph.
728 1759 933 1818 Caroli.
963 1762 1027 1818 ν.
1064 1765 1123 1818 L.
1143 1765 1493 1824 'Gronovium
1519 1813 1536 1837 ,
1563 1773 1876 1830 Carrionem
1901 1816 1916 1841 ,

352 1846 646 1902 Meursium
674 1887 690 1913 ,
749 1851 1201 1926 Falkenburgiutn
1227 1898 1244 1922 ,
1291 1858 1716 1918 Rittershusium
1747 1907 1762 1933 ,
1808 1875 1914 1922 etc.
1950 1846 1991 1900 Β

349 1938 509 2002 Quod
561 1939 776 1996 additur
804 1982 821 2008 ,
872 1955 922 1998 et
965 1955 1040 1999 est
1085 1949 1256 2018 ﬁgura
1282 1967 1388 2020 qua
1409 1954 1568 2020 possit
1595 1958 1778 2023 recipi,
1809 1969 1915 2013 etc.

348 2029 632 2098 Scaliger,
689 2042 890 2105 utpote,
926 2037 1034 2090 alio
1083 2053 1244 2094 sensu
1281 2042 1552 2097 redditum
1597 2045 1790 2102 Latine
1819 2050 1919 2105 ahs

346 2120 682 2193 Hieronymo
707 2125 1029 2203 ,improbat
1061 2145 1156 2200 pro
1175 2133 1274 2187 -his
1298 2173 1314 2200 ,
1365 2143 1418 2188 et
1464 2138 1669 2205 quidem
1716 2139 1918 2209 aliquid

345 2212 464 2282 ejus
490 2215 681 2284 ﬁgura
705 2219 948 2274 habuisse
967 2236 989 2276 :
1013 2224 1232 2291 perinde
1252 2235 1415 2294 atque
1444 2240 1592 2284 certo
1614 2243 1915 2297 constaret,

341 2316 441 2358 ant
465 2321 910 2381 nnoargumento
935 2314 1219 2381 probasset
1246 2315 1336 2372 ille
1357 2329 1537 2386 antea,
1561 2320 1745 2377 Graeca
1773 2326 1914 2393 apud

342 2400 659 2470 Syncellmn
689 2402 833 2472 ἔχειν
860 2403 914 2456 δέ
944 2422 996 2458 τι
1029 2405 1122 2458 καὶ
1163 2407 1256 2460 τοῦ
1279 2410 1583 2482 ,σχήματος
1607 2454 1623 2479 ,
1675 2415 1790 2482 ipsa
1826 2417 1914 2471 illa

343 2488 519 2542 fuisse
554 2489 817 2558 Eusebii,
878 2508 999 2563 qua:
1059 2493 1117 2550 S.
1158 2495 1434 2568 lnterpres
1474 2503 1542 2556 ob
1582 2506 1770 2560 oculos
1815 2509 1914 2560 ha-

342 2578 532 2632 behat.

418 2671 537 2728 Col.
562 2674 687 2729 299.
724 2677 923 2730 Achaia
948 2678 1013 2731 ab
1044 2678 1234 2735 Achata
1261 2683 1504 2757 condita.
1522 2683 1762 2751 Scilicet,
1794 2704 1915 2756 qute

349 2762 405 2812 in
441 2764 642 2819 Achaia
687 2767 851 2822 urbes
881 2779 1026 2825 sunt.
1063 2772 1231 2827 Docet
1291 2784 1345 2829 et
1382 2777 1602 2844 Strabo,
1659 2778 1756 2834 lib.
1796 2796 1910 2846 vttt,

345 2853 656 2926 'l‘etrapolin
690 2861 757 2916 ob
783 2863 979 2918 Acltteo
1008 2868 1281 2923 conditam
1313 2886 1328 2934 ;
1365 2871 1446 2926 sic
1476 2875 1624 2928 enini
1678 2876 1912 2931 vocaba-

346 2954 437 2996 tur
497 2950 664 3018 regio,
692 2968 811 3020 qua
860 2966 1099 3024 quatuor
1131 2959 1281 3015 hisce
1337 2963 1565 3017 urbibus
1602 2967 1910 3029 constabat,

345 3039 551 3104 Oenna,
579 3039 1262 3120 Marathoneﬂricorytho,
1295 3050 1668 3110 Probalintho.
1702 3055 1912 3112 Caetera

348 3127 552 3182 vitlesis
573 3133 714 3199 apud
745 3135 1066 3192 Pausaniam
1105 3141 1158 3194 itt
1189 3140 1410 3198 Achaic.
1443 3161 1562 3213 cap.
1597 3147 1649 3200 Ι.

2031 609 2241 672 tulisse,
2284 622 2618 681 compertum
2650 627 2752 670 cst.
2798 618 3004 672 Czetera
3058 619 3243 673 laudat
3299 619 3550 672 Tactzem
3581 660 3598 678 ,

2029 700 2120 767 qui
2185 700 2439 757 versibus
2494 703 2635 759 hanc
2696 719 3015 776 prosecutus
3072 719 3154 763 est
3211 709 3493 766 fabulam:
3548 712 3598 763 in

2028 786 2358 859 llieronymo
2383 799 2565 846 autem
2603 801 2812 847 tantum
2875 811 2978 849 non
3035 797 3404 864 reprehendit,
3456 802 3598 866 quod

2029 879 2257 932 verbum
2283 880 2614 951 διεχρήσατο
2649 887 2870 939 verterit
2923 887 3213 942 devoravit.
3271 887 3470 941 Verum
3529 893 3598 942 ita

2032 969 2207 1025 fuisse
2256 973 2395 1041 apud
2445 973 2762 1036 Eusebium,
2825 979 2970 1044 quod
3024 977 3305 1047 Syncellus
3355 982 3597 1047 mutarit,

2029 1063 2128 1115 hoc
2149 1063 2365 1117 demum
2393 1067 2514 1120 loco
2547 1068 2750 1122 sentire
2786 1067 3008 1138 incipit-

2098 1176 2409 1232 lbid.Abas.
2444 1179 2615 1248 Hujus
2641 1181 2867 1237 Abantis
2894 1183 3097 1237 mentio
3125 1193 3204 1238 est
3233 1184 3373 1253 apud
3398 1183 3598 1236 Pinda-

2026 1279 2145 1318 rum
2181 1265 2336 1334 Pytb.
2367 1267 2468 1324 Od.
2493 1269 2736 1335 8,,quem
2799 1273 3000 1331 locum,
3048 1281 3106 1326 ut
3139 1283 3194 1327 et
3241 1273 3547 1327 scholiasta‘
3579 1314 3592 1333 .

2025 1355 2268 1426 Scaliger
2312 1358 2513 1412 laudat.
2553 1358 2851 1416 Pausanias
2882 1362 2934 1416 in
2973 1363 3238 1418 {’ltocicis
3301 1381 3424 1434 cap.
3479 1367 3550 1419 35
3580 1411 3594 1427 ,

2025 1447 2216 1500 urbem
2261 1449 2426 1501 'A6at
2461 1452 2738 1504 conditam
2773 1453 2839 1504 ab
2879 1453 2981 1507 hoc
3012 1464 3218 1519 narrat;
3286 1454 3435 1506 addit
3467 1457 3592 1508 Ari-

2023 1539 2244 1595 stoteles
2276 1539 2346 1593 ab
2368 1555 2426 1594 ea
2455 1541 2726 1609 profectos
2771 1558 2892 1597 csse
2921 1544 3137 1598 civitate
3171 1544 3433 1604 Abantas
3488 1545 3594 1600 Eu-

2024 1627 2160 1683 hmm
2190 1629 2400 1686 incolas
2427 1671 2441 1694 ,
2487 1641 2654 1702 atque
2678 1635 2801 1690 inde
2834 1635 3030 1690 nome'n
3063 1638 3361 1705 accepisse.
3396 1637 3476 1691 Tu
3519 1640 3566 1691 vi

2022 1716 2167 1773 desis
2208 1719 2528 1776 Strabonem
2574 1723 2668 1777 lib.
2727 1739 2782 1778 x.
2832 1725 3057 1787 Prastus,
3107 1727 3198 1793 qui
3245 1725 3406 1794 hujus
3456 1727 3601 1781 ﬁlius

2021 1817 2103 1863 est
2124 1825 2185 1863 ex
2223 1809 2442 1873 Ocalea.
2477 1823 2535 1867 ut
2570 1815 2736 1870 refert
2790 1817 3156 1884 Apollodorus
3205 1818 3294 1872 lih.
3326 1835 3388 1881 ll,
3417 1835 3445 1872 a
3471 1819 3608 1874 Cle-

2029 1911 2209 1956 mente
2252 1901 2516 1959 Alexand.
2542 1905 2633 1961 lib.
2669 1923 2684 1961 t
2721 1905 3054 1964 Stromatum
3086 1909 3190 1980 ipsi
3217 1910 3412 1966 Abanti
3456 1926 3608 1980 prie--

2026 1991 2270 2059 ponitur.

2093 2106 2226 2163 lbid.
2253 2107 2503 2165 Proxime
2531 2120 2654 2166 ante
2671 2113 3034 2175 Erechtheum
3093 2130 3243 2169 num.
3305 2115 3410 2170 6l9
3455 2115 3608 2169 hanc

2022 2196 2090 2249 de
2118 2195 2382 2268 Orithyiae
2406 2210 2563 2266 raptu
2599 2201 2835 2256 fabulam
2873 2215 3118 2258 recenset
3145 2203 3407 2274 Scaliger,
3457 2206 3589 2274 jun-

2023 2288 2206 2356 gitque
2229 2291 2485 2346 continua
2541 2294 2702 2356 serie,
2745 2304 2955 2348 ventum
3004 2295 3165 2364 fuisse
3213 2297 3618 2366 conﬁngit:et‘

2021 2379 2116 2433 sub
2144 2380 2240 2434 hoc
2267 2385 2525 2452 mysteria
2555 2395 2859 2454 coeperunt;
2903 2402 3024 2454 quae
3048 2387 3101 2441 in
3137 2385 3382 2439 Palatino
3423 2387 3597 2454 primo

2025 2488 2132 2528 ttts.
2158 2474 2334 2529 serius
2372 2476 2440 2530 ad
2473 2476 2743 2530 decimum
2775 2487 3026 2547 quartum
3058 2476 3350 2532 Erechthei
3392 2493 3623 2530 annnm‘.

2021 2564 2633 2624 reieruntur.Recensio
2673 2570 2786 2624 haec
2815 2579 3026 2634 nostra,
3062 2570 3146 2624 cui
3176 2581 3227 2623 et
3249 2568 3598 2634 Sichartl'tna,

2019 2655 2248 2725 aliaeque
2301 2659 2679 2722 consentiunt,
2716 2659 2954 2722 fortasse
3007 2659 3201 2714 melior
3239 2660 3459 2728 ipsintet
3507 2659 3596 2712 de-

2022 2761 2168 2800 mum
2193 2747 2474 2818 Scaligero
2501 2750 2613 2805 visa
2645 2757 2748 2805 est.
2784 2748 2975 2805 Latius
3011 2766 3174 2820 porro
3204 2750 3295 2804 ille
3326 2750 3379 2802 in
3443 2748 3615 2803 Notis-

2020 2835 2087 2888 de
2124 2835 2225 2890 hac
2270 2835 2476 2904 fabula,
2511 2839 2687 2908 deque
2713 2841 3095 2910 mysteriorum
3130 2839 3444 2894 inventione
3465 2840 3597 2910 agit.

2021 2922 2251 2994 Propius
2273 2929 2340 2980 ad
2370 2944 2482 2982 rem
2515 2927 3018 2986 Schurzlleischius
3051 2940 3221 2994 nmat,
3271 2929 3590 2999 Βορεασμδν

2018 3014 2158 3067 diem
2190 3015 2388 3071 festum
2422 3023 2476 3072 in
2531 3018 2716 3075 Boreae
2749 3021 3011 3075 honorem
3068 3021 3402 3084 institutum,
3428 3020 3616 3074 Athe-v

2019 3105 2235 3160 nienses
2262 3109 2648 3174 eelebravisse,
2681 3112 2748 3166 de
2778 3127 2888 3180 quo
2924 3111 3095 3166 multa
3129 3121 3259 3164 sunt
3286 3111 3429 3180 apud
3492 3110 3622 3164 lle--

424 3219 555 3273 Ibid.
592 3193 905 3280 Erechtheus
939 3245 1028 3284 an.
1181 3193 1649 3306 subtili-tﬂscalriée-r-
1666 3255 1800 3294 nova
1823 3257 1914 3309 pc-
1936 3193 1984 3254 α
2017 3196 2350 3309 ῗρξιῗξιξῖηῗ
2375 3201 2736 3309 cl'i'fm’
2761 3204 2930 3258 multa
2981 3204 3146 3309 enim.
3171 3203 3362 3309 .habet
3425 3204 3601 3309 SP3":

347 3311 563 3377 riocha,
605 3311 710 3367 llic
762 3315 1055 3374 Pandionis
1086 3322 1238 3391 ﬁlius
1290 3325 1411 3394 fuit,
1461 3329 1552 3380 sub
1587 3346 1686 3398 quo
1720 3347 1920 3401 coepere

349 3405 596 3469 mysteria
626 3421 646 3459 :
677 3422 907 3475 quorum
941 3427 1040 3467 nec
1097 3415 1214 3468 vola
1250 3431 1350 3471 nec
1391 3420 1673 3490 vestigium
1725 3434 1808 3478 est
1866 3425 1921 3479 in

348 3491 441 3553 iis,
474 3494 671 3561 quibus
730 3498 957 3560 utimur,
1019 3501 1191 3557 libris.
1254 3504 1692 3563 Praetereundum
1739 3521 1920 3566 tamen

351 3593 592 3650 nonest,
625 3587 767 3652 quod
825 3589 1102 3646 illustriss.
1141 3592 1190 3646 .l.
1225 3593 1467 3652 Mansius
1525 3599 1577 3651 in
1641 3615 1920 3656 commen-

349 3670 492 3723 tario
525 3671 590 3726 dt-
641 3672 874 3731 Lucensi
907 3680 1114 3744 codice,
1177 3683 1245 3735 de
1298 3700 1407 3751 quo
1452 3685 1609 3741 initio
1666 3689 1921 3748 Chronici

352 3761 615 3829 diximus,
653 3765 831 3820 locum
864 3769 1008 3824 hunc
1065 3771 1468 3845 in'exemplum
1526 3779 1680 3834 allert
1707 3797 1918 3848 eorum,

353 3855 558 3921 quibus
599 3871 699 3911 nos
726 3856 1057 3929 Scaligerum
1084 3867 1162 3918 ait
1193 3866 1549 3923 inclementer
1602 3875 1877 3942 accepisse
1906 3914 1921 3938 ,

349 3945 509 4011 eique
543 3948 857 4004 temeritatis
889 3952 1150 4007 inussisse
1203 3967 1411 4010 natam.
1460 3956 1673 4014 .ludicet
1735 3977 1922 4028 tequus

352 4038 546 4090 lector.
585 4037 848 4107 Diximus,
881 4058 980 4096 nec
1015 4045 1187 4098 volam
1211 4063 1312 4102 nec
1355 4051 1644 4122 vestigium
1694 4069 1814 4108 esse
1866 4055 1919 4108 in

352 4129 558 4182 nostris
586 4129 867 4187 codicibus
920 4136 1208 4191 verborum
1251 4154 1372 4208 quae
1416 4141 1505 4195 ille
1553 4142 1705 4196 addit
1739 4183 1757 4210 ,
1821 4144 1921 4198 llic

359 4217 671 4285 Pandionis,
700 4233 807 4276 etc.
835 4223 891 4278 Si
921 4222 1254 4296 Scaligerum
1303 4231 1407 4286 hoc
1435 4243 1516 4287 est
1569 4234 1922 4292 inclementer

356 4310 638 4374 habuisse,
678 4327 743 4366 ac
778 4315 1098 4372 temeritatis
1120 4333 1430 4383 accusasse,
1478 4323 1609 4390 quid
1647 4326 1754 4378 erit
1807 4327 1918 4380 cle-

356 4413 568 4456 menter
599 4408 841 4476 accipere
867 4407 891 4460 ?
931 4409 1040 4463 Res
1073 4420 1231 4478 prout
1260 4428 1317 4466 se
1345 4399 1501 4468 habet
1532 4415 1583 4468 in
1616 4431 1747 4472 mss.
1817 4435 1917 4470 no-

354 4491 488 4546 stris
526 4492 778 4557 refertur,
813 4511 912 4548 nec
955 4512 1076 4563 qua:
1108 4497 1226 4566 plus
1273 4499 1470 4554 habent
1523 4501 1866 4568 Scaligcrana
1899 4543 1916 4567 ,
1951 4525 1993 4577 υ

356 4582 524 4634 verbo
555 4592 716 4636 tenus
748 4585 1243 4652 reprehenduntur.
1275 4587 1381 4642 Sed
1412 4591 1525 4645 htec
1552 4594 1715 4647 missa
1748 4593 1918 4647 facia-

355 4687 496 4723 mus.
529 4673 615 4727 Ait
649 4673 888 4729 Mansius
921 4678 1081 4730 verba
1110 4678 1196 4730 illa
1239 4695 1259 4732 :
1295 4681 1398 4733 llic
1430 4680 1726 4740 Pandionis
1748 4685 1916 4753 ﬁlius,

353 4771 493 4824 etc.,
529 4762 711 4816 haberi
751 4762 1011 4819 Lucensis
1059 4782 1161 4820 ms.
1225 4770 1452 4836 margini
1501 4773 1767 4841 adscripta
1829 4791 1931 4828 seu

352 4850 611 4919 glossema
669 4870 761 4908 seu
835 4857 1000 4920 mavis
1053 4858 1492 4915 additamentum.
1574 4863 1920 4934 Nequaquam

355 4943 519 5010 igitur
545 4952 700 4997 erant
739 4945 1027 5000 inserenda
1063 4951 1227 5002 textui
1257 4990 1273 5014 ,
1336 4966 1458 5019 qum
1487 4953 1660 5006 codex
1693 4955 1805 5021 ipse
1856 4956 1922 5008 ad

359 5027 902 5107 margincmurejeeit.
937 5037 1169 5092 Tantum
1197 5042 1332 5094 adeo
1369 5042 1544 5104 abest,
1578 5053 1637 5097 ut
1674 5043 1924 5115 Scalige-

355 5137 418 5176 rn
448 5127 616 5182 codex
642 5127 730 5181 ille
766 5128 1110 5198 sull'ragetur,
1146 5134 1278 5201 quin
1330 5134 1512 5200 potius
1571 5138 1950 5191 condemnet..

354 5207 536 5266 Unum
564 5215 852 5271 adnotasse
879 5223 1189 5286 praesumat,
1232 5239 1331 5294 pro
1369 5224 1680 5279 Erichtheus
1711 5227 1816 5295 legi
1869 5229 1922 5285 itt

353 5306 590 5361 Lucensi
622 5325 723 5363 ms.
761 5309 1154 5367 Erichthonius.

430 5397 566 5452 lbitl.
592 5399 803 5456 Fabula
843 5403 1387 5483 Proserpinaz._Satis
1433 5410 1649 5467 abunde
1698 5415 1800 5468 hac'
1859 5413 1928 5468 de

361 5489 542 5544 fabula
575 5491 779 5546 dictum
821 5495 982 5563 paulo
1025 5498 1300 5563 superius.
1355 5499 1615 5570 Scaliger,
1673 5503 1765 5572 qui
1809 5519 1928 5557 ma-

360 5587 525 5649 gnum
556 5584 1031 5639 anachronismum
1059 5589 1409 5642 commissum
1446 5591 1533 5645 hic
1560 5601 1738 5659 notat,
1767 5593 1911 5662 quod

355 5673 576 5740 longius
600 5675 666 5728 ab
696 5674 779 5730 his
813 5677 976 5731 distet
1001 5679 1256 5732 s:eculum
1289 5679 1510 5743 Thesei,
1563 5684 1784 5738 minime
1847 5695 1928 5738 ta-

357 5779 481 5818 utcn
515 5762 946 5838 dillitcturlnqni
1006 5769 1296 5825 Eusebium
1348 5788 1410 5826 cx
1469 5771 1681 5833 Tatiani
1723 5787 1923 5843 mente,

2032 3289 2244 3344 hemius
2273 3290 2338 3344 ad
2373 3292 2762 3348 Callimachum
2805 3310 2822 3361 ;
2853 3295 3110 3349 nonnulla
3134 3302 3190 3349 et
3216 3309 3319 3350 nos
3347 3308 3510 3363 supra
3531 3295 3622 3345 atl-

2030 3395 2186 3434 num.
2226 3381 2353 3444 544,
2377 3399 2489 3452 quo
2516 3385 2749 3452 primum
2793 3386 2910 3440 loco
2939 3385 3206 3442 occurrit.
3245 3385 3402 3440 Adde
3451 3387 3596 3454 quod

2030 3469 2290 3527 l-lermeas
2319 3474 2634 3530 Platonicus
2677 3475 2820 3544 apud
2866 3476 3211 3530 Eustathium
3259 3477 3326 3529 ad
3368 3477 3588 3547 Dionys.

2029 3577 2171 3617 vers.
2233 3565 2338 3618 425
2375 3583 2387 3617 :
2434 3566 2734 3634 Βασιλικὴν
2779 3567 2945 3620 παῖδα
2981 3567 3079 3635 τὴν
3113 3567 3418 3631 Ὀρείουιαν
3457 3567 3621 3619 κατὰ.

2025 3651 2270 3725 κρημνόὖ
2306 3656 2524 3708 ὑπονοεί
2575 3657 2811 3722 ὠσθῆναι
2835 3657 3022 3727 ἀνέμῳ
3051 3658 3232 3728 Βσρρᾷ
3264 3662 3358 3710 καὶ
3406 3659 3610 3724 τούτῳι

2023 3747 2098 3812 τῷ
2125 3748 2312 3817 τρόπῳ
2351 3747 2637 3818 λεχθῆναι
2700 3749 3054 3819 ἁρπασθῆναι
3113 3749 3285 3816 αὐτὴν
3348 3750 3453 3801 ὑπὸ
3501 3747 3619 3801 τοῦι

2024 3831 2153 3904 BGA:
2169 3834 2224 3889 ἄ.

2093 3948 2232 4004 Ibid.
2270 3948 2353 4004 Ea
2383 3966 2503 4019 qua:
2536 3951 2602 4004 de
2631 3949 2845 4006 Perseo.
2885 3949 3167 4019 Superiori
3211 3951 3452 4018 proxime
3493 3965 3594 4002 an-

2022 4057 2092 4092 nn
2121 4041 2329 4109 primus
2354 4041 2586 4098 Palatin.
2616 4057 2722 4098 ms.
2741 4043 2872 4098 ‘ha-c
2902 4044 3166 4105 annectit,
3199 4053 3253 4096 et
3283 4059 3402 4111 qua:
3465 4043 3596 4096 sub-

2022 4140 2338 4198 sequentem
2385 4133 2695 4200 periocham
2740 4135 2808 4188 de
2845 4132 3053 4188 Phrixo
3092 4145 3338 4204 spectant
3385 4137 3545 4188 verba
3580 4177 3594 4198 ,

2021 4207 2318 4273 Secundum
2349 4224 2698 4290 quorumdam
2747 4225 3064 4292 opinionem,
3100 4225 3409 4279 continenti
3456 4225 3597 4277 serie

2021 4308 2106 4363 isti
2143 4313 2442 4382 subjungit.
2476 4315 2732 4368 Fortasse
2765 4315 2960 4368 iisdem
2998 4316 3182 4370 verbis
3207 4325 3262 4368 et
3295 4317 3435 4368 hanc
3461 4331 3594 4369 cun-

2021 4400 2206 4466 clusit,
2239 4412 2296 4456 et
2320 4404 2748 4473 subsequentem
2781 4415 2974 4459 auctor
2996 4406 3278 4460 inchoavit
3306 4422 3320 4458 :
3344 4408 3596 4475 congruit

2022 4494 2164 4547 enim
2195 4495 2412 4564 utrique
2458 4506 2606 4550 recte
2643 4511 2706 4550 ea
2745 4497 3010 4552 clausula.
3073 4497 3476 4550 Pratcedentem
3529 4501 3596 4550 de

2025 4585 2404 4656 M‘ystcriorttm
2436 4589 2750 4643 invent'one
2782 4587 3080 4663 Sicltardus
3118 4591 3170 4642 in
3234 4605 3405 4640 unum
3461 4603 3595 4641 con-

2021 4677 2170 4731 llavit
2193 4695 2313 4731 cum
2337 4679 2439 4733 ista
2467 4681 2532 4732 ad
2574 4681 2718 4733 hunc
2743 4680 3013 4734 modum:
3045 4678 3155 4734 Sub
3185 4680 3281 4732 hoc
3309 4691 3356 4732 et
3400 4689 3596 4747 myste-

2024 4769 2106 4822 ria
2137 4779 2397 4839 cmperunt
2423 4787 2485 4824 ea
2535 4787 2651 4840 qua:
2683 4773 2745 4824 de
2770 4771 2959 4825 Perseo
3012 4771 3287 4823 dicuntur.
3354 4770 3616 4838 Scaliger:

2028 4860 2262 4912 triennio
2291 4862 2403 4913 hazc
2431 4860 2497 4913 de
2527 4876 2678 4914 tunre
2706 4861 2968 4928 anticipat
3001 4861 3187 4927 :.quod
3233 4871 3413 4912 autem
3476 4877 3595 4928 prn-

2026 4949 2240 5001 nuntiat
2269 4949 2326 5002 in
2352 4948 2528 5010 Notis,
2553 4950 2728 5003 locum
2753 4950 2952 5004 Perseo
2987 4949 3202 5023 nienon
3229 4965 3374 5013 esse,
3423 4953 3622 5020 siqui-7

2026 5043 2147 5095 dem
2185 5055 2354 5110 nepos
2397 5041 2502 5094 fuit
2555 5043 2778 5108 Acrisii,
2824 5043 2932 5112 qui
2976 5042 3046 5096 45
3089 5047 3249 5098 annis
3315 5056 3438 5112 pust
3496 5047 3599 5096 huc

2030 5141 2238 5199 tempus
2271 5145 2495 5200 regnare
2519 5134 2702 5200 etrapit,
2733 5133 2784 5184 in
2816 5142 3066 5201 promptu
3119 5144 3204 5187 est
3257 5134 3494 5187 refutare
3527 5147 3618 5186 ex-

2031 5224 2179 5276 varia
2203 5224 2553 5291 antiquorum
2589 5223 2673 5276 his
2695 5223 2764 5276 de
2793 5221 2957 5277 rebus
3001 5225 3293 5277 sententia.
3340 5222 3620 5276 Vetustus-

2030 5315 2478 5386 chronographus
2507 5318 2647 5384 apud
2673 5314 3007 5370 Clementem
3039 5315 3134 5370 lib.
3162 5316 3422 5369 Strou.at.
3461 5331 3498 5378 t,
3529 5331 3608 5370 ειν

2030 5409 2185 5474 cujus
2227 5409 2312 5461 hic
2337 5405 2566 5461 fortasse
2590 5405 2832 5476 loquitur
2866 5422 3033 5462 sensu
3078 5407 3367 5469 Eusebius,
3422 5422 3597 5460 annos

2031 5499 2615 5569 quindecimnumerat
2670 5515 2700 5554 a
2743 5510 2898 5569 raptu
2950 5499 3276 5571 Ganymedis
3343 5500 3437 5551 ἐπὶ
3494 5500 3622 5569 τὴν·

2033 5591 2288 5661 Περσέως
2325 5590 2637 5658 στρατείαν.
2671 5591 2870 5646 Noster
2925 5591 2969 5645 si
3013 5589 3197 5646 Persei
3248 5589 3589 5644 nativitatem

2030 5699 2095 5738 ex
2129 5682 2310 5736 Danae
2354 5692 2407 5736 ct
2442 5681 2574 5738 Jove
2630 5692 2800 5745 notat,
2856 5683 2970 5737 sive
3003 5681 3157 5746 illud,
3207 5681 3352 5750 quod
3412 5682 3618 5735 subire-

2032 5792 2254 5837 coacuts
2305 5789 2388 5846 est
2441 5794 2537 5850 per
2592 5792 2739 5832 mare
2769 5776 2991 5830 in.arca.
3030 5773 3205 5842 lignea
3266 5787 3389 5827 cum
3427 5783 3624 5828 mattea
