3964 6186
481 320 586 382 795
1761 331 2166 404 VALLARSll
2207 336 2449 398 nom.
3150 307 3159 315 ’
3551 353 3630 418 ne

549 433 670 487 Col.
711 434 834 489 305.
869 435 1073 504 'I‘ugus.
1108 433 1337 490 Palazitt.
1371 438 1578 506 primus
1607 455 1711 497 ms.
1747 441 1921 513 Tytio,
1962 461 2058 515 pro
2087 453 2135 510 Α
2163 447 2328 521 thiac.
2360 491 2374 515 ,
2409 465 2438 505 c
2463 487 2481 505 .
2513 449 2580 505 l6
2607 490 2622 516 ,
2673 460 2726 506 et
2754 450 3006 521 Apollod.
3051 450 3152 507 lib.
3181 469 3215 508 ιι
3240 495 3254 518 .
3302 455 3502 528 aliisque
3527 477 3620 520 vute

482 526 670 595 Tityus
693 543 712 580 :
744 536 799 580 et
830 543 948 581 mox
994 527 1228 597 Tityonis
1269 541 1444 584 autem
1471 540 1726 601 tempore,
1762 549 1886 589 cum
1920 537 2051 591 Par-

481 617 678 682 mensi,
705 626 866 683 atque
895 616 1056 670 editis
1090 618 1476 676 vetustioribus
1506 622 1680 676 libris.
1703 622 1904 678 Confer
1929 641 2051 694 quae

483 709 552 760 ad
587 708 859 776 geminum
893 709 1060 762 hunc-
1089 709 1265 764 locum
1296 711 1362 766 ad
1413 712 1634 768 Eusebii
1677 716 2048 784 prmfationem

475 797 754 852 diximus.
804 797 993 852 Denuo
1045 797 1532 857 Schurzlleiscbius
1586 806 1819 871 erudite,
1862 806 2045 878 Tityi,

479 890 689 956 inquit,
724 889 792 944 ab
839 889 1093 960 Apolline
1129 893 1403 948 interfecti
1437 935 1454 959 ,
1516 895 1800 952 historiam
1855 899 2050 958 fabulis

475 982 651 1049 palam
709 993 962 1038 accensct
1016 982 1211 1038 Strabo
1266 985 1379 1039 lib.
1443 1001 1539 1052 ιι,
1576 1002 1646 1056 p.
1681 987 1829 1044 423.
1879 988 2051 1047 Porro

473 1073 844 1125 consulendus
891 1080 974 1126 est
1017 1073 1084 1126 de
1121 1088 1187 1126 eo
1219 1074 1444 1130 omnino
1495 1077 1763 1144 Apollonii
1813 1081 2050 1137 scholia-
2087 1073 2095 1088 ’

475 1172 559 1215 sta
585 1163 651 1215 ad
673 1162 768 1215 lib.
787 1178 823 1223 ι,
844 1179 988 1218 vers.
1013 1164 1135 1226 760,
1163 1166 1252 1219 ubi
1270 1181 1394 1222 eum
1413 1167 1606 1236 Apollo
1625 1169 1878 1247 βούπαις,
1895 1171 2052 1228 οὔπω

477 1251 673 1314 πολλὸς
703 1251 831 1316 sev,
853 1253 1125 1310 occidisse
1151 1256 1486 1324 perhibetur.
1515 1257 1586 1312 At
1620 1259 1886 1318 Pindarus
1915 1264 2048 1318 uno.

475 1337 555 1404 δ’,
588 1355 732 1394 vers.
776 1340 896 1408 160,
921 1343 1078 1412 ’βέλει
1120 1346 1433 1416 Ἀρτέμιδος
1462 1348 1764 1406 confectum
1793 1367 1914 1408 esse
1944 1362 2053 1407 tra-

474 1428 633 1482 didit.
671 1428 834 1494 Sane.
867 1432 910 1486 si
946 1431 1279 1499 Phemonoe,
1305 1438 1476 1504 prima
1513 1438 1725 1508 Pythia,
1757 1440 1862 1496 hoc
1914 1451 2051 1497 tem-

472 1532 606 1585 pore
634 1519 833 1575 vixisse
861 1523 1212 1586 concedetur.
1230 1524 1536 1594 Apollinem
1570 1530 1637 1584 ab
1653 1544 1719 1584 eo
1743 1545 1850 1586 non
1878 1531 2052 1588 fuisse

473 1611 733 1676 alienum,
773 1612 978 1682 liquido
1031 1627 1265 1672 constat.
1305 1618 1528 1684 Deinde,
1561 1620 1607 1675 si
1648 1636 1770 1676 cum
1820 1620 2052 1677 Tantalo

472 1702 607 1756 vixit
645 1702 986 1771 Phemonoe,
1022 1723 1238 1764 coaevus
1278 1726 1408 1766 sane
1437 1712 1535 1766 fuit
1560 1712 1741 1784 Tityo.
1775 1713 1880 1767 Nec
1914 1715 2050 1771 adeo

2149 553 2295 602 rum,
2335 541 2470 596 satis
2503 540 2694 611 liquet,
2737 541 2934 597 fratres
2962 541 3129 598 fuisse
3157 547 3399 613 gemellus
3451 551 3638 608 Printqu

2150 637 2205 683 et
2235 631 2512 687 Acrisium
2539 670 2554 698 ,
2589 633 2728 688 filios
2755 632 2963 703 Lycei,
3016 635 3105 701 qui
3154 637 3221 689 de
3263 651 3414 708 regno
3452 640 3567 696 inter
3603 661 3642 700 se

2152 719 2509 792 disceptarint
2555 761 2570 776 .
2608 723 2727 779 lam
2783 723 2830 779 si
2870 725 2944 779 sit
2999 723 3208 794 Pelopis
3243 737 3365 781 mtas
3397 730 3456 781 atl
3497 731 3646 787 Creto-

2155 808 2239 876 pis
2291 819 2346 864 et
2392 809 2559 865 Prteti
2612 819 2853 881 tempora
2913 823 3169 869 accurate
3222 815 3285 869 ab
3352 816 3553 874 Eusebio
3585 840 3646 877 re-

2149 900 2261 956 lata
2287 939 2306 967 ,
2359 908 2416 957 et
2446 884 2629 957 saltim
2669 915 2980 960 statuamus
3006 943 3023 971 ,
3071 905 3315 976 Pelopem
3337 949 3353 974 ,
3387 925 3495 964 cmlt
3546 913 3647 983 Hip-

2153 989 2460 1059 podamiam
2523 989 2798 1063 duceret,
2877 1009 3053 1050 annos
3112 1011 3179 1049 xx
3249 996 3406 1054 fuisse
3475 1010 3650 1066 natinn.

2151 1082 2654 1153 conjungamusque
2679 1098 2710 1139 e
2735 1084 3000 1142 num.70£
3012 1086 3281 1156 reliquum
3300 1089 3528 1154 ejusvitie
3546 1105 3649 1148 tem-

2153 1185 2254 1240 pus
2281 1185 2406 1226 cum
2436 1157 2715 1236 anteacto,
2759 1186 3041 1244 sequetur,
3072 1178 3374 1247 μακροϐίων
3395 1195 3502 1234 eum
3525 1184 3652 1241 fuisse

2108 1314 2122 1331 ,
2152 1275 2184 1315 e
2213 1276 2464 1328 numero,
2511 1271 2567 1318 ct
2591 1260 2657 1317 ad
2697 1263 2794 1318 115
2823 1266 3001 1321 aetatis
3034 1282 3234 1322 annum
3281 1270 3569 1338 pervenisse.
3607 1275 3654 1326 At

2152 1349 2342 1405 Malala
2363 1351 2617 1422 Pelopem
2642 1368 2748 1408 non
2775 1369 2871 1423 per
2892 1370 3064 1412 annos
3096 1371 3246 1420 LVIII,
3265 1358 3352 1411 sed
3375 1373 3502 1412 usu
3524 1360 3653 1428 impc-

2156 1454 2308 1496 rasse
2341 1441 2562 1498 asserit.
2596 1441 2946 1500 Robinsouus
2974 1460 3038 1500 ex
3071 1445 3328 1512 Eusebio,
3347 1456 3399 1502 et
3419 1448 3654 1504 Gobclinus

2153 1531 2391 1586 Persona
2417 1531 2708 1588 Cosmodr.
2736 1543 2824 1590 ast.
2861 1550 2944 1602 tu,
2989 1551 3111 1606 cap.
3149 1536 3232 1603 l3,
3272 1553 3360 1606 per
3396 1553 3546 1593 annos
3591 1556 3654 1594 ιιι

2153 1623 2407 1694 Pelopem
2445 1641 2704 1695 regnasse
2736 1628 2944 1683 volunt.
2979 1628 3102 1699 Ipse
3134 1627 3392 1686 Eusebius
3429 1630 3474 1684 is
3510 1629 3652 1687 Graeca

2157 1713 2417 1783 Scaligeri
2445 1717 2669 1786 syllogc,
2706 1717 2800 1772 lib.
2837 1734 2876 1783 ι,
2901 1733 3029 1788 pag.
3057 1718 3150 1784 ὅθ,
3185 1733 3352 1774 annos
3383 1728 3559 1774 tantum
3582 1737 3656 1773 ιιι

470 1791 610 1845 satis
663 1796 929 1861 perspicio
953 1837 969 1859 ,
1024 1813 1124 1851 cur
1181 1798 1458 1869 Scaligern
1512 1804 1691 1856 adhuc
1727 1806 1972 1860 videatur
2005 1823 2048 1860 ea
2086 1797 2126 1852 Β
2155 1807 2204 1862 ei
2231 1809 2505 1879 ascripsit,
2536 1810 2786 1879 quamvis
2815 1809 3057 1878 adjiciat,
3091 1811 3230 1867 alios
3261 1813 3345 1867 isti
3383 1826 3522 1877 utu,
3552 1812 3655 1867 alios

471 1877 754 1932 Clu-mente
785 1882 1157 1939 Alexandrino
1215 1889 1552 1956 probandum
1593 1907 1734 1955 esse,
1769 1893 1861 1946 τὸν
1907 1894 2048 1948 Τάν-

471 1970 634 2023 ταλον
677 1973 1026 2039 συγχρονέσαι
1056 1976 1130 2046 τῷ
1164 1978 1363 2049 Τιτυῴ,
1405 1979 1686 2038 Tantalum
1728 1986 1893 2055 fuisse
1921 2003 2048 2062 sup-

470 2079 653 2131 p.:rem
691 2063 752 2118 Ti
777 2081 863 2132 yo.

543 2200 678 2254 Ibid.
701 2200 948 2257 Isthmia.
973 2203 1032 2258 In
1076 2204 1324 2259 confesso
1363 2218 1446 2262 est
1470 2212 1610 2279 apud
1637 2222 1867 2281 veteres,
1891 2216 2048 2275 indos

472 2291 764 2346 Isthmicos
808 2295 861 2348 in
881 2295 1144 2349 honorem
1174 2299 1429 2365 patruelis
1446 2303 1530 2356 sui
1558 2286 1864 2372 Melicertae,
1885 2309 2049 2365 Glau-

469 2395 616 2440 cum,
665 2382 878 2453 Sisyphi
918 2385 1107 2447 filium,
1145 2386 1485 2454 instituisse;
1535 2404 1590 2446 et
1635 2394 1680 2448 si
1725 2394 2046 2453 Pausaniam

472 2470 748 2538 audimus,
783 2489 836 2526 tn
867 2473 1233 2530 Corinthiacis
1263 2493 1383 2547 cap.
1418 2480 1472 2545 2,
1503 2479 1679 2548 ipsum
1731 2486 2048 2557 Sisyphum,

471 2564 566 2630 qui
591 2579 712 2616 cum
737 2563 1062 2620 Melicertam
1093 2568 1395 2636 oﬂ'ettdt'sset
1413 2577 1725 2640 expositum.
1761 2579 1816 2632 in
1841 2579 2047 2636 Isthmo

475 2655 715 2706 truncavit
745 2664 796 2708 et
829 2654 1107 2712 Isthmicos
1135 2660 1188 2713 in
1217 2663 1330 2726 eius
1355 2665 1598 2720 honorem
1629 2667 1779 2722 ludos
1798 2672 2046 2729 instituit.

471 2741 592 2808 Quo
615 2744 626 2796 l
653 2743 816 2810 igitur
834 2747 910 2800 sit
935 2746 1318 2820 Hieronymus,
1350 2757 1443 2807 sub
1466 2773 1588 2825 quo.
1609 2760 1717 2813 imo
1745 2762 1859 2830 ipse
1883 2766 2046 2821 etiam

471 2834 831 2928 Euscb‘usep
847 2832 960 2907 ‘06,
980 2849 1038 2894 ut
1065 2857 1128 2897 ex
1153 2842 1338 2899 Graeco
1361 2847 1830 2928 apud‘Syncellum
1855 2857 2048 2928 liquet,

473 2941 575 2988 pro
599 2927 697 2993 ἐφ’
719 2920 784 3002 ᾧ,
817 2941 1032 3001 propter
1051 2948 1224 3002 quem,
1255 2912 1519 3007 Scaliger.
1537 2912 1648 2994 aeri
1680 2944 1822 3013 stylo
1860 2912 2048 3015 re'pre:

473 3017 683 3080 licndit,
720 3020 874 3087 quod.
899 3031 951 3074 et
974 3030 1186 3092 poterat
1220 3026 1452 3096 benigne
1473 3029 1845 3098 interpretari.
1875 3038 2049 3094 Minus

475 3107 595 3172 ipse
649 3107 785 3162 bene
818 3109 958 3167 hanc
1005 3109 1284 3169 historiam
1318 3118 1385 3172 ad
1422 3134 1576 3174 num.
1611 3123 1709 3177 661
1760 3126 1874 3181 sive
1924 3141 2049 3185 ante

476 3199 800 3256 sexennium
835 3202 1090 3269 collocat,
1121 3220 1244 3261 cum
1285 3209 1460 3265 satius
1495 3211 1690 3270 fuisset
1715 3223 2047 3290 econtrario,

478 3288 548 3342 ab
581 3288 682 3344 hac
731 3290 847 3360 ipsa
879 3291 1213 3362 Pontacena,
1247 3308 1300 3354 et
1343 3311 1566 3371 nostra,
1605 3304 1758 3376 iuxta
1808 3288 2050 3370 melioris

479 3387 623 3433 notae
673 3382 922 3438 codicum
975 3385 1158 3454 tidem,
1218 3393 1541 3451 recensione
1599 3412 1712 3454 uno
1770 3401 2050 3475 alteroque

477 3471 660 3533 adhuc
714 3489 860 3530 anno
909 3479 1218 3546 posthaberi
1252 3500 1268 3536 :
1305 3488 1748 3560 quandoquidem
1791 3503 1847 3549 et
1892 3471 2049 3554 vetus

475 3562 854 3633 Chronologus
900 3570 1042 3637 apud
1094 3570 1452 3644 Clementem,
1506 3579 1653 3638 lib.t
1704 3584 2048 3654 StLomat.,a

473 3665 634 3721 raptu
673 3657 1002 3729 Ganymedis
1027 3663 1098 3717 ad
1143 3667 1539 3735 expeditionem
1581 3673 1788 3743 Persei,
1824 3679 1913 3731 ὅτε
1952 3684 2049 3734 καὶ

478 3744 724 3810 Γλαῦκος
755 3752 848 3804 ἐπὶ
877 3750 1183 3828 Μελικέρτῃ
1213 3759 1282 3811 τὰ
1311 3759 1536 3833 Ἰσθμια
1567 3765 1786 3837 ἔθηκεν,
1815 3772 2046 3840 quinde-

476 3839 583 3888 cim
619 3853 794 3896 annos
845 3843 1164 3915 interponit.
1207 3849 1434 3905 Demqu
1490 3868 1669 3925 neque
1722 3857 1851 3915 illud
1913 3863 2050 3920 bene

478 3929 642 3984 habet
663 3933 728 3986 ad
758 3947 998 3991 veterum
1023 3939 1213 3996 saltem
1245 3942 1509 4002 librorum
1541 3947 1722 4018 fidem,
1754 3953 1895 4018 quod
1922 3946 2051 4013 huic

475 4023 746 4088 periochae
775 4027 1056 4100 subiungit
1090 4031 1350 4105 Scaliger,
1381 4039 1562 4092 eodem
1609 4048 1838 4110 tempore
1865 4049 2047 4104 habita

433 4122 618 4166 -snnt.
674 4115 990 4186 Historiam,
1042 4122 1088 4177 si
1143 4124 1292 4190 libet,
1346 4140 1530 4199 repete
1581 4148 1645 4188 ex
1693 4133 1962 4194 Pausania
1993 4141 2045 4196 in

476 4203 668 4262 Atticis
701 4223 753 4263 c.
784 4209 876 4276 44,
904 4221 960 4268 et
989 4213 1258 4274 Strabone
1297 4219 1390 4276 lib.
1431 4224 1549 4289 viti,
1584 4235 1692 4282 etc.

546 4345 663 4401 Col.
692 4347 817 4404 503.
853 4347 1060 4422 Pelops.
1089 4353 1420 4414 Praecedenti
1456 4339 1705 4431 proxime
1737 4381 1884 4421 anno
1915 4366 2046 4422 Sca-

2158 1915 2251 1953 ιιιι
2284 1915 2458 1955 annos
2498 1902 2760 1957 tribuere.
2800 1901 2936 1958 Male
2974 1904 3121 1957 enim
3159 1917 3256 1970 pro
3285 1908 3364 1970 vr
3413 1904 3460 1956 in
3497 1903 3658 1957 Eusebii

2156 1989 2332 2047 erci
2363 1991 2448 2062 υγ¹
2481 1993 2698 2064 legitur,
2728 2009 2852 2049 cum
2883 1995 3124 2061 priorem
3151 1996 3457 2064 scripturam
3491 1993 3661 2065 Syncel-

2159 2084 2249 2147 lus
2280 2099 2334 2154 p.
2371 2084 2438 2139 10
2468 2085 2634 2140 etiam
2686 2096 2967 2154 agnoscat.
3026 2086 3138 2156 Ego
3176 2096 3361 2156 reputo
3401 2102 3506 2142 eam
3534 2100 3662 2139 anno~

2156 2189 2276 2228 rum
2312 2175 2458 2245 regni
2495 2176 2818 2231 varietatem
2854 2177 2980 2232 inde
3010 2191 3138 2233 esse
3159 2187 3354 2244 ortam,
3382 2176 3508 2247 quod
3533 2176 3661 2243 aliqui

2154 2261 2609 2332 chronologorum
2636 2277 2814 2319 annos
2848 2265 3001 2332 regni
3039 2263 3262 2322 Pisatici
3294 2275 3483 2321 tantum
3533 2264 3661 2318 aduo-

2157 2347 2584 2420 tarint,'aliqui
2649 2351 2804 2421 regni
2866 2351 3218 2424 Argivorum,
3279 2354 3434 2424 aliqui
3485 2353 3664 2421 denique

2157 2440 2308 2511 regni
2342 2441 2812 2510 Peloponnesiaci.
2840 2445 2916 2499 Οὐ
2953 2446 3120 2516 μόνον
3162 2447 3291 2518 γὰρ,
3340 2447 3500 2518 inquit
3537 2447 3662 2499 Euse-

2154 2531 2304 2595 bius,
2340 2532 2632 2602 Ἀργείων,
2671 2535 2768 2589 καὶ
2809 2534 3086 2608 Μυκηνῶν
3110 2577 3128 2604 ,
3187 2538 3454 2608 ίποροῦσι
3502 2538 3665 2592 Πέλοπα

2157 2622 2497 2694 βασιλεῦσαι,
2526 2625 2664 2680 ἀλλὰ
2688 2629 2782 2682 καὶ
2799 2630 2983 2697 πάσης
3010 2629 3113 2701 τῆς
3145 2631 3541 2702 Πελοποννήσου.
3558 2631 3664 2685 Sui»

2155 2715 2479 2771 sumendum
2501 2733 2633 2787 ergo
2680 2728 2784 2785 est,
2814 2721 2988 2776 multo
3012 2733 3146 2780 ante
3195 2739 3352 2794 quam
3393 2723 3666 2796 Mycenarum

2156 2803 2446 2874 imperium
2475 2808 2892 2879 adipisceretur,
2925 2812 3226 2870 Pisaticum
3279 2831 3396 2870 eum
3441 2814 3664 2870 tenuisse.

2158 2898 2340 2967 ibique
2369 2901 2506 2954 adeo
2546 2901 2750 2959 diutius
2782 2919 2949 2975 quam
2979 2904 3261 2978 Mycenis,
3303 2907 3456 2963 etiam
3492 2917 3668 2974 regnare

2158 2991 2424 3059 potuisse.
2459 2989 2736 3049 Necvhoc
2792 2997 3237 3065 pratereundum
3293 3005 3394 3062 est,
3444 2995 3566 3065 quod
3599 3009 3669 3062 pro

2158 3080 2374 3151 Pelope,
2412 3098 2510 3154 per
2539 3099 2712 3142 annos
2744 3086 2868 3144 illos
2898 3093 3051 3153 Lviu,
3093 3089 3351 3146 Perseum
3383 3088 3666 3161 Mycenarum

2076 3148 2120 3206 ο
2154 3148 2381 3240 imperio
2412 3148 2719 3242 'prefuisse
2741 3217 2757 3242 ,
2819 3148 3048 3233 statuat'
3075 3177 3279 3250 Cappel
3305 3179 3388 3234 lus
3407 3148 3448 3241 ,'
3481 3189 3669 3232 veterum

2158 3262 2495 3319 testimoniis
2529 3279 2636 3320 non
2668 3265 2990 3327 destitutus.
3025 3270 3160 3336 Alii,
3190 3280 3252 3326 ut
3279 3285 3310 3325 e
3337 3268 3532 3340 Georgii
3564 3267 3668 3338 Syn-

2154 3355 2276 3413 celli
2301 3355 2432 3411 edit.
2466 3357 2620 3423 Par.,
2655 3374 2710 3430 p.
2762 3360 2886 3428 156,
2917 3362 3132 3418 clarum
3162 3371 3272 3428 est,
3324 3363 3548 3432 Pelopem
3590 3372 3669 3412 tatu

2155 3446 2209 3500 in
2243 3445 2570 3517 Argivorum
2602 3464 2766 3519 quam
2819 3451 3178 3524 Mycenarum
3245 3469 3428 3524 regum
3463 3450 3692 3506 latertuht'

2153 3541 2431 3598 omittunt.
2457 3545 2612 3601 Adde
2638 3543 2888 3617 eumdem
2919 3544 3236 3615 Syncellum
3266 3560 3319 3614 p.
3352 3545 3464 3607 1'25,
3488 3552 3534 3598 et
3560 3541 3673 3595 Thu-

2154 3633 2334 3703 cyditl.
2370 3642 2422 3690 α’
2453 3637 2800 3707 συγγραφήν.
2837 3636 3136 3706 lutegram,
3173 3639 3219 3692 si
3262 3636 3406 3702 libet,
3437 3633 3668 3689 historiam

2155 3740 2398 3796 repetes
2448 3729 2704 3796 Diodoro,
2731 3729 2826 3786 lib.
2881 3744 2957 3795 tv,
3011 3732 3262 3786 omnium
3312 3725 3673 3786 luculentissima

2152 3829 2348 3872 enarra
2357 3829 2463 3872 tam
2473 3857 2489 3874 ο

2228 3904 2365 3959 Ibid.
2420 3904 2666 3962 Perseus.
2722 3907 3043 3978 Quanquam
3097 3922 3306 3968 veteres
3359 3914 3470 3968 libri
3523 3921 3673 3967 omnes

2155 3992 2410 4050 Perseum
2466 3996 2754 4056 Erechthei
2791 3999 3014 4056 fratrem
3054 4003 3272 4069 dicunt,
3321 4006 3575 4060 manifesta
3612 4012 3673 4054 ta-

2155 4100 2304 4151 men,
2333 4087 2451 4156 ipso
2504 4096 2642 4145 teste
2669 4090 2948 4162 Scaligero
2976 4131 2994 4158 ,
3050 4093 3262 4151 lnxatio
3300 4099 3559 4152 verborum
3583 4103 3674 4156 est,

2152 4190 2274 4246 qua:
2296 4177 2363 4232 ad
2390 4179 2687 4250 Cecropem
2721 4194 2997 4254 spectant,
3037 4196 3099 4241 ut
3129 4187 3184 4242 in
3214 4188 3524 4254 Pontacena,
3552 4194 3676 4254 atque

2154 4266 2290 4323 adeo
2320 4280 2508 4326 nostra
2559 4273 2796 4329 editione
2849 4275 3207 4347 exhibentur,
3265 4288 3329 4336 et.
3367 4280 3538 4337 Greca
3585 4280 3672 4345 ipsa

2155 4360 2458 4430 praeferunt
2488 4378 2654 4434 penes
2709 4366 3048 4438 Syncellum.
3100 4371 3258 4438 Quod
3309 4382 3476 4428 autem
3517 4384 3576 4424 ue
3616 4369 3676 4422 sic

476 4437 630 4507 iigcr,
665 4441 1016 4512 subsequenti
1049 4445 1277 4504 Palatiu.
1320 4452 1528 4531 primus
1556 4471 1659 4509 ms.
1691 4465 1748 4511 et
1784 4461 2048 4516 vetustio-
2083 4499 2126 4554 Β
2155 4451 2374 4521 quidem
2408 4453 2652 4511 historiae
2683 4437 3012 4527 consulitur,
3048 4437 3176 4517 cum
3226 4463 3454 4530 Cecrops
3501 4461 3588 4515 iste
3611 4473 3673 4554 fl

478 4546 565 4586 res
613 4533 885 4590 editiones
920 4536 1034 4590 haec
1091 4541 1396 4611 assignant.
1456 4544 1603 4602 Satis
1652 4564 1805 4618 aeque
1856 4565 2048 4608 omnes

478 4626 614 4674 bene
644 4661 658 4675 .
695 4625 946 4681 Clemens
979 4643 994 4681 ι
1029 4626 1368 4684 Stromatum
1401 4670 1419 4696 ,
1457 4635 1611 4690 Κατὰ
1647 4638 1704 4690 δὲ
1769 4639 2049 4708 Ἀκρίσιον

478 4711 720 4775 Πέλοπος
751 4716 858 4769 ἀπὸ
885 4718 1129 4788 Φρυγίας
1159 4716 1226 4792 ἦν
1257 4721 1532 4790 δίαϐασις,
1591 4729 1687 4781 καὶ
1744 4731 1932 4797 Ἴωνος
1968 4734 2048 4796 εἰς

488 4805 722 4874 Ἀθήνας
769 4810 973 4878 ἄφιξις.
1035 4812 1096 4868 In
1154 4832 1313 4885 quem
1363 4820 1568 4888 locum,
1621 4826 1837 4880 tametsi
1889 4829 2050 4897 vulgo

479 4897 754 4953 laudatum
787 4903 1160 4977 Chronologis,
1200 4925 1306 4964 non
1357 4913 1622 4978 v’dentnr,
1663 4931 1783 4985 quae
1814 4918 2052 4973 Schnre-

479 4987 758 5045 llcischius
805 5010 1204 5054 commentatus
1234 5012 1335 5068 est,
1370 5005 1686 5060 omittenda.
1723 5007 1796 5062 Ex
1846 5007 2050 5063 Pausa-

480 5088 588 5149 nia,
619 5085 712 5149 ait,
747 5086 912 5156 liquct
941 5101 1046 5144 tam
1078 5095 1356 5162 Acincum,
1388 5099 1539 5155 Iouis
1568 5098 1811 5167 fratrem,
1845 5101 2050 5156 Deuca-

477 5175 640 5231 lionis
668 5179 838 5235 luisse
865 5198 926 5235 cx
957 5181 1196 5253 llelleue,
1218 5199 1379 5256 quam
1413 5187 1615 5258 Epeum
1643 5205 1674 5244 e
1703 5189 2049 5260 Promgenia,

480 5280 859 5337 pt'Otlt'pttlt'ttl.
922 5271 1091 5327 Porro
1135 5274 1262 5344 Epei
1314 5278 1649 5345 temporibus
1713 5278 2050 5335 (Euomaum

481 5359 677 5414 vitissc
703 5361 913 5430 Prlops,
947 5371 1112 5433 atque
1151 5371 1286 5420 adeo
1316 5366 1645 5437 Endymion,
1698 5369 1824 5439 Epci
1877 5380 2051 5441 pater,

2163 4553 2410 4600 veterum
2461 4548 2705 4603 omnium
2744 4566 3016 4608 consensu
3067 4569 3180 4609 non
3231 4554 3395 4610 frater
3442 4549 3674 4607 Erechthei

2151 4633 2335 4700 fuerit,
2369 4639 2468 4690 sed
2499 4637 2663 4706 filius,
2692 4651 2745 4694 et
2775 4650 2904 4695 natu
2937 4643 3159 4711 quidem
3191 4644 3457 4698 maximus
3485 4641 3578 4708 (cui
3605 4653 3672 4691 re-

2150 4741 2340 4795 gnum.
2367 4727 2761 4788 dissidentibus
2809 4735 3034 4802 reliquis
3085 4735 3367 4799 fratribus,
3402 4734 3604 4788 Metione
3633 4737 3675 4780 et

2151 4815 2423 4884 Pandoro,
2450 4819 2668 4878 Xutbus
2694 4822 2984 4879 Erechthei
3035 4839 3206 4895 gener
3237 4823 3580 4894 adiudicavit),
3603 4819 3667 4871 fa-

2150 4919 2299 4963 ctum
2330 4911 2527 4980 Opinor
2551 4914 2826 4969 memoriae
2858 4915 3014 4986 lapsu
3043 4916 3099 4971 iu
3123 4925 3350 4972 auctore
3381 4924 3570 4974 nostro,
3595 4907 3671 4977 qui

2151 5003 2370 5068 fratrem
2395 5004 2621 5074 scripsit
2652 5022 2750 5076 pro
2779 5007 2916 5076 ﬁlio.
2953 5008 3097 5064 Nilﬂl
3124 5013 3327 5080 quippe
3351 5019 3451 5064 tam
3481 5017 3528 5060 et
3551 5001 3673 5058 facile

2153 5097 2417 5164 admisso,
2481 5109 2536 5154 et
2591 5101 2746 5154 venia
2802 5099 3050 5170 dignum,
3087 5102 3139 5156 in
3195 5117 3263 5157 eo
3297 5099 3572 5171 praesertim
3601 5089 3675 5159 (ίίί

2153 5199 2458 5260 temporum
2487 5201 2650 5260 atque
2682 5192 3039 5248 historiarum
3070 5193 3326 5262 congerie
3379 5201 3515 5249 tanta
3548 5186 3670 5240 disti-

2153 5283 2410 5337 nebatur.
2444 5281 2640 5337 Mirum
2673 5282 2778 5340 hoc
2811 5285 3008 5354 magis,
3035 5300 3278 5340 errorem
3311 5283 3375 5337 ad
3415 5283 3518 5336 hac
3538 5279 3670 5330 fertile

2155 5381 2396 5442 tempora
2430 5373 2633 5429 nemini
2661 5374 2996 5440 suboluisse,
3029 5375 3133 5430 nisi
3187 5376 3234 5431 si
3261 5376 3481 5430 fortasse
3526 5367 3670 5450 Culte-
3735 5401 3738 5408 -

481 5463 586 5502 una
613 5452 964 5531 gcucrrtione
996 5453 1170 5524 major
1217 5455 1382 5512 fuisse
1430 5456 1650 5528 Pelope,
1704 5461 1844 5529 apud
1899 5475 2135 5536 eum-,9
2155 5463 2265 5517 lino
2297 5462 2568 5529 Personae,
2601 5464 2716 5532 qui,
2748 5465 3051 5520 adnotantc
3080 5461 3535 5523 Scburzfleiscbio,
3561 5455 3667 5509 Cos-

479 5543 601 5596 tlem
651 5546 898 5602 «locetur.
933 5546 1306 5619 Consequitur
1360 5551 1610 5622 proinde,
1648 5552 1794 5623 quod
1851 5551 2052 5622 Epctts,

478 5633 598 5699 Ion,
632 5638 885 5704 AGIN'US,
920 5623 1402 5711 Pclnps,Acrisius,
1425 5644 1660 5713 .equalcs
1689 5645 1799 5699 fcre
1825 5644 2047 5699 inierint.

481 5725 542 5794 Et
585 5733 772 5799 paucis
833 5734 1168 5807 iutcrjectis,
1226 5735 1421 5791 iterum
1456 5755 1482 5791 c
1515 5735 2051 5824 l‘ausauimuCoriu-

2157 5555 2334 5608 modr.
2365 5566 2456 5608 aet.
2494 5570 2576 5621 ιιι,
2609 5571 2728 5625 cap.
2763 5556 2852 5622 15,
2880 5558 2946 5611 de
2979 5571 3078 5611 suo
3108 5555 3322 5610 videtur
3352 5545 3666 5648 substituisse.

2151 5644 2434 5699 Erechthei
2469 5646 2784 5715 temporibus
2817 5661 2836 5702 .'
2871 5658 2964 5700 attt
2995 5645 3181 5702 nescio
3215 5645 3298 5700 cui
3324 5643 3424 5697 alio
3449 5643 3666 5702 antiqlﬂ‘

2160 5740 2261 5818 rio,
2298 5737 2390 5812 qui
2414 5738 2479 5822 ad
2511 5739 2709 5823 veteris
2741 5739 2860 5796 libri
2880 5754 3043 5820 oram
3076 5739 3188 5796 haec
3232 5738 3355 5794 olim
3386 5724 3666 5794 adnotavit:
