3964 6186
333 360 429 425 ηπ

1593 369 1990 431 VALLARSII
2027 367 2265 432 ΝΟΤΕΕ.

3454 366 3558 425 7‘38

314 479 423 532 Alii
444 487 620 533 tamen
661 477 938 549 Cecropem
975 479 1243 534 Erechthei
1286 480 1454 549 ﬁl'um
1487 481 1741 548 scribunt,
1801 484 1893 538 sed
1927 497 1965 552 Α
1997 479 2214 547 stotele,
2237 478 2366 549 quia
2388 477 2653 533 Aristznus
2683 477 2911 547 Cyrene:
2933 474 3238 541 eratfilius,
3262 474 3556 532 contundi.

313 584 480 636 neque
506 568 730 623 Perseus
757 570 870 638 ejus
903 578 979 623 est
1015 572 1202 639 frater.

1993 573 2128 626 mibi
2168 573 2404 640 amplius
2437 586 2548 624 non
2593 580 2677 625 est
2704 571 2954 624 dubium.
2989 568 3123 622 Vide
3157 569 3380 622 omnino
3406 571 3553 636 npti-

377 659 520 714 lbid.
559 658 833 730 Corgomr.
865 659 1176 715 Parmensis
1220 661 1420 729 aliique
1448 661 1889 717 eodicesbabent
1991 677 2138 716 mum
2169 661 2439 730 Apollonii
2475 661 2663 716 Schol.
2722 661 2789 715 ad
2821 661 2914 714 lib.
2953 675 3014 726 II,
3044 676 3191 718 vers.
3227 661 3351 714 503.
3385 663 3556 712 Porro

311 748 573 819 Gorgonae
605 766 624 803 :
655 750 856 805 rectius
888 751 1086 806 deinde
1140 750 1372 805 Palatin.
1428 763 1750 821 spectatores
1804 756 1888 809 sui
1988 768 2119 824 ergo
2146 755 2190 809 si
2225 752 2457 825 Cyrene,
2505 751 2703 824 llypsei
2742 751 2886 815 tilia,
2914 751 3160 806 condidit
3208 749 3396 804 Cadmi
3442 751 3553 820 jam

309 841 494 910 legunt
531 857 632 912 pro
661 859 770 898 sua:
806 855 826 896 :
861 842 1105 913 Scaliger
1133 860 1272 898 suos.
1315 844 1490 898 Minus
1527 855 1708 899 autem
1746 846 1886 902 bene
1989 852 2236 914 tempore
2262 843 2551 914 Cyreuem,
2575 857 2682 896 non
2707 841 3082 897 animadverto
3111 849 3348 902 tantum,
3375 855 3552 906 quan—

308 935 497 988 meutis
522 935 722 1004 inopes.
755 949 849 1003 pro
879 935 1116 1001 impotes,
1175 947 1230 990 et
1279 937 1511 1005 perhibet
1549 938 1882 1006 scriptorem,

308 1040 406 1092 pro
438 1027 652 1092 prabet.
686 1024 888 1080 Fabu'a
929 1029 1068 1095 apud
1103 1026 1440 1098 mythologos
1501 1037 1552 1082 et
1593 1039 1780 1098 poetas
1809 1030 1881 1085 ita

308 1122 540 1183 prostat,
571 1125 628 1170 ut
656 1115 705 1169 si
733 1113 1040 1183 quempiam
1091 1115 1312 1171 laudare
1346 1117 1477 1172 velis
1530 1117 1599 1172 de
1637 1119 1878 1182 nomine,

302 1205 548 1260 abutaris
569 1221 812 1274 operam.

379 1297 499 1351 Col.
523 1297 648 1352 303.
684 1296 940 1364 Pegasus.
976 1295 1162 1352 Refert
1199 1299 1311 1351 hanc
1347 1298 1590 1369 Scaliger
1641 1302 1878 1356 triennio

305 1398 455 1449 ante,
485 1388 689 1455 primus
719 1387 950 1442 Palatin.
988 1404 1096 1444 ms.
1135 1398 1256 1458 post
1291 1391 1470 1446 adhuc
1498 1407 1672 1448 annos
1710 1395 1877 1463 quin-

302 1491 433 1540 que.
467 1476 929 1536 Schurztleiselrio
955 1479 1172 1534 videtur
1207 1479 1570 1552 Hieronymus
1594 1483 1790 1551 legisse
1819 1484 1874 1542 in

301 1565 495 1622 GrzeCn
516 1569 704 1640 κτῆμά
721 1589 861 1634 τινος
885 1572 1166 1640 γυναικὸς,
1191 1587 1288 1641 pro
1309 1575 1408 1644 τῇς
1429 1576 1708 1640 γυναικὸς,
1731 1592 1872 1647 qute,

303 1659 405 1722 ait,
436 1663 600 1716 verba
637 1661 903 1726 indicant,
938 1679 966 1718 a
997 1662 1217 1716 Medusa
1248 1663 1514 1733 Pegasum
1555 1667 1720 1722 fuisse
1747 1681 1874 1722 ante

303 1765 644 1817 possessum.
675 1753 966 1825 Mytbologi
991 1757 1153 1810 etiam
1187 1756 1400 1820 volunt,
1427 1773 1456 1811 e
1483 1758 1718 1814 Medusa:
1748 1776 1875 1814 san-

306 1841 472 1910 guine
517 1857 644 1896 eum
691 1845 993 1899 exstitisse.
1037 1845 1170 1899 Vide
1230 1845 1452 1902 Pindari
1501 1851 1565 1903 ad
1623 1851 1872 1920 Olympia

301 1944 679 1989 enarratores.
707 1933 953 2004 Scaliger
984 1938 1152 1991 multa
1190 1941 1373 1993 denuo
1403 1942 1470 1993 de
1509 1944 1728 1997 navium
1776 1959 1874 2011 pa-

306 2025 560 2087 rasemis.
613 2025 790 2096 deque
842 2028 948 2080 isto
1002 2027 1486 2099 Bellerophontem,
1541 2036 1685 2103 quod
1750 2044 1873 2088 erat

305 2111 550 2183 Pegasus
577 2115 752 2172 alatus
781 2131 986 2184 equus.
1023 2117 1236 2172 Reeitat
1269 2130 1323 2173 et
1350 2123 1642 2193 Palaepliati
1682 2125 1872 2195 verba,

303 2219 428 2272 qua:
458 2206 626 2260 babes
663 2223 785 2276 cap.
813 2208 904 2273 29,
934 2206 1148 2276 Ὀνομα
1183 2211 1240 2263 δὲ
1270 2209 1338 2282 ἦν
1370 2213 1449 2282 τῷ
1488 2214 1658 2285 πλοίῳ
1690 2217 1879 2284 [lina-

305 2312 424 2357 σος,
463 2297 538 2360 ὡς
587 2299 683 2352 καὶ
720 2298 836 2363 νῦν,
865 2317 919 2352 κ.
951 2317 1003 2352 τ.
1031 2301 1080 2354 λ.
1112 2301 1320 2358 Caetera
1356 2315 1476 2374 pete
1507 2322 1536 2362 e
1569 2309 1878 2378 mythogra-

304 2388 453 2456 phis,
483 2387 711 2458 Hygino,
743 2401 904 2458 atque
935 2393 1077 2446 aliis.

381 2478 517 2532 Ibid.
545 2481 761 2550 Cyrene.
797 2485 974 2554 Atque
1005 2487 1120 2542 haec
1165 2487 1410 2558 Scaliger
1440 2503 1564 2542 ante
1595 2490 1872 2544 biennium

310 2569 480 2623 refert
513 2587 530 2626 :
561 2572 648 2641 qui
679 2589 803 2627 cum
833 2578 1080 2632 observet
1119 2580 1170 2631 in
1203 2578 1356 2632 Notis
1389 2595 1451 2633 ex
1496 2581 1751 2645 Pindaro,
1781 2583 1878 2636 de-

311 2661 502 2715 buisse
537 2663 821 2719 conditum
853 2667 1191 2738 Cyrenarum
1227 2670 1421 2723 referri
1455 2671 1546 2725 diu
1580 2681 1723 2741 post,
1759 2673 1877 2728 sive

306 2749 520 2806 decima
561 2758 792 2824 septima
832 2761 1184 2829 generatione
1211 2775 1241 2813 a
1274 2761 1460 2816 Medea
1499 2778 1516 2817 :
1550 2764 1665 2819 lucc
1694 2776 1874 2818 tamen

306 2855 568 2911 perquam
601 2861 728 2901 vere
751 2849 956 2912 subdit,
989 2865 1110 2920 quae
1140 2849 1375 2908 interest
1403 2869 1678 2923 apponere
1709 2871 1725 2911 ς
1755 2853 1878 2910 Ilaec

303 2933 515 2997 omnia,
545 2950 666 3003 qua:
689 2937 758 2992 de
785 2939 976 2993 eadem
1015 2956 1072 2994 re
1103 2943 1205 3008 bis,
1247 2953 1352 3006 ter,
1385 2959 1582 3012 quater
1620 2955 1877 3016 repeton-

307 3033 399 3077 tur
424 3029 494 3079 ab
527 3026 780 3093 Eusebio,
822 3041 952 3087 sunt
998 3050 1062 3088 ex
1107 3035 1343 3091 diversis
1378 3037 1720 3091 auctoribus.
1758 3036 1872 3092 Non

1991 943 2103 986 tum
2139 933 2379 1002 Scaliger
2405 931 2868 994 comminiscitur,
2897 935 3330 1001 προχρονισμόν.
3360 929 3491 983 Nam
3521 944 3550 980 a

1989 1023 2168 1085 Batto.
2205 1025 2321 1080 sive
2351 1023 2684 1087 Aristotele,
2721 1023 2936 1077 colonia
2969 1033 3178 1077 tantum
3212 1038 3278 1078 eo
3319 1023 3553 1090 denique

1985 1116 2219 1170 deducta
2262 1115 2446 1170 multis
2478 1123 2598 1184 post
2633 1113 2792 1168 annis
2833 1114 2966 1168 mihi
3017 1115 3250 1182 videtur.
3292 1115 3549 1179 Pansam,

1986 1206 2191 1261 Lacon.
2224 1221 2346 1276 cap.
2375 1197 2462 1273 Η,
2511 1206 2784 1275 ’Λγχίονιν
2817 1206 2894 1271 δὲ,
2932 1207 3127 1272 inquit,
3157 1207 3251 1258 καὶ
3270 1204 3346 1273 τῷ
3378 1206 3551 1273 στόλῳ

1984 1297 2277 1364 μετασχεῖν
2308 1295 2383 1365 τῷ
2417 1295 2641 1365 Θηραίῳ
2675 1295 2885 1364 Βάττῳ,
2923 1295 3016 1346 καὶ
3048 1295 3306 1364 Κυρήνην
3334 1293 3550 1360 οἰκῆσαι

1984 1389 2080 1441 σὺν
2107 1387 2426 1458 ἐκείνῳ,κα“ι
2458 1386 2674 1441 Λιϐύων
2703 1387 3195 1458 παρσστρέψασῢαι
3222 1386 3348 1446 τοὺς
3387 1400 3551 1455 προσ-

1984 1478 2236 1552 χώρους,
2282 1479 2557 1546 λέγουσιν.
2598 1477 2796 1532 Eadem
2835 1478 3001 1533 tradit
3030 1477 3294 1547 Georgius
3328 1475 3552 1545 Syncelo

1980 1571 2067 1626 lus
2107 1612 2120 1636 ,
2153 1585 2207 1640 p.
2251 1569 2357 1623 2l‘2
2383 1611 2398 1634 ,
2431 1569 2564 1623 edit.
2593 1567 2794 1631 Paris.,
2830 1571 2986 1636 cujus
3030 1569 3191 1624 verba
3229 1568 3342 1622 haec
3389 1577 3542 1621 sunt:

1979 1661 2206 1730 Θηϐαῖοι
2233 1661 2494 1733 Κηρήνηυ
2515 1659 2736 1730 ᾤκησαν
2769 1662 2907 1714 κατὰ
2935 1660 3203 1731 χρησμόν.
3235 1659 3546 1727 Legendum

1979 1752 2229 1822 Θηραῖοι.
2267 1751 2372 1806 Pro
2399 1753 2629 1820 Θηραῖοι
2665 1754 2931 1823 νησιῶται
2957 1753 3098 1806 male
3135 1753 3318 1806 itidem
3351 1752 3548 1819 legitur

1910 1823 1951 1878 Β
1980 1845 2216 1911 Θηϐαῖοι
2251 1845 2392 1913 apud
2423 1845 2766 1898 Eustatlrium
2798 1846 2864 1898 ad
2894 1844 3116 1914 Dionys.
3150 1858 3293 1898 vers.
3327 1843 3456 1904 9.09,
3492 1858 3546 1909 p.

1980 1935 2072 1988 58.
2103 1927 2172 1988 In.
2196 1934 2332 1989 locis
2365 1944 2545 1989 tamen
2572 1935 2711 1988 datis
2741 1935 2990 1988 Knbnitts
3015 1935 3459 1992 ad'PauSaniam.
3495 1942 3550 1984 et

1982 2026 2284 2082 Euscbiana
2332 2028 2556 2098 sylloge,
2607 2028 2816 2082 οἰκίσαι
2865 2030 3096 2096 legunt,
3146 2043 3253 2080 non
3303 2025 3548 2092 οἰκῆσαι.

1977 2117 2210 2173 Causam
2250 2120 2489 2174 nondum
2521 2118 2806 2188 perspicio.
2846 2117 3034 2171 Crazce
3065 2116 3209 2169 enim
3246 2125 3350 2166 tam
3383 2115 3556 2195 obtst

1981 2211 2158 2276 πῖλιν,
2198 2226 2358 2280 quam
2389 2213 2445 2264 ἐν
2471 2211 2650 2270 πόλει,
2681 2218 2826 2262 recte
2857 2207 2985 2270 diei,
3013 2209 3121 2275 jam
3163 2207 3290 2262 Olim
3327 2203 3391 2256 Il.
3425 2203 3549 2256 Ste-

1982 2304 2195 2373 phanus
2236 2303 2504 2373 probavit.
2541 2301 2745 2355 Deinde
2774 2301 2887 2354 sive
2927 2298 3227 2353 dixerimus
3253 2295 3544 2366 Cyreuem,

1979 2411 2122 2466 quze.
2161 2395 2462 2451 secundmn
2511 2394 2668 2450 Serv.
2721 2394 2787 2448 ad
2822 2391 3043 2447 Eueid.
3119 2390 3217 2444 lib.
3273 2405 3310 2454 I,
3341 2387 3545 2442 civitati

1983 2501 2182 2541 nomen
2213 2487 2383 2550 dedit,
2435 2487 2547 2540 sive
2580 2483 2962 2538 Antenoridas.
3000 2483 3090 2550 qui
3127 2481 3339 2534 Battum
3367 2515 3384 2540 ,
3417 2478 3547 2532 Pin-

1980 2561 2114 2632 daro
2169 2577 2303 2632 nuo.
2354 2577 2380 2630 ἐ
2439 2586 2681 2641 auctore,
2733 2575 2962 2644 benigne
3007 2579 3378 2640 exceperunt.
3418 2581 3543 2622 ante

1980 2673 2157 2740 ipsqu
2186 2671 2412 2751 _Battusn
2457 2670 2511 2723 in
2559 2670 2658 2722 bac
2711 2667 2929 2735 regione
2976 2665 3168 2730 fuisse,
3214 2664 3304 2717 ille
3360 2672 3542 2751 tatneu

1982 2743 2423 2832 Βσιιιιεῖιτιστὴς
2453 2761 2697 2831 quidem,
2734 2768 2789 2814 et
2821 2757 3050 2828 οίκητὴς
3079 2758 3268 2821 etiam,
3303 2743 3546 2824 Cyieues

1978 2855 2106 2919 erit,
2135 2871 2242 2908 non
2277 2871 2402 2908 vero
2440 2855 2538 2923 τῆς
2565 2851 2795 2916 πόλεως,
2822 2851 2874 2904 in
2926 2867 3032 2920 qua
3065 2853 3281 2918 κτήνωρ
3335 2857 3543 2902 tantum

1977 2961 2073 3002 seu
2107 2946 2330 3014 οίκητὴς
2355 2957 2493 3008 erat,
2523 2946 2617 2999 sed
2641 2942 2741 3011 τῆς
2780 2943 2964 3012 χώρας
3016 2957 3134 3010 qua:
3167 2939 3320 2996 Dioni
3352 2939 3548 2995 Cassio

1977 3039 2012 3109 ἡ
2060 3039 2189 3108 περὶ
2212 3037 2474 3112 κυρήνην
2500 3034 2678 3106 Λιϐύη
2714 3033 2960 3090 vocatur.
2991 3034 3116 3088 llaec
3141 3032 3354 3104 Cyrene
3375 3033 3546 3099 regio.

303 3117 452 3171 enim
476 3135 537 3172 ea
565 3130 648 3174 est
679 3122 839 3192 culpa
864 3125 1077 3179 Eusebii
1115 3139 1131 3179 :
1165 3136 1371 3180 tantum
1403 3113 1577 3189 abest,
1607 3137 1668 3179 ut
1695 3129 1875 3196 potius
1904 3151 1949 3210 ς
1984 3130 2236 3199 Κηρηνία
2279 3131 2477 3192 etiam,
2537 3136 2598 3180 ut
2649 3141 2796 3190 reor,
2849 3123 3145 3195 aliquando
3195 3131 3386 3179 vocata
3437 3133 3543 3176 est.

303 3225 373 3264 eo
433 3211 651 3266 nomine
710 3213 786 3267 illi
843 3217 1132 3283 plurimum
1183 3217 1505 3282 debeamus,
1555 3217 1698 3287 quod
1754 3237 1875 3288 qute

1981 3220 2258 3286 Θεοδότου,
2293 3218 2590 3272 ἐπισκόπου
2613 3217 2915 3288 Κηρηνίοις,
2943 3215 3204 3272 memoria
3233 3211 3544 3269 Celebratur

304 3316 500 3368 sparsa
537 3313 698 3356 erant
733 3306 875 3376 apud
927 3318 1204 3372 auctores.
1231 3326 1356 3364 cum
1396 3313 1513 3367 suis
1544 3315 1772 3382 epucbis
1804 3313 1876 3369 si-

306 3402 479 3456 gnata
531 3394 584 3446 in
632 3396 774 3450 hunc
807 3397 1084 3453 Cannnem
1127 3418 1283 3455 suum
1324 3405 1640 3473 ennjecerit.
1692 3407 1877 3475 Neque

302 3483 465 3536 aliter
504 3483 708 3538 debent
765 3486 944 3540 facere
981 3491 1073 3557 qui
1116 3489 1370 3544 Canones
1393 3491 1696 3546 Cbroniens
1741 3494 1876 3545 seri-

303 3572 466 3627 bunt.
501 3571 610 3628 Hoc
647 3590 812 3629 unum
844 3592 950 3630 non
1007 3579 1191 3640 lattdo,
1227 3581 1372 3647 qnnd
1426 3583 1642 3635 nomina
1691 3591 1878 3635 aucto-

303 3679 450 3726 rum,
481 3665 625 3719 unde
657 3667 972 3734 excerpsit,
1006 3686 1111 3723 non
1144 3671 1414 3738 apposuit.
1452 3671 1726 3725 Ilactenus
1761 3672 1872 3726 ille.

299 3758 515 3810 Cetera
541 3772 661 3835 quae
693 3757 796 3810 huc
827 3769 1104 3826 spectant,
1128 3759 1526 3828 praeoccupavit
1547 3761 1876 3814 Sclturzﬂei-

299 3849 512 3902 scbius.
548 3849 652 3903 Pro
682 3849 1114 3919 Cyrene‘civitas.
1141 3852 1257 3917 alii,
1291 3854 1487 3922 inquit,
1523 3853 1743 3908 codices
1782 3853 1876 3907 ba-

300 3940 461 4003 beut.
492 3940 720 4012 Cyrenes
778 3943 988 4008 civitas,
1033 3944 1304 4013 quomodo
1327 3945 1524 4015 ﬂumen
1560 3945 1761 4008 Galesi,
1793 3955 1879 3999 est

302 4032 448 4098 apud
486 4031 788 4085 Horatium.
828 4030 972 4087 Sme
995 4034 1263 4104 Cyrenem
1295 4037 1460 4089 etiam
1485 4036 1648 4089 Silius
1679 4035 1772 4089 lib.
1797 4052 1873 4103 ιι,

300 4127 583 4194 antiquom
610 4127 754 4180 Batti
784 4129 965 4182 urbem
1000 4128 1235 4181 vocavit.
1271 4125 1418 4181 Vixit
1456 4137 1638 4182 autem
1667 4129 1876 4198 Cyrene

298 4219 518 4284 eodem,
553 4234 658 4285 quo
685 4220 943 4285 Cadmus,
978 4228 1241 4286 tempore,
1286 4219 1583 4289 Ἀρισταίῳ
1641 4220 1749 4289 γὰρ
1797 4219 1878 4290 τῷ

311 4308 652 4372 ’Λπόλλωνος
703 4311 796 4363 καὶ
853 4309 1116 4379 Κυρήνης
1180 4308 1454 4379 Αὐτονόην
1495 4310 1596 4380 τὴν
1648 4311 1874 4380 Κάδμου

299 4400 660 4467 συνοικῆσαι,
692 4411 774 4455 est
806 4401 946 4470 apud
972 4399 1206 4453 Pausan.
1238 4399 1460 4454 Pbocie.
1495 4417 1616 4470 cap.
1651 4401 1732 4454 l7.
1755 4400 1872 4456 Jam

1975 3313 2277 3376 Menologio
2306 3311 2342 3364 2
2375 3310 2553 3364 Martii
2575 3349 2591 3373 ,
2624 3311 2679 3362 iu
2709 3319 2833 3379 typo
2865 3311 3035 3378 μονῆς
3067 3307 3127 3364 S.
3160 3305 3377 3371 Sabbte,
3421 3321 3543 3372 cap.

1975 3403 2067 3463 21,
2101 3413 2156 3454 et
2209 3401 2262 3454 in
2302 3399 2625 3468 llorolngio,
2656 3398 2715 3452 S.
2753 3397 2811 3450 S.
2848 3411 2901 3452 a.
2955 3396 3048 3450 Sic
3100 3397 3395 3451 Suetonius
3429 3411 3480 3450 c.
3511 3399 3547 3448 ει

1981 3493 2202 3560 Vespas.
2237 3510 2248 3544 :
2281 3492 2525 3558 Quaestor
2552 3489 2788 3554 Cretam,
2831 3488 3032 3556 inquit,
3065 3499 3114 3541 et
3143 3487 3378 3558 Cyrenas
3421 3504 3544 3555 pro-

1976 3586 2201 3640 vinciam
2252 3584 2390 3651 forte
2439 3585 2594 3652 cepit,
2643 3584 2748 3634 hoc
2781 3592 2884 3639 est.
2916 3582 3127 3650 legatus
3159 3591 3210 3632 et
3244 3591 3546 3649 propraetor

1975 3678 2149 3734 Cretze
2172 3675 2560 3746 etCyreuaicze
2591 3671 2933 3728 constitutus
2961 3682 3064 3726 est.
3099 3671 3231 3726 Vide
3264 3670 3542 3726 Not-isiqu

1977 3775 2042 3822 ad
2076 3767 2405 3836 Cenotapltia
2439 3766 2620 3820 Pisan.
2651 3765 2872 3819 dissert.
2902 3781 2960 3829 ιι,
2993 3779 3113 3834 pag.
3140 3762 3268 3817 22L
3301 3763 3544 3831 Namque

1975 3868 2030 3914 et
2051 3859 2078 3911 ὁ
2107 3859 2410 3929 Κυρηναῖος
2442 3873 2548 3910 non
2581 3865 2792 3910 tantum
2827 3855 3028 3910 dicitur
3073 3859 3102 3909 ὁ
3145 3854 3392 3922 πολίτης,
3450 3853 3544 3908 sed

1979 3966 2217 4021 qunque,
2251 3949 2340 4018 qui
2378 3949 2664 4017 adjacente
2697 3950 2750 4002 in
2788 3949 3007 4020 regione
3045 3960 3206 4002 natus
3253 3958 3375 4010 est,
3409 3961 3544 4014 quo-

1979 4043 2142 4096 modo
2181 4041 2344 4094 etiam
2376 4057 2404 4093 a
2433 4039 2652 4095 Catullo
2683 4040 2912 4112 Cyreme
2943 4049 3150 4094 vocata:
3197 4049 3324 4092 sunt
3372 4029 3544 4090 laser-4

1976 4134 2233 4202 piciferw,
2267 4132 2391 4200 quia
2422 4131 2654 4195 scilicet,
2681 4131 2838 4201 juxta
2875 4132 3223 4193 Strabonem.
3257 4130 3354 4185 lib.
3397 4145 3505 4182 xvn
3527 4167 3545 4193 ,

1978 4243 2029 4296 p.
2061 4226 2184 4288 859,
2217 4225 2409 4294 όμυρεί
2447 4226 2511 4292 τῇ
2540 4222 2820 4295 Κυρηναίᾳ
2841 4226 2909 4294 γῇ
2943 4225 2978 4293 ἡ
3005 4225 3066 4276 τὸ
3092 4209 3300 4291 σίλφιον
3333 4223 3535 4292 φέρου-

1980 4333 2065 4369 σα.
3199 4359 3206 4368 ι
3557 4329 3564 4337 ’

2049 4399 2170 4458 Col.
2208 4402 2336 4458 505.
2371 4401 2632 4456 Debbora.
2667 4401 2866 4456 Eadem
2907 4401 2961 4456 in
2993 4401 3194 4457 Graacis
3225 4402 3368 4472 apud
3401 4401 3544 4473 Syn-

297 4492 544 4546 Cadmns
570 4494 867 4547 secundum
901 4495 1164 4564 quosdam
1203 4509 1292 4547 xlv
1330 4493 1396 4547 ab
1421 4494 1523 4550 boc
1555 4509 1700 4550 anno
1729 4495 1872 4548 Tlte-
1908 4484 1952 4538 Ῐ)
1981 4496 2175 4550 cellum
2215 4493 2386 4546 ferme
2419 4501 2544 4546 sunt
2585 4491 2746 4546 verba
2769 4532 2785 4555 ,
2822 4502 2879 4544 ut
2909 4492 2978 4547 ab
3011 4493 3198 4548 eodem
3237 4493 3545 4548 Eusebiano

300 4585 383 4637 bis
419 4584 686 4651 regnavit.
715 4595 773 4638 ut
805 4595 949 4654 patet
976 4602 1006 4640 e
1031 4603 1182 4640 num.
1214 4585 1342 4640 693.
1375 4587 1514 4656 Ergo
1541 4591 1716 4655 potuit
1743 4601 1875 4641 sane

301 4675 444 4737 beri,
487 4685 544 4727 ut
583 4677 727 4730 circa
765 4676 880 4730 haec
934 4687 1178 4745 tempora
1225 4677 1456 4745 primum
1501 4677 1712 4748 Cyrene
1748 4679 1877 4732 urbs

299 4775 370 4818 sit
411 4768 653 4821 condita.
691 4767 926 4834 Georgio
959 4766 1233 4838 Syneello,
1274 4768 1406 4821 edit.
1439 4769 1614 4825 Paris.
1645 4786 1698 4838 p.
1731 4770 1832 4823 162
1857 4809 1872 4834 ,

300 4859 482 4926 Κυρὶν
535 4866 784 4940 vocatur,
835 4857 1071 4912 dialecto
1123 4857 1356 4913 fortasse
1411 4873 1728 4926 neogrteca,
1768 4861 1871 4914 nisi

301 4947 590 5014 legendum
626 4946 878 5015 Κυρήνη,
908 4945 958 5014 ἢ,
983 4946 1076 4998 καὶ
1108 4947 1240 5014 Κὶρ,
1269 4955 1324 4998 ιιι
1359 4944 1643 5008 iunuatur,
1672 4959 1789 4998 eam
1820 4943 1875 4998 in

299 5037 480 5090 sacris
515 5029 757 5100 Litteris,
805 5039 972 5089 Amos
1015 5051 1068 5090 ix
1095 5076 1109 5098 ,
1163 5051 1306 5090 com.
1357 5034 1410 5092 7.
1443 5036 1704 5106 alibique,
1770 5035 1876 5090 Kir

301 5128 512 5179 vocari.
560 5125 776 5179 Aristaei
826 5124 999 5190 illius,
1033 5140 1064 5179 a
1109 5124 1380 5180 Pausania
1420 5125 1730 5194 memorati,
1757 5141 1876 5180 me-

299 5217 464 5271 minit
487 5219 648 5270 etiam
682 5215 938 5272 Justinus
965 5217 1058 5272 lib.
1091 5233 1204 5277 xm,
1239 5233 1360 5286 eap.
1389 5218 1443 5284 7,
1474 5217 1593 5283 ubi,
1624 5219 1722 5274 etsi
1754 5234 1878 5273 om-

303 5308 396 5362 nia
423 5318 712 5362 truncator
735 5309 823 5364 ille
844 5308 990 5363 Troii
1020 5309 1310 5374 disturbet,
1340 5309 1504 5363 nolim
1541 5319 1719 5364 tamen
1751 5325 1876 5365 eum

302 5395 652 5462 Marshamo,
705 5407 799 5453 aut
830 5397 1131 5462 Simsonio,
1167 5397 1508 5455 Aristotelem
1545 5415 1644 5470 pro
1685 5415 1752 5455 eo
1789 5415 1879 5456 re-

307 5504 536 5557 ponere.
563 5490 848 5553 Arista'us.
878 5508 985 5546 non
1011 5506 1172 5562 nego,
1199 5492 1266 5545 ab
1288 5490 1578 5548 Aristotele
1604 5492 1694 5548 illo
1722 5492 1879 5562 plane

305 5593 396 5636 est
428 5567 702 5646 diversus,
751 5598 926 5653 neque
960 5600 1084 5638 cum
1133 5600 1199 5639 eo
1234 5587 1656 5640 commutandus
1681 5623 1696 5648 ,
1732 5585 1876 5654 quod

305 5683 492 5727 tamen
523 5676 588 5729 ad
619 5675 954 5745 Stephanum
999 5678 1051 5732 in
1079 5693 1212 5733 voce
1243 5677 1538 5732 ΚΥΡΗΝΙΙ
1571 5679 1698 5734 fecit
1726 5679 1876 5735 Tho-

312 5782 436 5823 mas
465 5767 533 5822 dc
565 5765 790 5826 Pinedo.
847 5769 982 5826 Eum
1015 5770 1234 5826 interim
1284 5787 1313 5825 a
1347 5769 1563 5828 Justin
1593 5788 1715 5828 cum
1749 5772 1871 5829 Aui-

1977 4582 2273 4651 exemplari
2299 4596 2423 4634 cum
2450 4579 2584 4649 ipse,
2614 4588 2726 4634 tmn
2748 4579 3005 4635 Cbrouici
3032 4580 3311 4636 Paschalis
3332 4581 3542 4646 auctor,

1978 4693 2144 4746 quem
2191 4676 2498 4742 laudamus,
2533 4680 2810 4746 accepisse
2842 4675 3153 4732 videantur.
3193 4673 3543 4744 Propositum

1979 4783 2143 4836 porro
2196 4777 2345 4821 trnt-t
2399 4767 2667 4824 Eusebius
2717 4769 2808 4838 qui
2859 4782 3031 4821 anites
3084 4765 3376 4820 Servitutis
3439 4766 3543 4818 sub

1978 4861 2314 4929 Alienigeuis
2350 4878 2599 4917 seorsum
2643 4878 2751 4915 non
2782 4873 3056 4924 numerat,
3091 4863 3186 4915 sed
3218 4876 3340 4914 cum
3389 4861 3543 4916 Judi-

1977 4965 2100 5004 cum
2131 4951 2288 5003 annis
2325 4949 2758 5018 comprehcndit.

2050 5040 2193 5094 Ibid.
2234 5039 2335 5094 Ion
2361 5042 2444 5094 vir
2469 5040 2643 5108 furtis.
2665 5039 2793 5094 Jure
2813 5038 3073 5106 Scaliger,
3105 5041 3249 5109 quod
3274 5042 3329 5095 in
3355 5039 3546 5097 Graeco

1978 5132 2326 5201 πολέμαρχος
2352 5131 2574 5190 dicitur.
2617 5133 2754 5184 verti
2784 5131 3069 5186 maluisset
3105 5135 3427 5200 imperator,
3452 5143 3545 5186 aut

1977 5227 2088 5278 dua:
2119 5223 2261 5290 belli,
2292 5240 2454 5293 quam
2483 5225 2560 5277 vir
2591 5223 2765 5292 fortis.
2793 5227 3046 5280 Attamen
3077 5225 3222 5280 haud
3255 5237 3402 5297 puto,
3437 5224 3544 5277 Eu-

1978 5309 2190 5364 sebium
2221 5311 2375 5368 tillud
2423 5311 2513 5366 hic
2557 5322 2770 5380 gestum
2830 5315 3142 5384 designare,
3205 5315 3422 5383 quando
3477 5313 3544 5366 ab

1977 5402 2401 5459 Atheniensibus
2422 5403 2620 5458 tradita
2659 5405 2773 5462 loni
2809 5407 2908 5462 fuit
2942 5423 3152 5462 summa
3201 5406 3327 5461 belli
3366 5403 3542 5457 admi-

1979 5495 2243 5549 nistrandi
2270 5508 2460 5552 contra
2489 5497 2802 5566 Eleusinos,
2830 5510 2888 5555 ut
2913 5498 3165 5568 quoniam
3191 5495 3297 5551 sub
3318 5495 3542 5550 Eumol-

1978 5601 2048 5656 po
2073 5587 2206 5642 illud
2221 5597 2430 5657 gestum
2450 5591 2779 5658 estbellum,
2808 5591 2882 5645 ita
2905 5592 2970 5646 ad
3003 5589 3308 5660 superiora,
3333 5603 3452 5658 qua:
3476 5602 3543 5642 eo

1978 5689 2254 5750 spectant,
2284 5692 2548 5753 tempora,
2581 5686 2696 5742 sivo
2739 5685 2807 5739 ad
2839 5699 2992 5739 num.
3039 5682 3142 5737 646
3178 5680 3291 5736 bare
3319 5680 3386 5734 de
3415 5679 3546 5736 lone

1985 5773 2144 5846 ῥῆσις
2180 5773 2250 5830 sit
2295 5776 2601 5834 referenda.
2653 5777 2878 5848 Prtiprie
2909 5775 3053 5834 enim
3088 5774 3235 5830 aliud
3267 5773 3543 5846 posterius
