3964 6186
281 293 385 358 Sil
445 357 456 364 ,

1561 291 1965 353 VALLARSII
2002 293 2240 358 NOTAE.

3438 306 3547 371 802

290 407 507 467 dicitur,
541 385 600 457 ut
631 402 876 473 probavit
915 390 1128 474 egregie
1171 419 1220 458 v.
1270 421 1320 466 c,
1356 405 1514 462 Rich.
1551 407 1850 476 Bentleius,
1886 413 1928 470 Α
1959 407 2262 473 conditore,
2296 409 2449 463 Ilium
2473 419 2693 465 vocant.
2729 410 3024 476 Homerus.
3057 413 3350 481 Diodorus,
3377 417 3535 472 Stra-

288 493 440 557 cpist.
467 493 533 546 ad
567 493 814 554 Millium,
846 492 1050 547 Malalze
1083 509 1317 558 annexa,
1354 513 1475 566 pag.
1503 499 1594 553 71.
1622 499 1737 553 Non
1777 500 1856 550 vi-

284 588 383 639 deo
410 600 563 656 ergo,
589 601 688 638 cur
717 585 1020 640 Sichardus
1054 597 1247 642 contra
1282 603 1414 644 mss.
1445 591 1850 670 auctoritatem,

288 677 456 730 Midas
495 678 820 746 reposuerit.
853 676 1109 748 Phrygia,
1141 679 1226 733 cui
1258 696 1517 750 regnasse
1541 681 1682 738 Mida
1712 685 1852 738 dici-

282 779 391 828 tur,
417 768 449 836 ἡ
485 767 700 837 μεγάλη
729 777 813 822 est
844 767 1216 837 intelligenda,
1246 780 1306 824 ut
1335 773 1364 824 ὁ
1390 773 1716 841 γεωγράφος
1756 774 1852 830 ill).

279 875 354 913 xu
379 901 394 922 ,
430 876 552 928 pag.
595 860 721 922 56l.
754 869 810 914 et
839 877 902 914 cx
932 857 999 915 eo
1041 861 1357 917 Eustathius
1388 865 1454 916 ad
1491 865 1711 935 Dionys.
1750 868 1851 923 Pe-

282 952 493 1018 ricget.,
526 967 670 1006 vers.
697 951 822 1018 8l2,
861 954 1220 1008 adnotat-unt.
1254 954 1326 1009 lbi
1358 959 1524 1022 enim,
1561 975 1680 1025 qua:
1723 971 1854 1015 sunt

276 1061 463 1100 eorum
499 1048 685 1113 verba,
709 1047 737 1099 ὁ
768 1049 944 1109 Μίδας
977 1046 1139 1116 ἄρξαι
1167 1048 1405 1116 λέγεται.

345 1133 468 1191 Col.
499 1136 624 1192 505.
650 1138 958 1208 Argivorum
986 1153 1130 1206 reges
1155 1139 1474 1207 defecerunt.
1511 1139 1563 1194 In
1589 1139 1848 1210 Scaligcri

277 1227 549 1286 editione.
583 1228 897 1297 Argivorum
934 1243 1149 1296 regnum
1178 1228 1384 1296 defecit,
1418 1231 1557 1298 quod
1587 1231 1727 1285 stetit
1749 1251 1848 1286 αη-

273 1319 351 1370 nis
380 1335 536 1372 nxt.tv
567 1336 729 1388 usque
751 1321 821 1373 ad
848 1318 1108 1388 Pelopem,
1135 1321 1224 1387 qui
1250 1325 1478 1388 regnavit
1499 1340 1586 1376 an.
1614 1340 1727 1379 th.
1757 1325 1849 1378 Di-

274 1395 499 1464 vellitur
527 1427 688 1479 porro
709 1412 834 1466 hinc
850 1413 1193 1481 subsequens
1213 1414 1278 1466 de
1304 1413 1521 1477 Perseo,
1549 1417 1714 1486 atque
1730 1421 1850 1474 aliis

272 1505 624 1573 Mycenarum
655 1506 873 1572 regibus
907 1505 1134 1558 histeria
1159 1520 1324 1573 usque
1347 1509 1415 1560 ad
1439 1508 1848 1566 lleraclitlarum

265 1596 594 1659 descensum,
623 1583 749 1663 quire
793 1595 847 1649 in
881 1595 1114 1650 alterum
1147 1598 1214 1650 ab
1248 1598 1350 1653 hoc
1387 1616 1591 1654 annum
1625 1604 1845 1658 confer-

266 1693 376 1737 tur.
417 1683 639 1757 Legitur
663 1699 878 1752 quoque
913 1685 1008 1750 ibi,
1043 1689 1097 1738 in
1129 1685 1374 1753 Mycenas
1415 1691 1636 1756 imperio
1665 1699 1846 1745 trans-

1961 498 2050 561 bo,
2079 498 2315 566 denique
2351 498 2574 557 Servius
2609 503 2662 556 in
2702 504 3027 573 principium
3060 505 3280 561 [Eneid.
3322 525 3336 561 :
3375 508 3538 578 Troia

1957 587 2102 656 regio
2130 601 2203 641 est
2240 591 2378 644 Asia
2423 607 2441 645 :
2493 590 2656 644 Ilium
2703 594 2890 648 civitas
2937 605 3014 648 est
3048 596 3228 665 Troja.
3264 598 3536 668 Colligere
3605 631 3610 635 ~

1953 679 2088 734 hinc
2114 689 2220 742 est.
2258 681 2456 749 exiguo
2502 685 2727 737 alterum
2757 685 2916 740 alteri
2949 693 3127 754 spatio
3169 695 3535 757 prteccssissc.

1955 769 2201 838 Scaliger
2235 774 2328 842 qui
2375 773 2516 827 hanc
2547 774 2858 842 periochatn
2891 777 2956 830 ad
2999 793 3153 831 nutu.
3191 781 3373 833 retulit
3403 781 3530 845 698,

1955 864 2122 916 ait.in
2151 864 2424 919 Chronico
2460 866 2601 934 apud
2645 866 3001 932 Clementem,
3033 872 3338 924 sexadhuc
3374 875 3534 925 annis

1954 965 2112 1009 antea
2142 956 2222 1010 Ilii
2255 959 2536 1012 cenditum
2565 959 2835 1029 assignari
2869 971 2894 1013 :‘
2932 966 3392 1030 queniadmndum
3430 965 3533 1017 ha-'

1955 1047 2043 1100 bet
2077 1056 2132 1101 ct
2163 1047 2346 1103 Petav.
2381 1065 2541 1119 quem
2569 1049 2752 1103 laudat
2783 1049 3530 1126 Codex,nurn.‘scilicet70l,

1953 1153 2064 1206 quo
2091 1155 2237 1195 anno
2270 1139 2515 1211 Olympia
2547 1143 2765 1212 Pelopis
2787 1144 3060 1198 celebrata
3088 1146 3330 1203 fuerunt.

2027 1231 2164 1287 Ibid.
2196 1233 2384 1288 Laius.
2412 1235 2550 1290 Nota
2592 1237 2822 1290 historia
2857 1252 2926 1312 ex
2958 1237 3230 1294 Pausania
3263 1243 3314 1296 itt
3351 1242 3528 1298 Bmot.

1951 1342 2074 1394 cap.
2110 1328 2164 1392 5,
2194 1328 2524 1397 Apollodoro
2561 1331 2657 1383 lib.
2690 1343 2772 1395 nt,
2814 1329 3027 1401 Hygino
3059 1349 3183 1402 cap.
3209 1333 3301 1398 85,
3335 1335 3532 1390 Pisan-

1952 1420 2053 1474 dro
2078 1421 2221 1488 apud
2256 1420 2443 1488 Eurip.
2466 1419 2850 1483 St'hoiiastt'm,
2890 1432 3054 1490 atque
3083 1424 3302 1480 aliiszex
3328 1427 3532 1494 quibus

1951 1513 2212 1582 colligere
2245 1515 2412 1566 etiam
2444 1522 2560 1576 est,
2592 1513 2714 1581 quis
2767 1515 2870 1566 iste
2917 1514 3258 1583 Chrysippus
3309 1518 3471 1572 fuerit
3509 1535 3526 1572 :

1954 1605 2162 1659 scilicet
2207 1604 2380 1672 ipsius
2412 1602 2638 1672 Pelopis
2668 1618 2738 1656 ex
2770 1605 3080 1658 concubina
3141 1607 3307 1673 ﬁlius,
3365 1621 3526 1678 quem

1951 1694 2116 1748 Laius
2151 1706 2325 1748 artem
2379 1695 2626 1746 curulem
2665 1694 2908 1760 edocuit,
2938 1695 3166 1765 ejusque
3187 1711 3375 1756 amore
3397 1717 3528 1757 suc-

265 1777 400 1828 lato.
426 1775 492 1830 Et
515 1777 702 1829 ibidem
726 1791 866 1844 reges
895 1777 1108 1844 [uerunt
1133 1777 1380 1846 Perseus,
1409 1781 1706 1847 Sthenelus,
1733 1797 1842 1840 ctc.
1881 1765 1920 1818 η
1949 1799 2148 1836 census
2183 1783 2384 1852 rapuit.
2415 1781 2498 1837 0b
2541 1784 2592 1836 id
2625 1787 2769 1837 enim
2800 1783 2996 1854 Pelops
3021 1787 3157 1842 Laio
3189 1789 3529 1859 imprecatus

265 1867 426 1942 "tunc
468 1882 646 1936 regem
678 1866 951 1923 Pontacus
985 1884 1109 1924 cum
1157 1873 1210 1925 in
1245 1889 1342 1927 sua
1394 1875 1712 1929 recensione
1748 1876 1849 1928 ad-

266 1961 534 2021 misisset,
575 1961 627 2013 in
661 1959 814 2014 Notis
844 1957 1010 2030 jussit
1041 1967 1271 2034 expungi
1311 1983 1323 2018 :
1362 1983 1459 2022 ltus
1489 1970 1554 2020 ad
1583 1967 1844 2021 Parmen-

264 2052 345 2106 sis
367 2052 708 2120 aliorumqne
735 2062 981 2106 veterum
1014 2053 1278 2109 librorum
1309 2057 1466 2111 fidem
1493 2053 1842 2124 retinuimus,

261 2143 460 2196 Grch
508 2145 670 2198 etiam
732 2147 1062 2202 concinente
1123 2149 1266 2216 apud
1315 2148 1633 2219 Syncellutn
1671 2162 1844 2204 tcxtn.

260 2235 485 2290 Primus
513 2234 800 2291 Palatinus
831 2252 939 2291 ms.
965 2249 1020 2292 et
1043 2241 1368 2294 vetustiores
1391 2243 1517 2292 editi
1543 2242 1664 2294 libri
1693 2244 1844 2310 prio-

260 2341 380 2380 rem
407 2328 586 2396 ῥῆσιν,
617 2328 807 2383 iisdem
839 2340 1001 2396 atque
1037 2347 1135 2384 nos
1169 2331 1358 2384 verbis
1389 2343 1732 2401 conceptam,
1765 2335 1839 2389 ita

213 2426 228 2432 “
259 2421 609 2485 continuant,
635 2437 800 2474 annos
833 2435 939 2482 nx.
987 2433 1034 2477 et
1063 2424 1117 2475 in
1145 2423 1394 2492 Mycenas
1417 2424 1637 2490 imperio
1665 2435 1844 2481 trans-

260 2514 398 2576 lato,
439 2523 556 2582 post
588 2514 854 2568 Acrisium
892 2517 1123 2586 regnavit
1151 2514 1473 2585 Eurystheus
1505 2517 1647 2583 filius
1675 2516 1838 2572 Sthe-

259 2603 373 2658 neli
408 2607 572 2658 annos
609 2621 733 2684 xLy.
770 2607 974 2661 Exinde
1019 2623 1162 2662 novo
1197 2608 1441 2676 capitulo
1477 2625 1490 2660 :
1526 2606 1646 2664 Post
1681 2612 1839 2665 Acri-

258 2701 429 2762 sium,
457 2700 520 2752 'in
549 2698 797 2770 Mycenas
831 2701 1148 2770 Argivorum
1213 2703 1429 2767 imperio
1460 2705 1744 2769 translato,
1786 2709 1840 2760 hi

171 2831 180 2840 .
256 2809 410 2862 reges
455 2792 689 2863 fuerunt,
725 2793 970 2858 Perseus,
1001 2795 1433 2859 Sthenelus,etc.
1481 2800 1669 2864 Quoad
1708 2801 1835 2855 facti

254 2869 527 2953 epoclta‘m
562 2885 862 2942 Cebalinus
886 2886 1124 2941 Persona
1161 2898 1214 2942 et
1248 2889 1477 2945 durasse
1508 2890 1834 2960 Argivorum

255 2977 328 3031 im
340 2978 550 3046 perium
571 2993 661 3046 per
697 2995 863 3033 annos
880 2995 1038 3035 nth':
1062 2995 1168 3034 non
1191 2981 1471 3047 diﬂitetur,
1495 2995 1547 3037 ct
1570 2985 1837 3041 dell-cisse

253 3077 442 3123 tmneu
479 3079 603 3138 post
633 3070 912 3125 biennium
950 3073 1020 3127 ab
1055 3073 1273 3127 Eusebii
1304 3074 1621 3131 recensione
1656 3086 1830 3139 notat,
1859 3109 1904 3170 ο

249 3159 512 3226 Regnum,
543 3162 736 3230 inquit,
771 3165 1111 3234 Argivorum,
1136 3166 1276 3233 quod
1308 3167 1518 3219 duravit
1541 3184 1633 3235 per
1661 3186 1827 3222 atinas

247 3267 306 3306 tn
321 3269 437 3318 Liv,
455 3253 645 3321 defecit
667 3263 714 3308 et
750 3255 986 3324 defertur
1017 3257 1086 3309 ad
1122 3255 1396 3325 Mycenas.
1432 3268 1481 3312 et
1507 3260 1602 3312 hoc
1628 3261 1830 3329 factum

247 3356 322 3397 est
365 3360 502 3396 anno
535 3345 598 3398 18
628 3345 785 3414 hujus
830 3348 964 3417 regis
1012 3345 1340 3416 (Lamparis)
1379 3349 1737 3419 Assyriorum,
1778 3362 1826 3406 et

245 3437 489 3505 regnavit
532 3438 674 3506 apud
705 3435 960 3508 Mycenas
989 3440 1198 3505 primus
1233 3439 1443 3510 Pelops,
1474 3446 1563 3510 qui
1598 3447 1829 3513 regnavit

245 3547 336 3586 ιιι
397 3546 584 3585 annos.
640 3529 705 3584 Et
756 3529 1005 3585 Gobelini
1061 3533 1282 3599 quidem
1338 3533 1578 3588 rationes
1634 3537 1830 3604 probat

243 3624 298 3678 Si
322 3623 768 3687 hurzlleiscbins,
816 3624 982 3678 modo
1011 3625 1066 3678 in
1104 3638 1168 3677 eo
1200 3622 1439 3679 Eusebio
1489 3631 1829 3682 rescribatnr

241 3731 344 3782 per
379 3731 546 3768 annos
572 3730 752 3781 eum,
777 3713 1002 3790 vultque
1031 3715 1146 3770 haec
1191 3719 1375 3772 Omnia
1424 3719 1490 3773 ad
1540 3736 1692 3774 nutu.
1722 3721 1826 3776 707

239 3821 370 3861 esse
401 3805 684 3862 referenda
723 3823 736 3858 :
771 3806 814 3861 si
847 3801 1067 3876 quidem
1097 3811 1306 3876 primus
1335 3825 1517 3866 annus
1549 3813 1696 3880 regni
1721 3813 1825 3864 Ar-

239 3898 495 3965 givorum
529 3895 970 3950 Abrahamiticus
1028 3896 1118 3952 161
1178 3897 1362 3954 luerit.
1421 3899 1503 3953 Ab
1553 3913 1621 3953 co
1675 3900 1822 3952 cnim

236 4005 392 4045 anno
421 4005 593 4057 usque
617 3989 683 4044 ad
710 3989 812 4044 70-!
838 3989 936 4043 soli
972 4001 1329 4044 numerantur
1350 3990 1475 4044 543.
1503 3993 1679 4059 Atque
1713 3990 1825 4044 huc

235 4081 335 4135 ille
361 4079 517 4148 juxta
560 4077 825 4147 Scaligeri
855 4079 1256 4148 recensionem,
1291 4097 1412 4150 qum
1444 4091 1661 4137 constat
1695 4084 1826 4136 satis

236 4172 378 4226 bene
413 4171 518 4226 sibi
542 4187 558 4237 ;
594 4177 770 4241 potest
795 4170 942 4224 enim
967 4209 984 4235 ,
1015 4185 1078 4226 ac
1105 4173 1266 4227 debet
1298 4173 1415 4244 ipse
1444 4174 1825 4245 quingentesi-

235 4278 363 4315 mns
393 4261 850 4330 quadragesimus
878 4270 1106 4331 quartus
1145 4279 1320 4319 annus
1355 4265 1585 4318 includi.
1623 4265 1820 4320 Verum

235 4357 289 4407 in
333 4353 666 4416 Ponlacena,
701 4364 864 4423 atque
900 4357 1036 4409 adeo
1075 4356 1174 4409 hac
1213 4365 1425 4418 nostra,
1459 4371 1579 4422 qua:
1623 4357 1691 4410 ab
1723 4373 1823 4411 nu-

234 4461 394 4501 mero
427 4445 527 4500 159
580 4445 907 4516 Argivorum
935 4448 1084 4515 regni
1119 4447 1289 4502 sumit
1318 4446 1559 4509 initium,
1587 4448 1814 4502 omnino
1849 4448 1892 4504 D

230 4540 356 4607 eius
389 4540 722 4595 diuturnitas
757 4541 916 4594 annis
949 4540 1054 4593 546
1095 4541 1400 4608 perstitisse
1427 4540 1652 4594 dicenda
1690 4552 1773 4595 est
1800 4582 1814 4606 ,

232 4641 293 4685 ut
330 4633 402 4684 ab
435 4647 503 4686 eo
535 4646 768 4685 numero
805 4633 872 4686 ad
924 4632 1066 4686 hunc
1099 4633 1289 4686 saltem
1341 4632 1446 4687 705
1483 4643 1625 4688 recta
1682 4634 1812 4686 inita

232 4725 451 4779 ratione
491 4723 750 4778 devenire
789 4725 972 4779 liceat.
1018 4725 1199 4779 Potuit
1237 4734 1294 4780 et
1330 4725 1538 4794 passim
1592 4727 1812 4778 obvium

231 4817 370 4872 illud
398 4830 522 4870 esse
541 4815 992 4884 Antiquariorum
1032 4817 1256 4885 σφάλμα
1293 4816 1344 4868 in
1387 4817 1687 4870 nuntcricis
1716 4833 1814 4884 p0-

231 4907 460 4962 stretnis
485 4905 627 4959 notis
658 4921 708 4958 tv
737 4921 836 4976 pro
867 4922 916 4960 \‘l
947 4905 1376 4975 tranSponentlis
1407 4921 1420 4958 :
1453 4906 1598 4975 quod
1627 4920 1814 4960 ριιιθη·

231 4999 358 5054 dari
402 4999 587 5051 velim.
1339 4995 1342 4998 ’

307 5091 430 5146 Col.
467 5091 592 5143 305.
629 5090 976 5159 Eurystheus.
1011 5092 1210 5149 Recole
1237 5094 1490 5162 superius
1520 5110 1640 5163 qme
1673 5093 1814 5147 scri-

231 5185 454 5253 psimus
505 5185 570 5237 ad
609 5199 759 5237 num.
818 5184 922 5242 5'78
965 5185 1030 5240 de
1063 5183 1337 5240 Euristhei
1386 5186 1490 5240 lilia
1530 5187 1812 5240 sacerdote

231 5277 292 5330 in
332 5274 514 5342 Argis.

308 5367 429 5420 Col.
459 5366 582 5421 2:07.
613 5366 794 5422 Ilium.
819 5365 1062 5438 Troiam,
1090 5383 1212 5436 qua:
1235 5369 1304 5423 ab
1329 5369 1386 5422 lii
1417 5381 1565 5438 patre
1585 5371 1809 5425 condita

225 5469 342 5523 est,
394 5475 556 5514 verus
605 5451 988 5530 Chronologns
1043 5460 1184 5529 apud
1241 5461 1578 5516 Clementem
1648 5463 1740 5517 lib.
1797 5479 1810 5517 t

228 5553 535 5612 Strotnat..
569 5554 788 5623 triginta
816 5562 1053 5624 quatuor
1076 5568 1103 5605 a
1133 5550 1312 5608 Persri
1336 5556 1680 5625 cxpcditinne
1711 5573 1812 5609 an-

226 5645 322 5696 nis
351 5642 542 5697 refert.
596 5644 671 5698 ita
724 5661 850 5699 rcro
891 5650 1166 5715 regionem
1217 5651 1388 5715 ipsam
1438 5664 1640 5701 vocare
1683 5663 1805 5700 cum

227 5747 419 5792 ament
451 5735 646 5805 Graeci,
690 5739 874 5795 urbem
917 5741 985 5795 ab
1027 5741 1117 5796 illo
1147 5739 1306 5796 Trois
1346 5740 1455 5794 ﬁlio
1485 5752 1650 5810 atque
1687 5741 1808 5812 ein;

1951 1874 2184 1943 Optavit.
2237 1883 2298 1928 ut
2342 1874 2434 1941 qui
2481 1890 2549 1927 ex
2589 1890 2656 1928 co
2702 1875 2849 1928 lilius
2883 1888 3223 1943 nasceretur,
3256 1883 3528 1948 parricida

1949 1974 2115 2019 esset.
2149 1965 2253 2018 Sed
2288 1975 2344 2019 et
2370 1966 2660 2021 scltoliasta
2694 1967 2936 2036 [Escbyli
2989 1969 3042 2022 in
3105 1971 3366 2026 ὑποθέσει
3428 1977 3529 2043 τῆς

1957 2055 2131 2109 Ἑπτὰ
2159 2057 2252 2108 ἐπὶ
2279 2057 2496 2126 Θηϐῶν,
2525 2058 2984 2114 Bchurzlleiscltio
3007 2061 3413 2130 latldatus,'0n
3435 2071 3536 2120 τὴν

1947 2147 2045 2200 τοῦ
2079 2149 2319 2211 Πέλοπος
2353 2150 2466 2202 υἱὸν
2500 2151 2848 2220 Χρύσιππον,
2882 2152 3049 2215 Aulo;
3084 2155 3358 2224 ἥρπασεν,
3394 2161 3530 2227 ἐρα-

1949 2238 2084 2307 στὴς
2147 2239 2338 2302 αὐτοῦ,
2387 2241 2481 2292 καὶ
2513 2240 2665 2310 αὐτῷ
2711 2253 3047 2309 συνεγένετο,
3091 2246 3183 2296 καὶ
3215 2248 3434 2316 πρῶτος
3469 2251 3530 2302 ὲν

1946 2326 2258 2397 ἀνθρώποις
2303 2327 2403 2398 τὴν
2431 2329 2871 2398 ἁρῤενοφϐοριαν
2952 2332 3226 2396 ὑπέδειξε,
3267 2336 3532 2408 καθάπερ

1944 2419 2008 2490 δὴ
2039 2421 2133 2472 καὶ
2178 2422 2206 2472 ὁ
2251 2423 2390 2482 Ζεὺς
2447 2423 2506 2474 ὲν
2537 2421 2703 2485 Θεοῖς,
2753 2423 2846 2475 τὸν
2882 2424 3208 2494 Γανυμήδην
3241 2428 3524 2496 ἁρπάσας.

1946 2511 2210 2566 Eumdem
2247 2521 2516 2566 memorat
2541 2523 2596 2568 et
2622 2513 2850 2569 Graecus
2881 2516 3156 2585 interpres
3199 2518 3422 2575 Pindari
3455 2525 3524 2576 ad

1943 2605 2055 2658 Ὀλ.
2082 2622 2142 2669 α,
2179 2618 2232 2659 et
2255 2607 2530 2674 Euripidis
2561 2611 2626 2660 ad
2651 2607 2922 2662 Orestem.
2954 2609 3195 2679 Scaliger
3221 2622 3374 2666 notat
3404 2617 3531 2671 aliis

1945 2698 2052 2751 dici
2085 2699 2453 2769 Chrysippum
2489 2701 2541 2752 in
2579 2710 2805 2768 putetun
2837 2716 2866 2755 a
2899 2701 3161 2759 fratribus
3195 2705 3526 2774 projectum,

1942 2789 2317 2860 Hippodamia:
2349 2793 2540 2848 matris
2579 2795 2843 2849 instinctu
2897 2811 2910 2847 :
2947 2812 3053 2864 qua
3097 2798 3163 2850 de
3193 2815 3251 2851 re
3283 2800 3427 2854 illam
3456 2819 3525 2866 cx

1942 2883 2144 2939 Tzetze
2173 2884 2224 2936 in
2262 2884 2513 2940 versibus
2541 2885 2784 2942 Politicis
2818 2887 3070 2941 laciniam
3107 2889 3326 2946 adducit
3363 2908 3380 2948 :

1951 2998 2202 3075 ρὶσςριεὺς,Δ
2239 2998 2747 3075 Θιξέστης-ἁξελφοὶ,
2779 2990 2871 3056 καί
2910 3021 3057 3062 τινες
3087 3006 3238 3058 ἄλλοι
3274 3007 3519 3075 uisio-ag,

1941 3069 2138 3146 Ηαζδες
2158 3071 2204 3121 ol
2245 3069 2446 3146 πάνῖες
2479 3071 2746 3146 Πέξοςιῑος,
2780 3076 2872 3125 καὶ
2907 3075 3008 3146 τῆς
3045 3075 3461 3146 Ἱπποδαμείας,

1935 3138 2261 3204 Χρύσιππο;
2288 3139 2496 3202 τούτοις
2527 3142 2774 3211 ἀδελφὸς,
2801 3158 2856 3196 κ.
2892 3161 2944 3199 τ.
2981 3144 3032 3198 λ.

1935 3249 2434 3307 Schurzlleischius
2481 3263 2654 3317 notat,
2696 3270 2792 3323 pro
2839 3254 3002 3308 Laius
3037 3256 3388 3328 Chrysippum
3425 3276 3518 3312 ra-

1929 3345 2068 3411 puit,
2105 3345 2158 3398 itt
2233 3345 2408 3414 primo
2463 3345 2730 3410 Palatino.
2787 3357 2840 3402 et
2898 3347 3223 3402 Sichardina
3278 3351 3530 3406 editione

1931 3446 2188 3505 corrupte
2217 3437 2402 3492 haberi
2442 3437 2678 3508 Lugius:
2712 3441 2764 3493 in
2807 3441 2950 3502 aliis.
2987 3451 3045 3494 ιιι
3083 3452 3138 3495 et
3175 3453 3372 3511 quarto
3416 3445 3520 3498 Pa-

1931 3525 2124 3590 latino,
2153 3527 2333 3583 Iasius
2367 3529 2611 3598 Crispum
2645 3526 2844 3598 rapuit.

2000 3621 2119 3677 Col.
2161 3622 2286 3676 ⁸507.
2325 3623 2552 3693 Mycenis
2601 3624 2844 3678 Perseus.
2882 3625 2982 3678 l'ro
3030 3625 3230 3679 Perseo
3292 3627 3520 3694 cjnSun

1929 3722 2137 3778 septem
2176 3713 2516 3782 rcgniannis
2577 3713 2692 3766 haec
2748 3715 2992 3783 Scaliger
3046 3715 3350 3776 subsliutit,
3415 3717 3524 3771 Rex

1932 3804 2233 3866 Sthenelus,
2261 3805 2317 3857 in
2345 3804 2592 3875 Mycenas
2617 3807 2837 3873 imperio
2861 3807 3144 3873 translato,
3173 3813 3404 3880 regnarit
3423 3827 3524 3862 an-

1929 3898 2012 3950 nis
2045 3913 2166 3951 Vlll.
2201 3896 2350 3951 Sane
2383 3908 2674 3966 utrumque
2721 3900 2880 3952 simul
2909 3900 3062 3971 jungi
3097 3903 3196 3954 hac
3241 3903 3520 3969 periocha,

1928 4002 2050 4044 cum
2088 3996 2240 4055 patre
2287 3989 2542 4042 videlicet
2576 3988 2794 4052 Persco,
2829 3989 2998 4044 lilium
3050 3992 3394 4058 Sthenelum,
3429 4011 3518 4046 sa-

1929 4081 2036 4136 tius
2067 4091 2226 4148 erat;
2260 4088 2314 4133 at
2344 4080 2388 4133 si
2422 4095 2452 4134 e
2483 4081 2696 4134 duobus
2732 4081 3058 4135 alterutrum
3101 4082 3372 4137 Eusebius
3413 4101 3513 4151 po-

1927 4172 2060 4237 suit,
2094 4173 2226 4226 nihil
2255 4173 2480 4228 dubium
2522 4190 2641 4229 esse
2690 4175 2872 4239 debet,
2911 4177 3040 4244 quin
3079 4173 3342 4229 Sthenelo
3377 4193 3516 4244 pra:-

1928 4263 2202 4325 termisso,
2233 4263 2494 4317 Perseum
2543 4265 2898 4319 recensuerit.
2940 4263 3017 4317 Ita
3069 4266 3231 4318 habet
3259 4273 3316 4318 et
3343 4268 3515 4320 series

1926 4351 1981 4406 in
2018 4351 2294 4405 Prommio
2325 4353 2470 4408 libri.

1992 4442 2127 4497 ibid.
2163 4441 2435 4512 Templum
2469 4444 2523 4497 in
2553 4442 2830 4498 Eleusino.
2865 4443 3038 4508 lianc,
3078 4453 3138 4500 ut
3169 4456 3222 4501 et
3259 4447 3512 4517 superio-

1927 4551 2040 4588 rem
2073 4534 2321 4602 proxime
2377 4537 2716 4604 periucham,
2751 4535 3000 4607 Scallger
3057 4548 3180 4607 post
3230 4540 3510 4594 biennium

1925 4625 2124 4680 differt.
2163 4625 2254 4679 Ait
2283 4640 2410 4679 vero
2437 4627 2490 4680 in
2524 4623 2702 4692 Notis,
2731 4625 2967 4682 Tatiano
2993 4628 3094 4682 sub
3134 4627 3351 4699 Lynceo
3384 4645 3510 4700 rege

1925 4721 1960 4789 ὴ
1991 4721 2250 4788 τεμένους
2281 4721 2340 4772 ὲν
2371 4719 2638 4773 Ἐλευςῖνι
2675 4720 3017 4789 καθιδρυσις.
3063 4721 3146 4774 Ab
3178 4723 3332 4776 initio
3367 4723 3510 4791 Lyn-

1926 4811 2006 4866 cei
2041 4814 2105 4863 ad
2140 4813 2281 4866 hunc
2313 4828 2543 4875 annum,
2578 4813 2932 4866 intervallum
2974 4821 3057 4865 est
3087 4827 3350 4867 annorum
3388 4815 3510 4869 1‘12;

1927 4903 2030 4957 Sed
2071 4913 2199 4957 tunc
2253 4903 2467 4956 vivebat
2502 4903 2792 4972 Eumolpus
2839 4902 3180 4959 Thraxzhoc
3213 4920 3340 4960 vero
3373 4916 3520 4962 letu-

1925 5009 2056 5064 pore
2121 4995 2416 5061 Eumolpus
2469 4995 2536 5046 ab
2574 4993 2664 5048 illo
2692 4993 2906 5049 Thrace
2951 4996 3207 5062 quintus;
3264 5009 3318 5052 et
3372 4999 3524 5055 hunc

1924 5089 2245 5156 abnepotem
2293 5087 2671 5156 Mysteriorum
2709 5088 3088 5143 Eleusinorqu
3115 5102 3394 5146 auctorem
3420 5107 3518 5145 su-

1922 5197 2016 5251 pra
2049 5184 2378 5240 docuimus:
2427 5189 2484 5235 et
2513 5179 2739 5248 proinde
2787 5182 3040 5250 sequitur
3090 5191 3144 5236 et
3194 5183 3506 5237 Eleusinum

1925 5274 2113 5328 fanum
2149 5273 2217 5326 ab
2247 5286 2312 5325 co
2333 5271 2652 5337 conditum;
2681 5287 2856 5342 neque
2889 5274 2955 5328 de
2987 5273 3092 5328 hoc
3127 5274 3518 5338 dubitandum,

1921 5365 2222 5434 praesertim
2257 5379 2378 5419 cum
2412 5363 2502 5417 alii
2538 5366 2770 5432 primum
2797 5367 2950 5420 illtttn
2983 5367 3217 5433 Thraca,
3248 5369 3337 5420 alii
3365 5368 3507 5419 hunc

1923 5465 2254 5526 postremum
2287 5454 2542 5526 Mysteria
2569 5455 2823 5513 docuisse
2861 5460 3126 5514 scribant.
3163 5458 3296 5514 ’l‘res
3325 5469 3505 5512 autem

1923 5550 2214 5618 Eumolpos
2249 5547 2416 5602 luisse
2447 5547 2637 5600 eodem
2673 5549 2792 5606 loco
2819 5549 3078 5606 diximus.

1993 5643 2126 5698 Ibid.
2177 5643 2354 5697 Liberi
2412 5641 2612 5699 Patris.
2668 5647 3031 5702 Consentiunt
3097 5646 3276 5714 quoad
3341 5643 3522 5712 ltuit»

1920 5737 2190 5806 periochae
2233 5737 2398 5793 situm
2427 5754 2547 5792 cum
2605 5740 2934 5794 vetustiores
2988 5739 3258 5806 plcrmque
3313 5751 3516 5792 omni:
