3932 6188
480 227 600 288 803

1764 225 2002 286 VALLA
2019 224 2170 286 RSII
2208 221 2447 286 NOTAE.
2533 257 2536 260 η

3553 237 3631 302 806

478 342 774 406 editiones,
812 348 924 394 tum
955 339 1293 404 Parmensis,
1326 350 1380 394 et
1400 338 1685 393 Palatinus
1709 340 1920 407 primus
1956 353 2038 390 ms

2168 333 2414 404 Diptychi
2449 331 2753 399 Quirittiani
2789 332 3192 401 eXpIicationem
3235 340 3434 405 accedit,
3460 344 3630 400 Antoni-

482 435 719 502 Sealigcr
750 443 869 500 post
900 435 1078 486 adhuc
1105 443 1312 502 septem
1343 448 1517 486 annos
1547 447 1666 485 eam
1701 431 2068 485 d:ll’crt.vPer-

486 541 670 593 peram
713 537 970 592 praeterea
1016 524 1168 594 legit,
1216 525 1462 578 adversus
1516 524 1738 590 .I’crsm,
1783 539 1880 592 pro
1938 524 2069 577 Pcr-

480 632 626 670 setcm
652 632 672 670 .'
703 626 757 668 et
788 615 840 668 in
865 615 1050 670 Graeca
1087 632 1301 685 quoque
1326 616 1530 684 sylloge
1560 617 1764 688 Πέρσῃ,
1803 632 1898 684 pro
1935 618 2070 685 Περ-

481 710 604 769 σείς
665 722 836 772 caque
883 721 1047 761 causa
1080 716 1182 769 est,
1235 708 1378 776 quod
1415 709 1630 762 nescire
1676 723 1737 763 se
1773 709 1870 770 ait,
1903 707 2065 762 Libr-

481 814 600 850 num
643 798 1090 865 patrum-praelia
1138 813 1262 851 eum
1313 796 1482 852 Perse
1532 800 1854 864 commisso,
1899 803 1968 854 ab
1999 815 2066 854 eo

481 887 837 942 interfectum
872 890 1059 943 fuisse.
1097 888 1364 944 Nimirum
1400 889 1580 944 Persei
1619 891 1762 944 [ilius
1806 900 1888 945 est
1933 891 2064 946 Per-

476 995 599 1045 ses;
633 979 724 1032 ille
750 992 951 1043 autem,
999 996 1111 1033 non
1165 981 1288 1042 iste,
1343 982 1530 1050 praelia
1567 996 1906 1050 congressus
1939 998 2062 1037 cum

477 1070 691 1124 Baccho
725 1071 946 1125 dicitur.
990 1073 1310 1127 Ettstathius
1371 1073 1436 1127 ad
1474 1073 1703 1142 Dion-ys.
1752 1089 1891 1128 vers.
1938 1075 2060 1139 103,

474 1161 560 1214 ὄπι
621 1164 649 1214 ὁ
715 1165 980 1233 Περσεὺς.
1011 1207 1023 1218 .
1061 1203 1076 1218 .
1102 1167 1269 1241 γεννᾷ
1321 1167 1560 1235 Πέρσην,
1602 1167 1664 1230 ἐξ
1695 1159 1757 1219 οὗ
1785 1168 1886 1234 τὴν
1914 1169 2063 1220 ἐπω-

473 1255 672 1321 νυμιιν
703 1255 860 1323 ἔσχον
887 1257 936 1308 ei
963 1258 1187 1324 Πέρσαι.
1223 1257 1288 1310 Et
1319 1256 1628 1311 Pausanias
1663 1260 1716 1312 in
1747 1258 2062 1312 Cerintliia-

473 1346 554 1399 ois
576 1360 704 1415 cap.
742 1345 832 1408 20,
867 1361 990 1401 cum
1022 1347 1090 1400 de
1108 1346 1312 1401 Cboria
1347 1346 1586 1401 Maenade
1614 1362 1795 1400 sermo
1832 1347 2060 1402 incidis-

471 1445 575 1503 set,
637 1453 756 1490 eam
805 1438 974 1492 fuisse
1002 1438 1080 1490 ait
1124 1455 1186 1491 ex
1244 1438 1310 1492 iis
1369 1437 1588 1492 leaiiinis
1643 1455 1805 1506 quas,
1863 1439 2060 1494 Bacchi

469 1537 646 1584 castra
678 1538 917 1592 secutas,
942 1529 1182 1584 Perseus
1213 1529 1440 1583 victoria
1475 1531 1679 1597 potitus
1702 1531 1920 1585 occidit.
1954 1531 2056 1586 Pa-

469 1621 548 1673 ria
581 1621 743 1674 tradit
796 1620 952 1674 initio
1002 1620 1196 1689 capitis
1241 1621 1336 1674 22.
1379 1619 1617 1674 Rursum
1659 1621 1796 1674 adeo
1846 1621 2058 1676 lallitur

2173 441 2277 480 nus
2310 425 2572 479 Liberalis
2601 439 2651 479 c.
2693 425 2777 488 l0,
2809 441 2872 478 ex
2921 425 3182 479 Nicandro
3216 429 3381 498 refert,
3420 435 3534 502 quod
3559 435 3633 490 ιιι.

2120 503 2148 577 ’,
2175 533 2291 587 nyae
2321 517 2456 569 tilias
2492 515 2738 570 Bacchus
2783 516 2973 583 puclla:
2998 529 3193 583 sumpta
3229 521 3400 590 forum,
3429 526 3635 589 εἱκωθιὶς

2170 612 2304 680 κόρῃ
2341 594 2608 662 allocutus
2643 608 2731 661 sit.
2767 607 2895 673 Qum
2925 610 3079 662 etiam
3108 611 3169 663 ad
3215 611 3417 682 'l‘ethym
3446 622 3522 667 sub
3553 623 3634 684 [or-

2169 719 2254 752 um
2276 702 2467 768 puella:
2497 702 2810 771 (aufugisse,
2841 700 3070 754 Galltens
3101 711 3256 756 notat.
3287 703 3342 756 Et
3371 716 3420 759 ut
3444 709 3638 778 pleraque

2168 795 2271 848 alia
2307 796 2574 857 omittam,
2605 779 2722 862 qua:
2762 795 2815 846 in
2861 794 3097 863 Diptychi
3141 797 3255 864 ejus
3273 801 3465 864 gratiam
3501 801 3638 856 alieni

2169 895 2413 954 possent,
2473 886 2524 937 in
2580 883 2987 958 Dempsteriana
3041 886 3210 942 Etrur.
3260 887 3422 956 Regal.
3470 891 3638 949 1'ab.u

2167 977 2219 1029 in
2252 992 2377 1029 vase
2409 977 2558 1030 lictili
2594 976 2763 1030 Musei
2807 975 3029 1032 Μιθάίοεὶ
3075 979 3299 1033 Bacchus
3333 981 3538 1035 muliebri
3569 985 3642 1037 hac

2168 1067 2280 1120 bitu
2323 1067 2565 1136 pingitur
2597 1077 2650 1120 et
2691 1067 2884 1133 forma,
2934 1069 3366 1136 quemadmodum
3399 1080 3446 1124 et
3487 1073 3641 1127 Bouar.

2166 1158 2338 1210 rotius
2385 1158 2634 1212 observat
2685 1159 2738 1211 in
2791 1158 3189 1213 Commentario
3234 1175 3279 1213 c.
3334 1161 3412 1226 55,
3445 1177 3543 1232 pag.
3579 1165 3641 1218 59.

2171 1247 2538 1316 Apollodorus
2593 1265 2810 1319 quoque
2852 1250 2924 1304 lib
2961 1267 3042 1310 ut.
3073 1265 3190 1320 pag.
3225 1252 3337 1311 159.
3371 1254 3497 1306 illum
3525 1265 3646 1309 testa-

2163 1347 2252 1393 tur
2283 1341 2369 1393 vix
2421 1340 2549 1393 dum
2595 1350 2780 1394 natum
2822 1323 2972 1395 [noui
3025 1351 3079 1395 et
3115 1344 3423 1398 Athamanta
3449 1346 3642 1398 traditum

2161 1431 2229 1485 ad
2260 1431 2600 1486 educandum
2628 1444 2685 1485 ut
2711 1433 2964 1500 puellum,
2995 1435 3072 1498 ὡς
3101 1436 3277 1506 κόρην.
3310 1436 3646 1491 Phornutusve-

2161 1539 2222 1578 ro
2280 1525 2392 1578 sive
2439 1524 2718 1579 Cornutus
2769 1526 3040 1594 expressis
3080 1527 3252 1580 verbis
3300 1535 3514 1590 testatur,
3538 1529 3642 1595 quod

2160 1614 2512 1685 θηλύμορφος
2543 1616 2860 1682 πλάττεται,
2897 1617 3120 1686 ﬁngitur
3182 1633 3272 1673 seu
3315 1617 3540 1674 formatur
3561 1634 3648 1670 unt-

469 1709 733 1782 scaligcr,
767 1713 929 1766 etiam
973 1725 1102 1764 eum
1151 1725 1277 1764 vere
1306 1710 1490 1764 istlnec
1532 1710 1598 1764 de
1643 1711 1840 1768 Perseo
1871 1714 2048 1782 cxpli—
2090 1691 2128 1746 Β
2161 1708 2314 1762 Iiebri
2351 1708 2547 1772 forma,
2573 1711 2804 1778 ejusque
2833 1711 2909 1764 rei
2946 1726 3167 1764 causam
3198 1713 3346 1766 aliam
3385 1713 3446 1766 ab
3470 1712 3566 1765 asiis
3587 1729 3646 1764 rr-

466 1817 621 1864 cans,
654 1801 786 1854 nihil
814 1813 997 1854 tamen
1033 1801 1110 1854 ait
1169 1800 1350 1855 simile
1402 1800 1502 1866 legi
1539 1801 1667 1856 alibi
1701 1813 1893 1871 praeter
1940 1803 2046 1862 Eu-

465 1893 676 1946 sebium
702 1909 717 1946 :
761 1892 869 1944 imo
904 1907 1002 1946 nec
1031 1891 1338 1946 verosimile
1368 1893 1588 1960 quidem
1651 1903 1828 1961 putat,
1853 1910 2048 1951 ausum

463 1997 586 2035 esse
661 1983 916 2035 Perseum
987 1998 1113 2036 cum
1171 1982 1385 2036 Baccho
1437 1984 1719 2052 congredi,
1779 1986 2048 2054 siquidem

464 2072 772 2141 profugisse
807 2072 956 2125 illum
1005 2073 1299 2143 aliquando
1333 2075 1402 2128 ah
1438 2077 1600 2142 hujus
1639 2063 1912 2140 exercitu,
1945 2078 2048 2134 Ce-

464 2163 704 2233 phallion
735 2174 926 2218 auctor
955 2175 1037 2217 est
1062 2179 1084 2222 ;
1117 2164 1344 2234 perinde
1370 2180 1435 2218 ac
1462 2166 1505 2219 si
1535 2165 1778 2222 animum
1804 2175 1860 2222 et
1884 2168 2049 2231 vires,

460 2259 555 2326 qui
590 2240 758 2310 semel
784 2270 842 2310 se
891 2255 1012 2325 fuga
1048 2257 1119 2310 ab
1165 2256 1318 2311 hoste
1363 2257 1644 2322 subduxit,
1681 2275 1902 2316 sumere
1929 2275 2050 2315 am-

460 2345 602 2414 plius
651 2360 758 2401 non
803 2348 998 2414 possit.
1027 2344 1152 2400 Jam
1183 2357 1312 2401 vero
1360 2356 1416 2402 et
1453 2348 1786 2404 Diuarcbum
1834 2360 2048 2419 poetam

459 2452 522 2490 se
560 2437 788 2492 minime
813 2451 1111 2505 agnoscere
1155 2437 1231 2492 ait
1259 2437 1531 2510 Scaliger.
1569 2439 1735 2495 Natat
1779 2457 1909 2496 vero
1941 2441 2049 2498 Fa-

460 2524 666 2580 bricius
715 2525 976 2580 Biblioth.
1005 2521 1204 2589 Grato”
1235 2526 1376 2581 libro
1409 2543 1470 2593 ιι,
1507 2543 1628 2597 cap.
1672 2527 1767 2593 26,
1801 2529 1948 2598 loqui
1977 2531 2047 2587 de

459 2618 554 2670 illo
589 2615 845 2686 Cyrillum
901 2616 997 2676 lib.
1029 2631 1086 2681 x,
1135 2627 1328 2672 contra
1376 2612 1676 2683 Iulianum,
1725 2635 1850 2690 pag.
1903 2621 2046 2679 5H;

456 2709 726 2776 docetque
754 2705 1046 2761 Eusebium
1081 2706 1170 2763 hic
1194 2707 1296 2763 loci
1315 2710 1551 2778 scriptas
1575 2711 1747 2775 abeo,
1765 2711 2048 2766 Διονυσίου

454 2801 582 2869 (leg.
609 2798 890 2869 Διονύσου)
920 2798 1170 2870 πράξεις,
1203 2799 1295 2869 qui
1333 2800 1525 2856 titulus
1586 2811 1705 2856 erat
1754 2803 1903 2869 libri,
1955 2819 2042 2858 rc-

465 2893 700 2957 spicere.
733 2888 994 2962 Syncelli,
1021 2891 1112 2960 qui
1147 2892 1430 2964 Δήχαρνον
1461 2893 1604 2948 hunc
1633 2894 1891 2966 appellat,
1931 2911 2048 2949 ma-

2153 1797 2283 1853 lerri
2315 1810 2488 1854 notat.
2540 1799 2676 1854 Sunt
2745 1812 2801 1855 et
2831 1803 2923 1869 qui
2973 1817 3191 1856 causam
3239 1818 3349 1855 eam
3390 1812 3648 1863 memoratu,

2151 1892 2295 1960 quod
2326 1890 2554 1953 ἄπαιδος
2607 1893 2945 1946 occubuerit.
3001 1893 3141 1948 Hinc
3184 1903 3238 1948 et
3281 1895 3409 1962 apud
3440 1893 3680 1948 Nonniun

2153 1985 2332 2052 legere
2360 1993 2443 2039 est
2475 1983 2567 2038 lib.
2602 2000 2714 2047 xiv,
2749 2000 2894 2040 vers.
2921 1983 3339 2052 l64,..l3accbum
3374 1986 3420 2040 iu
3444 1986 3646 2055 virginem

2152 2083 2442 2140 mutatum,
2461 2084 2515 2130 et
2546 2075 2827 2130 muliebria
2857 2077 3006 2145 peplo
3038 2080 3307 2148 ferentem,
3337 2089 3380 2132 et
3413 2077 3651 2146 virginalem

2153 2167 2421 2235 fasciam;
2453 2181 2578 2221 eum
2615 2166 2821 2224 videsis
2850 2175 2905 2218 et
2936 2167 3029 2220 lib.
3084 2182 3180 2230 xx,
3210 2181 3344 2220 vers.
3389 2165 3496 2219 106.
3521 2166 3652 2218 Taceo

2150 2258 2286 2312 alios
2310 2257 2452 2326 apud
2486 2272 2624 2327 quos
2655 2260 2927 2326 utriusque
2953 2273 3109 2311 sexus
3152 2258 3275 2312 deus
3307 2256 3459 2322 audit,
3487 2264 3536 2309 ut
3561 2257 3652 2307 Ari-

2152 2345 2281 2402 stidi
2311 2344 2465 2422 Orat.
2497 2346 2553 2400 in
2588 2345 2788 2401 Bacch.
2839 2361 2961 2415 pag.
2996 2346 3085 2410 52,
3125 2349 3296 2418 ἄρρην
3337 2361 3393 2399 se
3419 2349 3499 2398 καὶ
3524 2343 3650 2412 θῆλυς

2151 2439 2181 2494 ὁ
2231 2438 2377 2504 θεός,
2415 2421 2538 2494 etc.
2583 2438 2855 2495 Conliciat
2907 2453 3018 2493 rem
3071 2440 3289 2495 tandem
3339 2436 3450 2492 Lat.
3492 2447 3652 2496 auctor,

2151 2530 2244 2602 qui
2287 2530 2346 2585 in
2372 2529 2665 2586 Cat-alectis
2692 2538 2862 2585 vetet.
2893 2540 3187 2599 poetarum
3221 2528 3462 2586 Petronio
3486 2527 3652 2582 Arbitio

2152 2623 2455 2692 subiunctis
2497 2622 2709 2678 fortnas
2754 2618 2982 2677 deorum
3039 2622 3227 2679 varias
3277 2626 3517 2686 recenset,
3553 2632 3656 2685 quas

2153 2717 2292 2772 inter
2305 2731 2330 2774 ξ

2305 2854 2579 2917 Trahitque
2603 2854 2826 2906 Bacchus
2847 2851 3054 2916 virginis
3075 2860 3225 2903 tener
3247 2853 3456 2904 formam.

455 2981 713 3035 nil'estum
759 2991 844 3036 est
897 2981 1110 3035 vitium.
1151 2980 1361 3038 Czctera
1417 3001 1537 3055 qua:
1590 2987 1678 3042 hic
1726 2989 1794 3042 de
1831 2988 2048 3044 Baccho
2075 3015 2120 3076 ο
2151 3071 2180 3076 Α
2216 2977 2338 3076 Col.
2523 2977 2756 3076 Polybus
2781 2975 3020 3076 (tm-‘40.
3050 2974 3197 3032 Tres
3242 2987 3483 3076 praeterea
3517 2985 3659 3076 annos

456 3085 621 3145 atque
648 3074 772 3129 aliis
816 3077 1124 3144 traduntur,
1156 3079 1296 3146 apud
1337 3079 1684 3150 mythologos
1719 3081 1892 3136 ferme
1920 3098 2043 3136 om-

450 3182 553 3222 nes
581 3176 852 3236 prostant,
889 3178 944 3222 et
969 3169 1126 3224 nobis
1148 3178 1400 3224 enarrata
1434 3181 1563 3224 sunt
1593 3187 1663 3226 ex
1693 3182 1847 3238 parte
1876 3172 2037 3229 aliaS'

451 3257 650 3314 lterum
688 3257 952 3328 Scaliger.
1007 3277 1115 3316 non
1172 3261 1519 3318 inemendate
1577 3275 1783 3330 tamen,
1827 3256 2064 3334 postre;

451 3363 538 3401 nia
590 3349 755 3403 verba
801 3351 884 3406 sic
930 3351 1102 3421 legit:
1147 3353 1350 3420 pariter
1372 3354 1442 3406 ad
1465 3369 1618 3406 arma
1657 3354 1791 3408 uiris
1808 3355 2039 3425 fenziuas

449 3441 734 3512 allegabat.

521 3532 659 3588 Ibid.
717 3534 960 3605 Pingitur
1010 3535 1184 3590 Liber.
1235 3535 1373 3592 Olim
1424 3537 1725 3592 sciscitanti
1770 3538 1848 3608 τῷ
1893 3543 2036 3594 πάνυ

446 3624 599 3679 card.
629 3624 898 3690 Quirinio,
930 3628 1061 3696 quid
1098 3629 1229 3681 mihi
1273 3630 1341 3684 de
1369 3631 1665 3700 percelebri
1715 3647 1818 3686 suo
1847 3630 2035 3703 Dipty-

447 3715 554 3770 cho
598 3715 898 3780 videretur,
941 3717 1114 3772 hocce
1170 3721 1493 3789 cumprimis
1543 3732 1866 3792 argumento
1899 3740 2034 3781 usus

439 3820 590 3868 sunt,
623 3814 680 3859 ut
709 3807 945 3861 dicerem
999 3808 1198 3864 Bacchi
1248 3809 1542 3880 imaginem
1574 3821 1898 3882 gestumque
1923 3815 2032 3880 Ire-

447 3901 786 3967 prmsentari,
821 3901 1097 3971 siquidem
1149 3903 1264 3958 haec
1289 3903 1416 3972 ejus
1461 3905 1607 3974 apud
1649 3907 1904 3974 antiquos
1929 3908 2029 3964 viri

445 3989 688 4043 muliebri
717 3992 912 4060 forma.
950 3991 1156 4059 absque
1187 3993 1440 4049 virilibus
1479 3995 2026 4066 singularitassigni.

446 4078 513 4133 Et
539 4084 647 4136 hac
673 4084 894 4151 quidem
941 4084 1303 4152 expositione,
1328 4087 1540 4140 ceteris
1557 4086 2026 4144 consentientibus

442 4172 732 4246 symbolis,
768 4189 985 4229 summo
1022 4176 1158 4228 tanti
1210 4176 1505 4233 cardinalis
1531 4178 1738 4247 judicio
1772 4193 1882 4234 rem
1920 4195 2022 4236 acu

360 4317 363 4320 .
450 4265 697 4333 tetigisse
737 4264 886 4319 visus
914 4279 1059 4321 sum.
1097 4263 1332 4322 Tantum
1379 4269 1596 4324 volebat
1649 4270 1758 4335 ille.
1811 4280 1874 4326 ut
1906 4287 2018 4326 rem

2148 3071 2355 3144 Polybo
2402 3074 2668 3139 elargitur
2711 3071 3034 3143 Syncellus:
3070 3065 3657 3127 vetustamenScholioa

2144 3162 2210 3217 de
2244 3172 2503 3233 Corrupw
2548 3155 2620 3217 ibi
2661 3165 2714 3218 in
2763 3165 3060 3219 numericis
3093 3163 3246 3218 uotis
3290 3157 3531 3215 laterculo
3570 3169 3660 3242 mq-

2146 3265 2257 3312 net.
3638 3263 3646 3273 ’

2209 3348 2352 3406 Ibid.
2398 3349 2632 3420 Mycenis
2661 3348 3012 3418 Eurystheus.
3043 3345 3176 3403 Pius
3209 3346 3365 3400 habet
3409 3339 3663 3398 Parmensis

2141 3461 2268 3509 Ins.,
2301 3443 2621 3514 Eurystheus
2651 3441 2794 3508 ﬁlius
2823 3439 3057 3496 Stheneli
3094 3439 3254 3493 annis
3289 3453 3404 3500 xcv,
3434 3444 3551 3507 quot
3573 3431 3665 3502 qui-

2137 3538 2258 3589 dem
2275 3535 2322 3589 ei
2347 3536 2590 3589 tribuunt
2607 3547 2729 3587 cum
2756 3531 3081 3585 vetustiores
3102 3529 3377 3599 ploratque
3399 3540 3564 3581 omnes
3583 3523 3666 3577 edi-

2139 3631 2334 3692 tiones,
2373 3637 2484 3681 tum
2506 3626 2626 3692 alii,
2657 3634 2710 3678 et
2749 3623 3031 3678 Palatinus
3063 3623 3180 3692 ipse
3217 3623 3421 3693 primus
3464 3635 3553 3672 ms.
3581 3617 3666 3669 ili-

2137 3724 2324 3777 rianus
2349 3735 2586 3791 quoque,
2617 3729 2669 3774 et
2700 3720 2792 3788 qui
2830 3715 3120 3772 Eusebium
3152 3715 3548 3784 descripserunt
3578 3708 3664 3762 alii.

2135 3813 2378 3883 Scaliger
2400 3821 2607 3867 tantum
2634 3811 2990 3880 quadraginta
3015 3819 3124 3864 tres
3147 3817 3423 3872 numerat,
3453 3802 3666 3875 quemad-

2133 3905 2350 3959 modum
2403 3912 2457 3958 et
2509 3903 2562 3956 in
2613 3901 2830 3971 praefixa
2870 3901 2994 3954 huic
3039 3901 3179 3955 libro
3238 3901 3379 3957 serie
3427 3896 3660 3952 nominum

2101 3997 2537 4066 nobismetipsis
2603 4004 2846 4049 notatum
2911 4003 3032 4049 est:
3073 4008 3248 4064 eaque
3303 3995 3373 4049 de
3397 4004 3552 4048 causa
3600 3986 3666 4040 ille

2129 4092 2267 4146 hanc
2296 4089 2608 4160 periocbatn
2638 4086 2830 4142 solidis
2855 4090 3105 4156 quinque
3137 4089 3300 4141 annis
3324 4079 3587 4152 anticipat.
3611 4077 3668 4130 Ac

2125 4202 2258 4242 sane
2288 4185 2543 4256 conciliat
2591 4183 2746 4237 ﬁdem
2789 4181 2917 4235 huic
2947 4196 3178 4235 numero
3207 4197 3394 4235 rerum
3429 4179 3493 4232 ab
3532 4174 3671 4240 Eury-

2125 4281 2283 4334 stheo
2308 4290 2583 4348 gestarum
2608 4275 2766 4341 ratio,
2793 4289 2860 4329 ex
2889 4289 2999 4342 quo
3017 4273 3232 4329 scilicet
3260 4271 3519 4328 successit
3540 4267 3669 4321 Sthe-

441 4355 692 4421 pluribus
721 4356 1082 4411 edissererem
1112 4356 1182 4410 de
1210 4356 1646 4428 mythologorum
1671 4376 1812 4431 penu
1834 4376 1853 4429 ;
1875 4363 2022 4432 quod
2055 4345 2099 4402 θ
2131 4373 2258 4425 uelo
2297 4345 2437 4439 patri
2472 4369 2525 4420 in
2555 4382 2800 4436 regnum,
2823 4367 2893 4418 ad
2923 4367 2977 4420 id
3011 4365 3274 4432 temporis
3315 4379 3421 4432 quo
3447 4364 3512 4416 ab
3535 4361 3671 4415 ltera-

442 4450 704 4507 praestare
757 4442 888 4497 dum
941 4443 996 4496 in
1054 4442 1172 4497 dies
1202 4443 1398 4502 differo
1450 4445 1654 4515 (neque
1700 4443 1846 4503 enim
1900 4458 2028 4507 tunc

437 4533 805 4601 suppetebat),
869 4542 1172 4601 eruperunt
1221 4535 1684 4605 undiqueversum
1741 4539 2024 4595 doctorum

439 4621 724 4676 hominum
759 4623 1160 4688 commentarii,
1202 4624 1401 4694 quibus
1453 4628 1640 4704 inalia
1671 4629 1853 4686 omnia
1889 4631 2023 4686 itum

435 4721 544 4779 est;
572 4719 736 4782 autne
767 4730 832 4770 eo
866 4715 1101 4783 denique
1129 4727 1373 4783 ventum,
1405 4727 1464 4775 ut
1508 4722 2020 4789 pratstantissimum

438 4816 885 4872 monumentum,
919 4808 964 4864 si
1002 4807 1220 4866 Maﬂeio
1265 4811 1564 4880 credimus,
1596 4814 1900 4870 habendum
1948 4819 2021 4872 sit

439 4903 699 4962 tanquam
746 4897 938 4955 inutile
974 4901 1246 4972 sequioris
1293 4905 1469 4960 atatis
1518 4906 1827 4962 inventum.
1864 4907 2022 4964 Nunc

439 4986 597 5053 igitur
635 4989 852 5054 quando
885 5001 939 5045 et
964 4995 1252 5052 sententiae
1280 5007 1500 5062 nasute,
1535 5007 1591 5054 et
1615 5000 1854 5054 auctoris
1883 4993 2019 5068 q‘uoo

435 5091 542 5144 que
597 5079 768 5131 nostri
825 5085 1118 5138 narrationi
1173 5090 1383 5155 pondus
1432 5106 1497 5146 ac
1539 5091 1711 5146 lucem
1732 5089 1927 5146 aliene
1965 5091 2015 5146 in

437 5178 690 5250 promptu
722 5181 829 5230 est,
856 5185 1034 5239 operae
1057 5178 1290 5244 pretiutu
1318 5179 1588 5242 ducimus,
1619 5192 1863 5236 veterum
1889 5195 2012 5250 qua:

435 5261 666 5315 subinde
696 5276 1054 5329 occurrerunt
1091 5270 1398 5325 testimonia
1447 5272 1700 5328 conferre
1731 5273 1785 5328 in
1822 5289 2012 5329 unum.

437 5353 501 5406 Et
537 5355 710 5424 primo
741 5355 854 5424 ipse
893 5355 997 5410 sibi
1035 5369 1293 5414 constans
1323 5354 1430 5416 alio
1466 5366 1518 5418 in
1555 5380 1722 5434 opere
1742 5365 2015 5419 Eusebius

432 5456 540 5508 est,
573 5449 663 5514 qui
702 5448 1076 5518 θηλύμορφον,
1107 5450 1351 5507 muliebri
1385 5456 1592 5512 scilicet
1623 5457 1797 5526 {arma
1818 5472 2014 5526 repraz-

435 5541 638 5614 tcutari
696 5541 912 5594 solitum
964 5541 1232 5594 BdCt'lllllll
1277 5556 1461 5600 narrat
1509 5547 1747 5619 Praepar.
1805 5546 2006 5617 Evang.

427 5628 526 5683 Iib.
572 5648 646 5695 ιιι,
686 5648 802 5702 με.
841 5635 954 5689 lilii.
986 5636 1065 5691 Tn
1093 5656 1121 5690 ιι
1147 5636 1288 5709 quod
1348 5642 1572 5710 propius
1601 5643 1666 5697 ad
1699 5641 2006 5700 absolutam

1949 5793 2023 5806 νὴ

2131 4455 2291 4508 elidis
2319 4454 2534 4509 occisus
2585 4464 2688 4507 CSI.
2723 4451 2940 4506 Vidcsis
2981 4465 3042 4504 ea
3077 4449 3144 4503 de
3180 4465 3238 4503 re
3292 4449 3571 4505 Diodorum
3598 4441 3670 4496 lib.

2129 4562 2202 4602 Iv.
2227 4544 2466 4601 inferius
2492 4559 2709 4612 quoque
2739 4542 2804 4596 ad
2845 4557 2996 4596 num.
3045 4541 3150 4596 762
3177 4542 3347 4606 idem,
3381 4549 3440 4593 nt
3473 4536 3671 4592 videtur.

2130 4637 2464 4710 I'ZurySIheus
2486 4635 2639 4704 juxta
2668 4635 2808 4689 alios
2832 4633 3057 4689 Eusebii
3089 4643 3365 4698 auctores,
3397 4628 3548 4686 annis
3566 4639 3674 4696 qua-

2123 4730 2372 4800 draginta
2405 4741 2661 4796 regnasse
2691 4724 2931 4780 dicitur:
2981 4739 3090 4793 quo
3124 4724 3244 4778 loco
3277 4731 3432 4793 putat
3467 4718 3674 4776 Schan-

2123 4821 2422 4884 tleischius,
2449 4817 2594 4889 quod
2646 4817 2802 4887 quasi
2829 4831 2889 4872 se
2921 4825 3293 4880 correcturus,
3329 4815 3384 4868 in
3427 4813 3592 4883 primo
3633 4814 3677 4858 et

2121 4912 2283 4968 tertio
2331 4909 2541 4976 Palat,
2579 4909 2835 4966 librarius
2871 4907 3168 4977 scripserit,
3201 4905 3438 4976 Mycenis
3470 4899 3673 4973 regnarit

2124 4999 2448 5072 Eurystheus
2491 5000 2648 5054 annis
2684 5013 2835 5064 xuii,
2866 4999 2923 5051 in
2951 4998 3074 5052 aliis
3106 5013 3194 5056 χι.
3236 4994 3491 5051 Dicemus
3518 5002 3570 5048 et
3593 5001 3672 5044 nos

2122 5093 2192 5148 ibi
2224 5095 2289 5148 de
2319 5093 2570 5147 codicum
2599 5106 2732 5145 mss.
2767 5090 3020 5144 lectione.

2187 5185 2305 5242 Col.
2341 5185 2466 5240 509.
2494 5182 2572 5237 Eo
2589 5199 2705 5252 qua:
2736 5182 2799 5234 de
2837 5180 3072 5236 Deditis.
3106 5183 3239 5238 Post
3263 5181 3476 5236 solidos
3509 5186 3670 5232 novet!

2117 5291 2288 5332 annos
2313 5275 2556 5347 Scaliger
2588 5276 2728 5329 hanc
2751 5273 2818 5328 de
2845 5274 3060 5330 Daedalo
3088 5273 3324 5328 fabulam
3365 5272 3566 5335 (ἥσει-ι,
3601 5279 3671 5320 re-

2118 5370 2452 5440 fragantibus
2492 5368 2613 5422 aliis
2664 5365 3053 5421 vetustioribus
3087 5365 3242 5420 libris
3277 5364 3447 5419 editis
3472 5378 3537 5416 ac
3563 5371 3670 5413 mss.

2117 5461 2392 5514 Parmensi
2427 5475 2488 5513 ac
2517 5459 2783 5513 Palatino.
2817 5456 3046 5512 Disserit
3070 5464 3249 5509 autem
3285 5453 3341 5506 in
3383 5451 3537 5505 Notis
3563 5462 3669 5503 eiu-

2115 5553 2220 5604 dite
2254 5551 2319 5604 de
2351 5565 2409 5605 se
2461 5549 2811 5604 meventibus
2864 5545 3174 5603 simulacris
3227 5558 3257 5598 a
3311 5542 3529 5596 Da'dalo
3579 5537 3670 5590 ila-

2117 5640 2339 5706 boratis,
2369 5655 2490 5711 quae
2525 5637 2867 5695 consuluisse
2905 5651 3012 5691 non
3063 5633 3278 5705 pigebit;
3322 5632 3431 5688 huc
3455 5631 3594 5688 enim
3617 5639 3668 5680 et
