3932 6188
237 283 326 344 διδ
561 303 566 309 ·
1433 268 1772 331 VALLARS

1891 271 2132 336 NUTJi.

3319 265 3322 267 λ
3361 271 3470 333 $06

237 388 521 449 transferre,
547 385 690 455 quod
721 383 1012 453 prolixiora
1053 384 1184 444 sint,
1235 399 1341 438 non
1375 384 1522 440 licet.
1556 389 1633 439 Ad
1666 387 1780 440 lucc
1809 397 1852 453 Α
1883 387 2017 441 deus
2045 402 2060 442 :
2093 388 2225 451 Elri,
2256 384 2448 456 inquit,
2478 384 2690 440 dicatur
2722 390 2861 442 banc
2891 385 3158 454 cpocbam
3188 387 3362 451 alteri,
3408 383 3482 440 de

235 485 361 552 legit,
379 496 433 533 ea
452 495 562 548 qna-
583 479 646 529 de
662 476 882 529 Daedalo
900 475 1099 544 [abicite
1116 479 1378 543 feruntur,
1404 479 1587 531 minus
1619 489 1786 542 recte,

234 584 470 642 tat-etque.
504 578 560 622 ut
590 569 844 623 voculam
877 575 1004 621 ante
1036 566 1332 635 Palazpbati
1357 583 1574 621 nomen.
1612 569 1788 622 Gebe-

234 671 358 722 linus
382 663 611 717 Persona
643 657 820 714 Etat.
851 672 940 723 ιιι,
973 673 1097 727 cap.
1137 659 1225 725 H,
1259 659 1509 713 laudatus
1548 658 1787 714 Scburz-

231 758 486 813 {leiscbioz
515 753 590 806 Eo
621 761 885 820 tempore.
917 752 1111 820 inquit,
1143 752 1391 806 Dwdalus
1423 753 1520 821 fuit
1549 756 1639 822 qui
1675 755 1791 819 pri-

231 867 328 902 mus
348 857 540 901 statuas
591 845 871 911 disjnnctis
901 845 1119 912 pedibus
1153 847 1298 914 fecit,
1319 854 1368 900 et
1390 848 1510 900 inde
1547 857 1622 901 est
1651 847 1789 917 quod

226 939 401 1006 fabula!
434 937 498 987 de
530 951 589 988 eo
625 935 804 986 dicunt
848 936 986 1002 quod
1031 935 1208 1002 fecerit
1248 928 1538 988 simulacra
1585 954 1638 990 se
1673 954 1787 990 mo-

225 1033 397 1084 rentia.
439 1025 556 1093 Ipse
580 1027 779 1078 dicitur
808 1028 1036 1093 primum
1075 1031 1326 1092 recepisse
1357 1045 1388 1081 a
1428 1028 1666 1083 Minerva
1700 1047 1789 1082 ar-

221 1135 306 1173 tem
319 1119 610 1188 fabricandi
638 1117 829 1171 arietes
862 1125 909 1170 et
935 1127 1089 1170 tecta.
1126 1118 1270 1172 Idem
1298 1117 1788 1180 Scburzllelscbius

223 1215 268 1266 in
293 1213 494 1264 scbelis
529 1225 660 1264 mss.
697 1211 999 1272 veteribus,
1025 1226 1146 1277 qutt-
1169 1212 1240 1264 cl.
1276 1213 1480 1266 Parlllii
1514 1215 1642 1266 olim
1673 1215 1790 1268 fne-

221 1314 351 1362 runt.
380 1303 641 1370 scriptum
679 1303 746 1355 ita
781 1301 988 1354 invenit
1041 1321 1053 1354 :
1092 1303 1342 1357 Daedalus
1374 1321 1494 1358 aves
1531 1307 1650 1374 fecit
1682 1323 1788 1360 me-

219 1394 415 1447 tallinas
445 1401 740 1460 argenteas,
771 1411 905 1462 quas
938 1394 1120 1449 volare
1169 1398 1291 1464 fecit
1340 1397 1632 1466 artiﬁcioso
1677 1400 1791 1467 spi-

219 1485 328 1544 ritu,
364 1483 415 1535 id
453 1491 553 1546 est,
607 1494 757 1536 vento
816 1487 1042 1541 incluso.
1093 1487 1302 1541 Dicitur
1351 1490 1511 1542 etiam
1541 1491 1790 1544 invenisse

214 1574 484 1626 simulacra
518 1587 572 1626 se
608 1577 888 1630 moventia.
927 1576 1136 1632 Primus
1184 1579 1322 1632 enim
1372 1581 1603 1633 omnium
1633 1582 1788 1650 pedes

215 1675 492 1717 statuarum
541 1681 574 1718 a
620 1681 675 1718 se
716 1667 936 1719 invicem
971 1671 1258 1732 separavit,
1294 1668 1416 1722 aliis
1465 1670 1783 1738 conjunctim

1887 477 2294 545 Minoeagenti,
2343 493 2665 545 congruere.
2715 495 2824 532 non
2871 491 3049 532 tamen
3093 479 3344 546 equidem
3391 479 3473 532 vi«

1885 569 2009 630 deo,
2037 569 2129 637 qui
2164 568 2214 622 id
2249 569 2364 622 ﬁeri
2396 571 2528 623 satis
2553 570 2743 637 pOSsit.
2775 569 2938 633 Quod
2990 571 3033 622 si
3066 569 3211 622 enim
3244 553 3345 623 boc
3379 570 3476 622 de—

1888 675 2032 712 mum
2078 674 2223 712 anno
2281 670 2430 728 rapta
2495 663 2706 728 Europa
2762 660 2943 722 fuerit,
2991 675 3119 730 qua,
3167 675 3356 728 quaeso
3397 672 3471 722 te,

1887 754 2100 812 ratione
2146 752 2344 815 Minos,
2395 753 2516 822 ejus
2551 753 2715 812 libus,
2757 762 2868 805 tum
2913 753 2997 807 vix
3051 752 3282 807 fortasse
3315 753 3477 822 quin-

1887 845 2124 914 qnennis
2167 845 2370 910 infans,
2404 858 2632 897 numero
2663 844 2785 907 737,
2815 845 2988 898 Cretae
3023 845 3133 913 jam
3177 860 3269 898 rex
3305 843 3474 896 fuis~e

1889 935 2123 989 dico-tur?
2148 933 2248 988 Sed
2275 934 2402 1002 quid
2436 949 2536 985 non
2564 931 2771 987 Grteria
2802 933 3026 986 mendax
3047 934 3202 986 audet
3230 934 3281 985 in
3308 933 3480 985 histo-

1889 1027 2015 1077 ria?
2047 1026 2153 1094 ligo
2184 1042 2246 1079 ex
2286 1028 2456 1094 ipsius
2506 1025 2608 1078 luci
2658 1035 2920 1077 contextu
2955 1026 3301 1079 manifestum
3344 1035 3480 1090 pulo
3555 1086 3577 1104 ‘

1889 1133 2031 1181 esse,
2070 1117 2364 1170 Eusebium
2401 1132 2460 1169 es
2493 1117 2724 1171 aliorum
2768 1119 2854 1171 hic
2881 1128 3044 1186 atque
3080 1117 3150 1170 ibi
3192 1116 3478 1171 sententiis

1891 1211 2059 1276 loqui.

1927 1317 1930 1320 ’
1962 1303 2077 1356 Col.
2119 1301 2242 1355 507.
2281 1299 2636 1353 Philammon.
2668 1301 2979 1354 Parmensis
3010 1315 3123 1354 ms.
3160 1309 3275 1369 post
3304 1313 3480 1352 annos

1889 1396 2128 1462 quinque
2178 1394 2317 1445 banc
2367 1393 2432 1446 de
2485 1391 2856 1456 Philamnume
2913 1393 3227 1458 periocbam
3275 1389 3477 1444 differt.

1893 1487 2030 1541 Sunt
2060 1496 2112 1539 et
2145 1486 2234 1540 alii
2266 1501 2393 1540 mss.
2428 1485 2480 1540 in
2529 1487 2726 1551 quibus
2760 1486 3017 1538 Fidamon
3070 1485 3284 1554 legitur,
3333 1483 3476 1550 quod

1889 1595 1952 1632 ex
1986 1583 2174 1634 vitiosa
2221 1559 2408 1633 Crmra
2453 1581 2818 1648 sei-iptura‘ub
2848 1583 2890 1633 A
2913 1589 2967 1633 et
2993 1584 3029 1631 Δ
3067 1580 3368 1632 litterarum
3396 1579 3479 1630 si-

1893 1669 2251 1723 tni'itn'linem
2317 1672 2518 1724 factum
2583 1680 2732 1723 nutat
2796 1669 3307 1724 Srbnrzlleiscbius.
3372 1668 3482 1721 Pro

215 1770 295 1808 eat
323 1755 736 1822 fabricantibus;
783 1759 875 1826 qui
908 1773 1025 1810 cum
1078 1760 1191 1822 lilio
1240 1762 1363 1814 navi
1397 1761 1623 1832 fugiens,
1665 1779 1787 1831 pro-
1824 1747 1860 1798 Β
1895 1758 2147 1825 Delphius
2182 1759 2375 1812 nobilis
2402 1759 2646 1817 habetur.
2681 1761 2712 1812 in
2739 1761 2882 1812 venit
2911 1759 3213 1812 Salmasius
3241 1759 3294 1812 in
3328 1757 3478 1820 aliis,

216 1856 319 1912 pter
342 1848 760 1915 investigabilem
790 1850 972 1919 fugam
998 1852 1181 1916 pennis
1213 1852 1453 1907 auolasse
1487 1857 1782 1909 testimatns

213 1946 297 1988 est.
330 1937 490 2004 Atqui
557 1939 758 2007 (pergit
788 1941 868 1992 vir
914 1940 1131 2008 doctus)
1196 1943 1240 1994 si
1294 1943 1541 1999 Daedalus
1579 1947 1786 2014 primus

214 2029 483 2083 simulacra
529 2045 589 2085 se
618 2032 891 2085 moventia
925 2030 1072 2095 fecit,
1125 2031 1503 2090 Favorinusne
1545 2038 1686 2106 apud
1719 2041 1782 2096 Α.

212 2119 445 2183 Gellium,
477 2121 548 2177 Ν.
581 2123 669 2184 Α..
700 2123 794 2178 lib.
826 2140 879 2184 κ,
911 2138 1036 2192 cap.
1073 2124 1159 2182 η.
1183 2127 1494 2182 columbam
1511 2130 1782 2185 volantem

210 2213 422 2276 lgneam
463 2213 541 2267 ab
591 2213 828 2284 Archyta
883 2213 1185 2269 Tarentino
1235 2219 1470 2285 primum
1509 2219 1783 2274 iuventam

210 2317 336 2364 esse,
367 2302 558 2359 dicere
597 2305 811 2377 potuit?
859 2303 1126 2360 Nimirum
1161 2308 1404 2364 Diodoro
1463 2310 1627 2364 etiam
1683 2313 1783 2366 lib.

211 2409 278 2456 tv,
343 2409 396 2462 p.
445 2395 580 2472 290,
641 2395 888 2452 Daedalus
937 2401 1317 2454 tantummodo
1365 2413 1723 2468 memoratur,
1752 2408 1781 2459 ὀ

209 2483 560 2555 διαϐεϐηκότα
588 2487 656 2538 τὰ
682 2486 848 2558 σκέλη
883 2490 993 2542 τῶν
1022 2489 1365 2556 ἀγαλμάτων
1417 2494 1628 2564 πρῶτος
1663 2511 1784 2549 ποι-

211 2579 350 2644 ήτιας.
385 2577 426 2630 E
466 2594 585 2647 quo
636 2581 755 2635 loco
805 2582 947 2650 apud
999 2582 1337 2653 Syncellum.
1395 2586 1602 2654 p.165,
1651 2589 1779 2644 edit.

211 2664 342 2729 Pati,
403 2669 790 2725 lubentissime
833 2672 1233 2741 rescripserim,
1299 2674 1408 2727 τῶν
1456 2681 1561 2746 πρὸ
1614 2680 1780 2732 αὐτοῦ

211 2757 407 2810 πάντων
452 2761 881 2830 συμϐεϐηκότας
911 2763 1042 2832 (non
1104 2767 1552 2838 συμπεφυκότας)
1583 2770 1782 2835 αὐτοὺς

208 2848 562 2905 πλαττόντων.
603 2853 739 2908 lbil.
770 2892 786 2916 ,
834 2857 1017 2908 statim
1069 2867 1193 2926 post
1240 2858 1552 2927 legendum,
1607 2873 1664 2917 ιιι
1696 2877 1780 2919 est

210 2941 254 2992 in
287 2943 484 3011 sylloge
538 2944 754 2998 Eusebii
809 2945 1182 3018 Scal-igerana,
1237 2944 1404 3013 οὗτος
1464 2954 1777 3024 ἁποπτῆναι

206 3032 511 3100 palluerat,
562 3045 618 3089 et
653 3049 887 3102 cmtera;
945 3041 1377 3112 vertendumque
1435 3043 1653 3099 Eusebii
1696 3047 1779 3101 lo~

205 3112 329 3180 cum.
365 3129 461 3182 llic
490 3142 714 3197 arrepta
748 3134 891 3199 navi,
925 3151 1043 3189 cunt
1075 3135 1188 3202 [ilio
1226 3135 1383 3190 Icaro
1409 3137 1651 3194 auolasse
1681 3142 1784 3210 ﬁn-

205 3221 350 3287 gitur,
383 3239 550 3293 eoque
589 3225 746 3281 modo
784 3227 1021 3281 manibus
1046 3227 1232 3282 Minois
1269 3232 1512 3297 evasisse,
1551 3242 1786 3299 propter-

205 3325 258 3361 ea
303 3315 440 3381 quod
486 3331 520 3366 a
567 3315 770 3383 Minoe,
825 3318 1000 3385 ipsum
1061 3331 1420 3391 persequente,
1477 3323 1787 3394 investigari

197 3414 293 3455 non
319 3416 550 3471 poterat.
588 3406 645 3460 In
679 3404 840 3461 Guari
896 3410 1171 3476 versione,
1220 3413 1281 3465 τὸ
1318 3415 1624 3484 ἀποστῆναι
1671 3419 1785 3471 sal-

203 3503 292 3547 ω...
327 3500 457 3551 verti
495 3501 755 3565 debebat,
804 3499 976 3555 Minoi
1028 3503 1183 3569 ﬁdem
1221 3520 1334 3557 non.
1369 3521 1618 3559 servasse.
1653 3505 1782 3560 Plu-

204 3590 406 3642 tarchus
448 3590 502 3644 in
540 3589 789 3658 Theseo,
814 3589 908 3644 τὸν
950 3594 1208 3647 Δαίδαλον
1238 3595 1430 3667 ,πλοίῳ
1474 3598 1670 3665 φυγεῖν
1698 3600 1783 3661 εἰς

197 3675 439 3748 Ἀθήνας,
487 3688 968 3754 commemoravit.
1023 3687 1176 3742 Adde
1224 3690 1449 3744 omnino
1511 3687 1600 3746 ιο.
1652 3692 1786 3747 Bro-
1821 3697 1843 3717 ’

199 3768 357 3823 dzeum
388 3772 452 3826 ad
493 3765 823 3847 Antbolog.,
873 3793 924 3848 p.
961 3777 1090 3843 497,
1127 3778 1426 3834 Palladium
1457 3781 1645 3846 etiam,
1683 3798 1786 3836 au-

195 3874 332 3916 clorc
367 3880 432 3918 ex
495 3867 855 3935 Apollodoro,
889 3869 958 3925 Is.
987 3869 1186 3926 Tzetza
1221 3875 1284 3927 ad
1334 3872 1782 3945 Lycopltronem,

194 3967 240 4018 p.
275 3955 358 4018 45,
390 3957 658 4028 Τρίπηχυ
690 3955 760 4031 ἦν
798 3959 875 4030 τῷ
899 3962 1145 4030 μεγέθει,
1192 3966 1305 4027 τοῖς
1327 3964 1386 4017 δὲ
1413 3967 1540 4019 ποσὶ
1576 3967 1788 4038 συμϐε-

191 4044 372 4114 ϐηκός.
408 4047 608 4103 Locus
653 4051 980 4118 'Apollodori
1011 4065 1088 4107 est
1125 4055 1218 4109 lib.
1245 4071 1325 4118 ιιι,
1357 4073 1409 4122 p.
1441 4057 1565 4126 £80,
1587 4061 1654 4114 de
1675 4076 1786 4129 quo

193 4140 304 4193 vide
331 4145 568 4197 omnino
596 4142 702 4197 'flt.
741 4141 1052 4200 Reinesiuut
1095 4144 1156 4198 V.
1190 4145 1276 4212 L,
1314 4148 1406 4203 lib.
1436 4166 1519 4214 stt,
1570 4167 1690 4222 cap.
1724 4154 1781 4218 5.

190 4244 236 4297 p.
268 4230 394 4290 “7.
421 4232 552 4289 Jam
607 4249 732 4289 vero
779 4251 884 4290 non
916 4239 1309 4302 omittendum,
1362 4241 1782 4313 investigabilem

190 4320 283 4373 dici
307 4339 452 4392 serpe
479 4325 613 4378 alibi
644 4340 742 4393 pro
789 4327 1265 4399 ininvestigabilent-
1294 4332 1393 4387 abs
1425 4331 1780 4405 Hieronymo,

1890 1849 2100 1900 divinus
2152 1851 2406 1903 habetur:
2459 1851 2683 1904 omnino
2733 1865 3037 1918 pauperat“.
3087 1848 3160 1902 Ita
3192 1860 3246 1903 et
3293 1847 3480 1917 Pythia

1889 1939 2072 2008 legunt
2115 1941 2202 1993 alii
2257 1955 2352 2007 pro
2404 1943 2544 2009 apud
2597 1941 2831 2011 Pythias,
2867 1950 2923 1993 ut
2983 1940 3254 2003 videatur,
3303 1941 3484 2008 inquit
3573 1944 3580 1952 ’

1891 2034 2408 2097 Srlntrzlleiscbins,
2471 2037 2645 2104 prima
2697 2037 2966 2100 scriptura
3023 2035 3193 2090 fuisse
3254 2033 3482 2106 Pgthiis.

1891 2125 2130 2192 bonique
2166 2127 2475 2181 Parmensis
2508 2143 2608 2181 ms.
2641 2129 2868 2191 corium,
2917 2144 3015 2194 pro
3063 2134 3244 2190 choro,
3275 2137 3329 2181 et
3359 2145 3482 2182 cum

1887 2215 2165 2284 Scaligero
2208 2218 2299 2270 alii
2329 2219 2621 2285 constituit,
2655 2234 2752 2288 pro
2775 2221 2987 2274 statuit.
3017 2220 3114 2274 llic
3140 2235 3266 2276 vero
3307 2230 3476 2275 lotam

1888 2307 2199 2375 periocbam
2231 2309 2284 2360 in
2310 2308 2591 2373 omnibus,
2646 2321 2705 2363 ut
2746 2310 2844 2376 ait,
2885 2311 3085 2376 prioris
3122 2311 3352 2377 exempli
3382 2325 3483 2364 ro-

1889 2395 2106 2450 dicibns
2134 2398 2391 2464 scriptam
2435 2398 2636 2466 reperit
2667 2398 2732 2452 ad
2763 2399 2912 2454 hunc
2949 2401 3168 2454 modum
3192 2415 3206 2456 :
3232 2400 3479 2475 Philam-

1887 2502 2008 2538 mon
2038 2486 2291 2554 Delphins
2317 2488 2506 2543 nobilis
2541 2489 2785 2554 habetur,
2818 2481 2914 2559 q'ui
2955 2491 3161 2558 primu!
3179 2493 3319 2560 apud
3347 2493 3475 2546 Del-

1882 2578 2012 2643 phos
2053 2577 2364 2648 Pgthiorum
2395 2581 2544 2634 ludos
2581 2582 2874 2635 constituit.
2907 2580 3000 2636 Vel
3032 2583 3144 2637 ait:
3185 2566 3480 2652 Apud'Py-

1884 2671 2055 2724 thium
2109 2672 2326 2724 chorum
2377 2674 2673 2728 constituit.
2729 2673 2913 2742 Itaque
2961 2685 3136 2741 putat,
3204 2675 3478 2744 duplicem

1883 2761 2172 2817 let-tionem
2229 2763 2283 2816 in
2355 2779 2516 2818 unam
2580 2763 2894 2833 periocbam
2956 2768 3259 2834 coniectam
3330 2783 3477 2831 esse,

1881 2869 2112 2923 quarum
2165 2857 2323 2909 unice
2355 2857 2626 2924 posterior
2671 2873 2792 2912 Vera
2838 2868 2952 2912 est:
3004 2873 3112 2912 ιιοιι
3161 2859 3308 2913 enim
3342 2859 3478 2913 Pill-

1881 2951 2175 3003 lammmou
2229 2945 2546 3016 Pytbiorum
2599 2947 2760 3003 ludos
2810 2950 3096 3003 conquirit
3127 2953 3354 3020 primus.
3405 2954 3474 3005 Et

1881 3047 2014 3088 sane
2063 3045 2188 3090 ante
2237 3036 2388 3090 illum
2451 3039 2669 3106 praemia
2732 3040 3144 3112 Cbrysotbemis
3193 3041 3477 3112 retulerat,

1886 3138 2109 3182 auctore
2138 3128 2408 3184 Pausania
2464 3133 2518 3185 in
2569 3131 2818 3188 Pbocicis
2863 3149 2990 3203 cap.
3044 3134 3095 3189 7.
3130 3134 3204 3188 De
3237 3136 3481 3189 Philam-

1887 3235 2047 3274 monc
2073 3233 2282 3286 autem,
2330 3233 2382 3278 et
2434 3223 2501 3278 de
2552 3225 2735 3279 choris
2783 3226 2922 3294 apml
2971 3227 3286 3295 Delphicum
3337 3238 3480 3280 tem-

1886 3315 2033 3382 plum
2087 3315 2154 3368 ab
2181 3330 2248 3368 eo
2277 3315 2568 3373 institutis.
2624 3317 2865 3384 loquitur
2914 3317 3238 3372 Plutarchus
3279 3318 3374 3374 lib.
3412 3324 3480 3374 de

1885 3405 2116 3470 Musica,
2143 3415 2198 3459 et
2251 3405 2587 3460 Scltoliastcs
2633 3407 2847 3462 "utut-ri
2896 3399 2964 3461 ad
2988 3407 3183 3478 O.|y~s.
3225 3410 3321 3467 lib.
3361 3426 3476 3478 xlv,

1887 3511 2035 3551 vers.
2066 3497 2196 3564 432,
2241 3500 2334 3567 qui
2383 3508 2436 3552 et
2466 3499 2736 3566 virginum
2790 3500 2992 3553 choros
3031 3500 3152 3554 illos
3199 3503 3477 3556 esstitisse

1887 3589 2072 3644 tradit.

1955 3681 2068 3737 Col.
2093 3681 2217 3737 309.
2247 3679 2511 3736 Pandior.
2539 3679 2807 3734 Ponlarus
2828 3681 2981 3749 juxta
3015 3679 3334 3738 vetustiores
3358 3679 3478 3738 edi-

1885 3774 2061 3829 tiones
2087 3774 2200 3829 haec
2223 3773 2290 3828 de
2316 3772 2616 3826 Pandionis
2643 3773 2764 3844 fuga
2791 3776 2880 3827 lilo
2908 3774 3254 3845 Mycenarum
3281 3775 3468 3842 insue.-

1884 3875 1970 3919 rat
1995 3866 2062 3921 ad
2109 3882 2259 3920 num.
2307 3867 2398 3928 26,
2439 3867 2530 3936 qui
2569 3867 2975 3922 Abrabamitiro
3003 3869 3108 3922 745
3160 3871 3474 3938 respondet,

1885 3971 2007 4026 qua:
2053 3958 2399 4026 postmodum
2433 3959 2537 4010 huc
2573 3956 2886 4021 transferri,
2915 3957 3140 4011 meliore
3182 3972 3312 4010 usus
3340 3974 3472 4011 cou-

1885 4049 2030 4112 silio,
2062 4049 2257 4118 jussit.
2293 4048 2431 4102 Male
2457 4047 2621 4103 etiam
2667 4047 2902 4103 Palatini
2949 4047 3190 4112 codices,
3231 4047 3474 4101 Schurz-

1886 4139 2128 4195 ﬂeisclno
2175 4149 2332 4202 teste,
2388 4139 2453 4191 ad
2509 4154 2659 4192 num.
2737 4137 2807 4191 54
2862 4137 3210 4200 Helna’Cnm,
3251 4137 3344 4205 qui
3388 4145 3473 4190 est

1883 4232 2175 4286 Abrahami
2204 4231 2331 4294 746,
2359 4232 2638 4300 rejiciunt.
2671 4227 2967 4284 Historiam
3015 4245 3138 4284 cum
3179 4231 3362 4298 plures
3403 4247 3468 4283 cx

1885 4324 2126 4391 antiquis
2191 4324 2430 4388 tradant,
2471 4321 2836 4391 Apollodorus
2891 4319 2985 4373 lib.
3028 4335 3112 4383 tn,
3153 4320 3350 4376 Strabo
3394 4336 3476 4382 ut.

186 4414 321 4479 quod
352 4427 613 4470 notatum
650 4418 807 4473 nobis
839 4428 923 4474 est
966 4435 1031 4474 ex
1066 4423 1262 4491 vestiga
1316 4425 1525 4478 verbo:
1583 4435 1640 4479 ut
1697 4437 1782 4482 est

1888 4423 2046 4479 atque
2071 4411 2184 4476 alii,
2233 4411 2408 4480 placet
2437 4411 2596 4479 ⁸ῐιιιιιιι
2649 4413 2810 4465 modo
2859 4411 3036 4463 locum
3080 4426 3356 4480 apponere
3402 4429 3466 4467 es

186 4503 306 4556 illud
337 4507 501 4561 Panll
537 4508 606 4560 ad
645 4507 828 4570 Rom.,
865 4523 939 4568 st.
972 4509 1063 4572 55,
1098 4512 1485 4582 iavestigabiles
1517 4515 1614 4570 vita
1643 4515 1779 4585 ejus.

244 4593 357 4648 Col.
397 4597 539 4652 307.
581 4595 799 4666 Europa
833 4598 1088 4667 Agenoris
1140 4603 1281 4671 ﬁlia.
1330 4604 1454 4660 Post
1497 4607 1782 4661 biennium

181 4682 451 4740 habentur
479 4689 677 4743 istltzcc
702 4689 845 4757 apud
876 4691 1246 4760 Scaligerum,
1281 4695 1374 4764 qui
1418 4695 1602 4752 denuo
1635 4709 1783 4754 recte

178 4777 434 4833 adutonet
459 4781 519 4834 in
560 4777 749 4845 Notis,
788 4780 893 4836 hoc
943 4797 1152 4852 gestum
1200 4786 1449 4855 pluribus
1501 4788 1638 4845 locis
1680 4791 1780 4860 legi

181 4884 399 4941 propter
445 4872 707 4927 diversos
753 4881 1027 4940 auctores,
1083 4876 1177 4944 qui
1227 4891 1346 4931 eam
1401 4894 1512 4934 rem
1562 4881 1781 4938 diverse

178 4964 533 5021 madidi-runt
563 4982 578 5018 :
610 4973 665 5020 et
696 4965 777 5021 sic
801 4965 1160 5035 iudicandum
1195 4980 1318 5020 esse
1363 4967 1429 5021 de
1473 4969 1616 5034 aliis,
1659 4986 1779 5040 quae

173 5053 254 5102 bis
288 5063 383 5105 aut
413 5065 507 5109 ter
538 5055 831 5119 iterantur,
867 5072 930 5106 ne
967 5055 1090 5122 quis
1135 5061 1286 5122 putet
1332 5069 1430 5121 per
1460 5054 1778 5125 impruden-

174 5141 298 5193 tiam
338 5145 461 5197 btec
496 5142 745 5197 Eusebio
796 5141 1087 5196 excidisse.
1137 5141 1295 5211 Legit
1325 5157 1509 5207 porro,
1541 5147 1677 5214 quod
1712 5147 1777 5198 iis

166 5235 435 5296 congruit,
465 5249 593 5302 qua:
615 5233 678 5286 de
695 5229 873 5286 Minoe
898 5233 1168 5298 dicuntur,
1209 5235 1586 5301 praetermissis
1613 5237 1774 5290 etiam

166 5337 283 5389 qua:
320 5325 412 5377 bic
451 5327 873 5378 sulmcctnntnr'
899 5325 964 5377 de
997 5323 1199 5378 Cadmo
1239 5333 1288 5378 et
1340 5321 1568 5391 Sporus.
1601 5324 1774 5382 Nimi-

163 5428 308 5477 rum,
360 5415 461 5483 qui
506 5411 780 5482 Europam
844 5415 908 5468 al
969 5416 1082 5467 haec
1135 5421 1379 5483 tempora
1426 5416 1773 5484 diStulernnt,

162 5503 373 5558 iaciunt
415 5520 558 5558 cum
591 5521 685 5558 sua
719 5505 1029 5573 bypotbesi,
1071 5520 1190 5573 qua:
1241 5506 1306 5559 de
1341 5505 1535 5570 Minoe,
1567 5508 1773 5562 Cadmo

158 5610 203 5647 ιιι
246 5599 480 5665 Spartis
528 5596 809 5658 dicuntur,
845 5611 1200 5651 concurrere.
1233 5595 1465 5652 Proinde
1498 5615 1603 5652 non
1630 5612 1772 5656 recte

161 5685 698 5751 Sclinrzﬂeiscbius,
746 5687 810 5740 ad
850 5687 1238 5742 aliorum'luec
1290 5691 1528 5744 rationes
1572 5707 1767 5761 expen-

1889 4503 2155 4559 Pausania
2190 4503 2242 4557 lu
2273 4503 2437 4557 Attic.
2469 4519 2592 4572 cap.
2624 4502 2697 4559 5:
2757 4501 3004 4556 Pandion
3043 4502 3202 4568 alter,
3249 4497 3472 4558 minoris

1888 4593 2133 4664 Cecropis
2167 4587 2352 4661 ﬁlius,
2401 4611 2432 4646 a
2475 4594 2775 4648 Metioaidis
2821 4593 2996 4664 (Gra'c
3024 4635 3040 4660 ,
3095 4595 3468 4664 Μητιονίδαις)

1886 4703 2046 4756 regno
2095 4688 2300 4754 pulsus,
2352 4689 2570 4741 (stated
2623 4685 2808 4756 Pylum
2856 4685 3244 4754 Megarensium
3294 4704 3465 4757 regem

1885 4780 2057 4848 (cujus
2104 4780 2272 4849 ﬁliam
2325 4781 2378 4833 in
2434 4780 2775 4832 matrimonio
2825 4777 3072 4846 habebat)
3124 4779 3470 4848 confugissetr

1884 4869 2063 4923 morbo
2090 4871 2380 4938 confectus,
2428 4871 2538 4923 illic
2589 4871 2728 4922 diem
2781 4887 2936 4923 suum
2973 4870 3119 4922 obiit.
3170 4869 3471 4940 Megaridis—

1882 4962 2182 5029 imperium,
2233 4979 2264 5014 a
2296 4961 2425 5027 Pyla
2473 4979 2589 5027 rege
2619 4963 2951 5014 Pnndionum
2985 4961 3247 5026 relictum,
3282 4961 3473 5030 adepti

1879 5062 2001 5106 sunt
2052 5054 2409 5106 Athenienses.
2456 5052 2654 5106 Paulus
2699 5051 2926 5106 Orosius
2985 5052 3238 5107 laudatus
3294 5055 3467 5107 etiam

1881 5144 2200 5214 Scaligero:
2291 5143 2647 5199 Pratermitto
2710 5144 3007 5197 Pandionis
3059 5144 3466 5198 Atheniensium

1880 5237 2014 5305 regis
2047 5236 2272 5304 ﬂebilem
2313 5236 2513 5306 fugam,
2544 5249 2650 5290 etc.

1946 5327 2065 5382 Col.
2099 5329 2222 5381 509.
2257 5330 2472 5399 Cysirus
2521 5328 2757 5383 condita.
2815 5327 3301 5384 Scltutall-ist-hius
3328 5329 3400 5381 ait
3431 5342 3458 5381 τ

1877 5417 2056 5490 Cyzici
2114 5422 2344 5472 natalem
2397 5435 2598 5472 annum
2637 5420 2847 5489 primus
2883 5421 3160 5476 Palatinus
3214 5421 3446 5489 ριὶιιιιιιιι

1879 5508 2068 5580 Εεεί,
2121 5507 2368 5562 Slt'llal'dl
2397 5510 2566 5564 editio
2596 5513 2893 5566 secundum
2951 5529 3068 5566 esse
3095 5513 3279 5564 voluit.
3305 5509 3450 5563 Sum:

1879 5601 1979 5657 iste
2009 5601 2094 5655 vel
2130 5604 2564 5671 Argonautarum
2593 5605 2989 5674 expeditionem
3019 5603 3260 5670 pioxiue
3290 5601 3458 5654 lli-Ius

1877 5695 2203 5764 pra-rodere,
2244 5695 2322 5751 \‘el
2367 5696 2556 5752 saltent
2610 5699 2879 5752 com’tat-i.
2914 5697 3088 5765 Cilici
3142 5697 3294 5749 ctsim.
3331 5683 3459 5747 cui
