1966 3094
126 165 175 197 809

767 162 813 192 VA
819 161 886 191 LLA
892 159 956 190 RSl
962 160 972 190 ι
994 159 1113 191 NOT/E.

1684 162 1741 194 810

126 220 192 247 ἔτεσι
211 222 232 247 ν
247 220 301 255 πρὸ
323 219 453 252 ἁλώσεως
484 219 572 249 Ἰλίου,
600 220 700 247 Prteter
715 218 905 255 Carthaginem

959 216 1019 251 ejus
1033 216 1118 243 llliutn
1145 215 1310 252 signiﬁcent,
1327 221 1353 244 et
1371 221 1504 252 quatenus
1523 217 1594 246 ﬁlius
1618 219 1746 254 appellari

124 274 139 294 e
154 265 213 301 Tyri
230 266 345 294 coloniis
356 266 406 294 l'uit
421 266 510 294 insula
524 265 614 293 Melita
626 270 653 292 et
665 264 779 298 Gaulus,
790 265 827 292 uti
842 272 905 300 pro-

125 311 191 338 bavit
210 318 244 337 ex
261 311 390 347 Euripide
416 311 525 339 Samuel
552 311 656 339 Petitus
680 311 713 338 ad
735 310 788 338 LL.
803 311 906 338 Atticas

124 364 145 390 p.
162 356 191 383 3|
210 363 268 391 seq.
287 355 316 382 ln
340 364 386 384 eas
399 364 463 392 ergo
480 357 584 384 nobiles
610 364 658 384 sua
684 356 789 383 cimelia
811 364 906 390 aspor-

124 401 197 429 tanda
215 405 391 435 curaverunt,
417 410 501 438 eaque
518 403 587 430 adeo
603 402 728 430 manibus
745 401 906 438 Babylonio-

124 456 177 474 runt
194 448 273 475 facile
292 448 461 483 eripuerunt.
489 448 587 476 Postea
604 456 664 475 cum
687 448 785 475 iterum
800 447 905 474 exscin-

122 495 227 522 deretur
236 494 325 530 Tyrus
339 495 374 522 ab
387 494 553 529 Alexandro,
566 499 595 522 ut
608 502 690 529 supra
706 493 773 525 dixi,
791 498 906 527 utraque

122 541 224 567 demum
239 539 334 575 Tyrus
350 548 399 576 per
415 548 538 575 aggerem
564 545 607 568 est
628 541 734 576 juncta,
750 547 803 575 qua
824 539 858 566 de
876 546 905 566 re

121 586 249 613 \idendus
261 591 313 619 est,
331 592 428 621 praeter
443 587 616 619 Strabonem,
633 587 737 614 Plinius
753 586 784 613 ll.
808 584 842 612 N.
857 585 903 612 lib.

120 638 177 662 v,c.
192 630 235 663 l9,
249 630 416 659 Curtiuslib.
429 640 467 663 tv,
482 640 508 659 c.
527 632 553 665 5,
568 632 729 659 Plutarchus
745 631 771 658 in
789 631 905 657 Alexan-

118 677 164 705 dro
186 682 205 704 t.
225 678 247 711 l,
267 678 320 706 CC.
349 686 377 714 p.
401 678 464 711 668,
480 679 614 705 Arrianus
639 678 687 705 lib.
710 686 742 710 tt,
759 677 903 708 Diodorus,

118 723 170 750 alii.
183 722 321 751 Hactenus
337 724 391 752 ille.
403 724 563 751 Addendutn
577 731 660 759 porro
673 724 707 751 de
716 724 811 751 Graeco
823 729 904 757 quem

119 768 259 796 laudamus
279 773 363 800 textu,
381 769 527 804 placuisse,
553 774 581 795 ιιι
596 777 630 796 ne
645 768 710 803 quid
737 773 904 795 mutaremus

118 814 149 841 dc
165 814 305 842 Paschalis
320 815 569 853 Chroniciverbis,
595 815 673 849 cujus
695 820 790 841 auctor
807 819 903 841 extera

116 860 147 888 ab
162 860 283 889 Eusebio
317 861 495 896 descripsisse
519 862 689 896 perspicuum
705 865 757 893 est,
773 868 833 887 eam
858 867 905 887 an-

117 915 209 934 norum
227 915 362 935 summam
380 908 507 940 retinere,
527 908 631 935 tametsi
649 909 682 935 ab
698 907 778 941 hujus
792 906 903 934 rationi-

115 953 162 980 bus
176 953 287 989 longius
305 954 398 985 distet.
424 961 457 981 ac
474 953 576 982 solidos
599 957 707 981 centum
722 957 803 987 atque
821 952 905 980 unde-

115 1000 164 1025 cim
179 1007 271 1026 annos
287 1004 443 1034 exaggeret.

146 1044 218 1071 lbid.
237 1044 368 1079 Orpheus.
387 1045 414 1071 In
429 1044 561 1079 Scaligeri
576 1044 696 1071 editione
722 1044 779 1071 haec
802 1044 836 1070 de
851 1042 904 1071 0r-

114 1089 180 1123 pheo
198 1090 328 1124 periocha
349 1090 467 1118 triennio
484 1095 547 1117 ante
566 1090 687 1129 ponitur,
705 1089 732 1116 in
752 1088 904 1116 vetustiori-

113 1135 162 1162 bus
179 1136 263 1163 editis
282 1136 369 1167 libris,
394 1141 421 1164 et
448 1135 572 1162 Palatino
598 1135 686 1170 primo
715 1143 768 1162 tus.
794 1134 905 1163 biennio

113 1185 171 1215 post
187 1189 194 1207 :
211 1181 323 1208 demqu
341 1182 367 1207 in
385 1181 524 1208 Parmensi
546 1185 607 1215 post
623 1180 712 1207 adhuc
727 1185 829 1214 septem
854 1187 904 1206 an—

114 1233 170 1259 nos,
183 1226 246 1253 sive
256 1226 290 1253 ad
306 1226 458 1261 [κιαι-759,
471 1225 610 1261 Eurysthei
624 1224 655 1252 41
671 1232 680 1252 :
696 1231 758 1251 nam
771 1231 856 1259 ttsque
870 1222 904 1250 ad

112 1273 155 1303 45,
172 1278 203 1299 ιιι
218 1277 343 1300 notatum
360 1278 400 1301 est
414 1280 506 1307 supra,
520 1272 674 1298 continuat.
691 1270 776 1298 Porro
786 1269 906 1297 Schurz-

113 1318 254 1347 lleischius
267 1320 315 1350 ait,
333 1319 374 1345 An
390 1319 424 1346 de
443 1323 541 1346 caetero
553 1318 691 1353 Orpheus,
705 1318 752 1352 qui
767 1317 905 1352 Argonau-

113 1369 201 1391 tarum
219 1364 387 1399 expeditioni
402 1363 535 1396 interfuit,
553 1368 632 1398 poeta
647 1362 692 1390 ille
708 1362 801 1394 fuerit,
815 1361 904 1398 cujus,

113 1415 139 1437 ut
156 1411 266 1442 volunt,
280 1409 414 1444 hodieque
428 1410 519 1445 aliqua
540 1409 682 1442 habemus,
701 1409 799 1436 merito
825 1407 905 1435 dubi-

112 1459 212 1481 tamus.
233 1453 306 1481 Sane
330 1454 353 1481 si
377 1454 493 1481 dialecto
519 1452 617 1480 Dorica
635 1452 742 1487 scripsit
768 1451 903 1487 Orpheus,

112 1501 148 1527 uti
162 1508 197 1527 ex
212 1500 379 1533 Metrodoro,
395 1500 502 1527 medico
517 1498 698 1535 Pythagoreo,
714 1492 772 1525 vult
790 1489 905 1525 lambll-

110 1545 179 1572 chus
196 1552 260 1579 cap.
276 1544 310 1571 34
324 1544 357 1571 de
370 1542 428 1571 Vita
444 1543 614 1580 Pythagorae,
629 1544 720 1578 junior
732 1544 767 1570 sit
794 1549 905 1570 necesse

112 1595 165 1616 est.
192 1590 262 1617 Nam
284 1590 377 1622 etiam,
407 1589 603 1616 Philammonis
626 1588 737 1616 oracula
763 1588 901 1622 supposita

110 1641 182 1666 esse,
201 1634 351 1661 Pausanias
369 1634 493 1661 Corinth.
520 1641 579 1668 cap.
597 1634 631 1661 57
650 1633 762 1666 evincit,
789 1633 830 1659 ὅτι
858 1633 904 1658 ἐπὶ

109 1678 296 1715 Φιλάμμωνος
313 1680 374 1706 οὐδὲ
400 1679 430 1706 τὸ
448 1679 532 1715 δνημα
546 1679 600 1706 τῶν
616 1679 744 1714 Δωριέων
766 1679 839 1714 (ἐμοὶ
860 1677 902 1704 δο-

109 1728 180 1761 κεῖν)
198 1728 237 1757 είς
252 1726 377 1758 ἅπαντας
397 1725 514 1760 ἠκούετο
528 1719 675 1760 Ἐλληιιας.
696 1723 754 1751 lant
782 1722 904 1752 Philam—

111 1773 206 1799 monis
224 1776 329 1799 tantum
356 1780 413 1799 non
427 1771 539 1806 aequalis
552 1770 604 1798 l'uit
628 1770 765 1804 Orpheus.
782 1770 862 1804 Ergo,
881 1770 903 1797 si

109 1815 312 1845 Philammonis
322 1823 445 1851 tempore
458 1817 576 1844 nondum
591 1816 708 1850 Δωριστὶ
723 1815 904 1845 scribebatur,

108 1864 253 1898 quomodo
267 1863 390 1898 Orphei?
408 1864 442 1889 At
456 1862 538 1890 hodie
551 1869 638 1897 neque
653 1861 750 1888 Dorica
772 1860 905 1887 dialeclus

110 1909 252 1936 invenitur
271 1910 298 1936 in
317 1909 428 1944 scriptis
451 1907 563 1942 Orphei.
584 1907 675 1940 Quare
690 1914 722 1933 ea
740 1905 782 1933 vel
804 1905 903 1933 iterum

108 1961 123 1982 a
139 1955 338 1990 grammatistis
361 1962 422 1982 esse
437 1953 617 1988 interpolata,
631 1952 672 1980 vel
694 1951 758 1979 olim
772 1952 826 1987 jam
844 1951 905 1978 aliis

108 2001 269 2029 auctoribus
291 2001 420 2028 attributa
459 1999 595 2027 videntur.
625 1999 834 2035 Ego-quantum
873 2004 907 2024 ex

108 2041 154 2078 iis,
169 2054 232 2080 qua:
244 2046 406 2074 Marbodeus
424 2046 488 2081 περὶ
499 2045 654 2080 Κουραλίου
684 2052 715 2072 ex
732 2044 842 2078 Orpheo
857 2043 906 2069 ha-

109 2092 168 2125 bet,
183 2093 318 2127 conjicere
337 2099 460 2126 possunt,
478 2090 527 2126 ipsi
544 2090 698 2131 Metrodoro
712 2089 906 2117 ascrlbendum

106 2136 208 2172 judico
229 2139 293 2172 περὶ
307 2138 396 2164 Λίθων
413 2138 526 2169 librum,
543 2136 759 2176 Orpbci'nomeu
775 2136 908 2162 hactenus

111 2184 269 2213 mentitum.
285 2189 418 2219 ptttoque,
442 2183 511 2211 alios
527 2184 608 2210 etiam
627 2182 728 2217 Orphei
745 2182 828 2209 libros
855 2181 907 2216 Py-

958 262 1109 296 discipulus
1134 266 1233 297 potest.
1256 262 1391 290 Caeterqu
1415 269 1441 290 et
1462 264 1572 298 propius
1598 271 1662 291 vero
1694 269 1745 297 est.

957 309 1029 343 quod
1060 308 1098 335 ait
1126 308 1275 336 Pausanias
1293 308 1321 336 in
1340 308 1451 337 Phocic.
1476 318 1536 344 Cap.
1565 309 1590 342 5,
1617 310 1747 339 Musaeum

957 354 1004 380 τοῦ
1021 354 1189 390 Ἀντιφήμου
1208 356 1302 388 lilium,
1320 355 1443 390 Eumolpi
1462 363 1551 383 autem
1566 358 1679 385 secundi
1699 366 1746 385 ue-

957 405 1057 434 potem.
1084 400 1153 426 Nam
1180 406 1206 427 et
1228 400 1336 434 Suidas,
1363 402 1500 433 Μουσαῖος
1521 401 1683 434 Ἐλευσίνιος
1718 403 1749 436 ἐξ

963 444 1094 479 Ἀθηνῶν,
1109 445 1165 476 υἱὸς
1183 446 1362 480 Ἀντιφήμου,
1378 455 1404 473 κ.
1417 456 1442 474 τ.
1466 447 1490 474 λ.
1512 447 1625 475 Musteus
1642 448 1747 475 Eleusi-

957 491 1016 517 nius
1036 499 1068 518 ea;
1086 492 1204 524 Athenis,
1223 492 1296 524 ﬁlius
1323 493 1481 526 Antiphonti,
1507 498 1560 520 etc.
1580 493 1634 521 Nec
1657 498 1747 521 tamen

957 534 1114 567 diﬂltemur,
1131 535 1191 563 aliis
1205 537 1269 562 item
1284 544 1315 563 ex
1343 538 1554 572 antiquioribus,
1568 546 1636 572 quos
1653 538 1747 566 Menn-

957 580 1017 614 gins
1033 583 1065 607 ad
1089 581 1188 609 Laertii
1213 583 1375 616 prooemium
1397 589 1465 611 sect.
1495 584 1513 611 5
1537 584 1638 617 laudat,
1662 586 1747 613 vidcrl

957 633 1019 653 eum
1037 627 1171 662 Eumolpii
1187 633 1213 655 et
1227 628 1338 656 Selenes
1353 629 1449 657 lilium.

992 673 1051 700 Col.
1068 674 1128 701 5H.
1151 674 1275 702 Inachus.
1292 674 1420 703 Notatum
1446 683 1540 710 supra,
1556 678 1657 705 rectius
1678 679 1750 706 hunc

958 720 1098 747 Pausania
1127 721 1255 756 appellari
1283 721 1426 752 Ἰανίσκον,
1452 722 1613 751 Janiscum:
1642 725 1749 752 tametsi

958 773 1018 793 cum
1037 765 1160 800 Griecus,
1178 772 1234 794 tum
1254 768 1368 795 Latinus
1390 766 1522 796 Eusebius
1538 769 1670 797 Inachum
1698 778 1748 798 vo-

958 817 1010 838 cet.
1025 812 1062 839 Ad
1079 814 1145 843 haec,
1160 820 1222 840 eum
1238 814 1311 840 inter
1326 819 1353 841 et
1368 814 1497 850 Polyhum
1512 815 1647 851 interponi
1661 816 1750 844 Adra-

958 862 1041 892 stum,
1059 865 1112 885 tam
1128 860 1162 886 ab
1179 860 1237 894 ipso
1255 860 1387 887 Pausania
1409 861 1435 888 in
1452 860 1621 888 Corinthiac.
1642 870 1703 897 cap.
1720 862 1749 894 6,

956 911 1037 938 quam
1053 911 1067 929 a
1084 904 1181 931 Servio
1192 904 1226 931 ad
1241 913 1266 932 vt
1285 904 1437 933 IEneidos:
1458 905 1529 941 quod
1546 906 1681 941 improbat
1707 911 1750 934 ta-

955 957 1016 977 men
1033 949 1162 984 Scaliger,
1176 950 1373 985 quiAdrastum
1389 952 1574 986 synchronum
1587 952 1644 983 τοῖς
1662 952 1749 980 Ἑπτὰ

956 995 1001 1021 ἐπὶ
1020 995 1125 1030 Θήϐας,
1149 998 1229 1024 docet
1243 996 1395 1025 exstitisse.
1423 996 1670 1026 Schurzlleischius
1693 999 1751 1027 haec

955 1041 1042 1074 addit,
1059 1043 1079 1068 Α
1093 1041 1258 1069 Ilanethone
1271 1041 1354 1070 Picus
1370 1042 1476 1077 junior,
1492 1050 1539 1069 rex
1559 1042 1749 1078 Aboriginum,

955 1086 1083 1117 refertur,
1096 1086 1120 1113 si
1139 1086 1249 1113 Eusebii
1279 1086 1357 1114 ineas
1373 1087 1502 1119 rationes,
1520 1087 1554 1114 ad
1574 1094 1649 1114 num.
1666 1087 1750 1115 circi-

955 1136 996 1158 ter
1012 1131 1073 1159 7t6.
1092 1131 1141 1159 Hic
1156 1132 1248 1159 lnachi
1266 1130 1359 1166 ﬁliam,
1380 1130 1420 1164 lo,
1435 1134 1460 1159 vi
1476 1132 1599 1166 rapuisse
1616 1140 1630 1159 a
1646 1132 1752 1161 Joanne

956 1176 1052 1203 Malala
1077 1176 1286 1212 Chronograph.
1307 1184 1352 1212 pp.
1380 1176 1415 1204 50
1432 1182 1458 1204 et
1485 1184 1562 1212 seqq.
1581 1178 1748 1212 perhibetur.

956 1221 1010 1249 Nos
1035 1222 1206 1251 manifestam
1248 1223 1347 1257 prioris
1371 1222 1466 1250 Inachi
1507 1230 1569 1249 cum
1599 1223 1749 1258 posteriore

955 1267 1146 1295 confusionem
1182 1269 1370 1313 agypqcimus,
1395 1276 1476 1303 quam
1516 1269 1538 1295 si
1566 1268 1749 1297 rcl‘utarcmus

957 1313 1093 1348 pluribus,
1120 1305 1373 1344 honunidﬁ'strum
1400 1314 1485 1341 otium
1514 1314 1584 1341 male
1607 1319 1750 1345 conterere

957 1361 1124 1387 videremur.
1252 1352 1274 1361 λ

991 1406 1059 1434 lbid.
1077 1406 1115 1434 De
1129 1406 1247 1443 Sphinga
1264 1411 1289 1433 et
1311 1403 1457 1440 (Edipode.
1481 1405 1570 1441 Atque
1590 1406 1647 1438 haec
1660 1405 1750 1433 ει-ηιι.

956 1460 1002 1488 ger
1019 1457 1078 1488 post
1091 1458 1207 1487 quatuor
1220 1459 1307 1480 annos
1323 1452 1423 1485 differt,
1441 1457 1534 1479 contra
1555 1452 1686 1480 librorum
1702 1460 1749 1480 ve-

958 1505 1043 1526 terum
1064 1503 1130 1533 quot
1151 1499 1208 1537 scio
1236 1499 1359 1526 omnium
1379 1499 1469 1531 tidem,
1497 1499 1544 1533 qui
1569 1504 1632 1526 eum
1651 1506 1750 1526 recen-

956 1545 1109 1582 sione-hac
1132 1547 1224 1573 nostra
1250 1543 1366 1572 iaciunt.
1394 1544 1435 1571 Ad
1464 1544 1529 1571 illud
1555 1544 1627 1580 quod
1656 1544 1750 1580 objicit

955 1578 1101 1623 ιῖιιέέξῗιιε,
1126 1589 1157 1618 Si
1181 1591 1250 1618 inter
1275 1591 1444 1626 Argonautas
1471 1578 1577 1622 fuerunt
1605 1578 1700 1617 Utatur
1724 1594 1749 1618 et

958 1635 1064 1667 Pollux,
1079 1637 1208 1670 quomodo
1227 1640 1309 1669 potest
1325 1642 1414 1662 eorum
1441 1643 1516 1662 soror
1536 1635 1640 1663 Helena
1655 1635 1724 1663 credi
1737 1635 1750 1662 .'

956 1682 1104 1716 respondet
1119 1682 1229 1709 Servius
1246 1683 1278 1708 ad
1296 1681 1406 1709 lliueid.
1430 1689 1460 1718 tt,
1476 1689 1547 1709 vers.
1562 1681 1610 1708 60l
1626 1690 1633 1708 :
1651 1680 1680 1708 Si
1696 1682 1747 1708 im-

956 1727 1078 1755 mortalis
1103 1727 1201 1755 Helemx
1222 1736 1273 1755 non
1289 1727 1394 1762 fuisset,
1419 1732 1454 1754 tot
1476 1728 1532 1754 sine
1552 1728 1630 1754 dubio
1643 1728 1748 1755 saeculis

956 1773 1054 1800 durare
1069 1782 1120 1800 non
1135 1764 1230 1807 posset.
1249 1774 1287 1800 Ac
1303 1781 1370 1801 sane
1381 1780 1536 1807 quanquam
1567 1774 1669 1800 dictum
1697 1775 1749 1801 hoc

957 1818 1080 1845 videatur
1097 1819 1130 1845 ad
1146 1818 1308 1845 eludendam
1325 1818 1521 1849 dimcultateru,
1544 1825 1577 1846 eo
1598 1824 1673 1846 certe
1689 1818 1745 1845 tui-

959 1872 1009 1891 nus
1025 1864 1207 1894 satisfaciunt,
1227 1872 1287 1897 qua:
1310 1865 1463 1900 excogitata
1488 1864 1551 1892 aliis
1586 1870 1660 1893 sunt.
1681 1865 1748 1892 Sea.

959 1911 1024 1945 ligor
1048 1912 1099 1939 hoc
1136 1911 1278 1946 ἀτὸπημα.
1302 1912 1399 1947 inquit,
1427 1917 1533 1939 veteres
1549 1917 1675 1939 auctores
1691 1916 1745 1939 tam

959 1957 1138 1992 mythologos,
1148 1965 1228 1992 quant
1244 1958 1391 1985 historicos
1402 1957 1526 1985 dubitare
1538 1958 1636 1992 coegit,
1653 1962 1743 1985 utrum

960 2003 1058 2030 llelcua
1085 2004 1169 2038 major
1188 2003 1296 2031 llccttba
1326 2003 1419 2035 fuerit,
1447 2009 1473 2031 et
1501 2004 1524 2031 si
1551 2004 1646 2036 fuerit,
1663 2011 1748 2039 quare

959 2048 1078 2080 llr-cuba,
1096 2056 1147 2077 non
1165 2049 1219 2081 illa,
1235 2057 1304 2076 anus
1320 2055 1428 2077 vocata.
1460 2049 1564 2077 Seneca
1590 2050 1672 2084 epist.
1697 2050 1747 2076 88:

959 2090 1013 2120 "ac
1030 2093 1134 2128 quidem
1155 2101 1194 2120 me
1207 2094 1349 2128 :qttatrere,
1373 2098 1462 2120 utrum
1482 2094 1569 2128 major
1596 2099 1673 2121 aetate
1698 2093 1750 2129 fuit

954 2139 1096 2170 Homerus,
1112 2147 1146 2166 an
1165 2138 1305 2172 Hesiodus,
1329 2146 1379 2165 non
1401 2141 1484 2174 magis
1505 2139 1539 2166 ad
1556 2148 1609 2166 rem
1627 2141 1748 2172 pertinet,

959 2193 1037 2219 quam
1053 2185 1119 2211 scire
1145 2193 1179 2211 an
1198 2186 1283 2211 minor
1304 2185 1409 2212 Hecuba
1430 2184 1510 2219 fuerit
1537 2194 1614 2219 qutun
1634 2185 1745 2216 ile/crta,

108 2230 306 2264 thagoreurum
328 2230 417 2264 potius
427 2237 487 2257 esse
502 2228 689 2262 ὑποϐολιμαῖα
700 2228 810 2263 scripla,
827 2222 907 2262 quam
925 2232 946 2260 D
960 2235 984 2257 et
1002 2238 1082 2265 quare
1100 2236 1154 2257 tam
1167 2230 1235 2257 male
1246 2230 1335 2257 tulerit
1348 2235 1464 2258 (etatem.
1479 2230 1551 2257 Idem
1567 2230 1686 2263 Scaliger
1698 2231 1747 2257 ad-

113 2276 220 2310 Orphei
237 2276 308 2303 illius
324 2275 513 2307 vetustissimi,
528 2275 574 2309 qui
588 2274 735 2309 Pclasgicis
761 2273 849 2300 adhuc
863 2273 908 2300 lit-

109 2323 184 2349 teris
202 2330 264 2349 usus
284 2330 344 2349 esse
368 2329 382 2348 a
403 2321 525 2349 Diodoro
550 2321 643 2348 Siculo
666 2320 713 2348 lib.
739 2327 780 2352 ttt,
800 2327 827 2354 p.
844 2318 906 2351 H0,

90 2391 93 2394 ι
108 2368 228 2399 dicitur,
249 2368 378 2402 γνησίους
398 2366 482 2395 fetus.
500 2368 634 2395 Praetereo
652 2366 786 2402 Dionysii,
801 2365 907 2393 Aristo-

109 2414 181 2440 teiis
212 2419 237 2440 ct
264 2413 406 2441 Ciceronis
430 2414 591 2446 sententias,
618 2413 676 2446 qui,
694 2412 758 2446 quia
783 2411 908 2445 Orpheus

109 2459 263 2486 includitur
278 2461 304 2486 in
318 2458 433 2486 historia
448 2459 578 2493 tnytltica,
596 2464 659 2485 cum
684 2464 803 2491 unquam
820 2455 906 2483 «xsti-

108 2503 197 2536 tisse,
211 2504 320 2532 iuliclati
344 2508 420 2535 sunt,
436 2512 488 2538 qua
504 2504 538 2531 de
553 2503 686 2531 sententia
703 2502 810 2529 Mttllills
824 2501 906 2535 Opin.

109 2550 116 2576 Ι
136 2550 168 2574 1».
187 2557 203 2580 ι¹
220 2557 278 2584 cap.
296 2550 324 2583 ι,
341 2557 369 2585 p.
390 2549 453 2581 36L
467 2555 493 2576 et
516 2549 659 2576 Albericus
678 2548 793 2575 Gentitis
811 2546 875 2580 Vini
888 2546 908 2575 Ι.

109 2596 182 2621 lect.
196 2603 253 2631 cap.
271 2596 314 2628 ll,
329 2603 392 2631 pag.
409 2595 470 2625 105.
487 2599 610 2629 egerunt.
627 2594 764 2621 Addamus
783 2600 854 2619 nunc
876 2594 909 2618 de

109 2641 227 2671 Μιιεςιιο,
246 2646 334 2676 quem
360 2647 437 2668 notat
466 2641 598 2675 Scaliger,
623 2648 677 2667 non
696 2637 833 2672 Eumolpi.
860 2638 908 2665 sed

108 2687 217 2720 Orphei
234 2688 317 2715 tilium
334 2687 388 2716 dici
403 2687 471 2715 Diod
481 2694 521 2714 πο
537 2687 583 2714 lib.
600 2694 636 2719 Iv,
654 2686 687 2713 de
699 2685 825 2712 llercule.
836 2683 907 2718 Qulu

108 2731 188 2763 lIuO.
202 2733 311 2768 inquam
324 2740 386 2768 ego,
406 2739 433 2761 et
458 2732 574 2764 Platoni,
591 2736 618 2759 et
634 2731 696 2759 aliis
720 2731 793 2758 ﬁlius
806 2730 908 2764 Orphei

108 2777 156 2804 du
172 2778 222 2805 itur
239 2788 246 2805 :
261 2784 290 2806 ut
317 2780 399 2806 etiam
423 2779 546 2806 Justinus
575 2782 679 2813 martyr
697 2778 840 2812 scripsisse
857 2775 908 2804 0r—

108 2824 219 2858 phr‘um
234 2825 314 2858 dicat,
334 2825 402 2859 πρδς
415 2825 461 2852 τὸν
474 2824 531 2852 utbv
544 2824 625 2851 αὑτοῦ
637 2824 776 2851 Μουσαῖην
790 2831 798 2852 :
814 2830 908 2850 verum

111 2870 176 2895 ιιοιι
187 2869 269 2905 liquet
279 2878 312 2898 eo
326 2878 408 2898 sensu
436 2870 609 2905 accipiendos
622 2877 693 2903 esse,
709 2874 737 2898 ut
759 2868 910 2903 disciplina:

250 2919 386 2948 PATROL.
419 2917 552 2949 XXVII.

958 2275 998 2304 dit
1013 2278 1040 2304 in
1057 2277 1159 2305 Graecis
1171 2278 1241 2312 apud
1254 2277 1410 2312 Syncellum
1428 2277 1616 2309 πιστεύεσθαι,
1629 2277 1749 2312 legitque

960 2322 1102 2354 continuo,
1119 2323 1136 2358 ἣ
1148 2322 1312 2358 μήπω-μετὰ
1323 2323 1407 2349 πολλὰ
1421 2322 1468 2357 ἐτη
1480 2322 1614 2357 παρθένος
1629 2321 1751 2357 ἀρπάζε-

959 2375 1023 2394 ut:
1042 2375 1099 2403 qua:
1124 2377 1175 2396 non
1194 2368 1284 2396 multis
1304 2373 1360 2402 post
1379 2369 1456 2395 annis
1478 2369 1549 2402 virgo
1574 2369 1689 2401 rapitur.
1715 2368 1750 2396 Et

960 2414 1028 2445 sive,
1044 2415 1091 2445 ait,
1118 2414 1195 2449 culpa
1218 2414 1405 2447 librariorum,
1432 2414 1499 2443 sive.
1517 2414 1587 2448 quod
1608 2413 1748 2441 verisimi-

961 2459 1023 2491 lius,
1043 2458 1197 2494 Hieronymi
1224 2459 1397 2494 properantia
1429 2458 1537 2490 aceidit,
1556 2463 1583 2485 ut
1601 2458 1707 2492 negatio
1722 2458 1750 2486 in

960 2503 1054 2530 Latina
1070 2504 1296 2539 interpretatione
1311 2511 1440 2538 expressa
1456 2511 1509 2531 non
1524 2503 1571 2534 sit.
1587 2503 1700 2531 omuiuo
1714 2504 1751 2530 ri-

960 2549 1050 2576 dicula
1066 2549 1200 2577 scntentla
1220 2549 1346 2577 el'licitur.
1365 2548 1432 2576 Nam
1448 2557 1503 2584 quo
1521 2549 1653 2577 remotior
1667 2548 1750 2576 luerlt

962 2598 1057 2627 raptus
1078 2594 1196 2627 llelenaa,
1224 2601 1257 2621 eo
1283 2595 1443 2622 credibilior
1471 2595 1533 2623 erit.
1558 2595 1670 2626 Contra,
1694 2601 1749 2628 quo

961 2638 1070 2674 propior
1095 2639 1137 2667 bis
1164 2640 1341 2674 temporibus,
1366 2648 1398 2668 eo
1415 2641 1545 2668 remotior
1561 2648 1575 2666 a
1598 2639 1687 2673 Trojze
1701 2646 1749 2666 ex-

960 2684 1042 2718 cidio,
1065 2686 1181 2720 ideoque
1213 2686 1303 2713 minus
1323 2686 1453 2714 credlbile
1471 2686 1577 2714 Helena:
1603 2691 1707 2719 tempus
1720 2685 1750 2713 in

960 2731 1042 2766 hujus
1055 2732 1147 2759 saeculi
1164 2736 1280 2760 tractum
1305 2732 1445 2760 incidlsse.
1463 2733 1555 2760 Potest
1571 2739 1635 2759 vero
1652 2729 1757 2772 lliero-L

961 2778 1032 2813 nymi
1051 2785 1146 2805 sensus
1158 2778 1330 2806 commodius
1343 2779 1451 2813 exponi,
1476 2784 1503 2805 ut
1520 2778 1583 2805 illud
1603 2778 1701 2805 tnirum
1716 2778 1750 2805 de

961 2822 1060 2850 lleleita
1077 2830 1139 2850 esse
1158 2824 1276 2851 voluerit
1287 2824 1452 2857 siunilicare,
1469 2825 1540 2858 quod
1556 2824 1632 2858 Virgo
1654 2823 1750 2851 tandiu

962 2870 1123 2905 perstiterit.
1139 2871 1179 2897 Ad
1197 2879 1258 2900 eum
1278 2871 1388 2899 modum
1407 2876 1477 2898 ctam
1493 2870 1600 2899 Goarus
1612 2871 1750 2905 interpres
