1966 3094
211 158 262 190 8ὶ1

836 141 1053 189 ’νΑιιΑιιδιι
1076 156 1195 188 Νοτιιξ.

1763 158 1804 191 812

196 220 284 242 .tatur
301 222 308 242 ;
323 214 459 247 Quomodo
470 221 546 241 soror
559 221 650 241 eorum
664 212 765 240 Helena
784 221 799 239 a
819 212 916 240 Theseo
938 213 1010 240 deiu-
1027 221 1046 245 Α
1063 213 1136 247 quod
1152 220 1239 248 neque
1255 220 1314 240 cum
1334 213 1563 247 prmcetlciitiltos,
1575 221 1656 248 neque
1668 221 1721 241 cum
1733 216 1807 244 subse‘

210 269 267 294 cep:
290 261 375 294 potuit
398 260 467 294 rapi.
493 260 546 287 nisi
568 260 660 295 forsan
682 264 740 294 post
766 267 851 286 annos
876 258 1008 293 plurimos

208 307 282 340 t-irgo
292 305 476 336 permanserit.
490 304 550 332 Jam
564 312 628 332 vero
642 306 731 340 quoad
743 306 877 341 reliquum
892 310 1007 341 textum,

211 351 328 386 Sphinga
356 354 458 386 legerat
483 352 631 384 Pontacus,
663 359 712 386 pro
739 351 898 387 Sphingom,
927 360 1007 387 queui

211 395 370 430 Hieronymi
397 397 605 431 tnctaplasmum
637 396 770 424 exhibent
796 397 858 424 libri
886 398 1012 431 plerique.

213 449 318 468 omnes.
337 441 448 468 Addunt
473 449 582 476 quoque
598 446 623 469 et
650 443 883 477 conjunctioncm,
904 449 927 470 et
944 452 1007 477 pra-

209 494 266 522 pler
282 488 366 515 zelum
384 488 550 521 llarmam'ie,
566 495 619 517 etc.
633 488 761 520 Omnium
776 497 841 517 vero
853 491 1006 518 rectissime

209 535 348 567 Cailmios,
366 542 415 570 pro
432 535 574 568 Cadmum,
595 536 826 571 quemadmodum
841 542 868 563 et
886 544 936 564 nos
954 539 1006 564 du-

209 581 299 608 ximus
313 582 528 614 restituendum,
545 581 702 609 Parmensis
715 581 850 617 praecipue
867 590 918 610 ms.
936 590 1004 617 ope;

209 631 303 654 nolunt
318 635 428 661 quippe,
445 635 505 654 eam
520 635 575 654 non
594 627 711 659 Cadmo,
739 628 788 655 sed
803 619 931 656 C'aiimeis
949 629 1006 656 sive

209 672 358 706 Thebanis,
374 673 459 701 fuisse
474 673 613 701 infestam.
631 673 753 709 Denique
770 681 817 709 pro
835 674 927 702 iniisse
951 675 1006 701 bel-

209 719 275 751 lum,
293 719 415 754 Scaliger
433 720 523 746 minus
542 724 614 747 recte
638 720 721 747 habet
736 728 790 747 uno
806 721 887 748 verbo
908 722 1007 748 consti—

209 764 284 790 tisse.
301 763 349 790 Est
362 768 452 790 autem
469 769 495 790 et
511 763 604 791 Graece
626 764 776 800 naiepsiv:
794 769 822 791 et
846 761 932 792 Latini
958 765 1004 793 alii

206 810 319 838 codices
335 818 384 844 pro
404 810 511 842 bellant,
530 816 663 837 certamen
688 811 845 845 praeferunt.
870 812 1004 839 Craterum

210 857 244 883 de
262 856 396 890 Sphingis
414 857 526 884 historia
542 864 589 884 seu
617 856 708 884 fabula
725 856 860 885 Diodorus
884 857 932 885 lib.
958 867 1003 886 iv:

1062 259 1218 291 quentibus,
1250 258 1293 285 ubi
1321 259 1353 285 de
1370 257 1495 294 Aigistlio
1513 267 1598 285 sermo
1623 264 1670 289 est.
1697 261 1809 289 conciliari

1062 304 1180 338 possint.
1195 304 1317 338 Scaliger
1330 304 1410 331 etiatn
1428 304 1492 331 huic
1519 306 1681 339 prwpositatn
1698 307 1726 332 de
1742 306 1808 341 Eury-

1061 351 1140 377 stheo
1167 350 1248 385 ῥῆσιν
1274 350 1469 385 praetermittit.
1512 350 1617 377 Videsis
1640 350 1765 386 Lydiatnm
1787 353 1812 380 ad

1062 396 1180 424 Marmor
1198 404 1205 423 ι
1223 397 1367 428 Arundcl..
1386 404 1446 431 pag.
1465 395 1529 424 2L9.

1095 442 1153 470 Col.
1171 442 1234 470 5H.
1259 442 1397 469 [lci-rules.
1427 442 1561 475 Diximus,
1593 444 1645 469 hinc
1670 444 1699 470 de
1719 442 1814 471 Hercule

1061 489 1229 524 Scaligeruin
1245 490 1337 516 statim
1353 490 1387 515 ab
1403 489 1548 523 superiore
1562 491 1593 516 de
1606 488 1728 524 ’l‘hamyri
1743 491 1815 524 perio-

1058 535 1110 561 cha
1133 533 1167 560 ad
1196 541 1224 560 n.
1247 533 1299 560 768
1316 533 1461 560 collocare.
1490 533 1598 560 Primus
1624 532 1750 560 Palatinus
1775 541 1816 563 ius.

1059 586 1114 607 uno
1131 580 1220 606 adhuc
1235 587 1307 607 anno
1327 579 1479 614 postponit,
1507 579 1623 615 legitque
1644 578 1708 606 intra
1731 579 1815 611 vitiose,

1059 633 1120 653 cum
1133 626 1250 661 reliquis
1264 625 1364 657 tribus,
1379 625 1532 658 Parmensi,
1549 630 1630 659 atque
1655 625 1728 652 editis
1754 630 1817 652 vetu-

1059 672 1191 699 stioribus
1208 671 1299 704 libris,
1318 671 1480 706 Sopltistom,
1503 679 1551 709 pro
1572 671 1745 705 Sophim-iam.
1769 671 1817 698 Pla-

1060 717 1131 745 tonis
1144 718 1233 745 locum
1266 718 1293 744 in
1319 717 1489 753 Euthydemo
1524 718 1646 752 Scaliger
1672 717 1767 748 laudat.
1792 725 1818 744 ex

1058 771 1112 799 quo
1126 763 1305 798 Sophistrium
1321 763 1423 791 debere
1440 763 1503 798 legi.
1527 764 1698 798 perspicuum
1724 767 1768 790 est.
1791 762 1819 789 Ita

1058 810 1140 837 habet
1161 815 1189 837 et
1226 809 1338 837 Crtecus
1363 817 1445 845 penes
1471 809 1639 844 Syncellum,
1670 809 1775 839 tametsi,
1797 814 1821 835 ut

1060 856 1199 890 Sraligcro
1212 856 1294 883 etiam
1308 856 1423 887 videtur,
1440 856 1548 883 luxatus
1558 855 1778 890 interpolatusquc
1792 854 1820 881 ab

209 902 260 929 Per
275 903 300 928 id
320 907 431 934 tempus.
449 902 547 936 inquit,
568 901 679 935 Sphinx.
698 902 755 936 {era
775 904 895 941 quietiam
918 904 1000 939 bifor-
1019 900 1037 927 Β
1055 911 1087 928 νυ
1103 904 1200 926 textus.
1222 899 1465 927 Schurziléischius
1488 901 1634 927 emendare
1657 896 1822 932 comturﬁl‘tv

209 948 275 980 mis,
299 947 399 974 Thebas
413 951 493 978 venit,
516 953 539 973 et
555 949 668 982 o’nigma
691 948 842 979 solvendum
856 950 1004 983 proposuit,

209 999 264 1020 etc.
281 993 359 1020 Paria
378 994 459 1020 habet
475 993 658 1027 Apollodorus
674 993 719 1021 lib.
746 1002 787 1027 ut,
803 995 848 1029 qui
866 996 925 1030 ejus
948 996 1004 1023 for-

210 1047 281 1066 mam
297 1039 429 1066 describit
454 1038 522 1067 facie
537 1039 647 1074 quidem
666 1040 802 1072 muliebri.
820 1041 868 1068 sed
895 1046 1006 1074 pcctore

209 1086 381 1119 pedibusque
406 1090 434 1112 et
460 1085 546 1113 cauda
572 1085 671 1117 leonis,
694 1094 756 1113 cum
775 1087 825 1113 alis
850 1088 1005 1114 volucrum.

210 1131 310 1158 Surdas
326 1131 465 1159 mulierem
494 1131 579 1157 feram
597 1136 624 1158 et
638 1131 789 1158 deformem
808 1137 885 1159 vocat
900 1134 1006 1167 prteda-

214 1183 321 1207 ll'lCt‘lll,
340 1182 365 1203 et
393 1183 453 1210 qua:
470 1181 666 1210 praetereuntes
679 1176 826 1210 jugularel.
847 1175 959 1204 Tzelzes
973 1177 1008 1205 ad

209 1220 398 1256 Lycophronis
410 1229 436 1247 ν.
453 1221 479 1247 ’1.
494 1220 527 1247 Ut
542 1221 610 1247 alios
625 1229 723 1254 magno
736 1229 851 1248 numero
867 1221 1005 1254 omittam,

208 1268 331 1295 omnium
349 1261 555 1293 accuratissime
571 1267 623 1294 hac
637 1267 671 1293 de
695 1275 724 1294 rc
739 1268 795 1299 egit
814 1267 966 1294 Pausanias
978 1268 1006 1295 in

208 1313 307 1341 Atticis
325 1320 384 1347 cap.
411 1313 458 1343 26,
485 1320 539 1347 quo
568 1313 626 1339 loco
654 1317 680 1339 et
708 1314 818 1339 tertiam
849 1310 1015 1348 opinionem-

208 1360 284 1388 addit
300 1364 421 1386 veterum
458 1359 652 1394 quorumdam,
677 1359 826 1394 Sphingem
855 1359 912 1386 Laii
937 1360 1008 1394 regis

209 1405 293 1432 tiliam
309 1404 395 1432 fuisse
418 1405 543 1437 notham,
568 1405 611 1432 cui
628 1405 783 1436 oraculum,
800 1405 873 1439 quod
899 1405 1008 1441 Delphis

206 1451 328 1477 Cadmus
341 1456 494 1484 acceperat.
513 1456 589 1485 pater
604 1450 733 1478 revelarit
748 1459 797 1485 pro
814 1459 863 1479 sua
884 1448 910 1478 in
929 1452 1003 1479 illam

215 1496 415 1524 benevolentia.
448 1495 561 1524 Venisse
596 1501 687 1523 autem
715 1497 747 1523 ad
776 1504 833 1523 eam
862 1498 1006 1535 υΙὶιιὶριιιιιΙ

210 1543 339 1571 edoctum
353 1542 387 1570 de
402 1543 513 1570 oraculo
529 1543 574 1570 illo
592 1550 691 1571 arcano
706 1550 754 1577 per
768 1545 915 1575 somnium,
940 1552 1008 1578 ῳιο·

1057 945 1083 973 δὲ
1104 946 1255 981 "Talaum...
1267 947 1280 973 ὁ
1292 946 1403 973 “idtum
1417 947 1579 982 σοφίστριαν
1592 947 1665 980 λέγει
1678 946 1746 971 θεὲαν
1758 943 1823 971 εἶναι.

1063 992 1091 1018 'U
1108 993 1187 1024 αὐτὸς
1208 993 1345 1028 Ἡρακλῆς
1358 993 1388 1019 τὸ
1405 993 1486 1019 Ἴλιον
1513 992 1660 1027 ἐπόρθησε.
1676 991 1725 1018 Sed
1738 996 1761 1017 et
1783 990 1823 1016 La-

1059 1046 1131 1065 t-uus
1175 1039 1219 1066 hic
1255 1039 1308 1066 loci
1344 1046 1459 1066 manens
1486 1039 1595 1066 videtur
1616 1043 1824 1065 :t‘ousenlaneutu

1057 1092 1157 1119 (lmppe
1182 1089 1237 1117 est,
1254 1085 1287 1112 de
1306 1084 1395 1120 Hydra
1406 1086 1503 1111 factam
1521 1084 1608 1111 fuisse
1640 1088 1714 1110 antea
1729 1089 1825 1109 nuntio-

1058 1138 1144 1163 ncm,
1173 1136 1229 1158 tum
1259 1132 1329 1165 qttod
1362 1131 1543 1158 callidissima
1574 1130 1720 1164 snpltistria
1751 1129 1826 1158 fuerit.

1058 1177 1234 1213 explicatum.
1269 1175 1383 1211 Reliqua
1407 1177 1532 1204 Herculis
1563 1176 1711 1204 certamina
1739 1176 1826 1202 notiora

1059 1229 1134 1255 sunt,
1149 1231 1229 1257 quam
1246 1228 1274 1249 ut
1298 1223 1396 1258 exponi
1424 1223 1503 1250 nobis
1537 1222 1687 1257 indigeant.
1712 1221 1827 1248 Perstrin-

1058 1269 1166 1304 gendus
1187 1271 1265 1295 modo
1282 1268 1416 1304 Scaliger,
1446 1269 1492 1303 qui
1521 1268 1717 1303 Hieronymum
1743 1269 1827 1301 culpat.

1059 1317 1131 1349 quod
1162 1315 1255 1342 Graeca
1295 1321 1348 1342 tota
1378 1323 1432 1342 non
1464 1315 1585 1347 verterit,
1615 1320 1643 1342 et
1675 1313 1829 1349 pronuntiare

1058 1362 1149 1393 audet,
1169 1369 1222 1388 nou
1234 1361 1347 1388 dubiqu
1365 1368 1436 1393 esse,
1448 1360 1514 1395 qttin
1533 1360 1682 1387 dililcultas
1693 1367 1749 1387 eutn
1758 1366 1771 1385 a
1780 1366 1829 1385 ver-

1061 1409 1143 1435 tendo
1155 1408 1331 1438 deterruerit.
1355 1407 1524 1436 Persuasum
1551 1415 1603 1440 ego
1631 1411 1695 1442 puto
1722 1405 1830 1432 omnibus

1060 1454 1129 1487 fore,
1145 1455 1190 1489 qui
1207 1454 1299 1481 Graece
1319 1454 1418 1485 sciant,
1433 1459 1458 1480 et
1473 1453 1631 1489 Syncellum
1663 1461 1723 1480 cum
1751 1450 1830 1478 Hiero-

1059 1507 1141 1534 nymo
1161 1498 1363 1529 contendet‘ittt,
1379 1506 1441 1525 eum
1464 1507 1524 1533 qua.-
1536 1498 1597 1533 plus
1626 1498 1719 1527 habet.
1736 1497 1767 1524 de
1790 1502 1831 1523 suo

1060 1546 1213 1578 addidisse,
1229 1552 1310 1581 atque
1321 1544 1502 1580 interpolassc
1516 1554 1521 1571 :
1539 1549 1669 1572 sanctum
1685 1551 1748 1572 vero
1760 1543 1829 1570 inter-

208 1590 282 1617 niam
298 1590 331 1616 ad
347 1589 405 1616 Laii
423 1590 534 1620 liberos.
559 1597 591 1616 ex
615 1590 741 1624 Epicaste
764 1595 853 1620 nutus.
883 1590 999 1624 pertiue-
1014 1579 1035 1607 (ἶ
1053 1597 1154 1627 pietem
1166 1599 1196 1619 ea
1208 1579 1312 1626 qtue‘ob
1321 1579 1416 1619 oculos
1427 1591 1543 1618 habebat
1553 1590 1584 1619 in.
1593 1590 1746 1619 Eusebiano
1757 1596 1833 1617 exel-

209 1636 266 1669 bat,
279 1642 330 1663 etc.
344 1644 351 1668 ;
367 1644 427 1670 quae
442 1636 512 1670 apud
525 1644 586 1662 cum
604 1636 714 1663 vitiosis.

244 1682 302 1710 Col.
320 1682 382 1709 509.
402 1682 437 1708 De
449 1682 600 1717 Hypsipyle.
617 1682 740 1718 Scaliger
755 1682 812 1710 haec
834 1684 868 1709 de
900 1681 1000 1717 Hypsi-

210 1729 271 1764 pyle
290 1729 370 1763 paulo
387 1733 450 1755 ante
475 1728 509 1755 ad
541 1737 567 1755 u.
591 1728 653 1760 754,
677 1729 781 1763 pritntts
811 1728 952 1755 Palatinus
968 1728 1000 1755 ad

209 1775 400 1810 insequentem
438 1773 490 1802 755
523 1774 615 1802 refert.
650 1774 721 1802 Num
741 1774 840 1802 Catulli
856 1774 1002 1809 Hypsipylu

210 1821 355 1848 reformata
371 1829 403 1849 ex
417 1821 467 1848 hac
484 1820 550 1849 est?
574 1820 668 1853 Porro.
698 1821 735 1848 ait
747 1820 1001 1852 Schurzhciscbius,

205 1867 344 1895 Pindarus
360 1867 435 1894 solus
450 1867 567 1895 fortasse
579 1874 612 1894 ex
629 1867 674 1898 iis,
696 1867 743 1902 qui
768 1867 794 1893 in
809 1871 919 1894 nostras
944 1874 1003 1893 ιιι;ι-

206 1919 262 1940 nus
278 1913 458 1947 devenerunt,
474 1920 516 1944 ea,
535 1920 595 1947 quae
613 1913 645 1940 de
662 1911 811 1948 Hypsipyle
841 1913 893 1940 sub
912 1912 1001 1938 reditu

209 1959 428 1992 Argonautarum
449 1958 475 1985 in
491 1957 595 1985 Lemno
624 1963 700 1992 gesta
716 1965 777 1985 esse
803 1964 1003 1989 memorantur,

210 2003 280 2029 Πυθ.
299 2002 323 2029 δ’
349 2002 438 2029 fusius
463 2003 601 2037 exposuit.
632 2002 754 2038 Scaliger
778 2003 888 2038 ineptiae
913 2003 1003 2038 arguit

210 2055 273 2075 eum
305 2047 575 2084 quicredcret,vocto
590 2046 625 2074 ab
653 2048 825 2082 expeditione
861 2049 1003 2084 Argonau-

207 2094 263 2121 tica
274 2094 368 2127 annis,
384 2094 434 2121 hoc
448 2093 557 2121 domum
570 2100 681 2129 gestum
701 2095 856 2129 contigisse.
872 2095 905 2122 Et
925 2103 1003 2129 sane,

208 2141 233 2169 si
246 2141 317 2167 intra
333 2146 452 2175 quatuor
472 2139 563 2166 statim
587 2140 809 2172 meusesista,ut
843 2140 1002 2175 Apoll0nius

210 2187 277 2218 vult,
296 2186 421 2213 confecta
433 2185 493 2216 fuit,
508 2185 629 2219 ineptum
656 2186 710 2213 erit
733 2186 855 2218 credere,
884 2194 926 2219 ea,
943 2194 1003 2221 qua:

1053 1639 1133 1672 piari.
1145 1637 1211 1665 satis
1227 1637 1297 1664 lidi-li
1310 1637 1491 1671 etperspicuo
1500 1644 1582 1664 sensu
1599 1636 1733 1664 retudisse
1744 1635 1831 1662 Latine.

1088 1683 1145 1710 Col.
1159 1683 1220 1711 511.
1238 1682 1323 1709 Minos
1339 1690 1411 1709 mare
1423 1676 1583 1715 obtinuitiet
1600 1682 1765 1711 Cretensibus
1775 1682 1832 1715 leget

1054 1730 1136 1756 dedit.
1159 1728 1289 1756 Videntur
1327 1729 1381 1756 duo
1410 1721 1481 1755 inter
1506 1736 1535 1756 se
1561 1728 1669 1756 Mtnoes
1691 1727 1831 1755 confundi:

1053 1776 1098 1810 qui
1116 1776 1187 1802 enim
1204 1775 1396 1804 Cretensibus
1418 1775 1490 1810 leges
1514 1775 1598 1809 dedit,
1634 1776 1746 1810 Europa:
1774 1774 1833 1801 ﬁlius

1055 1823 1104 1849 fuit
1119 1830 1126 1847 :
1143 1821 1189 1855 qni
1206 1822 1287 1849 maris
1301 1821 1447 1856 imperium
1477 1821 1607 1853 obtinuit.
1619 1821 1713 1855 junior
1740 1825 1834 1848 centum

1055 1874 1081 1894 et
1111 1867 1307 1901 quinquaginta
1336 1871 1419 1894 annis
1450 1867 1511 1902 plus
1547 1868 1648 1900 niiuus,
1679 1872 1706 1895 et
1742 1865 1834 1903 [σαειί

1055 1913 1135 1939 ίίιὶιιε.
1151 1911 1206 1940 Nec
1221 1917 1310 1939 tamen
1327 1912 1438 1940 Eusebii
1461 1913 1638 1940 hallucinatio
1663 1914 1720 1941 htec
1738 1919 1784 1944 est.
1797 1912 1834 1939 sed

1056 1961 1188 1989 veterum,
1209 1963 1324 1991 quorum
1342 1964 1391 1991 pro
1412 1956 1508 1991 Operis
1518 1957 1560 1984 sui
1595 1958 1721 1985 instituto
1739 1962 1835 1984 sentcn-

1056 2002 1107 2029 tias
1136 2002 1242 2029 refert:
1271 2007 1333 2035 puta
1361 2002 1519 2036 Apollodori
1547 2002 1595 2028 lib.
1621 2010 1652 2030 ιιι
1678 2007 1706 2030 et
1740 2000 1836 2028 Diodori

1056 2048 1196 2081 ipsiusmet
1211 2047 1258 2074 lib.
1275 2055 1301 2080 ν,
1314 2048 1365 2075 sub
1383 2047 1474 2075 linem.
1498 2048 1597 2074 Strabo
1621 2049 1718 2082 etiam,
1729 2051 1836 2075 vetustas

1055 2094 1201 2121 memorias
1231 2096 1363 2127 repctcus'
1384 2093 1432 2120 lib.
1459 2102 1486 2125 ι,
1513 2094 1621 2127 Minos,
1654 2085 1760 2130 inquit.
1777 2093 1837 2120 utin

1056 2140 1173 2167 historiis
1191 2140 1342 2174 logimus,et
1357 2140 1439 2166 bonus
1452 2140 1501 2175 [uit
1526 2139 1612 2175 legum
1640 2139 1725 2171 lator,
1752 2138 1836 2173 etpri-

1057 2187 1151 2212 musiu
1169 2186 1238 2212 mari
1258 2185 1398 2220 imperium
1414 2185 1538 2211 obtinuit.
1569 2185 1680 2212 Erroris
1707 2192 1737 2212 ea
1767 2190 1838 2212 causa

211 2237 375 2262 narrantur.
394 2232 434 2257 vel
451 2231 502 2257 sub
514 2230 602 2257 redittt
619 2231 778 2265 contigisse.
793 2232 827 2258 At
840 2231 885 2257 alii
898 2232 931 2258 de
958 2232 1000 2258 in-
1019 2247 1040 2273 D
1057 2231 1149 2262 fuerit,
1169 2230 1241 2265 quod
1266 2236 1381 2265 uterque
1407 2231 1476 2257 mari
1506 2230 1610 2265 ingenti
1639 2231 1751 2257 navium
1763 2230 1839 2257 classe

211 2277 325 2304 tctvallo
337 2276 440 2309 ταύτης
469 2277 520 2310 τῆς
547 2276 719 2307 άναὸἀσεως,
754 2277 834 2303 aliter
863 2277 996 2304 sentiunt.

210 2323 343 2349 Prien-rea
367 2323 485 2349 fortasse
499 2321 633 2348 Eusebius
669 2329 722 2348 non
747 2326 800 2348 tam
830 2323 1000 2357 Argonauta-

210 2377 270 2395 rum
292 2369 395 2396 factum
419 2367 584 2402 indigitavit,
613 2375 694 2403 quatit
724 2368 845 2404 ipsarutn
873 2369 1000 2398 Lemnia-

211 2416 286 2445 dum,
305 2414 363 2448 qui,
377 2414 449 2448 quod
467 2417 570 2447 patrem
585 2412 737 2441 Thoantem
757 2421 812 2442 non
825 2415 1001 2443 interfecerat

209 2458 373 2494 Hypsipyle,
387 2458 471 2492 ipsam
497 2465 556 2485 eam
571 2458 726 2485 interﬁcere
739 2458 930 2493 decreverunt,
945 2467 1000 2489 non

212 2509 271 2539 post
288 2511 371 2529 unum
390 2502 460 2530 forte
472 2504 505 2529 ab
521 2504 741 2538 Argonautarum
755 2504 830 2532 abitu
846 2513 958 2538 annum,
973 2509 1000 2532 ct

209 2549 410 2578 interiecissent
436 2556 512 2581 sane,
543 2550 594 2576 nisi
627 2549 689 2584 fuga
723 2550 773 2578 sibi
803 2551 999 2584 consuluisset,

209 2597 276 2624 Tota
311 2603 355 2622 res
381 2602 396 2621 a
421 2593 532 2621 Pindari
561 2594 714 2623 Scholiasta
738 2595 773 2623 ad
801 2594 901 2623 Nemea
931 2597 999 2625 satis

210 2646 279 2671 bene
293 2642 457 2679 explicatur,
483 2647 576 2674 quem,
609 2641 632 2668 si
656 2641 722 2669 tanti
749 2646 801 2674 est.
818 2643 889 2670 vide.

245 2691 304 2719 Col.
321 2691 384 2718 507.
406 2687 529 2723 Mycenis.
545 2685 718 2722 Eurystheus.
737 2687 909 2715 Suonectunt
922 2693 998 2716 vcte.

180 2744 182 2747 '
209 2747 252 2766 res
265 2737 413 2769 editiones,
441 2740 468 2762 et
492 2734 657 2765 Pontaccna,
688 2734 727 2760 vel
751 2735 850 2769 decem,
873 2739 901 2761 ut
925 2736 999 2762 aiunt

209 2782 342 2815 nonnulli,
358 2781 509 2816 {light/ius,
527 2786 589 2814 qua:
601 2786 689 2813 neque
708 2778 734 2805 in
763 2779 913 2811 Parmensi,
925 2796 930 2801 -
944 2788 998 2813 quo

209 2829 345 2863 praecipue
367 2828 479 2858 utimur,
510 2834 561 2855 tus.
578 2847 586 2859 ,
613 2832 701 2859 neque
743 2825 769 2850 in
798 2826 830 2851 'is
852 2827 997 2859 habentur,

209 2867 422 2910 qudsi’outacus
448 2873 585 2901 consuluit
602 2870 667 2905 :qui
697 2874 724 2896 et
745 2869 829 2896 deleri
854 2878 884 2897 ea
908 2871 996 2904 jubet,

1055 2277 1330 2312 iiuperarit.Gravior
1349 2281 1441 2303 autent
1460 2276 1530 2303 alius
1541 2281 1594 2310 est,
1605 2281 1632 2303 et
1644 2277 1735 2304 sancti
1743 2276 1840 2311 proprie

1054 2323 1218 2358 imterpretis
1257 2331 1345 2356 error,
1372 2331 1434 2350 cum
1463 2324 1565 2350 dicitur
1594 2323 1730 2351 Paradius
1768 2324 1839 2357 hujus

1054 2368 1176 2397 historia:
1193 2369 1363 2398 meminisse.
1376 2368 1421 2403 qui
1458 2373 1553 2395 auctor
1565 2376 1707 2403 nunquam
1734 2367 1838 2397 exstitit.

1052 2420 1079 2442 et
1092 2415 1237 2446 manifesto
1249 2414 1385 2441 evincitur
1400 2414 1535 2441 conﬁctus
1569 2422 1601 2441 ex
1626 2414 1731 2442 Graecis
1750 2420 1839 2448 perpe—

1052 2469 1111 2489 ram
1133 2461 1255 2495 acceptis
1287 2460 1388 2493 vcrbis,
1417 2461 1493 2494 παρὰ
1519 2461 1590 2492 Διός.
1637 2460 1781 2495 Scaliger,
1799 2459 1839 2495 qui

1052 2508 1159 2543 lapsum
1186 2509 1258 2535 hunc
1291 2507 1396 2542 primus
1421 2506 1627 2539 animadvertit,
1661 2508 1733 2534 satis
1758 2512 1840 2533 tamen

1052 2560 1113 2581 cum
1128 2552 1293 2587 Hieronymo
1311 2553 1432 2580 modeste
1454 2553 1521 2588 egit.
1549 2561 1628 2588 quem
1654 2561 1712 2581 non
1740 2557 1841 2588 propte-

1051 2606 1097 2627 rea
1128 2598 1279 2626 hellenismi
1293 2599 1446 2633 itnperitum
1459 2600 1515 2625 vult
1532 2599 1637 2631 haberi,
1651 2607 1744 2634 eoque
1759 2597 1841 2626 minus

1052 2644 1237 2672 instillandum
1251 2649 1326 2672 lauto
1340 2644 1409 2677 viro,
1423 2645 1495 2678 quod
1504 2645 1575 2672 aliud
1588 2652 1682 2679 agens.
1697 2650 1725 2672 et
1740 2644 1841 2672 notario

1052 2690 1109 2718 hate
1122 2690 1241 2723 dictatis,
1259 2698 1400 2725 perperam
1414 2693 1537 2725 qna-dam
1553 2692 1674 2718 verterit.
1693 2690 1752 2726 Ego
1764 2692 1841 2725 ipsatn

1051 2744 1156 2771 quoque
1165 2737 1362 2763 accusationem
1375 2744 1452 2770 posse
1464 2737 1541 2763 bouis
1553 2738 1742 2771 argumentisa
1754 2739 1841 2763 sanilo

1052 2782 1196 2816 interprete
1213 2782 1318 2815 repelli,
1335 2788 1460 2809 autumo.
1471 2782 1581 2809 Graecus
1594 2782 1706 2809 Eusebii
1745 2787 1840 2809 textus.

1052 2832 1080 2854 ut
1094 2837 1167 2855 tntuc
1182 2829 1289 2862 quidem
1305 2829 1424 2867 estapud
1442 2828 1607 2864 Syuccllum.
1623 2833 1772 2862 corruptus
1792 2834 1840 2853 non

1051 2880 1105 2899 uno
1118 2874 1144 2899 in
1173 2874 1242 2906 loco,
1259 2875 1330 2907 quod
1358 2881 1418 2900 mox
1454 2874 1635 2906 ostendimus,
1670 2879 1842 2906 monensque
