3964 6186
1887 104 1916 117 ρ

349 259 463 321 8ἰ5

1591 260 1910 321 -VALLAR

2017 263 2026 320 1
2076 260 2316 321 NOTAE.
3455 268 3541 332 816

362 373 543 428 culem
579 369 875 440 furentem,
909 371 1192 442 Virgilium
1215 370 1315 426 lib.
1339 384 1388 425 Vt
1420 368 1664 436 Eueid.,
1695 370 1917 426 Dionem
1949 377 1995 434 Α
2025 371 2250 425 vetustis
2280 368 2628 440 chronologis
2660 368 2859 424 bellmn
2911 368 3042 423 illud
3096 381 3331 426 recenset
3371 373 3542 432 decen.

353 461 805 534 Chrysost.orat.
861 477 939 532 xt,
996 473 1052 518 et
1115 477 1236 532 quae
1289 461 1560 516 Meursius
1609 464 1665 516 in
1714 461 1926 518 Theseo

353 571 453 610 suo
473 556 708 624 collegit.

425 648 538 700 Col.
581 646 703 700 ⁸511.
736 645 942 700 Bellum
992 644 1366 716 Lapitharum.
1437 643 1700 702 Triennio
1719 653 1847 702 ante
1868 647 1923 702 in

363 736 625 805 Scaligeri
650 735 890 790 editione
948 736 1153 792 bellum
1183 738 1289 795 hoc
1347 747 1666 796 recensetur
1697 753 1710 788 :
1739 734 1792 792 in
1819 735 1926 792 Pa-

353 829 522 881 latino
546 828 721 898 primo
757 844 860 884 ms.
883 829 1106 885 biennio
1130 840 1360 888 tantum.
1404 831 1538 886 Illud
1562 829 1752 899 primo.
1781 827 1924 897 quod

351 919 420 976 de
440 920 731 991 Palu-pltati
760 923 902 976 libro
933 924 1154 987 dicitur,
1187 933 1240 980 et
1283 925 1334 978 in
1378 923 1568 980 Graeco
1617 920 1924 992 Syncellus,

351 1019 404 1072 in
439 1007 628 1067 Latino
655 1011 882 1068 Orosius
905 1028 1125 1082 quoque
1157 1014 1310 1084 legit,
1348 1014 1592 1083 Sc'aliger
1617 1028 1740 1068 cum
1789 1029 1925 1069 mss.

350 1107 793 1178 aliquotignorat
826 1147 840 1171 ,
869 1120 932 1159 ac
953 1121 1118 1175 porro
1166 1124 1310 1180 aegre
1349 1108 1452 1164 fert
1475 1108 1530 1162 in
1590 1106 1746 1163 Notis
1776 1109 1927 1164 desi-

350 1202 550 1255 derari.
601 1198 775 1265 Negat
823 1207 1084 1266 praeterea
1131 1199 1256 1265 hoc,
1313 1208 1410 1254 aut
1450 1198 1724 1268 quidpiam
1795 1198 1925 1253 huic

351 1293 575 1347 similea
651 1289 963 1357 Palaephato
1013 1289 1314 1359 proditum,
1372 1307 1532 1360 quem
1585 1289 1698 1344 vult
1773 1289 1929 1360 longe

351 1386 565 1438 diversa
597 1380 664 1433 ab
692 1378 928 1433 Eusebio
969 1379 1036 1434 de
1069 1379 1354 1434 Centauris
1385 1381 1693 1450 scripsisse,
1755 1380 1926 1436 Euse-

349 1472 499 1527 bium
530 1483 658 1522 vero
704 1467 853 1521 aliud
904 1466 1101 1536 egisse,
1153 1482 1276 1522 cum
1333 1469 1479 1523 hunc
1532 1475 1709 1522 locum
1750 1467 1924 1521 Pala-

351 1561 501 1632 phati
530 1560 583 1614 in
608 1559 792 1613 animo
821 1558 1074 1612 haberet.
1114 1556 1239 1613 Haec
1283 1559 1402 1630 ejus
1449 1568 1577 1614 sunt
1623 1559 1786 1629 paulo
1814 1556 1925 1612 fre-

349 1653 636 1724 quentiora
709 1650 1005 1719 vitilitigia.
1034 1649 1378 1719 Palaephatus
1405 1666 1526 1721 cap.
1559 1652 1580 1704 l
1617 1649 1926 1706 Centauro-

2029 461 2121 516 nio
2171 471 2296 530 post
2343 460 2547 515 Thesei
2605 460 3008 540 expeditionem
3066 461 3118 515 in
3183 461 3541 530 Minotaurum,

2028 556 2188 609 anuis
2222 569 2347 608 vero
2369 554 2437 607 ’57
2462 563 2589 608 ante
2618 553 2700 608 llii
2748 553 3048 608 excidium.
3109 553 3301 608 Ducum
3355 561 3544 613 nomina

2026 646 2206 702 disces
2232 661 2291 700 es
2317 645 2586 701 Pausania
2631 645 2684 700 in
2709 645 2959 702 Phocicis
3003 660 3122 715 cap.
3155 646 3238 700 l0.
3273 647 3342 701 Ex
3369 651 3444 704 bis
3465 667 3544 720 pro

2026 739 2283 807 Polynice
2309 749 2362 793 et
2415 737 2623 809 Tydeo,
2695 735 3034 805 Mecisteum,
3093 737 3303 794 Adrasti
3331 740 3543 809 fratrem,

2025 839 2080 882 et
2127 828 2433 891 Eteoclum,
2487 827 2713 896 lphidos
2763 827 2959 895 filium,
3018 827 3134 892 alii,
3183 836 3314 884 teste
3361 831 3547 902 Apollo-

2025 920 2179 983 doro,
2216 917 2573 974 Substituunt.

2096 1010 2214 1065 Col.
2243 1010 2367 1066 315.
2432 1011 2761 1082 Androgeus.
2807 1011 3083 1081 Androgei
3129 1012 3352 1075 caedem,
3409 1028 3548 1080 quam

2026 1112 2238 1158 constat
2292 1117 2357 1156 ex
2412 1102 2649 1159 Diodoro
2690 1104 2786 1157 lib.
2847 1119 2924 1166 tv,
2990 1103 3286 1172 superioris
3337 1107 3552 1172 proxime

1981 1267 1998 1279 .
2024 1196 2170 1266 rogis
2196 1194 2610 1250 Atheniensium
2645 1193 2799 1264 ΛΞδεί
2821 1196 2976 1265 jussu
3030 1204 3192 1264 atque
3217 1195 3414 1252 insidiis
3439 1212 3552 1265 pra:-

2025 1295 2292 1354 paratam,
2329 1285 2459 1339 huic
2508 1293 2655 1340 ‘anuo
2720 1285 3030 1340 Parmensis
3077 1300 3288 1356 quoque
3338 1297 3390 1340 et
3427 1286 3558 1341 Pala-

2027 1375 2176 1428 tinus
2209 1389 2310 1428 ms.
2343 1375 2554 1444 primus
2598 1375 2900 1431 ascribunt.
2954 1374 3196 1443 Scaliger
3243 1385 3355 1444 post
3395 1377 3553 1430 adhuc

2023 1451 2334 1529 biennium,
2362 1464 2480 1518 sive
2526 1465 2596 1519 ad
2660 1466 2880 1519 tertium
2931 1464 3127 1520 Thesei
3183 1467 3559 1536 refertzeoqtte

2025 1556 2198 1624 magis
2223 1555 2510 1610 ridiculum
2538 1556 3015 1612 anacbronismum
3051 1557 3104 1611 in
3141 1555 3292 1614 Notis
3315 1558 3556 1621 exsibilat.

2025 1654 2188 1716 atque
2211 1647 2311 1714 ipsi
2359 1645 2597 1702 Eusebio
2639 1647 2817 1716 culpae
2874 1647 2989 1711 dat,
3055 1648 3205 1717 quod
3260 1651 3492 1718 quamvis
3533 1664 3560 1703 e

349 1763 470 1801 rum
499 1758 696 1798 nomen
735 1743 842 1795 ἀπὸ
878 1741 971 1794 τοῦ
1036 1743 1249 1793 κεντεῖν
1287 1745 1420 1803 τοὺς
1472 1739 1709 1810 ταύρους
1753 1737 1918 1794 dedu-

2031 1737 2264 1794 diversis
2291 1739 2609 1796 auctoribus
2636 1739 3024 1809 desumpserit,
3063 1749 3247 1795 tamen
3273 1755 3447 1795 eorum
3469 1755 3560 1794 nos

350 1854 505 1902 cens,
529 1851 596 1891 ex
629 1849 697 1888 co
719 1834 978 1902 explicat,
1001 1833 1144 1902 quod
1167 1831 1399 1900 juvenes
1425 1833 1478 1886 in
1525 1842 1712 1888 tauros
1746 1831 1922 1886 Thes-

349 1929 546 1984 saliam
581 1927 953 1990 devastautes,
977 1925 1297 1980 conscensis
1351 1926 1527 1994 equis,
1593 1927 1918 1989 irruerunt;

347 2034 504 2075 antea
533 2019 680 2074 enim
713 2019 962 2087 equitare
1007 2005 1259 2090 homines
1306 2016 1650 2086 ignorabant.
1696 2017 1922 2073 Factum

344 2125 510 2183 porro
538 2108 799 2177 abeius,
831 2110 922 2177 qui
965 2122 1107 2177 equo
1163 2108 1405 2171 vehitur,
1462 2107 1658 2179 ﬁgura,
1711 2118 1772 2163 ut
1823 2107 1917 2179 qui

343 2199 602 2256 Centauri
637 2200 766 2254 dicti
829 2207 975 2264 sunt,
1031 2199 1248 2267 equinas
1316 2199 1506 2255 formas
1541 2200 1921 2265 crederentur,

344 2293 583 2346 lmmsno
607 2300 787 2346 autem
824 2290 1024 2358 capite,
1053 2289 1171 2341 ἀλλ’
1201 2291 1373 2343 ἵππου
1433 2290 1531 2343 καὶ
1577 2289 1775 2360 ἀνδρὸς
1807 2290 1924 2345 ἰδέα

343 2383 494 2437 ἐστὶν
525 2384 631 2437 ἀπὸ
661 2383 754 2436 τοῦ
788 2383 978 2452 ἔργου.
1035 2381 1231 2447 Quidni
1265 2382 1428 2449 igitur
1459 2382 1664 2438 dixisse
1686 2384 1923 2438 cense’n-

343 2476 446 2531 dus
473 2487 575 2538 est,
599 2473 900 2529 Crntauros
926 2474 1093 2529 fuisse
1120 2474 1356 2542 equites,
1405 2484 1459 2530 et
1525 2475 1737 2531 nobiles
1795 2476 1922 2544 qui-

346 2570 492 2632 dem,
522 2577 710 2636 utpote
741 2567 832 2636 qui
875 2566 1034 2634 primi
1077 2580 1248 2635 equos
1294 2566 1722 2624 condocefacere
1776 2569 1920 2625 cele—

347 2675 436 2715 res
486 2655 898 2726 excogitarint?
959 2657 1052 2710 Sic
1115 2657 1396 2712 enimvero
1450 2674 1517 2712 ex
1607 2655 1922 2728 Palazphato

346 2751 560 2817 accepit
594 2761 812 2817 quoque
879 2744 1106 2807 Servius
1163 2746 1232 2801 ad
1291 2761 1416 2802 eum
1476 2747 1658 2803 locum
1705 2749 1918 2821 Virgilii

342 2841 590 2910 εἶξαι·ςίρ.
638 2853 718 2906 Ill,
741 2853 885 2894 vers.
915 2838 1019 2893 115
1051 2855 1064 2891 :

397 3031 400 3035 _
467 2973 1182 3037 FrenaPeletroniiLapithae,
1235 2987 1483 3037 gyrosque
1526 2975 1714 3027 dedere

464 3037 683 3096 Impositi
709 3037 872 3098 dorso,
897 3044 1047 3097 atque
1068 3041 1288 3098 equitem
1327 3038 1539 3086 docuere
1560 3038 1651 3088 sub
1681 3040 1828 3088 armis

467 3101 712 3148 insultare
737 3097 860 3158 solo,
883 3105 937 3146 et
969 3109 1174 3158 gressus
1197 3099 1475 3159 glomerare
1515 3099 1775 3161 superbos.

345 3204 735 3262 Pefetronium,
794 3203 998 3271 inquit,
1042 3202 1299 3271 oppidum
1321 3210 1400 3256 est
1459 3203 1767 3265 Thessaliat.
1827 3205 1915 3258 ubi

341 3297 572 3364 primum
603 3295 992 3347 domandorum
1041 3309 1294 3361 equorum
1353 3302 1588 3359 repertus
1642 3302 1719 3348 est
1768 3310 1918 3349 usus.

343 3388 490 3441 Nam
515 3401 634 3439 cum
665 3385 882 3453 quidam
907 3382 1185 3438 Thessalus
1223 3399 1336 3449 rest,
1367 3384 1530 3439 bobus
1580 3395 1738 3440 oestro
1789 3402 1919 3441 eata-

341 3478 541 3549 gita:is,
573 3475 824 3531 satellites
847 3491 968 3530 suos
998 3475 1068 3529 ad
1101 3492 1188 3531 eos
1246 3475 1562 3531 revocandos
1611 3478 1687 3532 ire
1725 3479 1922 3547 jussis-

339 3582 439 3632 set,
483 3570 665 3638 illique
689 3585 848 3622 cursu
878 3584 980 3622 non
1001 3569 1316 3638 suﬁicerent,
1357 3568 1709 3624 ascenderunt
1735 3586 1917 3638 equos,

340 3675 446 3717 (κιο.
479 3661 583 3715 Sed
611 3661 664 3713 hi
708 3660 804 3713 visi
847 3668 942 3712 aut
985 3675 1104 3712 cum
1153 3659 1290 3712 irent
1349 3659 1628 3726 velociter,
1679 3671 1921 3714 autcum

339 3770 521 3810 eorum
547 3754 664 3822 equi
703 3753 845 3804 circa
894 3751 1098 3820 [lumen
1137 3749 1368 3806 Peneum
1422 3761 1688 3821 potarent,
1727 3751 1920 3819 capiti-

341 3852 434 3919 bus
467 3841 759 3904 inclinatis,
791 3840 963 3894 locum
1019 3840 1217 3910 fabulae
1239 3841 1517 3906 dederunt,
1547 3852 1606 3896 ut
1663 3842 1920 3897 Centauri

343 3937 589 4005 biformes
620 3949 730 3986 esse
814 3931 1170 3987 crederentur.
1227 3931 1390 3986 Paria
1439 3935 1599 4008 habet
1650 3934 1920 3990 Diodorus

341 4027 439 4079 lib.
467 4042 539 4091 tv,
568 4034 735 4091 atque
759 4022 873 4087 alii,
907 4035 1044 4089 quos
1074 4021 1295 4076 laudare
1325 4037 1430 4076 non
1488 4035 1672 4080 vacat.
1729 4024 1918 4080 Notis-

340 4120 479 4172 sima
515 4129 736 4184 quoque
768 4121 852 4168 est
903 4127 971 4168 ex
1033 4113 1222 4167 eodem
1283 4114 1502 4169 Diodori
1556 4115 1697 4171 libro
1740 4116 1923 4188 'Lapi-

339 4217 553 4264 tuarum
590 4221 789 4277 pugna,
819 4220 982 4275 quam
1013 4215 1063 4260 et
1092 4205 1420 4262 Plutarchus
1456 4207 1511 4263 in
1546 4207 1667 4264 Vita
1723 4209 1918 4265 Thesei

343 4307 549 4358 narrat.
584 4297 844 4352 describit
881 4311 1097 4367 quoque
1129 4297 1352 4354 Ovidius
1401 4296 1907 4370 Metamorphoseon

341 4394 438 4447 lib.
472 4409 563 4445 xu.

408 4483 524 4536 Col.
553 4482 685 4535 ‘5ll.
711 4478 958 4532 Priamus
988 4477 1100 4532 Ilii.
1135 4479 1279 4534 Idem
1331 4478 1573 4547 Scaliger
1631 4480 1910 4535 Priamum

341 4587 519 4642 regem
558 4579 682 4622 ante
731 4577 844 4622 tres
890 4582 1088 4631 annos,
1126 4567 1324 4623 Medea
1384 4581 1564 4623 autem
1611 4569 1910 4625 discessum

339 4673 462 4733 post
491 4671 602 4716 tres
642 4659 780 4714 alios
811 4673 841 4712 a
873 4663 1058 4714 nostra
1097 4658 1419 4714 recensione
1439 4661 1692 4716 collocat.
1757 4663 1835 4717 lta
1859 4671 1914 4718 et

340 4754 760 4818 subsequentem
822 4749 1157 4818 periocbam,
1227 4749 1434 4817 Septem
1503 4752 1594 4821 qui
1661 4752 1911 4807 adversus

343 4843 544 4898 Thebas
562 4847 943 4912 pugnaverunt,
984 4839 1395 4911 postTheseum
1453 4843 1605 4914 ponit
1625 4843 1692 4900 ad
1758 4861 1911 4902 num.

339 4921 496 4988 784‘:
528 4931 595 4986 de
626 4931 841 4985 Theseo
873 4941 1051 4985 autem
1095 4933 1214 5002 ipso
1264 4933 1438 4996 addit,
1471 4935 1582 5002 tqut'
1629 4935 1912 4992 adversum

341 5025 543 5082 Thebas
568 5025 856 5078 dimicavit.
890 5021 946 5076 In
1009 5039 1140 5079 mss.
1191 5025 1329 5080 nihil
1380 5025 1710 5094 invenimus,
1766 5031 1912 5100 quod

338 5120 457 5190 ejus
487 5116 705 5174 lectioni
731 5125 824 5170 aut
877 5116 1180 5170 rationibus
1238 5117 1586 5187 suffragetur,
1638 5134 1814 5190 neque
1873 5123 1913 5175 it

338 5217 457 5284 ipse
492 5213 703 5268 inficias
741 5210 794 5265 in
822 5209 997 5271 Notis,
1034 5209 1434 5278 expeditionem
1474 5212 1584 5265 τῶν
1615 5211 1793 5267 Ἑπτὰ
1818 5215 1913 5269 ἐπὶ

287 5287 290 5310 ²
340 5306 529 5377 Θήϐας
591 5313 717 5357 ante
753 5301 883 5355 illud
954 5308 1167 5370 tempus
1221 5302 1518 5365 exstitisse,
1559 5318 1669 5372 quo
1732 5313 1910 5374 pugna

339 5398 536 5454 Thesei
585 5411 709 5451 cum
769 5391 1042 5448 Thebanis
1118 5392 1362 5463 contigit.
1407 5393 1913 5453 ‘Schursﬂeischius

338 5491 536 5545 bellum
595 5488 702 5540 τῶν
740 5485 911 5539 Ἑπτὰ
944 5482 1146 5538 mavult
1169 5498 1401 5538 numero
1438 5485 1542 5539 785
1598 5487 1906 5556 assignare,

340 5584 601 5651 iubetque
628 5576 840 5633 consuli
896 5576 1208 5630 Samnclem
1273 5575 1508 5629 Petitqu
1536 5577 1602 5630 ad
1637 5577 1741 5632 LL.
1771 5580 1912 5634 Atti-

343 5687 438 5726 cus
475 5685 596 5734 pag.
629 5668 716 5723 52.
745 5669 998 5722 Cletucns
1049 5666 1446 5724 Alexandrinus
1501 5667 1762 5726 Stromat.
1798 5686 1908 5727 tes

2026 1843 2281 1898 magnum
2341 1830 2610 1886 delectum
2686 1831 2937 1886 videatur
2999 1831 3292 1895 habuisse,
3347 1834 3560 1901 quicum

2022 1918 2233 1975 videret
2257 1936 2352 1976 eos
2375 1927 2623 1977 auctores
2654 1919 2795 1975 inter
2847 1936 2906 1977 se
2961 1922 3274 1987 dissentire,
3327 1936 3425 1976 non
3465 1936 3565 1974 mo-

2024 2007 2488 2064 nueritlectorem
2527 2009 2908 2076 absurditatis,
2967 2011 3160 2065 saltem
3187 2026 3254 2065 ne
3318 2011 3386 2064 illi
3417 2011 3567 2066 ascri-

2024 2097 2268 2154 beretur.
2297 2100 2584 2156 Enimvero
2612 2101 2760 2157 salva
2822 2116 2911 2156 res
2934 2111 3073 2167 erat,
3123 2103 3190 2159 s'L
3225 2100 3443 2156 fuissent
3471 2101 3568 2155 hac

2034 2192 2210 2260 posita
2246 2202 2374 2247 ante
2435 2203 2546 2248 tres
2601 2207 2833 2247 annosa
2883 2194 3208 2249 recensione
3273 2200 3486 2247 nostra:
3518 2206 3571 2245 ac

2025 2286 2198 2340 ferme
2255 2301 2365 2340 non
2387 2287 2601 2352 dubito,
2656 2286 2732 2341 ita
2781 2287 3086 2355 praestitum
3141 2287 3212 2341 ab
3262 2284 3483 2340 Eusebio
3516 2298 3571 2338 ac

2024 2375 2354 2449 Hieronymo
2382 2395 2397 2444 ;
2456 2380 2657 2433 factum
2695 2392 2822 2432 vero
2842 2377 3163 2446 scquiorutn
3201 2385 3493 2447 temporum
3512 2390 3568 2429 ac

2022 2466 2373 2522 librariorum
2413 2467 2596 2535 culpa,
2631 2474 2690 2519 ut
2714 2465 2943 2521 inferius
2993 2465 3436 2521 transferrentur.
3479 2465 3566 2519 Fa-

2022 2562 2149 2625 cile,
2181 2560 2414 2646 quod‘et
2475 2559 2934 2615 Schurzileischio
3002 2557 3335 2645 placet,ltttc
3377 2568 3567 2626 specta-

2023 2651 2153 2707 bant
2181 2667 2303 2721 quut
2337 2651 2408 2705 de
2461 2649 2774 2704 Minotauro
2835 2648 3092 2703 dicuntur
3142 2666 3156 2701 :
3203 2657 3457 2714 erantque
3483 2646 3569 2699 ista

2020 2745 2088 2798 de
2120 2745 2410 2813 Androgeo
2441 2743 2509 2798 ad
2555 2741 2931 2802 illiuslocum,
2984 2741 3099 2795 sive
3162 2755 3310 2795 num.
3363 2739 3462 2794 780
3504 2754 3574 2790 re-

2021 2838 2265 2894 ferenda.
2297 2838 2471 2892 Porro
2502 2849 2687 2893 autem
2716 2837 2802 2892 his
2858 2836 3102 2905 Scaliger
3153 2838 3406 2890 continuo
3452 2844 3573 2887 atth

2020 2934 2101 2988 xit
2125 2933 2439 3002 periocham
2469 2932 2536 2986 de
2593 2929 2796 2985 Helena
2847 2945 2877 2984 a
2936 2927 3156 2983 Theseo
3208 2940 3380 2998 rapta,
3427 2942 3570 2996 quam

1944 3015 2195 3148 c'ttostri
2222 3023 2343 3077 libri
2373 3021 2604 3078 inferius
2639 3020 2819 3078 adhuc
2883 3029 3200 3076 recensent.
3237 3019 3479 3074 Dicemus
3507 3015 3568 3070 ibi

2020 3130 2081 3148 na
2115 3115 2180 3148 ,ιο
2204 3130 2258 3148 ιω

2019 3130 2082 3169 ea
2114 3115 2281 3169 de-re.

2088 3208 2223 3262 ibid.
2259 3205 2507 3261 Theseus.
2542 3205 2917 3261 Eruditissizne
2962 3219 3079 3273 pro
3106 3218 3264 3258 more
3306 3216 3403 3257 suo
3449 3201 3570 3256 Sca-

2019 3297 2156 3365 liger
2187 3296 2254 3350 ad
2280 3297 2423 3350 hunc
2453 3297 2630 3350 locum
2679 3297 2748 3348 de
2801 3295 3051 3364 panegyri
3084 3309 3114 3348 a
3172 3294 3386 3349 Theseo
3428 3290 3571 3346 inst-i-

2021 3398 2160 3448 tuta.
2184 3402 2248 3442 ac
2273 3386 2462 3451 festis,
2481 3403 2602 3456 qua:
2621 3386 2691 3440 τὰ
2741 3387 2946 3457 Θησεῖα
2980 3397 3032 3440 et
3051 3387 3342 3448 Μετοίκια,
3375 3384 3568 3438 demur!

2019 3478 2373 3548 Παναθήναια
2404 3479 2550 3532 dicta
2576 3489 2726 3545 sunt,
2755 3478 2994 3542 disserit,
3045 3493 3172 3544 quae
3217 3480 3345 3532 item
3371 3477 3504 3538 aliis,
3528 3483 3577 3527 et

2019 3584 2144 3624 cum
2174 3571 2365 3637 primis
2391 3569 2628 3624 Meursio
2679 3571 2956 3638 disputata
2983 3579 3112 3624 sunt
3163 3569 3382 3640 praprio
3409 3580 3574 3636 opere,

2019 3678 2082 3717 ac
2115 3663 2311 3732 legisse
2332 3663 2474 3730 apud
2531 3677 2628 3717 eos
2696 3662 3002 3732 praestabit.
3056 3661 3220 3728 Quod
3278 3671 3454 3717 autem
3509 3656 3576 3712 ait

2019 3764 2210 3809 contra
2245 3753 2565 3821 Eusebium,
2624 3769 2906 3835 nunquam
2940 3768 2999 3809 se
3047 3753 3272 3823 legisse,
3323 3753 3574 3808 Theseum

2018 3853 2299 3900 auctorem
2334 3845 2667 3908 ostracismi,
2697 3845 2806 3900 imo
2835 3845 2974 3900 alios
3041 3856 3236 3901 contra
3296 3858 3418 3900 sero
3471 3851 3580 3898 tas-

2018 3939 2142 3994 dem
2195 3938 2264 3993 ab
2312 3938 2742 3993 Atheniensibus
2817 3938 3125 3992 institutum
3196 3937 3428 3998 tradere,
3475 3947 3571 3988 non
3636 3937 3642 3943 ‘

2020 4044 2194 4099 usque
2221 4031 2356 4084 adeo
2387 4044 2572 4084 verum
2605 4037 2710 4084 est.
2748 4028 2900 4083 Licet
2948 4031 3090 4083 enim
3147 4028 3368 4098 proprie
3422 4025 3581 4081 dictus

2019 4121 2381 4176 ostracismns
2413 4133 2598 4174 revera
2623 4119 2835 4184 aliquot
2878 4128 3001 4189 past
3053 4119 3330 4174 Theseum
3386 4114 3581 4170 sazculis

2019 4211 2366 4266 introductus
2433 4210 2720 4275 videatur;
2757 4209 2973 4265 Scholia
3023 4219 3208 4264 tamen
3262 4211 3329 4264 ad
3380 4207 3578 4262 Plutum

2019 4301 2402 4371 Aristophanis
2440 4317 2584 4357 vers.
2621 4301 2722 4357 627
2757 4310 3030 4356 testantur
3051 4301 3119 4356 de
3154 4301 3393 4365 Theseo,
3425 4296 3577 4368 quod,

1949 4431 1992 4485 Β
2022 4393 2310 4460 Postquam
2357 4393 2759 4447 Atheniensibus
2807 4394 3189 4448 democratiam
3230 4393 3576 4453 concessisset,

2022 4485 2190 4556 Lycus
2220 4485 2436 4554 quidam
2477 4487 2802 4555 sycophanta
2831 4486 3088 4554 ἐποίησεν
3149 4481 3572 4554 ὲποστρακισθῆ-

2016 4593 2104 4628 ναι
2150 4577 2240 4629 τὸν
2267 4576 2447 4644 ἥρωα,
2481 4576 2688 4628 heroem
2729 4577 3063 4632 inexsilium
3090 4577 3219 4645 pelli
3266 4593 3358 4644 per
3415 4585 3576 4630 ostra-

2014 4667 2235 4721 eismum
2279 4667 2423 4737 fecit.
2473 4664 2539 4718 Et
2597 4663 2795 4720 Suidas
2834 4663 2888 4718 in
2955 4666 3125 4736 ’Λρχῇ
3175 4665 3415 4735 Σκυρὶας
3471 4665 3574 4716 lia-c

2016 4757 2220 4812 habet:
2253 4755 2712 4826 Ὀστρακισθῆναι
2740 4755 2796 4809 δὲ
2836 4755 3052 4824 πρῶιων
3097 4755 3366 4828 Ἀθήνῃσι
3408 4751 3576 4821 Θησέα

2019 4848 2227 4918 ἱστορεῖ
2275 4846 2631 4917 Θεόφραστος
2671 4864 2684 4900 :
2721 4845 2975 4901 Theseum
3061 4846 3280 4900 Athenis
3361 4847 3572 4914 primum

2015 4939 2330 4994 ostracisnto
2417 4940 2731 4992 mulctatunt
2786 4938 2976 5006 fuisse,
3035 4941 3202 4992 tradit
3292 4935 3576 5005 Theophra-

2015 5041 2148 5086 stus.
2179 5030 2254 5085 Ex
2290 5031 2481 5085 horum
2527 5029 2821 5090 sententia,
2887 5039 3053 5100 atque
3099 5031 3335 5085 aliorum
3399 5030 3575 5087 etiam,
3661 5033 3669 5039 '

2015 5121 2108 5191 qui
2143 5136 2246 5174 non
2279 5131 2594 5190 supersunt,
2623 5117 2892 5174 Eusebius
2987 5119 3204 5187 dixerit,
3277 5130 3576 5189 quanquam

2017 5228 2121 5267 nos
2157 5211 2407 5278 diﬁiteor,
2445 5212 2569 5274 aliis
2617 5213 2933 5267 auctoribus
2995 5212 3153 5268 aliter
3211 5213 3388 5267 visum
3445 5223 3575 5264 esse.

2016 5303 2156 5360 Sunt
2184 5304 2277 5374 qui
2303 5321 2420 5358 eam
2451 5304 2624 5372 legem
2658 5313 2781 5374 post
2815 5305 3023 5373 ejectos
3053 5303 3287 5358 Athenis
3337 5302 3578 5358 Pisistra-

2018 5396 2159 5450 tidas
2193 5395 2557 5450 introductam
2633 5394 2904 5453 scribunt.
2952 5392 3206 5450 Elianus
3252 5394 3571 5452 Clisthenem

2013 5489 2130 5559 ejus
2176 5499 2452 5542 auctorem
2494 5487 2625 5542 facit
2656 5504 2668 5541 :
2697 5487 2790 5541 alii
2825 5486 3072 5562 Hippiam
3123 5495 3437 5558 tyrannum,
3488 5480 3574 5540 alii

2019 5578 2408 5648 Hipparchum,
2435 5577 2654 5634 Charmi
2692 5579 2860 5633 lilium
2911 5578 3028 5633 sive
3085 5576 3402 5634 Timarchi:
3435 5583 3572 5629 tanta

2013 5682 2257 5728 veterum
2295 5670 2568 5730 discordia
2625 5681 2730 5728 est.
2781 5671 3048 5727 Caeterum
3099 5681 3153 5727 et
3196 5673 3381 5728 minus
3437 5679 3572 5725 recte
