3964 6186
418 398 520 470 817

1687 397 2089 458 VALLARSII
2115 395 2355 458 NOTr’E.

3552 394 3660 459 818

415 518 544 588 legit
561 514 831 586 Scaliger,
862 513 1008 585 prius
1039 512 1148 583 ipse
1182 509 1533 573 constituens,
1591 523 1690 581 pro
1751 511 1977 577 primus,

2097 507 2280 579 l'roja,
2309 505 2455 562 ἔτεσι
2485 510 2822 577 πεντήκοντα
2847 507 2954 578 πρὸ
2989 506 3242 572 ἁλώσεως
3261 505 3443 570 Ἰλίου,
3469 512 3664 578 repetit

411 625 600 758 e'cCol.
620 703 750 757 5l3.
789 700 1044 756 Phwstus.
1075 695 1215 752 Huic
1240 696 1399 760 duos,
1432 701 1488 750 et
1517 691 1868 761 subsequenti
1904 692 1989 746 Si-

411 795 733 866 cyoniorum
759 795 871 861 regi
901 792 1138 844 Adrasto
1160 797 1272 843 tres
1307 801 1469 857 supra
1496 784 1714 838 Eusebii
1747 783 1988 838 rationes

412 901 586 940 annos
608 884 893 955 Syncellus
917 881 1197 950 elargitur.
1223 877 1296 931 De
1314 877 1416 932 hoc
1443 875 1704 944 Scaliger,
1736 871 1990 941 Virgilius

415 991 490 1042 vt,
521 985 571 1029 et
596 974 814 1028 Adrasti
849 971 1097 1042 pallentis
1130 971 1326 1037 imago.
1355 965 1577 1020 Servius
1607 982 1621 1017 :
1657 963 1770 1017 Rea:
1797 963 1989 1032 Sicyo-

413 1068 492 1121 nis
519 1068 708 1132 primo,
739 1073 856 1134 post
897 1063 1234 1132 Argivorum,
1263 1074 1410 1113 socer
1431 1057 1592 1125 Tydei
1624 1066 1671 1109 et
1700 1054 1988 1124 Polynicis.

413 1159 566 1228 Apud
622 1155 947 1210 Pausaniam
996 1165 1121 1207 ante
1160 1150 1465 1214 Janiseum,
1525 1162 1687 1217 quem
1725 1145 1991 1200 Eusebius

415 1250 640 1306 ridicule
677 1247 914 1302 Inachon
941 1253 1119 1309 vocat,
1151 1244 1455 1297 celloeatur
1475 1242 1766 1295 Adrastus.
1798 1237 1994 1292 llome-

413 1359 505 1396 rus
549 1342 677 1395 facit
714 1356 889 1408 regem
928 1337 1161 1406 primum
1189 1335 1477 1405 Sicyonos,
1530 1333 1589 1387 εἰ·
1624 1329 1993 1398 grammaticis

413 1438 560 1489 credi
589 1453 687 1488 nus
748 1435 854 1485 Καὶ
886 1429 1098 1483 Σικυὼν
1125 1428 1202 1481 ὅθ’
1235 1428 1325 1497 ἄρ’
1355 1426 1662 1494 ’Ἄδρηστος
1696 1420 1870 1492 πρῶτ’
1893 1421 1994 1488 ἑμ-

413 1529 750 1580 6ισ1λευσεν.
785 1524 891 1580 Sed
921 1521 1214 1577 videndum
1277 1519 1437 1574 anibi
1475 1513 1887 1584 intelligendum
1919 1510 1993 1567 sit

415 1620 629 1692 πρῶτα,
664 1619 785 1672 ἀντὶ
799 1616 1182 1684 τοῦπρότερον
1201 1629 1218 1670 :
1245 1611 1502 1682 Sicyone,
1521 1608 1612 1664 ubi
1635 1607 1786 1678 prius
1805 1618 1995 1674 regna-

417 1719 491 1767 vit
534 1713 818 1774 Adrastus,
871 1723 1034 1778 quam
1082 1704 1292 1760 scilicet
1336 1703 1494 1770 Argis
1553 1701 1872 1768 imperaret.
1921 1694 1996 1748 De

414 1805 674 1871 Adrasto,
706 1813 761 1858 et
790 1800 1065 1872 quomodo
1123 1807 1342 1870 propter
1394 1795 1556 1850 filiam
1612 1789 1794 1861 Polybi
1833 1786 1993 1857 regis,

2092 601 2372 671 Appianus
2394 601 2494 656 lib.
2515 602 2581 656 de
2607 600 2767 656 Bellis
2792 600 3034 657 Punicis.
3063 600 3381 655 Eeontrariu
3398 603 3664 671 Iosephus

2094 694 2192 748 lib.
2230 707 2329 748 vni
2377 691 2648 762 Antiquit.
2694 703 2747 748 et
2789 702 3018 748 Icontra
3054 694 3378 763 Appionent,
3412 711 3476 748 ex
3529 696 3662 764 ipsis

2100 785 2388 856 Tyriorum
2442 785 2791 839 monimentis
2825 785 3001 849 docet,
3050 785 3208 839 annis
3241 785 3344 839 145
3374 798 3496 854 post
3529 794 3664 840 teni-

2095 877 2243 948 plum
2271 876 2601 941 Salomonis,
2631 878 3016 947 Carthaginem
3073 879 3243 932 fuisse
3290 877 3508 933 demum
3535 894 3664 932 eon-

2096 976 2393 1034 structam;
2435 970 2526 1038 qui
2556 984 2732 1022 annus
2755 984 2875 1023 cum
2917 968 3322 1024 Abrahamitieo
3365 972 3499 1024 lll7
3531 987 3666 1026 con-

2097 1062 2292 1118 currit.
2323 1059 2434 1115 Nec
2463 1075 2593 1114 sane
2618 1059 2952 1115 diﬂitendum
2992 1061 3133 1128 apud
3178 1043 3430 1116 auctores
3457 1064 3665 1117 diverse

2096 1155 2217 1220 eius
2267 1153 2528 1222 epocham
2563 1151 2751 1206 referri
2783 1162 3003 1220 propter
3045 1153 3288 1206 diversos
3337 1157 3665 1210 conditores.

2097 1246 2232 1304 Cum
2272 1261 2402 1302 vero
2431 1255 2542 1300 tres
2585 1257 2768 1315 partes
2799 1245 3148 1314 Carthaginis
3193 1248 3414 1309 iuerint.
3440 1251 3504 1301 de
3527 1252 3663 1301 anti-

2098 1339 2362 1406 quissima
2392 1338 2662 1394 Eusebius
2705 1353 2850 1393 nunc
2879 1337 3140 1408 loquitur,
3173 1340 3223 1394 id
3249 1342 3390 1408 quod
3422 1341 3668 1405 inti-rius,

2099 1431 2189 1485 tibi
2245 1430 2311 1485 ad
2354 1446 2505 1485 num.
2544 1430 2648 1486 970
2680 1432 2924 1501 ejusdem
2958 1433 3111 1486 urbis
3149 1433 3428 1485 conditura
3480 1432 3668 1498 refi-rt,

2102 1523 2310 1576 indicat
2337 1523 2502 1577 verbo
2529 1523 3223 1590 ὲπικτισθῆναι.”ιιιειιιιριη
3253 1535 3336 1578 est
3362 1525 3502 1594 apud
3529 1525 3668 1595 Sync

2101 1615 2317 1680 cellum,
2358 1615 2485 1670 licet
2523 1615 2626 1670 iste
2669 1616 2722 1669 in
2777 1616 2936 1670 annis
2975 1618 3042 1670 ab
3096 1615 3333 1671 Eusebio
3380 1619 3668 1674 dissideat.

2103 1705 2332 1760 Fallitur
2381 1707 2517 1762 adeo
2566 1705 2828 1778 Scaliger.
2865 1707 2958 1776 qui
2999 1707 3223 1761 omnino
3256 1707 3388 1771 vult,
3433 1707 3667 1776 priorem

2104 1798 2286 1854 sedem
2352 1798 2522 1854 fuisse
2554 1813 2733 1854 arcem
2777 1798 3001 1870 Byrsam
3031 1813 3047 1866 ;
3087 1801 3470 1868 posteriorem,
3504 1816 3668 1867 quam

414 1911 576 1965 quam
608 1867 836 1949 duxerat
876 1867 1139 1956 uxorem,
1156 1903 1378 1960 regnum
1435 1893 1719 1940 assecutus
1751 1881 1845 1943 sil.
1875 1878 1998 1932 Vide
2027 1867 2072 1927 Β
2107 1889 2372 1944 vocabant
2400 1889 2648 1945 Karhada
2685 1867 2934 1962 (dixisset
2959 1867 3264 1957 Karthada)
3297 1891 3347 1944 id
3383 1901 3490 1954 est,
3522 1894 3670 1947 Νεά-

411 1987 638 2040 otuniuo
661 1985 886 2040 Scholia
911 1982 1277 2038 vetustissima
1305 1980 1358 2033 in
1386 1979 1707 2038 Pindarum,
1728 1972 1996 2027 Nemeaeo

415 2079 468 2134 9.
504 2076 656 2131 Adde
683 2085 737 2130 et
763 2073 1084 2130 Pausaniam
1127 2072 1182 2125 in
1212 2069 1471 2124 llteoticis
1501 2081 1619 2135 cap.
1647 2081 1702 2119 ν.

486 2167 603 2238 Col.
638 2165 766 2221 515.
801 2163 975 2218 Minos
1007 2163 1142 2233 leges
1186 2177 1250 2215 ac
1280 2161 1404 2226 iura
1435 2158 1725 2212 constituit.
1758 2155 1994 2222 Quidam

423 2259 662 2321 codices,
698 2265 832 2311 teste
856 2253 1332 2317 Schurzlleischio,
1364 2252 1481 2321 [ora
1513 2251 1698 2318 legunt.
1729 2263 1826 2318 pro
1839 2249 1993 2316 jura,

422 2365 584 2418 quam
619 2363 809 2403 vocem
841 2348 1231 2415 interpretatur
1263 2357 1360 2412 per
1397 2341 1627 2410 ἀγορὰν,
1675 2355 1768 2393 seu
1812 2355 1995 2403 perso-

415 2454 511 2491 nas
547 2439 801 2505 forenses,
832 2451 942 2506 quo
981 2434 1142 2489 modo
1191 2435 1359 2502 φόρου
1392 2431 1716 2486 vocabulum
1763 2429 1997 2484 sumitur

415 2529 468 2583 in
508 2529 715 2584 Clossis
764 2524 1040 2580 Dufresnii
1077 2539 1132 2592 p.
1176 2521 1338 2576 1690.
1379 2520 1529 2574 Adiri
1565 2533 1786 2587 quoque
1835 2516 1992 2585 jubet

413 2623 481 2676 de
518 2619 692 2674 Minoe
722 2618 1032 2687 legislatore
1083 2613 1425 2668 Lactantium
1457 2611 1551 2665 lib.
1589 2625 1757 2684 teap.
1789 2609 1876 2673 72,
1904 2608 1995 2663 Ni-

413 2709 627 2762 colaum
687 2709 1082 2762 Damascenum
1119 2707 1171 2758 itt
1203 2703 1509 2771 Excerptis,
1565 2700 1887 2755 Suetonium
1938 2699 1992 2752 in

413 2797 637 2854 Tiberio
669 2812 792 2866 cap.
823 2795 914 2863 70,
933 2795 1226 2849 Meursium
1254 2793 1493 2862 denique
1521 2792 1574 2845 in
1602 2789 1762 2845 Creta
1795 2787 1891 2842 lib.
1910 2803 1991 2841 ut.

417 2891 663 2964 Scaliger
706 2891 851 2946 hunc
895 2902 1087 2944 verum
1142 2899 1264 2942 esse
1316 2883 1512 2939 Minois
1567 2882 1751 2939 sacculi
1810 2881 1990 2936 locum

414 2989 604 3042 sentit.

484 3078 604 3134 Col.
640 3079 766 3134 5l5.
811 3077 1038 3132 Theseus
1085 3073 1342 3129 Helenam
1391 3071 1594 3140 rapuit.
1641 3068 1702 3122 ln
1735 3075 1885 3122 tanta
1923 3066 1994 3121 de

417 3170 640 3228 Helena:
698 3181 854 3239 raptu
898 3167 1045 3238 apud
1089 3166 1434 3237 mythologos
1482 3173 1646 3232 atque
1698 3160 1991 3216 historicos

413 3263 817 3322 sententiarum
853 3260 1228 3324 ﬂuctuatione,
1263 3258 1505 3324 Scaliger
1527 3255 1993 3310 confidentissime

409 3360 481 3414 de
511 3355 960 3419 auat-bronismo,
994 3369 1102 3407 non
1123 3351 1418 3406 Eusebium
1450 3349 1695 3418 quidem,
1729 3349 1823 3402 sed
1850 3360 1993 3416 quos

413 3452 507 3507 ille
537 3452 777 3521 sequitur
800 3447 1166 3518 reprehendit,
1187 3445 1332 3514 quod
1353 3441 1626 3499 Theseum
1650 3443 1801 3503 velit.
1839 3452 1994 3510 patre

410 3544 588 3614 Egeo
641 3551 920 3613 regnante,
954 3538 1212 3594 Helenam
1267 3539 1536 3606 rapuisse,
1568 3551 1678 3589 non
1712 3549 1833 3588 cum
1875 3532 1993 3600 ipse

407 3643 683 3706 regnant.
717 3633 798 3688 Tu
829 3647 950 3704 quas
981 3647 1086 3685 nos
1119 3629 1185 3684 ad
1217 3627 1346 3683 huic
1405 3627 1613 3682 similes
1677 3627 1812 3680 alias
1841 3615 1994 3693 obje-

406 3732 616 3785 ctiones
660 3728 923 3782 hactenus
959 3721 1324 3793 reposuimus,
1383 3719 1488 3773 huc
1510 3717 1674 3772 refer.
1736 3717 1990 3771 Notalum

408 3835 576 3888 porro
606 3819 860 3887 superius
881 3855 897 3879 ,
935 3817 1076 3870 hanc
1106 3814 1175 3867 ab
1195 3827 1261 3868 eo
1311 3811 1626 3880 periocham
1657 3809 1846 3864 solidis
1869 3818 1994 3862 octo

409 3912 572 3966 annis
620 3908 907 3963 anteverti.
966 3906 1283 3960 Econtrario
1349 3901 1662 3955 Parmensis
1713 3913 1818 3952 ms.
1872 3905 1995 3968 post

408 4004 551 4058 alios
591 4001 658 4054 ah
711 4000 812 4054 hac
867 3996 1184 4051 recensione
1214 3995 1522 4049 Pontacena
1559 4006 1622 4046 se
1665 4001 1848 4045 nostra
1885 4000 1995 4042 tres

411 4107 614 4156 annos,
631 4101 684 4144 et
716 4091 770 4144 in
793 4088 1138 4160 Mycenarum
1163 4085 1406 4155 quidem,
1429 4098 1536 4138 non
1553 4080 1992 4142 Atheniensium,

411 4185 506 4239 tilo
561 4182 743 4237 refert.
798 4180 991 4235 Serius
1025 4179 1204 4232 adhuc
1249 4178 1365 4244 alii!
1396 4175 1680 4240 differunt,
1731 4183 1788 4228 et
1839 4182 1996 4227 vetus

407 4277 634 4345 quidem
693 4274 1079 4341 chronologusi
1113 4272 1255 4340 apud
1288 4270 1622 4324 Clementem
1657 4265 1998 4322 Alexandri-

411 4386 542 4424 num
579 4369 832 4422 Helenam
859 4381 887 4419 a
915 4347 1138 4437 Theseo
1167 4373 1377 4431 raptam
1412 4368 1562 4416 notat
1600 4368 1723 4430 post
1757 4360 1994 4412 Amazo-

413 4475 546 4517 num
569 4459 998 4530 expeditionem.
1029 4455 1301 4510 Diodorus
1319 4469 1451 4510 vero
1481 4454 1577 4509 lib.
1607 4469 1661 4507 tv
1689 4453 1743 4508 id
1775 4453 1994 4506 demum

2102 1985 2280 2038 πολιν.
2308 1984 2530 2040 Penitus
2565 1984 2709 2038 enim
2747 2002 2777 2039 e
2800 1985 3080 2039 cbntrario
3113 1999 3170 2038 se
3196 2001 3282 2041 res
3313 1986 3510 2052 habet;
3547 2001 3670 2041 nam

2101 2075 2264 2146 Byrsa
2297 2075 2459 2129 tertia
2509 2075 2724 2130 demum
2776 2091 2902 2143 pars
2937 2074 3038 2129 fuit
3076 2091 3106 2130 a
3136 2075 3344 2130 Didone
3371 2087 3670 2142 exstructa,

2101 2180 2265 2233 quam
2291 2172 2341 2219 et
2368 2165 2547 2235 lingua
2577 2180 2675 2220 sua
2693 2175 2869 2226 mn.
2905 2165 3131 2228 Bosran,
3160 2168 3210 2222 id
3237 2177 3318 2222 est
3341 2168 3518 2222 locum
3549 2187 3672 2222 mu-

2099 2259 2297 2321 nilum,
2344 2255 2461 2311 sive
2481 2270 2688 2323 arcem,
2735 2257 3057 2326 appellavit:
3112 2258 3286 2315 Grmci
3329 2264 3672 2328 transpositis

2101 2347 2314 2411 litteris,
2358 2347 2586 2400 ἐκάλουν
2617 2347 2845 2418 βύρσαν,
2884 2359 2942 2402 ut
2969 2353 3043 2403 ait
3072 2349 3266 2405 Strabo
3302 2353 3396 2407 lib.
3434 2355 3532 2407 ult.
3565 2354 3671 2408 No-

2099 2440 2311 2496 tissima
2347 2440 2542 2494 exinde
2570 2439 2750 2494 fabula
2785 2441 2853 2495 de
2881 2442 3030 2496 corio
3065 2443 3288 2507 bubulo,
3315 2447 3457 2512 quod
3487 2448 3672 2502 Gra‘ee

2099 2531 2286 2602 Βύρσᾳ
2317 2548 2512 2587 nomen
2549 2533 2847 2603 signiticet,
2878 2543 2929 2589 ct
2965 2535 3109 2602 quod
3145 2538 3216 2587 ait.
3255 2536 3513 2602 Virgilius
3550 2541 3623 2593 liii
3657 2556 3672 2594 ι

2101 2626 2388 2692 Ᾰῦιιείιιοε,
2420 2629 2548 2694 facti
2575 2630 2636 2682 de
2667 2629 2876 2682 nomine
2912 2627 3100 2698 Byrsa.
3133 2631 3460 2685 Karthada'n
3489 2643 3670 2687 autem

2102 2729 2333 2776 testatur
2366 2719 2542 2776 Julius
2570 2719 2791 2777 Solinus
2818 2737 2918 2790 cap
2947 2722 3017 2778 50
3065 2725 3253 2777 urbem
3297 2737 3454 2778 antea
3486 2727 3674 2795 appel—

2098 2810 2302 2869 latam;
2334 2810 2480 2879 quod
2515 2812 2729 2881 quidem
2755 2813 3093 2868 Phtenicium
3119 2811 3312 2867 nonten
3345 2817 3412 2867 ab
3438 2816 3665 2868 Hebrai-

2098 2901 2336 2980 θοῇ-ιβ,
2378 2905 2519 2973 quod
2552 2913 2655 2969 est,
2717 2905 2922 2969 civitas,
2955 2914 3008 2958 et
3029 2917 3159 2970 mn,
3188 2917 3244 2959 ut
3273 2907 3531 2961 credibile
3565 2917 3671 2972 est,

2099 2995 2213 3049 sive
2247 2995 2406 3055 hada,
2437 2995 2578 3064 quod
2615 3004 2719 3058 est,
2777 3013 2932 3057 nova,
2965 3013 3223 3066 perquam
3257 3000 3542 3053 commode
3580 3001 3676 3056 tle-

2096 3085 2325 3139 rivatur.
2363 3083 2433 3138 De
2453 3083 2675 3154 .losephi
2712 3085 2857 3153 loco,
2885 3102 3044 3154 quem
3075 3103 3332 3156 peccasse
3363 3091 3662 3146 incalculo

2098 3177 2468 3241 subdurendo,
2509 3189 2753 3231 notatum
2790 3188 2948 3233 antea
2979 3189 3060 3233 est
3115 3181 3290 3235 doctis
3349 3184 3499 3241 viris,
3531 3185 3677 3240 dice-

2097 3284 2221 3324 mus
2245 3269 2406 3323 inrra.
2435 3268 2684 3324 Notauda
2726 3285 2872 3324 nunc
2907 3281 3064 3325 vetus
3095 3272 3180 3325 illa
3212 3251 3524 3330 Grtceornm
3555 3278 3677 3330 bal--

2098 3359 2356 3414 lucinatio
2380 3370 2463 3414 est
2513 3361 2580 3413 de
2629 3360 3001 3426 Carchedone,
3059 3362 3313 3418 Phren’ce
3338 3367 3524 3420 nescio
3568 3383 3675 3421 nuo

2099 3451 2407 3510 conditore,
2444 3464 2604 3518 quam
2634 3450 2847 3504 imbibit
2877 3450 3204 3507 Eustachius
3231 3469 3451 3523 quoque
3477 3473 3508 3511 e
3548 3455 3676 3510 Sto-

2099 3540 2280 3608 pbano
2327 3538 2766 3608 Ethnicographo
2811 3541 2873 3592 ad
2929 3540 3151 3612 Dionys.
3203 3542 3413 3614 Perieg.
3443 3563 3492 3598 v.
3551 3547 3675 3601 193.

2098 3631 2282 3698 Ipsum
2310 3629 2453 3684 enim
2481 3629 2611 3685 illud
2645 3640 2730 3684 est
2759 3631 2909 3686 urbis
2960 3647 3182 3694 nomen,
3223 3635 3390 3702 quod,
3421 3644 3481 3688 ut
3522 3647 3674 3692 notat

2103 3721 2330 3776 Drusius
2376 3720 2658 3777 O'bservat.
2685 3722 2774 3775 lib.
2820 3737 2916 3787 vit,
2960 3738 3085 3793 cap.
3123 3723 3178 3785 8.
3219 3725 3525 3794 Καρχηδὼν
3581 3743 3672 3792 per

2102 3827 2394 3884 syncopem
2446 3813 2667 3879 dicitur,
2715 3827 2814 3882 pro
2865 3814 3059 3883 Κάρθα
3115 3815 3314 3886 χηδὼν,
3360 3827 3416 3870 ιιι
3466 3817 3672 3871 Latinis

2103 3905 2368 3973 Carthago
2393 3920 2486 3973 per
2525 3919 2824 3974 apocopen,
2851 3919 2950 3973 pro
2979 3904 3189 3960 Knrtha
3223 3907 3411 3961 eliada.
3445 3909 3672 3963 Fallitur

2103 3995 2270 4048 etiam
2310 3995 2478 4049 verbo
2501 4002 2687 4049 'tenus
2719 3995 3235 4064 Schurzlleiscbius,
3272 3998 3520 4055 scribens
3549 4017 3672 4054 eum

2104 4089 2286 4148 ipsum
2345 4087 2684 4141 conditorem
2731 4085 3106 4159 Carthaginem
3164 4092 3345 4144 vocari
3386 4091 3454 4145 ab
3481 4092 3672 4145 Hiero-

2105 4191 2289 4247 nymo,
2343 4177 2435 4247 qui
2469 4192 2593 4231 eunt
2655 4177 2768 4231 imo
2827 4178 3214 4233 Care/sedauerit
3263 4181 3418 4234 dixit.
3479 4181 3672 4236 Subdit

2105 4269 2248 4323 ille:
2299 4267 2566 4337 Carthago
2619 4283 2752 4323 sane
2794 4283 2901 4322 non
2949 4278 3031 4324 est
3096 4271 3394 4324 masculum
3455 4289 3672 4327 nomen.

2101 4359 2280 4426 Quare
2303 4361 2467 4414 etiam
2502 4359 2698 4415 Cicero
2723 4361 2887 4415 inlib.
2923 4361 2990 4416 de
3023 4361 3226 4416 Natu-ra
3255 4362 3509 4424 Deorum,
3540 4365 3672 4416 Car-

2105 4451 2376 4521 thaginem
2401 4451 2565 4506 ﬁliam
2589 4449 2718 4507 facit
2743 4451 2993 4508 Herculis
3035 4454 3237 4521 quarti,
3283 4452 3434 4508 Jovis
3473 4463 3527 4508 ct
3573 4457 3672 4510 As-

407 4551 760 4606 factunresse
787 4543 1997 4623 narratpostPhaedraamortem:Pirithous.
2035 4552 2260 4620 ,μοι-ιω
2327 4543 2444 4608 lilii,
2500 4559 2663 4614 quem
2729 4543 2879 4614 Tyrii
2952 4548 3187 4600 maxime
3247 4546 3455 4599 colunt.
3531 4547 3672 4601 Sane

404 4641 605 4712 inquit.
679 4651 793 4709 post
859 4639 1226 4707 Hippodamiae
1278 4637 1464 4690 uxoris
1492 4635 1690 4688 obitum
1756 4635 1842 4695 (ea:
1891 4648 1996 4699 qua

403 4733 580 4806 ﬁlium
642 4731 967 4801 Polypwtem
998 4729 1325 4797 susceperat)
1371 4726 1606 4780 Athenas
1655 4741 1710 4779 se
1764 4722 1991 4776 contulit

403 4827 478 4879 ad
510 4825 787 4887 Theseum,
817 4820 1144 4875 καταλαϐὼν
1171 4819 1230 4875 δὲ
1257 4818 1711 4887 τετελευτηκυῖαν
1737 4815 1838 4884 τὴν
1892 4830 1994 4882 γυ-

403 4920 566 4971 ναῖκα
591 4917 685 4969 τοῦ
705 4915 950 4986 Θησέως.
984 4915 1205 4966 ἔπεισεν
1238 4911 1421 4975 αὐτὸν,
1463 4920 1594 4970 etc.,
1638 4908 1687 4960 id
1731 4914 1834 4969 est,
1871 4921 1992 4959 eum

404 5026 526 5064 vero
555 5017 862 5067 exstinctam
884 5007 1186 5076 offendisset
1213 5003 1396 5056 Thesei
1433 5014 1650 5054 uxorem
1685 4998 1990 5062 Plut-drum,

404 5112 598 5155 auctor
636 5099 715 5154 illi
745 5098 858 5171 fuit‘
921 5111 980 5152 ut
1027 5098 1307 5159 Helenam,
1353 5094 1482 5149 Jove
1517 5110 1580 5146 ac
1609 5092 1751 5145 Leda
1786 5100 1990 5146 natam.

402 5210 522 5264 qua!
554 5193 968 5267 tumideeimum
1018 5191 1194 5247 (etatis
1245 5203 1438 5242 annum
1469 5186 1677 5253 agebat,
1722 5193 1770 5237 et
1814 5197 1992 5235 omnes

405 5288 593 5356 ubique
620 5288 838 5354 feminas
857 5293 1123 5340 uenustate
1151 5280 1456 5352 superabat,
1482 5295 1574 5348 per
1598 5287 1808 5346 raptum
1845 5275 1916 5327 ad
1937 5291 1992 5329 se

404 5361 738 5446 transferret.
786 5377 1110 5433 Plutarchus
1159 5375 1214 5430 in
1249 5375 1366 5425 Vita
1397 5370 1614 5430 Thesei,
1649 5370 1792 5422 hunc
1827 5370 1990 5421 refert.

402 5487 468 5542 ex
495 5468 779 5524 Hellaniro
826 5483 997 5524 annos
1024 5469 1135 5537 jam
1172 5465 1560 5538 quinquaginta
1585 5473 1771 5516 natum
1797 5459 1988 5524 fuisse,

403 5566 626 5631 quando
657 5561 920 5616 llelenam
961 5559 1206 5616 nomium
1238 5565 1506 5610 maturam
1543 5555 1742 5624 rapuit.
1777 5551 1986 5606 Ca-tera

403 5668 461 5722 ιιι
479 5652 661 5720 rsequi
699 5667 810 5707 non
842 5652 1001 5706 libet.

478 5746 596 5802 Col.
623 5745 752 5802 3l5.
787 5745 1046 5799 Philistus
1075 5741 1276 5797 scribit.
1313 5739 1490 5795 Altius
1515 5736 1676 5808 paulo
1701 5735 1982 5790 conditum

409 5837 780 5902 Carthaginis,
806 5838 921 5894 sive
957 5809 1115 5891 a’nnis
1141 5830 1535 5904 quinquaginta
1557 5836 1690 5885 ante
1710 5825 1983 5883 excidium

2104 4633 2388 4690 Herculem
2438 4633 2662 4703 Tyrium
2709 4633 2777 4688 ad
2839 4643 3082 4698 tempora
3138 4633 3330 4688 Minois
3370 4648 3673 4703 anonymus

2098 4710 2330 4794 scriptor
2354 4723 2494 4794 apud
2519 4721 2742 4779 Suidam
2767 4726 2821 4778 in
2850 4725 3082 4776 HPAKA
3095 4725 3182 4777 HC
3207 4724 3415 4778 retulit.
3445 4725 3672 4778 Vident

2097 4815 2210 4880 alii,
2259 4832 2420 4886 qnatn
2463 4832 2584 4871 vera
2641 4817 2714 4872 sit
2757 4817 2844 4870 illa
2888 4817 3222 4886 genealogia,
3272 4832 3436 4885 quam
3488 4819 3671 4871 nescio

2094 4923 2332 4977 quonam
2358 4924 2425 4963 ex
2449 4909 2710 4962 historico
2730 4908 2936 4975 profert
2961 4909 3031 4963 Is.
3067 4910 3264 4963 Tzetza
3297 4910 3361 4963 ad
3397 4908 3667 4980 Lycophr.

2093 5014 2147 5052 ν.
2179 4999 2335 5062 1706,
2364 5014 2398 5068 p
2443 4999 2566 5053 124.
2593 4999 2674 5052 ὅτι
2701 5001 2728 5052 ὁ
2751 5001 2886 5061 Ζεὺς
2917 5002 2980 5068 τῇ
3011 4999 3164 5070 Θήὲῃ
3193 5003 3373 5069 μιγεὶς
3394 5003 3669 5068 Αἴγυπτον

2091 5091 2276 5159 γεννᾷ,
2299 5083 2360 5141 οὗ
2379 5090 2623 5159 θυγάτηρ
2652 5091 2867 5160 Κάρχη.
2902 5091 2996 5158 ἀφ’
3042 5083 3116 5144 ὧν
3140 5092 3237 5160 ἥτε
3265 5093 3364 5162 τῆς
3387 5094 3665 5158 Αἰγύπτου

2093 5183 2247 5242 πόλις
2304 5182 2454 5252 Θήϐη
2493 5183 2716 5251 ἐκλήθη,
2751 5184 2844 5236 καὶ
2879 5185 2910 5251 ἡ
2963 5185 3264 5255 Καρχηδὼν
3288 5186 3467 5252 νῆσος.
3501 5186 3664 5237 Porro

2092 5271 2311 5335 Zorum.
2337 5289 2441 5327 non
2469 5274 2718 5336 Esorum,
2743 5283 2801 5328 ut
2817 5275 3020 5346 sylloge
3044 5275 3255 5330 Eusebii
3295 5272 3660 5341 Scaligerana,

2091 5375 2148 5419 et
2196 5365 2484 5434 Syncellus
2544 5366 2682 5419 male
2734 5366 2941 5429 legunt,
3002 5376 3194 5433 przrter
3245 5364 3658 5435 Hieronymum,

2089 5457 2439 5522 Carthaginis
2492 5459 2829 5511 conditorem
2891 5461 3103 5512 vocavit
3161 5458 3322 5510 etiam
3381 5458 3658 5524 Appianus

2089 5549 2345 5602 Λιϐυκῶν
2391 5550 2682 5618 principio.
2720 5549 2889 5603 Zorus
2933 5558 3017 5604 est
3067 5549 3212 5609 Tsor,
3263 5560 3421 5615 prout
3454 5549 3657 5620 Tyrum

2087 5640 2214 5693 olim
2264 5640 2624 5708 appellarunt.
2675 5640 2804 5695 Vide
2839 5656 2956 5708 qure
2987 5641 3086 5692 hac
3133 5640 3199 5692 de
3229 5654 3286 5693 re
3317 5647 3444 5694 ante
3520 5641 3660 5695 hlar-

2090 5732 2344 5786 shatnum
2404 5732 2715 5789 Simsonius
2735 5741 2876 5802 part.
2922 5747 2957 5785 ιι
2995 5730 3198 5785 Chron.
3230 5734 3426 5786 rathol.
3465 5747 3515 5801 p.
3567 5734 3653 5796 44,

2087 5825 2422 5890 observavit.
2463 5825 2520 5882 ln
2580 5834 2775 5896 quarto
2826 5819 3069 5878 Palatino
3129 5823 3346 5894 legittts,
3404 5823 3656 5884 Philis'us

3631 6101 3930 6163 Α
