3964 6186
462 333 573 395 823

1735 332 1815 390 ιῘᾹ
1829 330 1963 390 LLA
1977 330 2135 392 RSII
2161 331 2407 395 ΝΟΤίΕ.

3549 337 3627 398 82⁸

460 444 526 492 ad
554 440 673 510 «jus
707 441 856 510 regni
888 441 1157 498 decimum
1205 441 1457 512 quintttm
1489 443 1732 498 referant
1761 442 2030 497 excidium
2063 449 2111 507 Α
2142 453 2257 498 tum
2284 444 2414 498 illud
2449 444 2609 515 paulo
2637 452 2754 515 post
2781 443 2962 500 minus
2988 451 3151 507 recte,
3177 443 3312 510 quoii
3328 443 3514 508 scribit,
3555 463 3628 515 pa-

453 531 652 605 Trojm,
685 535 785 602 ipsi
821 545 1002 590 tamen
1033 535 1144 604 regi
1171 550 1346 590 annos
1372 536 1611 591 tribuant
1633 535 2025 606 duodeviginti,

455 627 540 682 vel
567 628 733 681 etiam
755 627 909 697 juxta
941 627 1168 682 aliorum
1203 627 1469 692 rationes,
1505 629 1727 699 triginta
1763 629 2023 698 quinque.

456 720 534 772 Ac
565 734 698 772 sane
721 719 811 774 illa
845 720 1209 776 verosimilior
1234 722 1505 778 sententia
1532 733 1636 785 est,
1663 722 1932 790 siquidem
1972 730 2029 776 et

453 808 734 864 Palatinus
768 810 974 879 primus
1010 826 1111 866 ms.
1145 811 1327 877 habet,
1364 812 1596 884 Mycenis
1631 813 1854 882 imperat
1887 813 2027 881 Aga-

453 900 869 954 memnon'annis
902 900 986 962 l8,
1013 901 1163 971 cujus
1186 904 1332 973 regni
1355 919 1495 957 anno
1521 903 1588 957 l5
1619 903 1778 971 Troja
1802 903 2025 969 capitur;

453 1002 510 1048 et
553 993 806 1048 Clemens
836 994 1241 1049 Alexandrinus
1276 993 1540 1072 Strgmat.
1580 1011 1621 1059 ι,
1654 1010 1775 1063 pag.
1807 993 1934 1054 521.
1967 1009 2029 1044 ex

451 1095 696 1144 veterum
734 1088 1110 1158 chronologia,
1144 1088 1631 1159 ,Agamemnonem
1684 1101 1808 1142 cum
1863 1085 2032 1141 fratre

454 1180 701 1238 Menelao
731 1182 1072 1238 successisse
1100 1180 1250 1234 Atrei
1304 1194 1470 1252 regno
1527 1181 1686 1234 anuis
1721 1162 2030 1247 septemde-

462 1276 568 1329 cim
602 1285 725 1328 ante
751 1275 927 1345 Trojae
975 1273 1385 1328 subversionem
1419 1312 1434 1338 ,
1473 1272 1658 1327 tradit.
1711 1269 1916 1325 Verum
1967 1280 2034 1323 ne

457 1366 560 1421 hac
592 1367 806 1434 quidem
841 1366 1050 1421 ratione
1077 1366 1226 1422 salva
1263 1380 1348 1420 res
1381 1375 1465 1420 est
1503 1381 1517 1418 :
1554 1374 1610 1418 ut
1637 1364 1781 1418 enim
1813 1362 2033 1416 omitta-

459 1474 579 1511 mus
613 1457 940 1512 vetustiores
974 1457 1241 1512 editiones
1264 1499 1278 1522 ,
1310 1472 1432 1527 quae
1463 1457 1581 1526 ipso
1606 1455 1815 1511 decimo
1841 1467 2035 1512 octavo

455 1550 607 1615 regni
640 1563 784 1602 anno
845 1537 1115 1614 (tribuunt
1175 1565 1306 1603 vero
1351 1549 1424 1602 illi
1464 1549 1519 1602 in
1576 1550 1888 1604 universum
1942 1548 2034 1618 55)

455 1655 642 1694 casum
667 1639 843 1709 Trojzc
864 1641 1166 1711 assignant,
1185 1650 1445 1710 repugnat
1464 1639 1566 1695 alia
1594 1656 1658 1695 ex
1689 1648 1840 1710 parte
1868 1640 2036 1695 series

456 1730 720 1797 historia),
753 1749 872 1801 quae
903 1732 1007 1787 fert
1031 1748 1168 1792 eum
1203 1749 1405 1803 regem,
1441 1735 1625 1788 statim
1668 1743 1830 1800 atque
1865 1736 2036 1787 victor

456 1823 676 1875 domum
693 1840 722 1877 e
743 1823 1122 1892 hello'l'rojano
1145 1823 1328 1890 redii',
1345 1821 1677 1893 aliIEg‘stho
1711 1824 1800 1893 qui
1819 1837 2042 1876 uxorem

455 1913 577 1980 ejus
604 1912 1188 1969 abduxeratoecisum.
1231 1913 1420 1982 Neque
1467 1903 1615 1969 vero
1648 1914 1776 1968 licet
1829 1914 2041 1982 longius

459 2005 803 2059 int.-rvallum
836 2015 1028 2075 putare
1053 2021 1117 2060 ex
1153 2012 1358 2084 rerum,
1397 2022 1533 2077 quas
1565 2016 1748 2061 narrat
1773 2005 2042 2061 licenerus

466 2092 662 2165 Odyss.
705 2095 753 2163 δ,
791 2098 929 2152 serie
973 2114 993 2150 :-
1026 2097 1210 2153 statim
1246 2097 1392 2151 enim
1445 2097 1512 2152 ad
1551 2098 1844 2152 Malearum
1883 2112 2040 2150 mcu-

461 2195 566 2236 tem
603 2187 772 2252 venit,
821 2187 964 2243 unde
1004 2189 1228 2258 abrepta
1262 2199 1424 2245 vento
1452 2191 1645 2246 classis
1686 2192 1750 2245 ad
1787 2206 1904 2244 eam
1948 2206 2042 2258 ap-

461 2277 595 2344 pulit
631 2276 991 2350 Peloponnesi
1024 2291 1254 2349 partem,
1279 2297 1438 2352 quam
1472 2282 1751 2354 Egisthus
1781 2284 2036 2340 tenebat:

460 2383 625 2442 atque
665 2375 761 2435 ibi,
797 2383 855 2429 ut
901 2375 976 2428 ait
1017 2373 1299 2446 Virgilius,

581 2482 816 2605 aggggiip
835 2481 1045 2532 infandas
1065 2485 1218 2546 prima
1244 2484 1370 2534 intra
1393 2483 1561 2534 limina
1584 2486 1759 2536 dextra

461 2664 606 2732 Quin
637 2664 768 2728 into,
807 2665 883 2720 ait
919 2665 1434 2733 Schnrzlleischius,
1468 2670 1840 2739 Agamemnon
1896 2671 2036 2726 ultra
2104 2711 2116 2721 .

461 2773 703 2811 mensem
739 2759 974 2812 reditum
1011 2773 1040 2810 τι
1078 2757 1253 2826 Troiae
1283 2762 1685 2832 expugnatione
1724 2777 1829 2817 non
1859 2762 2037 2818 distu—

459 2849 545 2914 ιιι,
577 2848 621 2903 si
660 2851 925 2905 Senecam
959 2854 1257 2918 sequimur,
1289 2863 1347 2908 ut
1377 2863 1652 2909 tat-eamus
1687 2853 1948 2926 Alschylu
1978 2875 2033 2917 ιι,

461 2939 555 3009 qui
594 2945 783 2997 eodem
818 2944 926 3004 die.
967 2959 1077 3009 quo
1115 2959 1362 2999 eversum
1401 2944 1499 3000 l'uit
1551 2944 1722 3009 llinm.
1776 2947 2034 3002 reducem

465 3045 684 3099 quoque
709 3030 1172 3100 Agamemnonem
1206 3042 1460 3100 praestare
1491 3036 1700 3105 sategit.
1726 3034 1857 3090 Vide
1887 3035 2033 3094 Sam.

2128 535 2508 605 storalijudiri,
2537 550 2635 606 pro
2666 535 2885 603 pastori,
2919 542 3025 590 etc.
3061 531 3163 586 S'd
3191 541 3243 587 et
3273 532 3500 596 laudatus
3521 537 3626 589 Pot-

2131 640 2251 688 tero
2267 646 2370 686 ms.
2393 624 2598 700 Regius
2623 629 2784 693 male,
2808 628 2872 681 de
2892 625 3277 695 pulchritudine
3291 636 3526 680 certamen
3541 630 3635 695 luit,

2130 723 2497 796 praetermisso
2525 721 2668 792 quod
2695 731 2751 777 et
2782 721 2836 774 in
2867 719 3058 776 Graeco
3083 725 3296 772 resonat
3332 727 3488 784 textu,
3528 736 3638 789 prc-

2130 818 2318 883 mium,
2347 813 2598 869 επαθλον.
2633 813 2767 880 Qum
2806 821 3114 882 sequuntur
3144 811 3238 872 ibi,
3284 809 3518 888 saepta;
3562 814 3640 864 αὑ-

2131 909 2240 962 τῶν
2281 907 2640 977 προτεθείσης
2681 905 2905 974 Ἑλένης
2933 903 3012 969 τῷ
3039 903 3199 971 κριτῇ
3225 918 3239 955 :
3275 917 3526 971 perperam
3549 921 3643 954 ott-

2133 1002 2286 1063 nino,
2315 1009 2367 1054 et
2395 997 2674 1054 contrario
2702 1011 2867 1052 sensu
2899 993 3064 1049 vertit
3093 993 3318 1060 Gnarus,
3347 996 3536 1064 reliquis
3559 1010 3646 1049 tum

2133 1110 2316 1148 earum
2359 1091 2558 1145 Helena
2593 1108 2623 1143 a
2652 1090 2834 1159 judice
2858 1087 3161 1156 prteposita.

2203 1186 2320 1241 Col.
2343 1184 2470 1241 515.
2496 1184 2750 1254 Iephte...
2766 1200 2856 1238 an.
2874 1181 3000 1236 500.
3027 1180 3103 1235 lta
3123 1177 3644 1248 habesJudic.cap.xt,

2134 1293 2279 1332 vers.
2311 1277 2406 1332 26.
2461 1276 2660 1332 Verum
2727 1275 3014 1347 Syncellus
3070 1271 3442 1328 subducendos
3483 1271 3542 1325 ab
3571 1271 3676 1326 hac.

2136 1385 2348 1426 summa
2385 1370 2828 1436 Alienigenarum
2871 1366 3084 1437 imperii
3117 1379 3367 1420 numeros
3392 1363 3649 1421 contendit.

2137 1464 2301 1532 quod,
2330 1463 2529 1533 inquit,
2561 1463 2788 1516 minimc
2819 1463 2963 1516 cavit
2999 1463 3025 1513 ὁ
3059 1458 3320 1518 Εὐσέϐιος
3348 1454 3650 1526 συνιριθμῶν

2135 1558 2250 1618 τοῖς
2277 1555 2384 1607 τῶν
2409 1553 2630 1626 Κριτῶν
2655 1553 2870 1623 χρόνοις
2924 1553 3049 1615 τοὺς
3079 1551 3189 1603 τῶν
3228 1547 3562 1616 Ἀλλοφύ).ων,
3585 1544 3657 1597 καὶ

2141 1645 2217 1716 μὴ
2241 1644 2595 1715 λογιζόμενος
2619 1643 2820 1707 αὐτοὺς
2855 1642 3000 1704 ἰδίως
3035 1639 3300 1701 ἑκάστους
3316 1635 3385 1700 ὡς
3410 1639 3441 1705 ἠ
3464 1636 3626 1705 Γραφή
3644 1650 3657 1667 ’

2145 1737 2399 1792 Eusebius
2420 1738 2509 1804 qui
2543 1735 2798 1790 Iudicum
2827 1750 2994 1788 annos
3038 1732 3453 1801 Alienigenarum
3495 1739 3655 1791 tempo-

2146 1826 2292 1880 ribus
2321 1834 2656 1888 annumerat,
2691 1839 2782 1877 nec
2807 1820 3228 1890 uniuscujusque
3261 1817 3482 1887 proprios
3525 1831 3659 1869 annos

2143 1916 2578 1988 supputat,quod
2606 1914 2734 1984 facit
2779 1912 3084 1977 Scriptura.
3111 1907 3182 1962 Et
3231 1905 3518 1977 Syncellum
3565 1902 3660 1971 qui-

2144 2009 2265 2063 dem
2297 2008 2475 2077 ipsum
2507 2023 2570 2060 ex
2597 2016 2748 2076 parte
2777 2005 3018 2074 Scaliger
3046 1999 3411 2071 reprehendit,
3431 1995 3556 2067 quod
3582 2011 3660 2064 pu-

2145 2111 2260 2156 tare
2297 2101 2527 2155 voluerit
2561 2100 2680 2155 illos
2719 2097 2826 2154 300
2859 2112 3035 2151 annos
3075 2096 3147 2150 ab
3192 2111 3256 2148 eo
3309 2103 3557 2159 tempore.
3581 2103 3664 2154 quit

2143 2193 2416 2264 Αηορὴγιί
2509 2192 2782 2248 Israelitas
2849 2194 3288 2258 oppresserunt.
3329 2183 3522 2240 Gnarus
3574 2179 3653 2230 lor.

2145 2282 2325 2350 ipsum
2357 2297 2464 2352 qua
2495 2281 2640 2350 jure,
2675 2295 2780 2350 qua
2824 2277 3023 2348 injuria
3050 2291 3116 2330 ex
3154 2272 3390 2329 auctoris
3425 2269 3502 2324 sui
3530 2279 3659 2322 sensu

2145 2389 2419 2444 exponere
2446 2382 2500 2430 et
2530 2373 2668 2428 tueri
2707 2371 2862 2426 nisus
2883 2378 2986 2426 est.
3012 2369 3224 2423 Caetera
3254 2361 3523 2419 Eusebium
3555 2371 3664 2428 pra-

2144 2466 2485 2530 termittunt,
2518 2479 2680 2534 quem
2727 2461 3011 2519 vindicare
3074 2458 3431 2519 debuissent,
3458 2446 3664 2518 atquein

2147 2560 2250 2614 hoc
2291 2559 2526 2613 maxime
2566 2556 2838 2626 probare.
2888 2553 3031 2624 quod
3080 2551 3153 2606 ab
3207 2563 3274 2605 eo
3320 2556 3440 2607 est,
3475 2542 3514 2597 si
3561 2537 3662 2608 quid

2142 2652 2318 2715 alias,
2350 2658 2499 2705 recte
2540 2663 2605 2703 ac
2655 2647 2930 2718 sapienter
2968 2644 3024 2700 in
3062 2659 3127 2698 re
3147 2641 3508 2705 chronologica
3535 2643 3668 2683 exco-

2141 2735 2391 2817 gitatum.
2415 2741 2564 2809 Netnj
2586 2754 2619 2796 ο
2655 2717 2774 2793 cum
2807 2747 3020 2800 tempus
3047 2735 3400 2801 interceptam
3458 2725 3518 2778 ab
3556 2717 3669 2774 exitu

2141 2838 2313 2896 Israel.
2365 2830 2823 2906 de:.£gypto"ad
2843 2837 3092 2902 quartum
3154 2822 3448 2880 Salomonis
3488 2823 3669 2875 annum,

2143 2947 2248 3004 quo
2276 2930 2420 3000 jacta
2448 2936 2574 2984 sunt
2602 2924 2809 2997 Templi
2843 2921 3224 2981 fundamenta.
3251 2932 3318 2973 ex
3341 2907 3670 3004 libro’quidem

2146 2998 2406 3080 iudicum
2442 3021 2601 3078 annis
2630 3018 2965 3090 'quingentis
3007 3013 3303 3082 nonaginta
3352 3017 3466 3063 octo
3508 2998 3674 3057 consti-

463 3123 704 3179 Petitum
747 3125 809 3178 ad
847 3123 952 3179 LL.
989 3124 1154 3178 Attic.
1202 3140 1256 3194 ρ.
1298 3125 1389 3180 57.
1431 3125 1638 3191 Grzeca,
1683 3127 1896 3182 tametsi
1935 3127 2040 3181 Eu-
2069 3126 2112 3181 c
2145 3117 2278 3172 tisse
2311 3114 2667 3181 videatur,'in
2702 3111 2865 3194 tertio
2895 3118 3075 3164 autem
3125 3107 3334 3174 Regum
3371 3114 3483 3194 cap.
3509 3105 3672 3194 rusti-

465 3216 700 3272 sehi'anis
739 3232 852 3271 non
877 3232 1044 3285 usque
1084 3217 1221 3280 adeo
1255 3217 1391 3270 bene
1423 3218 1804 3287 respondeant,
1838 3235 1902 3273 ex
1935 3219 2043 3274 illis

467 3315 650 3362 tamen
689 3319 912 3377 accepta
948 3316 1211 3376 apparent
1248 3324 1262 3360 :
1306 3321 1404 3360 nos
1441 3306 1530 3362 illa
1565 3307 1728 3362 etiam
1763 3323 1872 3363 uno
1910 3308 2045 3363 alte-

467 3414 599 3455 rove
634 3400 754 3454 loco
789 3400 1168 3454 etnendamtts.

541 3491 661 3550 Col.
725 3491 848 3546 '5l'i'.
885 3491 1189 3546 Alexander
1264 3493 1443 3558 rapuit
1503 3489 1782 3544 Helenam.
1839 3489 2048 3544 Placuit

471 3587 768 3658 Scaligero,
801 3597 857 3642 ut
898 3597 949 3642 et
983 3587 1199 3642 Pi-ttero
1240 3585 1302 3640 ad
1341 3585 1492 3654 Regii
1535 3601 1637 3639 ms.
1687 3584 1866 3648 tidem,
1911 3585 2050 3639 hanc

472 3683 542 3736 de
575 3677 781 3734 Helena
815 3697 846 3734 a
886 3679 1084 3735 Paride
1120 3680 1350 3735 abducta
1387 3679 1700 3747 periocham
1735 3686 1856 3744 post
1886 3678 2051 3746 quin-

472 3789 579 3842 que
611 3773 793 3828 adhuc
823 3787 1019 3838 annos,
1044 3773 1157 3827 sive
1194 3773 1258 3825 ad
1288 3771 1352 3824 14
1384 3769 1798 3824 Atheniensium
1837 3768 2051 3833 referri,

474 3882 538 3922 ea
583 3867 793 3922 scilicet
824 3871 889 3920 de
917 3881 1104 3927 causa,
1147 3871 1204 3917 ut
1235 3864 1302 3917 ab
1335 3877 1400 3917 eo
1431 3872 1609 3931 raptu,
1649 3870 1703 3917 et
1743 3861 1882 3916 bello
1913 3862 2052 3930 quod

479 3968 838 4015 consecutum
880 3965 986 4020 est,
1018 3957 1084 4012 ad
1131 3955 1310 4025 Troja:
1359 3969 1544 4010 casum
1578 3970 1683 4007 non
1717 3953 1836 4022 plus
1863 3953 2058 4008 decen-

479 4052 570 4112 uio
602 4050 984 4105 intercederet.
1011 4051 1211 4103 Contra
1247 4062 1369 4116 ego.
1400 4055 1456 4100 et
1481 4061 1542 4100 ea
1565 4046 1785 4114 quidem
1831 4046 1896 4099 de
1923 4061 2058 4099 cau-

480 4156 565 4205 sa,
603 4141 915 4196 maluissem
952 4141 1066 4195 haec.
1101 4151 1334 4208 quatuor
1365 4137 1555 4193 saltem
1586 4135 1742 4190 annis
1771 4136 2058 4200 anteverti,

488 4233 783 4295 utabliinc
875 4231 1140 4286 vicesimo
1204 4231 1364 4300 Trcja
1447 4231 1705 4286 subversa
1770 4230 2060 4289 diceretur,

484 4325 780 4392 Enimvero
818 4325 1004 4380 decem
1043 4339 1219 4380 annos
1251 4325 1318 4381 ad
1351 4325 1476 4381 belli
1498 4336 1810 4396 apparatum
1835 4325 2062 4379 absum-

481 4429 609 4497 ptos
646 4426 801 4473 notat
843 4417 939 4474 Dio
970 4417 1397 4489 Chrysostomus
1428 4419 1577 4474 Orat.
1619 4435 1669 4474 xi
1700 4460 1716 4485 ,
1749 4426 1914 4488 atque
1942 4417 2056 4484 ipsa

479 4511 620 4582 apud
652 4510 946 4564 Homerum
983 4497 1134 4564 Iliad.
1193 4528 1262 4572 ω,
1301 4525 1444 4566 vers.
1479 4510 1585 4565 675
1640 4509 1861 4565 Helena.
1899 4506 2077 4578 paulo

483 4608 611 4656 ante
639 4598 790 4652 urbis
830 4597 1104 4653 excidium
1136 4597 1211 4652 ibi
1238 4599 1344 4668 jam
1377 4598 1445 4653 ab
1472 4598 1631 4653 annis
1664 4596 1851 4668 viginti
1882 4609 1944 4651 se
1985 4593 2061 4648 ait

482 4707 662 4765 agere,

487 4808 626 4876 ’Ἤδη
657 4806 764 4876 γὰρ
790 4803 885 4858 νῦν
913 4819 1003 4876 μοι
1025 4801 1143 4862 τόδε
1174 4797 1770 4876 οῑξοςετδνΑετος-ξσεὶνι

393 4939 401 4956 ε
496 4878 587 4932 Ἐξ
616 4868 684 4932 ὀὗ
718 4868 896 4929 δὶεἶοεν
919 4872 1073 4943 ἔϐην,
1107 4873 1200 4925 καὶ
1234 4870 1374 4940 ἐμῆς
1404 4868 1724 4938 ἀπελήλυθα
1753 4868 1998 4940 adeptis.

604 4994 710 5042 .lam
739 4990 870 5040 enim
898 5001 1026 5038 nunc
1045 4986 1162 5036 mihi
1188 4987 1265 5036 hic
1295 4983 1549 5042 vii-esinnts
1567 4995 1720 5033 annus
1741 4986 1840 5041 est,

609 5055 679 5114 Ex
709 5065 806 5114 quo
831 5054 925 5099 buc
950 5049 1084 5120 veni,
1109 5053 1161 5098 et
1188 5061 1248 5097 ex
1276 5061 1384 5096 mea
1424 5043 1616 5096 decessi
1643 5046 1813 5107 patria.

485 5159 711 5217 Interim
749 5156 862 5237 pari
894 5171 1084 5209 omnes
1113 5169 1383 5210 consensu
1413 5149 1640 5216 Palatini
1671 5166 1804 5206 mss.
1830 5156 2063 5216 quatuor

485 5263 540 5308 et
577 5249 826 5308 Sichardi
851 5246 1025 5303 editio
1069 5246 1374 5314 insequenti
1405 5259 1571 5307 anno,
1604 5242 1716 5298 sive
1752 5257 1901 5295 nunt.
1935 5237 2061 5300 821.

486 5351 604 5416 haec
637 5345 918 5402 ascribmtt
952 5357 971 5406 ;
1001 5348 1150 5404 notat
1178 5353 1306 5391 vero
1333 5336 1387 5390 in
1419 5337 1592 5404 primo
1619 5334 1867 5388 Palatino
1915 5331 2062 5385 anti-

486 5441 714 5511 quarius
740 5435 1138 5502 Saltiiasi:itttts,
1160 5429 1533 5499 Superscripta
1557 5429 1784 5482 historia.
1800 5426 1855 5479 in
1884 5425 2066 5478 codice

486 5533 706 5601 antiquo
737 5529 974 5582 ad-num.
1003 5523 1034 5578 6
1065 5521 1418 5592 Mycenarum
1457 5521 1699 5582 habetur,
1725 5534 1779 5571 tn
1819 5533 1948 5570 novo
1970 5531 2066 5582 po-

438 5616 441 5619 ’
486 5609 635 5690 pitur
654 5619 834 5674 ntltic.
860 5615 1098 5670 Omnino
1126 5621 1306 5679 autem
1331 5609 1465 5665 falso
1495 5610 1628 5692 legit
1677 5609 1791 5678 ipse
1821 5605 2066 5674 Scaliger

490 5715 547 5772 in
588 5722 740 5768 textu
785 5726 948 5764 causa
977 5695 1100 5761 belli
1132 5722 1229 5776 pro
1270 5720 1436 5758 causa
1479 5702 1632 5766 tituli,
1667 5699 1818 5756 aurei
1852 5699 2065 5756 scilicet

491 5803 849 5889 pomi,atquc,
871 5811 927 5858 ut
951 5805 1001 5857 in
1020 5797 1440 5862 Grztcodicitur,
1455 5797 1618 5851 ’ἕνεκα
1638 5793 1811 5866 μήλου
1839 5790 2061 5863 χρυσοῦο

2147 3209 2213 3266 lis
2282 3207 2697 3280 quadringentis
2755 3192 3035 3274 octoginta
3110 3200 3393 3256 definitum
3431 3193 3492 3246 sit
3528 3208 3540 3244 :
3575 3185 3675 3241 huic

2149 3303 2345 3357 minori
2377 3315 2627 3363 numero,
2653 3291 2797 3368 quod
2822 3309 3079 3366 expresse
3105 3293 3162 3347 in
3187 3291 3459 3359 Scriptura
3477 3291 3675 3344 notetur,

2150 3410 2280 3452 suas
2323 3393 2563 3449 rationes
2594 3398 2784 3460 aptare
2817 3403 2876 3446 se
2905 3376 3044 3440 velle
3075 3383 3369 3448 Eusebius,
3404 3372 3674 3432 luculentis-

2153 3487 2290 3542 sime
2321 3483 2598 3556 professus
2623 3491 2726 3538 est.
2753 3477 2910 3535 Nulla
2944 3493 3110 3548 porro
3147 3469 3494 3531 conciliandis
3545 3462 3677 3520 texti-

2155 3580 2253 3634 bus
2285 3553 2398 3631 erat
2429 3574 2650 3644 propior
2678 3572 2746 3627 ad
2809 3573 3090 3625 veritatem
3133 3568 3241 3634 via,
3272 3579 3429 3635 quam
3453 3560 3494 3615 si
3540 3553 3680 3611 servi.

2156 3669 2290 3725 tntis
2323 3667 2449 3723 anni
2490 3682 2612 3721 cum
2642 3663 3017 3736 proximorum
3052 3660 3310 3716 iudicum
3342 3654 3490 3712 annis
3518 3650 3679 3704 misce-

2155 3768 2350 3816 rentur
2381 3776 2395 3811 :
2429 3757 2666 3812 maxime
2704 3769 2828 3810 cum
2875 3753 3008 3822 ipsa:
3046 3750 3319 3806 calculum
3376 3744 3678 3800 Hebraeorum

2160 3849 2480 3906 traditiones
2530 3847 2812 3902 adderent.
2850 3845 2930 3899 Ab
2963 3844 3068 3898 hoc
3099 3851 3288 3897 autem
3335 3838 3468 3901 loco,
3507 3849 3563 3886 ex
3598 3840 3683 3898 quo

2160 3942 2522 4000 Ammonitica
2551 3981 2567 4002 ,
2599 3955 2692 3994 seu
2739 3937 2930 4006 quinta
2985 3933 3227 3989 servitus
3295 3929 3596 3988 inchoatur,
3635 3929 3685 3970 ac

2159 4037 2435 4104 deinceps,
2464 4048 2587 4089 cum
2628 4031 2697 4086 de
2731 4037 2882 4086 sexta
2938 4027 3145 4084 dicitur
3177 4067 3194 4092 ,
3238 4023 3352 4078 sive
3396 4012 3683 4073 Philistina.

2133 4143 2135 4145 ‘
2161 4129 2321 4197 longe
2353 4123 2734 4195 gravissimum
2766 4119 2938 4191 ipsius
2970 4117 3274 4188 Scriptura:
3316 4111 3683 4168 monumentum

2165 4219 2398 4280 accedit,
2430 4232 2552 4288 quae
2577 4229 2769 4271 eorum
2794 4211 3022 4281 tempori
3052 4211 3296 4281 quietem
3325 4204 3516 4262 nullam
3545 4200 3688 4264 impu-

2166 4322 2263 4380 tat,
2302 4325 2404 4367 nec
2432 4309 2580 4365 addit
2609 4307 2853 4366 solemne
2886 4303 3055 4360 illud'
3081 4310 3252 4384 γῆμε-ι
3279 4307 3474 4381 mpm
3501 4288 3688 4384 quievit-

2165 4419 2262 4474 que
2280 4412 2420 4457 terra
2449 4417 2465 4455 :
2493 4410 2547 4456 et
2578 4398 2810 4454 Samson
2837 4408 3013 4452 tamen
3029 4380 3309 4465 judicasse
3325 4391 3528 4457 dicitur.
3545 4385 3590 4438 in
3605 4380 3688 4434 die-
3711 4429 3720 4474 τ

2169 4463 2262 4551 (ius
2284 4493 2574 4550 Philistiim
2605 4490 2790 4563 uiginti
2813 4491 2988 4544 annis.
3021 4463 3399 4544 Consentanea
3420 4489 3611 4551 quoque
3623 4463 3728 4526 esti

2167 4590 2258 4645 illa
2289 4585 2608 4658 bypothesis
2629 4583 2828 4640 rationi
2865 4589 3028 4652 atque
3055 4579 3320 4643 historiae,
3351 4588 3466 4646 quae
3491 4570 3549 4624 ad
3571 4565 3690 4622 hunc

2165 4679 2299 4736 satis
2319 4677 2604 4734 commode
2628 4675 2846 4731 modum
2871 4673 3196 4741 exponitur:
3223 4663 3579 4728 Ammonitica
3595 4670 3692 4713 ser-

2167 4782 2309 4827 vitus
2337 4784 2602 4824 annorum
2641 4767 2707 4821 l8
2733 4765 2898 4822 Jairis
2940 4766 3130 4831 quinto
3167 4776 3312 4817 anno
3347 4759 3684 4827 cmpit,quan-

2165 4879 2325 4933 quam
2362 4861 2432 4915 ab
2461 4859 2703 4929 ejusdem
2744 4857 2816 4912 22
2849 4855 3098 4910 absoluta
3131 4861 3240 4914 est,
3265 4849 3452 4920 Jephte
3477 4841 3684 4899 vindice.

2166 4955 2253 5010 cui
2290 4955 2342 5008 in
2369 4952 2776 5007 Galaaditarum
2824 4949 3087 5020 regimine
3125 4947 3363 5007 Abesan,
3387 4938 3613 5010 Ahialon,
3642 4937 3687 4984 et

2095 5101 2116 5107 ,
2171 5049 2356 5106 Δὺύοη
2403 5063 2546 5102 unus
2575 5052 2698 5114 post
2735 5043 2900 5098 alium
2949 5046 3354 5098 successerunt.
3410 5034 3488 5088 Ab
3532 5028 3688 5085 eodem

2168 5139 2431 5210 temporis
2461 5137 2768 5199 intervallo.
2801 5135 2907 5190 alia
2940 5123 3046 5190 sub
3085 5128 3427 5188 Philisthinis
3469 5120 3688 5199 servitus.

2168 5251 2296 5305 quae
2328 5233 2426 5287 fuit
2459 5244 2726 5288 annorum
2765 5227 2856 5290 40.
2908 5226 2963 5280 in
2999 5225 3121 5280 aliis
3155 5222 3402 5277 tribubus
3449 5212 3686 5305 agebatur,

2169 5303 2369 5398 quibus
2402 5334 2459 5381 et
2491 5325 2580 5378 alii
2611 5321 2835 5377 Judices
2871 5325 3160 5390 praeerant.
3198 5313 3334 5368 Puta
3375 5311 3505 5398 hanc
3547 5303 3687 5398 ipsam

2168 5397 2238 5476 ab
2276 5433 2360 5482 eo,
2394 5429 2555 5488 quem
2613 5412 2854 5468 diximus
2901 5407 3066 5464 Jairis
3104 5405 3298 5476 quinto
3342 5397 3606 5463 incepisse.
3633 5403 3688 5442 st-

2171 5510 2390 5580 quidem
2441 5521 2549 5561 uno
2577 5513 2811 5573 utraque
2839 5503 3073 5558 servitus
3121 5501 3374 5553 contextu
3406 5491 3689 5580 memoratur

2169 5573 2350 5659 indic.
2405 5616 2465 5668 x,
2506 5599 2562 5666 7,
2596 5607 2666 5674 et,
2687 5611 2832 5651 anno
2863 5595 3081 5650 demum
3111 5603 3262 5646 nono
3291 5582 3530 5674 Διιίιιοπι,ἶ
3558 5573 3688 5674 Satn-

2171 5695 2321 5752 sonis
2356 5662 2555 5749 ultimo
2595 5671 2848 5745 desiisse.
2882 5688 2997 5744 llnc
3037 5688 3195 5756 pacto
3227 5683 3367 5737 intra
3400 5662 3688 5744 quadrati"-

2173 5797 2226 5844 ta
2270 5800 2460 5842 novem
2493 5796 2760 5841 annorum
2793 5779 3048 5852 spatium,
3077 5774 3130 5833 id
3157 5781 3245 5831 est
3297 5771 3430 5827 intra
3470 5760 3684 5829 quintum
