3964 6186
194 333 304 394 823

1462 333 1561 397 VA
1571 333 1880 396 LLARSH
1896 327 2167 400 'NOTIE.

3342 339 3454 406 830

192 453 489 515 videretur,
529 459 678 505 certe
725 447 794 504 ad
842 449 1070 508 exitium
1115 448 1429 510 Graecorum
1463 450 1663 506 ducum
1708 453 1762 508 in
1795 463 1841 520 Α
1869 453 2331 524 quemadmodum
2357 453 2522 511 etiam
2548 456 2750 511 cecinit
2784 454 3102 527 Propertius
3125 456 3448 526 Elegiarum

190 543 374 610 Troia:
424 543 700 598 excidium
755 544 950 600 Aulide
997 544 1438 614 coniuratorum,
1473 545 1563 598 ubi
1615 544 1765 614 Aga-

187 652 472 702 memnon,
509 637 693 692 nescio
741 653 808 691 an
842 635 1108 702 furiosus,
1159 645 1218 692 ut
1247 635 1434 690 Stoico
1473 636 1767 694 Horatiano

185 733 364 796 visus,
399 731 542 783 haud
575 729 741 784 dubie
787 729 929 783 male
959 744 1125 786 sanus
1161 729 1282 782 tiliae
1317 729 1761 803 suatlphigenite

186 820 589 879 immolatione.
633 819 684 874 id
713 829 817 883 est,
853 835 955 873 suo
982 820 1245 890 sanguine
1278 819 1411 875 deos
1482 835 1564 879 sc.
1607 836 1766 887 paca-

183 921 364 974 verat,
411 920 505 964 aut
547 911 731 966 verius
765 909 1093 963 irritaverat.
1136 909 1298 978 Atqul
1335 908 1602 975 Scaliger.
1649 910 1767 965 sive

184 1003 551 1057 diuturnioris
576 1017 737 1057 mora'.
756 1001 1046 1060 Menesthei
1073 1003 1127 1054 in
1151 999 1288 1054 Melo
1306 1001 1765 1070 probabilitatem,

184 1097 304 1150 sive
331 1094 561 1164 alicujus
583 1095 796 1164 antiqui
824 1094 1156 1162 exemplaris
1181 1095 1440 1148 Cbronici
1468 1093 1763 1152 Eusebiani

185 1187 354 1242 Iidem
384 1187 547 1255 (quod
579 1186 646 1239 ad
682 1185 1018 1242 liberandam
1054 1185 1217 1238 fidem
1257 1199 1410 1237 suam
1441 1185 1768 1254 prudentius

183 1278 339 1334 haud
392 1277 703 1348 tacuisset),
753 1278 869 1330 sive
917 1277 1314 1344 Excerptornm
1347 1273 1768 1330 Barbare-Lati-

181 1385 386 1424 norum
421 1366 739 1422 Menestheo
768 1361 1159 1420 ascribentium
1191 1363 1570 1423 tantummodo
1590 1364 1766 1418 l9an-

181 1475 290 1516 nos
325 1461 704 1514 auctoritatem
741 1457 1109 1526 aliquousque
1154 1458 1349 1512 Saltem
1382 1465 1632 1520 secutus,
1668 1472 1768 1524 pro

164 1565 248 1610 eo
273 1550 423 1619 quod
456 1551 732 1606 Pontarus
779 1548 833 1601 in
878 1548 1140 1602 omnibus
1187 1549 1304 1607 suis
1337 1547 1763 1614 exemplaribus,

179 1658 307 1711 quae
328 1651 485 1696 erant
511 1655 641 1696 sane
671 1641 924 1710 plurima,
957 1640 1104 1710 legit,
1160 1655 1320 1707 usque
1353 1640 1420 1692 ad
1479 1640 1763 1707 captivita-

180 1745 287 1788 tem
323 1733 514 1804 Trojaz,
545 1743 595 1788 et
624 1751 786 1802 usque
815 1735 884 1794 ad
907 1734 977 1786 23
1031 1747 1226 1785 annum
1268 1730 1569 1793 Menesthei,
1605 1731 1763 1785 habet

1867 556 2080 615 quarto.
2105 586 2119 601 .
2143 589 2157 603 .
2186 588 2200 602 .
2223 589 2236 602 .
2265 586 2281 604 .
2317 546 2563 602 Danaum
2593 549 2796 603 decimo
2855 564 2974 603 vere
2997 550 3200 603 redisse
3254 549 3411 604 dum
3435 563 3456 607 _‘
3517 581 3524 588 -

1867 638 2012 708 quod
2041 639 2166 694 item
2198 655 2394 698 novem
2449 639 2626 710 pullos
2657 639 2972 708 passerinos
2997 639 3197 698 Aulide
3247 655 3280 694 a
3333 657 3454 695 sero

1865 739 2029 800 pente
2055 729 2346 786 devoratos
2373 732 2742 800 portendisse,
2779 732 3031 804 praedixit
3055 731 3285 788 Calchas
3304 740 3453 789 vates

1866 820 2194 876 Homericus
2227 819 2397 877 lliade
2426 823 2693 878 secunda.

1939 933 2064 989 Haec
2085 937 2152 989 de
2187 933 2456 990 industria
2489 933 2755 1005 (tametsi,
2795 944 2854 989 ut
2897 935 3048 989 vides
3091 935 3247 990 haud
3294 949 3451 1005 aeque

1867 1029 2027 1085 nobis
2043 1029 2225 1082 omnia
2259 1029 2577 1096 probentur.
2605 1027 2904 1082 dixerimus
2927 1035 3130 1089 autem,
3157 1028 3285 1098 quid
3316 1042 3450 1083 vero

1867 1122 2090 1188 prepius
2134 1118 2402 1185 videatur)
2469 1119 2721 1187 ipsismet
2801 1118 3086 1173 doctorum
3150 1120 3431 1172 hominum

1873 1213 2057 1267 verbis
2093 1213 2200 1266 huc
2231 1211 2538 1275 retulimus,
2576 1216 2654 1266 'ut
2687 1213 2954 1280 integrum
2991 1211 3180 1264 lectori
3229 1210 3451 1265 demum

1867 1307 1960 1368 sit,
1999 1307 2051 1358 in
2094 1320 2256 1374 quam
2290 1306 2440 1358 malit
2471 1307 2584 1374 ipse
2616 1305 2947 1360 sententiam
2979 1302 3313 1358 concedere.

1939 1439 2076 1495 ibid.
2113 1441 2204 1496 23.
2239 1443 2338 1494 An.
2376 1435 2447 1494 23
2490 1440 2791 1496 Menesthei.
2855 1440 3016 1500 Falso
3067 1441 3121 1499 in
3185 1440 3454 1509 Scaligeri

1867 1531 2107 1586 editione
2134 1532 2350 1603 legitur.
2403 1549 2564 1602 usque
2614 1532 2684 1584 ad
2739 1533 3282 1596 vicesimmnannstm,
3326 1539 3451 1588 tan-

1871 1634 2006 1679 tum.
2038 1625 2221 1688 Error,
2255 1642 2413 1694 quem
2456 1627 2660 1681 dudum
2698 1625 2956 1695 Lydiatus
3008 1626 3344 1695 exagitabat,
3376 1639 3445 1678 ex

1870 1719 1984 1785 ipsa
2037 1721 2340 1786 temporum
2411 1718 2874 1787 dinumeratione,
2931 1729 2988 1776 et
3043 1719 3453 1788 comparatione

181 1829 564 1883 tantummodo
597 1868 610 1886 .
633 1843 795 1896 usque
817 1825 884 1878 ad
913 1825 1211 1881 vicesimum
1229 1839 1426 1876 annum
1463 1820 1767 1884 Menesthei.
1808 1803 1846 1856 Β
1876 1810 2016 1864 inter
2036 1827 2092 1864 se
2123 1811 2342 1879 epochte
2376 1811 2694 1879 utriusque.
2737 1811 2927 1878 liquet.

177 1919 471 1974 Putassem
505 1919 754 1986 equidem
787 1916 1105 1988 typographi
1132 1923 1386 1970 erratum
1446 1912 1643 1974 fuisse,
1668 1911 1771 1965 nisi

174 2013 347 2067 etiam
376 2013 429 2064 in
465 2010 906 2066 annotationibus
934 2009 1074 2064 idem
1103 2007 1386 2076 repetitum
1419 2003 1772 2069 invenissem,

177 2107 248 2159 ad
284 2106 591 2158 vicesimum
619 2120 815 2158 annum
843 2102 1145 2157 Menesthei.
1180 2099 1383 2155 Verum
1427 2099 1599 2152 donec
1661 2112 1774 2157 ma-

179 2195 444 2251 nifestior
476 2205 529 2249 et
549 2197 751 2250 certior
783 2193 1042 2247 reddatur
1076 2193 1214 2246 ratio
1257 2189 1568 2252 retrahendi
1627 2188 1775 2244 exci-

179 2287 334 2342 dium
371 2287 452 2342 llii
487 2287 554 2340 ad
589 2285 909 2340 vicesimum
943 2300 1142 2337 annum
1203 2281 1520 2344 Menesthei,
1568 2280 1647 2334 vel
1675 2281 1774 2333 ali-

178 2383 330 2450 quod
395 2381 668 2450 antiquius
726 2377 1000 2447 exemplar
1072 2377 1125 2431 in
1183 2376 1359 2430 lucem
1413 2374 1770 2444 proferatur,

178 2473 331 2538 quod
359 2474 432 2526 ita
469 2473 732 2539 scriptum
782 2470 1000 2534 habt-at,
1033 2467 1345 2523 Menestheo
1375 2466 1429 2520 in
1489 2465 1772 2534 Excerptis

180 2565 464 2632 ascriptus
527 2577 702 2616 annos
763 2577 849 2614 xtx
890 2575 1076 2614 errore
1129 2558 1340 2614 numeri
1390 2557 1603 2626 (quales
1660 2555 1774 2612 fere

181 2655 460 2711 innumeri
487 2655 538 2708 in
562 2655 630 2708 iis
663 2663 982 2722 occurrunt)
1011 2651 1322 2706 existimare
1349 2649 1495 2711 licet,
1528 2663 1628 2718 pro
1656 2662 1769 2713 ut,

179 2745 523 2813 transposita
556 2742 782 2798 unitatis
822 2751 968 2801 nota.
1004 2740 1248 2808 inquam,
1277 2737 1613 2806 undeviginti
1670 2753 1771 2806 pro

179 2849 300 2889 uno
329 2843 387 2888 et
406 2833 618 2904 viginti,
657 2832 944 2902 completis
967 2847 1144 2900 usque
1176 2830 1243 2886 ad
1275 2839 1489 2896 captam
1525 2827 1770 2900 Trojam,

181 2925 316 2979 inde
348 2935 530 2977 autem
583 2924 648 2977 ad
707 2923 1209 2992 compensationem
1279 2923 1506 2982 duorum
1565 2929 1772 2990 pes-tre-

180 3032 404 3071 morum
433 3016 485 3070 in
503 3013 778 3070 Chronico
797 3014 1106 3068 Eusebiano
1136 3013 1183 3068 ei
1209 3013 1596 3082 ascriptorum,
1631 3028 1770 3081 quos

1947 1948 2087 2004 lbid.
2119 1947 2276 2003 Fiunt
2305 1949 2435 2000 anni
2481 1947 2608 2002 375.
2659 1947 2836 2016 Atque
2884 1946 2971 2000 hic
3020 1945 3160 2000 falso
3207 1944 3454 2014 Scaliger

1877 2055 2050 2094 annos
2084 2049 2340 2108 supputat
2368 2039 2473 2094 585
2507 2057 2604 2107 pro
2655 2039 2787 2093 solis
2813 2039 2939 2093 575.
2990 2037 3196 2106 Nempe
3246 2037 3456 2092 tricesi-

1878 2147 1997 2185 mus
2036 2131 2257 2198 quintus
2319 2130 2716 2194 annus-Musis,
2771 2145 2950 2184 annus
2995 2137 3079 2184 est
3133 2127 3458 2183 Abrahami-

1877 2226 2019 2280 tieus
2055 2224 2182 2288 560.
2215 2240 2245 2280 a
2274 2239 2383 2292 quo
2404 2225 2659 2292 Cecropis
2681 2225 2732 2277 in
2779 2223 2956 2277 Attica
2983 2237 3205 2292 regnum
3259 2221 3456 2290 auspi-

1876 2329 2053 2374 catur.
2097 2317 2243 2378 idem
2275 2316 2449 2384 liquet
2485 2327 2536 2369 et
2572 2331 2636 2368 ex
2679 2316 2768 2369 illa
2799 2315 3181 2369 conciliatione
3231 2313 3454 2380 epochat

1876 2409 1930 2466 in
1962 2410 2186 2464 adversa
2227 2409 2458 2480 pagella,
2491 2409 2580 2462 ubi
2637 2425 2666 2462 a
2709 2409 2992 2463 nativitate
3025 2407 3189 2463 Mosis
3221 2409 3285 2460 ad
3308 2408 3454 2461 hunc

1877 2501 2019 2556 diem
2055 2502 2183 2554 anni
2217 2513 2577 2555 numerantur
2615 2501 2739 2564 H0,
2803 2517 2830 2553 a
2877 2500 3074 2570 quibus
3104 2501 3147 2555 si
3195 2499 3329 2554 istos
3382 2499 3454 2554 35

1873 2591 2152 2655 detrahas,
2185 2592 2376 2660 reliqui
2405 2605 2563 2646 erunt
2586 2592 2711 2646 575.

1941 2745 2063 2800 Col.
2098 2745 2223 2799 3l7.
2259 2745 2498 2800 Timoris.
2542 2743 2694 2798 Adde
2735 2742 2851 2813 jam
2929 2743 3122 2796 ist‘haac
3180 2741 3267 2797 bis
3329 2756 3454 2810 qute

1873 2832 2195 2889 dicebamus
2231 2834 2392 2902 paulo
2425 2833 2681 2904 superius
2713 2835 2778 2887 de
2809 2832 3043 2888 Thuori.
3085 2830 3222 2886 Eum
3249 2831 3318 2884 cl.
3353 2829 3452 2884 Pe-

1872 2927 2117 2986 rizonius
2151 2927 2332 2996 petitis
2353 2942 2514 2995 quam
2557 2941 2680 2984 cum
2750 2925 2952 2995 Polybo
3014 2924 3259 2987 Homeri,
3313 2938 3452 2977 con-

1873 3019 2015 3074 ferre
2047 3035 2158 3072 mat
2173 3019 2252 3071 ult
2294 3034 2415 3080 cum
2439 3018 2634 3082 Tboni,
2660 3031 2831 3085 quem
2866 3017 3005 3071 idem
3021 3025 3177 3085 poeta
3199 3013 3394 3083 Odyss.
3424 3015 3454 3068 δ

181 3109 235 3165 in
266 3110 450 3165 reditu
483 3125 512 3162 a
547 3107 729 3177 Troia,
754 3118 807 3162 et
839 3119 1094 3178 tanquam
1134 3107 1291 3164 exsul
1336 3107 1386 3161 in
1434 3106 1568 3164 Melo
1592 3105 1767 3164 insula
1797 3147 1842 3205 ο
1871 3111 1979 3166 228
2009 3121 2293 3164 memorat:
2339 3113 2390 3164 in
2423 3125 2584 3177 quem
2615 3110 2796 3171 locum
2830 3107 3170 3170 Eustathius,
3224 3105 3450 3168 Ferunt.

181 3202 581 3270 absumpserit,
611 3202 878 3272 aseriptos
927 3214 1050 3254 esse
1085 3199 1306 3252 totidem
1363 3198 1547 3268 plures
1586 3197 1762 3266 (vide-

179 3295 314 3349 licet
352 3293 423 3349 55
459 3308 556 3363 pro
605 3292 695 3361 33)
727 3307 894 3360 regno
948 3290 1360 3362 DemOphontis,
1399 3289 1492 3359 qui
1553 3290 1761 3344 interea

179 3386 420 3441 Athenis
470 3383 646 3454 patrio
691 3399 856 3452 regno
912 3383 1283 3451 recuperando
1337 3391 1389 3437 et
1436 3381 1764 3436 stabiliendo

179 3484 486 3543 occupatus
513 3466 634 3538 fuit,
667 3474 896 3543 ideoque
929 3473 1148 3542 perinde
1199 3488 1266 3528 ac
1327 3473 1468 3527 inter
1493 3473 1586 3536 20,
1647 3472 1765 3527 sive

178 3566 238 3619 2|
277 3573 338 3618 et
368 3565 437 3618 33
469 3564 705 3620 medium
747 3563 903 3632 ferit;
938 3565 1065 3618 item
1117 3563 1458 3622 verissimum
1515 3573 1762 3633 apparet,

179 3661 332 3726 quod
365 3657 666 3712 Marmorea
722 3656 993 3714 Chronico
1048 3655 1424 3726 significatur.
1477 3668 1624 3709 anno
1659 3653 1767 3708 Me-

180 3749 406 3804 nesthei
436 3749 680 3805 secundo
704 3764 868 3819 supra
938 3749 1258 3803 vicesimum
1287 3745 1501 3820 Troiam
1548 3757 1762 3817 captam

177 3840 517 3906 esse;quod
547 3839 868 3894 etiam-alibi
921 3839 1060 3894 idem
1125 3839 1385 3908 Scaliger,
1449 3853 1762 3910 quanquam

179 3930 526 4002 imprudens,
569 3930 827 4000 suffragio
877 3944 978 3984 suo
1030 3928 1368 3999 comprobat,
1429 3944 1626 3999 nempe
1676 3945 1764 3984 se,

179 4024 368 4081 eundo
411 4024 550 4092 libro
601 4023 886 4086 Canonum
949 4021 1370 4098 Isagogicorum,
1427 4022 1604 4094 capite
1651 4030 1764 4076 ter-

179 4122 298 4186 tio,
359 4119 414 4174 in
472 4120 659 4187 prima:
719 4117 1134 4176 Atheniensium
1217 4119 1479 4192 dynastis:
1537 4137 1760 4191 regnum

184 4208 496 4275 Catalogo,
569 4223 823 4262 asserens
876 4209 1183 4263 Menesthei
1240 4222 1384 4266 anno
1459 4212 1764 4280 penultimo

186 4298 330 4352 Ilion
389 4299 625 4352 deletum
675 4313 816 4362 esse,
878 4298 1036 4362 modo
1083 4298 1409 4372 intelligatur
1466 4301 1763 4371 penultimo

175 4402 310 4446 ante
383 4391 506 4444 vitae
561 4391 721 4444 linem
791 4391 1196 4461 contingentem
1277 4390 1435 4462 quasi
1492 4393 1762 4463 completo

1876 3203 1974 3268 ait,
2010 3203 2180 3271 ipsum
2211 3218 2382 3270 regem
2419 3201 2578 3269 fuisse
2605 3199 2783 3266 isthic,
2811 3199 2901 3254 ubi
2928 3199 3125 3253 ostium
3163 3205 3282 3250 erat
3329 3194 3450 3249 Nili

1863 3293 2023 3363 juxta
2052 3293 2344 3358 Canobum,
2366 3303 2414 3346 et
2444 3293 2764 3354 inventorem
2790 3291 3062 3350 medicina:
3083 3288 3228 3358 apud
3279 3289 3456 3358 Αἰθυ-

1871 3387 2031 3454 ptios.
2062 3385 2138 3438 Ab
2170 3402 2228 3439 eo
2252 3386 2578 3455 appellatum
2613 3385 2975 3452 isthicqnoque
3007 3381 3279 3452 Oppidum,
3316 3379 3456 3434 Tho—

1872 3479 1986 3542 nin,
2015 3487 2065 3531 et
2090 3480 2319 3546 primum
2347 3478 2490 3544 apud
2520 3476 2802 3544 [Egyptimt
2834 3491 3062 3530 mensem
3095 3473 3249 3529 Toth.
3277 3473 3447 3527 Vide—

1874 3577 1962 3620 tur
1989 3574 2170 3619 autem
2208 3565 2296 3618 hic
2325 3565 2494 3618 docto
2551 3567 2664 3617 viro
2713 3564 3052 3618 confundere
3085 3563 3356 3625 Thuorin.
3391 3572 3448 3617 et

1874 3655 2164 3718 Athotbin,
2196 3656 2291 3728 qni
2327 3655 2466 3722 apud
2502 3655 2817 3722 Syncellum
2847 3654 3098 3722 proxime
3132 3664 3254 3722 post
3289 3653 3437 3705 illum

1873 3746 2088 3814 positus
2120 3746 2412 3813 reperitur,
2446 3755 2500 3799 et
2549 3748 2614 3796 ad
2651 3749 2795 3797 hunc
2841 3743 3067 3803 referre,
3099 3759 3217 3811 qua:
3262 3743 3444 3796 illane-

1874 3839 1967 3893 tho
1998 3839 2066 3892 de
2093 3838 2486 3908 antiquissimo
2512 3837 2764 3899 Athothi,
2803 3835 2975 3890 Menis
3008 3834 3166 3904 primi
3197 3835 3444 3888 omnium

1872 3931 2014 4001 regis
2045 3930 2178 3995 lilio,
2211 3942 2263 3984 et
2293 3931 2478 3999 primae
2501 3929 2769 3999 dynastis!
2799 3929 3043 3984 secundo
3077 3942 3220 3999 rege,
3257 3928 3444 3981 tradit:

1871 4022 2080 4075 scilicet
2147 4023 2379 4090 primum
2447 4021 2700 4089 ἰατρικὴν
2767 4019 3092 4088 ἐξασκῆσαι,
3134 4019 3447 4073 medicinam

1882 4114 2196 4179 excoluisse,
2235 4122 2286 4167 ct
2309 4111 2454 4180 quod
2490 4114 2646 4183 vulgo
2680 4112 3016 4178 perhibetur,
3047 4110 3230 4166 Thoth
3264 4111 3438 4168 mensi

1872 4224 2069 4262 nomen
2113 4207 2458 4276 imposuisse.
2495 4206 2762 4262 Caeterum
2796 4215 2852 4266 et
2885 4205 3085 4264 Strabo
3119 4206 3217 4264 lib.
3248 4221 3264 4258 ι
3296 4205 3446 4259 Tbo-
3539 4235 3546 4242 -

1871 4299 1964 4354 nin
1994 4311 2150 4354 vocat
2169 4298 2554 4371 Egyptiorum
2577 4299 2890 4372 dynastatn,
2915 4299 3009 4364 qui
3039 4297 3336 4350 Menelaum
3362 4307 3420 4349 at
3447 4324 3449 4328 ι

1870 4410 1977 4465 que
2018 4393 2278 4450 llelenam
2309 4393 2546 4464 hospitio
2586 4391 2920 4462 susceperit.
2965 4388 3166 4444 Verum
3217 4403 3326 4450 non
3359 4403 3456 4440 re».

173 4481 449 4536 vicesimo
478 4481 639 4535 tertio
679 4496 825 4535 anno
857 4481 1012 4550 regni
1058 4481 1142 4536 sui
1169 4480 1364 4549 initio;
1395 4483 1594 4554 alioqui
1633 4499 1761 4538 vero
1793 4504 1841 4559 ι)
1872 4503 1992 4558 gem
2023 4503 2144 4542 cum
2177 4487 2366 4549 fuisse,
2396 4486 2488 4540 sed
2554 4486 2623 4540 ab
2648 4501 2799 4556 rege,
2850 4484 2937 4540 cui
2966 4471 3197 4538 Proteus
3247 4495 3445 4536 nomen

172 4569 332 4639 juxta
407 4570 706 4624 Clementis
766 4569 1120 4625 Alexandrini
1190 4581 1466 4637 auctores,
1527 4572 1760 4629 ultimo:

175 4660 627 4730 quandoquidem
665 4662 810 4714 circa
875 4661 1089 4716 initium
1124 4661 1252 4716 anni
1313 4661 1387 4716 22
1438 4679 1501 4718 ac
1553 4675 1766 4732 tempus

175 4760 359 4821 capta
395 4748 598 4820 Τι-υῇαι,
633 4767 820 4806 revera
889 4767 1060 4823 regno
1092 4753 1382 4832 exciderit,
1439 4763 1624 4823 utpote
1672 4771 1766 4810 oc-

176 4853 386 4910 cupato
425 4860 451 4894 a
492 4844 880 4918 Detnopbonte,
938 4845 1096 4900 annis
1145 4844 1237 4908 33,
1293 4846 1445 4912 juxta
1495 4845 1764 4916 Excerpta

176 4945 314 4990 ante
342 4934 502 4991 finem
540 4939 689 5008 regni
717 4949 770 4992 et
803 4938 922 4991 vita:
974 4937 1156 5008 hujus.
1194 4936 1355 5007 Troia
1398 4938 1579 5007 itaque
1608 4949 1764 5012 capta

176 5038 264 5084 est
297 5045 442 5084 anno
463 5029 534 5083 2‘2
567 5029 713 5100 regni
745 5028 1067 5095 Menesthei,
1092 5044 1156 5083 ac
1203 5029 1309 5085 455
1347 5039 1474 5084 ante
1502 5031 1764 5100 epocbam

175 5118 737 5194 Olympieatn,'juxta
788 5135 1147 5175 marmoream
1200 5121 1635 5190 inscriptionem.
1673 5121 1770 5176 Se-

180 5230 284 5268 rus
317 5223 502 5267 autem
535 5211 756 5266 domum
791 5212 1001 5266 reditus
1047 5210 1362 5265 Graecorum
1396 5209 1595 5265 ducum
1646 5219 1768 5279 post

178 5314 404 5374 captam
439 5303 663 5372 Troiam
729 5302 925 5367 effecit,
999 5313 1060 5357 ut
1109 5302 1438 5356 decennium
1498 5302 1764 5370 integrum

177 5397 332 5451 bello
389 5395 626 5462 Troiano
682 5395 1081 5463 imputaretur;
1132 5409 1440 5463 quanquam
1497 5403 1620 5463 post
1671 5407 1802 5448 no-'

179 5490 452 5542 vennium
512 5495 765 5540 exactum
823 5492 977 5553 capta
1037 5484 1222 5547 fuerit,
1291 5485 1588 5553 adultoque
1642 5499 1769 5540 vere

178 5578 288 5635 sub
335 5577 552 5633 initium
604 5577 815 5632 aestatis
849 5575 978 5630 anni
1032 5574 1230 5630 decimi
1279 5575 1348 5631 ab
1400 5591 1466 5630 eo
1513 5587 1769 5646 suscepto

182 5685 373 5741 nuper
400 5668 626 5738 incepti,
655 5677 812 5738 capta
844 5667 1101 5723 etexcisa
1151 5667 1305 5734 urbe,
1356 5667 1565 5722 reditus
1614 5668 1771 5720 insti-

183 5772 368 5827 tutus,
402 5760 627 5833 perinde
659 5760 732 5817 uti
759 5758 1062 5816 Marmoreo
1099 5759 1373 5816 Chronico
1393 5759 1762 5834 signiﬁcatur:

1869 4591 2010 4642 erat,
2045 4579 2186 4634 ostio
2213 4577 2528 4636 Canobitieo
2547 4577 2889 4650 prtefectum,
2920 4576 3114 4633 scribit
3141 4575 3466 4633 Herodotus.

1871 4672 1923 4724 iu
1956 4673 2210 4738 Euterpe.
2241 4667 2340 4724 llic
2371 4669 2508 4732 adeo
2539 4679 2757 4733 auctor.
2795 4675 2850 4724 et
2890 4667 3161 4724 Diodorus
3204 4678 3443 4736 quoque,

1869 4760 2064 4815 Protea
2098 4759 2444 4832 Mcmphitcm
2510 4774 2695 4832 regem
2731 4759 2892 4814 istius
2939 4757 3200 4826 temporis
3231 4771 3458 4814 meme;

1876 4860 2004 4905 rant
2029 4851 2169 4918 apud
2220 4850 2530 4920 IEgyptios,
2588 4851 2656 4903 ad
2697 4865 2858 4918 quem
2911 4847 3066 4909 missi
3109 4847 3311 4902 fuerint
3349 4847 3478 4902 abs.

1870 4940 2046 4995 Thoni
2082 4942 2232 5004 Paris
2257 4951 2420 5012 atque
2452 4940 2673 4996 Helena.
2710 4939 2865 4994 lianc
2899 4955 3100 5008 nempe
3123 4953 3250 4993 eum
3288 4939 3449 4993 Pari-

1869 5035 1956 5094 de.
1995 5031 2294 5094 Herodotus
2320 5047 2440 5102 cap.
2471 5032 2573 5087 116
2605 5041 2814 5093 narrat,
2847 5031 3066 5100 degisse
3099 5031 3152 5084 in
3187 5029 3476 5102 (Egypto,_

1886 5137 1996 5190 quo
2039 5131 2280 5202 tempore
2312 5120 2476 5189 Troia
2503 5122 2726 5176 obsessa
2775 5130 2829 5179 et
2853 5125 3021 5190 Icapta
3058 5131 3144 5175 est
3175 5137 3191 5178 :
3221 5120 3270 5174 td
3301 5117 3452 5189 quod

1871 5211 2116 5280 Troianis
2171 5215 2317 5272 omni
2375 5229 2498 5268 cum
2559 5213 2967 5267 asseveratione
3048 5211 3466 5268 allirmantihus.

1868 5306 2040 5362 Graeci
2094 5321 2368 5376 nunquam
2429 5305 2623 5361 adduci
2668 5316 2968 5377 potuerunt
3014 5317 3072 5361 ut
3115 5307 3443 5363 crederent.

1871 5399 2165 5454 Enimvero
2189 5414 2257 5454 ne
2287 5400 2402 5469 ipse
2427 5398 2647 5470 quidem
2680 5401 2868 5455 credo:
2893 5399 3052 5462 velim
3079 5399 3240 5456 modo
3267 5396 3448 5452 anim-

1871 5492 2081 5546 adverti
2115 5492 2256 5546 inter
2283 5493 2454 5562 ipsos,
2482 5492 2578 5566 qui
2615 5491 2833 5548 Thonin
2871 5503 2926 5554 et
2953 5495 3149 5548 Protea
3194 5492 3301 5548 huc
3335 5505 3424 5550 re-

1873 5584 2102 5645 l‘erunt,_
2136 5580 2423 5636 dissidium
2465 5597 2612 5649 esse,
2669 5583 2815 5654 quod
2864 5598 2964 5638 nec
2994 5597 3124 5642 sane
3164 5582 3444 5642 modicum

1873 5671 2038 5725 habet
2063 5673 2327 5738 temporis
2351 5673 2713 5747 interceptum
2745 5675 2982 5746 spatium
3025 5689 3052 5732 a
3084 5671 3277 5734 Paride
3313 5688 3437 5732 tum

1872 5759 2076 5816 llelena
2108 5762 2363 5837 profugo,
2392 5765 2458 5821 ad
2503 5765 2804 5832 Menelaum
2855 5782 2977 5830 cum
3015 5766 3205 5828 eadm
3231 5764 3444 5832 reduce
