3932 6188
493 251 596 317 831

1759 265 1852 328 VA
1867 267 2168 331 LLARSII
2205 268 2452 337 NOTAE.
3603 283 3691 345 832

491 372 618 432 post
664 362 841 433 Troiae
865 382 1077 424 casum.
1108 369 1356 426 Dixerint
1379 387 1505 430 vero
1531 375 1776 449 plerique
1801 379 1869 434 de
1892 377 2074 436 Blene-
2107 385 2151 445 Δ
2183 387 2423 460 profecra
2475 390 2587 446 sint
2619 388 2877 462 calamo,
2905 404 3024 461 quae
3057 390 3348 462 Syncellus
3404 400 3697 464 exaggeravit

418 512 420 514 ,
491 454 600 524 lao,
634 466 760 514 utet
793 458 1046 529 Virgilius
1071 461 1294 520 IEueid.
1325 481 1376 520 xt
1419 483 1434 521 :

676 571 884 684 IAittj‘tlilesl
903 574 1066 626 Protei
1097 577 1349 630 Menelaus
1380 584 1440 633 ad
1472 595 1630 647 usque
1663 587 1922 639 columnas

722 649 750 683 x
834 652 859 684 a
912 672 926 684 .
951 667 964 679 .
993 675 1005 684 .
1033 675 1046 684 .
1073 674 1086 684 .

722 649 884 684 xsntat
912 672 926 684 .
951 667 964 679 ο
993 675 1005 686 .
1033 675 1046 687 .
1073 674 1086 686 .

493 735 595 792 Hic
627 741 776 794 c'erte
827 740 1058 802 Proteus
1089 745 1402 818 Egyptius,
1458 767 1568 807 non
1613 763 1673 809 ttt
1703 771 1795 810 rex
1849 758 2074 827 quidam

492 827 751 894 Homero.
817 837 912 888 sed
978 847 1036 889 ut
1091 839 1242 902 ἅλιος
1269 843 1470 911 γέρων,
1517 848 1759 902 marinus
1797 865 1976 908 senex.
2022 861 2077 906 et

504 921 797 985 Ἀθάνατος
840 928 1098 994 Πρωτεὺς
1148 933 1478 1000 Αἰγύπτιος,
1514 936 1656 992 Deus
1726 943 1967 996 marinus
2022 942 2080 998 in

498 1011 714 1084 (Egypti
762 1017 1049 1086 littoribus,
1109 1037 1443 1080 memoratur
1477 1026 1676 1098 Odyss.
1705 1030 1755 1095 δ,
1821 1033 1948 1099 585,
1995 1046 2054 1091 ut

493 1123 670 1174 neque
695 1108 796 1162 hoc
821 1111 990 1178 possit
1015 1121 1185 1180 poetae
1209 1117 1585 1174 teStimonium
1613 1123 1749 1176 trahi
1773 1125 1839 1178 ad
1870 1125 2078 1182 facien-

492 1202 614 1254 dam
652 1203 894 1259 historia:
925 1206 1104 1262 tidem.
1153 1208 1268 1265 Nec
1314 1212 1489 1281 pluris
1529 1213 1667 1268 facio
1706 1219 1848 1286 quod
1911 1222 2078 1276 tradit

492 1290 819 1347 Eustathius
845 1301 910 1347 ad
941 1313 1064 1350 eum
1107 1298 1311 1365 locum,
1343 1302 1508 1371 fuisse
1535 1321 1656 1359 eum
1686 1308 1857 1361 virum
1896 1309 2076 1364 Mem-

491 1386 706 1451 phitem,
751 1389 835 1440 cui
879 1391 1163 1444 secundum
1210 1392 1449 1464 linguam
1501 1397 1808 1454 ercoruut
1890 1419 2080 1459 nomen

493 1478 652 1546 fuerit
688 1477 907 1536 Proteus
935 1500 953 1538 :
985 1492 1226 1539 notatum
1254 1489 1454 1557 quippe
1485 1490 1690 1546 dudum
1720 1493 1944 1550 laudato
1969 1495 2075 1552 Pe-

491 1571 729 1637 rizonio,
765 1573 1109 1631 Eustathium
1141 1579 1256 1634 hinc
1286 1597 1351 1636 ex
1387 1582 1661 1641 Herodoto
1698 1589 1975 1657 accepisse
2003 1605 2068 1645 ac

493 1662 756 1729 Diodoro,
798 1675 1041 1737 utquem
1067 1669 1338 1728 Homerus
1359 1675 1571 1743 (deum,
1621 1679 1706 1734 isti
1757 1695 1940 1750 regem
1991 1682 2077 1736 di-

2181 482 2247 535 de
2273 498 2397 536 suo:
2424 490 2588 551 atque
2628 481 2731 536 hoc
2763 481 3109 552 potissimum
3168 483 3313 544 loco.
3348 499 3450 552 quo
3480 488 3538 537 ad
3563 489 3698 558 usa]..-

2183 587 2294 629 rem
2331 573 2626 627 creandam
2653 573 2892 628 Eusebio
2931 573 3214 640 invidiam,
3255 576 3535 644 spatiatur.

2250 663 2384 719 Ibid.
2417 661 2620 717 Encas
2651 681 2743 716 an.
2777 663 2832 717 3.
2866 663 2932 719 Et
2965 679 3092 718 vero
3122 665 3369 735 propior,
3400 678 3450 720 et
3479 672 3698 729 VCIt’I‘iltttz

2185 755 2462 823 receptior
2489 755 2660 809 multo
2691 757 2963 810 sententia
2994 759 3103 811 haec
3132 767 3222 813 est
3253 759 3318 812 de
3345 757 3530 826 Ainea,
3575 767 3698 820 ιιι·ιὶς

2179 856 2303 916 post
2330 846 2509 917 Trojze
2554 849 2930 918 captivitatem
2955 864 3120 912 anno.
3153 850 3209 903 in
3244 849 3450 904 italiam
3499 860 3688 922 appulsa

2179 951 2342 1010 Quam
2374 949 2429 994 et
2464 938 2734 996 Eusebius
2778 941 2990 1009 probat.
3021 941 3096 997 Ex
3132 942 3223 998 his
3257 942 3348 1012 qui
3398 943 3512 1010 eius
3538 950 3698 1000 θύννης

2181 1042 2295 1088 tum
2329 1034 2477 1104 {post
2533 1041 2660 1108 octo
2714 1051 2891 1090 annos
2946 1035 3228 1101 dill'erunt,
3282 1036 3464 1091 laudat
3512 1039 3707 1110 Sraiigcr

2179 1127 2331 1183 illum
2355 1143 2420 1182 ex
2445 1125 2673 1197 Virgilio
2709 1128 2885 1184 locum
2927 1129 3150 1186 Aineid.
3182 1147 3222 1193 t,
3260 1148 3312 1185 ν.
3340 1132 3475 1188 760:

2613 1242 2732 1292 Nam
2759 1247 2807 1292 te
2824 1244 2926 1305 jam
2956 1245 3167 1306 septima
3191 1250 3358 1306 portat

2335 1301 2573 1353 Omnibus
2594 1301 2845 1353 errantem
2886 1301 3032 1355 terris
3057 1314 3110 1356 et
3134 1301 3370 1355 ﬂuctibus
3387 1313 3536 1356 aestas.

2182 1384 2383 1442 Verum
2414 1375 2500 1441 ad
2563 1385 2783 1442 Homeri
2843 1390 3124 1459 exemplar
3170 1390 3387 1443 videtur
3471 1401 3607 1460 pocla
3655 1393 3707 1446 ibi

2179 1476 2370 1532 Enen!
2393 1492 2611 1533 errores
2636 1495 3019 1548 exaggerasse.
3045 1480 3375 1535 Econtrario
3402 1479 3501 1535 .lul.
3535 1483 3710 1537 Solinus

2183 1584 2304 1639 cap.
2333 1571 2369 1624 2
2393 1569 2558 1624 tradit
2582 1586 2647 1625 ex
2681 1569 2858 1625 Cassii
2892 1570 3134 1626 "omium
3165 1572 3485 1636 Annalibus,
3519 1572 3705 1628 discam

2185 1669 2376 1717 testate
2403 1664 2470 1715 ab
2499 1659 2597 1716 Ilio
2625 1674 2785 1731 capto
2809 1662 3050 1718 secunda
3085 1661 3259 1717 Italia:
3296 1663 3561 1719 littoribus
3583 1681 3709 1734 appu-

497 1766 652 1819 cunt,
691 1773 790 1826 pro
820 1733 933 1814 uno
963 1763 1267 1834 eodemque
1297 1733 1544 1835 lla-heret;
1572 1770 1707 1825 nihil
1745 1733 1876 1828 νεξο
1929 1788 2072 1839 esse,
2114 1733 2156 1790 Β
2187 1753 2340 1809 lisse.
2381 1751 2440 1808 S.
2474 1762 2654 1807 autem
2689 1753 3028 1824 Augustinus
3052 1752 3148 1807 lib.
3193 1769 3328 1808 xvut
3365 1755 3428 1806 de
3449 1755 3593 1810 Cmt.
3621 1754 3706 1815 Dt'l.

495 1848 639 1914 quod
677 1864 776 1903 nos
811 1850 978 1907 ducat
1005 1855 1057 1907 in
1093 1855 1232 1911 viam
1262 1862 1327 1913 ad
1362 1862 1747 1918 inveniendum
1782 1866 1835 1918 itt
1899 1864 2074 1937 dyna-

514 1937 640 1991 stiis
671 1938 1014 1999 Manethonis
1035 1945 1349 2019 Egyptium
1400 1953 1544 2008 hunc
1581 1970 1785 2025 regem.
1817 1955 2082 2014 Praeterea

499 2027 751 2087 Tltuorim
785 2034 936 2090 illum
974 2053 1158 2109 regem
1196 2041 1392 2110 fuisse,
1447 2045 1492 2100 si
1543 2047 1676 2104 fides
1735 2048 2075 2114 Mancthoni,

495 2134 622 2191 post
647 2125 862 2194 Protea,
915 2131 1221 2196 Rhamsen.
1253 2146 1308 2192 et
1357 2137 1772 2196 Amenemmen:
1812 2159 1918 2198 non
1950 2160 2081 2216 ergo

498 2217 748 2283 potuisse
795 2219 898 2275 sub
930 2220 1126 2277 Proteo
1185 2229 1568 2294 praefecturam
1603 2230 1915 2290 Canobitici
1951 2234 2079 2290 ostii

498 2321 679 2375 agere,
717 2325 898 2380 neque
925 2312 970 2368 sl
1003 2329 1067 2368 ex
1125 2317 1380 2385 profecti.
1409 2321 1532 2386 eius
1572 2337 1706 2390 orte,
1756 2341 1852 2380 rex
1886 2337 2077 2396 postea

498 2402 692 2464 evasit,
726 2404 973 2468 potuisse.
1013 2421 1136 2462 esse
1181 2410 1284 2464 sub
1319 2410 1536 2476 Proteo,
1576 2431 1755 2484 neque
1805 2419 1948 2488 capti
2002 2419 2082 2474 ΙΙἰὶ

503 2498 933 2565 ιθῐηιιοτθ,ῗ‹ιιιο‹1
964 2500 1234 2568 posterius
1265 2511 1443 2559 tamen
1487 2506 1740 2562 Manetho
1773 2510 1927 2576 dicit,
1961 2511 2086 2566 licet

501 2600 566 2635 eo
586 2593 830 2655 tempore
854 2591 1084 2648 Proteus
1111 2609 1204 2648 rex
1234 2595 1399 2650 fuerit
1428 2597 1670 2670 Egypti,
1696 2612 1752 2656 et
1782 2601 1902 2673 ejus
1930 2603 2086 2660 illius

501 2673 748 2740 Rantses,
809 2681 892 2735 vel
946 2682 1387 2754 Rhampsinitus.
1431 2689 1553 2746 Jam
1604 2709 1736 2748 vero
1770 2697 1899 2765 quid
1934 2697 2084 2753 dice-

503 2783 627 2822 mus
661 2769 729 2823 de
777 2783 969 2827 nostro
1011 2773 1212 2848 Plinio,
1266 2781 1359 2850 qui
1391 2781 1531 2839 Hist.
1572 2783 1697 2841 Nat.
1751 2786 1843 2842 lib.
1876 2800 2101 2855 xxxrt,

497 2876 623 2934 cap.
665 2863 746 2928 Η,
781 2862 957 2934 Trojae
991 2869 1264 2924 excidium
1302 2871 1371 2927 ad
1404 2873 1680 2932 Ramisem
1723 2879 1935 2934 refert?
1971 2882 2083 2936 Ra-

505 2952 681 3014 mises.
711 2954 910 3023 inquit,
947 2975 1048 3028 quo
1079 2971 1334 3031 regnante
1367 2963 1532 3021 Ilium
1581 2979 1795 3038 captum
1822 2982 1923 3032 est.
1955 2974 2084 3031 Etc-

2185 1859 2311 1914 cap.
2343 1843 2432 1909 l9,
2491 1844 2748 1898 laudatus
2803 1844 2967 1897 etiam
3011 1843 3495 1908 Schurzileischio,
3545 1846 3712 1899 videtur

2183 1952 2250 1993 eo
2281 1937 2404 2006 ipso
2427 1951 2536 2005 quo
2567 1945 2726 2006 capta
2759 1935 2925 2008 Troja
2958 1946 3060 1996 est.
3090 1953 3242 1992 anno
3266 1938 3554 1991 ascribere:
3579 1939 3710 2007 siqui-

2184 2030 2307 2084 dem
2339 2031 2442 2085 sub
2477 2029 2791 2085 Menestheo
2828 2032 2880 2086 id
2907 2029 3208 2103 contigisse
3241 2033 3438 2102 asst-rit
3474 2050 3486 2086 :
3523 2037 3589 2087 Ea
3613 2043 3712 2085 tem-

2184 2139 2312 2194 pore
2339 2133 2454 2192 post
2485 2134 2693 2192 captam
2752 2123 2977 2194 Trojam
3033 2137 3197 2196 atque
3260 2128 3505 2190 deletam,
3557 2126 3712 2180 iure:

2185 2233 2304 2270 cum
2355 2217 2542 2284 viginti
2588 2216 2832 2278 nauibus,
2883 2216 3070 2285 quibus
3114 2219 3468 2281 portabuntur
3520 2220 3708 2284 rrliquim
3803 2219 3806 2229 ‘

2190 2308 2568 2378 Trojanorum,
2606 2309 2660 2362 in
2692 2308 2910 2363 [talium
2952 2311 3115 2371 venit,
3146 2322 3408 2380 regnante
3445 2311 3510 2363 ibi
3543 2309 3709 2368 Latina,

2187 2411 2237 2456 et
2265 2402 2410 2472 apud
2449 2402 2794 2455 Athenienses
2828 2399 3149 2464 Menestheo,
3181 2411 3296 2456 etc.
3332 2401 3557 2470 ldipsum
3583 2413 3624 2455 et
3647 2418 3707 2451 r~-

2187 2493 2528 2550 centioribtts
2589 2493 2869 2547 nonnullis
2924 2495 3165 2560 probari,
3228 2510 3369 2562 quos
3425 2495 3552 2547 inter
3593 2493 3707 2544 Cm:-

2187 2587 2466 2643 stantinus
2487 2585 2748 2657 Phrygio,
2785 2585 2928 2640 idem
2986 2585 3484 2642 Schnrzﬂeisohius
3514 2584 3716 2639 afﬁrmat.

2187 2681 2395 2738 Caetera
2436 2679 2538 2749 legi
2601 2689 2883 2734 merentur
2939 2680 3082 2750 apud
3120 2681 3452 2735 Strabonem
3481 2679 3568 2734 lib.
3605 2693 3651 2743 ν,
3677 2688 3718 2730 et

2190 2773 2409 2828 Livium
2443 2787 2482 2825 ι.

2262 2845 2399 2918 Ibid.
2441 2863 2684 2918 Latinus.
2719 2862 3084 2930 Praeterquam
3123 2862 3274 2926 quod
3316 2861 3526 2918 inverso
3567 2858 3718 2914 ordine

2194 2956 2310 3011 htec
2347 2955 2414 3008 de
2456 2952 2666 3008 Latinis
2716 2963 2879 3024 atque
2911 2953 3084 3008 Enen
3141 2951 3392 3022 Scaliger
3421 2951 3588 3017 refert,
3613 2964 3722 3020 pra:-

502 3045 616 3100 nim
645 3046 754 3100 duo
794 3059 925 3103 sunt
958 3052 1014 3106 in
1049 3051 1309 3123 dynastis
1355 3062 1486 3113 xvrit
1542 3059 1888 3120 Manetltonis
1938 3068 2080 3136 apud
2117 3072 2163 3131 C
2195 3047 2450 3104 ιθτίηίίίίι
2492 3047 2656 3102 “iam
2693 3047 2779 3102 hic
2811 3046 3000 3107 verba'
3059 3043 3297 3099 Lahm“
3326 3047 3376 3098 in
3405 3044 3575 3136 mium
3600 3047 3724 3106 atque

502 3133 804 3207 Josephum
834 3138 1133 3208 Ramesses,
1159 3147 1375 3201 tametsi
1400 3147 1540 3203 alter
1563 3151 1829 3208 Armesses
1853 3133 2085 3223 dicatur,

503 3228 667 3300 longo
709 3239 836 3286 ante
875 3233 1140 3289 Thuorim
1185 3238 1511 3295 intervallo:
1544 3259 1778 3312 quorum
1815 3249 2089 3321 primum,

504 3321 593 3375 ctti
625 3339 692 3376 ne
726 3324 1010 3380 biennium
1059 3329 1280 3398 quidem
1342 3333 1493 3404 regni
1539 3335 1724 3406 datur,
1774 3338 2094 3398 Perizonius

507 3413 803 3470 Sesostrim
839 3416 1007 3475 fuisse
1040 3421 1341 3481 existimat.
1397 3424 1493 3481 Est
1521 3438 1573 3483 et
1599 3430 1743 3487 alius
1775 3435 1916 3504 apud
1945 3433 2093 3491 Afri-

506 3521 703 3563 canum
737 3509 1030 3570 Ramesses
1080 3525 1315 3585 quartus
1351 3519 1618 3591 dynastiae
1655 3540 1747 3580 xtx
1781 3541 1901 3587 rex;
1929 3536 2094 3598 atque

509 3596 597 3651 hic
633 3601 852 3668 quidem
907 3607 1064 3660 annis
1097 3622 1158 3661 ex
1184 3608 1426 3678 ejusdem
1463 3614 1606 3668 serie
1646 3623 1772 3670 ante
1828 3615 2093 3673 Thuorim

506 3689 582 3754 pl.
606 3693 739 3746 min.
770 3695 857 3749 65.
889 3696 1045 3751 lllum
1077 3714 1238 3767 porro
1264 3702 1514 3758 eumdem
1539 3721 1659 3760 esse
1685 3710 1898 3774 volunt,
1928 3727 2092 3779 quem

508 3779 731 3841 Tacitus
787 3787 883 3842 lib.
941 3805 978 3844 ιι
1027 3790 1224 3846 Annal.
1297 3793 1591 3860 Rhamsen,
1629 3798 1896 3854 Diodorus
1942 3803 2036 3856 lib.
2077 3817 2094 3857 ι

514 3870 776 3945 Ῥεμφὶν,
829 3879 1102 3946 .losephus
1165 3893 1314 3940 cont.
1346 3885 1581 3956 Appion.
1615 3887 1944 3960 Romphem,
1981 3893 2093 3949 He-

512 3969 739 4024 rodotus
785 3969 838 4023 in
864 3970 1099 4042 Euterpe
1128 3973 1585 4045 {Rhampsinitum
1637 3991 1814 4037 vocat.
1851 3981 1985 4053 Ego,
2039 3987 2095 4041 in

513 4067 662 4114 tanta
711 4076 894 4116 rerum
947 4062 1311 4132 obscuritate,
1355 4082 1417 4123 ac
1454 4070 1850 4127 sententiarum
1897 4090 2095 4145 pugna,

512 4159 573 4204 ut
597 4153 729 4206 certi
783 4152 916 4206 nihil
969 4155 1166 4211 excudi
1225 4173 1381 4224 posse
1431 4161 1633 4226 sentio,
1682 4162 1754 4219 ita
1817 4163 2080 4238 Scaligerl

506 4226 928 4313 confidentiam,
960 4248 1050 4316 qui
1085 4245 1380 4305 Eusebium
1405 4252 1687 4310 criminari
1716 4255 1784 4312 de
1814 4226 2097 4315 temeratis

513 4335 784 4406 dynastiis
823 4339 1010 4405 audet,
1053 4341 1240 4396 mirari
1277 4357 1382 4398 non
1411 4343 1629 4416 desino.

2200 3143 2341 3198 adeo
2380 3141 2528 3198 solos
2552 3150 2788 3210 quatuor
2853 3154 2952 3210 pro
2983 3141 3227 3209 quinque
3251 3150 3388 3194 ante
3435 3135 3636 3193 JEneazu
3660 3149 3723 3186 re-

2194 3250 2290 3306 ges
2321 3243 2527 3290 censet.
2560 3234 2641 3288 Ad
2673 3248 2862 3289 eorum
2911 3233 3059 3302 regni
3114 3247 3418 3296 summam,
3451 3244 3561 3299 qua:
3590 3241 3725 3281 anns-

2193 3343 2314 3385 rum
2334 3327 2531 3384 dicitur
2561 3326 2780 3381 circiter
2809 3341 2906 3392 CL,
2951 3334 3198 3380 notatum
3232 3327 3292 3379 in
3329 3324 3498 3394 primo
3529 3322 3723 3377 Palatino

2194 3438 2301 3478 ms.
2336 3422 2403 3475 ab
2432 3418 2754 3490 Antiquario
2783 3419 2945 3473 toties
2981 3418 3221 3483 laudato,
3256 3419 3338 3472 al.
3371 3433 3529 3471 mutos
3558 3414 3726 3470 circiter

2193 3528 2316 3569 nec.
2349 3512 2505 3578 Quae,
2549 3512 2727 3581 inquit
2788 3511 3307 3574 Schurzlleischius,
3356 3511 3602 3580 scriptura
3643 3522 3722 3562 non

2194 3605 2377 3676 inepta
2404 3618 2525 3660 esse
2555 3603 2798 3658 videtur.
2829 3600 2984 3660 tNam
3032 3600 3246 3657 Latinis
3303 3613 3430 3658 ante
3479 3603 3722 3670 Cecropem

2197 3711 2418 3767 quoque
2450 3695 2544 3750 τὸν
2576 3694 2745 3765 διφυῆ
2791 3692 3066 3750 Saturnus
3111 3709 3377 3763 regnasse
3423 3700 3723 3749 memoratur.

2199 3791 2332 3843 lmo‘
2361 3789 2662 3863 Cedrenus,
2712 3802 2881 3858 aquo
2926 3787 3160 3843 multum
3243 3799 3516 3856 excerpta.
3571 3782 3724 3842 Joanni

2195 3875 2684 3946 Malalae’xpovoyp.
2715 3891 2770 3946 p.
2803 3876 2869 3932 l9
2897 3876 3122 3942 inserta,
3155 3876 3441 3942 abludunt,
3481 3875 3724 3931 Saturnum

2197 3981 2327 4025 cum
2392 3967 2708 4023 Nembrodo
2761 3967 3015 4023 eumdem
3064 3968 3237 4023 fuisse
3295 3969 3542 4030 voluit,6
3575 3967 3624 4020 δι
3649 3963 3724 4033 μιν

2198 4061 2352 4132 ὅμως
2383 4062 2531 4114 ἐστὶν
2562 4061 2777 4132 αἴτημα
2821 4059 2944 4114 λίαν
2986 4063 3154 4132 μέγα.
3182 4062 3250 4118 At
3282 4064 3433 4133 prior
3462 4061 3609 4118 lectio
3633 4071 3724 4112 cum

2199 4143 2457 4224 computo
2484 4152 2722 4223 Syncelli
2755 4155 3036 4218 convenit.
3071 4169 3234 4226 quem
3263 4155 3542 4210 consulere
3563 4154 3620 4206 de
3645 4151 3724 4204 hac

2199 4246 2592 4311 controversia.
2641 4256 2808 4317 atque
2851 4261 2976 4303 cum
3015 4246 3280 4303 Gobelino
3305 4248 3559 4310 Persona,
3618 4243 3724 4298 Cos-

2199 4339 2473 4394 modrom.
2501 4349 2589 4394 tet.
2612 4343 2698 4406 itt,
2725 4353 2775 4394 c.
2801 4338 2874 4393 22
2907 4354 3256 4407 componere.
3319 4355 3495 4410 opera:
3535 4335 3722 4408 pretium

584 4428 703 4486 Col.
725 4431 851 4486 3l9.
882 4431 956 4486 De
985 4435 1139 4489 tertio
1160 4444 1300 4490 tomo
1325 4436 1686 4495 Manethom’s.
1709 4441 1939 4507 Quidam
1960 4459 2086 4498 mss.

2204 4431 2331 4488 erit.
2367 4430 2632 4501 Equidem
2669 4431 2941 4501 vulgatam
2971 4430 3304 4499 scripturam
3345 4439 3400 4487 et
3427 4418 3722 4500 ipse'prtctu-

515 4535 640 4575 cum
688 4523 865 4589 primo
914 4523 1088 4586 Palat,
1119 4527 1182 4579 de
1216 4528 1352 4582 libro
1388 4533 1543 4584 tertio
1575 4533 1786 4600 legunt.
1830 4535 2096 4593 Coitstare

521 4621 704 4667 autem
741 4613 867 4667 hinc
920 4613 1120 4669 docent
1174 4617 1416 4689 Scaliger
1464 4630 1520 4676 et
1566 4623 2088 4696 Schurzﬂeischius,

516 4705 697 4773 plures
728 4705 1038 4762 uon'fuisse
1067 4724 1094 4763 a
1130 4707 1455 4767 Ilanethone
1489 4714 1554 4770 de
1619 4714 1893 4790 Egyptiis
1929 4721 2098 4793 dyna-

513 4797 634 4853 s'its
656 4798 823 4856 libros
857 4802 1212 4872 conscriptos.

466 4910 470 4915 ι
571 4888 821 4945 ΟοΙ.519.
844 4891 1120 4965 Pelasgas.
1141 4897 1410 4966 Diximus,
1439 4898 1586 4957 hunc
1607 4903 1747 4972 apud
1771 4902 2097 4962 Pausaniam

522 4997 635 5036 non
670 4982 877 5044 haberi,
919 4987 1090 5043 videri
1131 4999 1311 5047 autem
1347 5007 1442 5062 pro
1473 5008 1540 5049 eo
1567 4996 1694 5065 poni
1730 4995 2094 5054 Laccstadem.

525 5073 779 5128 Fortasse
821 5077 1025 5134 rectius
1063 5081 1119 5134 in
1158 5083 1437 5140 Parmensi
1488 5103 1590 5144 ms.
1641 5090 1796 5158 juxta
1843 5088 2095 5146 Griecum

518 5167 750 5237 Pelagus
783 5166 1006 5224 dicitur:
1047 5172 1101 5224 in
1148 5176 1373 5246 reliquis
1414 5187 1594 5235 tamen
1625 5180 1780 5236 libris
1817 5182 2094 5247 omnibus,

521 5258 802 5329 Pelasgus.

594 5352 730 5407 lhid.
762 5349 1012 5405 Iudicum
1035 5354 1404 5421 posteriorum.
1427 5359 1609 5415 Codex
1630 5359 1942 5417 Parmensis
1973 5380 2099 5433 pos—

523 5443 778 5498 teriorum
816 5457 922 5498 non
948 5443 1122 5502 addit:
1163 5449 1479 5501 econtrario
1500 5453 1786 5509 contendit
1832 5453 2098 5526 Scaliger,

521 5549 589 5589 ex
615 5533 819 5591 Graecis
837 5535 1091 5612 debuisse
1119 5537 1352 5608 amplius
1393 5538 1506 5595 lttec
1543 5543 1609 5596 ad
1627 5543 1704 5610 di,
1764 5537 2098 5615 temporibus

524 5624 779 5692 Samson.
810 5627 1125 5684 etludt’cum
1151 5629 1527 5698 posteriorum.
1560 5631 1829 5688 Nimirum
1858 5651 1924 5689 ex
1963 5652 2102 5704 pra:-

525 5727 791 5788 coneepta
817 5720 1073 5792 illafalsa
1100 5722 1382 5795 Opinione,
1406 5721 1762 5818 quodemnia
1789 5738 1858 5780 ex
1885 5726 2100 5782 Eusebii

2201 4522 2382 4583 lerim.
2409 4522 2659 4593 Quithte
2684 4525 2826 4580 enim
2864 4524 3106 4594 quinque
3134 4525 3399 4580 dictorum
3430 4538 3599 4594 regum
3625 4527 3725 4573 ata-

2203 4625 2311 4683 tes,
2357 4617 2402 4672 si
2452 4615 2620 4683 γενεά
2670 4616 2974 4672 secundum
3025 4615 3360 4672 Herodotum
3405 4632 3498 4687 pro
3523 4614 3586 4670 50
3624 4625 3723 4667 ann.

2200 4710 2382 4781 spatio
2413 4717 2686 4774 sumatur,
2716 4724 2889 4764 annos
2921 4708 3025 4778 150
3063 4709 3427 4764 constituunt.

2271 4803 2407 4859 ibid.
2458 4801 2542 4857 Ea
2571 4801 2780 4871 quw'de
2812 4800 3004 4872 Ulyace.
3041 4801 3167 4857 Haec
3191 4804 3260 4856 de
3301 4800 3490 4874 Ulysse
3529 4795 3724 4864 Scaliger

2200 4905 2438 4967 quatuor
2461 4904 2583 4964 post
2608 4909 2784 4949 annos
2809 4891 3020 4948 differt.
3054 4892 3240 4949 Graeca
3267 4894 3452 4952 etiam.
3496 4905 3603 4960 qua!
3626 4884 3719 4954 qui-

2199 4987 2322 5043 dem
2352 4986 2540 5042 mutila
2569 4984 2846 5050 videntur,
2876 4985 2949 5039 ita
2998 4985 3240 5041 reSIituit
3273 5002 3288 5040 ;
3317 4985 3394 5038 Τὰ
3422 4981 3542 5053 περὶ
3575 4977 3722 5032 Ὀδυσο

2202 5081 2340 5145 σέως
2359 5080 2727 5150 μυθευόμενα,
2751 5077 2867 5140 πῶς
2884 5078 3088 5171 τριή
3104 5079 3204 5151 τὴν
3219 5069 3720 5171 Τυρρηνῶν-Σκιξᾎλξν

2201 5173 2449 5240 διέφυγε,
2509 5171 2639 5233 τοὺς
2702 5171 2889 5235 ξένους
2951 5169 3119 5241 συλᾷν
3194 5169 3465 5224 εἰωθυῖαν.
3503 5167 3553 5221 In
3603 5161 3720 5215 Notis

2202 5265 2613 5337 Hieronymum,
2689 5279 2851 5334 quem
2905 5264 3126 5333 τριήρει
3190 5262 3385 5355 legisse
3431 5261 3481 5315 in
3552 5256 3715 5355 Greca.

2203 5372 2301 5427 ιπο
2366 5357 2587 5428 τριήρη.
2673 5354 2978 5421 contendit,
3044 5362 3211 5408 totam
3297 5352 3373 5406 ait
3447 5352 3716 5407 sententiam

2204 5449 2417 5505 Eusebii
2493 5446 2950 5504 dissimulavisse.
3015 5444 3151 5502 Nam
3223 5444 3477 5500 Eusebius
3542 5438 3713 5535 dicit“.

2201 5543 2450 5612 Ulyssem
2514 5540 2771 5610 eliugisse
2819 5539 3232 5610 Tyrrhenorum
3315 5538 3519 5594 ιτῑετθη,
3563 5530 3714 5600 pinu.

2203 5652 2345 5700 cam,
2374 5649 2494 5704 quas
2557 5633 2854 5688 vocabatur
2921 5631 3146 5702 Scylla:
3211 5628 3714 5725 Hieronymus'vero.

2206 5725 2452 5797 Ulyssem
2501 5723 2765 5809 eduxisse-
2783 5724 3062 5809 Scyllam,
3117 5732 3446 5812 monstrum.
3474 5723 3712 5776 marinum.
