3964 6186
189 315 304 380 833

1469 321 1881 384 VALLARSII
1919 317 2159 381 NOTAE.

3358 315 3466 380 834

187 428 342 484 trieri
375 441 502 493 sua.
535 428 652 486 sive
688 429 813 486 navi
835 445 941 502 qua
982 429 1310 488 vehebatur.
1349 431 1440 489 Sic
1495 435 1778 490 enimvero
1807 438 1852 497 Α
1882 431 2156 488 centibus.
2195 426 2336 484 Tum
2385 428 2571 486 mirari
2605 443 2711 484 non
2766 427 2973 484 desinit
3003 428 3060 484 in
3119 428 3300 493 Natis.
3325 446 3433 499 quo

180 534 314 576 cum
357 522 478 590 ipse
511 519 776 592 Scaliger,
828 532 940 577 tum
1007 521 1310 592 Pontacns,
1337 535 1394 582 et
1446 526 1774 584 vetustiores

183 615 462 684 plerasque
524 617 794 674 editiones
831 618 1082 690 legerant
1138 621 1311 687 trieri,
1367 621 1452 677 vel
1507 624 1766 678 triremi:

181 723 310 775 qua:
336 710 556 777 quidem
606 710 768 766 lectio
831 726 1054 768 sensum
1095 713 1250 769 illum
1286 715 1466 770 reddit
1526 716 1774 772 historiae

177 801 550 856 contrarium.
585 800 785 857 Verum
820 819 886 860 ex
919 803 1196 861 Parmensi
1220 807 1364 877 apud
1394 823 1495 864 nos
1531 847 1548 874 ,
1579 818 1634 864 et
1662 807 1770 864 Pa-

177 891 356 946 latino
383 893 559 960 primo
584 895 1058 967 ms.pluritnisque
1080 897 1224 964 aliis,
1241 905 1382 954 teste
1439 899 1770 956 Sclturzllei-

175 979 727 1053 sehio,qui._trierem
799 985 1096 1055 praeferunt
1156 989 1657 1059 (quemadmodum
1717 1000 1775 1047 et

177 1074 348 1130 nobis
414 1078 718 1146 repositum
750 1087 836 1134 est
893 1094 957 1134 ex
995 1093 1184 1135 eorum
1245 1081 1400 1152 (ide),
1430 1081 1542 1152 jam
1579 1084 1770 1154 liquet,

175 1167 363 1236 ipsum
412 1168 524 1222 imo
587 1167 922 1241 Scaligerum
959 1172 1092 1228 falsa
1135 1171 1312 1229 Latini
1367 1184 1550 1231 textus
1583 1176 1772 1232 lectio-

177 1275 251 1315 ne
325 1261 498 1316 fuisse
527 1262 836 1332 deceptum,
875 1281 1034 1334 qttam
1065 1276 1121 1321 et
1184 1266 1438 1331 libenter,
1477 1278 1536 1324 ut
1591 1268 1772 1324 facere

177 1363 354 1419 sinat,
383 1355 602 1410 videtur
628 1359 949 1425 retinuisse,
969 1368 1039 1413 .ut
1069 1360 1122 1414 in
1161 1360 1646 1431 Ilieronytnianam
1681 1362 1771 1416 in—

176 1448 630 1514 terprctationem
685 1450 912 1505 liberius
974 1452 1453 1508 animadverteret.
1484 1455 1552 1508 At
1584 1454 1773 1509 lliero-

171 1557 382 1609 nytuus
441 1551 607 1607 recte,
643 1545 689 1598 si
740 1543 870 1612 quid
928 1543 1064 1599 alias
1103 1547 1316 1599 trierem
1351 1556 1444 1599 aut
1501 1547 1767 1600 triremem

170 1630 481 1686 accusandi
544 1647 676 1688 casu
739 1635 920 1700 vertit,
977 1636 1272 1705 retulitque
1328 1636 1394 1690 ad
1448 1635 1766 1708 Tyrrheno-

170 1738 301 1786 rum
364 1739 557 1779 navem
595 1743 609 1780 :
655 1737 908 1795 recteque
963 1729 1102 1782 adeo
1130 1730 1289 1799 τρίτη
1317 1729 1448 1800 legit
1476 1733 1528 1784 in
1555 1730 1775 1800 (ἵει-ξιξ(ξοἡ

1879 523 2043 577 modo
2073 520 2226 576 Ilium
2256 519 2584 576 IIectoridaa
2605 519 2979 590 repetiverint,
3001 521 3113 589 jam
3142 520 3378 575 deletutn
3411 533 3466 576 et

1877 613 1996 668 solo
2028 616 2326 684 aequatum.
2386 609 2594 668 Deinde
2653 613 2744 682 qui
2807 612 3024 666 sintiin
3089 613 3466 675 Antenoridae.
3523 609 3536 634 ‘

1875 716 2074 776 praeter
2103 705 2487 774 posteritatem
2508 705 2824 769 Antenoris,
2860 704 2978 775 qui,
3007 703 3248 758 Venetiis
3301 720 3469 761 aceti.-

1877 798 2036 867 patis,
2062 796 2340 851 Patavium
2361 795 2647 858 condidit?
2672 797 2748 850 Ad
2772 797 3206 876 haer,_qnomodo
3229 797 3468 855 Helenus

1874 890 2197 959 potuitesse
2227 899 2423 943 auctor
2473 890 2631 954 huius
2670 890 3054 960 expeditionis.
3097 893 3190 961 qui
3247 909 3467 961 semper

1873 991 1999 1052 post
2024 983 2296 1038 excidium
2323 981 2501 1054 Trojae
2536 984 2590 1038 in
2619 983 2783 1051 Epiro
2819 984 2999 1038 vixit?
3019 984 3310 1040 Postremo
3328 1002 3466 1057 quos

1872 1072 2198 1130 lIectoridas
2233 1075 2321 1128 hic
2359 1074 2666 1145 intelligere
2715 1073 3000 1142 debemus,
3037 1076 3296 1130 omnibus
3325 1077 3463 1132 Iibe-

1873 1166 1950 1220 ris
1979 1165 2254 1230 Hectoris,
2293 1165 2461 1220 etiam
2505 1179 2680 1234 puero
2729 1166 3092 1236 Astyanacte,
3123 1166 3467 1223 interfectis?

1871 1255 2005 1322 Quae
2036 1257 2243 1322 omnia,
2283 1272 2412 1310 cum
2442 1255 2766 1312 Troicarum
2820 1273 3003 1314 rerum
3054 1259 3332 1315 memoriis
3365 1276 3465 1333 pu;

1872 1352 2093 1422 gnantia
2117 1351 2396 1422 accepisse
2418 1353 2494 1406 ait
2519 1351 2814 1407 Eusebium
2839 1368 2868 1405 a
2893 1352 3261 1421 supposititiis
3322 1355 3466 1406 scri-

1874 1442 2154 1511 ptoribus,
2182 1439 2372 1511 Dictye
2403 1441 2588 1508 Crete,
2615 1453 2668 1496 et
2693 1441 2892 1496 Darete
2931 1441 3160 1512 Phryge.
3194 1441 3465 1496 Nihilose-

1870 1533 1990 1589 cius
2020 1548 2128 1587 non
2183 1532 2466 1600 dill‘ttelur,
2507 1535 2651 1602 apud
2719 1533 3042 1605 Dionysium
3097 1532 3272 1588 Halic.
3319 1533 3460 1587 lib.t

1870 1623 2001 1689 dici,
2033 1625 2330 1680 Ascanium
2395 1625 2706 1680 restituisse
2734 1626 2788 1679 in
2842 1635 3129 1695 paternum
3166 1624 3462 1694 imperium

1869 1719 1998 1782 τοὺς
2033 1718 2354 1790 Ἐκτοριδας
2379 1719 2484 1772 ὑπὸ
2510 1718 2896 1788 Νεοπτολέμου
2929 1718 2988 1782 ἐξ
3033 1718 3286 1782 Ἑλλάδος
3303 1720 3461 1786 ἀφαι-

167 1831 286 1868 non
326 1817 568 1887 τριήρεες,
597 1827 650 1872 et
693 1789 989 1874 Eusebium
1027 1789 1186 1876 suum
1244 1789 1566 1892 Palaephato.
1606 1789 1770 1894 plane

1879 1813 2106 1884 μένους,
2132 1789 2277 1882 quod
2309 1813 2478 1868 sentit
2511 1812 2713 1867 habere
2753 1811 2957 1881 aliquid
3010 1827 3301 1877 commune
3335 1826 3459 1866 cum

171 1919 621 1962 consentaneum
659 1909 914 1965 reddidit.
964 1910 1196 1978 Quidam
1229 1929 1294 1967 ex
1344 1914 1507 1969 modo
1537 1914 1772 1972 laudatis

173 2015 320 2055 mss.
363 2000 709 2058 inemendate
773 2003 960 2074 legunt
987 2007 1041 2060 in
1104 2005 1592 2077 subsequentibus,
1641 2008 1772 2080 Tyr-

170 2095 465 2142 rhenorum
522 2107 704 2145 navem
763 2091 1004 2162 fugerit,
1067 2097 1442 2165 praetermisso
1501 2095 1818 2168 Scyllam,‘

166 2181 322 2250 quod
392 2197 589 2237 nomen
623 2183 691 2237 ab
745 2184 1060 2253 antiquaria
1110 2183 1534 2242 Salmasianoin
1592 2190 1769 2258 primo

171 2275 426 2329 Palatino
450 2290 614 2346 supra
659 2278 951 2348 scriptum,
998 2281 1238 2348 suppleri
1303 2296 1522 2351 qu0que
1571 2284 1624 2337 in
1650 2285 1768 2339 aliis

170 2370 358 2436 placet
399 2367 883 2426 Sclmrzlleisehio.
915 2370 1048 2442 Ego,
1073 2381 1132 2427 ut
1157 2374 1304 2429 istud
1324 2374 1610 2442 sufﬁciam,
1638 2376 1767 2432 illud

83 2497 95 2510 .
167 2477 386 2525 navem,
419 2461 561 2531 quod
586 2463 858 2532 praecedit,
895 2473 949 2518 et
979 2464 1033 2519 in
1071 2465 1375 2521 aliis‘libris
1403 2467 1766 2533 desideratur,

169 2552 244 2605 ibi
290 2550 483 2604 malim
523 2553 762 2622 expungi
802 2571 818 2608 :
884 2553 1090 2610 leviora
1128 2556 1348 2625 quidem
1401 2558 1506 2612 alia
1531 2560 1580 2611 in
1618 2568 1765 2614 textu

169 2650 538 2717 castigamus.
571 2647 864 2721 Palaephati
891 2651 1265 2708 testimonium
1305 2651 1472 2708 habes
1500 2669 1622 2724 cap.
1659 2654 1720 2710 2t
1748 2670 1765 2710 :

169 2741 489 2812 Τυρρηνῶν
505 2742 631 2812 νῆες
648 2745 780 2815 (non
807 2743 982 2815 νῆσοι,
1005 2743 1214 2814 insulaz)
1233 2740 1374 2815 ἦσαν
1404 2745 1460 2798 αἳ
1487 2745 1768 2816 ἐληΐζοντο

166 2837 235 2886 τὰ
279 2837 576 2906 περίχωρα
609 2838 708 2906 τῆς
754 2838 1077 2902 Σικελίας...
1108 2832 1218 2892 ἿΙν
1258 2838 1313 2892 at
1352 2837 1483 2903 ναῦς
1534 2841 1766 2910 τριήρης

165 2931 394 2998 ταχεῖα,
419 2929 485 2982 τό
517 2947 578 2983 τε
629 2931 824 3000 ὄνομα,
856 2931 1082 2998 Σκίλλα,
1111 2949 1168 2987 κ.
1205 2949 1256 2988 τ.
1314 2933 1366 2987 λ.
1409 2933 1560 2988 Adde
1591 2935 1765 3003 llcsy-

167 3022 390 3085 chium,
428 3020 663 3088 Σκύλλα,
719 3021 855 3087 ναῦς
902 3040 991 3086 τις
1027 3024 1327 3094 πολεμικὴ,
1357 3024 1487 3087 ἴσως
1529 3025 1637 3077 ἀπὸ
1664 3023 1760 3077 τοῦ

1876 1905 2101 1961 historia
2130 1908 2249 1969 hac,
2273 1921 2436 1972 quam
2476 1907 2660 1974 tangit‘
2697 1903 2991 1960 Eusebius.
3022 1903 3314 1961 Addendus
3351 1919 3464 1966 ,ιιι-

1877 2008 1982 2050 tem
2031 2008 2150 2053 erat
2173 2009 2227 2054 et
2271 1998 2473 2054 Strabo
2501 1999 2595 2053 lib.
2624 2000 2742 2052 xtit.
2770 2016 2829 2070 p.
2879 1998 3007 2062 596,
3038 1999 3132 2068 qui
3198 2000 3460 2070 βουθυηᾶ

1873 2092 2054 2150 Troici
2091 2094 2270 2164 campi
2296 2095 2412 2148 loca
2448 2110 2514 2148 ex
2568 2093 2790 2148 IIomeri
2816 2093 3128 2148 testimonio
3169 2095 3462 2150 Antenoris

1875 2189 2001 2243 liliis
2021 2189 2310 2244 attribuit:
2348 2200 2510 2255 atque
2560 2189 2688 2242 illud
2744 2203 2866 2242 cum
2900 2188 3114 2256 primis,
3149 2191 3292 2257 quod
3325 2189 3460 2243 Sca-

1872 2283 2206 2344 mandrium.
2233 2285 2348 2337 sive
2391 2283 2747 2353 Astyanacta,
2804 2281 3052 2336 [lectoris
3086 2281 3278 2346 tilium,
3308 2281 3461 2351 ejusu

1870 2391 1977 2444 que
2029 2386 2298 2444 posteros,
2340 2374 2429 2428 diu
2467 2374 2611 2429 circa
2669 2372 2896 2444 Scepsin
2955 2374 3119 2427 tradit
3177 2389 3457 2442 regnasse.

1873 2472 1989 2537 Ipse
2013 2469 2178 2522 etiam
2218 2468 2491 2522 Ilomerus
2545 2468 2866 2522 vaticinium
2899 2467 2967 2521 de
3016 2466 3209 2523 Encas
3266 2477 3455 2537 poste-

1872 2580 2170 2633 rorumque
2231 2563 2354 2634 ejus
2403 2577 2573 2631 regno
2622 2561 2762 2615 intra
2829 2558 3057 2614 Troicos
3085 2561 3220 2615 lines
3249 2561 3462 2614 videtur

1869 2656 2225 2720 conclusisse,
2253 2673 2315 2708 ex
2369 2671 2480 2724 quo
2510 2670 2633 2708 eum
2667 2654 2720 2707 in
2790 2653 3002 2706 Italiam
3063 2655 3278 2708 venisse
3332 2669 3456 2708 cum

1871 2749 2117 2803 historici
2157 2748 2405 2817 quidam,
2437 2757 2548 2801 tum
2581 2745 2887 2800 Bochartus
2915 2743 3099 2799 multis
3126 2745 3458 2813 argumentis

1870 2843 1922 2896 in
1951 2843 2120 2910 epist.
2157 2842 2223 2895 ad
2257 2858 2306 2894 v.
2334 2841 2406 2895 cl.
2439 2841 2504 2893 de
2538 2839 2760 2910 Segrais
2817 2839 3126 2903 contendit,
3161 2841 3290 2894 licet
3339 2856 3460 2896 me-

1869 2935 2101 2988 lioribus
2144 2934 2378 2987 fortasse
2448 2934 2576 2988 aliis
2615 2949 2644 2986 a
2688 2931 2899 2986 Thoma
2945 2931 3118 3002 Bikyo
3165 2933 3460 2988 refutatus.

1867 3027 2042 3081 Porro
2101 3025 2246 3094 quod
2273 3025 2430 3080 aiunt
2463 3024 2798 3096 Astyanacta
2833 3024 2905 3079 ab
2940 3027 3218 3078 Antenore
3269 3026 3465 3092 expul-

170 3117 493 3170 σκυλεύειν.
525 3117 729 3172 Deinde
761 3117 1095 3174 Ileraclitum
1153 3134 1277 3187 cap.
1298 3120 1353 3185 5,
1385 3131 1437 3174 et
1465 3118 1763 3174 Heraclidis
1790 3134 1834 3193 ο
1867 3136 1983 3174 sum
2006 3120 2074 3174 ab
2093 3119 2263 3174 Ainea
2290 3126 2480 3174 contra
2509 3117 2877 3172 Antenoridas
2902 3115 3116 3171 fortiter
3139 3117 3461 3184 dltlllt‘allle,

168 3211 483 3280 Atlegorias
507 3210 562 3265 in
595 3214 720 3276 line,
760 3219 812 3266 et
857 3213 1126 3282 Apollonii
1171 3212 1531 3288 Scholiastam
1569 3215 1632 3265 ad
1662 3213 1766 3266 Ar-

168 3314 405 3373 gonaut.
439 3304 533 3359 lib.
567 3321 641 3370 Iv,
668 3321 813 3362 vers.
871 3307 998 3362 828.
1037 3306 1262 3362 Videtur
1291 3308 1457 3362 etiam
1503 3307 1766 3377 Virgilius

169 3394 407 3450 AEneid.
437 3413 665 3461 v,_.vcrs.
697 3397 822 3463 ηε,
849 3401 916 3452 ad
964 3415 1084 3454 eam
1141 3398 1552 3470 Tyrrhenorum
1606 3399 1767 3452 trire-

169 3505 323 3544 mem
365 3490 696 3558 respexisse,
736 3490 825 3546 ubi
857 3490 1125 3547 Cloantho
1150 3506 1343 3547 navem
1371 3491 1564 3564 eodem
1589 3491 1770 3547 nomi-

170 3598 242 3638 ne
267 3583 605 3652 appellatam
643 3582 858 3638 tribuit.

247 3676 398 3729 lbid.
430 3673 662 3744 Mycenis
689 3693 835 3745 regit.
864 3675 1094 3732 Orestes.
1115 3675 1271 3731 Hanc
1299 3675 1545 3746 Scaliger
1588 3676 1770 3746 perio-

169 3769 340 3824 cbam
381 3768 450 3824 de
471 3767 728 3837 Egistlto
763 3770 982 3840 penitus
1036 3771 1390 3836 praetermisit
1431 3787 1444 3823 :
1478 3770 1770 3840 Syncellus

167 3877 201 3917 e
227 3861 516 3917 contrario
541 3862 659 3932 ejus
685 3877 900 3933 quoque
927 3861 1077 3932 regni
1109 3861 1204 3933 ἐτη
1237 3868 1297 3928 ε’,
1322 3879 1493 3916 annos
1521 3865 1771 3933 quinque,

170 3954 416 4009 addidit.
479 3952 695 4010 Mallem
737 3969 839 4025 ego
893 3956 962 4009 ad
1014 3965 1230 4025 septem
1291 3970 1464 4024 usque
1518 3955 1769 4024 produci,

169 4048 650 4117 quemadmodum
686 4049 866 4119 legere
889 4057 974 4104 est
1001 4049 1144 4120 apud
1169 4049 1464 4105 Ilomerum
1489 4048 1687 4120 Odyss.
1713 4067 1773 4118 γ,

170 4154 333 4194 vers.
365 4138 472 4192 305
511 4157 526 4193 :

265 4235 574 4298 Ἐπτάετες
611 4234 658 4289 δ’
691 4235 860 4306 ἤνοιξε
905 4235 1272 4308 πολυχρύσοιο
1303 4238 1594 4307 Μυκήνης.

251 4330 402 4386 Ibid.
434 4327 560 4384 Post
593 4346 766 4385 necem
788 4330 1048 4399 .IEgistIii.
1070 4330 1245 4384 Minus
1273 4339 1435 4385 antea
1461 4339 1629 4396 recte,
1657 4336 1774 4398 post

177 4432 439 4478 mortem.
467 4422 756 4492 Synt-ellus
783 4423 995 4478 Orestis
1017 4437 1192 4478 annos
1221 4423 1287 4477 ad
1320 4422 1507 4492 viginti
1539 4431 1648 4476 tres
1687 4436 1776 4474 us-

175 4528 292 4582 que
333 4512 629 4582 protrahit:
656 4527 722 4566 eo
753 4523 938 4566 autem
973 4511 1147 4582 magis
1192 4521 1530 4582 exaggerant
1577 4528 1772 4566 recen-

179 4608 361 4658 tiores
395 4603 738 4672 chronologi,
770 4603 864 4672 qui
900 4620 1024 4659 eum
1077 4605 1428 4675 septuaginta
1460 4603 1617 4658 annis
1683 4621 1773 4657 rc-

180 4713 393 4763 gnasse
423 4697 690 4750 scribunt.
728 4696 946 4762 Strabo,
993 4696 1089 4752 lib.
1119 4713 1239 4759 aut.
1283 4697 1339 4751 in
1371 4696 1599 4750 Arcadia
1649 4711 1772 4747 cum

183 4791 360 4844 tradit
401 4790 628 4845 obiisse.
669 4789 804 4844 Vide
835 4799 885 4843 et
917 4789 1245 4850 Pausaniam
1277 4789 1332 4842 in
1365 4786 1674 4842 Arcadiris.

259 4883 391 4938 Col.
433 4881 557 4936 3l9.
597 4882 856 4936 Teutonus.
888 4881 1098 4946 Dictum
1129 4869 1333 4948 pridem
1365 4882 1429 4933 ad
1462 4880 1652 4932 horum
1687 4893 1774 4932 se—
1853 4939 1858 4944 ,

181 4975 332 5028 rietn
361 4975 670 5040 nominum,
731 4973 1012 5036 Tauteum,
1064 4981 1158 5027 aut
1220 4971 1493 5034 Teuteum,
1540 4969 1624 5026 vel
1650 4986 1773 5025 cum

176 5069 536 5140 diphthongo
559 5067 859 5132 Teuticum,
892 5065 1198 5137 propiorem
1223 5081 1352 5121 vero
1392 5081 1518 5120 esse
1545 5065 1782 5134 scriptu.
1805 5141 1822 5150 ί

176 5179 332 5216 ram.
371 5160 545 5215 Priori
611 5161 774 5213 modo
834 5160 1045 5227 primus
1108 5157 1384 5212 Palatinus
1444 5157 1778 5222 ms.,altcro

176 5256 504 5312 Jomandes
534 5254 701 5324 legit:
746 5255 1019 5308 Pontacns
1075 5262 1255 5306 autem
1300 5253 1625 5307 vetustiores
1657 5251 1773 5306 edi-

176 5351 376 5404 tiones
397 5361 646 5412 secutus,
703 5347 981 5402 Tanteum.
1011 5345 1270 5400 Dissentit
1303 5358 1522 5414 quoque
1553 5343 1780 5413 Syncel-

177 5444 276 5498 lus
306 5441 364 5495 in
403 5439 525 5512 ejus
555 5440 708 5509 regni
741 5439 920 5504 annis,
971 5451 1112 5509 quos
1137 5434 1206 5492 ad
1236 5434 1308 5491 44
1339 5449 1513 5505 usque
1546 5449 1781 5505 exagge-

178 5544 304 5591 rat.
1527 5590 1531 5594 .

256 5628 386 5688 COI.
415 5627 542 5686 521.
569 5627 809 5683 Hectoris
829 5625 931 5695 ﬁlii
956 5623 1116 5679 Ilium
1144 5632 1468 5694 receperunt.
1488 5621 1662 5676 Annis
1681 5618 1782 5675 ab-

180 5724 324 5777 hinc
345 5731 475 5775 octo
499 5721 636 5774 hanc
659 5720 877 5773 demtnn
916 5726 1164 5788 recenset
1187 5715 1499 5785 perint-ham
1530 5711 1780 5780 Scaliger

179 5829 334 5869 mss.
357 5828 502 5885 quos
533 5813 647 5869 scio
675 5811 955 5879 omnibus,
992 5808 1268 5879 editisque
1315 5808 1470 5863 libris
1493 5803 1777 5863 contradi-

1874 3211 2042 3280 regiis
2075 3209 2300 3264 sedibus
2325 3199 2664 3269 restituium.
2696 3206 2879 3276 legere
2909 3219 2993 3262 est
3016 3205 3068 3258 in
3098 3205 3274 3259 Servii
3301 3203 3464 3260 Com-

1873 3304 2157 3358 mentariis
2187 3303 2254 3356 ad
2289 3302 2383 3356 lib.
2413 3317 2462 3356 tx
2495 3299 2787 3365 IEueidos,
2814 3315 2958 3355 vers.
2991 3297 3115 3352 εισι.
3146 3299 3324 3366 Atque
3361 3298 3464 3351 hoc

1873 3397 2044 3450 ferme
2070 3406 2151 3449 est
2189 3398 2269 3461 (ut
2295 3410 2354 3449 se
2384 3409 2470 3448 res
2523 3391 2808 3459 habuerit)
2838 3391 2979 3459 quod
3032 3405 3097 3443 ex
3159 3391 3342 3460 cperis
3373 3389 3457 3442 sui

1874 3490 2127 3542 instituto
2169 3486 2334 3540 rul‘ort
2361 3485 2656 3538 Eusebius.
2692 3483 2963 3538 Cmterum
2992 3491 3042 3535 et
3076 3480 3377 3534 Pausanias
3404 3482 3458 3533 in

1872 3577 2125 3631 Phocicis
2157 3593 2204 3629 c.
2246 3575 2316 3628 Ἦ
2351 3574 2616 3628 Glaucum
2663 3581 2714 3624 et
2750 3571 3156 3640 Eurymaclmm
3210 3573 3458 3622 Antenn-

1873 3670 1949 3723 ris
1979 3669 2117 3722 lilios
2146 3673 2410 3721 memorat
2447 3664 2682 3733 Trojano
2714 3665 2856 3716 bello
2881 3664 3231 3728 superstites,
3262 3661 3462 3729 quibus

1872 3761 1961 3816 alii
1995 3759 2202 3815 addunt
2231 3757 2593 3821 Helicarnem,
2664 3754 2950 3822 Polyhum,
2981 3751 3318 3816 Laodoeum,
3351 3760 3461 3806 etc.

1873 3855 2044 3910 Notus
2078 3867 2294 3922 quoque
2318 3851 2484 3904 Collis
2517 3845 2976 3903 Antenoridarum
3003 3861 3068 3899 ex
3098 3844 3457 3914 Symmacho,

1875 3965 1970 4006 seu
2003 3947 2186 4018 potius
2218 3942 2550 4015 Lysimacho
2584 3950 2799 3994 vetusto
2833 3938 3104 4005 scriptore
3132 3936 3274 4005 apud
3303 3936 3468 3988 scho-

1875 4041 2086 4096 liastcm
2137 4036 2538 4109 Lymphronis,
2571 4044 2676 4089 etc.
2707 4029 3204 4088 Schurzlleischius
3231 4029 3327 4092 ait,
3357 4029 3468 4080 An-

1875 4113 2137 4191 tenOridae
2195 4147 2326 4202 ergo
2384 4145 2492 4184 non
2550 4140 2658 4182 tam
2709 4127 2897 4180 urbem
2929 4123 3227 4194 Trojanam
3272 4131 3465 4175 tenue-

1875 4235 2005 4281 rttnt
2037 4241 2054 4287 ς
2093 4239 2213 4278 eam
2261 4221 2407 4275 enim
2471 4226 2856 4274 restaurarnnt
2914 4214 3266 4270 Hectoridte:
3301 4226 3465 4278 quam

1876 4317 2136 4373 ditionem
2187 4313 2440 4368 Troicam
2503 4309 2887 4380 possederunt.
2912 4306 2970 4361 In
3013 4305 3230 4360 Eusebii
3284 4313 3466 4358 tamen

1880 4409 2094 4477 Eclogis
2127 4404 2516 4470 Scaligeranis,
2542 4403 2602 4455 τὸ
2627 4401 2790 4454 Ἴλιον
2829 4398 3209 4468 ἀνεκτήσαντο
3241 4395 3464 4462 legitur,

1806 4479 1850 4536 θ
1879 4519 1976 4576 pro
2004 4499 2380 4554 ἁνεκτῐοαντο.
2431 4495 2588 4564 Legit
2617 4508 2836 4563 quoque
2871 4491 3116 4559 Scaliger
3155 4489 3210 4543 in
3238 4486 3464 4550 Latino,

1855 4596 2082 4671 ΔΠελειιο
2117 4593 2216 4647 sibi
2250 4589 2564 4654 subsidium,
2599 4595 2708 4640 etc.
2731 4624 2745 4648 ,
2776 4598 2874 4652 pro
2905 4585 3004 4638 eis.

1954 4688 2090 4744 Ibid.
2125 4685 2259 4758 Lydi
2309 4699 2455 4737 mare
2512 4680 2872 4735 obtinuerunt.
2913 4674 3169 4731 Notatum
3200 4681 3330 4727 ante
3367 4683 3470 4724 nos

1857 4769 2060 4834 ldoctis
2085 4781 2240 4842 viris,
2273 4775 2388 4828 haec
2417 4771 2485 4826 de
2550 4768 2720 4824 maris
2779 4767 3014 4837 imperio
3063 4778 3225 4832 penes
3261 4760 3468 4832 Lydos.

1883 4870 2179 4928 Eusebium
2212 4883 2242 4921 e
2281 4867 2528 4921 Castoris
2557 4861 2754 4916 Rhodii
2786 4860 2923 4912 libro
2966 4856 3104 4925 Περὶ
3123 4853 3232 4905 τῶν
3260 4850 3468 4904 Θαλασ-

1885 4961 2319 5035 σοκρατούντων,
2356 4958 2656 5023 accepisse.
2683 4953 2838 5021 Quod
2874 4948 3156 5005 interserit
3185 4947 3236 5000 in
3265 4945 3460 5000 Grazco

1885 5057 2192 5130 Synrellus,
2224 5055 2273 5107 oi
2299 5052 2392 5104 καὶ
2442 5048 2684 5110 Μαίονες
2744 5061 2809 5100 ex
2841 5059 3028 5098 eorum
3089 5041 3303 5095 videtur
3340 5054 3468 5095 sen-

1883 5154 2052 5207 tentia
2088 5149 2420 5212 derivatum,
2474 5143 2564 5213 qui
2594 5143 2760 5196 hosce
2792 5137 3012 5193 Graecos
3039 5151 3104 5188 ex
3153 5133 3378 5187 Miconis
3414 5131 3467 5184 in

1883 5245 2099 5301 Italiam
2132 5241 2343 5296 venisse
2373 5235 2520 5293 credi
2545 5239 2743 5288 terunt.
2775 5230 2953 5284 Monet
2989 5243 3115 5280 vero
3151 5225 3467 5280 Simsonils

1883 5336 2144 5393 Chronic.
2174 5330 2392 5386 Cathol.
2425 5337 2559 5397 part.
2589 5339 2648 5387 tl,
2710 5320 2966 5383 Mmones,
3025 5319 3116 5388 qui
3153 5327 3274 5383 pust
3307 5313 3470 5366 Troi-

1885 5444 2009 5484 cum
2052 5425 2311 5482 szeculum
2340 5421 2472 5494 Lydi
2503 5413 2838 5473 dcnominati
2895 5422 3040 5473 sunt,
3069 5421 3163 5462 aut
3195 5407 3464 5469 nondum,

1885 5532 1980 5578 aut
2009 5519 2152 5591 quod
2177 5516 2363 5572 verius
2393 5511 2696 5572 existimat,
2753 5502 3233 5591 nunquammaris
3290 5500 3466 5591 impe-

1889 5584 2039 5662 rium'
2063 5603 2394 5659 obtinuisse.
2432 5598 2556 5669 Ipse
2587 5595 2864 5668 Lydorum
2906 5589 3128 5644 nomine
3153 5584 3466 5656 Tyrrhenos

1888 5696 2455 5770 intrlligiarhitratur.
2512 5691 2618 5746 Sed
2675 5697 2729 5744 et
2783 5679 3256 5751 θαλασσοκρκτῑας
3290 5690 3467 5730 annos

1889 5794 1976 5867 ιβ’
2009 5794 2154 5850 addit
2189 5789 2504 5862 Synct-llus,
2536 5794 2591 5840 et
2640 5781 2785 5854 quod
2815 5777 2974 5852 primi
3013 5772 3144 5847 Lydi
3176 5773 3317 5827 inter
3347 5783 3469 5825 ma-

3523 590 3553 616 Α
