3964 6186
281 307 378 372 85⁸1

1549 309 1634 369 VA
1649 305 1784 368 LLA
1798 306 1949 365 RSII
1989 306 2232 366 NOT.-E.

3438 314 3546 373 sis

288 423 477 492 Γρωία..
515 421 774 484 diluere;
809 421 904 474 ἐπὶ
948 419 1320 490 Ἡρακλειδῶν
1375 411 1624 484 κάτοδον,
1655 418 1748 488 ἐτη
1778 417 1859 486 ὁγ-

1981 419 2127 470 latus
2168 425 2398 470 moutcnt
2429 417 2651 483 editum,
2691 417 2780 489 qui
2827 434 2966 472 nunc
3005 419 3075 474 ab'
3104 437 3165 473 ea
3204 421 3335 474 urbe
3363 439 3481 491 qua:
3507 429 3562 478 in

279 517 546 585 δοὴκοντα
607 533 620 567 :
677 523 912 583 tempora
958 517 1030 568 sic
1064 515 1342 579 describit,
1388 530 1418 566 ιι
1454 511 1614 583 Troja
1653 513 1865 578 quidem

280 621 433 674 capta
468 607 536 659 ad
571 605 985 659 Heraclidarum
1030 606 1377 670 descensum,
1411 605 1539 656 anni
1576 605 1862 673 octoginta.

281 700 545 754 Rationes
594 697 729 756 istas
764 697 1084 752 Paterculus
1126 711 1347 767 quoque
1401 695 1499 751 lib.
1534 711 1572 761 ι,
1614 711 1737 766 cap.
1787 695 1863 758 2,

279 787 496 856 probat,
531 782 685 849 Tum,
713 785 993 855 inquiens,
1051 784 1159 854 fere
1203 801 1344 839 anno
1388 786 1696 854 octogesimo
1750 792 1867 852 post

283 877 507 947 Trojam
549 889 791 948 captam,
823 880 1106 934 centesimo
1163 889 1217 934 et
1249 880 1497 934 vicesimo
1526 895 1688 949 quam
1733 877 1868 932 Iler-

282 975 426 1024 cutes
469 970 539 1024 ad
590 973 716 1025 deos
773 981 1102 1037 excesserat,
1160 971 1372 1039 Pelopis
1421 971 1716 1042 progenies,
1747 986 1867 1038 qua:

282 1065 428 1116 omni
462 1065 560 1116 hoc
617 1074 870 1132 tempore,
925 1065 1095 1134 pulsis
1148 1064 1474 1130 Heraclidis,
1515 1065 1866 1134 Peloponnesi

280 1157 564 1224 imperium
586 1157 908 1221 obtinuerat,
937 1158 1001 1210 ab
1024 1155 1268 1212 Herculis
1299 1159 1546 1230 progenie
1565 1157 1864 1226 expellitur.

286 1247 458 1300 Duces
494 1248 844 1312 recuperandi
871 1248 1082 1314 imperii
1105 1249 1255 1317 fuere
1279 1247 1556 1315 Temenus,
1575 1249 1868 1317 Cresphon-

282 1350 382 1404 tes,
417 1339 798 1403 Aris-odemus,
837 1356 1060 1409 quorum
1118 1342 1312 1395 abacus
1345 1341 1646 1412 (Hercules)
1669 1343 1866 1411 fuerat.

283 1429 497 1483 Caetera
536 1432 758 1492 vidcsis.
791 1448 854 1486 ex
912 1449 1020 1501 quo
1057 1431 1248 1488 isthaee
1295 1433 1674 1500 delibavinius,
1726 1433 1868 1487 Sim-

284 1523 505 1575 sunium
562 1522 821 1578 Cbroniei
884 1522 1105 1578 Cathol.
1160 1534 1303 1594 part.
1360 1529 1424 1580 de
1477 1527 1732 1581 universa
1775 1527 1868 1581 illa

285 1613 523 1668 historia
570 1615 1002 1670 luculentissima
1066 1618 1483 1672 edi'sserentem.
1535 1617 1756 1682 Confer,
1823 1619 1868 1674 si

279 1707 438 1774 libet,
469 1711 631 1762 etiam
676 1727 797 1779 quae
851 1709 919 1766 de
971 1711 1243 1780 Apollinis
1295 1728 1561 1780 responso
1587 1715 1869 1769 obscuris-

1969 525 2030 562 eo
2061 513 2274 562 condita
2309 520 2406 572 est,
2456 511 2690 564 Albanus
2727 521 3087 580 nuncupatur,
3117 514 3382 566 civitatem
3423 534 3565 570 com-

1969 603 2168 668 munit,
2207 619 2428 671 eamque
2476 619 2538 656 επ
2585 603 2760 672 forma
2806 605 2964 674 (quod
2998 607 3072 658 ita
3108 608 3160 660 in
3193 607 3405 678 longum
3433 625 3562 676 por-

1969 708 2150 749 rectus
2178 700 2338 763 esset)
2373 696 2608 766 Longam
2643 714 2656 750 :
2687 712 2752 751 ea:
2781 697 2958 753 colore
2995 699 3108 753 suis
3139 701 3328 754 Albam
3365 719 3562 772 cogno-

1969 790 2218 844 minavit.
2252 787 2532 843 Veriorcm
2577 791 2967 862 etymologiam
3023 792 3233 862 profert
3286 794 3566 849 Diodorus

1970 879 2192 936 Siculus
2227 882 2482 935 laudatus
2530 881 2786 953 Syncello
2815 925 2830 949 ,
2889 884 2958 939 ab
2995 885 3130 939 Alba
3177 885 3365 952 fluvio,
3396 903 3556 957 quem

1970 986 2209 1043 sequens
2241 983 2374 1028 tetas
2392 973 2632 1028 Tiberim
2653 975 2789 1029 dixit
2818 992 2831 1028 :
2862 977 2962 1030 Ἢν
3015 979 3298 1048 ῶνὸμασεν
3330 981 3438 1034 ἀπὸ
3464 984 3564 1037 tot}

1969 1063 2220 1135 ποταμοῦ
2247 1064 2342 1118 τοῦ
2378 1067 2499 1118 τότε
2562 1067 2660 1136 μὲν
2718 1068 2889 1122 Ἀλδᾶ
2945 1071 3308 1141 καλουμένου,
3359 1076 3453 1128 νῦν
3500 1076 3560 1130 δὲ

1969 1155 2221 1226 Τισέρῑος
2256 1156 2684 1226 ὀνομαζομένου.

2043 1245 2180 1299 Ibid.
2226 1243 2468 1314 Mycenis
2493 1261 2640 1314 regn.
2675 1244 3008 1303 Tisamenns.
3043 1248 3394 1306 'l'isamenum
3427 1251 3559 1308 Sca-

1971 1336 2106 1407 liger
2143 1345 2271 1392 ante
2305 1353 2477 1392 annos
2521 1340 2766 1410 quinque
2805 1343 3119 1409 recensuit,
3172 1344 3349 1399 solido
3401 1346 3556 1416 juxta

1967 1431 2089 1504 ejus
2127 1433 2370 1488 rationes
2403 1433 2674 1487 decennio
2709 1444 2833 1488 ante
2881 1435 3290 1491 llcraelidarum
3322 1439 3560 1494 descen-

1971 1539 2118 1576 sum.
2155 1523 2269 1590 Qua
2311 1529 2362 1578 in
2396 1541 2453 1579 re
2508 1542 2608 1582 nec
2664 1529 2764 1582 sibi
2824 1527 3042 1596 quidem
3103 1539 3374 1596 constat;
3427 1543 3559 1583 nam

1972 1615 2382 1671 Ileraclidar‘um
2435 1619 2567 1674 illud
2610 1630 2821 1689 gestum
2880 1621 3000 1675 ideo
3050 1637 3141 1676 sex
3177 1623 3335 1675 annis
3389 1639 3416 1675 a
3468 1640 3556 1676 rv-

1971 1708 2234 1762 censione
2264 1712 2366 1761 hac
2395 1717 2583 1764 nostra
2616 1709 2850 1777 distulit,
2888 1720 2969 1776 ut,
3006 1709 3300 1765 Tisamcno
3324 1715 3374 1766 in
3401 1712 3555 1768 Pelo-

275 1801 424 1855 simo
477 1803 543 1854 ad
603 1799 918 1857 Heraclidas
977 1804 1294 1858 observavit
1361 1803 1678 1861 OEnomaus
1719 1807 1864 1876 apud
1899 1789 1940 1845 Β
1970 1815 2215 1868 ponneso
2250 1816 2434 1854 rerum
2491 1803 2758 1872 potiente,
2794 1803 3063 1858 accidisse
3091 1804 3471 1875 significaret:
3502 1814 3557 1859 et

279 1901 529 1946 nustrnm
549 1889 843 1947 Eusebium
873 1893 967 1948 lib.
998 1909 1029 1945 ν
1053 1891 1353 1963 Praeparat.
1375 1895 1609 1966 Evang.,
1630 1911 1751 1967 cap.
1770 1896 1861 1953 20.

357 1983 495 2037 Ibid.
532 1985 812 2038 Ascanius.
839 1984 1078 2040 Omnino
1110 2003 1423 2056 perperam,
1451 2000 1508 2044 et
1548 2001 1737 2046 contra
1769 2007 1864 2046 ve—

282 2090 461 2134 terum
516 2081 778 2135 librorum
845 2085 1002 2137 Iidem
1053 2083 1297 2155 Scaliger
1342 2086 1480 2141 hanc
1535 2088 1604 2141 de
1649 2089 1863 2142 condita

280 2175 354 2227 ab
404 2175 643 2229 Ascanio
700 2177 836 2230 Alba
893 2177 1203 2246 periocham
1236 2193 1245 2235 ξ
1279 2189 1404 2234 ante
1448 2195 1622 2234 annos
1679 2181 1865 2236 retulit

279 2267 679 2337 duodeviginti.
709 2267 1096 2324 EtEusebium
1166 2281 1346 2326 tamen
1393 2272 1446 2326 in
1505 2273 1647 2328 notis
1678 2275 1743 2328 dc
1777 2274 1863 2327 in-

287 2359 438 2429 genti
493 2361 907 2429 prochronismo
962 2373 1221 2430 accusat,
1269 2379 1432 2434 quem
1488 2381 1585 2419 sua
1639 2365 1876 2435 ipsemet.

281 2450 439 2518 culpa
475 2452 693 2508 admisit
730 2471 745 2506 :
798 2468 864 2508 ac
899 2464 1103 2510 temere
1149 2457 1263 2520 ait,
1309 2456 1729 2511 condonandqu
1782 2457 1861 2513 illi

281 2545 524 2608 auctori,
554 2543 928 2600 Romanarum
961 2546 1236 2618 originum
1283 2549 1496 2618 ignaro,
1526 2551 1774 2620 quisquis
1816 2553 1863 2606 is

283 2635 532 2704 fuit,qni
581 2637 819 2690 Eusebio
839 2641 1132 2706 persuasit,
1178 2641 1477 2705 Ascanium
1513 2643 1670 2696 initio
1711 2645 1878 2712 regni.

282 2731 367 2782 sui
400 2729 711 2783 condidisse
752 2732 968 2794 Albam,
1017 2749 1141 2788 cum
1171 2749 1293 2787 eam
1355 2735 1664 2789 condiderit
1711 2746 1864 2805 post-

280 2835 444 2888 quam
479 2820 765 2875 novercale
814 2821 1101 2878 Lavinium
1140 2825 1483 2894 reliquisset.
1529 2827 1737 2897 Nempe
1759 2829 1862 2882 hoc
1910 2852 1920 2862 ι

279 2911 488 2968 faciunt
521 2915 772 2980 proxime
801 2913 869 2968 ad
897 2930 1090 2970 verum
1119 2921 1382 2971 accedere
1411 2933 1537 2972 cum
1565 2917 1860 2988 Pontacus,

275 3013 332 3058 et
364 3018 503 3073 quos
548 3004 637 3058 ille
670 3006 948 3062 consuluit
997 3022 1132 3063 mss.
1178 3008 1302 3064 libri
1345 3019 1508 3081 atque
1561 3011 1716 3077 editi,
1747 3023 1860 3067 tum

1973 1893 2119 1945 hunc
2161 1902 2367 1956 tamen,
2421 1892 2506 1946 sui
2549 1897 2857 1958 immemor,
2899 1902 3052 1948 tanto
3108 1895 3238 1949 fecit
3271 1896 3558 1950 intervallo

1969 1985 2298 2051 praecedere,
2334 1993 2392 2038 ut
2420 1999 2594 2054 neque
2612 1996 2795 2055 posset
2818 2001 2940 2040 cum
2965 1989 3082 2058 ejus
3115 1987 3218 2041 vita
3253 1999 3464 2058 gestum
3488 1989 3561 2044 il-

1970 2072 2060 2126 lud
2085 2088 2435 2129 concurrere.
2455 2075 2746 2132 Enimvero
2777 2075 3148 2142 Tisamcnum,
3189 2080 3556 2134 utet'fratrem

1968 2166 2088 2234 ejus
2121 2166 2471 2234 Penthilutn,
2522 2170 2640 2224 solo
2691 2177 2817 2240 post
2869 2169 3078 2224 Orestis
3116 2171 3286 2240 patris
3341 2171 3553 2224 unitum

1971 2263 2208 2316 triennio
2240 2277 2518 2331 regnasse,
2553 2263 2748 2318 scribit
2778 2261 3014 2319 Velleius
3045 2263 3476 2319 Paterculnslib.
3515 2280 3553 2330 ι,

1966 2369 2086 2423 cap.
2127 2355 2177 2409 l.
2237 2353 2476 2410 Proinde
2511 2355 2715 2410 rectius
2747 2357 2983 2411 fortasse
3018 2359 3071 2410 in
3101 2358 3278 2426 primo
3311 2357 3566 2411 Palatino-

1968 2467 2072 2505 ms.
2101 2451 2286 2507 isthmc
2320 2453 2580 2522 periocha
2615 2453 2681 2508 ad
2736 2470 2890 2508 num.
2932 2455 3001 2508 26
3033 2452 3306 2517 Latinum,
3349 2453 3440 2523 qui
3472 2463 3558 2510 est

1965 2544 2412 2600 Ahrahamiticus
2452 2545 2579 2612 867,
2621 2546 2876 2602 refertur.
2923 2547 3029 2600 Alii
3074 2545 3304 2601 Palatini
3338 2548 3566 2603 codices;

1969 2637 2160 2693 minus
2195 2648 2342 2692 recte
2383 2619 2762 2708 Tysmuenunt,
2793 2649 2852 2692 ut
2893 2649 2945 2692 et
2974 2639 3224 2693 Sichat‘di
3250 2639 3416 2694 editio
3438 2638 3558 2693 Tia-

1965 2749 2260 2796 sumenum,
2295 2735 2498 2800 legunt.
2587 2753 2596 2760 '

2039 2825 2157 2877 Col.
2194 2824 2322 2879 521.
2360 2823 2560 2877 Iulium
2616 2823 2810 2892 ﬁlium.
2863 2823 3079 2878 Primus
3111 2823 3393 2879 Palatinus
3444 2840 3550 2879 tns.

1964 2915 2146 2970 Julunt
2170 2933 2325 2970 verat
2350 2935 2361 2969 :
2389 2927 2743 2986 notatumque
2772 2917 2843 2972 ibi
2869 2918 3190 2988 A'utiquario
3211 2917 3555 2974 Salinasiauo

1967 3005 2038 3058 al.
2075 3003 2284 3056 Juliunt
2324 3001 2566 3072 Sylviuin
2623 3003 2750 3072 legi,
2785 3019 2945 3073 quam
2998 3005 3329 3068 lectionem,
3375 3005 3553 3074 inquit

277 3097 458 3152 nostri
499 3113 714 3163 omnes,
742 3107 799 3153 et
831 3109 1068 3169 quatuor
1097 3099 1357 3169 Palatini,
1383 3105 1574 3173 juncta
1609 3104 1858 3161 Sichardi
1890 3126 1934 3185 ο
1970 3093 2484 3161 S..-hurzﬂcischius,
2522 3097 2763 3152 retinent
2809 3107 2921 3152 tres
2951 3096 3181 3151 Palatini
3212 3111 3351 3185 mss.
3382 3106 3436 3151 et
3465 3097 3553 3152 Si-

275 3190 519 3245 editione
549 3191 694 3260 apud
742 3191 1286 3261 Schurzlleischium,
1317 3197 1409 3267 qui
1444 3214 1557 3268 part
1584 3213 1858 3255 consensu

273 3281 343 3336 ad
383 3298 540 3337 num.
577 3284 788 3338 huncce
819 3282 1077 3340 Latinum
1111 3286 1203 3353 21,
1245 3292 1360 3343 sive
1389 3289 1858 3348 Abrahamiticum

275 3377 404 3440 762,
458 3378 574 3433 haec
614 3377 881 3434 referunt.
937 3377 1090 3450 Legit
1142 3391 1405 3451 praeterea
1474 3385 1656 3441 minus
1714 3395 1860 3439 recte

275 3469 550 3538 Scaliger.
616 3471 867 3525 derelicto
917 3489 1154 3527 noverca:
1213 3489 1326 3528 suae
1389 3472 1626 3530 Laviniae
1679 3492 1870 3547 regno,

274 3561 466 3614 Albam
495 3561 752 3627 condidit,
790 3562 954 3615 etiam
1003 3573 1389 3632 cognomento,
1418 3563 1683 3636 Longam,
1719 3583 1860 3636 prst-

279 3651 561 3708 termisso.
593 3651 747 3719 Quod
773 3653 995 3724 quidem
1046 3663 1102 3708 et
1147 3656 1355 3725 primus
1382 3655 1662 3712 Palatinus
1697 3668 1858 3722 tacet,

274 3754 331 3799 et
361 3743 622 3801 Lavinum
653 3745 840 3813 habet,
877 3763 974 3817 pro
1003 3746 1216 3802 Lavinii
1253 3767 1272 3804 :
1313 3765 1376 3803 ex
1408 3766 1519 3820 quo
1559 3752 1743 3806 mallet
1775 3769 1860 3808 re-

273 3837 523 3894 acribere
569 3835 1069 3896 Schurzﬂeischius
1099 3881 1114 3906 ,
1177 3842 1428 3896 derelicta
1493 3859 1719 3897 noverca
1757 3861 1857 3897 sua

275 3928 510 3996 Lavinii,
546 3930 759 4001 longam
793 3931 982 3986 Albam
1007 3935 1244 3988 condidit
1289 3951 1308 3989 :
1353 3945 1406 3989 et
1448 3951 1562 3991 sua:
1595 3938 1857 3992 emenda-

271 4029 409 4082 tioni
430 4026 615 4082 favere
636 4028 870 4083 Plinium
901 4030 995 4086 lib.
1027 4046 1066 4094 ι,
1088 4045 1206 4100 cap.
1233 4032 1268 4086 5
1289 4033 1610 4100 ,contendit.
1635 4031 1858 4090 Falsum

269 4121 444 4186 enim,
471 4121 680 4184 subdit,
731 4131 848 4188 est,
903 4122 1028 4178 ideo
1059 4123 1355 4179 Ascanium
1389 4125 1570 4179 statim
1627 4142 1854 4197 regnum

267 4211 656 4281 dereliquisse,
685 4214 812 4282 quia
856 4213 1050 4269 Albam
1107 4215 1300 4270 maluit
1329 4229 1450 4271 esse
1485 4217 1853 4286 metropolim.

269 4305 508 4361 Deduxit
531 4307 711 4374 potius
732 4305 1024 4380 Ascanius,
1057 4307 1222 4374 filius,
1252 4319 1308 4362 ut
1334 4307 1624 4380 Dionysius
1657 4310 1854 4374 voluit,

266 4398 532 4462 Laviniae,
578 4400 764 4454 verius
824 4378 953 4456 varo
1002 4400 1126 4472 ejus
1181 4403 1504 4474 privignus,
1557 4403 1852 4471 coloniam,

1966 3188 2232 3242 chartlina
2272 3188 2467 3241 editio.
2532 3188 2609 3241 Ac
2645 3203 2806 3256 porro
2853 3185 3027 3256 pergit
3074 3185 3182 3252 ille,
3211 3184 3390 3239 Jnlum
3421 3200 3554 3240 sane

1967 3287 2164 3333 vocant
2230 3277 2431 3330 Strabo
2481 3277 2573 3364 lib.
2622 3292 2744 3342 xm,
2791 3292 2844 3346 p.
2897 3276 3024 3342 595,
3055 3284 3109 3331 et
3157 3275 3399 3346 plerique
3437 3275 3552 3332 alii.

1968 3365 2208 3436 Sylvium
2244 3365 2287 3418 si
2332 3365 2636 3419 retinemus
2666 3404 2681 3428 ,
2719 3367 3163 3432 meminerimus,
3203 3366 3352 3435 quod
3393 3367 3549 3424 dica-

1966 3470 2055 3512 tur
2088 3474 2321 3512 numero
2355 3457 2459 3513 879
2488 3474 2678 3513 omnes
2711 3474 2737 3510 a
2770 3458 2958 3528 Sylvio
2998 3457 3282 3526 Postumo,
3312 3462 3550 3518 Albauo~

1965 3569 2082 3606 rum
2114 3568 2260 3620 rege,
2291 3549 2483 3604 Silvios
2513 3564 2636 3604 esse
2686 3552 2882 3606 dictos.
2925 3551 2989 3606 Ὀ
3015 3551 3239 3622 τρόπος,
3267 3555 3548 3624 ἀναχρονι-

1965 3643 2124 3709 σμὸς.
2186 3640 2359 3695 Οὔπω
2395 3642 2505 3711 γὰρ
2536 3635 2604 3712 ἦν
2634 3642 2662 3694 ὁ
2703 3641 2946 3704 Σιλούϊος
2973 3643 3031 3693 ὲν
3061 3641 3237 3709 τούτῳ
3257 3643 3339 3710 τῷ
3373 3646 3556 3716 χρόνῳ·

1961 3737 2133 3807 ἡτῶν
2174 3733 2445 3803 βασιλέων
2506 3735 2819 3804 ἐπωνυμία.
2883 3735 3034 3790 Adde
3086 3735 3308 3806 eclogas
3337 3753 3402 3790 ex
3441 3736 3550 3790 Eu-

1961 3829 2116 3884 sebio
2147 3828 2548 3899 Scaligeranas,
2588 3827 2686 3882 lib.
2723 3845 2761 3891 ι,
2807 3843 2860 3898 p.
2889 3827 2978 3893 54,
3012 3839 3077 3884 et
3121 3829 3436 3899 Syncctlum
3487 3845 3544 3900 p.

1961 3923 2086 3989 17⁸7,
2121 3921 2212 3976 ubi
2250 3921 2543 3993 utrobique
2582 3932 2814 3976 vocatur
2864 3921 3108 3986 Σιλούϊος
3147 3922 3390 3985 Ἰούλιος.
3429 3917 3548 3976 Ca:-

1961 4024 2137 4069 tcrum
2184 4029 2365 4085 neque
2423 4015 2585 4084 hujus
2622 4013 2750 4080 loci,
2793 4030 2974 4084 neque
3021 4015 3275 4085 proximo
3323 4027 3549 4070 antece-

1958 4103 2142 4160 dentis
2199 4112 2504 4174 snppetunt
2569 4104 2756 4160 Graeca
2815 4123 2828 4159 :
2882 4106 3242 4176 quatuobrem
3299 4106 3552 4178 Scaliger-

1957 4198 2292 4267 suspicatur,
2325 4197 2442 4250 haec
2474 4195 2542 4252 de
2571 4211 2670 4251 suo
2734 4195 3127 4268 Hieronymum
3159 4213 3549 4269 exaggerasse,

1956 4290 2048 4359 qui
2079 4289 2145 4345 ab
2169 4290 2388 4344 excidio
2422 4288 2602 4359 Troiae
2639 4290 2693 4344 in
2739 4291 2841 4344 hoc
2872 4289 3152 4346 Chronico
3178 4306 3240 4345 se
3271 4293 3438 4345 multa
3475 4294 3552 4348 de

1958 4381 2200 4438 Historia
2235 4382 2428 4438 Latina
2451 4383 2756 4454 aspersisse
2791 4368 2944 4438 dicit.

261 4493 646 4564 condiditque,
700 4493 844 4564 μετὰ
876 4493 989 4549 τῶν
1018 4463 1127 4548 ἀπὸ
1159 4463 1254 4549 τόὗ
1283 4463 1542 4562 Λξϐινίδυ
1582 4463 1852 4566 Δατίνωνξ

2029 4475 2150 4534 Col.
2208 4474 2522 4547 3‘23.-Agon
2567 4473 2875 4546 Lyciorum.
2925 4477 3105 4544 Atque
3158 4475 3272 4528 haec
3298 4473 3548 4545 Scaliger

261 4585 476 4656 Τρώων
535 4587 730 4650 ὄντων,
771 4587 966 4643 Albam
1002 4588 1267 4657 Latagum.
1308 4587 1493 4643 Nihilo
1535 4590 1719 4644 minus
1754 4602 1855 4644 rex

261 4674 588 4731 Latinorum
630 4689 752 4730 esse
787 4691 893 4731 nou
921 4675 1110 4741 desiit,
1141 4691 1317 4746 neque
1338 4675 1563 4732 Lavinia
1586 4678 1707 4746 ejus
1731 4679 1850 4732 loco

259 4767 544 4822 dominata
590 4783 736 4834 esse,
769 4768 912 4838 apud
958 4769 1128 4824 ullum
1161 4769 1486 4839 scriptorem
1515 4770 1731 4840 legitur,
1763 4769 1848 4823 vel

256 4861 427 4915 etiam
460 4857 769 4916 Romanum
801 4861 1092 4930 imperimn
1137 4861 1374 4917 divisum
1432 4860 1620 4917 fuisse.
1650 4859 1850 4938 Suspi-l

207 4952 212 4956 ’
259 4963 422 5006 catur
456 4963 640 5010 tamen
696 4953 988 5023 Dionysius
1029 4952 1530 5010 llaliearnasseusis
1552 4993 1567 5017 ,
1597 4955 1700 5008 sub
1730 4970 1847 5008 mu-

260 5045 421 5100 liebri
473 5045 773 5115 aliquando
812 5047 979 5101 tutela
1035 5061 1260 5116 regnum
1296 5045 1616 5101 Latinorum
1651 5047 1843 5114 fuisse,

257 5153 386 5192 cum
419 5138 661 5192 nondum
710 5139 876 5193 fuerit
929 5148 1053 5208 post
1088 5139 1300 5195 obitum
1351 5137 1542 5195 :Eneaz
1577 5140 1845 5195 Ascanius

258 5227 493 5296 imperio
524 5239 797 5289 maturus.
831 5244 931 5283 nec
961 5227 1223 5283 diliitetur
1251 5237 1457 5287 tamen.
1491 5227 1680 5282 omnia
1721 5242 1845 5281 esse

259 5318 460 5387 ἄπορα.
489 5319 584 5372 καὶ
624 5319 984 5390 παραδόσεων
1035 5319 1317 5389 γεμοῦντα
1367 5335 1490 5387 qua:
1543 5329 1761 5384 eruant,
1793 5317 1842 5370 οἱ

257 5408 330 5459 τὰ
392 5401 515 5472 Aio;
561 5410 792 5464 ἐνύπνια
844 5412 1108 5466 assecuti.
1145 5411 1295 5466 Adde
1346 5424 1587 5466 nuncex
1619 5410 1842 5466 Aurelio

256 5499 484 5556 Victore
525 5502 740 5565 isthtec,
771 5504 1058 5569 Ascanius,
1103 5503 1374 5574 completis
1415 5505 1468 5558 in
1504 5501 1723 5558 Lavinio
1770 5500 1841 5557 50

255 5593 438 5656 annis,
471 5596 780 5647 recordatus
800 5611 943 5649 nocte
968 5598 1110 5650 urbis
1129 5596 1413 5650 condent/te
1447 5603 1649 5662 tempus
1683 5595 1841 5648 adt-e-

255 5685 399 5739 nisss
433 5691 519 5750 {ex
544 5703 762 5752 numero
787 5704 1065 5756 parcarum
1115 5703 1242 5757 quos
1273 5695 1646 5755 pepereratsus
1673 5683 1835 5759 alba),

252 5780 650 5847 circumspectis
681 5782 967 5851 diligenter
997 5781 1240 5850 ﬁnitimis
1288 5779 1616 5849 regionibus,
1649 5793 1834 5846 specu-

1954 4570 2193 4625 trieunio
2222 4579 2350 4625 ante
2380 4569 2639 4626 collocat.
2665 4567 2724 4625 ln
2750 4567 2904 4623 Notis
2928 4569 2994 4623 de
3021 4566 3547 4639 LycaeorumAgone

1955 4661 2054 4731 (sic
2104 4663 2254 4716 enim
2307 4662 2410 4733 legi
2461 4662 2575 4716 vult
2605 4677 2704 4732 pro
2737 4660 3052 4731 Lyciorum;
3116 4676 3240 4716 nam
3272 4671 3326 4716 et
3357 4677 3540 4728 sacra,

1951 4771 2058 4811 non
2122 4757 2326 4822 Λύκια,
2392 4757 2488 4813 sed
2562 4757 2781 4812 Λύκαια
2844 4758 3090 4826 antiquis
3172 4757 3542 4828 appellantur)

1950 4851 2084 4906 satis
2118 4850 2356 4916 erudite,
2385 4851 2597 4920 prolixe
2634 4859 2819 4905 autem
2846 4848 3090 4904 fortasse
3112 4849 3279 4901 nimis
3310 4863 3375 4901 ex
3403 4847 3543 4903 Pin-

1949 4942 2094 4997 daro
2121 4941 2351 5011 ejusque
2381 4944 2549 4996 veteri
2597 4940 2926 5005 Scholiasta,
2965 4938 3239 4995 Pausania
3273 4939 3327 4994 in
3366 4939 3538 4993 Ατειιο

1949 5035 2113 5099 dicis,
2141 5033 2526 5101 TheOphrasto
2557 5034 2700 5101 apud
2733 5032 3122 5102 Porphyrium,
3165 5042 3328 5103 atque
3360 5031 3486 5086 aliis
3515 5072 3535 5094 ,

1947 5145 2070 5200 quae
2102 5130 2207 5183 huc
2241 5140 2418 5182 tamen
2466 5127 2693 5193 referre,
2730 5127 2954 5181 minime
3004 5125 3070 5178 ad
3121 5141 3243 5180 rem
3295 5124 3533 5178 videtur.

1951 5225 2074 5279 llaec
2101 5238 2315 5278 summa
2341 5222 2417 5276 rei
2467 5227 2570 5284 est,
2607 5218 2912 5291 Lycaonem
2969 5216 3086 5274 ,ιονί
3134 5219 3530 5290 LycteOfsacra

1949 5317 2136 5389 Lycma
2173 5313 2302 5369 olim
2340 5312 2669 5378 instituisse,
2701 5327 2824 5368 cum
2881 5311 2935 5366 in
2989 5320 3176 5365 monte
3207 5308 3399 5378 Lyca'o
3432 5323 3531 5359 ure

1949 5411 2068 5464 bem
2125 5408 2458 5479 Lycosuram
2525 5405 2883 5461 condidisset.
2957 5402 3129 5457 Porro
3211 5400 3525 5469 Lycaonem

1943 5499 2180 5573 Nyctimi
2243 5509 2450 5568 patrem
2498 5498 2664 5554 fuisse
2715 5516 2729 5552 :
2781 5497 2887 5554 sub
2929 5493 3180 5566 Nyctimo
3230 5491 3524 5561 diluvium,

1945 5606 2110 5666 atque
2164 5595 2302 5648 adeo
2341 5592 2649 5662 antiquiora
2699 5591 2872 5645 multo
2926 5602 3046 5643 esse
3084 5585 3275 5654 Lycen
3315 5600 3329 5636 :
3382 5599 3528 5639 nunc

1944 5702 2075 5742 vero
2113 5687 2221 5740 diei
2279 5685 2567 5749 instituta,
2620 5683 2750 5754 quia
2798 5682 3034 5735 fortasse
3067 5680 3396 5731 instaurata.
3433 5674 3528 5730 Sto

1943 5777 2223 5847 Olympias
2252 5778 2319 5831 ab
2345 5776 2520 5847 lpbito
2551 5774 2800 5829 instituta
2830 5771 3056 5837 dicitur,
3087 5783 3211 5823 cum
3245 5765 3336 5824 ille
3367 5765 3525 5838 Agna
