  <div class='ocr_page' id='page_1' title='image "/cluster/home/n/w/nwhite01/storage/ocr_20150623/27/hvd.32044096580501/423.png"; bbox 0 0 3964 6186; ppageno 0'>
   <div class='ocr_carea' id='block_1_1' title="bbox 416 5295 1754 5376">
    <p class='ocr_par' dir='ltr' id='par_1_1' title="bbox 416 5295 1754 5376">
     <span class='ocr_line' id='line_1_1' title="bbox 416 5295 1754 5376; baseline -0.005 -22"><span class='ocrx_word' id='word_1_1' title='bbox 416 5343 434 5376; x_wconf 36' lang='lat'><strong>_..</strong></span> <span class='ocrx_word' id='word_1_2' title='bbox 507 5299 804 5354; x_wconf 70' lang='grc' dir='ltr'><strong>ΣΙΛΕΙᾹΣ.</strong></span> <span class='ocrx_word' id='word_1_3' title='bbox 837 5298 913 5352; x_wconf 85' lang='lat' dir='ltr'><strong>lla</strong></span> <span class='ocrx_word' id='word_1_4' title='bbox 952 5297 1096 5352; x_wconf 89' lang='lat' dir='ltr'><strong>enim</strong></span> <span class='ocrx_word' id='word_1_5' title='bbox 1137 5295 1312 5350; x_wconf 58' lang='lat' dir='ltr'><strong>Graeci</strong></span> <span class='ocrx_word' id='word_1_6' title='bbox 1357 5295 1754 5360; x_wconf 68' lang='grc' dir='ltr'><strong>ἐλλειπτικῶς,</strong></span> 
     </span>
    </p>
   </div>
   <div class='ocr_carea' id='block_1_2' title="bbox 497 295 604 360">
    <p class='ocr_par' dir='ltr' id='par_1_2' title="bbox 497 295 604 360">
     <span class='ocr_line' id='line_1_2' title="bbox 497 295 604 360; baseline -0.037 1"><span class='ocrx_word' id='word_1_7' title='bbox 497 295 604 360; x_wconf 80' lang='lat'><strong>839</strong></span> 
     </span>
    </p>
   </div>
   <div class='ocr_carea' id='block_1_3' title="bbox 1758 292 3654 387">
    <p class='ocr_par' dir='ltr' id='par_1_3' title="bbox 1758 292 3654 387">
     <span class='ocr_line' id='line_1_3' title="bbox 1758 292 3654 387; baseline 0.009 -35"><span class='ocrx_word' id='word_1_8' title='bbox 1758 292 2167 360; x_wconf 77' lang='lat' dir='ltr'><strong>VALLARSII</strong></span> <span class='ocrx_word' id='word_1_9' title='bbox 2194 292 2434 361; x_wconf 56' lang='lat' dir='ltr'><strong>norm.</strong></span> <span class='ocrx_word' id='word_1_10' title='bbox 3571 315 3654 387; x_wconf 65' lang='lat' dir='ltr'><strong>sio</strong></span> 
     </span>
    </p>
   </div>
   <div class='ocr_carea' id='block_1_4' title="bbox 494 400 3654 484">
    <p class='ocr_par' dir='ltr' id='par_1_4' title="bbox 494 400 3654 484">
     <span class='ocr_line' id='line_1_4' title="bbox 494 400 3654 484; baseline 0.005 -23"><span class='ocrx_word' id='word_1_11' title='bbox 494 427 523 461; x_wconf 71' lang='grc' dir='ltr'>τι</span> <span class='ocrx_word' id='word_1_12' title='bbox 567 405 764 473; x_wconf 80' lang='lat' dir='ltr'><strong>Pelope</strong></span> <span class='ocrx_word' id='word_1_13' title='bbox 805 404 1113 470; x_wconf 90' lang='lat' dir='ltr'><strong>institutus,</strong></span> <span class='ocrx_word' id='word_1_14' title='bbox 1151 402 1220 457; x_wconf 86' lang='lat' dir='ltr'><strong>ab</strong></span> <span class='ocrx_word' id='word_1_15' title='bbox 1247 400 1502 465; x_wconf 81' lang='lat' dir='ltr'><strong>Hercule,</strong></span> <span class='ocrx_word' id='word_1_16' title='bbox 1535 409 1592 456; x_wconf 91' lang='lat' dir='ltr'><strong>et</strong></span> <span class='ocrx_word' id='word_1_17' title='bbox 1641 401 1809 456; x_wconf 76' lang='lat' dir='ltr'><strong>Atreo</strong></span> <span class='ocrx_word' id='word_1_18' title='bbox 1853 402 2067 457; x_wconf 78' lang='lat' dir='ltr'><strong>instnu-</strong></span> <span class='ocrx_word' id='word_1_19' title='bbox 2095 404 2141 459; x_wconf 82' lang='grc' dir='ltr'><strong>Α</strong></span> <span class='ocrx_word' id='word_1_20' title='bbox 2169 407 2348 457; x_wconf 85' lang='lat' dir='ltr'><strong>tamen</strong></span> <span class='ocrx_word' id='word_1_21' title='bbox 2377 443 2393 468; x_wconf 93' lang='lat'><strong>,</strong></span> <span class='ocrx_word' id='word_1_22' title='bbox 2434 402 2702 460; x_wconf 72' lang='lat' dir='ltr'><strong>Labbaeus</strong></span> <span class='ocrx_word' id='word_1_23' title='bbox 2725 443 2742 469; x_wconf 92' lang='lat'><strong>,</strong></span> <span class='ocrx_word' id='word_1_24' title='bbox 2775 404 3068 477; x_wconf 88' lang='lat' dir='ltr'><strong>Cappellus</strong></span> <span class='ocrx_word' id='word_1_25' title='bbox 3090 449 3106 477; x_wconf 94' lang='lat'><strong>,</strong></span> <span class='ocrx_word' id='word_1_26' title='bbox 3138 409 3330 483; x_wconf 81' lang='lat' dir='ltr'><strong>aliique</strong></span> <span class='ocrx_word' id='word_1_27' title='bbox 3355 422 3654 484; x_wconf 71' lang='lat' dir='ltr'><strong>recentiorum</strong></span> 
     </span>
    </p>
   </div>
   <div class='ocr_carea' id='block_1_5' title="bbox 490 494 2060 570">
    <p class='ocr_par' dir='ltr' id='par_1_5' title="bbox 490 494 2060 570">
     <span class='ocr_line' id='line_1_5' title="bbox 490 494 2060 570; baseline -0.004 -15"><span class='ocrx_word' id='word_1_28' title='bbox 490 515 664 570; x_wconf 78' lang='lat' dir='ltr'><strong>ratus,</strong></span> <span class='ocrx_word' id='word_1_29' title='bbox 696 501 763 554; x_wconf 90' lang='lat' dir='ltr'><strong>ab</strong></span> <span class='ocrx_word' id='word_1_30' title='bbox 793 500 971 568; x_wconf 81' lang='lat' dir='ltr'><strong>[philo</strong></span> <span class='ocrx_word' id='word_1_31' title='bbox 1023 497 1077 550; x_wconf 90' lang='lat' dir='ltr'><strong>in</strong></span> <span class='ocrx_word' id='word_1_32' title='bbox 1123 494 1530 551; x_wconf 79' lang='lat' dir='ltr'><strong>&#39;l‘etraeteridas</strong></span> <span class='ocrx_word' id='word_1_33' title='bbox 1583 495 1842 550; x_wconf 85' lang='lat' dir='ltr'><strong>inductus</strong></span> <span class='ocrx_word' id='word_1_34' title='bbox 1875 496 2060 550; x_wconf 86' lang='lat' dir='ltr'><strong>fuerit.</strong></span> 
     </span>
    </p>
   </div>
   <div class='ocr_carea' id='block_1_6' title="bbox 486 587 2068 664">
    <p class='ocr_par' dir='ltr' id='par_1_6' title="bbox 486 587 2068 664">
     <span class='ocr_line' id='line_1_6' title="bbox 486 587 2068 664; baseline -0.005 -13"><span class='ocrx_word' id='word_1_35' title='bbox 486 597 751 652; x_wconf 65' lang='lat' dir='ltr'><strong>Caeterum</strong></span> <span class='ocrx_word' id='word_1_36' title='bbox 780 592 1097 664; x_wconf 82' lang='lat' dir='ltr'><strong>Lycaeorum</strong></span> <span class='ocrx_word' id='word_1_37' title='bbox 1125 588 1294 642; x_wconf 87' lang='lat' dir='ltr'><strong>videri</strong></span> <span class='ocrx_word' id='word_1_38' title='bbox 1323 587 1568 642; x_wconf 89' lang='lat' dir='ltr'><strong>omnium</strong></span> <span class='ocrx_word' id='word_1_39' title='bbox 1612 589 2068 643; x_wconf 84' lang='lat' dir='ltr'><strong>vetustissimum.</strong></span> 
     </span>
    </p>
   </div>
   <div class='ocr_carea' id='block_1_7' title="bbox 560 677 2063 749">
    <p class='ocr_par' dir='ltr' id='par_1_7' title="bbox 560 677 2063 749">
     <span class='ocr_line' id='line_1_7' title="bbox 560 677 2063 749; baseline -0.007 -5"><span class='ocrx_word' id='word_1_40' title='bbox 560 687 683 744; x_wconf 83' lang='lat' dir='ltr'><strong>Col.</strong></span> <span class='ocrx_word' id='word_1_41' title='bbox 715 686 841 739; x_wconf 73' lang='lat' dir='ltr'><strong>32L</strong></span> <span class='ocrx_word' id='word_1_42' title='bbox 874 683 1170 737; x_wconf 78' lang='lat' dir='ltr'><strong>Amazones</strong></span> <span class='ocrx_word' id='word_1_43' title='bbox 1206 677 1402 749; x_wconf 81' lang='lat' dir='ltr'><strong>Ephesi</strong></span> <span class='ocrx_word' id='word_1_44' title='bbox 1424 677 1670 746; x_wconf 81' lang='lat' dir='ltr'><strong>templum</strong></span> <span class='ocrx_word' id='word_1_45' title='bbox 1703 680 2063 734; x_wconf 79' lang='lat' dir='ltr'><strong>incenderunt.</strong></span> 
     </span>
    </p>
   </div>
   <div class='ocr_carea' id='block_1_8' title="bbox 493 770 2064 841">
    <p class='ocr_par' dir='ltr' id='par_1_8' title="bbox 493 770 2064 841">
     <span class='ocr_line' id='line_1_8' title="bbox 493 770 2064 841; baseline -0.005 -7"><span class='ocrx_word' id='word_1_46' title='bbox 493 777 738 834; x_wconf 78' lang='lat' dir='ltr'><strong>Tradunt</strong></span> <span class='ocrx_word' id='word_1_47' title='bbox 783 775 1099 830; x_wconf 89' lang='lat' dir='ltr'><strong>econtrario</strong></span> <span class='ocrx_word' id='word_1_48' title='bbox 1137 784 1387 836; x_wconf 83' lang='lat' dir='ltr'><strong>veteres,</strong></span> <span class='ocrx_word' id='word_1_49' title='bbox 1443 770 1589 841; x_wconf 90' lang='lat' dir='ltr'><strong>quod</strong></span> <span class='ocrx_word' id='word_1_50' title='bbox 1625 779 1679 825; x_wconf 87' lang='lat' dir='ltr'><strong>ct</strong></span> <span class='ocrx_word' id='word_1_51' title='bbox 1721 770 1960 840; x_wconf 65' lang='lat' dir='ltr'><strong>Scaliger</strong></span> <span class='ocrx_word' id='word_1_52' title='bbox 1997 787 2064 826; x_wconf 80' lang='lat' dir='ltr'><strong>ex</strong></span> 
     </span>
    </p>
   </div>
   <div class='ocr_carea' id='block_1_9' title="bbox 495 861 2068 939">
    <p class='ocr_par' dir='ltr' id='par_1_9' title="bbox 495 861 2068 939">
     <span class='ocr_line' id='line_1_9' title="bbox 495 861 2068 939; baseline -0.004 -16"><span class='ocrx_word' id='word_1_53' title='bbox 495 878 650 939; x_wconf 90' lang='lat' dir='ltr'><strong>parte</strong></span> <span class='ocrx_word' id='word_1_54' title='bbox 685 877 862 930; x_wconf 90' lang='lat' dir='ltr'><strong>notat,</strong></span> <span class='ocrx_word' id='word_1_55' title='bbox 891 869 1072 921; x_wconf 62' lang='lat' dir='ltr'><strong>Dianas</strong></span> <span class='ocrx_word' id='word_1_56' title='bbox 1101 865 1360 934; x_wconf 88' lang='lat' dir='ltr'><strong>templum</strong></span> <span class='ocrx_word' id='word_1_57' title='bbox 1389 862 1557 917; x_wconf 87' lang='lat' dir='ltr'><strong>fuisse</strong></span> <span class='ocrx_word' id='word_1_58' title='bbox 1588 861 1784 932; x_wconf 77' lang='lat' dir='ltr'><strong>Ephesi</strong></span> <span class='ocrx_word' id='word_1_59' title='bbox 1811 863 1880 916; x_wconf 89' lang='lat' dir='ltr'><strong>ab</strong></span> <span class='ocrx_word' id='word_1_60' title='bbox 1901 863 2068 916; x_wconf 58' lang='lat' dir='ltr'><strong>Ama.</strong></span> 
     </span>
    </p>
   </div>
   <div class='ocr_carea' id='block_1_10' title="bbox 493 955 2067 1022">
    <p class='ocr_par' dir='ltr' id='par_1_10' title="bbox 493 955 2067 1022">
     <span class='ocr_line' id='line_1_10' title="bbox 493 955 2067 1022; baseline -0.004 -7"><span class='ocrx_word' id='word_1_61' title='bbox 493 960 724 1016; x_wconf 86' lang='lat' dir='ltr'><strong>zonibus</strong></span> <span class='ocrx_word' id='word_1_62' title='bbox 787 967 1168 1013; x_wconf 88' lang='lat' dir='ltr'><strong>constructum</strong></span> <span class='ocrx_word' id='word_1_63' title='bbox 1229 955 1606 1018; x_wconf 81' lang='lat' dir='ltr'><strong>:Pindarus,</strong></span> <span class='ocrx_word' id='word_1_64' title='bbox 1664 955 2067 1022; x_wconf 82' lang='lat' dir='ltr'><strong>Callimachus,</strong></span> 
     </span>
    </p>
   </div>
   <div class='ocr_carea' id='block_1_11' title="bbox 487 1049 2071 1122">
    <p class='ocr_par' dir='ltr' id='par_1_11' title="bbox 487 1049 2071 1122">
     <span class='ocr_line' id='line_1_11' title="bbox 487 1049 2071 1122; baseline -0.001 -17"><span class='ocrx_word' id='word_1_65' title='bbox 487 1054 711 1122; x_wconf 79' lang='lat' dir='ltr'><strong>aliique.</strong></span> <span class='ocrx_word' id='word_1_66' title='bbox 739 1049 996 1106; x_wconf 75' lang='lat' dir='ltr'><strong>Vicissim</strong></span> <span class='ocrx_word' id='word_1_67' title='bbox 1021 1065 1150 1104; x_wconf 90' lang='lat' dir='ltr'><strong>vero</strong></span> <span class='ocrx_word' id='word_1_68' title='bbox 1169 1050 1282 1113; x_wconf 85' lang='lat' dir='ltr'><strong>alii,</strong></span> <span class='ocrx_word' id='word_1_69' title='bbox 1332 1063 1362 1102; x_wconf 90' lang='lat' dir='ltr'><strong>e</strong></span> <span class='ocrx_word' id='word_1_70' title='bbox 1405 1049 1604 1119; x_wconf 88' lang='lat' dir='ltr'><strong>quibus</strong></span> <span class='ocrx_word' id='word_1_71' title='bbox 1630 1051 1952 1109; x_wconf 84' lang='lat' dir='ltr'><strong>Pausanias.</strong></span> <span class='ocrx_word' id='word_1_72' title='bbox 1978 1065 2071 1104; x_wconf 88' lang='lat' dir='ltr'><strong>ne-</strong></span> 
     </span>
    </p>
   </div>
   <div class='ocr_carea' id='block_1_12' title="bbox 489 1143 2070 1216">
    <p class='ocr_par' dir='ltr' id='par_1_12' title="bbox 489 1143 2070 1216">
     <span class='ocr_line' id='line_1_12' title="bbox 489 1143 2070 1216; baseline -0.001 -17"><span class='ocrx_word' id='word_1_73' title='bbox 489 1156 621 1216; x_wconf 90' lang='lat' dir='ltr'><strong>gant</strong></span> <span class='ocrx_word' id='word_1_74' title='bbox 687 1145 738 1197; x_wconf 88' lang='lat' dir='ltr'><strong>id</strong></span> <span class='ocrx_word' id='word_1_75' title='bbox 775 1154 1120 1213; x_wconf 84' lang='lat' dir='ltr'><strong>perpetrasse</strong></span> <span class='ocrx_word' id='word_1_76' title='bbox 1164 1147 1491 1206; x_wconf 77' lang='lat' dir='ltr'><strong>Amazonas,</strong></span> <span class='ocrx_word' id='word_1_77' title='bbox 1525 1144 1618 1197; x_wconf 84' lang='lat' dir='ltr'><strong>sed</strong></span> <span class='ocrx_word' id='word_1_78' title='bbox 1644 1144 1892 1198; x_wconf 70' lang='lat' dir='ltr'><strong>Crmsum</strong></span> <span class='ocrx_word' id='word_1_79' title='bbox 1916 1186 1931 1204; x_wconf 84' lang='lat'><strong>,</strong></span> <span class='ocrx_word' id='word_1_80' title='bbox 1973 1143 2070 1197; x_wconf 84' lang='lat' dir='ltr'><strong>ho-</strong></span> 
     </span>
    </p>
   </div>
   <div class='ocr_carea' id='block_1_13' title="bbox 490 1235 2074 1308">
    <p class='ocr_par' dir='ltr' id='par_1_13' title="bbox 490 1235 2074 1308">
     <span class='ocr_line' id='line_1_13' title="bbox 490 1235 2074 1308; baseline -0.002 -15"><span class='ocrx_word' id='word_1_81' title='bbox 490 1239 694 1296; x_wconf 90' lang='lat' dir='ltr'><strong>minem</strong></span> <span class='ocrx_word' id='word_1_82' title='bbox 722 1238 1055 1308; x_wconf 75' lang='lat' dir='ltr'><strong>indigenam,</strong></span> <span class='ocrx_word' id='word_1_83' title='bbox 1088 1247 1140 1290; x_wconf 86' lang='lat' dir='ltr'><strong>et</strong></span> <span class='ocrx_word' id='word_1_84' title='bbox 1163 1235 1438 1304; x_wconf 89' lang='lat' dir='ltr'><strong>Ephesum</strong></span> <span class='ocrx_word' id='word_1_85' title='bbox 1460 1235 1674 1306; x_wconf 84' lang='lat' dir='ltr'><strong>Caystri</strong></span> <span class='ocrx_word' id='word_1_86' title='bbox 1702 1237 1893 1291; x_wconf 86' lang='lat' dir='ltr'><strong>lilium.</strong></span> <span class='ocrx_word' id='word_1_87' title='bbox 1918 1235 2074 1290; x_wconf 73' lang='lat' dir='ltr'><strong>Stra.</strong></span> 
     </span>
    </p>
   </div>
   <div class='ocr_carea' id='block_1_14' title="bbox 487 1328 2067 1400">
    <p class='ocr_par' dir='ltr' id='par_1_14' title="bbox 487 1328 2067 1400">
     <span class='ocr_line' id='line_1_14' title="bbox 487 1328 2067 1400; baseline -0.003 -14"><span class='ocrx_word' id='word_1_88' title='bbox 487 1334 617 1386; x_wconf 88' lang='lat' dir='ltr'><strong>boni</strong></span> <span class='ocrx_word' id='word_1_89' title='bbox 679 1335 888 1400; x_wconf 90' lang='lat' dir='ltr'><strong>primus</strong></span> <span class='ocrx_word' id='word_1_90' title='bbox 948 1331 1067 1400; x_wconf 85' lang='lat' dir='ltr'><strong>ejus</strong></span> <span class='ocrx_word' id='word_1_91' title='bbox 1121 1328 1311 1398; x_wconf 89' lang='lat' dir='ltr'><strong>templi</strong></span> <span class='ocrx_word' id='word_1_92' title='bbox 1371 1329 1628 1383; x_wconf 91' lang='lat' dir='ltr'><strong>conditor</strong></span> <span class='ocrx_word' id='word_1_93' title='bbox 1688 1328 2067 1396; x_wconf 86' lang='lat' dir='ltr'><strong>Chersiphron</strong></span> 
     </span>
    </p>
   </div>
   <div class='ocr_carea' id='block_1_15' title="bbox 489 1420 2070 1488">
    <p class='ocr_par' dir='ltr' id='par_1_15' title="bbox 489 1420 2070 1488">
     <span class='ocr_line' id='line_1_15' title="bbox 489 1420 2070 1488; baseline -0.001 -10"><span class='ocrx_word' id='word_1_94' title='bbox 489 1424 804 1478; x_wconf 86' lang='lat' dir='ltr'><strong>nominatur</strong></span> <span class='ocrx_word' id='word_1_95' title='bbox 843 1439 857 1488; x_wconf 91' lang='lat'><strong>;</strong></span> <span class='ocrx_word' id='word_1_96' title='bbox 943 1423 1309 1476; x_wconf 89' lang='lat' dir='ltr'><strong>combussisse</strong></span> <span class='ocrx_word' id='word_1_97' title='bbox 1358 1433 1536 1476; x_wconf 84' lang='lat' dir='ltr'><strong>autem</strong></span> <span class='ocrx_word' id='word_1_98' title='bbox 1580 1421 1708 1474; x_wconf 89' lang='lat' dir='ltr'><strong>illud</strong></span> <span class='ocrx_word' id='word_1_99' title='bbox 1755 1420 2070 1476; x_wconf 85' lang='lat' dir='ltr'><strong>Erostratus</strong></span> 
     </span>
    </p>
   </div>
   <div class='ocr_carea' id='block_1_16' title="bbox 492 1513 2067 1584">
    <p class='ocr_par' dir='ltr' id='par_1_16' title="bbox 492 1513 2067 1584">
     <span class='ocr_line' id='line_1_16' title="bbox 492 1513 2067 1584; baseline -0.004 -14"><span class='ocrx_word' id='word_1_100' title='bbox 492 1516 680 1571; x_wconf 91' lang='lat' dir='ltr'><strong>nescio</strong></span> <span class='ocrx_word' id='word_1_101' title='bbox 709 1516 833 1584; x_wconf 88' lang='lat' dir='ltr'><strong>quis</strong></span> <span class='ocrx_word' id='word_1_102' title='bbox 863 1514 1090 1568; x_wconf 89' lang='lat' dir='ltr'><strong>dicitur.</strong></span> <span class='ocrx_word' id='word_1_103' title='bbox 1120 1513 1177 1568; x_wconf 88' lang='lat' dir='ltr'><strong>In</strong></span> <span class='ocrx_word' id='word_1_104' title='bbox 1215 1523 1366 1568; x_wconf 90' lang='lat' dir='ltr'><strong>tanta</strong></span> <span class='ocrx_word' id='word_1_105' title='bbox 1401 1514 1800 1568; x_wconf 80' lang='lat' dir='ltr'><strong>sententiarum</strong></span> <span class='ocrx_word' id='word_1_106' title='bbox 1848 1527 2026 1582; x_wconf 86' lang='lat' dir='ltr'><strong>pugna</strong></span> <span class='ocrx_word' id='word_1_107' title='bbox 2051 1552 2067 1576; x_wconf 86' lang='lat'><strong>,</strong></span> 
     </span>
    </p>
   </div>
   <div class='ocr_carea' id='block_1_17' title="bbox 488 1603 2064 1662">
    <p class='ocr_par' dir='ltr' id='par_1_17' title="bbox 488 1603 2064 1662">
     <span class='ocr_line' id='line_1_17' title="bbox 488 1603 2064 1662; baseline -0.003 -2"><span class='ocrx_word' id='word_1_108' title='bbox 488 1621 654 1662; x_wconf 86' lang='lat' dir='ltr'><strong>nemo</strong></span> <span class='ocrx_word' id='word_1_109' title='bbox 685 1622 826 1660; x_wconf 81' lang='lat' dir='ltr'><strong>llllllS</strong></span> <span class='ocrx_word' id='word_1_110' title='bbox 853 1616 1038 1660; x_wconf 81' lang='lat' dir='ltr'><strong>tamen</strong></span> <span class='ocrx_word' id='word_1_111' title='bbox 1084 1606 1457 1659; x_wconf 83' lang='lat' dir='ltr'><strong>Amazonibus</strong></span> <span class='ocrx_word' id='word_1_112' title='bbox 1481 1603 1707 1657; x_wconf 69' lang='lat' dir='ltr'><strong>ascribit</strong></span> <span class='ocrx_word' id='word_1_113' title='bbox 1733 1603 2064 1658; x_wconf 90' lang='lat' dir='ltr'><strong>incendium:</strong></span> 
     </span>
    </p>
   </div>
   <div class='ocr_carea' id='block_1_18' title="bbox 489 1691 2064 1763">
    <p class='ocr_par' dir='ltr' id='par_1_18' title="bbox 489 1691 2064 1763">
     <span class='ocr_line' id='line_1_18' title="bbox 489 1691 2064 1763; baseline -0.001 -17"><span class='ocrx_word' id='word_1_114' title='bbox 489 1699 706 1747; x_wconf 85' lang='lat' dir='ltr'><strong>tametsi</strong></span> <span class='ocrx_word' id='word_1_115' title='bbox 736 1695 994 1747; x_wconf 88' lang='lat' dir='ltr'><strong>mulieres</strong></span> <span class='ocrx_word' id='word_1_116' title='bbox 1023 1693 1338 1747; x_wconf 82' lang='lat' dir='ltr'><strong>Amazmiici</strong></span> <span class='ocrx_word' id='word_1_117' title='bbox 1372 1693 1590 1763; x_wconf 78' lang='lat' dir='ltr'><strong>generis</strong></span> <span class='ocrx_word' id='word_1_118' title='bbox 1617 1692 1762 1745; x_wconf 88' lang='lat' dir='ltr'><strong>circa</strong></span> <span class='ocrx_word' id='word_1_119' title='bbox 1806 1691 2064 1758; x_wconf 82' lang='lat' dir='ltr'><strong>templum</strong></span> 
     </span>
    </p>
   </div>
   <div class='ocr_carea' id='block_1_19' title="bbox 488 1782 2068 1840">
    <p class='ocr_par' dir='ltr' id='par_1_19' title="bbox 488 1782 2068 1840">
     <span class='ocr_line' id='line_1_19' title="bbox 488 1782 2068 1840; baseline -0.001 -2"><span class='ocrx_word' id='word_1_120' title='bbox 488 1785 769 1840; x_wconf 81' lang='lat' dir='ltr'><strong>habitasse</strong></span> <span class='ocrx_word' id='word_1_121' title='bbox 815 1785 1032 1839; x_wconf 87' lang='lat' dir='ltr'><strong>dicant.</strong></span> <span class='ocrx_word' id='word_1_122' title='bbox 1069 1782 1224 1839; x_wconf 90' lang='lat' dir='ltr'><strong>Unus</strong></span> <span class='ocrx_word' id='word_1_123' title='bbox 1265 1793 1350 1838; x_wconf 90' lang='lat' dir='ltr'><strong>est</strong></span> <span class='ocrx_word' id='word_1_124' title='bbox 1378 1783 1631 1837; x_wconf 78' lang='lat' dir='ltr'><strong>Clemens</strong></span> <span class='ocrx_word' id='word_1_125' title='bbox 1665 1783 2068 1837; x_wconf 77' lang='lat' dir='ltr'><strong>Alexandrinus</strong></span> 
     </span>
    </p>
   </div>
   <div class='ocr_carea' id='block_1_20' title="bbox 490 1874 2070 1946">
    <p class='ocr_par' dir='ltr' id='par_1_20' title="bbox 490 1874 2070 1946">
     <span class='ocr_line' id='line_1_20' title="bbox 490 1874 2070 1946; baseline -0.001 -17"><span class='ocrx_word' id='word_1_126' title='bbox 490 1877 545 1930; x_wconf 90' lang='lat' dir='ltr'><strong>in</strong></span> <span class='ocrx_word' id='word_1_127' title='bbox 579 1875 1217 1946; x_wconf 84' lang='lat' dir='ltr'><strong>Pretreptico,laudatus</strong></span> <span class='ocrx_word' id='word_1_128' title='bbox 1247 1874 1546 1944; x_wconf 86' lang='lat' dir='ltr'><strong>Scaligero,</strong></span> <span class='ocrx_word' id='word_1_129' title='bbox 1584 1889 1648 1927; x_wconf 82' lang='lat' dir='ltr'><strong>ex</strong></span> <span class='ocrx_word' id='word_1_130' title='bbox 1676 1889 1784 1942; x_wconf 90' lang='lat' dir='ltr'><strong>quo</strong></span> <span class='ocrx_word' id='word_1_131' title='bbox 1813 1874 2070 1944; x_wconf 85' lang='lat' dir='ltr'><strong>colligere</strong></span> 
     </span>
    </p>
   </div>
   <div class='ocr_carea' id='block_1_21' title="bbox 491 1967 2070 2036">
    <p class='ocr_par' dir='ltr' id='par_1_21' title="bbox 491 1967 2070 2036">
     <span class='ocr_line' id='line_1_21' title="bbox 491 1967 2070 2036; baseline -0.001 -14"><span class='ocrx_word' id='word_1_132' title='bbox 491 1969 677 2033; x_wconf 84' lang='lat' dir='ltr'><strong>liceat,</strong></span> <span class='ocrx_word' id='word_1_133' title='bbox 705 1985 771 2024; x_wconf 83' lang='lat' dir='ltr'><strong>ex</strong></span> <span class='ocrx_word' id='word_1_134' title='bbox 801 1969 1034 2024; x_wconf 89' lang='lat' dir='ltr'><strong>duobus</strong></span> <span class='ocrx_word' id='word_1_135' title='bbox 1068 1968 1337 2022; x_wconf 78' lang='lat' dir='ltr'><strong>incendiis</strong></span> <span class='ocrx_word' id='word_1_136' title='bbox 1387 1967 1571 2035; x_wconf 89' lang='lat' dir='ltr'><strong>templi</strong></span> <span class='ocrx_word' id='word_1_137' title='bbox 1605 1967 1880 2035; x_wconf 74' lang='lat' dir='ltr'><strong>l‘phesini,</strong></span> <span class='ocrx_word' id='word_1_138' title='bbox 1920 1967 2070 2036; x_wconf 88' lang='lat' dir='ltr'><strong>prius</strong></span> 
     </span>
    </p>
   </div>
   <div class='ocr_carea' id='block_1_22' title="bbox 490 2058 2070 2129">
    <p class='ocr_par' dir='ltr' id='par_1_22' title="bbox 490 2058 2070 2129">
     <span class='ocr_line' id='line_1_22' title="bbox 490 2058 2070 2129; baseline -0.001 -15"><span class='ocrx_word' id='word_1_139' title='bbox 490 2062 701 2114; x_wconf 89' lang='lat' dir='ltr'><strong>illatum</strong></span> <span class='ocrx_word' id='word_1_140' title='bbox 741 2061 908 2115; x_wconf 85' lang='lat' dir='ltr'><strong>fuisse</strong></span> <span class='ocrx_word' id='word_1_141' title='bbox 940 2062 1008 2113; x_wconf 92' lang='lat' dir='ltr'><strong>ab</strong></span> <span class='ocrx_word' id='word_1_142' title='bbox 1039 2060 1428 2114; x_wconf 77' lang='lat' dir='ltr'><strong>Amazonibus.</strong></span> <span class='ocrx_word' id='word_1_143' title='bbox 1457 2058 1631 2112; x_wconf 70' lang='grc' dir='ltr'><strong>Τοῦτο</strong></span> <span class='ocrx_word' id='word_1_144' title='bbox 1663 2060 1727 2112; x_wconf 86' lang='grc' dir='ltr'><strong>τὸ</strong></span> <span class='ocrx_word' id='word_1_145' title='bbox 1745 2059 1857 2129; x_wconf 79' lang='grc' dir='ltr'><strong>πῦρ</strong></span> <span class='ocrx_word' id='word_1_146' title='bbox 1888 2061 1985 2110; x_wconf 76' lang='grc' dir='ltr'><strong>τὸν</strong></span> <span class='ocrx_word' id='word_1_147' title='bbox 2012 2063 2070 2113; x_wconf 80' lang='grc' dir='ltr'>ἐν</span> 
     </span>
    </p>
   </div>
   <div class='ocr_carea' id='block_1_23' title="bbox 493 2149 2071 2221">
    <p class='ocr_par' dir='ltr' id='par_1_23' title="bbox 493 2149 2071 2221">
     <span class='ocr_line' id='line_1_23' title="bbox 493 2149 2071 2221; baseline -0.002 -18"><span class='ocrx_word' id='word_1_148' title='bbox 493 2153 688 2220; x_wconf 75' lang='grc' dir='ltr'>Ἀργει</span> <span class='ocrx_word' id='word_1_149' title='bbox 722 2149 930 2204; x_wconf 88' lang='grc' dir='ltr'>νεὼν...</span> <span class='ocrx_word' id='word_1_150' title='bbox 973 2149 1351 2216; x_wconf 81' lang='grc' dir='ltr'><strong>κατέφλεξε...</strong></span> <span class='ocrx_word' id='word_1_151' title='bbox 1383 2149 1480 2202; x_wconf 68' lang='grc' dir='ltr'><strong>καὶ</strong></span> <span class='ocrx_word' id='word_1_152' title='bbox 1517 2151 1610 2200; x_wconf 75' lang='grc' dir='ltr'><strong>τὸν</strong></span> <span class='ocrx_word' id='word_1_153' title='bbox 1647 2151 1704 2201; x_wconf 82' lang='grc' dir='ltr'>ὲν</span> <span class='ocrx_word' id='word_1_154' title='bbox 1737 2151 1947 2221; x_wconf 76' lang='grc' dir='ltr'><strong>Ἐφέσῳ</strong></span> <span class='ocrx_word' id='word_1_155' title='bbox 1973 2151 2071 2216; x_wconf 82' lang='grc' dir='ltr'><strong>τῆς</strong></span> 
     </span>
    </p>
   </div>
   <div class='ocr_carea' id='block_1_24' title="bbox 501 2239 2066 2314">
    <p class='ocr_par' dir='ltr' id='par_1_24' title="bbox 501 2239 2066 2314">
     <span class='ocr_line' id='line_1_24' title="bbox 501 2239 2066 2314; baseline 0.001 -18"><span class='ocrx_word' id='word_1_156' title='bbox 501 2243 819 2314; x_wconf 79' lang='grc' dir='ltr'><strong>Ἀρτέμιδος</strong></span> <span class='ocrx_word' id='word_1_157' title='bbox 839 2243 1094 2312; x_wconf 76' lang='grc' dir='ltr'><strong>δεύτερον</strong></span> <span class='ocrx_word' id='word_1_158' title='bbox 1130 2243 1268 2310; x_wconf 74' lang='grc' dir='ltr'>μετὰ</span> <span class='ocrx_word' id='word_1_159' title='bbox 1309 2239 1645 2312; x_wconf 76' lang='grc' dir='ltr'><strong>’Δμαζόνας.</strong></span> <span class='ocrx_word' id='word_1_160' title='bbox 1683 2239 1757 2295; x_wconf 85' lang='lat' dir='ltr'><strong>Ex</strong></span> <span class='ocrx_word' id='word_1_161' title='bbox 1784 2257 1848 2294; x_wconf 91' lang='lat' dir='ltr'><strong>eo</strong></span> <span class='ocrx_word' id='word_1_162' title='bbox 1875 2253 2066 2297; x_wconf 87' lang='lat' dir='ltr'><strong>noster</strong></span> 
     </span>
    </p>
   </div>
   <div class='ocr_carea' id='block_1_25' title="bbox 492 2333 1110 2399">
    <p class='ocr_par' dir='ltr' id='par_1_25' title="bbox 492 2333 1110 2399">
     <span class='ocr_line' id='line_1_25' title="bbox 492 2333 1110 2399; baseline -0.002 -9"><span class='ocrx_word' id='word_1_163' title='bbox 492 2333 757 2390; x_wconf 85' lang='lat' dir='ltr'><strong>Eusebius</strong></span> <span class='ocrx_word' id='word_1_164' title='bbox 809 2336 1110 2399; x_wconf 84' lang='lat' dir='ltr'><strong>acceperit.</strong></span> 
     </span>
    </p>
   </div>
   <div class='ocr_carea' id='block_1_26' title="bbox 561 2427 2076 2497">
    <p class='ocr_par' dir='ltr' id='par_1_26' title="bbox 561 2427 2076 2497">
     <span class='ocr_line' id='line_1_26' title="bbox 561 2427 2076 2497; baseline 0.001 -15"><span class='ocrx_word' id='word_1_165' title='bbox 561 2428 679 2482; x_wconf 89' lang='lat' dir='ltr'><strong>Col.</strong></span> <span class='ocrx_word' id='word_1_166' title='bbox 718 2429 844 2482; x_wconf 74' lang='lat'><strong>39.3.</strong></span> <span class='ocrx_word' id='word_1_167' title='bbox 888 2427 1126 2482; x_wconf 79' lang='lat' dir='ltr'><strong>Castoris</strong></span> <span class='ocrx_word' id='word_1_168' title='bbox 1164 2427 1576 2497; x_wconf 81' lang='lat' dir='ltr'><strong>chronographi.</strong></span> <span class='ocrx_word' id='word_1_169' title='bbox 1634 2427 1910 2481; x_wconf 84' lang='lat' dir='ltr'><strong>Deccnnio</strong></span> <span class='ocrx_word' id='word_1_170' title='bbox 1951 2436 2076 2494; x_wconf 84' lang='lat' dir='ltr'><strong>post</strong></span> 
     </span>
    </p>
   </div>
   <div class='ocr_carea' id='block_1_27' title="bbox 493 2515 2074 2588">
    <p class='ocr_par' dir='ltr' id='par_1_27' title="bbox 493 2515 2074 2588">
     <span class='ocr_line' id='line_1_27' title="bbox 493 2515 2074 2588; baseline -0.001 -14"><span class='ocrx_word' id='word_1_171' title='bbox 493 2530 868 2576; x_wconf 83' lang='lat' dir='ltr'><strong>memorantur</strong></span> <span class='ocrx_word' id='word_1_172' title='bbox 913 2520 1102 2574; x_wconf 75' lang='lat' dir='ltr'><strong>istbazc</strong></span> <span class='ocrx_word' id='word_1_173' title='bbox 1149 2518 1218 2572; x_wconf 91' lang='lat' dir='ltr'><strong>ab</strong></span> <span class='ocrx_word' id='word_1_174' title='bbox 1264 2520 1571 2588; x_wconf 81' lang='lat' dir='ltr'><strong>Scaligero.</strong></span> <span class='ocrx_word' id='word_1_175' title='bbox 1604 2515 1919 2572; x_wconf 85' lang='lat' dir='ltr'><strong>Parmensis</strong></span> <span class='ocrx_word' id='word_1_176' title='bbox 1965 2532 2074 2572; x_wconf 88' lang='lat' dir='ltr'><strong>ms.</strong></span> 
     </span>
    </p>
   </div>
   <div class='ocr_carea' id='block_1_28' title="bbox 489 2610 2072 2681">
    <p class='ocr_par' dir='ltr' id='par_1_28' title="bbox 489 2610 2072 2681">
     <span class='ocr_line' id='line_1_28' title="bbox 489 2610 2072 2681; baseline -0.004 -12"><span class='ocrx_word' id='word_1_177' title='bbox 489 2629 617 2669; x_wconf 91' lang='lat' dir='ltr'><strong>cum</strong></span> <span class='ocrx_word' id='word_1_178' title='bbox 647 2614 733 2669; x_wconf 89' lang='lat' dir='ltr'><strong>hic</strong></span> <span class='ocrx_word' id='word_1_179' title='bbox 763 2613 908 2676; x_wconf 89' lang='lat' dir='ltr'><strong>loci,</strong></span> <span class='ocrx_word' id='word_1_180' title='bbox 940 2613 1057 2681; x_wconf 86' lang='lat' dir='ltr'><strong>pari</strong></span> <span class='ocrx_word' id='word_1_181' title='bbox 1086 2627 1214 2666; x_wconf 91' lang='lat' dir='ltr'><strong>cum</strong></span> <span class='ocrx_word' id='word_1_182' title='bbox 1265 2610 1389 2665; x_wconf 89' lang='lat' dir='ltr'><strong>aliis</strong></span> <span class='ocrx_word' id='word_1_183' title='bbox 1417 2627 1549 2666; x_wconf 88' lang='lat' dir='ltr'><strong>mss.</strong></span> <span class='ocrx_word' id='word_1_184' title='bbox 1589 2625 1858 2666; x_wconf 90' lang='lat' dir='ltr'><strong>consensu</strong></span> <span class='ocrx_word' id='word_1_185' title='bbox 1902 2627 1914 2662; x_wconf 87' lang='lat'><strong>:</strong></span> <span class='ocrx_word' id='word_1_186' title='bbox 1951 2625 2072 2663; x_wconf 91' lang='lat' dir='ltr'><strong>cum</strong></span> 
     </span>
    </p>
   </div>
   <div class='ocr_carea' id='block_1_29' title="bbox 492 2701 2072 2774">
    <p class='ocr_par' dir='ltr' id='par_1_29' title="bbox 492 2701 2072 2774">
     <span class='ocr_line' id='line_1_29' title="bbox 492 2701 2072 2774; baseline -0.004 -13"><span class='ocrx_word' id='word_1_187' title='bbox 492 2705 824 2768; x_wconf 80' lang='lat' dir='ltr'><strong>Pontacena,</strong></span> <span class='ocrx_word' id='word_1_188' title='bbox 849 2714 1011 2774; x_wconf 84' lang='lat' dir='ltr'><strong>atque</strong></span> <span class='ocrx_word' id='word_1_189' title='bbox 1039 2703 1176 2758; x_wconf 87' lang='lat' dir='ltr'><strong>adeo</strong></span> <span class='ocrx_word' id='word_1_190' title='bbox 1201 2703 1304 2758; x_wconf 88' lang='lat' dir='ltr'><strong>hac</strong></span> <span class='ocrx_word' id='word_1_191' title='bbox 1330 2711 1520 2758; x_wconf 88' lang='lat' dir='ltr'><strong>nostra</strong></span> <span class='ocrx_word' id='word_1_192' title='bbox 1553 2702 1872 2757; x_wconf 82' lang='lat' dir='ltr'><strong>recensione</strong></span> <span class='ocrx_word' id='word_1_193' title='bbox 1902 2701 2033 2755; x_wconf 81' lang='lat' dir='ltr'><strong>facit</strong></span> <span class='ocrx_word' id='word_1_194' title='bbox 2057 2717 2072 2754; x_wconf 88' lang='lat'><strong>:</strong></span> 
     </span>
    </p>
   </div>
   <div class='ocr_carea' id='block_1_30' title="bbox 493 2794 2078 2867">
    <p class='ocr_par' dir='ltr' id='par_1_30' title="bbox 493 2794 2078 2867">
     <span class='ocr_line' id='line_1_30' title="bbox 493 2794 2078 2867; baseline -0.006 -12"><span class='ocrx_word' id='word_1_195' title='bbox 493 2807 610 2855; x_wconf 89' lang='lat' dir='ltr'><strong>tum</strong></span> <span class='ocrx_word' id='word_1_196' title='bbox 637 2799 800 2854; x_wconf 86' lang='lat' dir='ltr'><strong>etiam</strong></span> <span class='ocrx_word' id='word_1_197' title='bbox 833 2799 1254 2867; x_wconf 84' lang='lat' dir='ltr'><strong>subsequentem</strong></span> <span class='ocrx_word' id='word_1_198' title='bbox 1282 2796 1620 2867; x_wconf 89' lang='lat' dir='ltr'><strong>periocham,</strong></span> <span class='ocrx_word' id='word_1_199' title='bbox 1648 2797 1802 2850; x_wconf 89' lang='lat' dir='ltr'><strong>nullo</strong></span> <span class='ocrx_word' id='word_1_200' title='bbox 1829 2794 2078 2863; x_wconf 85' lang='lat' dir='ltr'><strong>interpo-</strong></span> 
     </span>
    </p>
   </div>
   <div class='ocr_carea' id='block_1_31' title="bbox 494 2887 2078 2961">
    <p class='ocr_par' dir='ltr' id='par_1_31' title="bbox 494 2887 2078 2961">
     <span class='ocr_line' id='line_1_31' title="bbox 494 2887 2078 2961; baseline -0.003 -17"><span class='ocrx_word' id='word_1_201' title='bbox 494 2893 598 2945; x_wconf 88' lang='lat' dir='ltr'><strong>sito</strong></span> <span class='ocrx_word' id='word_1_202' title='bbox 629 2906 898 2945; x_wconf 90' lang='lat' dir='ltr'><strong>annorum</strong></span> <span class='ocrx_word' id='word_1_203' title='bbox 941 2890 1118 2961; x_wconf 86' lang='lat' dir='ltr'><strong>spatio</strong></span> <span class='ocrx_word' id='word_1_204' title='bbox 1146 2930 1162 2955; x_wconf 95' lang='lat'><strong>,</strong></span> <span class='ocrx_word' id='word_1_205' title='bbox 1195 2888 1504 2958; x_wconf 78' lang='lat' dir='ltr'><strong>subiungit.</strong></span> <span class='ocrx_word' id='word_1_206' title='bbox 1539 2887 1614 2942; x_wconf 85' lang='lat' dir='ltr'><strong>De</strong></span> <span class='ocrx_word' id='word_1_207' title='bbox 1649 2889 1877 2943; x_wconf 90' lang='lat' dir='ltr'><strong>Castore</strong></span> <span class='ocrx_word' id='word_1_208' title='bbox 1914 2888 2078 2942; x_wconf 86' lang='lat' dir='ltr'><strong>chro-</strong></span> 
     </span>
    </p>
   </div>
   <div class='ocr_carea' id='block_1_32' title="bbox 492 2979 2076 3062">
    <p class='ocr_par' dir='ltr' id='par_1_32' title="bbox 492 2979 2076 3062">
     <span class='ocr_line' id='line_1_32' title="bbox 492 2979 2076 3062; baseline -0.003 -26"><span class='ocrx_word' id='word_1_209' title='bbox 492 2985 776 3062; x_wconf 78' lang='lat' dir='ltr'><strong>nographo</strong></span> <span class='ocrx_word' id='word_1_210' title='bbox 801 3022 816 3045; x_wconf 90' lang='lat'><strong>,</strong></span> <span class='ocrx_word' id='word_1_211' title='bbox 849 2997 1009 3052; x_wconf 83' lang='lat' dir='ltr'><strong>quem</strong></span> <span class='ocrx_word' id='word_1_212' title='bbox 1043 2982 1288 3052; x_wconf 76' lang='lat' dir='ltr'><strong>Scaliger</strong></span> <span class='ocrx_word' id='word_1_213' title='bbox 1320 2983 1460 3036; x_wconf 89' lang='lat' dir='ltr'><strong>male</strong></span> <span class='ocrx_word' id='word_1_214' title='bbox 1490 2979 1782 3036; x_wconf 87' lang='lat' dir='ltr'><strong>confundit</strong></span> <span class='ocrx_word' id='word_1_215' title='bbox 1818 2996 1944 3036; x_wconf 90' lang='lat' dir='ltr'><strong>cum</strong></span> <span class='ocrx_word' id='word_1_216' title='bbox 1981 2995 2076 3033; x_wconf 86' lang='lat' dir='ltr'><strong>co-</strong></span> 
     </span>
    </p>
   </div>
   <div class='ocr_carea' id='block_1_33' title="bbox 493 3073 2080 3146">
    <p class='ocr_par' dir='ltr' id='par_1_33' title="bbox 493 3073 2080 3146">
     <span class='ocr_line' id='line_1_33' title="bbox 493 3073 2080 3146; baseline -0.004 -15"><span class='ocrx_word' id='word_1_217' title='bbox 493 3078 752 3146; x_wconf 70' lang='lat' dir='ltr'><strong>gnomittc</strong></span> <span class='ocrx_word' id='word_1_218' title='bbox 796 3075 930 3140; x_wconf 83' lang='lat' dir='ltr'><strong>illo,</strong></span> <span class='ocrx_word' id='word_1_219' title='bbox 984 3077 1075 3144; x_wconf 84' lang='lat' dir='ltr'><strong>qui</strong></span> <span class='ocrx_word' id='word_1_220' title='bbox 1126 3073 1450 3130; x_wconf 88' lang='lat' dir='ltr'><strong>interfectus</strong></span> <span class='ocrx_word' id='word_1_221' title='bbox 1493 3074 1698 3128; x_wconf 91' lang='lat' dir='ltr'><strong>dicitur</strong></span> <span class='ocrx_word' id='word_1_222' title='bbox 1751 3089 1780 3128; x_wconf 91' lang='lat' dir='ltr'><strong>a</strong></span> <span class='ocrx_word' id='word_1_223' title='bbox 1825 3073 2080 3141; x_wconf 78' lang='lat' dir='ltr'><strong>Dejoturo</strong></span> 
     </span>
    </p>
   </div>
   <div class='ocr_carea' id='block_1_34' title="bbox 2169 494 3658 578">
    <p class='ocr_par' dir='ltr' id='par_1_34' title="bbox 2169 494 3658 578">
     <span class='ocr_line' id='line_1_34' title="bbox 2169 494 3658 578; baseline 0.018 -29"><span class='ocrx_word' id='word_1_224' title='bbox 2169 494 2632 566; x_wconf 83' lang='lat' dir='ltr'><strong>chronologorum</strong></span> <span class='ocrx_word' id='word_1_225' title='bbox 2658 539 2675 566; x_wconf 88' lang='lat'><strong>,</strong></span> <span class='ocrx_word' id='word_1_226' title='bbox 2718 498 3010 554; x_wconf 85' lang='lat' dir='ltr'><strong>Eusebium</strong></span> <span class='ocrx_word' id='word_1_227' title='bbox 3043 495 3181 556; x_wconf 56' lang='grc' dir='ltr'><strong>κατὰ</strong></span> <span class='ocrx_word' id='word_1_228' title='bbox 3207 505 3334 560; x_wconf 80' lang='grc' dir='ltr'>πόδα</span> <span class='ocrx_word' id='word_1_229' title='bbox 3370 513 3516 569; x_wconf 87' lang='lat' dir='ltr'><strong>secuti</strong></span> <span class='ocrx_word' id='word_1_230' title='bbox 3541 531 3658 578; x_wconf 87' lang='lat' dir='ltr'><strong>sunt.</strong></span> 
     </span>
    </p>
   </div>
   <div class='ocr_carea' id='block_1_35' title="bbox 2173 586 3660 675">
    <p class='ocr_par' dir='ltr' id='par_1_35' title="bbox 2173 586 3660 675">
     <span class='ocr_line' id='line_1_35' title="bbox 2173 586 3660 675; baseline 0.019 -37"><span class='ocrx_word' id='word_1_231' title='bbox 2173 586 2327 675; x_wconf 87' lang='lat' dir='ltr'><strong>Adde</strong></span> <span class='ocrx_word' id='word_1_232' title='bbox 2359 589 2504 657; x_wconf 89' lang='lat' dir='ltr'><strong>quod</strong></span> <span class='ocrx_word' id='word_1_233' title='bbox 2537 588 2822 660; x_wconf 88' lang='lat' dir='ltr'><strong>Syncellus</strong></span> <span class='ocrx_word' id='word_1_234' title='bbox 2854 591 2990 648; x_wconf 88' lang='lat' dir='ltr'><strong>locis</strong></span> <span class='ocrx_word' id='word_1_235' title='bbox 3025 591 3253 652; x_wconf 86' lang='lat' dir='ltr'><strong>laudatis</strong></span> <span class='ocrx_word' id='word_1_236' title='bbox 3277 637 3292 661; x_wconf 93' lang='lat'><strong>,</strong></span> <span class='ocrx_word' id='word_1_237' title='bbox 3324 615 3478 659; x_wconf 88' lang='lat' dir='ltr'><strong>annos</strong></span> <span class='ocrx_word' id='word_1_238' title='bbox 3504 609 3660 675; x_wconf 78' lang='lat' dir='ltr'><strong>quibus</strong></span> 
     </span>
    </p>
   </div>
   <div class='ocr_carea' id='block_1_36' title="bbox 2178 674 3660 767">
    <p class='ocr_par' dir='ltr' id='par_1_36' title="bbox 2178 674 3660 767">
     <span class='ocr_line' id='line_1_36' title="bbox 2178 674 3660 767; baseline 0.016 -39"><span class='ocrx_word' id='word_1_239' title='bbox 2178 674 2561 745; x_wconf 85' lang='lat' dir='ltr'><strong>Sicyoniorum</strong></span> <span class='ocrx_word' id='word_1_240' title='bbox 2592 680 2881 749; x_wconf 84' lang='lat' dir='ltr'><strong>imperium</strong></span> <span class='ocrx_word' id='word_1_241' title='bbox 2913 682 3086 750; x_wconf 85' lang='lat' dir='ltr'><strong>stetit,</strong></span> <span class='ocrx_word' id='word_1_242' title='bbox 3119 690 3409 758; x_wconf 77' lang='lat' dir='ltr'><strong>nongentos</strong></span> <span class='ocrx_word' id='word_1_243' title='bbox 3433 674 3660 767; x_wconf 73' lang='lat' dir='ltr'><strong>sexaginta</strong></span> 
     </span>
    </p>
   </div>
   <div class='ocr_carea' id='block_1_37' title="bbox 2176 771 3664 848">
    <p class='ocr_par' dir='ltr' id='par_1_37' title="bbox 2176 771 3664 848">
     <span class='ocr_line' id='line_1_37' title="bbox 2176 771 3664 848; baseline 0.016 -28"><span class='ocrx_word' id='word_1_244' title='bbox 2176 777 2382 836; x_wconf 84' lang='lat' dir='ltr'><strong>septem</strong></span> <span class='ocrx_word' id='word_1_245' title='bbox 2414 781 2694 838; x_wconf 86' lang='lat' dir='ltr'><strong>supputat,</strong></span> <span class='ocrx_word' id='word_1_246' title='bbox 2727 771 2780 827; x_wconf 90' lang='lat' dir='ltr'><strong>id</strong></span> <span class='ocrx_word' id='word_1_247' title='bbox 2812 783 2897 828; x_wconf 85' lang='lat' dir='ltr'><strong>est</strong></span> <span class='ocrx_word' id='word_1_248' title='bbox 2927 776 3168 845; x_wconf 83' lang='lat' dir='ltr'><strong>quinque</strong></span> <span class='ocrx_word' id='word_1_249' title='bbox 3201 794 3354 848; x_wconf 89' lang='lat' dir='ltr'><strong>supra</strong></span> <span class='ocrx_word' id='word_1_250' title='bbox 3388 782 3571 843; x_wconf 81' lang='lat' dir='ltr'><strong>Eusebii</strong></span> <span class='ocrx_word' id='word_1_251' title='bbox 3599 809 3664 848; x_wconf 84' lang='lat' dir='ltr'><strong>ra-</strong></span> 
     </span>
    </p>
   </div>
   <div class='ocr_carea' id='block_1_38' title="bbox 2176 857 3480 932">
    <p class='ocr_par' dir='ltr' id='par_1_38' title="bbox 2176 857 3480 932">
     <span class='ocr_line' id='line_1_38' title="bbox 2176 857 3480 932; baseline 0.018 -23"><span class='ocrx_word' id='word_1_252' title='bbox 2176 857 2375 924; x_wconf 82' lang='lat' dir='ltr'><strong>tiones,</strong></span> <span class='ocrx_word' id='word_1_253' title='bbox 2412 877 2518 928; x_wconf 87' lang='lat' dir='ltr'><strong>qua</strong></span> <span class='ocrx_word' id='word_1_254' title='bbox 2547 862 2615 916; x_wconf 88' lang='lat' dir='ltr'><strong>de</strong></span> <span class='ocrx_word' id='word_1_255' title='bbox 2651 878 2708 918; x_wconf 91' lang='lat' dir='ltr'><strong>re</strong></span> <span class='ocrx_word' id='word_1_256' title='bbox 2742 864 2945 922; x_wconf 80' lang='lat' dir='ltr'><strong>videsis</strong></span> <span class='ocrx_word' id='word_1_257' title='bbox 2978 867 3211 924; x_wconf 85' lang='lat' dir='ltr'><strong>Goarum</strong></span> <span class='ocrx_word' id='word_1_258' title='bbox 3244 873 3294 926; x_wconf 90' lang='lat' dir='ltr'><strong>in</strong></span> <span class='ocrx_word' id='word_1_259' title='bbox 3325 870 3480 932; x_wconf 83' lang='lat' dir='ltr'><strong>Notis.</strong></span> 
     </span>
    </p>
   </div>
   <div class='ocr_carea' id='block_1_39' title="bbox 2243 948 3671 1030">
    <p class='ocr_par' dir='ltr' id='par_1_39' title="bbox 2243 948 3671 1030">
     <span class='ocr_line' id='line_1_39' title="bbox 2243 948 3671 1030; baseline 0.02 -29"><span class='ocrx_word' id='word_1_260' title='bbox 2243 948 2359 1004; x_wconf 92' lang='lat' dir='ltr'><strong>Col.</strong></span> <span class='ocrx_word' id='word_1_261' title='bbox 2389 950 2516 1007; x_wconf 74' lang='grc'><strong>521.</strong></span> <span class='ocrx_word' id='word_1_262' title='bbox 2547 951 2745 1009; x_wconf 76' lang='lat' dir='ltr'><strong>Silvius</strong></span> <span class='ocrx_word' id='word_1_263' title='bbox 2777 955 3116 1015; x_wconf 80' lang='lat' dir='ltr'><strong>Posthumus.</strong></span> <span class='ocrx_word' id='word_1_264' title='bbox 3150 959 3270 1016; x_wconf 62' lang='lat' dir='ltr'><strong>Hinc</strong></span> <span class='ocrx_word' id='word_1_265' title='bbox 3295 965 3442 1022; x_wconf 85' lang='lat' dir='ltr'><strong>facile</strong></span> <span class='ocrx_word' id='word_1_266' title='bbox 3480 970 3671 1030; x_wconf 88' lang='lat' dir='ltr'><strong>adducar</strong></span> 
     </span>
    </p>
   </div>
   <div class='ocr_carea' id='block_1_40' title="bbox 2175 1042 3670 1128">
    <p class='ocr_par' dir='ltr' id='par_1_40' title="bbox 2175 1042 3670 1128">
     <span class='ocr_line' id='line_1_40' title="bbox 2175 1042 3670 1128; baseline 0.019 -34"><span class='ocrx_word' id='word_1_267' title='bbox 2175 1048 2234 1094; x_wconf 90' lang='lat' dir='ltr'><strong>ut</strong></span> <span class='ocrx_word' id='word_1_268' title='bbox 2264 1042 2481 1097; x_wconf 90' lang='lat' dir='ltr'><strong>credam</strong></span> <span class='ocrx_word' id='word_1_269' title='bbox 2534 1043 2704 1102; x_wconf 85' lang='lat' dir='ltr'><strong>fuisse</strong></span> <span class='ocrx_word' id='word_1_270' title='bbox 2769 1048 2838 1103; x_wconf 88' lang='lat' dir='ltr'><strong>de</strong></span> <span class='ocrx_word' id='word_1_271' title='bbox 2868 1064 2970 1104; x_wconf 92' lang='lat' dir='ltr'><strong>suo</strong></span> <span class='ocrx_word' id='word_1_272' title='bbox 3008 1053 3106 1107; x_wconf 89' lang='lat' dir='ltr'><strong>abs</strong></span> <span class='ocrx_word' id='word_1_273' title='bbox 3153 1052 3460 1128; x_wconf 80' lang='lat' dir='ltr'><strong>Hieronymo</strong></span> <span class='ocrx_word' id='word_1_274' title='bbox 3484 1076 3670 1122; x_wconf 84' lang='lat' dir='ltr'><strong>assuta:</strong></span> 
     </span>
    </p>
   </div>
   <div class='ocr_carea' id='block_1_41' title="bbox 2175 1138 3671 1225">
    <p class='ocr_par' dir='ltr' id='par_1_41' title="bbox 2175 1138 3671 1225">
     <span class='ocr_line' id='line_1_41' title="bbox 2175 1138 3671 1225; baseline 0.017 -39"><span class='ocrx_word' id='word_1_275' title='bbox 2175 1143 2534 1204; x_wconf 65' lang='lat' dir='ltr'><strong>praeterquam</strong></span> <span class='ocrx_word' id='word_1_276' title='bbox 2575 1138 2720 1192; x_wconf 88' lang='lat' dir='ltr'><strong>enim</strong></span> <span class='ocrx_word' id='word_1_277' title='bbox 2772 1142 2915 1207; x_wconf 88' lang='lat' dir='ltr'><strong>quod</strong></span> <span class='ocrx_word' id='word_1_278' title='bbox 2962 1143 3025 1210; x_wconf 54' lang='lat' dir='ltr'><strong>iu,</strong></span> <span class='ocrx_word' id='word_1_279' title='bbox 3059 1141 3260 1202; x_wconf 69' lang='lat' dir='ltr'><strong>Graecis</strong></span> <span class='ocrx_word' id='word_1_280' title='bbox 3309 1149 3671 1225; x_wconf 83' lang='lat' dir='ltr'><strong>desiderantur,</strong></span> 
     </span>
    </p>
   </div>
   <div class='ocr_carea' id='block_1_42' title="bbox 2172 1228 3672 1304">
    <p class='ocr_par' dir='ltr' id='par_1_42' title="bbox 2172 1228 3672 1304">
     <span class='ocr_line' id='line_1_42' title="bbox 2172 1228 3672 1304; baseline 0.017 -26"><span class='ocrx_word' id='word_1_281' title='bbox 2172 1228 2500 1298; x_wconf 73' lang='lat' dir='ltr'><strong>etymologia</strong></span> <span class='ocrx_word' id='word_1_282' title='bbox 2537 1229 2628 1284; x_wconf 85' lang='lat' dir='ltr'><strong>illa</strong></span> <span class='ocrx_word' id='word_1_283' title='bbox 2661 1230 2828 1300; x_wconf 79' lang='lat' dir='ltr'><strong>Sylvii</strong></span> <span class='ocrx_word' id='word_1_284' title='bbox 2863 1231 3148 1290; x_wconf 85' lang='lat' dir='ltr'><strong>Posthumi</strong></span> <span class='ocrx_word' id='word_1_285' title='bbox 3177 1278 3191 1298; x_wconf 89' lang='lat'><strong>,</strong></span> <span class='ocrx_word' id='word_1_286' title='bbox 3242 1237 3510 1298; x_wconf 87' lang='lat' dir='ltr'><strong>Eusebium</strong></span> <span class='ocrx_word' id='word_1_287' title='bbox 3537 1247 3672 1304; x_wconf 87' lang='lat' dir='ltr'><strong>homi-</strong></span> 
     </span>
    </p>
   </div>
   <div class='ocr_carea' id='block_1_43' title="bbox 2175 1317 3673 1406">
    <p class='ocr_par' dir='ltr' id='par_1_43' title="bbox 2175 1317 3673 1406">
     <span class='ocr_line' id='line_1_43' title="bbox 2175 1317 3673 1406; baseline 0.015 -34"><span class='ocrx_word' id='word_1_288' title='bbox 2175 1334 2297 1372; x_wconf 89' lang='lat' dir='ltr'><strong>nem</strong></span> <span class='ocrx_word' id='word_1_289' title='bbox 2329 1317 2576 1375; x_wconf 69' lang='lat' dir='ltr'><strong>Graecum</strong></span> <span class='ocrx_word' id='word_1_290' title='bbox 2607 1337 2714 1377; x_wconf 89' lang='lat' dir='ltr'><strong>non</strong></span> <span class='ocrx_word' id='word_1_291' title='bbox 2745 1327 2909 1396; x_wconf 77' lang='lat' dir='ltr'><strong>sapit.</strong></span> <span class='ocrx_word' id='word_1_292' title='bbox 2937 1325 3062 1381; x_wconf 87' lang='lat' dir='ltr'><strong>Fuit</strong></span> <span class='ocrx_word' id='word_1_293' title='bbox 3095 1338 3272 1383; x_wconf 87' lang='lat' dir='ltr'><strong>autem</strong></span> <span class='ocrx_word' id='word_1_294' title='bbox 3298 1331 3613 1406; x_wconf 85' lang='lat' dir='ltr'><strong>Hieronymus</strong></span> <span class='ocrx_word' id='word_1_295' title='bbox 3633 1340 3673 1394; x_wconf 88' lang='lat' dir='ltr'><strong>in</strong></span> 
     </span>
    </p>
   </div>
   <div class='ocr_carea' id='block_1_44' title="bbox 2176 1409 3676 1491">
    <p class='ocr_par' dir='ltr' id='par_1_44' title="bbox 2176 1409 3676 1491">
     <span class='ocr_line' id='line_1_44' title="bbox 2176 1409 3676 1491; baseline 0.016 -27"><span class='ocrx_word' id='word_1_296' title='bbox 2176 1409 2267 1464; x_wconf 84' lang='lat' dir='ltr'><strong>illa</strong></span> <span class='ocrx_word' id='word_1_297' title='bbox 2319 1415 2804 1491; x_wconf 82' lang='lat' dir='ltr'><strong>grammaticorum</strong></span> <span class='ocrx_word' id='word_1_298' title='bbox 2851 1421 3166 1487; x_wconf 85' lang='lat' dir='ltr'><strong>sententia,</strong></span> <span class='ocrx_word' id='word_1_299' title='bbox 3218 1421 3546 1482; x_wconf 81' lang='lat' dir='ltr'><strong>Posthumum</strong></span> <span class='ocrx_word' id='word_1_300' title='bbox 3584 1430 3676 1488; x_wconf 85' lang='lat' dir='ltr'><strong>ideo</strong></span> 
     </span>
    </p>
   </div>
   <div class='ocr_carea' id='block_1_45' title="bbox 2173 1502 3676 1587">
    <p class='ocr_par' dir='ltr' id='par_1_45' title="bbox 2173 1502 3676 1587">
     <span class='ocr_line' id='line_1_45' title="bbox 2173 1502 3676 1587; baseline 0.013 -31"><span class='ocrx_word' id='word_1_301' title='bbox 2173 1502 2380 1557; x_wconf 89' lang='lat' dir='ltr'><strong>dictum</strong></span> <span class='ocrx_word' id='word_1_302' title='bbox 2413 1502 2658 1576; x_wconf 87' lang='lat' dir='ltr'><strong>Sylvium</strong></span> <span class='ocrx_word' id='word_1_303' title='bbox 2691 1506 2882 1564; x_wconf 60' lang='lat' dir='ltr'><strong>[Encas</strong></span> <span class='ocrx_word' id='word_1_304' title='bbox 2913 1511 3110 1579; x_wconf 85' lang='lat' dir='ltr'><strong>filium,</strong></span> <span class='ocrx_word' id='word_1_305' title='bbox 3142 1516 3285 1583; x_wconf 85' lang='lat' dir='ltr'><strong>quod</strong></span> <span class='ocrx_word' id='word_1_306' title='bbox 3313 1526 3428 1587; x_wconf 88' lang='lat' dir='ltr'><strong>post</strong></span> <span class='ocrx_word' id='word_1_307' title='bbox 3456 1519 3676 1577; x_wconf 81' lang='lat' dir='ltr'><strong>humatio-</strong></span> 
     </span>
    </p>
   </div>
   <div class='ocr_carea' id='block_1_46' title="bbox 2176 1595 3675 1674">
    <p class='ocr_par' dir='ltr' id='par_1_46' title="bbox 2176 1595 3675 1674">
     <span class='ocr_line' id='line_1_46' title="bbox 2176 1595 3675 1674; baseline 0.015 -26"><span class='ocrx_word' id='word_1_308' title='bbox 2176 1611 2322 1661; x_wconf 87' lang='lat' dir='ltr'><strong>nem,</strong></span> <span class='ocrx_word' id='word_1_309' title='bbox 2353 1595 2404 1650; x_wconf 93' lang='lat' dir='ltr'><strong>id</strong></span> <span class='ocrx_word' id='word_1_310' title='bbox 2437 1608 2518 1653; x_wconf 91' lang='lat' dir='ltr'><strong>est</strong></span> <span class='ocrx_word' id='word_1_311' title='bbox 2548 1601 2882 1673; x_wconf 79' lang='lat' dir='ltr'><strong>sepulturam</strong></span> <span class='ocrx_word' id='word_1_312' title='bbox 2903 1643 2920 1669; x_wconf 91' lang='lat'><strong>,</strong></span> <span class='ocrx_word' id='word_1_313' title='bbox 2954 1606 3124 1674; x_wconf 87' lang='lat' dir='ltr'><strong>patris</strong></span> <span class='ocrx_word' id='word_1_314' title='bbox 3156 1606 3208 1660; x_wconf 93' lang='lat' dir='ltr'><strong>in</strong></span> <span class='ocrx_word' id='word_1_315' title='bbox 3235 1608 3400 1665; x_wconf 89' lang='lat' dir='ltr'><strong>lucem</strong></span> <span class='ocrx_word' id='word_1_316' title='bbox 3437 1612 3500 1667; x_wconf 89' lang='lat' dir='ltr'><strong>sit</strong></span> <span class='ocrx_word' id='word_1_317' title='bbox 3523 1613 3675 1670; x_wconf 89' lang='lat' dir='ltr'><strong>editus.</strong></span> 
     </span>
    </p>
   </div>
   <div class='ocr_carea' id='block_1_47' title="bbox 2174 1685 3678 1773">
    <p class='ocr_par' dir='ltr' id='par_1_47' title="bbox 2174 1685 3678 1773">
     <span class='ocr_line' id='line_1_47' title="bbox 2174 1685 3678 1773; baseline 0.015 -34"><span class='ocrx_word' id='word_1_318' title='bbox 2174 1687 2306 1753; x_wconf 67' lang='lat' dir='ltr'><strong>Qua</strong></span> <span class='ocrx_word' id='word_1_319' title='bbox 2333 1685 2554 1758; x_wconf 82' lang='lat' dir='ltr'><strong>quidem</strong></span> <span class='ocrx_word' id='word_1_320' title='bbox 2604 1695 3004 1749; x_wconf 89' lang='lat' dir='ltr'><strong>recentioribus</strong></span> <span class='ocrx_word' id='word_1_321' title='bbox 3042 1698 3250 1753; x_wconf 83' lang='lat' dir='ltr'><strong>criticis</strong></span> <span class='ocrx_word' id='word_1_322' title='bbox 3283 1703 3487 1756; x_wconf 86' lang='lat' dir='ltr'><strong>minime</strong></span> <span class='ocrx_word' id='word_1_323' title='bbox 3523 1691 3678 1773; x_wconf 82' lang='lat' dir='ltr'><strong>proba-</strong></span> 
     </span>
    </p>
   </div>
   <div class='ocr_carea' id='block_1_48' title="bbox 2175 1783 3677 1867">
    <p class='ocr_par' dir='ltr' id='par_1_48' title="bbox 2175 1783 3677 1867">
     <span class='ocr_line' id='line_1_48' title="bbox 2175 1783 3677 1867; baseline 0.011 -33"><span class='ocrx_word' id='word_1_324' title='bbox 2175 1792 2262 1834; x_wconf 90' lang='lat' dir='ltr'><strong>tur</strong></span> <span class='ocrx_word' id='word_1_325' title='bbox 2287 1801 2307 1846; x_wconf 82' lang='lat'><strong>,</strong></span> <span class='ocrx_word' id='word_1_326' title='bbox 2341 1783 2435 1850; x_wconf 87' lang='lat' dir='ltr'><strong>qui</strong></span> <span class='ocrx_word' id='word_1_327' title='bbox 2475 1785 2825 1851; x_wconf 89' lang='lat' dir='ltr'><strong>posthumam</strong></span> <span class='ocrx_word' id='word_1_328' title='bbox 2857 1789 3059 1855; x_wconf 90' lang='lat' dir='ltr'><strong>prolem</strong></span> <span class='ocrx_word' id='word_1_329' title='bbox 3089 1791 3156 1844; x_wconf 89' lang='lat' dir='ltr'><strong>ab</strong></span> <span class='ocrx_word' id='word_1_330' title='bbox 3181 1805 3246 1847; x_wconf 88' lang='lat' dir='ltr'><strong>eo</strong></span> <span class='ocrx_word' id='word_1_331' title='bbox 3273 1791 3454 1849; x_wconf 88' lang='lat' dir='ltr'><strong>dicunt</strong></span> <span class='ocrx_word' id='word_1_332' title='bbox 3481 1798 3677 1867; x_wconf 85' lang='lat' dir='ltr'><strong>appella-</strong></span> 
     </span>
    </p>
   </div>
   <div class='ocr_carea' id='block_1_49' title="bbox 2173 1875 3678 1951">
    <p class='ocr_par' dir='ltr' id='par_1_49' title="bbox 2173 1875 3678 1951">
     <span class='ocr_line' id='line_1_49' title="bbox 2173 1875 3678 1951; baseline 0.012 -24"><span class='ocrx_word' id='word_1_333' title='bbox 2173 1882 2282 1928; x_wconf 90' lang='lat' dir='ltr'><strong>tam</strong></span> <span class='ocrx_word' id='word_1_334' title='bbox 2309 1915 2324 1938; x_wconf 91' lang='lat'><strong>,</strong></span> <span class='ocrx_word' id='word_1_335' title='bbox 2371 1875 2515 1944; x_wconf 91' lang='lat' dir='ltr'><strong>quod</strong></span> <span class='ocrx_word' id='word_1_336' title='bbox 2562 1887 2838 1945; x_wconf 90' lang='lat' dir='ltr'><strong>postremo</strong></span> <span class='ocrx_word' id='word_1_337' title='bbox 2877 1881 2995 1935; x_wconf 91' lang='lat' dir='ltr'><strong>loco</strong></span> <span class='ocrx_word' id='word_1_338' title='bbox 3044 1892 3168 1951; x_wconf 86' lang='lat' dir='ltr'><strong>post</strong></span> <span class='ocrx_word' id='word_1_339' title='bbox 3214 1885 3348 1942; x_wconf 86' lang='lat' dir='ltr'><strong>alios</strong></span> <span class='ocrx_word' id='word_1_340' title='bbox 3384 1887 3562 1944; x_wconf 84' lang='lat' dir='ltr'><strong>liberos</strong></span> <span class='ocrx_word' id='word_1_341' title='bbox 3585 1900 3678 1944; x_wconf 84' lang='lat' dir='ltr'><strong>nata</strong></span> 
     </span>
    </p>
   </div>
   <div class='ocr_carea' id='block_1_50' title="bbox 2173 1963 3678 2044">
    <p class='ocr_par' dir='ltr' id='par_1_50' title="bbox 2173 1963 3678 2044">
     <span class='ocr_line' id='line_1_50' title="bbox 2173 1963 3678 2044; baseline 0.011 -27"><span class='ocrx_word' id='word_1_342' title='bbox 2173 1963 2245 2017; x_wconf 87' lang='lat' dir='ltr'><strong>sit</strong></span> <span class='ocrx_word' id='word_1_343' title='bbox 2279 1982 2294 2017; x_wconf 71' lang='grc' dir='ltr'>ε</span> <span class='ocrx_word' id='word_1_344' title='bbox 2328 1968 2472 2036; x_wconf 91' lang='lat' dir='ltr'><strong>quod</strong></span> <span class='ocrx_word' id='word_1_345' title='bbox 2505 1977 2559 2022; x_wconf 88' lang='lat' dir='ltr'><strong>et</strong></span> <span class='ocrx_word' id='word_1_346' title='bbox 2585 1968 2773 2024; x_wconf 85' lang='lat' dir='ltr'><strong>docuit</strong></span> <span class='ocrx_word' id='word_1_347' title='bbox 2803 1969 3078 2030; x_wconf 88' lang='lat' dir='ltr'><strong>Cesellius</strong></span> <span class='ocrx_word' id='word_1_348' title='bbox 3111 1971 3318 2031; x_wconf 74' lang='lat' dir='ltr'><strong>Vindex</strong></span> <span class='ocrx_word' id='word_1_349' title='bbox 3346 2019 3360 2044; x_wconf 90' lang='lat'><strong>,</strong></span> <span class='ocrx_word' id='word_1_350' title='bbox 3395 1988 3517 2032; x_wconf 85' lang='lat' dir='ltr'><strong>teste</strong></span> <span class='ocrx_word' id='word_1_351' title='bbox 3544 1978 3678 2036; x_wconf 87' lang='lat' dir='ltr'><strong>Gellio</strong></span> 
     </span>
    </p>
   </div>
   <div class='ocr_carea' id='block_1_51' title="bbox 2172 2057 3682 2136">
    <p class='ocr_par' dir='ltr' id='par_1_51' title="bbox 2172 2057 3682 2136">
     <span class='ocr_line' id='line_1_51' title="bbox 2172 2057 3682 2136; baseline 0.01 -25"><span class='ocrx_word' id='word_1_352' title='bbox 2172 2057 2270 2113; x_wconf 85' lang='lat' dir='ltr'><strong>lib.</strong></span> <span class='ocrx_word' id='word_1_353' title='bbox 2306 2075 2344 2113; x_wconf 93' lang='grc' dir='ltr'><strong>ιι</strong></span> <span class='ocrx_word' id='word_1_354' title='bbox 2375 2075 2388 2111; x_wconf 88' lang='lat'><strong>:</strong></span> <span class='ocrx_word' id='word_1_355' title='bbox 2430 2058 2796 2125; x_wconf 83' lang='lat' dir='ltr'><strong>Quamobrem</strong></span> <span class='ocrx_word' id='word_1_356' title='bbox 2827 2104 2843 2129; x_wconf 90' lang='lat'><strong>,</strong></span> <span class='ocrx_word' id='word_1_357' title='bbox 2889 2064 3031 2117; x_wconf 90' lang='lat' dir='ltr'><strong>sicut</strong></span> <span class='ocrx_word' id='word_1_358' title='bbox 3073 2065 3144 2118; x_wconf 88' lang='lat' dir='ltr'><strong>ab</strong></span> <span class='ocrx_word' id='word_1_359' title='bbox 3182 2068 3315 2121; x_wconf 85' lang='lat' dir='ltr'><strong>citra</strong></span> <span class='ocrx_word' id='word_1_360' title='bbox 3362 2085 3596 2136; x_wconf 75' lang='lat' dir='ltr'><strong>cnruaus,</strong></span> <span class='ocrx_word' id='word_1_361' title='bbox 3632 2071 3682 2126; x_wconf 89' lang='lat' dir='ltr'><strong>ab</strong></span> 
     </span>
    </p>
   </div>
   <div class='ocr_carea' id='block_1_52' title="bbox 2176 2153 3681 2221">
    <p class='ocr_par' dir='ltr' id='par_1_52' title="bbox 2176 2153 3681 2221">
     <span class='ocr_line' id='line_1_52' title="bbox 2176 2153 3681 2221; baseline 0.011 -19"><span class='ocrx_word' id='word_1_362' title='bbox 2176 2158 2334 2203; x_wconf 73' lang='lat' dir='ltr'><strong>extra</strong></span> <span class='ocrx_word' id='word_1_363' title='bbox 2365 2165 2621 2206; x_wconf 73' lang='lat' dir='ltr'><strong>ex&#39;ruuus</strong></span> <span class='ocrx_word' id='word_1_364' title='bbox 2649 2190 2664 2214; x_wconf 92' lang='lat'><strong>,</strong></span> <span class='ocrx_word' id='word_1_365' title='bbox 2703 2163 2868 2221; x_wconf 87' lang='lat' dir='ltr'><strong>atque</strong></span> <span class='ocrx_word' id='word_1_366' title='bbox 2901 2153 2986 2209; x_wconf 86' lang='lat' dir='ltr'><strong>his</strong></span> <span class='ocrx_word' id='word_1_367' title='bbox 3023 2156 3222 2210; x_wconf 87' lang='lat' dir='ltr'><strong>similia</strong></span> <span class='ocrx_word' id='word_1_368' title='bbox 3253 2159 3601 2215; x_wconf 85' lang='lat' dir='ltr'><strong>deducuntur:</strong></span> <span class='ocrx_word' id='word_1_369' title='bbox 3629 2163 3681 2219; x_wconf 87' lang='lat' dir='ltr'><strong>ita</strong></span> 
     </span>
    </p>
   </div>
   <div class='ocr_carea' id='block_1_53' title="bbox 2175 2231 3682 2318">
    <p class='ocr_par' dir='ltr' id='par_1_53' title="bbox 2175 2231 3682 2318">
     <span class='ocr_line' id='line_1_53' title="bbox 2175 2231 3682 2318; baseline 0.012 -24"><span class='ocrx_word' id='word_1_370' title='bbox 2175 2251 2230 2296; x_wconf 85' lang='lat' dir='ltr'><strong>et</strong></span> <span class='ocrx_word' id='word_1_371' title='bbox 2262 2253 2565 2312; x_wconf 84' lang='lat' dir='ltr'><strong>postumum</strong></span> <span class='ocrx_word' id='word_1_372' title='bbox 2602 2258 2630 2297; x_wconf 91' lang='lat' dir='ltr'><strong>a</strong></span> <span class='ocrx_word' id='word_1_373' title='bbox 2661 2253 2780 2310; x_wconf 86' lang='lat' dir='ltr'><strong>post</strong></span> <span class='ocrx_word' id='word_1_374' title='bbox 2810 2245 2946 2299; x_wconf 89' lang='lat' dir='ltr'><strong>dici.</strong></span> <span class='ocrx_word' id='word_1_375' title='bbox 2981 2244 3046 2302; x_wconf 80' lang='lat' dir='ltr'><strong>Et</strong></span> <span class='ocrx_word' id='word_1_376' title='bbox 3093 2263 3259 2318; x_wconf 89' lang='lat' dir='ltr'><strong>porro</strong></span> <span class='ocrx_word' id='word_1_377' title='bbox 3302 2251 3354 2304; x_wconf 89' lang='lat' dir='ltr'><strong>in</strong></span> <span class='ocrx_word' id='word_1_378' title='bbox 3390 2231 3682 2312; x_wconf 79' lang='lat' dir='ltr'><strong>vetustiorum</strong></span> 
     </span>
    </p>
   </div>
   <div class='ocr_carea' id='block_1_54' title="bbox 2176 2336 3686 2416">
    <p class='ocr_par' dir='ltr' id='par_1_54' title="bbox 2176 2336 3686 2416">
     <span class='ocr_line' id='line_1_54' title="bbox 2176 2336 3686 2416; baseline 0.008 -27"><span class='ocrx_word' id='word_1_379' title='bbox 2176 2336 2396 2405; x_wconf 86' lang='lat' dir='ltr'><strong>scriptis</strong></span> <span class='ocrx_word' id='word_1_380' title='bbox 2427 2339 2545 2392; x_wconf 86' lang='lat' dir='ltr'><strong>sine</strong></span> <span class='ocrx_word' id='word_1_381' title='bbox 2581 2338 2916 2406; x_wconf 90' lang='lat' dir='ltr'><strong>aspiratione</strong></span> <span class='ocrx_word' id='word_1_382' title='bbox 2945 2351 3249 2409; x_wconf 82' lang='lat' dir='ltr'><strong>postumum</strong></span> <span class='ocrx_word' id='word_1_383' title='bbox 3282 2344 3380 2414; x_wconf 80' lang='lat' dir='ltr'><strong>legi</strong></span> <span class='ocrx_word' id='word_1_384' title='bbox 3405 2386 3419 2408; x_wconf 93' lang='lat'><strong>,</strong></span> <span class='ocrx_word' id='word_1_385' title='bbox 3459 2363 3551 2402; x_wconf 84' lang='lat' dir='ltr'><strong>non</strong></span> <span class='ocrx_word' id='word_1_386' title='bbox 3574 2359 3686 2416; x_wconf 79' lang='lat' dir='ltr'><strong>post-</strong></span> 
     </span>
    </p>
   </div>
   <div class='ocr_carea' id='block_1_55' title="bbox 2176 2427 3686 2501">
    <p class='ocr_par' dir='ltr' id='par_1_55' title="bbox 2176 2427 3686 2501">
     <span class='ocr_line' id='line_1_55' title="bbox 2176 2427 3686 2501; baseline 0.009 -22"><span class='ocrx_word' id='word_1_387' title='bbox 2176 2427 2393 2481; x_wconf 88' lang='lat' dir='ltr'><strong>Immum</strong></span> <span class='ocrx_word' id='word_1_388' title='bbox 2424 2445 2444 2482; x_wconf 90' lang='lat'><strong><em>:</em></strong></span> <span class='ocrx_word' id='word_1_389' title='bbox 2481 2430 2624 2495; x_wconf 88' lang='lat' dir='ltr'><strong>quod</strong></span> <span class='ocrx_word' id='word_1_390' title='bbox 2672 2430 2940 2484; x_wconf 88' lang='lat' dir='ltr'><strong>Canterus</strong></span> <span class='ocrx_word' id='word_1_391' title='bbox 2961 2471 2977 2496; x_wconf 95' lang='lat'><strong>,</strong></span> <span class='ocrx_word' id='word_1_392' title='bbox 3013 2432 3401 2490; x_wconf 85' lang='lat' dir='ltr'><strong>Taubmannus</strong></span> <span class='ocrx_word' id='word_1_393' title='bbox 3423 2478 3437 2501; x_wconf 95' lang='lat'><strong>,</strong></span> <span class='ocrx_word' id='word_1_394' title='bbox 3464 2446 3512 2492; x_wconf 87' lang='lat' dir='ltr'><strong>et</strong></span> <span class='ocrx_word' id='word_1_395' title='bbox 3547 2440 3686 2492; x_wconf 77' lang='lat' dir='ltr'><strong>noris-</strong></span> 
     </span>
    </p>
   </div>
   <div class='ocr_carea' id='block_1_56' title="bbox 2178 2519 3686 2598">
    <p class='ocr_par' dir='ltr' id='par_1_56' title="bbox 2178 2519 3686 2598">
     <span class='ocr_line' id='line_1_56' title="bbox 2178 2519 3686 2598; baseline 0.007 -26"><span class='ocrx_word' id='word_1_396' title='bbox 2178 2519 2317 2573; x_wconf 88' lang='lat' dir='ltr'><strong>sime</strong></span> <span class='ocrx_word' id='word_1_397' title='bbox 2374 2519 2732 2584; x_wconf 85' lang='lat' dir='ltr'><strong>l‘erizonius,</strong></span> <span class='ocrx_word' id='word_1_398' title='bbox 2790 2521 3041 2578; x_wconf 87' lang='lat' dir='ltr'><strong>adductis</strong></span> <span class='ocrx_word' id='word_1_399' title='bbox 3100 2524 3154 2577; x_wconf 89' lang='lat' dir='ltr'><strong>in</strong></span> <span class='ocrx_word' id='word_1_400' title='bbox 3209 2524 3434 2582; x_wconf 85' lang='lat' dir='ltr'><strong>medium</strong></span> <span class='ocrx_word' id='word_1_401' title='bbox 3461 2529 3686 2598; x_wconf 75' lang='lat' dir='ltr'><strong>exemplis,</strong></span> 
     </span>
    </p>
   </div>
   <div class='ocr_carea' id='block_1_57' title="bbox 2178 2611 3689 2691">
    <p class='ocr_par' dir='ltr' id='par_1_57' title="bbox 2178 2611 3689 2691">
     <span class='ocr_line' id='line_1_57' title="bbox 2178 2611 3689 2691; baseline 0.004 -25"><span class='ocrx_word' id='word_1_402' title='bbox 2178 2612 2458 2666; x_wconf 85' lang='lat' dir='ltr'><strong>evincunt.</strong></span> <span class='ocrx_word' id='word_1_403' title='bbox 2494 2611 2737 2680; x_wconf 85' lang='lat' dir='ltr'><strong>Denique</strong></span> <span class='ocrx_word' id='word_1_404' title='bbox 2768 2626 2821 2668; x_wconf 86' lang='lat' dir='ltr'><strong>et</strong></span> <span class='ocrx_word' id='word_1_405' title='bbox 2864 2616 3010 2668; x_wconf 85' lang='lat' dir='ltr'><strong>hunc</strong></span> <span class='ocrx_word' id='word_1_406' title='bbox 3051 2630 3176 2672; x_wconf 88' lang='lat' dir='ltr'><strong>esse</strong></span> <span class='ocrx_word' id='word_1_407' title='bbox 3216 2617 3532 2674; x_wconf 88' lang='lat' dir='ltr'><strong>celeberrimi</strong></span> <span class='ocrx_word' id='word_1_408' title='bbox 3553 2620 3689 2691; x_wconf 77' lang='lat' dir='ltr'><strong>Virgi-</strong></span> 
     </span>
    </p>
   </div>
   <div class='ocr_carea' id='block_1_58' title="bbox 2178 2703 3124 2776">
    <p class='ocr_par' dir='ltr' id='par_1_58' title="bbox 2178 2703 3124 2776">
     <span class='ocr_line' id='line_1_58' title="bbox 2178 2703 3124 2776; baseline 0.004 -18"><span class='ocrx_word' id='word_1_409' title='bbox 2178 2703 2309 2760; x_wconf 83' lang='lat' dir='ltr'><strong>liani</strong></span> <span class='ocrx_word' id='word_1_410' title='bbox 2344 2707 2446 2760; x_wconf 81' lang='lat' dir='ltr'><strong>loci</strong></span> <span class='ocrx_word' id='word_1_411' title='bbox 2479 2705 2741 2760; x_wconf 59' lang='lat' dir='ltr'><strong>IEneidos</strong></span> <span class='ocrx_word' id='word_1_412' title='bbox 2772 2720 2821 2760; x_wconf 75' lang='lat' dir='ltr'><strong>VI</strong></span> <span class='ocrx_word' id='word_1_413' title='bbox 2859 2722 3081 2762; x_wconf 85' lang='lat' dir='ltr'><strong>sensum</strong></span> <span class='ocrx_word' id='word_1_414' title='bbox 3105 2747 3124 2776; x_wconf 85' lang='lat'><strong>,</strong></span> 
     </span>
    </p>
   </div>
   <div class='ocr_carea' id='block_1_59' title="bbox 2891 2817 3331 2872">
    <p class='ocr_par' dir='ltr' id='par_1_59' title="bbox 2891 2817 3331 2872">
     <span class='ocr_line' id='line_1_59' title="bbox 2891 2817 3331 2872; baseline 0.009 -4"><span class='ocrx_word' id='word_1_415' title='bbox 2891 2817 3084 2870; x_wconf 86' lang='lat' dir='ltr'><strong>Primus</strong></span> <span class='ocrx_word' id='word_1_416' title='bbox 3107 2823 3168 2872; x_wconf 90' lang='lat' dir='ltr'><strong>ad</strong></span> <span class='ocrx_word' id='word_1_417' title='bbox 3189 2837 3331 2872; x_wconf 81' lang='lat' dir='ltr'><strong>auras</strong></span> 
     </span>
    </p>
   </div>
   <div class='ocr_carea' id='block_1_60' title="bbox 2306 2881 3453 2948">
    <p class='ocr_par' dir='ltr' id='par_1_60' title="bbox 2306 2881 3453 2948">
     <span class='ocr_line' id='line_1_60' title="bbox 2306 2881 3453 2948; baseline 0.004 -17"><span class='ocrx_word' id='word_1_418' title='bbox 2306 2881 2699 2948; x_wconf 51' lang='lat' dir='ltr'><strong>(Etheriasltalo</strong></span> <span class='ocrx_word' id='word_1_419' title='bbox 2719 2881 3004 2930; x_wconf 74' lang='lat' dir='ltr'><strong>comminus</strong></span> <span class='ocrx_word' id='word_1_420' title='bbox 3027 2886 3272 2944; x_wconf 76' lang='lat' dir='ltr'><strong>sanguine</strong></span> <span class='ocrx_word' id='word_1_421' title='bbox 3293 2892 3453 2948; x_wconf 86' lang='lat' dir='ltr'><strong>surget</strong></span> 
     </span>
    </p>
   </div>
   <div class='ocr_carea' id='block_1_61' title="bbox 2306 2944 3561 3009">
    <p class='ocr_par' dir='ltr' id='par_1_61' title="bbox 2306 2944 3561 3009">
     <span class='ocr_line' id='line_1_61' title="bbox 2306 2944 3561 3009; baseline -0.001 -14"><span class='ocrx_word' id='word_1_422' title='bbox 2306 2946 2537 3009; x_wconf 84' lang='lat' dir='ltr'><strong>Sylvius,_</strong></span> <span class='ocrx_word' id='word_1_423' title='bbox 2552 2944 2796 3009; x_wconf 46' lang='lat' dir='ltr'><strong>{Albanum</strong></span> <span class='ocrx_word' id='word_1_424' title='bbox 2819 2956 3018 2999; x_wconf 85' lang='lat' dir='ltr'><strong>nomen.</strong></span> <span class='ocrx_word' id='word_1_425' title='bbox 3048 2951 3132 3009; x_wconf 68' lang='lat' dir='ltr'><strong>tua</strong></span> <span class='ocrx_word' id='word_1_426' title='bbox 3158 2944 3561 3009; x_wconf 61' lang='lat' dir='ltr'><strong>postuma&#39;proles,</strong></span> 
     </span>
    </p>
   </div>
   <div class='ocr_carea' id='block_1_62' title="bbox 2308 3005 3440 3066">
    <p class='ocr_par' dir='ltr' id='par_1_62' title="bbox 2308 3005 3440 3066">
     <span class='ocr_line' id='line_1_62' title="bbox 2308 3005 3440 3066; baseline 0.004 -12"><span class='ocrx_word' id='word_1_427' title='bbox 2308 3009 2465 3066; x_wconf 80' lang='lat' dir='ltr'><strong>Quem</strong></span> <span class='ocrx_word' id='word_1_428' title='bbox 2488 3005 2573 3053; x_wconf 84' lang='lat' dir='ltr'><strong>tibi</strong></span> <span class='ocrx_word' id='word_1_429' title='bbox 2612 3007 2835 3065; x_wconf 76' lang='lat' dir='ltr'><strong>longaevo</strong></span> <span class='ocrx_word' id='word_1_430' title='bbox 2859 3017 3026 3054; x_wconf 88' lang='lat' dir='ltr'><strong>serum</strong></span> <span class='ocrx_word' id='word_1_431' title='bbox 3047 3005 3250 3056; x_wconf 84' lang='lat' dir='ltr'><strong>Lavinia</strong></span> <span class='ocrx_word' id='word_1_432' title='bbox 3270 3005 3440 3066; x_wconf 77' lang='lat' dir='ltr'><strong>coniux</strong></span> 
     </span>
    </p>
   </div>
   <div class='ocr_carea' id='block_1_63' title="bbox 2307 3069 3606 3132">
    <p class='ocr_par' dir='ltr' id='par_1_63' title="bbox 2307 3069 3606 3132">
     <span class='ocr_line' id='line_1_63' title="bbox 2307 3069 3606 3132; baseline -0.001 -13"><span class='ocrx_word' id='word_1_433' title='bbox 2307 3069 2501 3119; x_wconf 81' lang='lat' dir='ltr'><strong>Educet</strong></span> <span class='ocrx_word' id='word_1_434' title='bbox 2527 3069 2665 3115; x_wconf 83' lang='lat' dir='ltr'><strong>silvis</strong></span> <span class='ocrx_word' id='word_1_435' title='bbox 2694 3078 2888 3126; x_wconf 88' lang='lat' dir='ltr'><strong>regem,</strong></span> <span class='ocrx_word' id='word_1_436' title='bbox 2912 3079 3194 3130; x_wconf 80' lang='lat' dir='ltr'><strong>regumque</strong></span> <span class='ocrx_word' id='word_1_437' title='bbox 3219 3077 3482 3132; x_wconf 87' lang='lat' dir='ltr'><strong>parentem,</strong></span> <span class='ocrx_word' id='word_1_438' title='bbox 3522 3076 3606 3120; x_wconf 86' lang='lat' dir='ltr'><strong>etc.</strong></span> 
     </span>
    </p>
   </div>
   <div class='ocr_carea' id='block_1_64' title="bbox 493 3143 3696 3243">
    <p class='ocr_par' dir='ltr' id='par_1_64' title="bbox 493 3143 3696 3243">
     <span class='ocr_line' id='line_1_64' title="bbox 493 3143 3696 3243; baseline -0.001 -17"><span class='ocrx_word' id='word_1_439' title='bbox 493 3143 620 3239; x_wconf 58' lang='lat' dir='ltr'><strong>rege</strong></span> <span class='ocrx_word' id='word_1_440' title='bbox 651 3167 902 3229; x_wconf 55' lang='lat' dir='ltr'><strong>Galatia,</strong></span> <span class='ocrx_word' id='word_1_441' title='bbox 935 3143 1288 3236; x_wconf 12' lang='lat' dir='ltr'><strong>utrscriptum</strong></span> <span class='ocrx_word' id='word_1_442' title='bbox 1315 3174 1500 3220; x_wconf 76' lang='lat' dir='ltr'><strong>exstat</strong></span> <span class='ocrx_word' id='word_1_443' title='bbox 1527 3169 1667 3231; x_wconf 85' lang='lat' dir='ltr'><strong>apud</strong></span> <span class='ocrx_word' id='word_1_444' title='bbox 1698 3165 1946 3229; x_wconf 87' lang='lat' dir='ltr'><strong>Suidam,</strong></span> <span class='ocrx_word' id='word_1_445' title='bbox 1978 3180 2076 3218; x_wconf 88' lang='lat' dir='ltr'><strong>nos</strong></span> <span class='ocrx_word' id='word_1_446' title='bbox 2105 3143 2149 3202; x_wconf 53' lang='grc' dir='ltr'><strong>(ἶ</strong></span> <span class='ocrx_word' id='word_1_447' title='bbox 2181 3173 2238 3228; x_wconf 85' lang='grc' dir='ltr'><strong>1η</strong></span> <span class='ocrx_word' id='word_1_448' title='bbox 2283 3189 2446 3242; x_wconf 79' lang='lat' dir='ltr'><strong>quem</strong></span> <span class='ocrx_word' id='word_1_449' title='bbox 2490 3171 2668 3226; x_wconf 78' lang='lat' dir='ltr'><strong>locum</strong></span> <span class='ocrx_word' id='word_1_450' title='bbox 2701 3172 2928 3226; x_wconf 87' lang='lat' dir='ltr'><strong>Servius</strong></span> <span class='ocrx_word' id='word_1_451' title='bbox 2960 3171 3156 3228; x_wconf 84' lang='lat' dir='ltr'><strong>iisdem</strong></span> <span class='ocrx_word' id='word_1_452' title='bbox 3190 3189 3326 3243; x_wconf 80' lang='lat' dir='ltr'><strong>pene</strong></span> <span class='ocrx_word' id='word_1_453' title='bbox 3350 3177 3514 3242; x_wconf 68' lang='lat' dir='ltr'><strong>:alque</strong></span> <span class='ocrx_word' id='word_1_454' title='bbox 3546 3174 3696 3230; x_wconf 70' lang='lat' dir='ltr'><strong>Hiero-</strong></span> 
     </span>
    </p>
   </div>
   <div class='ocr_carea' id='block_1_65' title="bbox 493 3257 2076 3328">
    <p class='ocr_par' dir='ltr' id='par_1_65' title="bbox 493 3257 2076 3328">
     <span class='ocr_line' id='line_1_65' title="bbox 493 3257 2076 3328; baseline -0.005 -10"><span class='ocrx_word' id='word_1_455' title='bbox 493 3276 658 3328; x_wconf 77' lang='lat' dir='ltr'><strong>supra</strong></span> <span class='ocrx_word' id='word_1_456' title='bbox 689 3260 952 3323; x_wconf 76' lang='lat' dir='ltr'><strong>diximus,</strong></span> <span class='ocrx_word' id='word_1_457' title='bbox 979 3259 1044 3314; x_wconf 89' lang='lat' dir='ltr'><strong>ad</strong></span> <span class='ocrx_word' id='word_1_458' title='bbox 1079 3273 1230 3312; x_wconf 89' lang='lat' dir='ltr'><strong>num.</strong></span> <span class='ocrx_word' id='word_1_459' title='bbox 1261 3257 1386 3324; x_wconf 72' lang='lat'><strong>170,</strong></span> <span class='ocrx_word' id='word_1_460' title='bbox 1418 3260 1648 3327; x_wconf 79' lang='lat' dir='ltr'><strong>eamq‘ue</strong></span> <span class='ocrx_word' id='word_1_461' title='bbox 1681 3257 1928 3313; x_wconf 83' lang='lat' dir='ltr'><strong>cavimus</strong></span> <span class='ocrx_word' id='word_1_462' title='bbox 1959 3259 2076 3310; x_wconf 80' lang='lat' dir='ltr'><strong>hal-</strong></span> 
     </span>
    </p>
   </div>
   <div class='ocr_carea' id='block_1_66' title="bbox 495 3338 2076 3416">
    <p class='ocr_par' dir='ltr' id='par_1_66' title="bbox 495 3338 2076 3416">
     <span class='ocr_line' id='line_1_66' title="bbox 495 3338 2076 3416; baseline -0.005 -6"><span class='ocrx_word' id='word_1_463' title='bbox 495 3357 881 3412; x_wconf 86' lang='lat' dir='ltr'><strong>lucinalionem</strong></span> <span class='ocrx_word' id='word_1_464' title='bbox 911 3393 928 3416; x_wconf 96' lang='lat'><strong>,</strong></span> <span class='ocrx_word' id='word_1_465' title='bbox 968 3351 1323 3408; x_wconf 88' lang='lat' dir='ltr'><strong>ostendentes</strong></span> <span class='ocrx_word' id='word_1_466' title='bbox 1355 3338 1527 3406; x_wconf 44' lang='lat' dir='ltr'><strong>ali‘um</strong></span> <span class='ocrx_word' id='word_1_467' title='bbox 1574 3351 1720 3406; x_wconf 89' lang='lat' dir='ltr'><strong>hunc</strong></span> <span class='ocrx_word' id='word_1_468' title='bbox 1772 3351 1941 3405; x_wconf 83' lang='lat' dir='ltr'><strong>fuisse</strong></span> <span class='ocrx_word' id='word_1_469' title='bbox 1977 3367 2076 3404; x_wconf 79' lang='lat' dir='ltr'><strong>na—</strong></span> 
     </span>
    </p>
   </div>
   <div class='ocr_carea' id='block_1_67' title="bbox 419 3444 2077 3514">
    <p class='ocr_par' dir='ltr' id='par_1_67' title="bbox 419 3444 2077 3514">
     <span class='ocr_line' id='line_1_67' title="bbox 419 3444 2077 3514; baseline -0.004 -10"><span class='ocrx_word' id='word_1_470' title='bbox 419 3492 430 3504; x_wconf 93' lang='lat'><strong>.</strong></span> <span class='ocrx_word' id='word_1_471' title='bbox 494 3451 640 3505; x_wconf 89' lang='lat' dir='ltr'><strong>tione</strong></span> <span class='ocrx_word' id='word_1_472' title='bbox 671 3447 965 3510; x_wconf 76' lang='lat' dir='ltr'><strong>Rhodium,</strong></span> <span class='ocrx_word' id='word_1_473' title='bbox 1007 3446 1322 3500; x_wconf 91' lang='lat' dir='ltr'><strong>testimonio</strong></span> <span class='ocrx_word' id='word_1_474' title='bbox 1352 3444 1666 3514; x_wconf 82' lang='lat' dir='ltr'><strong>Apollodori</strong></span> <span class='ocrx_word' id='word_1_475' title='bbox 1703 3445 1742 3500; x_wconf 92' lang='lat' dir='ltr'><strong>l.</strong></span> <span class='ocrx_word' id='word_1_476' title='bbox 1778 3460 1837 3513; x_wconf 80' lang='grc' dir='ltr'>ιι,</span> <span class='ocrx_word' id='word_1_477' title='bbox 1864 3454 1917 3499; x_wconf 90' lang='lat' dir='ltr'><strong>et</strong></span> <span class='ocrx_word' id='word_1_478' title='bbox 1949 3445 2077 3498; x_wconf 84' lang='lat' dir='ltr'><strong>Plu-</strong></span> 
     </span>
    </p>
   </div>
   <div class='ocr_carea' id='block_1_68' title="bbox 495 3535 2075 3606">
    <p class='ocr_par' dir='ltr' id='par_1_68' title="bbox 495 3535 2075 3606">
     <span class='ocr_line' id='line_1_68' title="bbox 495 3535 2075 3606; baseline -0.002 -13"><span class='ocrx_word' id='word_1_479' title='bbox 495 3540 672 3594; x_wconf 87' lang='lat' dir='ltr'><strong>tarchi</strong></span> <span class='ocrx_word' id='word_1_480' title='bbox 708 3540 760 3594; x_wconf 91' lang='lat' dir='ltr'><strong>in</strong></span> <span class='ocrx_word' id='word_1_481' title='bbox 795 3538 1206 3606; x_wconf 65' lang='lat' dir='ltr'><strong>Quaistiouibus</strong></span> <span class='ocrx_word' id='word_1_482' title='bbox 1232 3535 1462 3593; x_wconf 80' lang='lat' dir='ltr'><strong>Roman.</strong></span> <span class='ocrx_word' id='word_1_483' title='bbox 1491 3537 1664 3591; x_wconf 87' lang='lat' dir='ltr'><strong>Porro</strong></span> <span class='ocrx_word' id='word_1_484' title='bbox 1691 3539 1832 3606; x_wconf 87' lang='lat' dir='ltr'><strong>quod</strong></span> <span class='ocrx_word' id='word_1_485' title='bbox 1865 3545 2075 3590; x_wconf 71' lang='lat' dir='ltr'><strong>textum</strong></span> 
     </span>
    </p>
   </div>
   <div class='ocr_carea' id='block_1_69' title="bbox 493 3629 2077 3704">
    <p class='ocr_par' dir='ltr' id='par_1_69' title="bbox 493 3629 2077 3704">
     <span class='ocr_line' id='line_1_69' title="bbox 493 3629 2077 3704; baseline -0.004 -15"><span class='ocrx_word' id='word_1_486' title='bbox 493 3643 726 3704; x_wconf 82' lang='lat' dir='ltr'><strong>spectat,</strong></span> <span class='ocrx_word' id='word_1_487' title='bbox 758 3633 833 3687; x_wconf 90' lang='lat' dir='ltr'><strong>ita</strong></span> <span class='ocrx_word' id='word_1_488' title='bbox 868 3630 1364 3687; x_wconf 82' lang='lat' dir='ltr'><strong>Schnrzlleiscbius</strong></span> <span class='ocrx_word' id='word_1_489' title='bbox 1397 3647 1410 3683; x_wconf 90' lang='lat'><strong>:</strong></span> <span class='ocrx_word' id='word_1_490' title='bbox 1443 3631 1498 3684; x_wconf 93' lang='lat' dir='ltr'><strong>In</strong></span> <span class='ocrx_word' id='word_1_491' title='bbox 1547 3631 1748 3694; x_wconf 87' lang='lat' dir='ltr'><strong>tribus.</strong></span> <span class='ocrx_word' id='word_1_492' title='bbox 1783 3631 1882 3696; x_wconf 89' lang='lat' dir='ltr'><strong>ait,</strong></span> <span class='ocrx_word' id='word_1_493' title='bbox 1917 3629 2077 3683; x_wconf 80' lang='lat' dir='ltr'><strong>Pala-</strong></span> 
     </span>
    </p>
   </div>
   <div class='ocr_carea' id='block_1_70' title="bbox 495 3722 2078 3794">
    <p class='ocr_par' dir='ltr' id='par_1_70' title="bbox 495 3722 2078 3794">
     <span class='ocr_line' id='line_1_70' title="bbox 495 3722 2078 3794; baseline -0.002 -14"><span class='ocrx_word' id='word_1_494' title='bbox 495 3729 624 3781; x_wconf 90' lang='lat' dir='ltr'><strong>tinis</strong></span> <span class='ocrx_word' id='word_1_495' title='bbox 675 3743 805 3782; x_wconf 91' lang='lat' dir='ltr'><strong>mss.</strong></span> <span class='ocrx_word' id='word_1_496' title='bbox 833 3724 1147 3779; x_wconf 75' lang='lat' dir='ltr'><strong>Sacerdotes</strong></span> <span class='ocrx_word' id='word_1_497' title='bbox 1178 3725 1382 3787; x_wconf 82' lang='lat' dir='ltr'><strong>carnis,</strong></span> <span class='ocrx_word' id='word_1_498' title='bbox 1415 3723 1598 3792; x_wconf 87' lang='lat' dir='ltr'><strong>inepte</strong></span> <span class='ocrx_word' id='word_1_499' title='bbox 1630 3724 1848 3794; x_wconf 84' lang='lat' dir='ltr'><strong>legitur.</strong></span> <span class='ocrx_word' id='word_1_500' title='bbox 1879 3722 2078 3777; x_wconf 89' lang='lat' dir='ltr'><strong>Sacer-</strong></span> 
     </span>
    </p>
   </div>
   <div class='ocr_carea' id='block_1_71' title="bbox 493 3814 2077 3887">
    <p class='ocr_par' dir='ltr' id='par_1_71' title="bbox 493 3814 2077 3887">
     <span class='ocr_line' id='line_1_71' title="bbox 493 3814 2077 3887; baseline -0.005 -11"><span class='ocrx_word' id='word_1_501' title='bbox 493 3825 653 3877; x_wconf 85' lang='lat' dir='ltr'><strong>dotes</strong></span> <span class='ocrx_word' id='word_1_502' title='bbox 683 3819 866 3876; x_wconf 87' lang='lat' dir='ltr'><strong>Carnii</strong></span> <span class='ocrx_word' id='word_1_503' title='bbox 923 3827 1051 3873; x_wconf 80' lang='lat' dir='ltr'><strong>sunt</strong></span> <span class='ocrx_word' id='word_1_504' title='bbox 1093 3817 1144 3871; x_wconf 79' lang='grc' dir='ltr'>οι</span> <span class='ocrx_word' id='word_1_505' title='bbox 1201 3815 1296 3869; x_wconf 77' lang='grc' dir='ltr'><strong>τοῦ</strong></span> <span class='ocrx_word' id='word_1_506' title='bbox 1360 3817 1636 3886; x_wconf 75' lang='grc' dir='ltr'><strong>Καρνείου</strong></span> <span class='ocrx_word' id='word_1_507' title='bbox 1681 3814 2077 3887; x_wconf 68' lang='grc' dir='ltr'><strong>(Ἀπόλλωνος)</strong></span> 
     </span>
    </p>
   </div>
   <div class='ocr_carea' id='block_1_72' title="bbox 496 3907 2078 3984">
    <p class='ocr_par' dir='ltr' id='par_1_72' title="bbox 496 3907 2078 3984">
     <span class='ocr_line' id='line_1_72' title="bbox 496 3907 2078 3984; baseline -0.003 -17"><span class='ocrx_word' id='word_1_508' title='bbox 496 3917 687 3984; x_wconf 73' lang='grc' dir='ltr'><strong>ἱερεῖς.</strong></span> <span class='ocrx_word' id='word_1_509' title='bbox 721 3913 810 3976; x_wconf 80' lang='lat' dir='ltr'><strong>lii,</strong></span> <span class='ocrx_word' id='word_1_510' title='bbox 846 3925 969 3965; x_wconf 90' lang='lat' dir='ltr'><strong>cum</strong></span> <span class='ocrx_word' id='word_1_511' title='bbox 1017 3924 1175 3980; x_wconf 87' lang='lat' dir='ltr'><strong>reges</strong></span> <span class='ocrx_word' id='word_1_512' title='bbox 1205 3907 1561 3972; x_wconf 81' lang='lat' dir='ltr'><strong>defecissent,</strong></span> <span class='ocrx_word' id='word_1_513' title='bbox 1594 3923 1699 3961; x_wconf 89' lang='lat' dir='ltr'><strong>non</strong></span> <span class='ocrx_word' id='word_1_514' title='bbox 1731 3907 1952 3977; x_wconf 85' lang='lat' dir='ltr'><strong>quidem</strong></span> <span class='ocrx_word' id='word_1_515' title='bbox 1986 3923 2078 3962; x_wconf 86' lang='lat' dir='ltr'><strong>re-</strong></span> 
     </span>
    </p>
   </div>
   <div class='ocr_carea' id='block_1_73' title="bbox 493 3999 2078 4076">
    <p class='ocr_par' dir='ltr' id='par_1_73' title="bbox 493 3999 2078 4076">
     <span class='ocr_line' id='line_1_73' title="bbox 493 3999 2078 4076; baseline -0.005 -14"><span class='ocrx_word' id='word_1_516' title='bbox 493 4023 589 4076; x_wconf 87' lang='lat' dir='ltr'><strong>ges</strong></span> <span class='ocrx_word' id='word_1_517' title='bbox 616 4007 790 4071; x_wconf 89' lang='lat' dir='ltr'><strong>fuere,</strong></span> <span class='ocrx_word' id='word_1_518' title='bbox 818 4018 1088 4058; x_wconf 87' lang='lat' dir='ltr'><strong>summam</strong></span> <span class='ocrx_word' id='word_1_519' title='bbox 1120 4011 1301 4056; x_wconf 88' lang='lat' dir='ltr'><strong>tamen</strong></span> <span class='ocrx_word' id='word_1_520' title='bbox 1331 4001 1473 4070; x_wconf 92' lang='lat' dir='ltr'><strong>apud</strong></span> <span class='ocrx_word' id='word_1_521' title='bbox 1507 3999 1796 4071; x_wconf 87' lang='lat' dir='ltr'><strong>Sicyonios</strong></span> <span class='ocrx_word' id='word_1_522' title='bbox 1829 4001 2078 4056; x_wconf 84' lang='lat' dir='ltr'><strong>auctori-</strong></span> 
     </span>
    </p>
   </div>
   <div class='ocr_carea' id='block_1_74' title="bbox 497 4088 2080 4162">
    <p class='ocr_par' dir='ltr' id='par_1_74' title="bbox 497 4088 2080 4162">
     <span class='ocr_line' id='line_1_74' title="bbox 497 4088 2080 4162; baseline -0.003 -10"><span class='ocrx_word' id='word_1_523' title='bbox 497 4105 665 4152; x_wconf 78' lang='lat' dir='ltr'><strong>tatem</strong></span> <span class='ocrx_word' id='word_1_524' title='bbox 714 4095 1011 4150; x_wconf 89' lang='lat' dir='ltr'><strong>obtinuere</strong></span> <span class='ocrx_word' id='word_1_525' title='bbox 1041 4133 1058 4159; x_wconf 94' lang='lat'><strong>,</strong></span> <span class='ocrx_word' id='word_1_526' title='bbox 1109 4089 1574 4162; x_wconf 86' lang='lat' dir='ltr'><strong>quemadmodum</strong></span> <span class='ocrx_word' id='word_1_527' title='bbox 1630 4091 1770 4158; x_wconf 69' lang='lat' dir='ltr'><strong>apud</strong></span> <span class='ocrx_word' id='word_1_528' title='bbox 1823 4088 2080 4148; x_wconf 66' lang='lat' dir='ltr'><strong>Hebraeos</strong></span> 
     </span>
    </p>
   </div>
   <div class='ocr_carea' id='block_1_75' title="bbox 495 4182 2082 4256">
    <p class='ocr_par' dir='ltr' id='par_1_75' title="bbox 495 4182 2082 4256">
     <span class='ocr_line' id='line_1_75' title="bbox 495 4182 2082 4256; baseline -0.004 -12"><span class='ocrx_word' id='word_1_529' title='bbox 495 4193 661 4244; x_wconf 90' lang='lat' dir='ltr'><strong>etiam</strong></span> <span class='ocrx_word' id='word_1_530' title='bbox 691 4203 798 4242; x_wconf 92' lang='lat' dir='ltr'><strong>non</strong></span> <span class='ocrx_word' id='word_1_531' title='bbox 825 4186 995 4242; x_wconf 84' lang='lat' dir='ltr'><strong>semel</strong></span> <span class='ocrx_word' id='word_1_532' title='bbox 1020 4194 1103 4240; x_wconf 87' lang='lat' dir='ltr'><strong>est</strong></span> <span class='ocrx_word' id='word_1_533' title='bbox 1130 4185 1357 4239; x_wconf 89' lang='lat' dir='ltr'><strong>factum.</strong></span> <span class='ocrx_word' id='word_1_534' title='bbox 1387 4182 1492 4239; x_wconf 88' lang='lat' dir='ltr'><strong>Per</strong></span> <span class='ocrx_word' id='word_1_535' title='bbox 1516 4199 1649 4239; x_wconf 89' lang='lat' dir='ltr'><strong>ann.</strong></span> <span class='ocrx_word' id='word_1_536' title='bbox 1676 4183 1745 4240; x_wconf 75' lang='lat'><strong>33</strong></span> <span class='ocrx_word' id='word_1_537' title='bbox 1765 4199 1859 4238; x_wconf 91' lang='lat' dir='ltr'><strong>eos</strong></span> <span class='ocrx_word' id='word_1_538' title='bbox 1885 4186 2082 4256; x_wconf 83' lang='lat' dir='ltr'><strong>guber-</strong></span> 
     </span>
    </p>
   </div>
   <div class='ocr_carea' id='block_1_76' title="bbox 495 4277 2077 4350">
    <p class='ocr_par' dir='ltr' id='par_1_76' title="bbox 495 4277 2077 4350">
     <span class='ocr_line' id='line_1_76' title="bbox 495 4277 2077 4350; baseline -0.003 -13"><span class='ocrx_word' id='word_1_539' title='bbox 495 4281 704 4337; x_wconf 85' lang='lat' dir='ltr'><strong>nationi</strong></span> <span class='ocrx_word' id='word_1_540' title='bbox 751 4280 963 4350; x_wconf 86' lang='lat' dir='ltr'><strong>imperii</strong></span> <span class='ocrx_word' id='word_1_541' title='bbox 1013 4278 1295 4350; x_wconf 69' lang='lat' dir='ltr'><strong>praefuisse</strong></span> <span class='ocrx_word' id='word_1_542' title='bbox 1321 4319 1336 4344; x_wconf 94' lang='lat'><strong>,</strong></span> <span class='ocrx_word' id='word_1_543' title='bbox 1371 4278 1512 4347; x_wconf 90' lang='lat' dir='ltr'><strong>apud</strong></span> <span class='ocrx_word' id='word_1_544' title='bbox 1564 4277 1876 4348; x_wconf 86' lang='lat' dir='ltr'><strong>Syncellum</strong></span> <span class='ocrx_word' id='word_1_545' title='bbox 1911 4279 2077 4334; x_wconf 88' lang='lat' dir='ltr'><strong>etiam</strong></span> 
     </span>
    </p>
   </div>
   <div class='ocr_carea' id='block_1_77' title="bbox 497 4370 2067 4445">
    <p class='ocr_par' dir='ltr' id='par_1_77' title="bbox 497 4370 2067 4445">
     <span class='ocr_line' id='line_1_77' title="bbox 497 4370 2067 4445; baseline -0.004 -15"><span class='ocrx_word' id='word_1_546' title='bbox 497 4391 555 4445; x_wconf 88' lang='lat' dir='ltr'><strong>p.</strong></span> <span class='ocrx_word' id='word_1_547' title='bbox 589 4375 656 4432; x_wconf 83' lang='lat'><strong>97</strong></span> <span class='ocrx_word' id='word_1_548' title='bbox 693 4375 919 4439; x_wconf 85' lang='lat' dir='ltr'><strong>dicitur,</strong></span> <span class='ocrx_word' id='word_1_549' title='bbox 948 4375 1041 4443; x_wconf 92' lang='lat' dir='ltr'><strong>qui</strong></span> <span class='ocrx_word' id='word_1_550' title='bbox 1077 4382 1258 4428; x_wconf 90' lang='lat' dir='ltr'><strong>tamen</strong></span> <span class='ocrx_word' id='word_1_551' title='bbox 1291 4371 1639 4427; x_wconf 89' lang='lat' dir='ltr'><strong>inemendate</strong></span> <span class='ocrx_word' id='word_1_552' title='bbox 1671 4370 2067 4440; x_wconf 78' lang='grc' dir='ltr'><strong>Χαριδήμοσον</strong></span> 
     </span>
    </p>
   </div>
   <div class='ocr_carea' id='block_1_78' title="bbox 2182 3261 3698 3339">
    <p class='ocr_par' dir='ltr' id='par_1_78' title="bbox 2182 3261 3698 3339">
     <span class='ocr_line' id='line_1_78' title="bbox 2182 3261 3698 3339; baseline 0.001 -19"><span class='ocrx_word' id='word_1_553' title='bbox 2182 3281 2379 3338; x_wconf 78' lang='lat' dir='ltr'><strong>nytnus</strong></span> <span class='ocrx_word' id='word_1_554' title='bbox 2412 3267 2614 3330; x_wconf 82' lang='lat' dir='ltr'><strong>verbis,</strong></span> <span class='ocrx_word' id='word_1_555' title='bbox 2644 3261 2838 3319; x_wconf 83' lang='lat' dir='ltr'><strong>Postea</strong></span> <span class='ocrx_word' id='word_1_556' title='bbox 2867 3265 3062 3319; x_wconf 81' lang='lat' dir='ltr'><strong>Albani</strong></span> <span class='ocrx_word' id='word_1_557' title='bbox 3091 3283 3271 3321; x_wconf 83' lang='lat' dir='ltr'><strong>omnes</strong></span> <span class='ocrx_word' id='word_1_558' title='bbox 3301 3283 3436 3338; x_wconf 81' lang='lat' dir='ltr'><strong>reges</strong></span> <span class='ocrx_word' id='word_1_559' title='bbox 3473 3269 3581 3323; x_wconf 75' lang='lat' dir='ltr'><strong>dicti</strong></span> <span class='ocrx_word' id='word_1_560' title='bbox 3603 3267 3698 3339; x_wconf 71' lang='lat' dir='ltr'><strong>89i-</strong></span> 
     </span>
    </p>
   </div>
   <div class='ocr_carea' id='block_1_79' title="bbox 2178 3360 3123 3428">
    <p class='ocr_par' dir='ltr' id='par_1_79' title="bbox 2178 3360 3123 3428">
     <span class='ocr_line' id='line_1_79' title="bbox 2178 3360 3123 3428; baseline -0.001 -12"><span class='ocrx_word' id='word_1_561' title='bbox 2178 3360 2248 3416; x_wconf 79' lang='grc' dir='ltr'>ιιἱὶ</span> <span class='ocrx_word' id='word_1_562' title='bbox 2281 3370 2400 3414; x_wconf 87' lang='lat' dir='ltr'><strong>sunt</strong></span> <span class='ocrx_word' id='word_1_563' title='bbox 2437 3360 2502 3412; x_wconf 88' lang='lat' dir='ltr'><strong>ab</strong></span> <span class='ocrx_word' id='word_1_564' title='bbox 2535 3360 2691 3428; x_wconf 82' lang='lat' dir='ltr'><strong>hujus</strong></span> <span class='ocrx_word' id='word_1_565' title='bbox 2732 3361 2978 3422; x_wconf 82' lang='lat' dir='ltr'><strong>nomine,</strong></span> <span class='ocrx_word' id='word_1_566' title='bbox 3011 3369 3123 3416; x_wconf 90' lang='lat' dir='ltr'><strong>etc.</strong></span> 
     </span>
    </p>
   </div>
   <div class='ocr_carea' id='block_1_80' title="bbox 2251 3451 3698 3526">
    <p class='ocr_par' dir='ltr' id='par_1_80' title="bbox 2251 3451 3698 3526">
     <span class='ocr_line' id='line_1_80' title="bbox 2251 3451 3698 3526; baseline 0 -18"><span class='ocrx_word' id='word_1_567' title='bbox 2251 3453 2368 3511; x_wconf 88' lang='lat' dir='ltr'><strong>Col.</strong></span> <span class='ocrx_word' id='word_1_568' title='bbox 2403 3452 2529 3508; x_wconf 76' lang='lat'><strong>59.3.</strong></span> <span class='ocrx_word' id='word_1_569' title='bbox 2570 3451 2885 3524; x_wconf 75' lang='lat' dir='ltr'><strong>Thymoetes.</strong></span> <span class='ocrx_word' id='word_1_570' title='bbox 2935 3452 3116 3511; x_wconf 80' lang='lat' dir='ltr'><strong>Minus</strong></span> <span class='ocrx_word' id='word_1_571' title='bbox 3154 3467 3302 3513; x_wconf 86' lang='lat' dir='ltr'><strong>recte</strong></span> <span class='ocrx_word' id='word_1_572' title='bbox 3345 3456 3477 3526; x_wconf 82' lang='lat' dir='ltr'><strong>apud</strong></span> <span class='ocrx_word' id='word_1_573' title='bbox 3521 3453 3698 3526; x_wconf 79' lang='lat' dir='ltr'><strong>Syuccl-</strong></span> 
     </span>
    </p>
   </div>
   <div class='ocr_carea' id='block_1_81' title="bbox 2180 3543 3696 3619">
    <p class='ocr_par' dir='ltr' id='par_1_81' title="bbox 2180 3543 3696 3619">
     <span class='ocr_line' id='line_1_81' title="bbox 2180 3543 3696 3619; baseline -0.004 -19"><span class='ocrx_word' id='word_1_574' title='bbox 2180 3545 2292 3600; x_wconf 91' lang='lat' dir='ltr'><strong>lum</strong></span> <span class='ocrx_word' id='word_1_575' title='bbox 2329 3544 2576 3615; x_wconf 69' lang='grc' dir='ltr'><strong>Θυμίττις</strong></span> <span class='ocrx_word' id='word_1_576' title='bbox 2604 3543 2691 3598; x_wconf 91' lang='lat' dir='ltr'><strong>hic</strong></span> <span class='ocrx_word' id='word_1_577' title='bbox 2720 3545 2978 3600; x_wconf 87' lang='lat' dir='ltr'><strong>scribitur</strong></span> <span class='ocrx_word' id='word_1_578' title='bbox 3002 3560 3017 3600; x_wconf 91' lang='lat'><strong>:</strong></span> <span class='ocrx_word' id='word_1_579' title='bbox 3046 3548 3175 3601; x_wconf 86' lang='lat' dir='ltr'><strong>anni</strong></span> <span class='ocrx_word' id='word_1_580' title='bbox 3207 3563 3421 3619; x_wconf 85' lang='lat' dir='ltr'><strong>quoque</strong></span> <span class='ocrx_word' id='word_1_581' title='bbox 3448 3549 3515 3602; x_wconf 92' lang='lat' dir='ltr'><strong>illi</strong></span> <span class='ocrx_word' id='word_1_582' title='bbox 3545 3562 3696 3599; x_wconf 66' lang='lat' dir='ltr'><strong>nuo-ni</strong></span> 
     </span>
    </p>
   </div>
   <div class='ocr_carea' id='block_1_82' title="bbox 2180 3632 3701 3707">
    <p class='ocr_par' dir='ltr' id='par_1_82' title="bbox 2180 3632 3701 3707">
     <span class='ocr_line' id='line_1_82' title="bbox 2180 3632 3701 3707; baseline 0 -18"><span class='ocrx_word' id='word_1_583' title='bbox 2180 3652 2280 3707; x_wconf 88' lang='lat' dir='ltr'><strong>pro</strong></span> <span class='ocrx_word' id='word_1_584' title='bbox 2333 3644 2460 3689; x_wconf 92' lang='lat' dir='ltr'><strong>octo</strong></span> <span class='ocrx_word' id='word_1_585' title='bbox 2513 3637 2858 3690; x_wconf 90' lang='lat' dir='ltr'><strong>tribuuntur.</strong></span> <span class='ocrx_word' id='word_1_586' title='bbox 2912 3632 3219 3693; x_wconf 82' lang='lat' dir='ltr'><strong>Pausanias</strong></span> <span class='ocrx_word' id='word_1_587' title='bbox 3281 3641 3334 3692; x_wconf 89' lang='lat' dir='ltr'><strong>in</strong></span> <span class='ocrx_word' id='word_1_588' title='bbox 3393 3636 3701 3694; x_wconf 77' lang='lat' dir='ltr'><strong>Corinthiacis</strong></span> 
     </span>
    </p>
   </div>
   <div class='ocr_carea' id='block_1_83' title="bbox 2179 3725 3704 3799">
    <p class='ocr_par' dir='ltr' id='par_1_83' title="bbox 2179 3725 3704 3799">
     <span class='ocr_line' id='line_1_83' title="bbox 2179 3725 3704 3799; baseline -0.005 -17"><span class='ocrx_word' id='word_1_589' title='bbox 2179 3743 2303 3799; x_wconf 83' lang='lat' dir='ltr'><strong>cap.</strong></span> <span class='ocrx_word' id='word_1_590' title='bbox 2344 3727 2410 3781; x_wconf 77' lang='grc'><strong>18</strong></span> <span class='ocrx_word' id='word_1_591' title='bbox 2442 3742 2462 3786; x_wconf 84' lang='lat'><strong>°.</strong></span> <span class='ocrx_word' id='word_1_592' title='bbox 2496 3725 2772 3797; x_wconf 80' lang='grc' dir='ltr'><strong>Θυμοίτης</strong></span> <span class='ocrx_word' id='word_1_593' title='bbox 2811 3727 3089 3797; x_wconf 81' lang='grc' dir='ltr'><strong>Θησειδῶν</strong></span> <span class='ocrx_word' id='word_1_594' title='bbox 3142 3730 3370 3799; x_wconf 78' lang='grc' dir='ltr'><strong>ἔσχατος</strong></span> <span class='ocrx_word' id='word_1_595' title='bbox 3413 3727 3704 3782; x_wconf 69' lang='grc' dir='ltr'><strong>ἐϐασίλευσεν</strong></span> 
     </span>
    </p>
   </div>
   <div class='ocr_carea' id='block_1_84' title="bbox 2193 3814 3706 3889">
    <p class='ocr_par' dir='ltr' id='par_1_84' title="bbox 2193 3814 3706 3889">
     <span class='ocr_line' id='line_1_84' title="bbox 2193 3814 3706 3889; baseline -0.003 -17"><span class='ocrx_word' id='word_1_596' title='bbox 2193 3818 2498 3888; x_wconf 76' lang='grc' dir='ltr'><strong>Ἀθηναίων</strong></span> <span class='ocrx_word' id='word_1_597' title='bbox 2529 3836 2542 3873; x_wconf 91' lang='lat'>:</span> <span class='ocrx_word' id='word_1_598' title='bbox 2571 3817 2861 3889; x_wconf 77' lang='lat' dir='ltr'><strong>Thymoetes</strong></span> <span class='ocrx_word' id='word_1_599' title='bbox 2895 3817 3279 3876; x_wconf 79' lang='lat' dir='ltr'><strong>Theseidarunt</strong></span> <span class='ocrx_word' id='word_1_600' title='bbox 3310 3821 3513 3876; x_wconf 82' lang='lat' dir='ltr'><strong>ultimus</strong></span> <span class='ocrx_word' id='word_1_601' title='bbox 3535 3814 3706 3872; x_wconf 75' lang='lat' dir='ltr'><strong>Athenis</strong></span> 
     </span>
    </p>
   </div>
   <div class='ocr_carea' id='block_1_85' title="bbox 2182 3911 3705 3982">
    <p class='ocr_par' dir='ltr' id='par_1_85' title="bbox 2182 3911 3705 3982">
     <span class='ocr_line' id='line_1_85' title="bbox 2182 3911 3705 3982; baseline -0.003 -19"><span class='ocrx_word' id='word_1_602' title='bbox 2182 3913 2442 3980; x_wconf 77' lang='lat' dir='ltr'><strong>regnarit.</strong></span> <span class='ocrx_word' id='word_1_603' title='bbox 2474 3911 2743 3966; x_wconf 89' lang='lat' dir='ltr'><strong>Leonides</strong></span> <span class='ocrx_word' id='word_1_604' title='bbox 2780 3913 2985 3967; x_wconf 89' lang='lat' dir='ltr'><strong>Demon</strong></span> <span class='ocrx_word' id='word_1_605' title='bbox 3021 3914 3165 3982; x_wconf 87' lang='lat' dir='ltr'><strong>apud</strong></span> <span class='ocrx_word' id='word_1_606' title='bbox 3200 3915 3506 3968; x_wconf 58' lang='lat' dir='ltr'><strong>Athenaeum</strong></span> <span class='ocrx_word' id='word_1_607' title='bbox 3537 3911 3615 3964; x_wconf 88' lang='lat' dir='ltr'><strong>lib.</strong></span> <span class='ocrx_word' id='word_1_608' title='bbox 3643 3921 3705 3968; x_wconf 85' lang='grc' dir='ltr'>ιιι,</span> 
     </span>
    </p>
   </div>
   <div class='ocr_carea' id='block_1_86' title="bbox 2183 4001 3706 4073">
    <p class='ocr_par' dir='ltr' id='par_1_86' title="bbox 2183 4001 3706 4073">
     <span class='ocr_line' id='line_1_86' title="bbox 2183 4001 3706 4073; baseline -0.005 -16"><span class='ocrx_word' id='word_1_609' title='bbox 2183 4018 2305 4072; x_wconf 85' lang='lat' dir='ltr'><strong>cap.</strong></span> <span class='ocrx_word' id='word_1_610' title='bbox 2341 4003 2372 4055; x_wconf 86' lang='lat'><strong>7</strong></span> <span class='ocrx_word' id='word_1_611' title='bbox 2397 4043 2411 4066; x_wconf 85' lang='lat'><strong>,</strong></span> <span class='ocrx_word' id='word_1_612' title='bbox 2445 4004 2701 4058; x_wconf 79' lang='lat' dir='ltr'><strong>laudatus</strong></span> <span class='ocrx_word' id='word_1_613' title='bbox 2731 4006 2894 4058; x_wconf 84' lang='lat' dir='ltr'><strong>etiam</strong></span> <span class='ocrx_word' id='word_1_614' title='bbox 2940 4005 3224 4073; x_wconf 82' lang='lat' dir='ltr'><strong>Senligem</strong></span> <span class='ocrx_word' id='word_1_615' title='bbox 3247 4045 3263 4069; x_wconf 92' lang='lat'><strong>,</strong></span> <span class='ocrx_word' id='word_1_616' title='bbox 3299 4005 3456 4060; x_wconf 89' lang='lat' dir='ltr'><strong>tradit</strong></span> <span class='ocrx_word' id='word_1_617' title='bbox 3489 4001 3706 4058; x_wconf 80' lang='lat' dir='ltr'><strong>Athidan-</strong></span> 
     </span>
    </p>
   </div>
   <div class='ocr_carea' id='block_1_87' title="bbox 2185 4090 3710 4164">
    <p class='ocr_par' dir='ltr' id='par_1_87' title="bbox 2185 4090 3710 4164">
     <span class='ocr_line' id='line_1_87' title="bbox 2185 4090 3710 4164; baseline -0.003 -19"><span class='ocrx_word' id='word_1_618' title='bbox 2185 4101 2286 4147; x_wconf 81' lang='lat' dir='ltr'><strong>tem</strong></span> <span class='ocrx_word' id='word_1_619' title='bbox 2317 4094 2618 4158; x_wconf 79' lang='lat' dir='ltr'><strong>proximum</strong></span> <span class='ocrx_word' id='word_1_620' title='bbox 2653 4095 3046 4146; x_wconf 77' lang='lat' dir='ltr'><strong>Atheniensium</strong></span> <span class='ocrx_word' id='word_1_621' title='bbox 3078 4111 3253 4164; x_wconf 81' lang='lat' dir='ltr'><strong>regem</strong></span> <span class='ocrx_word' id='word_1_622' title='bbox 3285 4098 3349 4149; x_wconf 83' lang='lat' dir='ltr'><strong>ab</strong></span> <span class='ocrx_word' id='word_1_623' title='bbox 3375 4095 3466 4146; x_wconf 82' lang='lat' dir='ltr'><strong>hoc</strong></span> <span class='ocrx_word' id='word_1_624' title='bbox 3492 4090 3710 4159; x_wconf 72' lang='lat' dir='ltr'><strong>Thyniam</strong></span> 
     </span>
    </p>
   </div>
   <div class='ocr_carea' id='block_1_88' title="bbox 2184 4185 3710 4258">
    <p class='ocr_par' dir='ltr' id='par_1_88' title="bbox 2184 4185 3710 4258">
     <span class='ocr_line' id='line_1_88' title="bbox 2184 4185 3710 4258; baseline -0.004 -18"><span class='ocrx_word' id='word_1_625' title='bbox 2184 4187 2353 4258; x_wconf 77' lang='lat' dir='ltr'><strong>fratre</strong></span> <span class='ocrx_word' id='word_1_626' title='bbox 2381 4188 2594 4254; x_wconf 77' lang='lat' dir='ltr'><strong>juniore</strong></span> <span class='ocrx_word' id='word_1_627' title='bbox 2622 4186 2732 4255; x_wconf 88' lang='lat' dir='ltr'><strong>(qui</strong></span> <span class='ocrx_word' id='word_1_628' title='bbox 2760 4187 2951 4239; x_wconf 79' lang='lat' dir='ltr'><strong>nothus</strong></span> <span class='ocrx_word' id='word_1_629' title='bbox 2981 4185 3108 4257; x_wconf 80' lang='lat' dir='ltr'><strong>fuit)</strong></span> <span class='ocrx_word' id='word_1_630' title='bbox 3145 4187 3398 4248; x_wconf 82' lang='lat' dir='ltr'><strong>occisum,</strong></span> <span class='ocrx_word' id='word_1_631' title='bbox 3429 4189 3710 4254; x_wconf 75' lang='lat' dir='ltr'><strong>regnumque</strong></span> 
     </span>
    </p>
   </div>
   <div class='ocr_carea' id='block_1_89' title="bbox 2184 4289 2536 4348">
    <p class='ocr_par' dir='ltr' id='par_1_89' title="bbox 2184 4289 2536 4348">
     <span class='ocr_line' id='line_1_89' title="bbox 2184 4289 2536 4348; baseline -0.009 -14"><span class='ocrx_word' id='word_1_632' title='bbox 2184 4289 2536 4348; x_wconf 85' lang='lat' dir='ltr'><strong>usurpatum.</strong></span> 
     </span>
    </p>
   </div>
   <div class='ocr_carea' id='block_1_90' title="bbox 2257 4367 3712 4444">
    <p class='ocr_par' dir='ltr' id='par_1_90' title="bbox 2257 4367 3712 4444">
     <span class='ocr_line' id='line_1_90' title="bbox 2257 4367 3712 4444; baseline -0.002 -21"><span class='ocrx_word' id='word_1_633' title='bbox 2257 4369 2392 4425; x_wconf 92' lang='lat' dir='ltr'><strong>lbid.</strong></span> <span class='ocrx_word' id='word_1_634' title='bbox 2446 4370 2704 4426; x_wconf 84' lang='lat' dir='ltr'><strong>Castoris.</strong></span> <span class='ocrx_word' id='word_1_635' title='bbox 2753 4370 2956 4426; x_wconf 82' lang='lat' dir='ltr'><strong>Recole</strong></span> <span class='ocrx_word' id='word_1_636' title='bbox 3033 4387 3191 4440; x_wconf 62' lang='lat' dir='ltr'><strong>quas.</strong></span> <span class='ocrx_word' id='word_1_637' title='bbox 3228 4372 3298 4429; x_wconf 89' lang='lat' dir='ltr'><strong>de</strong></span> <span class='ocrx_word' id='word_1_638' title='bbox 3345 4372 3592 4444; x_wconf 85' lang='lat' dir='ltr'><strong>scriptore</strong></span> <span class='ocrx_word' id='word_1_639' title='bbox 3629 4367 3712 4420; x_wconf 88' lang='lat' dir='ltr'><strong>isto</strong></span> 
     </span>
    </p>
   </div>
   <div class='ocr_carea' id='block_1_91' title="bbox 497 4460 3712 4538">
    <p class='ocr_par' dir='ltr' id='par_1_91' title="bbox 497 4460 3712 4538">
     <span class='ocr_line' id='line_1_91' title="bbox 497 4460 3712 4538; baseline -0.002 -17"><span class='ocrx_word' id='word_1_640' title='bbox 497 4478 658 4522; x_wconf 88' lang='lat' dir='ltr'><strong>vocat</strong></span> <span class='ocrx_word' id='word_1_641' title='bbox 683 4467 960 4528; x_wconf 87' lang='lat' dir='ltr'><strong>ultimum,</strong></span> <span class='ocrx_word' id='word_1_642' title='bbox 983 4479 1091 4519; x_wconf 88' lang='lat' dir='ltr'><strong>non</strong></span> <span class='ocrx_word' id='word_1_643' title='bbox 1122 4463 1464 4534; x_wconf 83' lang='grc' dir='ltr'><strong>Χαρίδημον.</strong></span> <span class='ocrx_word' id='word_1_644' title='bbox 1490 4461 1601 4534; x_wconf 74' lang='lat' dir='ltr'><strong>[Ex</strong></span> <span class='ocrx_word' id='word_1_645' title='bbox 1625 4463 1792 4516; x_wconf 83' lang='lat' dir='ltr'><strong>latino</strong></span> <span class='ocrx_word' id='word_1_646' title='bbox 1822 4471 1967 4518; x_wconf 74' lang='lat' dir='ltr'><strong>textu</strong></span> <span class='ocrx_word' id='word_1_647' title='bbox 1999 4463 2075 4516; x_wconf 85' lang='lat' dir='ltr'><strong>le-</strong></span> <span class='ocrx_word' id='word_1_648' title='bbox 2103 4475 2158 4538; x_wconf 76' lang='grc' dir='ltr'>ι)</span> <span class='ocrx_word' id='word_1_649' title='bbox 2184 4464 2520 4532; x_wconf 80' lang='lat' dir='ltr'><strong>chronologo</strong></span> <span class='ocrx_word' id='word_1_650' title='bbox 2579 4463 2644 4518; x_wconf 89' lang='lat' dir='ltr'><strong>ad</strong></span> <span class='ocrx_word' id='word_1_651' title='bbox 2704 4477 2794 4517; x_wconf 84' lang='lat' dir='ltr'><strong>an.</strong></span> <span class='ocrx_word' id='word_1_652' title='bbox 2849 4462 2951 4517; x_wconf 77' lang='lat' dir='ltr'><strong>I70</strong></span> <span class='ocrx_word' id='word_1_653' title='bbox 3018 4466 3451 4520; x_wconf 84' lang='lat' dir='ltr'><strong>observavimus.</strong></span> <span class='ocrx_word' id='word_1_654' title='bbox 3517 4460 3712 4528; x_wconf 77' lang='lat' dir='ltr'><strong>Scaligt’t</strong></span> 
     </span>
    </p>
   </div>
   <div class='ocr_carea' id='block_1_92' title="bbox 498 4553 2082 4629">
    <p class='ocr_par' dir='ltr' id='par_1_92' title="bbox 498 4553 2082 4629">
     <span class='ocr_line' id='line_1_92' title="bbox 498 4553 2082 4629; baseline -0.003 -18"><span class='ocrx_word' id='word_1_655' title='bbox 498 4559 724 4629; x_wconf 81' lang='lat' dir='ltr'><strong>gendum</strong></span> <span class='ocrx_word' id='word_1_656' title='bbox 775 4572 887 4610; x_wconf 83' lang='lat' dir='ltr'><strong>esse</strong></span> <span class='ocrx_word' id='word_1_657' title='bbox 930 4564 1117 4623; x_wconf 85' lang='lat' dir='ltr'><strong>patet,</strong></span> <span class='ocrx_word' id='word_1_658' title='bbox 1175 4555 1538 4623; x_wconf 78' lang='grc' dir='ltr'><strong>Χαρίδημον,</strong></span> <span class='ocrx_word' id='word_1_659' title='bbox 1591 4553 1652 4616; x_wconf 82' lang='grc' dir='ltr'><strong>ὃς</strong></span> <span class='ocrx_word' id='word_1_660' title='bbox 1699 4553 1798 4624; x_wconf 82' lang='grc' dir='ltr'><strong>οὐχ</strong></span> <span class='ocrx_word' id='word_1_661' title='bbox 1850 4554 2082 4623; x_wconf 81' lang='grc' dir='ltr'><strong>ὑπομεί-</strong></span> 
     </span>
    </p>
   </div>
   <div class='ocr_carea' id='block_1_93' title="bbox 498 4645 2083 4718">
    <p class='ocr_par' dir='ltr' id='par_1_93' title="bbox 498 4645 2083 4718">
     <span class='ocr_line' id='line_1_93' title="bbox 498 4645 2083 4718; baseline -0.003 -14"><span class='ocrx_word' id='word_1_662' title='bbox 498 4668 620 4713; x_wconf 78' lang='grc' dir='ltr'><strong>νας,</strong></span> <span class='ocrx_word' id='word_1_663' title='bbox 680 4659 786 4703; x_wconf 88' lang='lat' dir='ltr'><strong>etc.</strong></span> <span class='ocrx_word' id='word_1_664' title='bbox 819 4646 1006 4718; x_wconf 58' lang='lat' dir='ltr'><strong>Enna]</strong></span> <span class='ocrx_word' id='word_1_665' title='bbox 1036 4646 1098 4701; x_wconf 82' lang='lat' dir='ltr'><strong>In</strong></span> <span class='ocrx_word' id='word_1_666' title='bbox 1124 4645 1331 4700; x_wconf 80' lang='lat' dir='ltr'><strong>Latinis</strong></span> <span class='ocrx_word' id='word_1_667' title='bbox 1357 4646 1519 4702; x_wconf 84' lang='lat' dir='ltr'><strong>codd.</strong></span> <span class='ocrx_word' id='word_1_668' title='bbox 1556 4647 1721 4700; x_wconf 87' lang='lat' dir='ltr'><strong>etiam</strong></span> <span class='ocrx_word' id='word_1_669' title='bbox 1753 4648 1853 4700; x_wconf 91' lang='lat' dir='ltr'><strong>hoc</strong></span> <span class='ocrx_word' id='word_1_670' title='bbox 1881 4661 2083 4701; x_wconf 87' lang='lat' dir='ltr'><strong>nomen</strong></span> 
     </span>
    </p>
   </div>
   <div class='ocr_carea' id='block_1_94' title="bbox 499 4732 2082 4809">
    <p class='ocr_par' dir='ltr' id='par_1_94' title="bbox 499 4732 2082 4809">
     <span class='ocr_line' id='line_1_94' title="bbox 499 4732 2082 4809; baseline -0.005 -12"><span class='ocrx_word' id='word_1_671' title='bbox 499 4749 760 4809; x_wconf 83' lang='lat' dir='ltr'><strong>corrupte</strong></span> <span class='ocrx_word' id='word_1_672' title='bbox 786 4735 1068 4794; x_wconf 71' lang='lat' dir='ltr'><strong>scribitur.</strong></span> <span class='ocrx_word' id='word_1_673' title='bbox 1099 4737 1334 4804; x_wconf 86' lang='lat' dir='ltr'><strong>Quidam</strong></span> <span class='ocrx_word' id='word_1_674' title='bbox 1359 4738 1507 4793; x_wconf 88' lang='lat' dir='ltr'><strong>enim</strong></span> <span class='ocrx_word' id='word_1_675' title='bbox 1533 4737 1656 4792; x_wconf 89' lang='lat' dir='ltr'><strong>libri</strong></span> <span class='ocrx_word' id='word_1_676' title='bbox 1683 4732 2082 4802; x_wconf 72' lang='lat' dir='ltr'><strong>Cariailemum,</strong></span> 
     </span>
    </p>
   </div>
   <div class='ocr_carea' id='block_1_95' title="bbox 499 4831 2084 4908">
    <p class='ocr_par' dir='ltr' id='par_1_95' title="bbox 499 4831 2084 4908">
     <span class='ocr_line' id='line_1_95' title="bbox 499 4831 2084 4908; baseline -0.001 -18"><span class='ocrx_word' id='word_1_677' title='bbox 499 4838 707 4908; x_wconf 76' lang='lat' dir='ltr'><strong>primus</strong></span> <span class='ocrx_word' id='word_1_678' title='bbox 741 4835 854 4889; x_wconf 81' lang='lat' dir='ltr'><strong>Pal.</strong></span> <span class='ocrx_word' id='word_1_679' title='bbox 893 4833 1309 4891; x_wconf 77' lang='lat' dir='ltr'><strong>Chariademum</strong></span> <span class='ocrx_word' id='word_1_680' title='bbox 1336 4873 1352 4899; x_wconf 94' lang='lat'><strong>,</strong></span> <span class='ocrx_word' id='word_1_681' title='bbox 1387 4831 1569 4887; x_wconf 88' lang='lat' dir='ltr'><strong>habet.</strong></span> <span class='ocrx_word' id='word_1_682' title='bbox 1620 4832 1679 4887; x_wconf 88' lang='lat' dir='ltr'><strong>In</strong></span> <span class='ocrx_word' id='word_1_683' title='bbox 1729 4834 1918 4888; x_wconf 88' lang='lat' dir='ltr'><strong>eodem</strong></span> <span class='ocrx_word' id='word_1_684' title='bbox 1951 4835 2084 4905; x_wconf 85' lang='lat' dir='ltr'><strong>legi-</strong></span> 
     </span>
    </p>
   </div>
   <div class='ocr_carea' id='block_1_96' title="bbox 501 4925 2082 4997">
    <p class='ocr_par' dir='ltr' id='par_1_96' title="bbox 501 4925 2082 4997">
     <span class='ocr_line' id='line_1_96' title="bbox 501 4925 2082 4997; baseline 0 -16"><span class='ocrx_word' id='word_1_685' title='bbox 501 4940 592 4982; x_wconf 90' lang='lat' dir='ltr'><strong>tur</strong></span> <span class='ocrx_word' id='word_1_686' title='bbox 622 4944 636 4981; x_wconf 90' lang='lat'><strong>:</strong></span> <span class='ocrx_word' id='word_1_687' title='bbox 672 4927 912 4981; x_wconf 84' lang='lat' dir='ltr'><strong>Castoris</strong></span> <span class='ocrx_word' id='word_1_688' title='bbox 949 4926 1337 4996; x_wconf 80' lang='lat' dir='ltr'><strong>chronographi</strong></span> <span class='ocrx_word' id='word_1_689' title='bbox 1369 4925 1436 4979; x_wconf 82' lang='lat' dir='ltr'><strong>de</strong></span> <span class='ocrx_word' id='word_1_690' title='bbox 1467 4925 1835 4996; x_wconf 80' lang='lat' dir='ltr'><strong>Sicyoniorum</strong></span> <span class='ocrx_word' id='word_1_691' title='bbox 1885 4944 2082 4997; x_wconf 84' lang='lat' dir='ltr'><strong>regno,</strong></span> 
     </span>
    </p>
   </div>
   <div class='ocr_carea' id='block_1_97' title="bbox 498 5017 2084 5091">
    <p class='ocr_par' dir='ltr' id='par_1_97' title="bbox 498 5017 2084 5091">
     <span class='ocr_line' id='line_1_97' title="bbox 498 5017 2084 5091; baseline -0.001 -15"><span class='ocrx_word' id='word_1_692' title='bbox 498 5023 835 5091; x_wconf 65' lang='lat' dir='ltr'><strong>reponimus,</strong></span> <span class='ocrx_word' id='word_1_693' title='bbox 863 5028 918 5073; x_wconf 88' lang='lat' dir='ltr'><strong>et</strong></span> <span class='ocrx_word' id='word_1_694' title='bbox 944 5035 1064 5086; x_wconf 61' lang='lat' dir='ltr'><strong>(tua:</strong></span> <span class='ocrx_word' id='word_1_695' title='bbox 1091 5029 1420 5088; x_wconf 86' lang='lat' dir='ltr'><strong>sequuntur.</strong></span> <span class='ocrx_word' id='word_1_696' title='bbox 1475 5017 1613 5072; x_wconf 83' lang='lat' dir='ltr'><strong>Puto</strong></span> <span class='ocrx_word' id='word_1_697' title='bbox 1644 5019 1772 5074; x_wconf 91' lang='lat' dir='ltr'><strong>huic</strong></span> <span class='ocrx_word' id='word_1_698' title='bbox 1805 5021 1966 5090; x_wconf 79' lang='grc' dir='ltr'><strong>ῥήσει</strong></span> <span class='ocrx_word' id='word_1_699' title='bbox 2029 5021 2084 5074; x_wconf 91' lang='lat' dir='ltr'><strong>in</strong></span> 
     </span>
    </p>
   </div>
   <div class='ocr_carea' id='block_1_98' title="bbox 499 5111 2089 5180">
    <p class='ocr_par' dir='ltr' id='par_1_98' title="bbox 499 5111 2089 5180">
     <span class='ocr_line' id='line_1_98' title="bbox 499 5111 2089 5180; baseline -0.004 -11"><span class='ocrx_word' id='word_1_700' title='bbox 499 5114 705 5169; x_wconf 73' lang='lat' dir='ltr'><strong>Graecis</strong></span> <span class='ocrx_word' id='word_1_701' title='bbox 741 5111 1146 5180; x_wconf 76' lang='lat' dir='ltr'><strong>exeniplaribus</strong></span> <span class='ocrx_word' id='word_1_702' title='bbox 1213 5111 1645 5180; x_wconf 83' lang='lat' dir='ltr'><strong>suprascriptum</strong></span> <span class='ocrx_word' id='word_1_703' title='bbox 1697 5111 1886 5178; x_wconf 89' lang='lat' dir='ltr'><strong>fuisse,</strong></span> <span class='ocrx_word' id='word_1_704' title='bbox 1921 5111 2089 5167; x_wconf 81' lang='grc' dir='ltr'><strong>ΚΑΣ-</strong></span> 
     </span>
    </p>
   </div>
   <div class='ocr_carea' id='block_1_99' title="bbox 501 5200 2083 5260">
    <p class='ocr_par' dir='ltr' id='par_1_99' title="bbox 501 5200 2083 5260">
     <span class='ocr_line' id='line_1_99' title="bbox 501 5200 2083 5260; baseline -0.001 0"><span class='ocrx_word' id='word_1_705' title='bbox 501 5206 729 5260; x_wconf 74' lang='grc' dir='ltr'><strong>ἸὈΡΟΣ</strong></span> <span class='ocrx_word' id='word_1_706' title='bbox 761 5200 1273 5258; x_wconf 80' lang='grc' dir='ltr'><strong>ΧΡΟΝΟΓΡΑΦΟΥ</strong></span> <span class='ocrx_word' id='word_1_707' title='bbox 1317 5203 1479 5258; x_wconf 79' lang='grc' dir='ltr'><strong>ΠΕΡΙ</strong></span> <span class='ocrx_word' id='word_1_708' title='bbox 1531 5203 1918 5257; x_wconf 83' lang='grc' dir='ltr'><strong>ΣΙΚΥΩΝΙΩΝ</strong></span> <span class='ocrx_word' id='word_1_709' title='bbox 1965 5205 2083 5259; x_wconf 82' lang='lat' dir='ltr'><strong>BA-</strong></span> 
     </span>
    </p>
   </div>
   <div class='ocr_carea' id='block_1_100' title="bbox 1800 5295 2086 5350">
    <p class='ocr_par' dir='ltr' id='par_1_100' title="bbox 1800 5295 2086 5350">
     <span class='ocr_line' id='line_1_100' title="bbox 1800 5295 2086 5350; baseline 0.007 -2"><span class='ocrx_word' id='word_1_710' title='bbox 1800 5303 1858 5348; x_wconf 92' lang='lat' dir='ltr'><strong>ut</strong></span> <span class='ocrx_word' id='word_1_711' title='bbox 1901 5295 1980 5349; x_wconf 78' lang='lat' dir='ltr'><strong>vel</strong></span> <span class='ocrx_word' id='word_1_712' title='bbox 2021 5311 2086 5350; x_wconf 81' lang='lat' dir='ltr'><strong>ex</strong></span> 
     </span>
    </p>
   </div>
   <div class='ocr_carea' id='block_1_101' title="bbox 423 5384 2088 5460">
    <p class='ocr_par' dir='ltr' id='par_1_101' title="bbox 423 5384 2088 5460">
     <span class='ocr_line' id='line_1_101' title="bbox 423 5384 2088 5460; baseline -0.002 -14"><span class='ocrx_word' id='word_1_713' title='bbox 423 5387 430 5393; x_wconf 81' lang='grc'><em>’</em></span> <span class='ocrx_word' id='word_1_714' title='bbox 507 5393 835 5460; x_wconf 77' lang='lat' dir='ltr'><strong>Antltologia</strong></span> <span class='ocrx_word' id='word_1_715' title='bbox 872 5389 1060 5445; x_wconf 70' lang='lat' dir='ltr'><strong>Graeca</strong></span> <span class='ocrx_word' id='word_1_716' title='bbox 1093 5399 1240 5459; x_wconf 89' lang='lat' dir='ltr'><strong>patet</strong></span> <span class='ocrx_word' id='word_1_717' title='bbox 1269 5430 1283 5451; x_wconf 80' lang='lat'><strong>,</strong></span> <span class='ocrx_word' id='word_1_718' title='bbox 1316 5388 1468 5460; x_wconf 88' lang='lat' dir='ltr'><strong>loqui</strong></span> <span class='ocrx_word' id='word_1_719' title='bbox 1501 5399 1708 5444; x_wconf 84' lang='lat' dir='ltr'><strong>amant.</strong></span> <span class='ocrx_word' id='word_1_720' title='bbox 1744 5384 2088 5443; x_wconf 83' lang='lat' dir='ltr'><strong>Marshamus</strong></span> 
     </span>
    </p>
   </div>
   <div class='ocr_carea' id='block_1_102' title="bbox 503 5463 2086 5554">
    <p class='ocr_par' dir='ltr' id='par_1_102' title="bbox 503 5463 2086 5554">
     <span class='ocr_line' id='line_1_102' title="bbox 503 5463 2086 5554; baseline -0.001 -15"><span class='ocrx_word' id='word_1_721' title='bbox 503 5485 688 5540; x_wconf 90' lang='lat' dir='ltr'><strong>omnia</strong></span> <span class='ocrx_word' id='word_1_722' title='bbox 718 5485 835 5539; x_wconf 86' lang='lat' dir='ltr'><strong>haec</strong></span> <span class='ocrx_word' id='word_1_723' title='bbox 873 5463 1198 5554; x_wconf 79' lang='grc' dir='ltr'><strong>ἀγνοήματὰ</strong></span> <span class='ocrx_word' id='word_1_724' title='bbox 1226 5483 1501 5551; x_wconf 73' lang='grc' dir='ltr'><strong>ἱστορικὰ,</strong></span> <span class='ocrx_word' id='word_1_725' title='bbox 1535 5497 1659 5551; x_wconf 74' lang='lat' dir='ltr'><strong>qua:</strong></span> <span class='ocrx_word' id='word_1_726' title='bbox 1699 5480 1895 5537; x_wconf 91' lang='lat' dir='ltr'><strong>Castor</strong></span> <span class='ocrx_word' id='word_1_727' title='bbox 1932 5482 2086 5537; x_wconf 80' lang='lat' dir='ltr'><strong>Rho-</strong></span> 
     </span>
    </p>
   </div>
   <div class='ocr_carea' id='block_1_103' title="bbox 505 5573 2085 5646">
    <p class='ocr_par' dir='ltr' id='par_1_103' title="bbox 505 5573 2085 5646">
     <span class='ocr_line' id='line_1_103' title="bbox 505 5573 2085 5646; baseline 0 -18"><span class='ocrx_word' id='word_1_728' title='bbox 505 5577 629 5631; x_wconf 89' lang='lat' dir='ltr'><strong>dius</strong></span> <span class='ocrx_word' id='word_1_729' title='bbox 663 5574 911 5645; x_wconf 80' lang='lat' dir='ltr'><strong>proddiit</strong></span> <span class='ocrx_word' id='word_1_730' title='bbox 937 5615 953 5642; x_wconf 94' lang='lat'><strong>,</strong></span> <span class='ocrx_word' id='word_1_731' title='bbox 985 5585 1239 5646; x_wconf 88' lang='lat' dir='ltr'><strong>suspecta</strong></span> <span class='ocrx_word' id='word_1_732' title='bbox 1270 5573 1434 5630; x_wconf 90' lang='lat' dir='ltr'><strong>habet</strong></span> <span class='ocrx_word' id='word_1_733' title='bbox 1462 5611 1478 5638; x_wconf 93' lang='lat'><strong>,</strong></span> <span class='ocrx_word' id='word_1_734' title='bbox 1516 5575 1610 5642; x_wconf 91' lang='lat' dir='ltr'><strong>qui</strong></span> <span class='ocrx_word' id='word_1_735' title='bbox 1655 5577 1879 5628; x_wconf 90' lang='lat' dir='ltr'><strong>omnino</strong></span> <span class='ocrx_word' id='word_1_736' title='bbox 1907 5614 1922 5637; x_wconf 94' lang='lat'><strong>,</strong></span> <span class='ocrx_word' id='word_1_737' title='bbox 1960 5589 2085 5628; x_wconf 90' lang='lat' dir='ltr'><strong>cum</strong></span> 
     </span>
    </p>
   </div>
   <div class='ocr_carea' id='block_1_104' title="bbox 505 5666 2086 5736">
    <p class='ocr_par' dir='ltr' id='par_1_104' title="bbox 505 5666 2086 5736">
     <span class='ocr_line' id='line_1_104' title="bbox 505 5666 2086 5736; baseline -0.001 -14"><span class='ocrx_word' id='word_1_738' title='bbox 505 5683 614 5722; x_wconf 85' lang='lat' dir='ltr'><strong>nou</strong></span> <span class='ocrx_word' id='word_1_739' title='bbox 649 5668 1070 5725; x_wconf 87' lang='lat' dir='ltr'><strong>contemnendis</strong></span> <span class='ocrx_word' id='word_1_740' title='bbox 1099 5666 1439 5736; x_wconf 84' lang='lat' dir='ltr'><strong>argumentis</strong></span> <span class='ocrx_word' id='word_1_741' title='bbox 1468 5674 1690 5735; x_wconf 87' lang='lat' dir='ltr'><strong>pugnet,</strong></span> <span class='ocrx_word' id='word_1_742' title='bbox 1718 5666 1860 5722; x_wconf 88' lang='lat' dir='ltr'><strong>hanc</strong></span> <span class='ocrx_word' id='word_1_743' title='bbox 1890 5669 1943 5722; x_wconf 89' lang='lat' dir='ltr'><strong>in</strong></span> <span class='ocrx_word' id='word_1_744' title='bbox 1973 5683 2086 5721; x_wconf 88' lang='lat' dir='ltr'><strong>rem</strong></span> 
     </span>
    </p>
   </div>
   <div class='ocr_carea' id='block_1_105' title="bbox 508 5757 2086 5832">
    <p class='ocr_par' dir='ltr' id='par_1_105' title="bbox 508 5757 2086 5832">
     <span class='ocr_line' id='line_1_105' title="bbox 508 5757 2086 5832; baseline 0 -18"><span class='ocrx_word' id='word_1_745' title='bbox 508 5775 570 5829; x_wconf 73' lang='grc' dir='ltr'>ν.</span> <span class='ocrx_word' id='word_1_746' title='bbox 606 5761 672 5815; x_wconf 74' lang='grc'>15</span> <span class='ocrx_word' id='word_1_747' title='bbox 701 5772 755 5816; x_wconf 92' lang='lat' dir='ltr'><strong>et</strong></span> <span class='ocrx_word' id='word_1_748' title='bbox 784 5761 1062 5832; x_wconf 48' lang='lat' dir='ltr'><strong>553-Cau.</strong></span> <span class='ocrx_word' id='word_1_749' title='bbox 1094 5761 1285 5816; x_wconf 83' lang='lat' dir='ltr'><strong>chron.</strong></span> <span class='ocrx_word' id='word_1_750' title='bbox 1322 5757 1587 5813; x_wconf 87' lang='lat' dir='ltr'><strong>videndus</strong></span> <span class='ocrx_word' id='word_1_751' title='bbox 1616 5773 1722 5814; x_wconf 66' lang='lat' dir='ltr'><strong>cu.</strong></span> <span class='ocrx_word' id='word_1_752' title='bbox 1768 5759 2086 5815; x_wconf 74' lang='lat' dir='ltr'><strong>Tornicllus</strong></span> 
     </span>
    </p>
   </div>
   <div class='ocr_carea' id='block_1_106' title="bbox 2190 4551 3713 4623">
    <p class='ocr_par' dir='ltr' id='par_1_106' title="bbox 2190 4551 3713 4623">
     <span class='ocr_line' id='line_1_106' title="bbox 2190 4551 3713 4623; baseline -0.006 -14"><span class='ocrx_word' id='word_1_753' title='bbox 2190 4554 2539 4609; x_wconf 78' lang='lat' dir='ltr'><strong>Erechthidas</strong></span> <span class='ocrx_word' id='word_1_754' title='bbox 2566 4569 2667 4623; x_wconf 88' lang='lat' dir='ltr'><strong>pro</strong></span> <span class='ocrx_word' id='word_1_755' title='bbox 2695 4554 3079 4610; x_wconf 73' lang='lat' dir='ltr'><strong>Erechtheidaa</strong></span> <span class='ocrx_word' id='word_1_756' title='bbox 3109 4556 3238 4623; x_wconf 73' lang='lat' dir='ltr'><strong>legit</strong></span> <span class='ocrx_word' id='word_1_757' title='bbox 3267 4575 3280 4612; x_wconf 90' lang='lat'><strong>:</strong></span> <span class='ocrx_word' id='word_1_758' title='bbox 3310 4558 3446 4611; x_wconf 91' lang='lat' dir='ltr'><strong>haud</strong></span> <span class='ocrx_word' id='word_1_759' title='bbox 3477 4554 3540 4609; x_wconf 89' lang='lat' dir='ltr'><strong>ita</strong></span> <span class='ocrx_word' id='word_1_760' title='bbox 3565 4551 3713 4607; x_wconf 76' lang='lat' dir='ltr'><strong>{ereu-</strong></span> 
     </span>
    </p>
   </div>
   <div class='ocr_carea' id='block_1_107' title="bbox 2188 4639 3714 4717">
    <p class='ocr_par' dir='ltr' id='par_1_107' title="bbox 2188 4639 3714 4717">
     <span class='ocr_line' id='line_1_107' title="bbox 2188 4639 3714 4717; baseline -0.003 -16"><span class='ocrx_word' id='word_1_761' title='bbox 2188 4649 2333 4701; x_wconf 88' lang='lat' dir='ltr'><strong>tilms</strong></span> <span class='ocrx_word' id='word_1_762' title='bbox 2364 4661 2496 4701; x_wconf 86' lang='lat' dir='ltr'><strong>mss.</strong></span> <span class='ocrx_word' id='word_1_763' title='bbox 2527 4645 2687 4701; x_wconf 88' lang='lat' dir='ltr'><strong>Plura</strong></span> <span class='ocrx_word' id='word_1_764' title='bbox 2717 4656 2898 4700; x_wconf 88' lang='lat' dir='ltr'><strong>autem</strong></span> <span class='ocrx_word' id='word_1_765' title='bbox 2962 4656 3015 4700; x_wconf 89' lang='lat' dir='ltr'><strong>et</strong></span> <span class='ocrx_word' id='word_1_766' title='bbox 3042 4649 3295 4717; x_wconf 89' lang='lat' dir='ltr'><strong>graviora</strong></span> <span class='ocrx_word' id='word_1_767' title='bbox 3327 4648 3590 4716; x_wconf 66' lang='lat' dir='ltr'><strong>scripturae</strong></span> <span class='ocrx_word' id='word_1_768' title='bbox 3613 4639 3714 4693; x_wconf 68' lang='lat' dir='ltr'><strong>tilia</strong></span> 
     </span>
    </p>
   </div>
   <div class='ocr_carea' id='block_1_108' title="bbox 2187 4739 3350 4796">
    <p class='ocr_par' dir='ltr' id='par_1_108' title="bbox 2187 4739 3350 4796">
     <span class='ocr_line' id='line_1_108' title="bbox 2187 4739 3350 4796; baseline 0 0"><span class='ocrx_word' id='word_1_769' title='bbox 2187 4755 2288 4796; x_wconf 92' lang='lat' dir='ltr'><strong>nos</strong></span> <span class='ocrx_word' id='word_1_770' title='bbox 2321 4756 2352 4794; x_wconf 91' lang='lat' dir='ltr'><strong>e</strong></span> <span class='ocrx_word' id='word_1_771' title='bbox 2387 4739 2695 4796; x_wconf 86' lang='lat' dir='ltr'><strong>Pontacena</strong></span> <span class='ocrx_word' id='word_1_772' title='bbox 2729 4739 2973 4794; x_wconf 88' lang='lat' dir='ltr'><strong>editione</strong></span> <span class='ocrx_word' id='word_1_773' title='bbox 3003 4741 3350 4796; x_wconf 88' lang='lat' dir='ltr'><strong>sustulimus.</strong></span> 
     </span>
    </p>
   </div>
   <div class='ocr_carea' id='block_1_109' title="bbox 2257 4820 3715 4903">
    <p class='ocr_par' dir='ltr' id='par_1_109' title="bbox 2257 4820 3715 4903">
     <span class='ocr_line' id='line_1_109' title="bbox 2257 4820 3715 4903; baseline -0.008 -16"><span class='ocrx_word' id='word_1_774' title='bbox 2257 4820 2400 4888; x_wconf 84' lang='lat' dir='ltr'><strong>Ibid.</strong></span> <span class='ocrx_word' id='word_1_775' title='bbox 2445 4832 2768 4888; x_wconf 77' lang='lat' dir='ltr'><strong>Melanthus.</strong></span> <span class='ocrx_word' id='word_1_776' title='bbox 2810 4830 2956 4886; x_wconf 84' lang='lat' dir='ltr'><strong>Nihil</strong></span> <span class='ocrx_word' id='word_1_777' title='bbox 2991 4834 3220 4888; x_wconf 88' lang='lat' dir='ltr'><strong>dubittm</strong></span> <span class='ocrx_word' id='word_1_778' title='bbox 3268 4835 3399 4903; x_wconf 90' lang='lat' dir='ltr'><strong>quin</strong></span> <span class='ocrx_word' id='word_1_779' title='bbox 3438 4831 3501 4884; x_wconf 90' lang='lat' dir='ltr'><strong>ab</strong></span> <span class='ocrx_word' id='word_1_780' title='bbox 3544 4823 3715 4882; x_wconf 81' lang='lat' dir='ltr'><strong>Erech-</strong></span> 
     </span>
    </p>
   </div>
   <div class='ocr_carea' id='block_1_110' title="bbox 2189 4913 3716 4994">
    <p class='ocr_par' dir='ltr' id='par_1_110' title="bbox 2189 4913 3716 4994">
     <span class='ocr_line' id='line_1_110' title="bbox 2189 4913 3716 4994; baseline -0.004 -18"><span class='ocrx_word' id='word_1_781' title='bbox 2189 4924 2322 4979; x_wconf 82' lang='lat' dir='ltr'><strong>theo</strong></span> <span class='ocrx_word' id='word_1_782' title='bbox 2350 4963 2366 4988; x_wconf 93' lang='lat'><strong>,</strong></span> <span class='ocrx_word' id='word_1_783' title='bbox 2402 4931 2576 4978; x_wconf 36' lang='lat' dir='ltr'><strong>[sexto</strong></span> <span class='ocrx_word' id='word_1_784' title='bbox 2606 4924 3022 4978; x_wconf 82' lang='lat' dir='ltr'><strong>Atheniensium</strong></span> <span class='ocrx_word' id='word_1_785' title='bbox 3066 4940 3189 4994; x_wconf 87' lang='lat' dir='ltr'><strong>rege</strong></span> <span class='ocrx_word' id='word_1_786' title='bbox 3213 4963 3229 4988; x_wconf 95' lang='lat'><strong>,</strong></span> <span class='ocrx_word' id='word_1_787' title='bbox 3277 4938 3463 4977; x_wconf 88' lang='lat' dir='ltr'><strong>nomen</strong></span> <span class='ocrx_word' id='word_1_788' title='bbox 3491 4913 3716 4985; x_wconf 73' lang='lat' dir='ltr'><strong>acceperit</strong></span> 
     </span>
    </p>
   </div>
   <div class='ocr_carea' id='block_1_111' title="bbox 2187 5010 3712 5086">
    <p class='ocr_par' dir='ltr' id='par_1_111' title="bbox 2187 5010 3712 5086">
     <span class='ocr_line' id='line_1_111' title="bbox 2187 5010 3712 5086; baseline -0.004 -15"><span class='ocrx_word' id='word_1_789' title='bbox 2187 5023 2298 5071; x_wconf 91' lang='lat' dir='ltr'><strong>tota</strong></span> <span class='ocrx_word' id='word_1_790' title='bbox 2351 5031 2541 5086; x_wconf 88' lang='lat' dir='ltr'><strong>regum</strong></span> <span class='ocrx_word' id='word_1_791' title='bbox 2589 5016 2894 5070; x_wconf 81' lang='lat' dir='ltr'><strong>Atticorum</strong></span> <span class='ocrx_word' id='word_1_792' title='bbox 2950 5019 3167 5084; x_wconf 85' lang='lat' dir='ltr'><strong>series,</strong></span> <span class='ocrx_word' id='word_1_793' title='bbox 3219 5013 3434 5070; x_wconf 88' lang='lat' dir='ltr'><strong>tametsi</strong></span> <span class='ocrx_word' id='word_1_794' title='bbox 3483 5010 3712 5066; x_wconf 77' lang='lat' dir='ltr'><strong>fortasse.</strong></span> 
     </span>
    </p>
   </div>
   <div class='ocr_carea' id='block_1_112' title="bbox 2188 5097 3712 5182">
    <p class='ocr_par' dir='ltr' id='par_1_112' title="bbox 2188 5097 3712 5182">
     <span class='ocr_line' id='line_1_112' title="bbox 2188 5097 3712 5182; baseline -0.009 -17"><span class='ocrx_word' id='word_1_795' title='bbox 2188 5111 2333 5180; x_wconf 84' lang='lat' dir='ltr'><strong>quod</strong></span> <span class='ocrx_word' id='word_1_796' title='bbox 2370 5111 2611 5180; x_wconf 88' lang='lat' dir='ltr'><strong>Scaliger</strong></span> <span class='ocrx_word' id='word_1_797' title='bbox 2644 5111 2815 5181; x_wconf 63' lang='lat' dir='ltr'><strong>quaeri</strong></span> <span class='ocrx_word' id='word_1_798' title='bbox 2859 5109 3010 5182; x_wconf 71' lang='lat' dir='ltr'><strong>jubet</strong></span> <span class='ocrx_word' id='word_1_799' title='bbox 3038 5151 3054 5176; x_wconf 92' lang='lat'><strong>,</strong></span> <span class='ocrx_word' id='word_1_800' title='bbox 3090 5127 3368 5182; x_wconf 89' lang='lat' dir='ltr'><strong>nunquam</strong></span> <span class='ocrx_word' id='word_1_801' title='bbox 3397 5106 3522 5163; x_wconf 89' lang='lat' dir='ltr'><strong>alias</strong></span> <span class='ocrx_word' id='word_1_802' title='bbox 3553 5097 3712 5156; x_wconf 68' lang='lat' dir='ltr'><strong>Fresia-</strong></span> 
     </span>
    </p>
   </div>
   <div class='ocr_carea' id='block_1_113' title="bbox 2189 5184 3711 5272">
    <p class='ocr_par' dir='ltr' id='par_1_113' title="bbox 2189 5184 3711 5272">
     <span class='ocr_line' id='line_1_113' title="bbox 2189 5184 3711 5272; baseline -0.007 -16"><span class='ocrx_word' id='word_1_803' title='bbox 2189 5202 2377 5257; x_wconf 73' lang='lat' dir='ltr'><strong>theida:</strong></span> <span class='ocrx_word' id='word_1_804' title='bbox 2413 5203 2587 5256; x_wconf 85' lang='lat' dir='ltr'><strong>vocati</strong></span> <span class='ocrx_word' id='word_1_805' title='bbox 2638 5203 2751 5257; x_wconf 90' lang='lat' dir='ltr'><strong>sint</strong></span> <span class='ocrx_word' id='word_1_806' title='bbox 2802 5201 3046 5272; x_wconf 70' lang='grc' dir='ltr'><strong>βασιλεῖς</strong></span> <span class='ocrx_word' id='word_1_807' title='bbox 3084 5203 3363 5266; x_wconf 77' lang='grc' dir='ltr'><strong>’Δττικοὶ,</strong></span> <span class='ocrx_word' id='word_1_808' title='bbox 3407 5201 3469 5252; x_wconf 92' lang='lat' dir='ltr'><strong>ab</strong></span> <span class='ocrx_word' id='word_1_809' title='bbox 3499 5184 3603 5265; x_wconf 79' lang='lat' dir='ltr'><strong>ipso</strong></span> <span class='ocrx_word' id='word_1_810' title='bbox 3630 5190 3711 5242; x_wconf 60' lang='lat' dir='ltr'><strong>Cv-</strong></span> 
     </span>
    </p>
   </div>
   <div class='ocr_carea' id='block_1_114' title="bbox 2189 5275 3709 5362">
    <p class='ocr_par' dir='ltr' id='par_1_114' title="bbox 2189 5275 3709 5362">
     <span class='ocr_line' id='line_1_114' title="bbox 2189 5275 3709 5362; baseline -0.001 -12"><span class='ocrx_word' id='word_1_811' title='bbox 2189 5311 2357 5362; x_wconf 89' lang='lat' dir='ltr'><strong>crope</strong></span> <span class='ocrx_word' id='word_1_812' title='bbox 2383 5294 2448 5350; x_wconf 91' lang='lat' dir='ltr'><strong>ad</strong></span> <span class='ocrx_word' id='word_1_813' title='bbox 2483 5288 2838 5349; x_wconf 78' lang='lat' dir='ltr'><strong>Melanthum.</strong></span> <span class='ocrx_word' id='word_1_814' title='bbox 2866 5294 3025 5351; x_wconf 86' lang='lat' dir='ltr'><strong>Certe</strong></span> <span class='ocrx_word' id='word_1_815' title='bbox 3055 5293 3294 5350; x_wconf 86' lang='lat' dir='ltr'><strong>llomero</strong></span> <span class='ocrx_word' id='word_1_816' title='bbox 3320 5292 3474 5348; x_wconf 82' lang='lat' dir='ltr'><strong>etiam</strong></span> <span class='ocrx_word' id='word_1_817' title='bbox 3536 5282 3661 5342; x_wconf 88' lang='lat' dir='ltr'><strong>Iliad.</strong></span> <span class='ocrx_word' id='word_1_818' title='bbox 3685 5275 3709 5348; x_wconf 73' lang='grc' dir='ltr'><strong>β</strong></span> 
     </span>
    </p>
   </div>
   <div class='ocr_carea' id='block_1_115' title="bbox 2191 5374 3710 5453">
    <p class='ocr_par' dir='ltr' id='par_1_115' title="bbox 2191 5374 3710 5453">
     <span class='ocr_line' id='line_1_115' title="bbox 2191 5374 3710 5453; baseline -0.001 -12"><span class='ocrx_word' id='word_1_819' title='bbox 2191 5388 2394 5442; x_wconf 83' lang='lat' dir='ltr'><strong>Atlten.</strong></span> <span class='ocrx_word' id='word_1_820' title='bbox 2481 5387 2547 5440; x_wconf 87' lang='lat' dir='ltr'><strong>ab</strong></span> <span class='ocrx_word' id='word_1_821' title='bbox 2615 5385 2922 5441; x_wconf 86' lang='lat' dir='ltr'><strong>Erechtheo</strong></span> <span class='ocrx_word' id='word_1_822' title='bbox 2996 5398 3268 5442; x_wconf 84' lang='lat' dir='ltr'><strong>vocantur</strong></span> <span class='ocrx_word' id='word_1_823' title='bbox 3325 5383 3497 5453; x_wconf 82' lang='grc' dir='ltr'><strong>Δῆμος</strong></span> <span class='ocrx_word' id='word_1_824' title='bbox 3555 5374 3710 5442; x_wconf 66' lang='lat' dir='ltr'><strong>&#39;EP‘X&#39;</strong></span> 
     </span>
    </p>
   </div>
   <div class='ocr_carea' id='block_1_116' title="bbox 2191 5464 3708 5549">
    <p class='ocr_par' dir='ltr' id='par_1_116' title="bbox 2191 5464 3708 5549">
     <span class='ocr_line' id='line_1_116' title="bbox 2191 5464 3708 5549; baseline -0.015 -11"><span class='ocrx_word' id='word_1_825' title='bbox 2191 5479 2383 5545; x_wconf 76' lang='grc' dir='ltr'><strong>Θαῖοςς</strong></span> <span class='ocrx_word' id='word_1_826' title='bbox 2431 5489 2485 5534; x_wconf 93' lang='lat' dir='ltr'><strong>et</strong></span> <span class='ocrx_word' id='word_1_827' title='bbox 2518 5477 2752 5534; x_wconf 77' lang='lat' dir='ltr'><strong>Pitidnro</strong></span> <span class='ocrx_word' id='word_1_828' title='bbox 2788 5479 2948 5549; x_wconf 83' lang='lat' dir='ltr'><strong>Pyth.</strong></span> <span class='ocrx_word' id='word_1_829' title='bbox 2997 5480 3028 5533; x_wconf 87' lang='lat'><strong>7</strong></span> <span class='ocrx_word' id='word_1_830' title='bbox 3055 5518 3070 5542; x_wconf 86' lang='lat'><strong>,</strong></span> <span class='ocrx_word' id='word_1_831' title='bbox 3116 5476 3418 5549; x_wconf 78' lang='grc' dir='ltr'><strong>Ἐρεχθέως</strong></span> <span class='ocrx_word' id='word_1_832' title='bbox 3453 5466 3626 5529; x_wconf 72' lang='grc' dir='ltr'><strong>ἀστοῖς</strong></span> <span class='ocrx_word' id='word_1_833' title='bbox 3667 5464 3708 5514; x_wconf 83' lang='lat' dir='ltr'><strong>et</strong></span> 
     </span>
    </p>
   </div>
   <div class='ocr_carea' id='block_1_117' title="bbox 2195 5550 3705 5642">
    <p class='ocr_par' dir='ltr' id='par_1_117' title="bbox 2195 5550 3705 5642">
     <span class='ocr_line' id='line_1_117' title="bbox 2195 5550 3705 5642; baseline -0.011 -16"><span class='ocrx_word' id='word_1_834' title='bbox 2195 5572 2388 5626; x_wconf 85' lang='lat' dir='ltr'><strong>lsthm.</strong></span> <span class='ocrx_word' id='word_1_835' title='bbox 2411 5570 2447 5624; x_wconf 77' lang='grc'>2</span> <span class='ocrx_word' id='word_1_836' title='bbox 2475 5570 2575 5625; x_wconf 88' lang='lat' dir='ltr'><strong>hoc</strong></span> <span class='ocrx_word' id='word_1_837' title='bbox 2610 5570 2732 5640; x_wconf 90' lang='lat' dir='ltr'><strong>ipso</strong></span> <span class='ocrx_word' id='word_1_838' title='bbox 2758 5571 3026 5626; x_wconf 90' lang='lat' dir='ltr'><strong>vocabulo</strong></span> <span class='ocrx_word' id='word_1_839' title='bbox 3052 5569 3408 5642; x_wconf 79' lang='grc' dir='ltr'><strong>Ἐρεχθεῖδαι.</strong></span> <span class='ocrx_word' id='word_1_840' title='bbox 3441 5563 3592 5619; x_wconf 84' lang='lat' dir='ltr'><strong>Porro</strong></span> <span class='ocrx_word' id='word_1_841' title='bbox 3645 5550 3705 5605; x_wconf 78' lang='lat' dir='ltr'><strong>lti-</strong></span> 
     </span>
    </p>
   </div>
   <div class='ocr_carea' id='block_1_118' title="bbox 2200 5645 3702 5733">
    <p class='ocr_par' dir='ltr' id='par_1_118' title="bbox 2200 5645 3702 5733">
     <span class='ocr_line' id='line_1_118' title="bbox 2200 5645 3702 5733; baseline -0.011 -12"><span class='ocrx_word' id='word_1_842' title='bbox 2200 5665 2428 5721; x_wconf 83' lang='lat' dir='ltr'><strong>storiam</strong></span> <span class='ocrx_word' id='word_1_843' title='bbox 2463 5663 2531 5719; x_wconf 91' lang='lat' dir='ltr'><strong>de</strong></span> <span class='ocrx_word' id='word_1_844' title='bbox 2551 5663 2747 5720; x_wconf 85' lang='lat' dir='ltr'><strong>horum</strong></span> <span class='ocrx_word' id='word_1_845' title='bbox 2783 5664 3152 5720; x_wconf 89' lang='lat' dir='ltr'><strong>destructione</strong></span> <span class='ocrx_word' id='word_1_846' title='bbox 3183 5661 3414 5733; x_wconf 88' lang='lat' dir='ltr'><strong>imperii,</strong></span> <span class='ocrx_word' id='word_1_847' title='bbox 3449 5665 3591 5730; x_wconf 87' lang='lat' dir='ltr'><strong>quam</strong></span> <span class='ocrx_word' id='word_1_848' title='bbox 3620 5645 3702 5699; x_wconf 76' lang='grc' dir='ltr'><strong>Εα·</strong></span> 
     </span>
    </p>
   </div>
   <div class='ocr_carea' id='block_1_119' title="bbox 2196 5739 3702 5828">
    <p class='ocr_par' dir='ltr' id='par_1_119' title="bbox 2196 5739 3702 5828">
     <span class='ocr_line' id='line_1_119' title="bbox 2196 5739 3702 5828; baseline -0.014 -14"><span class='ocrx_word' id='word_1_849' title='bbox 2196 5756 2381 5814; x_wconf 76' lang='lat' dir='ltr'><strong>aeblus</strong></span> <span class='ocrx_word' id='word_1_850' title='bbox 2420 5755 2775 5828; x_wconf 70' lang='lat' dir='ltr'><strong>perstringit,</strong></span> <span class='ocrx_word' id='word_1_851' title='bbox 2810 5755 3246 5814; x_wconf 70' lang='lat' dir='ltr'><strong>luculentissima</strong></span> <span class='ocrx_word' id='word_1_852' title='bbox 3275 5753 3558 5811; x_wconf 76' lang='lat' dir='ltr'><strong>sdisserqu</strong></span> <span class='ocrx_word' id='word_1_853' title='bbox 3589 5739 3702 5796; x_wconf 53' lang='lat' dir='ltr'><strong>Pan.</strong></span> 
     </span>
    </p>
   </div>
  </div>
