3964 6186
318 189 416 255 841

1575 179 1998 249 ’νΑῙιῙιΛΒΒΙΙ
2041 179 2283 242 NOTAE.

3471 154 3594 250 sia

315 301 502 358 sanias
532 300 587 356 in
615 298 988 357 Corinthiacis
1017 306 1072 356 et
1117 296 1377 354 Bmoticis
1400 332 1415 362 ,
1455 296 1648 353 Conon
1688 295 1892 352 Narra-
1921 311 1972 372 Α
2003 295 2259 350 verterit:
2297 293 2544 366 falsoque
2574 295 2650 352 ait
2693 295 2748 352 in
2784 296 2990 355 Graecis
3022 297 3229 356 nullam
3256 302 3588 361 mentionem

315 394 467 448 tione
497 392 566 449 39
598 394 742 464 apud
773 392 1052 457 Photium,
1087 389 1388 447 Frontinus
1428 389 1897 457 Stratagematum

317 485 415 539 lib.
455 499 532 548 tt,
569 480 620 538 e2
658 483 728 550 5,
763 484 988 554 aliique.
1033 482 1246 538 Hoveat
1283 481 1518 538 fortasse
1549 480 1858 551 quempiam
1883 517 1898 545 ,

312 574 460 644 quod
508 573 842 630 Melanthum
877 572 1105 629 tradunt
1154 571 1265 643 pari
1312 587 1590 629 consensu
1640 580 1899 636 veteres,

315 671 618 726 Pausanias
641 709 658 734 ,
697 667 932 736 Strabo,
966 669 1180 734 Conon,
1215 677 1323 724 etc.
1347 707 1363 734 ,
1418 668 1660 725 Athenas
1692 667 1902 725 venisse

314 780 343 817 a
398 761 530 834 Pylo
565 773 623 817 et
659 761 926 818 Messenia
962 763 1179 833 pulsum
1218 762 1287 818 ab
1322 760 1630 818 Heraclidis
1653 799 1670 824 ,
1715 759 1808 832 qui
1846 761 1900 816 in

313 852 755 922 Peloponnesum
811 853 1252 919 descenderunt,
1296 861 1350 909 et
1400 859 1582 908 tamen
1631 851 1902 908 Eusebius

316 945 730 1000 lleraclidarum
759 945 1089 1001 descensum
1116 945 1288 1000 multo
1319 943 1548 1001 inferius
1575 953 1696 1015 post
1730 942 1901 1000 ferme

307 1050 490 1090 annos
521 1034 592 1090 26
637 1049 741 1090 suo
807 1034 1025 1090 demum
1075 1051 1242 1090 sensu
1279 1029 1545 1094 relerat';
1592 1049 1718 1089 nam
1755 1031 1900 1104 quod

309 1128 571 1197 superius
612 1127 680 1182 ad
723 1142 879 1182 num.
928 1127 1035 1182 460
1069 1127 1321 1183 eumdem
1359 1135 1792 1191 commemoret,
1835 1139 1900 1179 ex

308 1219 545 1272 aliorum
580 1218 774 1274 fecisse
823 1220 1112 1284 sententia,
1149 1219 1392 1288 apposita
1421 1221 1707 1273 secundum
1736 1233 1895 1288 quos~

307 1310 436 1362 dam
475 1309 740 1374 clausula,
790 1324 898 1365 non
929 1309 1163 1367 obscure
1197 1311 1421 1365 indicat.
1458 1311 1655 1367 Verum
1687 1309 1900 1380 Opinati

310 1401 500 1456 malim
529 1401 997 1473 (quandoquidem
1025 1415 1248 1473 propter
1271 1402 1452 1458 varios
1477 1400 1896 1459 Heraclidarum

305 1507 542 1550 conatus
564 1536 581 1561 ,
619 1496 772 1552 varie
805 1496 1108 1553 descensus
1139 1496 1230 1552 ille
1264 1511 1294 1551 a
1327 1497 1678 1568 chronologis
1708 1512 1898 1552 recen-

304 1598 498 1653 setur,
536 1599 592 1640 ut
631 1589 891 1658 superius
926 1589 1148 1646 laudato
1182 1590 1304 1644 loco
1337 1589 1742 1662 ostendimus),
1782 1589 1896 1645 Eu-

2006 401 2130 443 esse
2162 401 2430 458 possessas
2459 403 2602 445 arcae
2653 400 2779 461 post
2828 401 3061 448 mortem
3113 392 3257 450 Hell.
3299 392 3588 453 Manifesta

2007 495 2098 535 res
2147 490 2233 534 est
2265 495 2330 534 ex
2368 495 2455 547 co,
2511 497 2674 552 quem
2727 499 2828 540 nos
2874 483 3162 542 laudamus
3208 485 3398 543 Graeco
3446 491 3592 560 apud

2007 571 2316 644 Syncellum
2347 582 2522 641 textu,
2555 589 2688 631 vere
2721 575 3056 645 Eusehistno,
3098 594 3262 650 quem
3312 581 3455 638 ﬁdus
3511 587 3594 639 iti-

2005 673 2217 736 terpres
2295 662 2656 738 Hieronymus
2713 667 2904 726 Latine
2952 673 3019 726 ad
3083 674 3310 729 verbum
3365 677 3595 739 relutln.

2003 755 2208 814 Caetera
2251 769 2441 814 notum
2477 763 2546 816 ob
2594 761 2649 817 id
2684 762 2860 832 ipsum
2895 764 3038 834 quod
3067 781 3193 821 arca
3229 767 3283 822 in
3315 769 3594 841 Alienige-

2007 866 2200 907 narum
2225 868 2423 909 manus
2463 853 2799 922 devertisset,
2861 855 2978 914 lleli
3035 860 3376 916 sacerdotem
3421 865 3593 920 animi

2005 944 2195 1001 dolore
2234 955 2547 1016 correptum
2576 946 2923 1003 occubuisse.
2965 949 3204 1005 Rursum
3228 948 3475 1023 Scaliger
3515 956 3598 1010 Ie-

1985 1036 2081 1108 .git
2111 1040 2168 1092 in
2208 1036 2406 1093 Latino
2443 1038 2573 1108 facit
2605 1054 2704 1110 pro
2750 1041 2873 1111 [ιιὶι.
2933 1041 3154 1098 Interim
3207 1056 3356 1102 notet
3403 1048 3594 1114 lector,

2007 1146 2108 1186 nos
2138 1130 2254 1186 hinc
2283 1132 2489 1198 dicere,
2520 1148 2642 1202 quae
2671 1134 2738 1189 de
2782 1134 2902 1189 Heli
2949 1135 3239 1206 Syncellus
3265 1141 3477 1206 recitat,
3515 1146 3596 1197 vi-

2004 1223 2120 1280 deri
2161 1241 2278 1280 uere
2303 1225 2630 1296 Eusebiana,
2659 1243 2767 1284 non
2825 1243 2947 1298 qua:
2991 1232 3058 1285 de
3092 1231 3349 1289 Samuele
3399 1237 3598 1292 subse‘

2005 1327 2271 1388 quuutur,
2305 1329 2364 1374 ut
2389 1321 2855 1378 mendacissimus
2885 1333 3078 1379 auctor
3117 1325 3285 1382 libelli
3316 1328 3381 1383 de
3426 1331 3595 1386 Clu-o-

2005 1411 2134 1466 nicis
2163 1411 2365 1470 duobus
2392 1413 2543 1469 libris
2576 1413 2798 1470 Eusebii
2825 1416 2893 1471 de
2919 1432 3072 1474 more
3095 1421 3484 1480 calumniatur.

2075 1503 2212 1561 Ibid.
2247 1505 2699 1566 Saul...Santuel.
2733 1508 2982 1567 Diximus
3011 1512 3078 1568 ad
3111 1513 3231 1569 Heli
3285 1518 3450 1585 paulo
3495 1535 3595 1574 su-

2006 1600 2215 1665 perius,
2256 1601 2657 1657 admittendum
2691 1603 2746 1659 in
2778 1604 3054 1662 Samuelis
3103 1615 3162 1662 et
3213 1607 3398 1670 Saulis
3430 1617 3593 1669 annis

306 1677 522 1732 sebium
557 1695 622 1734 ex
659 1694 848 1734 eorum
881 1695 1030 1736 nunc
1073 1681 1222 1751 loqui
1273 1683 1541 1736 sententia
1567 1722 1583 1744 ,
1633 1697 1774 1751 quos
1813 1683 1887 1736 ibi
1924 1685 1963 1738 Β
1992 1689 2474 1754 synchrouisinum
2521 1706 2537 1746 :
2577 1691 2670 1755 alii
2703 1693 2882 1758 enim,
2923 1706 2984 1750 ut
3009 1704 3066 1751 et
3099 1695 3355 1754 Clemens
3387 1700 3595 1769 Strom,

303 1768 630 1825 laudaverat
663 1787 678 1825 :
711 1786 776 1827 ac
813 1771 982 1828 videri
1017 1775 1311 1829 commode
1345 1788 1523 1842 posse,
1552 1771 1885 1826 Melanthum

301 1862 576 1918 Messenia
601 1863 821 1935 pulsum
854 1867 958 1922 sub
988 1875 1206 1936 tempus
1249 1865 1478 1921 alterius
1507 1867 1886 1936 expeditionis,

299 1956 444 2012 duce
472 1957 880 2024 Aristomacbo,
915 1958 1008 2028 qui
1053 1966 1235 2014 tamen
1269 1957 1324 2013 in
1361 1973 1536 2029 pugna
1569 1968 1757 2014 contra
1791 1958 1891 2014 Pe-

299 2052 659 2122 Ioponnesios
694 2055 994 2121 occubuit,
1040 2056 1286 2112 Athenas
1329 2055 1689 2112 concessisse.
1726 2057 1890 2113 Certe

297 2145 393 2200 ille
415 2184 431 2208 .
482 2161 512 2201 a
543 2161 654 2217 quo
687 2158 875 2202 noster
903 2148 1158 2217 accepit,
1200 2149 1274 2203 ita
1311 2151 1554 2204 rationes
1587 2165 1718 2206 suas
1755 2151 1888 2206 sub-

299 2238 557 2305 duxerit,
616 2249 675 2294 ut
717 2239 866 2294 nullo
911 2241 1304 2312 προχρονισμῷ
1347 2242 1680 2298 laborarent.
1715 2241 1893 2298 Caete-

299 2345 426 2384 rum
460 2340 587 2385 nota
626 2340 683 2386 et
713 2331 849 2387 I’esta
897 2332 1164 2403 Apaturia
1194 2374 1210 2400 ,
1245 2343 1301 2388 et
1334 2333 1592 2389 Melanthi
1635 2334 1849 2390 fallacia
1872 2374 1888 2400 ,

297 2423 398 2491 qui
434 2437 557 2477 cum
589 2423 813 2479 Xantho
853 2426 1211 2496 congrediens
1255 2426 1519 2496 singulari
1561 2427 1887 2494 certamine,

295 2533 428 2572 eum
461 2520 818 2582 exclamavit.
852 2531 1044 2576 contra
1080 2530 1300 2592 pactum
1341 2521 1570 2576 alterius
1596 2521 1698 2574 viri
1729 2523 1893 2575 auxi-

289 2612 381 2690 jio
411 2611 674 2681 stipatum
705 2615 1045 2681 processisse
1097 2630 1112 2668 :
1158 2627 1391 2682 cumque
1425 2611 1726 2667 admiratus
1760 2612 1850 2666 ille
1872 2650 1892 2676 ,

294 2705 558 2774 quisnam
601 2721 660 2760 se
705 2708 1065 2762 comitaretur
1091 2746 1106 2771 ,
1160 2707 1534 2776 respexisset,
1583 2705 1894 2762 Melanthus

213 2858 222 2865 ε
297 2813 562 2853 aversum
591 2811 703 2853 uno
738 2800 846 2852 ictu
882 2799 1145 2855 confecit.
1184 2799 1315 2854 Vide
1349 2799 1768 2871 lexicographos
1801 2811 1892 2852 ve-

294 2899 451 2946 teres
475 2905 608 2946 voce
629 2891 993 2964 Ἀπατούρια,
1019 2903 1074 2948 et
1107 2892 1470 2948 Scholiastem
1505 2891 1893 2964 Aristophanis

1993 1790 2031 1840 ι,
2064 1777 2250 1846 viginti
2300 1779 2568 1838 duntaxat
2611 1798 2783 1840 annos
2815 1783 2966 1840 Sauli
3033 1787 3312 1852 tribuunt,
3339 1794 3486 1861 quod
3537 1809 3594 1849 et

1993 1863 2336 1940 Theophilus
2405 1872 2556 1928 facit.
2620 1872 2734 1929 Hac
2791 1876 3004 1933 ratione
3057 1879 3370 1948 signiﬁcare
3425 1886 3592 1941 etiam

1993 1959 2264 2017 Eusebius
2307 1962 2518 2029 voluit,
2549 1965 2696 2034 quod
2764 1963 2896 2021 Saul
2955 1983 3187 2039 regnum
3223 1973 3424 2043 partim
3456 1991 3591 2032 cum

1993 2049 2275 2118 Samuele,
2318 2057 2518 2124 partim
2546 2058 2704 2112 solus
2752 2059 3248 2118 administraverit.
3302 2064 3586 2126 Luculen-

1995 2143 2206 2200 tissime
2262 2147 2506 2200 omnium
2559 2145 2850 2215 Zonaras,
2905 2150 3232 2208 ἐϐασίλευσε
3277 2156 3338 2210 δὲ
3393 2159 3589 2223 Σαοὺλ,

1995 2238 2199 2303 ζῶντος
2234 2239 2314 2293 ἔτι
2369 2241 2466 2294 τοῦ
2503 2243 2783 2321 Σαμουὴλ,
2815 2244 3195 2302 ὀκτωκαίδεκα
3224 2249 3345 2322 ἔτη·
3377 2253 3589 2307 ἐκείνου

1993 2331 2051 2383 δὲ
2084 2331 2473 2397 ἀποθανόντος,
2504 2333 2598 2386 δύο
2648 2333 2744 2387 καὶ
2768 2333 2972 2393 εἴκοσι.
3003 2334 3278 2394 Pontucus
3331 2345 3589 2398 secundis

1993 2423 2144 2476 curis
2175 2421 2416 2492 suppleri
2461 2421 2640 2490 jubet,
2673 2432 2838 2493 atque
2865 2426 3063 2496 apponi
3099 2429 3289 2484 nescio
3315 2430 3406 2484 cui
3442 2449 3588 2485 anno

1996 2513 2212 2580 Saulis,
2249 2518 2596 2586 prophetabat
2646 2517 2888 2576 Samuel.
2958 2522 3310 2592 ChronolOgi,
3347 2526 3438 2594 qui
3491 2525 3594 2581 Su-

2000 2605 2196 2662 muclis
2223 2621 2400 2663 annos
2423 2607 2491 2662 ab
2523 2608 2631 2664 illis
2681 2608 2864 2665 Saulis
2916 2622 3202 2681 separant,
3235 2629 3382 2668 anno
3437 2616 3588 2672 illius

1998 2713 2143 2752 nono
2192 2699 2719 2769 prophetiams‘llam
2765 2703 3075 2771 ascribunt,
3106 2703 3271 2760 Testis
3305 2706 3590 2772 Dominus.

1995 2802 2044 2843 et
2081 2791 2226 2844 testis
2257 2790 2396 2846 Deus
2438 2791 2613 2847 hodie.
2649 2793 2724 2848 Ita
2753 2809 2886 2850 sane
2925 2795 3186 2853 Chronic.
3225 2797 3489 2854 Paschale
3531 2817 3590 2872 p.

1995 2885 2066 2940 68
2089 2899 2108 2939 :
2143 2885 2521 2958 Προιφήτευσε
2555 2887 2831 2959 Σαμουὴλ,
2857 2887 3101 2960 Μάρτυς,
3129 2907 3253 2948 κντ.
3272 2892 3322 2947 λ.
3349 2891 3592 2966 Scaliger

298 2981 362 3036 in
394 2981 771 3048 Acarnenses,
807 2982 1152 3054 Sealigernm
1183 3000 1404 3056 quoque
1426 3023 1443 3049 ,
1471 2985 1516 3041 si
1558 2985 1731 3051 libet,
1775 2987 1889 3041 haec
1917 3025 1960 3082 ο
2000 2981 2066 3034 10
2100 2979 2372 3036 Samuelis
2404 2996 2550 3035 anno
2580 2984 2831 3039 ascribit.
2879 2983 3198 3055 PericOpetn
3229 2985 3376 3043 illam
3412 2992 3586 3044 nostri

289 3073 462 3147 latius
504 3075 922 3130 edisserentem.
967 3076 1027 3131 In
1066 3075 1263 3132 Latino
1309 3086 1572 3132 contextu
1623 3078 1880 3131 nonnulla

291 3181 400 3223 nos
419 3168 828 3223 emendavimus
854 3183 1143 3238 perperam
1177 3170 1379 3239 posita,
1408 3181 1467 3223 ut
1491 3179 1607 3224 erat
1640 3168 1879 3237 Baetim,

291 3278 397 3329 pro
428 3259 657 3316 Boeotius
686 3302 702 3327 ,
734 3270 843 3315 etc.
883 3260 939 3315 In
986 3261 1093 3317 line
1121 3261 1448 3318 vetustiores
1479 3263 1745 3318 editiones
1782 3265 1882 3317 ha-

291 3355 468 3416 hent,
517 3354 610 3423 qui
658 3355 728 3406 ad
781 3354 1063 3410 uictoriam
1110 3353 1304 3422 fraude
1349 3365 1682 3424 processerat
1729 3371 1748 3410 :
1790 3355 1882 3410 alii

291 3444 419 3499 libri
445 3483 460 3509 ,
494 3447 828 3513 processerit.
1652 3450 1654 3452 ’

371 3537 505 3589 Ibid.
541 3536 700 3604 Reges
732 3535 1102 3606 Sicyoniorum
1133 3536 1459 3606 defecerunt.
1505 3535 1882 3606 Scaliger,qui

296 3629 442 3682 hanc
471 3627 743 3696 superiori
777 3630 1026 3696 proxime
1063 3627 1375 3697 periocham
1413 3636 1789 3697 praeposuerat
1815 3627 1882 3682 ad

293 3723 444 3775 hunc
475 3737 762 3775 numerum
789 3720 894 3776 889
918 3721 969 3774 in
995 3721 1140 3774 notis
1159 3733 1175 3773 :
1196 3718 1484 3786 Praesenti,
1513 3721 1709 3791 inquit,
1739 3735 1885 3776 anno

293 3814 564 3866 accedant
598 3813 668 3867 52
695 3811 927 3882 A'Jgialei
951 3812 1117 3882 primi
1136 3813 1320 3883 regis:
1362 3811 1492 3867 item
1519 3813 1585 3867 21
1619 3813 1882 3882 praeteriti

291 3905 364 3960 de
426 3921 591 3976 regno
643 3904 901 3975 Europis.
965 3905 1310 3976 Colliguntur
1339 3905 1446 3961 962
1502 3915 1563 3961 ut
1603 3915 1786 3962 antea.
1824 3905 1882 3963 S.

291 4002 523 4068 August.
549 3997 617 4053 ab
647 3997 840 4052 eodem
891 3997 1144 4052 laudatus
1180 3996 1256 4053 De
1289 3996 1443 4052 civit.
1481 3996 1577 4053 Dei
1599 3998 1695 4054 lib.
1725 4015 1884 4065 mn,

289 4105 416 4160 cap.
451 4090 537 4153 l9.
561 4098 821 4160 supputat
852 4089 1087 4145 triennio
1121 4091 1348 4147 minus:
1385 4105 1488 4147 nec
1529 4092 1757 4147 dubium
1803 4102 1882 4147 ta-

290 4197 439 4245 men,
465 4183 596 4252 quin
616 4182 761 4237 istud
792 4179 1036 4237 Eusebio
1059 4179 1545 4254 Hieronymianum
1572 4182 1881 4239 Chronicon

289 4275 365 4330 ob
394 4277 587 4330 oculos
632 4275 907 4331 habuerit.
947 4273 1175 4343 Quarto,
1204 4277 1404 4347 inquit,
1429 4275 1741 4330 Latinorum
1770 4293 1888 4348 rege

1994 3087 2126 3127 mss.
2170 3073 2371 3142 aliique
2397 3073 2528 3128 editi
2559 3075 2680 3130 libri
2725 3073 2999 3145 ignorant.

1996 3197 2000 3201 ι
2065 3166 2200 3223 Ibid.
2255 3165 2452 3220 .«Eneas
2504 3165 2721 3222 Silvius.
2780 3165 3067 3237 Syncellus
3125 3178 3378 3240 quartum
3437 3172 3590 3230 Latia

1995 3275 2190 3312 unt-um
2249 3273 2428 3328 regem
2504 3258 2748 3312 Σιλούῖον
2808 3260 3032 3315 Ἰούλιον
3113 3262 3337 3319 Silvium
3384 3265 3589 3321 Iulium

1996 3361 2152 3406 vocat
2191 3370 2204 3406 :
2240 3364 2296 3408 et
2342 3353 2535 3408 Ainea:
2585 3352 2795 3424 Sylvio,
2830 3371 2991 3424 quem
3059 3359 3420 3428 subsequenti
3467 3363 3589 3415 hac"

1996 3446 2168 3515 ponit,
2193 3461 2368 3502 annos
2400 3446 2591 3500 tribuit
2625 3465 2674 3510 ν,
2713 3447 3104 3517 quinquaginta
3123 3465 3145 3504 :
3172 3460 3230 3502 ut
3251 3469 3374 3520 quae
3395 3451 3590 3508 Latino

1995 3537 2164 3592 textui
2186 3536 2374 3592 Graeca
2425 3538 2808 3606 respondeant,
2835 3551 2901 3592 es
2937 3537 3201 3609 Scaligeri
3225 3539 3589 3596 Collectaneis

1994 3629 2244 3700 accipere
2275 3644 2500 3684 necesse
2532 3628 2719 3683 luerit.

2063 3724 2198 3780 Ibid.
2235 3721 2515 3788 Homerus.
2546 3721 2673 3778 Haec
2720 3723 2914 3778 iterum
2947 3722 3016 3780 de
3057 3739 3161 3780 suo
3193 3722 3586 3798 Hieronymum

1995 3818 2296 3882 addidisse,
2332 3815 2644 3872 verosimile
2699 3825 2806 3872 est.
2864 3816 3002 3884 Quis
3031 3828 3238 3888 autem
3285 3817 3588 3886 Melampus

1996 3911 2087 3966 ille
2137 3908 2338 3974 fuerit,
2373 3918 2528 3977 pater
2578 3907 2758 3963 Latini
2791 3947 2807 3972 ,
2845 3922 2972 3963 cum
3042 3909 3328 3979 Scaligero
3381 3911 3586 3980 pariter

1995 4004 2333 4074 ignoramus.
2384 4000 2655 4059 Caeterum
2714 4001 2925 4072 primus
2956 3999 3189 4057 Palatin.
3239 4017 3345 4058 ms.
3380 4003 3587 4072 aliique

2001 4093 2276 4158 nonnulli,
2303 4104 2452 4168 teste
2502 4092 2964 4150 Schurzlleischio
2989 4131 3007 4161 ,
3040 4093 3263 4160 habent,
3293 4098 3586 4165 reperimus

1994 4197 2188 4259 quarto
2213 4185 2470 4240 Latinum
2526 4183 2899 4240 Siluium....et
2948 4186 3134 4257 quinto
3177 4188 3270 4256 qui
3317 4204 3454 4242 nunc
3498 4190 3586 4243 hic

1993 4283 2209 4348 ponitur
2246 4289 2472 4350 quartus
2523 4276 2740 4342 Silvius,
2801 4278 3057 4343 lineam,
3099 4277 3345 4334 Postumi
3388 4283 3584 4348 ﬁlium.

291 4368 476 4438 Sylvio
504 4365 693 4422 Encas
738 4368 850 4437 ﬁlio
903 4368 1640 4439 posthumo....Assyriorum
1695 4380 1872 4424 autem

1997 4379 2038 4432 in
2071 4377 2194 4431 aliis
2217 4383 2324 4436 est,
2358 4371 2586 4426 Silvium
2613 4369 2812 4437 1Enea,
2834 4369 3079 4447 Postumi
3110 4372 3307 4439 ﬁlium.
3330 4374 3580 4428 Priorem

289 4464 536 4516 uicesimo
559 4471 610 4516 et
651 4476 788 4514 nono
817 4459 959 4516 Oneo
989 4459 1223 4530 (legend.
1254 4458 1504 4532 Titinoeo)
1534 4471 1583 4516 et
1607 4459 1876 4516 Melantho

290 4555 691 4613 Atheniensium
716 4553 1089 4618 sextadecimo,
1111 4552 1297 4622 judice
1320 4563 1496 4609 autem
1530 4554 1872 4610 liebrteorum

299 4649 424 4702 lleli
476 4649 766 4709 saardote.
811 4662 1032 4718 regnum
1074 4645 1450 4716 Sicyoniorum
1499 4661 1876 4719 consumptum

288 4749 390 4805 est,
423 4742 561 4810 quod
579 4755 672 4808 per
693 4753 859 4792 annos
888 4748 1176 4807 nongentos
1198 4739 1587 4808 quinquaginta
1617 4749 1666 4792 et
1695 4756 1877 4794 norem

291 4835 527 4906 traditur
555 4833 718 4901 fuisse
741 4841 1058 4899 porrectum.
1085 4831 1192 4886 Sed
1220 4839 1275 4885 et
1310 4831 1619 4887 sacerdotes
1667 4834 1878 4903 Apolli-

296 4928 383 4981 nis
407 4924 588 4980 ρεπιιῙὶ
619 4926 750 4995 (non
782 4923 970 4990 Carni,
1002 4935 1060 4978 ut
1087 4933 1248 4980 antea
1271 4924 1604 4997 legebatur),
1627 4925 1721 4994 qui
1753 4941 1880 4981 suc-

294 5018 530 5080 cessisse
564 5023 949 5093 perhibentur,
978 5021 1327 5078 Marshamus
1355 5022 1408 5076 in
1441 5021 1668 5078 dubium
1697 5033 1876 5088 vocat,

289 5119 452 5184 cujus
479 5115 580 5184 legi
602 5125 880 5167 merentur
897 5124 1219 5184 argumenta
1236 5112 1498 5168 Chronic.
1535 5114 1720 5169 saecul.
1751 5129 1874 5168 xm.

364 5207 487 5263 Col.
545 5206 663 5263 32.3.
744 5206 952 5261 Mortuo
992 5206 1133 5262 Heli.
1198 5206 1580 5276 (ἔπεμψε
1637 5207 1880 5278 Scaliger

289 5298 558 5363 obtrudit,
583 5299 740 5351 Μετὰ
781 5298 1042 5370 τελευτὴν
1078 5299 1226 5353 ἸΙλεὶ
1260 5300 1358 5352 τοῦ
1400 5299 1594 5369 ἱερέως
1635 5297 1668 5370 ἡ
1717 5300 1880 5375 κιϐω-

294 5391 385 5452 τὸς
419 5390 515 5459 τῆς
560 5389 830 5463 διαθήκης
869 5391 948 5453 εἰς
998 5387 1148 5444 οἷκον
1178 5390 1481 5462 Ἀμινάδαϐ
1517 5395 1664 5444 ποίει
1686 5391 1781 5463 ἐτη
1808 5409 1841 5444 κ
1861 5431 1878 5459 ,

293 5480 523 5535 minime
568 5481 873 5536 Eusebiana
907 5488 1059 5537 sunt.
1125 5483 1307 5552 Atque
1367 5485 1502 5538 adeo
1557 5493 1763 5539 temere
1793 5485 1882 5538 ille

289 5581 456 5652 atque
485 5573 706 5642 injuria,
741 5576 1100 5630 attentionem
1127 5578 1180 5630 in
1213 5575 1520 5647 interprete
1552 5574 1882 5647 Hieronymo

291 5667 546 5736 requirit,
594 5667 686 5736 qui
757 5682 856 5738 per
915 5670 1327 5740 properantium
1371 5679 1708 5742 pra‘oosteto
1762 5671 1878 5726 haec

601 5761 907 5851 emas.
945 5763 1197 5828 xxvu.

1983 4469 2125 4526 idem
2150 4460 2638 4521 Schurzlleischius
2657 4462 2850 4532 probat
2871 4463 3064 4530 magis,
3080 4463 3222 4532 quod
3246 4477 3371 4518 cum
3389 4479 3583 4519 omnes

1983 4564 2316 4618 Albanorum
2355 4570 2511 4626 reges
2543 4551 2696 4609 Silvii
2733 4555 2906 4610 vocati
2937 4554 3072 4622 sint",
3109 4566 3342 4626 quartus
3373 4557 3579 4612 Silvius

1984 4667 2146 4710 nemo
2191 4651 2330 4706 alius
2369 4647 2742 4718 I'uerit,quam
2801 4659 3032 4718 quartus
3078 4665 3172 4705 rex
3226 4648 3575 4707 Latinorum.

1982 4745 2180 4802 Subtlit
2207 4754 2390 4797 tamen
2424 4755 2582 4810 posse
2610 4741 2775 4795 etiam
2809 4741 2936 4810 legi,
2962 4742 3052 4811 qui
3073 4758 3213 4797 nunc
3241 4745 3326 4797 hic
3358 4746 3576 4815 ponitur

1982 4844 2201 4904 quartus
2253 4831 2474 4898 Silvius,
2513 4830 2736 4885 Silvium
2784 4829 3057 4894 JEneam,
3105 4833 3262 4888 Silvii
3321 4839 3569 4892 Postumi

1979 4925 2177 4994 ﬁlium.

2055 5019 2195 5074 Ibid.
2248 5017 2553 5074 Secundum
2606 5017 2956 5088 quorumdam
3003 5020 3350 5090 apinionem.‘
3399 5019 3574 5077 Nimis

1985 5111 2153 5167 multa
2185 5120 2334 5176 sunt,
2367 5125 2489 5179 qua:
2517 5110 2583 5163 ad
2615 5110 2794 5166 locum
2858 5111 3004 5166 hunc
3067 5115 3372 5183 pertinent.
3407 5114 3569 5170 nica»

1984 5213 2108 5254 nius
2129 5199 2328 5270 primo,
2347 5198 2492 5268 quod
2525 5198 2700 5268 magis
2730 5207 2918 5254 nostra
2944 5200 3188 5266 interest,
3214 5204 3282 5260 de
3319 5216 3571 5259 veterum

1985 5292 2337 5356 testimoniis,
2371 5304 2482 5361 quo
2515 5290 2710 5346 ordine
2740 5291 2810 5346 ab
2868 5293 3106 5352 Eusebio
3162 5296 3488 5363 recitantur,
3518 5309 3574 5350 et

1983 5403 2106 5458 quae
2134 5387 2224 5442 ille
2253 5400 2320 5441 ex
2352 5385 2586 5441 Tatiano
2609 5387 2845 5458 accepit,
2878 5399 2936 5444 ut
2970 5407 3034 5444 ex
3069 5389 3314 5460 ejusdem
3349 5390 3568 5462 Pricpa-

1986 5490 2101 5535 rat.
2132 5478 2441 5551 Evangelic.
2477 5479 2619 5534 libro
2649 5495 2679 5533 ι
2733 5483 3073 5552 exploratum
3105 5495 3210 5538 est.
3242 5484 3402 5539 Prius
3437 5484 3572 5540 illud

1983 5572 2422 5641 Cratetis,cujus
2449 5587 2648 5628 nomen
2675 5571 2963 5644 Syncellus
3008 5590 3074 5628 ac
3091 5574 3205 5630 fere
3243 5578 3573 5633 senttntiaut

1945 5740 1961 5745 ﬂ
1987 5665 2324 5750 dissimulat,
2353 5665 2429 5724 ita
2453 5666 2615 5724 ell‘crt
2645 5666 2911 5724 Tatiauus
2941 5684 2956 5721 :
3010 5667 3234 5723 Τούτων
3261 5669 3320 5722 δὲ
3351 5670 3402 5724 oi
3447 5673 3576 5742 περὶ

3137 5760 3223 5825 ’2⁸1
