3932 6188
413 134 520 198 843

1681 135 2093 196 VALLARSII
2136 135 2377 197 nom.
3488 152 3571 218 ω

414 250 672 320 Κράτητα
717 247 823 314 πρὸ
845 245 946 317 τῆς
979 245 1349 316 ’Ἡρακλειδῶν
1377 243 1607 298 καθόδου
1637 247 1799 314 φασιν
1828 247 1989 300 αὐτὸν
2017 251 2065 308 Α
2089 246 2286 316 ἀρχαῖς
2340 264 2506 316 φασιν
2545 247 2848 318 ’Ᾱρξίππου
2898 247 3073 319 ἀρχῆς
3107 247 3346 307 Ἡσίοδον
3371 254 3576 329 Ὅμηρον

413 340 727 411 ἠκμακέναι
759 339 896 408 μετὰ
918 339 986 391 τὰ
1029 338 1252 407 Τρωϊκὰ
1275 335 1540 406 ὲνδυτέρω
1560 337 1670 389 τῶν
1699 336 1991 406 ὀγδοήκον-

414 451 480 485 τα
509 433 667 485 ἑτῶν.
720 431 805 484 Ex
858 431 973 484 istis
995 431 1092 498 fuit
1145 427 1348 494 Crates,
1393 430 1482 499 qui
1527 439 1648 482 ante
1691 430 1993 483 descensum

419 522 832 575 Ileraclirlurum
861 519 1108 589 ﬂoruisse
1140 534 1255 570 eum
1284 519 1411 571 dicit
1447 529 1563 587 post
1610 520 1804 573 bellum
1855 519 1990 574 Tro-

409 614 598 682 janurn
641 616 778 666 intra
808 612 1066 680 octoginta
1119 627 1309 664 anuos.
1360 611 1563 664 Eadem
1597 613 1845 668 Clemens
1891 615 1991 668 ha-

416 708 505 761 bet
535 708 690 776 paulo
713 708 833 759 aliis
867 706 1062 756 verbis.
1085 703 1239 768 Quod
1272 704 1624 774 subsequitur
1673 707 1989 760 EratOSthe-

417 804 524 862 nis,
557 800 626 850 ita
659 795 799 862 apud
835 792 1152 859 Tatianum,
1190 806 1352 861 atque
1398 795 1591 848 iisdem
1645 795 1756 850 fere
1806 798 1988 852 verbis

413 892 554 960 apud
612 889 998 943 Clementem:
1057 887 1119 937 Οί
1172 886 1227 938 δὲ
1279 886 1406 955 περὶ
1442 885 1800 957 Ἐρατοσθένη
1851 891 1991 958 μετὰ

410 981 703 1034 ἑκατοστὸν
734 979 850 1040 ἔτος
880 978 976 1044 τῆς
1013 975 1168 1029 Ἰλίου
1215 975 1469 1040 ἁλώσεως
1501 994 1515 1032 :
1551 977 1811 1032 mendose
1843 980 1978 1032 Sca-

410 1073 549 1144 liger
580 1076 630 1125 in
680 1070 1060 1134 Collectaneis,
1098 1069 1238 1136 μετὰ
1269 1069 1366 1136 ἐτη
1402 1075 1478 1137 ρτ¹
1551 1069 1837 1140 Τρωῖκῶν,
1862 1086 1986 1124 cum

411 1164 695 1214 abnormis
728 1160 844 1228 ipsa
880 1159 1087 1211 numeri
1113 1172 1324 1210 summa
1363 1155 1588 1221 indicet,
1623 1172 1652 1208 1:
1687 1157 1986 1212 litterulam

411 1254 702 1306 articulum
732 1255 986 1319 supplere
1031 1247 1318 1318 Τρωικῶν,
1347 1263 1452 1300 non
1511 1246 1841 1301 numericam
1889 1262 1990 1301 no-

412 1356 522 1400 tam
576 1360 718 1397 esse.
763 1343 1046 1410 Negotium
1096 1341 1313 1394 facessit.
1367 1341 1598 1394 alterum
1659 1337 1986 1406 Aristarchi,

411 1439 556 1507 quod
593 1439 772 1498 habet,
796 1438 856 1489 Οἱ
887 1435 942 1486 δὲ
969 1436 1094 1503 περὶ
1118 1433 1497 1503 Ἀρίσταρχον,
1536 1433 1676 1486 κατὰ
1700 1433 1798 1503 τὴν
1825 1433 1993 1486 Ἰωνι-

412 1530 522 1598 κὴν
546 1529 830 1590 ἀποικίαν,
861 1527 896 1596 ἢ
926 1528 1040 1578 ἐστι
1071 1527 1212 1595 μετὰ
1243 1525 1437 1578 ἑκατὸν
1462 1527 1553 1578 καὶ
1575 1523 1989 1592 τεσσαράκοντα

2094 338 2154 391 δὲ
2179 341 2236 393 ὲν
2273 339 2350 408 τῷ
2375 340 2540 406 τέλει,
2569 339 2781 410 βιῶναι.
2801 339 3108 395 Secundum
3133 339 3394 400 Eusebium
3421 351 3475 403 ad
3500 366 3581 406 nu-

2093 445 2300 485 merum
2365 431 2526 496 1015,
2559 433 2605 485 si
2647 431 2867 500 quidem
2919 428 3024 486 180
3069 432 3194 488 anni
3237 434 3362 490 inter
3405 437 3583 494 Homeri

2091 529 2302 575 etatem
2334 532 2388 576 et
2431 523 2662 578 halosim
2708 519 2888 591 'l'rojre
2939 522 3271 578 intercedere
3295 525 3484 593 debent,
3511 531 3584 598 qui

2089 626 2172 670 est
2189 617 2228 668 A
2240 615 2452 685 rchippi
2479 615 2568 682 l2,
2599 623 2770 684 poeta:
2797 624 3037 683 tempora
3055 615 3314 671 referenda
3331 629 3442 673 sunt
3476 619 3590 691 Syn-

2091 707 2261 760 cellus
2305 707 2437 760 edit.
2485 708 2608 761 Par.
2645 722 2698 776 p.
2759 705 2883 771 17%,
2925 720 3068 759 anno
3121 705 3392 762 Menesthei
3437 713 3592 765 ultimo

2091 797 2305 866 Trojam
2334 808 2542 866 captam
2571 798 2668 852 ait.
2700 799 2781 852 Ah
2812 812 2879 851 eo
2911 813 3082 866 usque
3117 798 3181 852 ad
3244 799 3462 855 ultimum
3508 803 3592 856 Ar-

2090 891 2272 959 chippi
2309 906 2534 954 annum,
2570 891 2904 960 colliguntur
2948 890 3308 946 intercessisse
3341 891 3429 946 l88
3472 899 3594 949 anui.

2091 981 2355 1050 Sequitur
2405 995 2534 1050 ergo
2564 983 2816 1043 omuino,
2867 982 3013 1036 circa
3048 997 3244 1036 annum
3277 981 3331 1035 il
3381 983 3596 1052 Archippi

2091 1070 2388 1124 Homerum
2449 1071 2752 1124 secundum
2792 1072 3060 1126 calculum
3110 1069 3478 1139 Syncellianmu
3517 1072 3598 1125 llu-

2093 1163 2290 1225 tuisse,
2324 1177 2432 1216 non
2463 1170 2708 1230 tempore
2732 1161 3048 1232 Thersippi,
3073 1162 3211 1231 quod
3234 1162 3388 1217 voluit
3407 1162 3599 1217 Goarus.

2091 1248 2385 1321 Pergamus
2420 1251 2486 1304 ad
2523 1251 2657 1304 illud
2697 1252 3052 1320 Apollodori:
3091 1253 3152 1304 Oi
3193 1250 3246 1304 δὲ
3276 1252 3398 1312 περὶ
3436 1251 3603 1304 Ἀπολ-

2091 1339 2346 1411 λόδωρον,
2377 1344 2515 1410 μετὰ
2550 1343 2648 1412 τὴν
2683 1341 2927 1413 Ἰωνικὴν
2947 1340 3200 1396 ἀποικίαν
3222 1341 3384 1394 ἐτεσιν
3421 1342 3604 1402 ἑκατὸν,

2092 1434 2230 1502 ὅπερ
2278 1435 2495 1501 γένοιτο
2543 1432 2612 1485 ἂν
2651 1431 2880 1502 ὕστερον
2930 1430 3038 1486 τῶν
3058 1429 3304 1485 Ἰλιακῶν
3357 1430 3606 1484 διακοσίων

2095 1522 2460 1590 πεντήκοντα.
2525 1520 2779 1574 Clemens
2835 1520 3247 1590 τεσσαράκοντα
3295 1517 3462 1578 habet.
3511 1533 3609 1585 qua:

411 1623 509 1692 ἐτη
551 1619 658 1674 τῶν
696 1618 973 1670 Ἰὶιακὼν.
1007 1617 1227 1672 Scilicet
1260 1615 1544 1677 Tatianus.
1576 1617 1731 1685 eique
1762 1631 1996 1672 consen-
2026 1622 2070 1678 Β
2099 1611 2263 1667 lectio
2291 1622 2346 1666 et
2384 1613 2436 1666 in
2468 1613 2769 1668 Basilecnsi
2820 1611 3034 1667 Tatiani
3081 1612 3312 1667 editione
3361 1611 3610 1680 apponitur

414 1717 555 1768 tiens
583 1713 856 1774 Clemens,
898 1710 1139 1781 ionicam
1195 1710 1464 1762 coloniam
1497 1711 1796 1761 centesimo
1846 1723 1981 1777 qua-

410 1805 722 1872 dragesimo
756 1819 898 1855 anno
929 1803 997 1854 ab
1023 1800 1238 1854 excidio
1271 1798 1445 1868 Troja:
1488 1800 1792 1861 constituit,
1821 1814 1982 1866 quam

412 1906 597 1951 noster
629 1894 924 1949 centesimo
959 1901 1168 1945 tantum
1209 1890 1456 1944 ascribit.
1517 1890 1767 1944 Concinit
1803 1898 1981 1943 tamen

423 1989 480 2042 in
545 1987 872 2040 l‘h'llcchoro
898 2001 910 2035 :
945 1982 1234 2050 Φιλόχορος
1261 1980 1401 2049 μετὰ
1429 1980 1526 2045 τὴν
1561 1979 1803 2047 Ἰωνικὴν
1828 1983 1983 2031 αποι-

409 2081 654 2141 κίαν,ὲπὶ
683 2082 942 2148 ἄρχοντος
985 2075 1278 2145 Ἀθήνῃσιν
1313 2074 1637 2141 Ἀρχίππου,
1678 2075 1786 2123 τῶν
1813 2074 1981 2124 Ἰλια-

408 2172 522 2225 κῶν
553 2171 779 2239 ὓστερον
812 2169 960 2220 ἔτεσι
1004 2168 1199 2219 ἑκατζν
1245 2165 1602 2234 ὀ,δοήκοντα.
1655 2164 1730 2217 Ex
1762 2182 1870 2233 quo
1909 2167 1982 2219 sit

405 2261 896 2326 verosimrllirmnn,
927 2250 1098 2313 fuisse
1122 2258 1280 2311 etiam
1323 2262 1389 2310 ah
1428 2257 1660 2310 Eusebio
1694 2257 1978 2325 scriptum,

415 2358 558 2422 μετὰ
621 2355 720 2423 τὴν
771 2351 1020 2420 Ἰωνικὴν
1079 2350 1360 2403 ἀποικίανο
1413 2348 1867 2418 quemadmodum
1922 2358 1975 2402 cl

399 2462 550 2514 quos
611 2442 898 2503 chcrrbit,
933 2439 1198 2494 Tatiunus
1246 2450 1297 2492 et
1349 2439 1602 2492 Clemens
1641 2439 1974 2507 praeferunt;

408 2555 471 2590 ac
499 2552 662 2605 porro
691 2540 850 2588 unice
871 2549 1054 2588 veram
1083 2532 1291 2586 Latina-
1310 2533 1771 2601 interpretationis
1794 2533 1977 2587 lectio-

406 2644 529 2683 nem
561 2631 697 2680 hanc
733 2639 891 2697 {esse,
930 2640 1089 2693 quam
1141 2634 1194 2678 et
1241 2625 1510 2677 Pontanus
1567 2623 1833 2690 probavit,
1863 2635 1980 2693 post

404 2717 797 2786 emigrationem
823 2714 1081 2768 Ionicum.
1107 2713 1267 2767 Certe
1302 2712 1792 2768 Schurzlleisehitts
1818 2715 1977 2783 Plane

405 2807 678 2860 immerito
716 2801 953 2859 ϐοῶ-νηὶ
1005 2803 1338 2875 κρητίζοντα
1372 2813 1550 2866 ιὐιτοι,
1586 2804 1740 2873 quasi
1783 2805 1852 2860 de
1877 2821 1978 2859 suo

407 2900 548 2950 hanc
600 2898 896 2951 ohtruderil
924 2936 941 2961 ,
994 2905 1048 2948 et
1098 2907 1441 2949 commentus
1488 2898 1598 2961 sit,
1645 2912 1772 2952 cum
1815 2907 1975 2952 antea

2087 1705 2151 1756 ad
2185 1703 2306 1758 libri
2357 1717 2534 1771 oram,
2562 1705 2823 1773 probatur
2880 1714 3063 1759 autem
3126 1703 3354 1758 Eusebio
3393 1718 3503 1755 cum
3540 1701 3613 1752 hic

2086 1796 2208 1862 loci,
2228 1807 2337 1850 tum
2368 1798 2584 1854 laudato
2610 1799 2751 1852 libro
2776 1799 3067 1868 Praeparat.
3103 1798 3443 1868 Evangelicre,
3474 1794 3612 1847 ὕπε-

2089 1905 2189 1957 ρον,
2234 1890 2345 1942 τῶν
2382 1890 2640 1945 Ἰλιακῶν
2690 1891 2837 1944 ἔτεσι
2884 1891 3184 1954 διακοσίοις
3233 1889 3615 1960 τεσσαράκοντα.

2084 1978 2238 2033 Hunc
2275 1996 2490 2038 numer.
2520 1980 2697 2036 Latini
2725 1998 2940 2052 quoque
2976 1982 3099 2038 libri
3133 1981 3259 2037 editi
3287 1992 3338 2037 et
3373 1995 3488 2034 mss.
3525 1992 3616 2032 ma-

2082 2083 2188 2138 gno
2219 2085 2489 2126 consensu
2538 2071 2858 2140 praeferunt,
2889 2088 3202 2141 quanquam
3235 2071 3284 2126 in
3309 2070 3471 2125 tribus
3495 2066 3621 2121 l’ala-

2087 2161 2216 2213 tiuis
2245 2161 2365 2227 ipso
2388 2161 2592 2216 dicitur
2629 2163 2733 2216 240
2765 2179 2905 2217 anno
2927 2163 3213 2217 eversionis
3237 2161 3260 2215 l
3271 2162 3348 2216 lii.
3371 2160 3490 2216 iure
3509 2162 3620 2211 adeo

2083 2252 2582 2310 Schurztleischius
2613 2273 2626 2308 :
2660 2255 2846 2322 Miror,
2879 2258 2976 2319 ait,
3009 2257 3365 2328 Scaligerum,
3385 2269 3483 2306 non
3512 2261 3622 2316 tam,

2081 2346 2226 2414 quod
2255 2346 2427 2412 dicat,
2466 2348 2522 2401 in
2574 2349 2828 2405 erunibus
2857 2350 3020 2405 codd.
3055 2349 3225 2404 fuisse
3252 2347 3377 2412 260,
3399 2361 3542 2416 quam
3579 2358 3625 2397 se

2081 2439 2314 2505 primum
2341 2438 2666 2495 emendasse
2689 2441 2817 2496 240.
2855 2437 3165 2512 Utrumque
3186 2439 3327 2494 enim
3343 2437 3516 2492 falsum
3543 2444 3624 2500 est,

2078 2525 2183 2580 nisi
2208 2542 2337 2582 suos
2361 2537 2534 2585 tamen
2559 2529 2720 2585 codd.
2739 2540 2943 2587 tantum
2964 2530 3311 2586 intellexerit.
3325 2528 3421 2586 Sed
3439 2524 3627 2582 Sicbar-

2080 2617 2204 2671 diua
2253 2621 2420 2674 editio
2450 2639 2688 2692 quoque,
2738 2640 2807 2679 ne
2858 2623 3138 2698 Scaligero
3194 2623 3388 2694 injuria
3420 2619 3630 2674 videatur

2079 2707 2248 2774 facta,
2307 2715 2592 2783 conceptis
2655 2716 2837 2770 verbis
2890 2716 3074 2782 habet,
3112 2715 3223 2770 240
3275 2729 3430 2767 anno.
3487 2708 3631 2762 Porro

2080 2814 2256 2869 neque
2305 2800 2682 2872 Philochorus,
2721 2821 2898 2876 neque
2945 2807 3334 2872 Aristarchus,
3355 2802 3490 2874 quod
3519 2796 3631 2855 Sca-

2080 2890 2218 2959 liger
2265 2892 2361 2958 ait,
2398 2893 2640 2950 ionicam
2697 2900 3074 2968 migrationem
3125 2913 3274 2953 anno
3329 2897 3396 2951 ab
3469 2907 3632 2949 eversa

404 2988 649 3056 Scaliger
674 2987 912 3056 legisset,
936 2987 1298 3054 ernigrationis
1323 2985 1518 3039 Ionica:
1544 2996 1794 3058 tempore,
1816 2998 1982 3058 atque
2005 2957 2049 3016 c
2087 2981 2249 3052 Troia
2285 2986 2382 3039 MU
2421 2977 2692 3040 δι’διυυιιι.
2739 2957 2846 3041 sed
2885 2988 3246 3042 Aristarchus
3265 2985 3477 3055 qnidem
3515 2992 3637 3035 almo

405 3079 477 3132 ita
523 3078 577 3130 in
632 3075 956 3131 Sichardina
991 3077 1234 3129 editione
1266 3085 1318 3128 ct
1359 3078 1534 3146 primo
1589 3077 1834 3135 Palatino
1874 3097 1978 3134 ius.

407 3170 691 3222 habeatur.
731 3167 800 3224 Ut
835 3168 981 3221 enim
1029 3177 1260 3235 utraque
1295 3168 1453 3222 lectio
1489 3167 1804 3224 Latinorum
1835 3182 1985 3226 vete-

403 3275 525 3314 rum
546 3259 794 3314 codicum
835 3259 1040 3311 nitatur
1076 3259 1179 3310 lide
1207 3273 1222 3310 :
1259 3273 1390 3310 sane
1421 3259 1698 3314 Eusebius
1727 3263 1979 3315 eumdem

408 3353 554 3404 hunc
608 3353 786 3404 locum
822 3350 875 3402 in
919 3348 1216 3416 Pro-parat.
1249 3347 1456 3416 E\'allg.
1491 3351 1583 3404 lib.
1641 3367 1672 3405 ι
1718 3351 1980 3417 referens,

405 3443 557 3497 addit
586 3443 747 3496 etiam
785 3444 1047 3510 temporis
1075 3443 1310 3510 spatium
1355 3446 1422 3495 ab
1452 3441 1632 3496 Ionica
1667 3445 1983 3513 emigratio-

403 3552 494 3602 ne,
519 3550 713 3605 nempe
740 3536 892 3588 annis
915 3533 1298 3604 quadraginta,
1325 3535 1470 3587 ἔτεσι
1491 3540 1575 3603 μ’,
1608 3551 1770 3602 quam
1800 3548 1980 3590 notam

404 3638 533 3682 sunt
555 3629 648 3698 qui
687 3629 861 3696 ipsius
887 3627 1099 3680 Tatiaui
1133 3629 1414 3681 contextui
1451 3630 1576 3691 addi
1606 3631 1818 3684 velint:
1852 3639 1906 3684 et
1931 3630 1980 3684 si

404 3721 624 3788 quidem
695 3722 989 3774 haberetur
1045 3719 1188 3788 apud
1257 3719 1615 3784 Clementem,
1649 3721 1740 3788 qui
1791 3721 1980 3775 eadem

385 3813 715 3882 descripsit,
739 3813 875 3866 nihil
910 3822 1076 3875 esset,
1107 3827 1207 3864 cur
1237 3826 1342 3865 non
1374 3811 1498 3866 addi
1530 3811 1827 3866 debuisset.
1865 3811 1981 3866 CIB-

406 3913 521 3957 tera
554 3905 719 3956 missa
755 3902 1040 3963 faciamus,
1060 3916 1181 3970 quze
1205 3898 1678 3968 contraﬁoarum,
1713 3916 1810 3968 pro
1839 3901 1978 3954 Sca-

403 3996 571 4064 ligero
603 4007 760 4064 urg-rt
819 3992 1348 4056 Scburzlleisehius;
1388 3993 1546 4045 nobis
1597 3994 1798 4082 qpippe
1854 4007 1980 4061 pcr-

405 4100 638 4140 suasum
679 4094 785 4149 est,
821 4095 1072 4136 neutrum
1127 4093 1260 4138 δέδιε
1309 4084 1446 4137 bene
1501 4084 1739 4154 Syncelli
1799 4085 1977 4139 locum

404 4178 612 4247 pridem
657 4191 689 4230 a
747 4175 982 4230 librariis
1040 4177 1394 4245 depravatum
1453 4177 1810 4232 restituisse:
1865 4193 1976 4233 non

2087 3082 2295 3128 tantum
2327 3074 2451 3142 lOU,
2485 3087 2544 3130 ut
2569 3093 2732 3145 supra
2758 3077 2962 3132 dictum
3001 3088 3108 3142 est,
3145 3077 3502 3132 Philochorus
3528 3086 3660 3138 vero,

2083 3182 2175 3220 an.
2204 3165 2323 3223 l80.
2355 3167 2542 3236 Neque
2579 3178 2761 3223 tamen
2820 3169 3153 3223 conveniunt
3178 3168 3551 3224 Eratosthenes
3595 3167 3640 3214 et
3668 3220 3673 3225 __

2089 3260 2468 3327 Aristarchus,
2503 3271 2666 3330 prout
2704 3261 2876 3317 videri
2924 3271 3109 3329 posset
3171 3261 3418 3316 omnino.
3469 3257 3642 3311 Erato-

2084 3354 2308 3409 sthenes
2328 3354 2474 3408 enim
2502 3355 2609 3406 τῶν
2647 3354 3012 3424 Ἡρακλειδῶν
3041 3354 3272 3408 κάθοδον
3298 3361 3418 3423 post
3450 3348 3641 3417 Troiani

2084 3455 2294 3514 captam
2321 3460 2464 3500 anno
2489 3447 2560 3500 80
2577 3447 2871 3516 contigisse
2899 3447 3040 3516 apud
3058 3447 3236 3501 Clem.
3258 3447 3414 3498 Alex.
3445 3443 3643 3511 Στρωμο

2086 3541 2132 3587 α’
2169 3535 2424 3590 allirmat.
2462 3535 2632 3590 Purro
2678 3547 2800 3605 post
2849 3536 3267 3592 Heraclidarum
3319 3535 3544 3590 reditum
3565 3544 3644 3583 an.

2082 3629 2152 3682 40
2177 3629 2389 3682 colonia
2425 3629 2607 3682 Ionica
2631 3629 2862 3683 deducta
2889 3638 2994 3684 est.
3033 3626 3184 3683 Vixit
3213 3642 3348 3699 ergo
3377 3628 3646 3684 Homerus.

2083 3720 2382 3773 Secundum
2421 3703 2862 3785 Eratosthenem,
2892 3722 3051 3776 annis
3109 3736 3184 3776 xx
3226 3734 3358 3775 ante
3397 3715 3644 3773 coloniam

2084 3812 2369 3864 deductam
2405 3813 2666 3867 lonicam.
2717 3813 2823 3867 Sed
2875 3814 3235 3868 Aristarchus
3289 3815 3405 3883 ipse
3442 3809 3652 3865 coloniae

2084 3900 2242 3956 istius
2271 3903 2514 3958 deducta:
2545 3916 2784 3974 tempore
2806 3903 3006 3958 vixisse
3035 3903 3340 3958 Homerum
3376 3907 3646 3958 memorat,

2082 3993 2311 4063 scilicet,
2347 3996 2472 4063 quia
2500 4010 2623 4049 cum
2671 3994 2940 4052 Strabone
2984 4011 3128 4052 anno
3156 3997 3230 4053 60
3283 4007 3413 4067 post
3451 3991 3652 4059 Trojam

2083 4097 2316 4155 captam,
2364 4087 2741 4155 Ἡρακλειδῶν
2802 4088 3032 4140 κάθοδον
3089 4088 3434 4157 ἀναγράφει.
3485 4082 3650 4137 Philo-

2083 4177 2286 4230 chorus
2317 4186 2560 4246 tempore
2617 4179 2835 4248 quidem
2895 4179 3142 4234 deducta:
3184 4179 3424 4234 colonia!
3476 4176 3658 4231 ionica:

399 4271 772 4341 Scaliger-um,
800 4269 895 4340 qui
923 4271 1071 4339 legit,
1105 4272 1168 4324 Ol.
1197 4270 1254 4322 δὲ
1283 4271 1411 4340 περὶ
1443 4271 1734 4342 Φιλόχορον
1759 4272 1851 4324 ἐπὶ
1879 4271 1979 4340 τῆς

2089 4267 2385 4322 Homerum
2428 4269 2626 4322 vixisse
2653 4270 2866 4333 scribit,
2888 4271 2981 4324 Sed
3012 4272 3172 4324 anuis
3192 4269 3266 4324 80
3304 4249 3653 4340 posteriore'in
3687 4327 3689 4330 χ

417 4364 662 4432 Ἰωνικῆς
689 4365 950 4424 ἀποικίας
973 4364 1096 4416 καθ’
1125 4364 1243 4429 ἕνα,
1287 4381 1342 4417 κ.
1373 4381 1424 4416 τ.
1449 4363 1524 4427 λ.;
1551 4379 1614 4418 eo
1645 4375 1826 4419 autem
1871 4365 1977 4418 mi.

405 4472 509 4510 nus
529 4457 792 4521 Gnarum,
809 4456 994 4526 qui'de
1023 4471 1126 4508 suo
1152 4456 1369 4525 γραφέα
1395 4456 1702 4518 substituit,
1726 4471 1979 4510 sensum-

396 4563 512 4615 que
551 4553 741 4610 alium,
778 4557 836 4599 ut
865 4547 952 4599 hic
984 4546 1134 4600 vides
1165 4547 1220 4599 in
1256 4546 1462 4601 Graecis
1489 4545 1830 4616 Fragmentis
1856 4549 1978 4599 red-

403 4639 503 4700 dit,
530 4653 691 4706 quem
725 4649 780 4692 et
807 4653 949 4693 novo
986 4654 1171 4694 errore
1225 4639 1469 4693 cumulat
1509 4639 1563 4692 in
1611 4636 1802 4692 Latina
1855 4654 1973 4690 ver-

402 4727 561 4781 eione
588 4730 712 4792 ista,
757 4727 1153 4793 Plrilochorum,
1197 4746 1374 4784 rerum
1417 4729 1719 4784 Ionicarum
1749 4741 1796 4784 et
1832 4731 1975 4782 colc-

403 4818 617 4870 niarurn
639 4821 970 4889 scriptorem,
992 4823 1083 4891 qui
1108 4836 1417 4892 sequuntur,
1447 4824 1588 4875 circa
1617 4827 1772 4874 unius
1793 4838 1976 4889 perpe-

404 4909 488 4958 tui
539 4903 935 4963 Atheniensium
984 4913 1257 4980 principis,
1300 4923 1407 4966 etc.
1467 4913 1652 4966 Satius
1694 4923 1830 4978 erat,
1878 4929 1976 4983 pro

403 4996 664 5050 mendosa
723 4999 931 5053 codicis
965 5001 1137 5057 erci
1195 5005 1429 5058 lectione
1484 5002 1644 5068 TON,
1676 5005 1976 5059 rescribere

405 5089 566 5158 μετὰ,
599 5097 695 5142 aut
743 5090 872 5158 quid
909 5093 1104 5161 simile,
1142 5113 1264 5150 cum
1315 5108 1370 5150 et
1415 5096 1654 5165 Scaliger
1694 5097 1826 5151 illud
1858 5094 1976 5150 Eﬂl

401 5195 464 5234 ex
501 5180 719 5248 ingenio
753 5195 854 5235 suo
891 5184 1122 5236 cuderit.
1165 5186 1336 5242 Porro
1383 5197 1563 5241 autem
1600 5188 1668 5242 de
1697 5187 1974 5257 Archippo

400 5274 476 5328 ita
537 5273 1072 5339 Schurzlleischius,
1121 5277 1458 5350 Archippum
1522 5281 1667 5333 hunc
1748 5279 1973 5334 ‘l‘zetzes

399 5365 825 5432 Grammaticus,
869 5367 934 5421 ad
965 5366 1264 5423 Hesiodum
1303 5373 1728 5442 prolegoorenis,
1751 5372 1974 5440 Ἀρξίπο

397 5474 502 5510 πον
527 5459 760 5515 vocavit.
797 5458 870 5512 Ita
902 5460 1045 5512 enim
1093 5459 1207 5523 ille,
1242 5461 1304 5512 Ol
1331 5461 1454 5530 μὲν,
1481 5463 1679 5533 inquit,
1705 5462 1974 5532 προγενέ-

399 5563 590 5619 στερον
651 5547 791 5605 εἶναι
845 5551 1084 5607 Ἡσίοδον
1125 5551 1370 5622 Ὁμήρου
1410 5553 1888 5624 διισχυριζόμενοι,
1916 5562 1971 5607 ὲν

2085 4375 2203 4413 eam
2268 4358 2631 4428 fecit,quam
2705 4362 3096 4423 Aristarchus,
3130 4372 3193 4415 ut
3251 4361 3396 4415 adeo
3450 4356 3658 4414 Homeri

2084 4467 2257 4506 aevum
2312 4453 2614 4506 secundum
2651 4451 3039 4506 Philochorum
3089 4453 3142 4504 in
3168 4469 3380 4506 annum
3416 4450 3520 4506 l80
3549 4457 3658 4520 post

2082 4551 2293 4612 captam
2327 4541 2546 4626 Troiam
2585 4543 2898 4597 conveniat.
2941 4541 3008 4596 Ut
3040 4543 3340 4600 redeamus
3382 4545 3454 4599 ad
3503 4540 3660 4612 Apol-

2090 4639 2361 4701 lodorum,
2398 4637 2541 4707 quaa'
2571 4653 2635 4691 ex
2668 4653 2733 4692 eo
2781 4637 3046 4692 Tatizrnus
3092 4651 3426 4710 exaggerat,
3457 4650 3510 4694 et
3540 4637 3663 4691 facit

2080 4743 2196 4781 eam
2251 4742 2395 4781 anno
2442 4730 2741 4781 centesimo
2781 4737 2904 4796 post
2964 4725 3196 4782 lonicam
3241 4729 3661 4796 emigrationcm

2081 4805 2429 4886 concurrere,
2467 4821 2653 4872 eadem
2691 4819 2757 4870 ad
2790 4819 2908 4887 ejus
2937 4819 3226 4889 scriptoris
3251 4822 3661 4881 testimonium,

2080 4922 2301 4966 sanctus
2329 4925 2549 4980 quoque
2574 4909 2823 4964 Clemens
2855 4913 3100 4977 apponit,
3156 4912 3578 4979 Ἀπολλόδωρος
3612 4910 3666 4964 δὲ

2081 5002 2222 5071 μετὰ
2251 5001 2345 5072 ἔτη
2374 5001 2568 5053 ἑκατὸν
2604 5001 2704 5069 τῆς
2745 5000 2988 5070 Ἰωνικῆς
3017 5003 3298 5066 ἀποικίας,
3328 5021 3385 5056 κ.
3408 5021 3440 5056 τ
3461 5002 3664 5058 ,λη-λειω

2079 5113 2206 5150 vero
2280 5097 2370 5164 qui
2425 5108 2700 5164 poswemo
2771 5099 2891 5148 loco
2959 5096 3209 5151 laudatur
3268 5098 3667 5162 Archilochus,

2079 5191 2246 5242 :tltlllll
2270 5190 2439 5244 ferme
2463 5189 2640 5243 reddit
2667 5203 2889 5242 sensum
2911 5205 3076 5256 penes
3095 5189 3425 5246 Tatianum.
3448 5193 3669 5261 ’Έτεροι

2077 5277 2130 5327 δὲ
2159 5277 2307 5329 κάτω
2341 5277 2426 5325 ’.ὸν
2454 5275 2647 5344 κρόκον
2675 5275 2993 5344 ὑπήγαγον,
3024 5277 3119 5329 σὺν
3152 5275 3475 5348 Ἀρχιλόχῳ
3507 5295 3665 5348 γεγο-

2074 5372 2222 5422 νέναι
2248 5369 2336 5420 τὸν
2363 5369 2608 5437 Ὅμηρον
2635 5369 2904 5433 εἰπόντες·
2935 5372 2962 5421 ὁ
2991 5369 3046 5421 δὲ
3089 5364 3413 5439 Ἀρχίλοχος
3451 5372 3668 5442 ἤκμασε

2076 5462 2204 5530 περὶ
2249 5461 2558 5532 ὀλυμπιάδα
2615 5464 2814 5535 τρίτην
2845 5462 2939 5513 καὶ
2984 5464 3259 5528 εἰκοστὴν,
3292 5464 3448 5516 κατὰ
3489 5463 3668 5530 Γύγην

2074 5555 2167 5607 ⁸ιὸν
2195 5555 2628 5625 Δυδδν,ὖςτ;ρον
2657 5558 2763 5608 τῶν
2798 5547 3042 5608 Ἰλιακῶν
3068 5555 3211 5607 ἔτεσι
3245 5548 3664 5617 πεντακοσίοις.
