3964 6186
470 183 577 245 845

1736 180 2144 253 VALLARSII
2182 187 2420 250 NOTAE.

3619 182 3728 246 846‘

455 299 565 352 Alii
593 298 662 353 ad
697 300 919 371 inferius
967 308 1170 373 tempus
1221 305 1564 374 descendunt,
1597 322 1878 375 supparem
1935 306 2039 358 Ar-
2070 311 2114 367 Α
2145 304 2557 376 Eurystlrenidm
2624 314 2803 364 erant,
2855 303 2982 356 dicti
3041 311 3172 358 sunt
3203 299 3408 371 Agidaz,
3445 308 3500 355 et
3532 303 3624 369 qui
3654 316 3722 354 ex

452 389 686 446 chtloclto
713 393 875 459 fuisse
926 393 1208 449 Homerum
1258 400 1508 454 dicentes.
1562 399 1907 453 Archilochus
1939 412 2040 448 au-

456 473 559 537 tem
628 486 986 554 ﬂoruitcfrca
1049 493 1346 548 vicesimam
1421 497 1629 549 tertiam
1696 493 2042 562 Olympiadem

454 585 688 644 tempore
712 576 868 649 Gygis
887 579 1059 650 Lydii,
1085 585 1232 637 annis
1256 601 1287 638 a
1314 585 1451 639 bello
1473 585 1704 654 Trojano
1721 582 2042 656 quingentis-

458 667 818 739 llierooymus
851 672 922 726 ita
961 685 1260 744 supputare
1309 677 1386 730 ait
1419 677 1598 745 ipsum
1631 675 2042 735 Archilochum,

456 759 602 828 quod
641 760 752 816 alio
789 762 1009 829 quidem
1055 781 1218 821 sensu
1279 768 1523 823 dicitur:
1565 769 1660 824 sed
1719 778 1773 824 et
1828 766 2036 835 reliqua

455 863 484 903 ο
506 850 720 904 laudato
754 849 966 906 Tatiani
991 861 1137 908 testu
1163 856 1402 911 nonnihil
1427 859 1894 924 abluduntmeque
1911 856 2046 908 adeo

456 941 673 995 videtur
696 943 964 999 Eusebius
992 947 1235 1010 bicsloci,
1284 951 1474 1005 eadem
1512 950 1603 1003 illa
1636 949 1799 1004 verba
1835 947 2045 1002 descri-

461 1033 664 1102 psisse.
694 1034 918 1091 Interim
952 1037 1224 1094 et'Cicero
1259 1041 1618 1097 Tusculanar.
1643 1039 1841 1108 Quaest.
1881 1039 1973 1092 lib.
2007 1051 2045 1097 t,

463 1124 596 1178 init.
642 1141 657 1183 :
713 1124 872 1190 Cum,
911 1125 1288 1198 inquit,-apud
1337 1131 1545 1186 Grecos
1614 1130 2048 1200 antiquissimum

458 1216 529 1267 sit
566 1231 592 1267 e
619 1216 788 1270 doctis
825 1235 986 1287 genus
1009 1229 1326 1288 poetarum;
1373 1224 1632 1293 siquidem
1661 1222 1920 1276 Homerus
1945 1221 2047 1288 fuit

457 1313 508 1358 et
558 1303 815 1360 Hesiodus
845 1320 970 1363 ante
997 1309 1218 1364 Romam
1251 1315 1541 1375 conditam,
1586 1311 1931 1366 Archilochus
1966 1328 2047 1361 νει

457 1409 656 1467 gnante
691 1398 944 1469 Romulo,
971 1417 1074 1458 etc.
1109 1405 1270 1470 Quod
1321 1417 1532 1476 spectat
1562 1405 1805 1461 Latinam
1859 1406 2047 1460 lectio—

460 1498 607 1548 nem,
650 1483 815 1539 habet
857 1486 1100 1557 Scaliger
1128 1528 1144 1553 ,
1172 1489 1279 1544 400
1327 1500 1467 1545 retro
1515 1492 1668 1546 armis
1724 1507 1756 1544 a
1804 1488 2044 1559 Troiana

460 1575 784 1641 captivitate.
841 1575 980 1632 Tum
1024 1576 1256 1634 Palatini
1296 1596 1428 1636 mss.
1467 1619 1483 1646 ,
1518 1582 1870 1636 Archilochus
1907 1581 2045 1633 vice-

2148 396 2356 461 P:ucle,
2389 396 2803 466 Eurypontidae.
2853 393 3122 450 Eusebius
3150 394 3406 460 deinceps
3442 392 3586 446 solos
3616 391 3726 446 Itin-'-

2147 490 2488 560 rystbenidas
2516 491 2690 558 ponit,
2729 503 2853 541 nam
2899 487 3017 556 ejus
3049 486 3252 540 familia
3290 500 3398 554 prze
3425 485 3589 539 altera
3623 484 3726 538 bo—

2145 578 2392 633 noratior
2438 587 2574 642 eral,
2628 575 2773 645 quod
2812 576 2900 630 ille
2959 574 3356 644 pritnogenitus
3406 574 3724 627 baberetur.

2146 669 2346 726 Verum
2412 669 2467 724 in
2529 669 2632 724 hoc
2681 670 2799 739 ipso
2865 670 3148 738 preposito
3181 681 3435 734 peccans,
3488 666 3623 718 dure
3661 666 3728 715 ab

2148 761 2430 833 Scaligero
2455 762 2695 830 vapulat,
2723 761 2868 829 quod
2899 774 3094 812 novem
3131 765 3340 810 tantum
3371 755 3729 826 Eurystheni-

2145 853 2268 918 das,
2305 851 2532 922 reliquis
2559 866 2624 905 ex
2656 854 2846 904 eadem
2892 849 3098 903 familia
3150 849 3390 910 omissis.
3423 856 3727 909 recenseat,

2146 957 2399 1006 aoporro
2459 947 2583 1011 post
2638 955 2840 993 nonum
2891 953 3073 1006 regem
3129 939 3424 999 tuonuerit,
3489 952 3719 1006 regnum

2147 1031 2558 1088 Lacedaemonis
2587 1029 2875 1086 defecisse.
2908 1029 3078 1095 Quam
3100 1030 3316 1098 quidem
3341 1028 3552 1097 culpam
3587 1029 3731 1082 haud

2148 1125 2266 1178 scio
2296 1126 2458 1194 quam
2495 1125 2633 1178 bene
2667 1137 2924 1177 amovere
2963 1121 3030 1175 ab
3074 1121 3308 1175 Eusebio
3348 1121 3572 1184 possim,
3607 1135 3732 1173 cunt
3783 1175 3790 1180 ,

2149 1217 2442 1270 manifesto
2469 1222 2685 1270 constet
2706 1229 2772 1269 ex
2803 1213 3090 1286 Anonymo
3120 1214 3186 1270 de
3222 1213 3353 1283 Reg.
3401 1213 3731 1274 Lacedaun"

2147 1307 2438 1368 Pausania,
2471 1314 2634 1374 alatne
2665 1307 2806 1368 aliis,
2830 1307 3132 1371 Alcameni,
3173 1309 3264 1375 qui
3298 1321 3477 1359 nonus
3504 1303 3738 1358 Eusebio

2153 1414 2243 1453 rex
2274 1406 2378 1462 est,
2402 1396 2569 1450 lilium
2589 1396 2918 1466 Polydorum
2948 1396 3439 1459 sttccessisse,buie
3470 1396 3738 1463 Enrycraa

2152 1497 2263 1541 tum
2281 1487 2529 1557 Polydori
2549 1486 2911 1555 ﬁlium,atque
2930 1487 3001 1540 ita
3017 1485 3274 1553 deinceps
3295 1500 3492 1554 magno
3510 1500 3738 1541 numero

2151 1581 2290 1634 alios
2319 1594 2386 1633 ex
2421 1581 2611 1634 eadem
2641 1579 2902 1632 continuo
2925 1577 3134 1630 lamilia
3166 1591 3231 1632 ac
3252 1576 3444 1646 stirpe.
3487 1576 3738 1631 Dicemus

453 1670 599 1722 sima
659 1670 813 1723 tertia
877 1670 1200 1741 Olympiade,
1227 1681 1276 1725 et
1330 1673 1810 1744 quingentesimum
1864 1671 2038 1740 Troia:
2077 1648 2131 1708 Β·
2152 1681 2330 1727 tamen
2357 1686 2420 1727 ea
2443 1671 2511 1726 de
2542 1687 2601 1726 re
2625 1669 2876 1733 inferius,
2903 1684 3028 1723 cum
3055 1669 3121 1722 ad
3144 1685 3268 1722 eum
3303 1669 3480 1750 locum
3513 1681 3736 1721 ventum

463 1758 921 1814 eversionis-ann.
980 1768 1253 1830 supputet.
1297 1762 1416 1828 Quo
1473 1762 1593 1818 loco
1647 1762 1906 1820 fortasse.
1961 1759 2041 1814 ait

462 1848 984 1913 Schurzﬂeiscbius.
1009 1852 1214 1907 excidit
1244 1867 1366 1922 pOSl
1397 1867 1584 1907 vocent
1617 1853 1936 1923 olympiade,
1958 1859 2038 1910 vel

462 1939 712 2007 afﬁrmat,
743 1939 825 1993 vel
852 1939 1033 1994 simile
1060 1941 1310 2004 verbum,
1350 1943 1434 1995 vel
1470 1942 1762 2010 legendum
1793 1956 1900 2011 est,
1935 1948 2042 1998 cir-

451 2028 1105 2098 citerqttingentesimum,
1130 2038 1295 2099 prout
1316 2029 1370 2084 in
1395 2028 1587 2086 Graeco
1615 2041 1761 2086 testu
1779 2041 1881 2099 est,
1909 2036 2048 2103 μετὰ

464 2118 562 2184 ἔτη
591 2114 643 2186 φ’
672 2134 776 2172 που
805 2121 905 2190 τῆς
937 2117 1218 2182 ἁλώσεως.
1255 2119 1369 2190 Ego
1399 2131 1612 2175 sextum
1645 2122 1717 2177 ibi
1754 2137 1850 2192 pro
1880 2139 2044 2179 accu-

457 2211 623 2264 sandi
687 2225 839 2276 casu,
900 2213 995 2281 qui
1049 2220 1294 2266 veterum
1366 2213 1714 2270 librariorum
1787 2219 2051 2272 solemnis

469 2313 629 2351 error
681 2307 788 2364 est,
862 2302 1104 2369 positum
1166 2302 1352 2356 malim
1398 2303 1734 2359 existimare.
1785 2303 2051 2360 Ceterum

457 2390 536 2441 de
571 2385 789 2443 Homeri
838 2399 999 2446 actate
1052 2402 1304 2470 poterant
1345 2394 1520 2448 multo
1573 2393 1758 2462 plures
1797 2395 2056 2466 antiquo-

469 2496 588 2534 rum
622 2479 912 2549 opiniones
940 2485 1220 2538 recenseri
1253 2499 1267 2537 :
1302 2495 1356 2538 et
1387 2483 1644 2540 Clemens
1675 2486 1894 2557 quidem
1917 2488 2057 2542 alio-

460 2587 589 2626 τιιιιι
651 2580 848 2641 praeter
909 2573 1161 2629 laudatos
1199 2583 1484 2629 auctorum
1539 2576 1686 2632 inter
1719 2593 1779 2633 se
1811 2581 2060 2636 diter-sas

469 2665 770 2720 sententias
793 2665 1032 2737 collegit,
1055 2667 1418 2737 exposuitque
1449 2667 1714 2726 Stromat.
1751 2689 1786 2726 t.
1823 2671 2062 2728 Seborz‘

465 2756 754 2812 ﬂeischius
806 2757 990 2812 laudat
1043 2757 1302 2824 Plinium,
1368 2761 1464 2832 qui
1501 2762 1598 2817 lib.
1631 2778 1701 2818 vu
1752 2763 1892 2820 Hist.
1934 2765 2063 2820 Nat.

469 2861 600 2904 ante
631 2864 806 2904 annos
829 2865 1000 2921 prope
1028 2852 1177 2906 mille
1235 2852 1529 2908 Homerum
1558 2855 1815 2912 floruisse
1845 2858 2015 2914 voluit
2044 2877 2059 2914 :

473 2951 535 2994 ut
556 2957 680 2995 cum
717 2941 807 2996 ille
837 2957 983 2996 anno
1020 2941 1126 2998 Titi
1172 2944 1350 3012 primo
1385 2945 1670 3001 historiam
1728 2963 1881 3003 suam
1928 2951 2070 3005 scri-

467 3031 670 3097 pserit,
705 3030 776 3084 ab
809 3045 876 3085 eo
901 3039 1048 3085 retro
1072 3047 1332 3086 numeres
1368 3047 1546 3088 annos
1576 3034 1746 3101 mille,
1772 3037 1835 3089 ad
1873 3053 2066 3092 inunc-

473 3139 592 3174 rum
629 3122 1100 3176 Abrahatniticum
1137 3122 1278 3177 1185
1328 3122 1550 3178 Homeri
1604 3134 1737 3180 tetas
1795 3127 1866 3180 sit
1919 3127 2064 3183 refe-

464 3212 668 3267 renda.
689 3211 799 3266 Nos
817 3222 882 3267 ut
937 3213 1054 3267 haec
1083 3213 1247 3282 idque
1276 3227 1448 3282 genus
1469 3213 1573 3268 alia
1591 3214 1754 3270 missa
1781 3213 2067 3285 faciamus,

476 3324 658 3376 Operae
692 3317 872 3361 tamen
908 3305 1142 3374 pretium
1178 3305 1293 3361 fore
1323 3307 1596 3362 sentimus
1640 3321 1704 3361 ea
1747 3310 2061 3374 consulere,

475 3420 594 3475 quae
631 3403 975 3460 Marshamus
1003 3402 1072 3457 ad
1104 3402 1364 3458 saeculum
1390 3417 1480 3467 xv,
1505 3413 1561 3457 et
1590 3419 1712 3473 qua:
1743 3405 2070 3462 Dodwellius

471 3500 698 3552 dissert.
732 3512 813 3563 ut,
860 3495 930 3552 de
968 3495 1224 3549 Veterum
1283 3495 1598 3551 Griecorutn
1652 3497 2066 3554 Rornanorum-

473 3605 583 3659 que
613 3589 792 3661 Cyclis
816 3605 844 3642 a
877 3605 1000 3659 pag.
1024 3589 1131 3642 155
1159 3587 1224 3642 ad
1253 3588 1355 3643 160
1378 3589 1712 3646 observavit.

548 3683 669 3736 Col.
705 3681 831 3735 325.
875 3681 1153 3751 Dercylus.
1207 3681 1386 3737 Minus
1412 3691 1558 3736 recte
1599 3682 1728 3737 editi
1760 3689 1918 3736 antea
1944 3682 2066 3737 libri

476 3775 770 3829 Dercilium
807 3777 949 3829 hunc
1005 3784 1204 3830 vocant
1230 3790 1326 3844 per
1360 3776 1400 3829 i.
1427 3773 1681 3830 Nostram
1733 3777 2062 3846 scripturam

475 3869 658 3936 .primo
693 3866 1005 3920 Parmensis
1031 3881 1160 3932 ms.,
1187 3875 1299 3919 tum
1330 3865 1469 3920 alius
1486 3867 1903 3934 antiquissimus
1921 3866 2063 3938 apud

483 3959 1028 4020 Seburzﬂeiscbium,
1053 3965 1107 4011 et
1139 3957 1478 4025 Jornandes,
1516 3957 1820 4026 deniqueet
1843 3957 2066 4014 Graecus

484 4060 664 4104 textus
694 4048 998 4120 probat.~S.
1022 4049 1360 4120 Augustinus
1389 4050 1464 4104 De
1480 4050 1626 4104 civit.
1664 4050 1754 4104 Dei
1787 4049 1880 4105 lib.
1909 4065 2064 4116 xvm,

485 4143 842 4210 c:tp.i9,qu0d
864 4153 919 4196 et
943 4141 1220 4212 Scaligero
1235 4143 1582 4196 observatum
1611 4140 1925 4206 es-t,0neum
1941 4157 2066 4196 eum

484 4235 876 4294 dicit,fortasse
891 4234 1034 4312 quod
1053 4233 1160 4288 hoc
1191 4233 1352 4287 fuerit
1380 4233 1587 4301 Dercyli
1620 4244 2064 4301 ceguotneutum.

2148 1767 2304 1830 erit;
2350 1773 2408 1819 ut
2455 1764 2500 1818 si
2561 1762 2696 1816 nihil
2728 1763 2898 1826 aiiud,
2954 1761 3147 1814 melius
3200 1769 3347 1814 certe
3399 1770 3738 1826 perspectam
3823 1774 3829 1786 '

2153 1853 2453 1907 habeamus
2484 1864 2724 1906 mentem
2774 1851 3017 1906 auctoris
3049 1851 3247 1913 uestri,
3277 1865 3386 1918 quo
3409 1865 3570 1905 nemo
3601 1850 3740 1907 forte

2154 1945 2466 1999 Graecorum
2483 1959 2668 2013 regum
2691 1943 3186 2011 acmagistratuum
3201 1943 3399 1996 seriem
3417 1950 3742 2010 persecutus

2155 2045 2240 2094 est
2294 2035 2649 2106 dilégentius.
2712 2035 2933 2090 Interim
2967 2045 3052 2090 est
3107 2035 3234 2090 illud
3270 2036 3744 2090 animadversione

2157 2130 2402 2200 dignum,
2441 2133 2588 2201 quod
2626 2130 2804 2200 primo
2870 2129 2998 2185 huic
3050 2130 3162 2197 regi
3227 2129 3534 2199 Eurystheo
3570 2147 3744 2183 annos

2160 2230 2372 2275 tantum
2399 2220 2469 2275 43
2502 2223 2747 2290 assignat
2772 2219 3065 2286 Eusebius,
3093 2237 3216 2275 cum
3249 2222 3338 2276 alii
3367 2238 3491 2276 eum
3521 2224 3744 2276 tradant

2162 2313 2297 2369 tutis
2357 2313 2428 2368 46
2471 2330 2750 2384 regnasse.
2819 2314 3030 2370 Videsis
3081 2314 3360 2369 Petavium
3416 2314 3509 2368 lib.
3541 2329 3638 2367 xm
3678 2315 3746 2368 de

2164 2403 2416 2458 Doctrina
2447 2414 2778 2474 temporum.
2809 2406 2982 2461 Porro
3006 2406 3151 2475 quod
3177 2421 3289 2461 rem
3313 2406 3480 2460 ferme
3499 2407 3745 2460 eamdem

2167 2495 2523 2563 subsequenti
2558 2497 2813 2566 pericOpa
2853 2495 2922 2551 de
2957 2495 3234 2565 Spartano
3269 2511 3438 2566 regno
3459 2498 3526 2550 ab
3555 2495 3735 2567 Eury-

2170 2585 2333 2640 Stheo
2371 2593 2425 2641 et
2452 2587 2640 2642 Procle
2671 2594 2940 2657 occupato
3006 2589 3165 2643 annis
3195 2590 3394 2644 abhinc
3420 2601 3543 2642 octo
3565 2587 3746 2642 Eusc-

2168 2675 2294 2732 bius
2325 2675 2514 2743 tradit,
2542 2677 2699 2748 juxta
2754 2677 2989 2733 aliorum
3027 2681 3327 2734 sententias
3359 2677 3508 2740 facit,
3545 2679 3738 2732 eadem

2171 2768 2406 2824 diversis
2435 2769 2569 2825 locis
2599 2771 2891 2839 replicans.
2925 2781 3085 2840 prout
3120 2771 3265 2841 apud
3309 2781 3560 2826 auctores
3598 2788 3754 2842 repec

2173 2859 2266 2925 rit,
2288 2864 2432 2929 quod
2473 2876 2616 2930 szepe
2648 2863 2781 2917 alias
2800 2871 3046 2916 notatum
3081 2873 3185 2920 εει.

2241 2952 2362 3007 .Col.
2387 2952 2513 3008 3‘27.
2537 2953 3004 3024 -Iones...profugi.
3021 2953 3275 3024 Scaliger
3292 2965 3419 3009 ante
3443 2965 3552 3011 tres
3579 2973 3756 3014 annos

2175 3045 2408 3100 Ionicam
2452 3046 2835 3116 migrationem
2905 3048 3051 3102 hanc
3094 3048 3320 3116 posuit:
3359 3053 3501 3102 mss.
3571 3060 3754 3104 autem

2171 3136 2410 3198 codices,
2459 3145 2600 3192 teste
2653 3135 3135 3206 Sebtirzlleisc'hio,
3191 3149 3246 3193 et
3284 3138 3538 3194 Siehardi
3591 3143 3758 3198 editio

2172 3231 2520 3285 antecedenti
2557 3229 2804 3298 proxime
2849 3245 3014 3295 anno,
3046 3231 3138 3300 qui
3189 3241 3272 3286 est
3308 3232 3755 3288 Abrahamiticus

2170 3318 2298 3374 9l9.
2333 3320 2646 3374 Parmensis
2676 3336 2797 3373 cum
2832 3318 3164 3383 Pontacena,
3191 3330 3358 3389 atque
3403 3323 3536 3376 adeo
3569 3332 3756 3377 nostra

2169 3413 2282 3480 jazn
2353 3411 2673 3464 recensione
2729 3410 2878 3464 facit.
2924 3410 3068 3464 Idem
3114 3410 3281 3479 porr'o
3339 3411 3586 3482 Scaliger
3645 3418 3761 3467 hau:

2185 3499 2482 3567 contigisse
2508 3499 2610 3552 sub
2643 3499 2935 3566 Melantho,
2968 3516 3074 3555 non
3104 3502 3208 3555 sub
3227 3501 3437 3568 Codro,
3475 3505 3758 3559 contendit

2169 3601 2236 3642 ex
2279 3585 2551 3641 Pausania
2579 3588 2633 3641 in
2669 3588 2925 3641 Achaicis
2964 3610 2978 3645 :
3024 3599 3362 3660 accusatque
3413 3594 3550 3646 adeo
3584 3593 3759 3649 Euse-

2172 3679 2320 3734 bium
2346 3680 2413 3733 de
2431 3682 2916 3735 ntetacbronismo.
2936 3681 3231 3737 Tueturex
3257 3685 3488 3741 adverso
3515 3686 3758 3740 Sebma-

2171 3772 2446 3827 lleiscbius
2480 3789 2492 3824 ε
2535 3773 2611 3826 Ac
2681 3773 2986 3837 sciendum,
3019 3774 3218 3842 inquit,
3252 3784 3370 3829 erat
3402 3787 3522 3843 post
3551 3777 3759 3830 Melan-

2173 3866 2251 3920 thi
2309 3874 2561 3928 mortem,
2598 3864 2760 3921 Codri
2816 3874 3095 3935 tempore,
3154 3865 3470 3923 Heraclides
3558 3869 3756 3922 bellant

2169 3955 2352 4010 denuo
2386 3955 2578 4010 Atticas
2615 3958 2868 4022 movisse,
2923 3955 3303 4027 Megaricaque
3358 3957 3564 4012 ditione
3593 3975 3760 4011 occu-

2174 4059 2324 4118 pata,
2349 4049 2569 4114 incolas
2609 4064 2675 4105 ex
2726 4049 2945 4103 lonibus
3010 4048 3180 4105 bores
3203 4051 3419 4105 fecisse.
3452 4050 3760 4118 Probatque

2171 4141 2227 4196 id
2273 4156 2340 4194 ex
2402 4141 2674 4195 Strabone
2707 4141 2802 4196 lib.
2857 4157 2932 4207 ts,
2983 4157 3105 4212 pag.
3147 4143 3298 4196 395:
3341 4143 3473 4196 Cum
3511 4144 3759 4196 exsulum

2179 4231 2483 4301 frequentia
2513 4232 2734 4300 faceret,
2763 4241 2819 4284 ut
2863 4233 3018 4300 copia
3051 4234 3286 4285 virorum
3313 4234 3524 4301 ﬂoreret
3559 4235 3764 4306 Attica,

553 4323 1052 4396 ‘lbid.Eurystlteus.
1093 4325 1250 4388 Aliis,
1280 4333 1332 4378 et
1391 4325 1783 4379 vetustioribus
1836 4326 2058 4394 quidem
2097 4338 2139 4394 ο
2173 4331 2458 4377 metuentes
2497 4323 2594 4377 sibi
2623 4321 2942 4386 Heraclidae,
2998 4324 3368 4393 instigantibus
3423 4340 3510 4377 eos
3536 4327 3765 4376 maxime

489 4419 817 4472 auctoribus
865 4416 1070 4474 Graecis
1119 4419 1211 4474 hic
1262 4415 1640 4488 Εὐρυσθένης,
1694 4416 2070 4488 Eurysthenes,

490 4512 814 4580 appellatur.
863 4506 1020 4577 Quod
1075 4511 1283 4580 primus
1314 4524 1502 4564 eorum
1562 4511 1852 4574 asseritur,
1889 4511 1982 4580 qui
2019 4511 2073 4564 in

491 4601 883 4657 Lacedmmmie
946 4611 1340 4672 regnaverunt,
1383 4616 1522 4655 'cntn
1584 4602 1836 4656 undetim
1891 4611 2072 4656 tamen

493 4710 647 4761 reges
683 4695 1066 4760 praecesserint
1133 4707 1162 4744 a
1196 4690 1587 4745 Lacedmmone
1615 4693 1678 4744 ad
1704 4689 2081 4756 Tisamcnum,

493 4802 553 4837 ea
610 4799 776 4837 causa
804 4795 910 4849 est,
949 4784 1092 4851 quod
1124 4783 1396 4836 Eusebius
1425 4784 1493 4835 ab
1522 4783 1827 4852 Heraclidis
1861 4785 2081 4837 exordi-

490 4886 602 4940 tur,
634 4877 724 4944 qui
759 4873 1106 4931 Tisamenum
1153 4874 1362 4945 ejecere
1410 4888 1554 4928 anno
1591 4875 1744 4945 regni
1813 4875 1995 4936 tertio,
2024 4885 2086 4928 ut

499 4967 732 5023 Velleius
765 4969 856 5023 lib.
897 4985 911 5022 ι
945 4967 1130 5033 tradit,
1164 4967 1245 5020 vel
1296 4965 1532 5030 decimo,
1559 4975 1618 5021 ut
1660 4975 1843 5021 noster
1873 4966 2083 5020 maluit.

498 5060 660 5114 Pulso
690 5069 870 5114 autem
901 5059 1212 5121 Tisatueno,
1233 5073 1454 5127 reg-num
1486 5055 1818 5112 Laconicum
1843 5057 2087 5112 Heracli-

495 5155 579 5206 dis
601 5168 664 5206 ex
705 5152 905 5206 familia
937 5152 1467 5222 Eurysthenidarum
1516 5151 1632 5205 sive
1665 5150 1967 5221 Agidarum
1993 5152 2089 5204 ob-

501 5245 642 5312 tigit.
671 5244 745 5296 Ac
775 5243 951 5312 ptimo
979 5243 1190 5297 duobus
1212 5242 1538 5296 Aristodemi
1561 5240 1712 5304 filiis,
1757 5239 2087 5313 Eurystheni

495 5339 608 5392 sive
624 5335 950 5406 Eurystheo,
973 5343 1028 5389 et
1048 5335 1222 5388 Procli
1248 5353 1261 5388 :
1287 5334 1516 5403 dua-que
1539 5334 1664 5388 inde
1680 5335 1822 5405 apud
1842 5333 2090 5404 Spartam

498 5429 715 5482 lautitia:
741 5444 770 5482 e
797 5427 994 5496 quibus
1023 5425 1132 5478 duo
1159 5426 1323 5480 simul
1359 5439 1536 5494 reges.
1567 5425 1746 5493 Atque
1783 5424 1838 5477 bi
1869 5425 2089 5493 quidem

499 5518 940 5589 Eurystheuidtﬁ,
1003 5518 1040 5572 ii
1090 5531 1220 5572 vero
1269 5514 1539 5569 Proclidte
1575 5516 1834 5586 appellati
1882 5516 2093 5585 :paulo

503 5625 683 5664 suum
739 5617 880 5678 post,
935 5619 1167 5680 utroque
1228 5616 1475 5680 mulato_
1510 5607 1755 5670 nomine,
1810 5607 1902 5677 qui
1937 5609 2090 5678 prius

2179 4410 2469 4469 Corinthiis
2505 4423 2554 4467 et
2589 4412 2884 4478 Messeniis,
2913 4413 3024 4469 illis
3050 4415 3473 4481 ob‘vicittilatem,
3506 4415 3586 4466 Itis
3624 4414 3763 4480 quod

2175 4520 2300 4559 cum
2358 4505 2560 4560 Codrus
2608 4504 2861 4560 Melanthi
2888 4505 3032 4574 ﬁlius
3076 4523 3296 4578 regnum
3331 4506 3779 4565 Attica-tenebat,

2185 4599 2372 4652 bellum
2396 4599 2582 4652 Attica:
2602 4597 2892 4652 intulerunt
2912 4615 2930 4663 ;
2953 4599 3181 4666 victique
3199 4601 3403 4666 pretio,
3425 4609 3472 4653 et
3492 4614 3558 4652 ea:
3589 4589 3778 4652 Attiral

2184 4693 2477 4760 proﬂigati,
2497 4688 2824 4759 Megarica-ns
2848 4701 3024 4743 tamen
3042 4701 3442 4761 occupaverunt,
3464 4703 3511 4744 et
3535 4690 3765 4760 Megaris

2167 4784 2315 4862 .urbe
2335 4784 2568 4842 condita,
2607 4782 2808 4836 incolas
2828 4799 2892 4836 ex
2910 4783 3123 4838 'Iouibus
3140 4784 3375 4853 fecerunt
3405 4783 3699 4838 Dorienses.

2265 4874 2396 4928 Ibid.
2427 4873 2615 4926 Aletes.
2647 4873 2702 4926 In
2727 4875 2903 4943 primo
2925 4873 3172 4928 Palatino
3206 4888 3332 4936 ms.,
3363 4877 3537 4929 Aletes
3563 4878 3762 4942 primus

2187 4980 2282 5018 rea:
2309 4967 2540 5034 regnavit
2558 4965 2614 5018 in
2636 4963 2909 5028 Corintho,
2927 4974 3032 5019 etc.
3053 4964 3187 5020 Vide
3206 4967 3429 5019 omnino
3445 4967 3767 5020 Pausanatn

2191 5061 2243 5111 iu
2276 5059 2610 5112 Corintltiac.
2653 5074 2774 5128 cap.
2810 5058 2864 5122 4,
2922 5067 2976 5112 et
3005 5059 3234 5114 'l‘indari
3283 5059 3645 5115 Scholiastem
3703 5061 3769 5114 ad

2195 5150 2352 5205 Netn.
2381 5167 2474 5218 vn,
2502 5151 2785 5205 historiam
2817 5151 3026 5218 plenius
3064 5163 3408 5207 euarrantes.
3436 5151 3668 5216 Quidam
3701 5164 3766 5205 ex

2199 5247 2435 5302 Diodoro
2461 5245 2645 5300 Siculo
2679 5245 2924 5299 tribuunt
2950 5246 3026 5299 illi
3061 5247 3207 5315 regni
3233 5247 3336 5314 λη’,
3357 5245 3445 5306 ‘58,
3483 5229 3767 5312 facile'puo

2194 5337 2543 5403 ls'Ensebii.
2575 5334 2838 5406 Scaligeri
2884 5337 3246 5392 certissimam
3283 5336 3655 5404 conjecruram
3693 5338 3759 5389 ad

2200 5429 2384 5483 Velleii
2433 5427 2702 5482 Paterculi
2739 5427 2832 5483 lib.
2879 5444 2916 5492 ι,
2973 5443 3094 5496 cap.
3119 5429 3173 5492 '5,
3206 5428 3411 5488 locum,
3460 5427 3548 5480 ubi
3597 5429 3770 5481 Aletes

2195 5530 2370 5572 sextus
2410 5521 2473 5572 ab
2521 5509 2741 5574 Hercule
2798 5521 3019 5584 dicitur,
3069 5536 3168 5590 pro
3226 5521 3461 5590 quintus,
3521 5517 3765 5590 Lipsius,

2199 5611 2526 5679 SlllSUllllIS,
2549 5623 2713 5681 atque
2747 5613 2834 5667 alii
2874 5613 3124 5680 probant.
