3932 6188
266 157 322 221 ’⁷8
332 157 392 222 Π

1549 155 1960 222 VALLARSH
2005 152 2242 220 ΝΟΤᾸΞ.

3395 156 3486 221 848

355 272 474 328 Col.
511 271 638 328 527.
690 273 1089 329 Heraclidarum
1113 273 1409 327 descensus.
1446 271 1642 330 Recole
1661 289 1780 342 quae
1802 273 1869 328 de
1897 289 1939 346 Α
1975 272 2294 328 Perizonius
2325 272 2390 326 ad
2423 269 2698 326 Elianum
2734 270 2826 326 lib.
2881 285 2909 323 v
2958 267 3082 325 Var.
3126 267 3260 326 llist.
3307 283 3485 338 monet,

295 362 1022 420 lletaclitlarnmdescensus
1071 364 1278 434 eporha
1303 363 1551 433 superius
1577 363 1642 416 ad
1705 379 1853 418 num.

289 455 394 510 8ὕο
421 465 582 524 atque
613 458 740 511 alibi
777 459 1037 514 diximus.

361 548 495 600 Ibid.
535 546 788 602 Incursus
819 550 870 601 in
919 549 1127 603 Asiam.
1169 547 1287 602 Non
1322 549 1534 604 videtur
1566 549 1666 604 iste
1709 549 1852 602 Cim-

291 641 586 692 nn-riorum
617 641 868 693 incursus
895 655 958 694 ex
997 641 1062 694 iis
1097 656 1240 706 esse,
1267 657 1406 712 quos
1437 651 1701 695 memorat
1737 643 1856 694 lau-

289 733 446 783 datus
477 733 636 784 etiam
666 730 939 801 Scaligero
969 733 1277 802 StraboJih.
1303 749 1342 798 ι,
1381 749 1503 803 pag.
1533 735 1637 788 57:
1663 732 1858 786 Ἶινίκα

289 824 463 876 Μίδαν
485 823 680 890 αἵματι
706 824 910 894 ταύρου
955 826 1149 877 πιόντα
1197 827 1362 893 φασὶν
1399 826 1656 880 ἀπελθεῖν
1687 827 1764 888 εἰς
1796 827 1856 876 τδ

289 915 498 983 χρεώνε
533 931 634 983 quo
676 926 905 984 tempore
941 916 1138 982 Midas,
1170 917 1361 971 hausto
1398 919 1540 971 tauri
1569 918 1851 986 sanguine,

289 1004 564 1056 occubuit:
621 1007 777 1058 aliter
832 1015 950 1060 erat
1010 1006 1114 1060 hoc
1175 1017 1386 1073 gestum
1449 1005 1852 1076 conjiciendum

289 1097 456 1147 multo
483 1106 602 1163 post
629 1097 680 1149 iu
712 1112 913 1150 annum
949 1098 1102 1159 l5l9.
1141 1099 1226 1152 cui
1257 1107 1309 1152 et
1341 1112 1489 1152 mors
1511 1097 1664 1152 Midae
1683 1096 1855 1150 ascri-

289 1188 452 1241 bitur.
483 1187 695 1252 Saepius
730 1199 910 1242 autem
937 1188 1260 1243 Cimmerios
1288 1173 1632 1243 incursiones
1660 1189 1856 1244 iecisse

286 1279 338 1332 in
369 1281 580 1341 Asiam,
615 1280 753 1333 idem
787 1281 902 1349 ipse
944 1281 1140 1335 Strabo
1172 1289 1438 1346 testatur,
1470 1290 1524 1337 et
1557 1296 1700 1335 nunc
1733 1282 1854 1350 qni-

285 1372 407 1425 dem
445 1374 497 1426 in
529 1373 597 1425 τὰ
635 1372 784 1436 δεξιὰ
819 1375 962 1442 μέρη
1012 1371 1108 1425 τοῦ
1159 1375 1360 1427 Πόντου
1382 1414 1398 1440 ,
1434 1371 1626 1428 καὶτὰ
1656 1371 1854 1441 συνεχῆ

284 1464 495 1526 αὐτοῖς,
525 1464 656 1516 ποτὲ
691 1465 791 1532 μὲν
813 1465 907 1517 ἐπὶ
931 1465 1316 1533 Παφλαγόνας,
1349 1465 1480 1518 ποτὲ
1509 1465 1564 1517 δὲ
1587 1464 1682 1516 καὶ
1709 1464 1852 1532 Φρύ-

289 1573 408 1623 γας,
448 1564 595 1622 etc.,
644 1558 698 1609 in
727 1555 971 1611 dextram
1022 1555 1177 1609 Ponti
1205 1564 1432 1624 partem,
1476 1565 1525 1609 et
1563 1556 1678 1608 loca
1725 1571 1848 1608 con-

1961 365 2102 433 quod
2137 365 2280 420 inter
2307 379 2461 434 reges
2501 374 2552 416 et
2583 372 2876 432 perpetuos
2897 363 3184 418 srchontes
3211 379 3310 418 non
3337 381 3489 434 usque
3558 390 3589 412 ς

1961 457 2097 510 adeo
2124 471 2380 526 magnum
2415 456 2709 510 discrimen
2745 454 3117 517 intercederet.

2027 548 2144 604 Col.
2185 549 2312 604 529.
2370 547 2620 618 Enpales.
2677 545 2918 617 Scaliger
2969 545 3020 598 in
3053 545 3248 601 Graecis
3277 546 3490 603 Africani

1958 641 2085 711 legit
2125 640 2454 711 Εὐπάκμης.

2027 733 2146 788 Col.
2179 733 2305 788 527.
2361 731 2803 800 Peloponnenses.
2851 730 2999 786 Idem
3018 739 3177 800 atque
3203 729 3323 784 illud
3365 732 3492 800 quod

1959 826 2122 894 paulo
2148 825 2406 889 superius
2441 827 2506 879 ad
2543 838 2830 878 numerum
2870 822 2975 877 957
3009 833 3215 892 gestum
3245 837 3308 877 eo
3331 824 3469 877 divcr

1958 929 2140 967 soruiu
2174 913 2409 970 refertur
2438 912 2730 968 sententia.
2765 911 3007 982 Scaliger
3056 910 3265 965 tametsi
3297 911 3374 965 bis
3409 913 3488 964 ba-

1957 1003 2180 1060 beretur
2212 1005 2266 1058 in
2305 1003 2387 1059 bis
2420 1004 2610 1066 etiam,
2660 1002 2860 1072 quibus
2891 1003 3007 1070 ipse
3060 1002 3308 1055 utebatur
3357 1017 3497 1066 mss.,

1959 1097 2143 1164 priore
2174 1095 2295 1150 loco
2322 1095 2854 1164 penitusexpunxit,
2889 1107 2953 1146 ac
3000 1093 3187 1158 semel,
3236 1108 3327 1161 pro
3366 1094 3499 1146 arbi-

1956 1196 2099 1241 tratu
2135 1202 2257 1251 suo,
2316 1187 2501 1257 posuit
2531 1186 2599 1241 ad
2648 1201 2868 1240 numer.
2923 1184 3048 1247 946,
3102 1185 3344 1254 proxime
3387 1196 3500 1239 ante

1953 1277 2113 1333 Codri
2145 1290 2402 1334 mortem:
2447 1293 2626 1346 neque
2653 1278 2798 1334 enim
2847 1277 2992 1332 aliud
3033 1275 3502 1346 Peloponnensium

1921 1393 1925 1396 ·
1957 1371 2010 1426 in
2041 1372 2404 1428 Athenienses
2436 1372 2641 1427 bellum
2671 1371 2829 1425 innui
2860 1369 3048 1436 sentit,
3079 1385 3243 1439 quam
3277 1369 3422 1433 illud,
3451 1371 3502 1424 iu

1954 1478 2064 1532 quo
2085 1463 2298 1519 Codrus
2360 1465 2597 1518 animam
2640 1477 2795 1517 suam
2823 1462 3069 1517 hostibus
3096 1461 3387 1516 devotavit.
3416 1462 3503 1514 At-

1953 1571 2060 1626 que
2097 1556 2314 1610 esthoc
2361 1555 2582 1623 quidem
2634 1555 3143 1609 verosimillimum:
3199 1552 3292 1608 sed
3340 1553 3506 1606 nullus

282 1650 428 1716 tigna
455 1689 468 1712 ,
519 1649 672 1731 modo
729 1649 786 1700 in
839 1647 1300 1718 Paphlagoniam,
1366 1648 1506 1702 alias
1583 1649 1636 1700 in
1687 1647 1854 1718 Phry-
1885 1646 1928 1704 Β
1968 1658 2144 1702 tamen
2174 1659 2258 1703 est
2288 1657 2442 1702 vetus
2473 1647 2608 1701 liber
2631 1684 2647 1709 ,
2678 1649 2838 1714 cuius
2872 1646 2973 1702 lidc
3017 1645 3278 1715 Scaligeri
3310 1645 3395 1697 illa
3428 1659 3505 1698 re-

275 1755 442 1808 giam,
471 1750 577 1791 etc.
857 1788 859 1792 .

349 1828 470 1883 Col.
503 1827 633 1882 329.
665 1828 1002 1881 Hebrworum
1032 1827 1264 1897 pontifex
1324 1826 1599 1881 Abiathar.
1634 1825 1776 1892 "3:0,
1801 1835 1856 1880 et

279 1933 401 1984 qua:
432 1918 783 1983 subsequitur
813 1918 1066 1986 pericopa
1118 1919 1278 1986 paulo
1313 1927 1459 1986 post,
1503 1919 1570 1971 ad
1601 1918 1852 1972 eumdem

280 2023 568 2062 numerum
613 2009 716 2064 947
749 2010 984 2063 refertur
1026 2008 1306 2078 Scaligero
1355 2018 1546 2064 contra
1608 2019 1851 2064 Veterum

275 2101 540 2154 libroruin
570 2100 751 2155 ﬁdem.
777 2099 936 2154 Certe
962 2101 1258 2169 prophetas
1282 2100 1420 2163 Gud,
1448 2098 1694 2167 Nathan,
1717 2109 1851 2164 etc.,

277 2192 446 2244 etiam
523 2193 732 2257 primus
783 2192 1012 2247 Palatin.
1069 2200 1123 2247 et
1177 2189 1428 2247 Sichardi
1461 2192 1663 2255 editio,
1713 2200 1853 2245 teste

275 2282 634 2336 Schurzﬂeisi
657 2285 744 2335 hi0
769 2322 784 2345 ,
827 2298 1060 2336 numero
1094 2283 1162 2337 10
1189 2283 1445 2349 Hebraeo,
1479 2291 1536 2335 ttt
1568 2281 1690 2347 hic,
1737 2282 1852 2336 sive

277 2373 686 2428 Ahrahamitico
719 2373 821 2426 950
852 2374 1158 2428 ascribunt.

346 2466 462 2519 Col.
495 2466 616 2519 527.
657 2464 1076 2534 Ρειοροιιηειιδεε
1102 2475 1287 2520 contra
1313 2467 1548 2522 Athenas
1571 2466 1847 2520 dimicant.

279 2551 407 2606 lltec
454 2554 708 2620 pet-icopa
765 2552 818 2605 in
877 2549 1164 2607 Parmensi
1201 2568 1327 2618 ms.,
1371 2564 1507 2618 tum,
1555 2563 1852 2608 auuotante

270 2641 754 2706 .Schurzﬂeiscbio,
795 2643 848 2695 in
900 2644 1078 2711 primo
1126 2643 1395 2712 Palatino,
1445 2656 1500 2700 et
1531 2645 1849 2700 Sichardina

273 2734 518 2791 editione
557 2737 695 2790 binis
736 2736 790 2788 in
846 2735 1003 2802 locis,
1039 2735 1291 2792 videlicet
1341 2739 1429 2794 hic
1482 2738 1549 2792 ad
1597 2753 1748 2792 num.
1785 2737 1851 2791 l8

283 2825 637 2891 Spartanum,
677 2834 730 2878 et
766 2842 887 2878 mox
912 2826 978 2878 ad
1024 2823 1092 2880 57
1122 2808 1596 2881 Lacedaemonium
1630 2829 1846 2883 visitur.

267 2913 527 2983 -Scaliger
599 2915 766 2969 semel
799 2919 1098 2979 recensuit,
1141 2931 1242 2970 uec
1277 2925 1452 2970 tamen
1493 2919 1756 2970 alterutro
1787 2933 1847 2970 ex

1955 1735 2142 1790 censio
2173 1737 2395 1798 nitatur,
2451 1735 2567 1792 sive
2599 1735 2692 1804 qui
2751 1735 2940 1803 semel,
2985 1745 3150 1806 atque
3196 1749 3262 1792 eo
3295 1736 3394 1791 loci
3423 1751 3509 1807 ge-

1953 1834 2097 1880 stum
2124 1825 2228 1880 hoc
2253 1828 2472 1881 referat.

2023 1913 2141 1968 Col.
2171 1914 2296 1970 529.
2331 1917 2459 1985 Agis
2487 1917 2595 1986 fon.
2622 1919 2674 1971 Ι.
2715 1917 2894 1972 Minus
2926 1926 3072 1973 recte
3099 1918 3252 1981 alibi,
3299 1928 3351 1973 et
3381 1915 3515 1986 apud

1953 2003 2250 2060 Pontacmn
2305 2007 2568 2063 scribitur
2616 2007 2797 2077 As'gis,
2851 2007 3080 2080 etEgis.
3125 2009 3325 2065 Notum
3358 2023 3422 2062 ex
3455 2020 3515 2062 eo

1952 2099 2155 2170 Agidas
2212 2109 2574 2170 nuncupatos.
2631 2101 2732 2168 Qui
2776 2101 3130 2170 subsequitur
3160 2097 3516 2168 Echestrgtus,

1953 2189 2006 2244 in
2035 2191 2158 2244 aliis
2209 2191 2534 2258 codicibus,
2599 2202 2741 2246 teste
2789 2191 3276 2255 Schurzﬂeischio,
3327 2190 3520 2245 dicitur

1955 2281 2362 2336 Arrhestratus:
2395 2275 2608 2345 eodem,
2637 2284 2835 2351 inquit,
2868 2283 3054 2345 modo,
3089 2297 3199 2352 quo
3237 2282 3522 2350 Ἀρχέλαος

1953 2374 1981 2424 ὁ
2011 2373 2270 2427 Πενθίλου
2299 2383 2520 2428 vocatur
2553 2368 2808 2430 Straboni
2844 2374 2939 2430 lib.
2976 2389 3067 2438 tn,
3101 2372 3197 2444 qui
3246 2371 3522 2426 Pausaniae

1954 2463 2008 2516 in
2041 2462 2326 2517 Laconicis
2356 2478 2477 2533 cap.
2511 2463 2546 2516 2
2577 2464 2867 2535 Ἐχέλατος
2913 2467 2941 2518 ὁ
2972 2464 3231 2518 Πενθίλου
3285 2464 3522 2519 dicitur:

1957 2565 2014 2609 ut
2038 2555 2172 2610 adeo
2205 2554 2249 2609 E
2284 2571 2407 2610 cum
2472 2557 2676 2628 syllaba
2721 2557 2810 2613 AP
2869 2573 2898 2611 a
2953 2557 3188 2612 librariis
3245 2574 3355 2612 non
3408 2571 3525 2609 raro

1957 2658 2351 2703 commutatum
2381 2648 2549 2704 fuisse
2585 2651 2853 2705 \‘ideatur.
2911 2650 3081 2704 Recte
3137 2649 3391 2718 plerique
3437 2647 3526 2700 alti

1956 2756 2150 2797 Omnes
2183 2741 2305 2796 libri
2336 2739 2707 2797 Ecltcstratum
2735 2743 2943 2806 dicunt,
2998 2742 3142 2809 quod
3169 2749 3226 2793 et
3259 2741 3313 2793 in
3352 2738 3525 2807 primo

1954 2831 2201 2888 Palatino
2238 2834 2596 2902 Autiquurius
2630 2834 2902 2888 Salmasio
2934 2834 3186 2888 laudatus
3217 2842 3398 2888 notat.

2027 2921 2144 2976 Col.
2175 2921 2299 2976 527.
2331 2920 2568 2992 Pelasgi.
2603 2923 2724 2976 Haec
2776 2925 2829 2974 in
2875 2918 3152 2974 Parmensi
3205 2936 3314 2975 ms.
3359 2919 3534 2990 perio-

280 3010 364 3062 bis
395 2982 550 3076 locis,
608 3009 701 3064 sed
734 3008 800 3062 ad
848 3025 1007 3066 num.
1040 3009 1168 3074 946,
1197 3025 1305 3078 qua
1341 3012 1407 3064 de
1449 3025 1505 3064 re
1545 3027 1666 3064 ιιιυι
1698 3011 1847 3064 diee-
1875 2982 1924 3046 α
1957 3013 2058 3068 cha
2093 3013 2454 3068 desideratur.
2489 2982 2675 3069 Cruces
2724 3014 3035 3069 econtrario
3067 3014 3187 3084 plus
3222 2982 3453 3080 habe-nt,
3483 3024 3538 3070 et

283 3116 429 3158 nius.
456 3097 591 3154 Tres
627 3114 844 3170 quoque
883 3099 1214 3174 posteriores
1244 3099 1478 3154 Palatini
1526 3115 1657 3154 mss.
1696 3100 1851 3154 Pelo-

271 3207 516 3260 poneses,
551 3192 760 3260 primus
791 3190 1196 3256 ιἐιοιιοιιιιειιεει
1225 3191 1438 3262 legunt,
1463 3191 1609 3260 quod
1641 3192 1846 3246 factum

281 3299 346 3336 ex
383 3292 536 3350 parte
567 3281 783 3336 videtur
815 3283 982 3336 veteri
1019 3280 1289 3336 scribendi
1327 3297 1494 3339 more.

277 3421 282 3424 .
352 3374 485 3427 Ibid.
559 3371 785 3428 Codrus:
819 3411 872 3426 ..
903 3412 920 3428 .
965 3373 1426 3429 Erechtheidarum
1493 3390 1707 3444 regnum
1757 3377 1849 3430 de-

271 3477 549 3520 structum
583 3475 679 3530 est,
714 3466 852 3534 quod
877 3466 980 3520 527
1006 3483 1096 3519 an.
1120 3476 1561 3534 perscveraverat.
1628 3467 1847 3521 licscri-

263 3560 489 3626 .psimns
515 3559 665 3628 juxta
699 3555 1034 3629 Scaligerqu
1063 3559 1214 3611 annis
1231 3558 1356 3624 £87,
1375 3573 1497 3613 cum
1521 3568 1678 3613 antea
1707 3559 1850 3612 solos

276 3652 384 3705 482
412 3649 687 3705 Pontacus
735 3661 790 3704 et
834 3652 1168 3706 vetustiores
1218 3651 1494 3705 nonnullae
1541 3652 1846 3716 editiones,

276 3759 491 3797 necnon
525 3759 659 3798 mss.
693 3743 913 3810 quidam
954 3755 1163 3798 veteres
1193 3751 1572 3812 supputarcnt.
1604 3742 1678 3796 Re
1701 3746 1845 3797 enim

277 3851 424 3900 vera,
455 3837 599 3903 quod
647 3846 699 3889 et
747 3834 1208 3890 Schnrzlleischio
1251 3844 1497 3888 notatum
1533 3845 1640 3898 est,
1678 3850 1707 3888 δ
1743 3837 1847 3890 Ce-

275 3941 440 3996 crope
476 3941 651 3996 usque
680 3925 746 3978 ad
785 3919 933 3980 hunc
967 3939 1252 3978 numerum
1302 3924 1430 3978 anni
1469 3925 1848 3997 quadringenti

275 4019 553 4085 octoginta
587 4025 796 4086 septem
845 4015 1226 4070 intercedunt:
1265 4031 1528 4085 errorque
1565 4016 1666 4088 ille,
1709 4026 1850 4072 este

274 4116 575 4167 vetustiore
631 4112 944 4177 scriptura,
999 4109 1072 4164 ita
1121 4110 1431 4166 numericas
1482 4119 1642 4167 notas
1689 4111 1847 4167 exhi-

275 4207 457 4267 bente,
489 4200 944 4267 CCCCLXXX”,
994 4203 1083 4259 ubi
1145 4211 1424 4273 postremo
1475 4202 1806 4259 crassioriX
1830 4242 1846 4268 ,

1953 3105 2097 3172 quod
2132 3105 2380 3170 secundi,
2415 3104 2670 3158 nimirum
2704 3114 2827 3174 post
2859 3103 3054 3174 Lydos,
3084 3106 3293 3159 domini
3323 3105 3531 3173 Pelasgi

1951 3195 2156 3251 fuerint
2209 3198 2376 3252 maris
2399 3240 2413 3262 ,
2443 3208 2499 3252 et
2536 3199 2678 3266 quod
2715 3214 2808 3267 per
2841 3213 3018 3253 annos
3049 3200 3337 3268 octoginta
3372 3181 3540 3268 quin;

1951 3301 2057 3355 que
2088 3286 2218 3340 illud
2247 3288 2610 3343 obtinuerint.
3238 3329 3242 3331 μ

2028 3378 2166 3435 lbid.
2225 3378 2349 3433 Post
2401 3379 2650 3434 Codrum.
2713 3379 2942 3448 Sapiunt
2992 3380 3311 3449 glossatoris
3387 3382 3541 3453 inge-

1951 3472 2100 3526 nium
2161 3488 2276 3540 quae
2332 3471 2592 3540 Scaliger,
2657 3486 2754 3526 nec
2790 3471 2907 3526 sine
2943 3473 3170 3538 mendis,
3202 3474 3536 3529 substituit:

1953 3566 2078 3618 Post
2113 3565 2340 3618 Codrum
2356 3565 2636 3633 principes,
2656 3564 2793 3635 quod
2811 3566 2930 3635 (pro
2945 3571 3093 3635 quos)
3123 3582 3262 3621 mors
3280 3567 3539 3635 finiebat;

1952 3674 2173 3728 quorum
2200 3657 2402 3726 primus
2426 3655 2614 3710 Medon
2646 3672 2864 3724 regnum
2894 3657 2946 3710 in
2972 3658 3130 3724 ﬁnem
3157 3660 3278 3711 vita:
3303 3659 3542 3711 obtinuit

1954 3747 2198 3802 Athenis.
2239 3754 2285 3796 et
2313 3755 2427 3811 post
2454 3760 2572 3798 eum
2604 3746 2781 3797 rwteri
2812 3760 2977 3814 reges.
2999 3745 3268 3799 Nimirum
3298 3746 3410 3800 hoc
3433 3754 3540 3808 est,

1951 3839 2095 3908 quod
2155 3836 2477 3890 dicebamus
2532 3836 2814 3890 abolitum
2869 3851 3104 3890 nomen:
3165 3847 3545 3906 praeterquam

1951 3930 2095 3996 quod
2154 3939 2206 3981 et
2253 3927 2506 3994 majestas
2559 3929 2610 3980 itt
2677 3928 2780 3981 hoc
2837 3929 3122 3981 imminuta
3179 3927 3543 3997 potissimum

1951 4022 2118 4090 quod,
2149 4035 2273 4074 cum
2302 4020 2389 4072 uni
2416 4031 2571 4073 antea
2602 4035 2784 4073 rerum
2809 4030 2953 4074 esset
2982 4034 3193 4074 summa
3213 4021 3548 4083 commissa,

1950 4115 2208 4181 deinceps
2243 4113 2296 4166 in
2337 4126 2530 4167 novem
2577 4112 2881 4182 principum
2921 4111 3299 4182 magistratum
3355 4111 3546 4166 divisa

1952 4215 2196 4275 potestas
2226 4213 2328 4258 cst.
2359 4202 2730 4272 Corrigendus
2762 4203 3047 4273 Syncellus
3067 4241 3084 4267 ,
3118 4203 3210 4273 qui
3242 4201 3548 4265 Μελόδων,

277 4300 460 4353 haberi
485 4298 649 4354 debet
679 4299 996 4366 impositum
1034 4294 1100 4351 V.
1123 4294 1228 4352 Sed
1249 4306 1304 4352 et
1333 4297 1691 4367 Antiquarius
1724 4296 1846 4350 Sal-
1879 4317 1924 4373 ι)
1954 4312 2051 4367 pro
2083 4295 2268 4354 Μέδων
2305 4296 2473 4364 legit:
2506 4311 2570 4349 es
2604 4311 2670 4349 eo
2703 4296 2884 4359 enim,
2914 4303 2970 4346 ιιι
2998 4309 3156 4348 nemo
3191 4293 3456 4362 ignorat,
3492 4301 3548 4345 et

261 4391 551 4444 .masianus
597 4391 649 4444 in
692 4391 818 4444 aliis
843 4390 1126 4445 codicibus
1158 4391 1314 4444 annis
1355 4388 1846 4446 CCCCLXXX“!

275 4482 378 4544 legi
410 4481 714 4535 annotavit.
746 4473 984 4534 Historia
1013 4496 1080 4536 ex
1104 4480 1308 4535 Graecis
1334 4479 1656 4550 Latinisque
1704 4485 1843 4534 scri-

261 4571 527 4638 ptoribus
553 4570 1023 4635 notissitna.\tide,
1046 4571 1091 4623 si
1129 4571 1302 4632 libet,
1331 4571 1607 4625 Cononem
1633 4571 1847 4626 Narrat.

269 4662 353 4715 .26
381 4661 523 4730 apud
559 4661 833 4729 Phot-iutu,
867 4660 1138 4718 Justinum
1162 4661 1254 4718 lib.
1286 4677 1347 4728 ιι,
1374 4663 1634 4718 Velleium
1669 4679 1710 4728 ι,
1740 4675 1848 4720 etc.

276 4749 429 4814 Quod
460 4761 640 4803 autem
692 4752 893 4806 dicitur
933 4751 1001 4805 ab
1032 4750 1135 4804 hoc
1183 4759 1424 4820 tempore
1474 4749 1846 4804 Erechtheida-

265 4857 390 4895 .rum
420 4856 658 4909 regnum,
685 4845 822 4907 sive,
856 4857 912 4898 ut
943 4843 1104 4899 habet
1131 4841 1398 4914 Scaliger,
1424 4843 1701 4912 imperium
1754 4831 1854 4899 de:

268 4945 708 4999 .structum,ct-m
767 4937 1112 4992 manifestum
1159 4937 1252 5000 sit,
1291 4935 1472 4992 Codro
1512 4936 1680 4991 liliutu
1734 4937 1846 4992 Me-

274 5034 441 5082 donta
498 5026 829 5081 successisse
859 5067 874 5092 ,
925 5030 996 5082 ita
1048 5029 1260 5085 videtur
1308 5030 1732 5098 accipiendum,
1793 5041 1849 5084 ιιι

273 5135 462 5186 regum
505 5131 703 5172 nomen
738 5134 863 5172 cum
894 5117 1075 5174 Codro
1114 5123 1425 5193 ademptum
1476 5123 1645 5178 luisse
1674 5121 1846 5190 signi-

271 5211 423 5277 ticet,
453 5209 746 5265 Archoutis
777 5208 996 5263 nomine
1045 5213 1362 5268 substituto.
1396 5212 1640 5268 Tametsi
1685 5213 1846 5281 vulgo

269 5303 566 5370 scriptores
596 5299 793 5365 Graeci,
825 5297 1126 5354 Pausanias
1146 5340 1162 5366 ,
1193 5311 1250 5358 et
1284 5303 1525 5358 Marmor
1569 5303 1843 5358 Arundel-

273 5394 502 5458 l.anum,
561 5391 785 5462 ipseque
840 5390 1142 5454 Eusebius,
1189 5403 1244 5447 et
1287 5393 1506 5449 demum
1560 5394 1845 5464 Syncellus

265 5491 568 5554 perpetuos
599 5485 888 5540 archontes
921 5481 1161 5552 βασιλεῖς
1191 5491 1410 5548 vocant,
1443 5494 1498 5540 et
1528 5485 1844 5557 βασιλεύειν

270 5589 388 5643 eos,
427 5590 535 5630 non
585 5574 747 5648 ἄρξαι
795 5575 1027 5641 dicunt;
1085 5588 1145 5630 ea
1208 5573 1420 5630 scilicet
1452 5575 1520 5630 de
1549 5591 1738 5641 causa,
1782 5585 1840 5631 ut

1953 4397 2185 4442 testatur
2248 4387 2482 4441 Velleius
2535 4388 2630 4439 lib.
2666 4403 2724 4449 ι,
2758 4385 2958 4453 posteri
2990 4383 3132 4450 apud
3159 4382 3368 4439 Atticos
3406 4378 3550 4433 dicti

1952 4477 2298 4531 Medoutidw.
2340 4477 2474 4532 Vide
2506 4475 2831 4530 Pausaniam
2881 4475 2931 4526 iu
2968 4473 3224 4528 Achaicis
3260 4486 3392 4540 cap.
3421 4471 3461 4528 2
3493 4479 3553 4523 cl.

1951 4569 2005 4625 in
2039 4569 2355 4624 Messenicis
2392 4568 2444 4622 5.

2018 4661 2136 4716 Col.
2173 4662 2299 4718 3‘29.
2351 4660 2528 4715 Ixion.
2580 4660 2699 4715 Uno
2751 4659 3007 4728 amplius,
3063 4659 3177 4712 sive
3215 4671 3401 4710 annos
3447 4657 3550 4721 58,

1952 4774 2060 4813 non
2115 4757 2404 4828 Syncellus
2456 4756 2657 4820 modo,
2712 4756 2805 4810 scd
2857 4765 2910 4809 et
2969 4753 3234 4808 Diodorus
3305 4751 3555 4807 Siculus

1953 4850 2124 4905 Isioni
2159 4851 2428 4904 tribuunt.
2484 4847 2681 4902 Notatu
2731 4861 2947 4916 quaque
2994 4847 3241 4914 dignum,
3277 4845 3442 4912 quod
3478 4845 3555 4898 ab

1950 4940 2054 4993 hoc
2080 4953 2207 5006 rege
2237 4939 2302 4991 ad
2344 4921 2558 5007 Cypseli
2623 4951 2796 5004 usque
2845 4935 3210 5006 tyrannidem,
3258 4944 3555 5001 perpetuo

1947 5029 2290 5084 observatum
2315 5038 2398 5082 est
2417 5067 2433 5092 ,
2459 5029 2566 5082 ιιιὸ
2593 5024 2994 5098 πρεσσύτατος,
3025 5025 3139 5080 sive
3163 5033 3290 5078 natu
3349 5028 3556 5077 maxi-

1950 5137 2086 5183 mus,
2124 5131 2488 5190 posterorum,
2523 5135 2691 5188 regno
2713 5115 3066 5173 Corinthiaco
3098 5124 3381 5187 praeesset.

1993 5197 2154 5265 'lbitl.
2195 5211 2465 5280 Magnesia
2497 5212 2553 5264 in
2593 5211 2724 5264 Asia
2771 5211 3006 5263 condita.
3060 5207 3195 5263 Cum
3241 5210 3364 5260 duas
3421 5211 3558 5263 sint

1950 5300 2257 5372 Magnesiae,
2309 5301 2478 5355 altera
2532 5300 2600 5354 ad
2654 5298 2988 5354 Maeandrum
3041 5296 3292 5359 ﬂuvium,
3325 5295 3552 5361 altera,

1947 5407 2107 5461 quam
2141 5389 2394 5445 Pactolus
2420 5389 2598 5455 alluit,
2631 5388 2699 5443 ad
2733 5390 2946 5442 radices
2973 5385 3141 5456 Sipyli
3163 5384 3356 5439 montis
3396 5386 3560 5454 sita,

1947 5481 2189 5552 Scaliger
2227 5470 2293 5537 τω
2324 5493 2454 5551 post:
2479 5481 2621 5534 riore
2651 5480 2752 5532 hac
2780 5487 2931 5547 putat
2975 5475 3267 5532 Eusebium
3291 5475 3550 5538 dixisse,

1946 5577 2074 5645 quia
2114 5577 2163 5630 ci
2209 5592 2328 5629 mox
2384 5574 2700 5642 :uljnigitur
2751 5571 2958 5641 Myrina
3008 5569 3185 5624 vicina
3231 5566 3558 5632 Magnesia
