3964 6186
486 432 590 494 859

1748 431 2155 495 ινιιιιιιιδιι
2191 433 2436 511 Nom.

3620 432 3745 497 ‘850

483 549 585 600 sub
617 546 878 619 Sipylum.
909 547 984 604 De
1015 548 1119 604 ista
1148 564 1272 604 mox
1295 548 1580 606 dicemus:
1613 556 1673 602 at
1701 547 1769 602 de
1825 547 1911 601 illa
1939 561 2068 598 ern-
2091 542 2140 600 A
2167 534 2383 599 scillcet'
2393 541 2470 599 ad
2499 557 2628 599 num
2685 543 2808 600 984.
2848 543 2904 599 lo
2959 544 3114 602 Notis
3155 534 3543 617 Hieranymum
3577 552 3746 614 paulo

485 636 596 688 dite
629 635 936 691 Simsonius
980 648 1167 693 contra
1221 639 1552 710 Scaligerum
1596 638 1855 697 ostendit,
1912 637 2059 704 prio-

484 743 594 780 rem
652 727 981 799 Magnesiam
1044 733 1125 786 ad‘
1160 733 1495 787 Maeandrum
1554 733 1753 788 debere
1799 731 2057 799 intelligi.

485 818 759 888 Magnetes
806 823 1047 892 quippe.
1079 825 1168 892 qui
1205 840 1232 876 a
1263 824 1509 895 Magnete
1549 823 1691 878 Ainli
1723 825 1834 876 lilio
1889 823 2062 877 deno-

484 911 678 966 minati
717 924 866 977 sunt,
915 924 971 968 et
1022 916 1350 985 Magnesiam
1383 918 1484 971 sub
1526 917 1675 972 Pelio
1717 929 1898 971 monte
1928 918 2057 971 olim
2099 960 2102 962 .

485 1003 825 1065 habitabant.
857 1017 978 1074 post
1027 1007 1226 1062 bellum
1264 1007 1584 1077 Trojanum,
1624 1011 1687 1064 ad
1725 1013 1889 1080 quod,
1926 1010 2062 1064 Pro-

411 1165 415 1169 .
483 1096 613 1148 thoo
646 1095 804 1161 duce,
841 1098 1068 1166 profecti
1100 1099 1340 1164 fuerant.
1374 1101 1426 1155 in
1477 1103 1660 1156 Asiam
1691 1118 1721 1157 e
1751 1102 1909 1174 Creta
1961 1103 2062 1158 mi—

407 1259 412 1263 η
480 1198 720 1254 grantes,
768 1189 1105 1256 Magnesiam
1159 1193 1363 1249 hancce
1397 1194 1463 1248 ad
1501 1194 1827 1249 Maeandrum
1868 1195 2058 1250 condi-

417 1283 419 1285 '
479 1279 651 1339 disse,
689 1288 922 1334 testatur
975 1282 1410 1338 luculentissime
1463 1285 1663 1340 Strabo
1693 1285 1786 1339 lib.
1825 1301 1934 1346 xuv.
1965 1287 2059 1356 qui

481 1368 628 1423 illam
669 1369 976 1433 Magnetum
1012 1372 1457 1430 Thessalicorum
1495 1387 1550 1431 et
1593 1377 1940 1432 Cretensium
1971 1393 2064 1433 co-

481 1458 683 1514 loniam
740 1469 922 1515 vocat.
977 1463 1133 1518 Paria
1186 1467 1348 1522 habet
1399 1468 1732 1524 Scholiastes
1785 1470 2058 1541 Apollonii

482 1547 673 1603 Ruodii
709 1552 772 1605 ad
806 1552 898 1606 lib.
933 1571 987 1616 ι,
1017 1571 1162 1610 vers.
1194 1557 1318 1612 584.
1377 1557 1668 1615 Historiam
1707 1561 1873 1630 paulo
1899 1562 2059 1615 latio-'-

485 1657 597 1696 rem
631 1655 812 1725 repete
839 1661 902 1699 ex
934 1646 1131 1702 Pbotio
1157 1647 1211 1702 in
1244 1649 1531 1721 Excerptis
1559 1669 1623 1706 ex
1650 1650 1894 1708 Cononis
1922 1651 2059 1706 Nar-

484 1733 697 1787 ratione
727 1734 817 1789 69.

555 1825 688 1878 Ibid.
722 1826 946 1898 Mycena
980 1831 1034 1884 in
1071 1829 1243 1887 Italia
1266 1834 1500 1900 condita,
1528 1852 1644 1906 qua:
1674 1854 1812 1892 nunc
1847 1838 2056 1894 Cumaz.

481 1916 554 1969 Ita
611 1925 664 1971 et
730 1923 922 1982 nostri;
967 1931 1019 1975 et
1076 1921 1304 1978 Palatini
1353 1941 1486 1981 mss.
1518 1939 1564 1978 et
1607 1928 1932 1984 vetustiores
1964 1930 2061 1983 dc-
2092 1896 2137 1956 Β

486 2009 648 2075 nique
677 2010 804 2064 editi
837 2011 960 2064 libri
1013 2029 1135 2067 cum
1192 2015 1432 2070 Pontaco
1465 2018 1663 2071 habent
1699 2039 1713 2074 :
1749 2036 2059 2088 quanquam

484 2114 592 2150 uno
628 2100 866 2154 alterove
895 2117 1060 2166 anno,
1106 2106 1282 2174 quoad
1325 2106 1447 2160 farti
1487 2109 1750 2176 epocbam
1775 2153 1789 2172 ,
1827 2112 2059 2166 variant.

486 2190 556 2244 Et
583 2199 665 2246 cst
695 2201 880 2256 tamen
909 2193 1257 2256 manifestum
1310 2198 1557 2253 lectionis
1589 2199 1878 2265 mendum;
1931 2203 2060 2271 quid

487 2283 635 2336 enim
701 2283 944 2356 Mycenis
1012 2295 1069 2342 et
1119 2289 1350 2357 Cumis,
1394 2302 1490 2346 aut
1528 2309 1648 2361 qum
1689 2294 1902 2364 Mycena
1934 2296 2062 2351 urbs

483 2378 702 2433 condita
737 2388 819 2434 est
855 2380 904 2432 in
941 2378 1140 2435 Italia?
1169 2383 1412 2454 Scaliger
1450 2387 1706 2441 rescribit
1727 2402 1792 2441 ex
1819 2389 2060 2457 ingenio,

484 2467 644 2541 Cyme
670 2472 883 2524 condita
918 2473 969 2526 in
999 2473 1183 2532 Italia.
1217 2493 1334 2545 quae
1360 2494 1495 2531 nunc
1525 2476 1696 2533 Cuma
1715 2494 1736 2534 :
1763 2479 1849 2533 cui
1873 2496 2062 2535 emen-

485 2560 691 2617 dationi
722 2564 1057 2636 suﬂ'ragatur
1103 2569 1327 2637 quidem
1377 2568 1601 2626 Graecus
1655 2571 1794 2640 apud
1842 2571 2063 2644 Syncel.

488 2665 796 2719 contextus,
840 2666 894 2713 et
948 2658 1094 2728 quod
1152 2660 1267 2727 ipse
1326 2661 1624 2727 observat,
1671 2661 2060 2734 Hieronymum

486 2749 722 2818 primum
761 2751 998 2806 voluisse
1044 2752 1275 2808 reddere
1327 2769 1522 2808 nomen
1556 2753 1804 2810 Grazcmn
1859 2756 2059 2826 Cyme,

486 2840 684 2896 deinde
736 2840 992 2896 Latinum
1044 2844 1406 2920 apposuisse,
1470 2845 1660 2900 Cuma.
1725 2845 2067 2915 Sullragatur

487 2931 648 2986 etiam
687 2931 1211 2999 Sehurzlleischius,
1244 2935 1330 2988 cui
1367 2934 1583 2988 videtur
1630 2935 1886 2990 librarius
1918 2938 2066 2992 osci-

491 3020 785 3081 tabundus,
821 3019 951 3086 quia
991 3019 1202 3091 Myrina
1236 3031 1590 3089 prn‘cesset'at
1623 3023 1710 3093 (in
1751 3034 1936 3078 nostra
1964 3040 2064 3077 au-

433 3129 435 3132 '
487 3118 594 3176 tem
625 3111 940 3165 recensione
973 3113 1646 3184 subsequitur).syllabam
1680 3115 1908 3183 primam
1947 3116 2066 3185 ejus

486 3199 640 3255 vocis
675 3203 966 3270 repetiisse
989 3241 1005 3265 ,
1040 3214 1457 3272 monstrumque
1492 3206 1621 3259 illud
1658 3205 1907 3262 lectionis
1939 3207 2064 3262 inde

487 3291 830 3348 elformasse.
873 3293 994 3360 Ipse
1041 3306 1223 3350 autem
1281 3298 1436 3366 longe
1486 3297 1838 3353 verisimilius
1873 3308 2062 3368 putat,

491 3384 880 3451 Hieronymum
942 3383 1243 3450 Misenum,
1295 3403 1403 3441 non
1465 3387 1689 3458 Mycena
1757 3389 2064 3456 scripsisse,

489 3473 751 3543 illamque
782 3475 969 3530 urbem
1011 3491 1135 3530 cum
1167 3477 1356 3532 Cumis
1396 3478 1904 3550 confudisse,.,quia
1937 3497 1998 3534 ea
2035 3496 2066 3535 a

487 3565 677 3620 Cumis
709 3581 816 3620 non
843 3568 1028 3636 procal
1058 3568 1312 3621 distabat.
1354 3566 1450 3618 Dio
1480 3568 1574 3623 lib.
1632 3584 1838 3631 XLVIII,
1881 3570 1970 3622 Ἐν
1999 3574 2065 3643 τῇ

488 3655 656 3728 Κύμῃ
677 3695 692 3716 ,
719 3657 918 3726 inquit,
949 3660 1013 3728 τῇ
1044 3658 1356 3727 Καμπανίδι
1381 3658 1579 3729 χωρίον
1609 3677 1662 3713 τι
1725 3661 1932 3729 μεταξὺ
1959 3661 2075 3715 M:-.

491 3744 654 3814 στινοῦ
680 3747 774 3800 καὶ
803 3748 1104 3813 Πυτεόὶων,
1138 3747 1416 3820 μηνοειδές
1448 3749 1594 3802 ἐστι.
1621 3747 1846 3806 Tacitus
1868 3751 2068 3808 Anna'.

491 3837 588 3891 lib.
620 3853 707 3902 xv,
743 3854 861 3908 cap.
888 3838 990 3896 £6:
1031 3838 1094 3892 Et
1120 3842 1290 3910 gravi,
1317 3842 1414 3903 ait,
1441 3841 1642 3909 Africo,
1667 3843 1790 3896 dum
1818 3861 2072 3912 promon-

492 3932 688 3984 torium
716 3929 920 3985 Misent’
942 3949 1192 3999 superare
1225 3936 1571 3996 contendunt.
1613 3932 1867 3989 Cumanis
1921 3938 2071 3991 litto-

493 4025 637 4077 ribus
710 4025 964 4094 impacti,
1033 4027 1330 4080 triremium
1405 4026 1679 4096 plerasque
1749 4029 2070 4084 amiserunt.

493 4115 693 4173 Strabo
747 4117 842 4172 lib.
897 4133 988 4179 xv,
1022 4134 1143 4187 pag.
1176 4117 1318 4173 245:
1378 4118 1614 4188 Πλησίον
1648 4110 1704 4171 δὲ
1745 4119 1844 4187 τῆς
1873 4119 2073 4191 Κύμης

492 4211 555 4262 τὺ
584 4209 831 4279 Μισηνὸν
876 4210 1246 4279 ἀκρωτήριον.
1301 4209 1475 4264 Etiam
1529 4210 1873 4265 Abrahamus
1911 4213 2076 4266 Orte-

497 4301 601 4357 lius
633 4301 687 4356 in
729 4302 1012 4357 Thesauro
1048 4303 1447 4374 Geographico,
1496 4317 1632 4357 voce
1669 4301 1912 4372 Mycena,
1948 4320 2075 4358 sus—

495 4394 708 4464 picatus
735 4404 838 4457 est.
870 4395 981 4450 duo
1014 4396 1229 4450 diversa
1263 4396 1376 4450 loca
1417 4396 1484 4450 ab
1518 4395 1853 4466 Hieronymo
1885 4396 1987 4449 hac
2019 4395 2073 4449 in

495 4485 752 4556 periocha
804 4486 1093 4541 confundi.
1147 4486 1251 4540 Sed
1290 4486 1336 4541 si
1394 4486 1660 4541 Misenum
1710 4488 1972 4556 scriptum
2007 4487 2076 4543 ab

2168 637 2406 706 iniquius
2463 636 2856 706 reprehendit,
2909 637 3054 705 quod
3084 653 3191 693 non
3238 640 3424 692 omnia
3479 639 3747 704 verterit,

2165 729 2524 800 Onuiseritque
2572 730 2715 799 quod
2765 732 3095 798 praecipuum
3147 738 3303 796 erat,
3350 733 3384 800 ἡ
3433 731 3586 802 ποιρά
3631 749 3746 784 τισι

2165 821 2390 892 Σμύρνα
2417 821 2707 893 λεγομένη.
2736 824 2802 877 At
2836 823 3092 892 Syncelli,
3128 825 3273 892 quod
3311 832 3416 879 tam
3452 840 3594 892 stepe
3626 838 3746 877 mo-

2170 915 2412 979 nuimus,
2445 915 2533 968 illa
2568 924 2714 980 sunt,
2753 924 2810 969 ut
2846 923 2930 969 est
2957 916 3182 970 omnino
3231 932 3328 986 par
3359 920 3602 971 credere.
3635 932 3742 968 non

2165 1002 2387 1056 Eusebii
2429 1005 2614 1057 verba.
2663 1003 2934 1059 Pootacus
2981 1004 3455 1074 legeratlllyrena:
3491 1006 3544 1058 in
3580 1023 3647 1057 nu
3675 1027 3741 1048 ν·-

2165 1092 2267 1144 tuis
2289 1090 2545 1146 Gordiani
2581 1099 2632 1144 et
2657 1091 2811 1144 Julia:
2843 1092 3063 1145 Damna:
3089 1109 3210 1144 cum
3242 1093 3580 1159 diphthongo
3600 1092 3743 1147 scri-

2165 1182 2313 1237 bitur
2337 1183 2785 1238 ΜΥΡΕΙΝΑΙΩΝ.
2820 1183 2955 1238 Vide
2993 1184 3284 1238 Diodorum
3323 1188 3414 1237 lib.
3449 1202 3506 1240 ιιι
3530 1227 3544 1246 ,
3579 1187 3668 1244 qui
3708 1204 3735 1240 a

2168 1274 2371 1345 Myrina
2423 1275 2760 1328 Amazonum
2791 1274 2927 1328 duce
2965 1273 3240 1327 conditam
3285 1286 3448 1343 a'que.
3503 1278 3740 1342 appella-

2166 1372 2274 1416 tam
2309 1365 2495 1416 urbem
2530 1365 2757 1418 scribit:
2790 1373 2841 1417 et
2881 1365 3074 1418 confer
3111 1380 3235 1418 cum
3276 1381 3340 1419 eo
3369 1363 3621 1419 Tzetzem
3672 1366 3738 1417 ad

2163 1457 2437 1524 Alexand.
2474 1455 2847 1528 Lycophronis
2881 1474 2934 1512 v.
2970 1457 3112 1512 243:
3155 1457 3240 1512 his
3270 1459 3415 1512 enim
3450 1458 3596 1525 piget
3623 1457 3746 1510 diu-

2164 1552 2273 1606 tius
2301 1552 2608 1609 immorari.

2240 1639 2378 1697 Ibid.
2405 1639 2642 1708 Ephesus
2667 1639 2878 1693 condita
2904 1639 2970 1692 ab
2996 1639 3320 1694 Andronico.
3347 1639 3544 1694 Parum
3570 1639 3745 1695 abluit

2163 1734 2294 1802 quin
2331 1732 2398 1786 ad
2432 1747 2534 1786 ms.
2569 1732 2885 1787 Parmensis
2934 1731 3093 1786 tidem
3120 1774 3135 1800 ,
3190 1744 3353 1804 atque
3383 1750 3573 1789 eorum
3607 1751 3747 1803 quos

2165 1826 2410 1896 Scaliger
2439 1825 2744 1890 consuluit,
2788 1838 3064 1894 postrema
3095 1825 3280 1892 verba,
3313 1827 3419 1880 sive
3448 1828 3512 1880 ab
3537 1827 3746 1880 Andro-

2166 1920 2305 1982 nico,
2334 1933 2744 1986 expungerem;
2779 1933 2884 1972 non
2914 1919 3057 1972 enim
3093 1919 3161 1972 ab
3201 1919 3308 1973 alio
3339 1935 3500 1987 quam
3533 1918 3750 1972 Andro.

2164 2011 2270 2074 clo,
2307 2011 2470 2067 Codri
2509 2012 2642 2074 tilio,
2681 2014 2796 2066 sive
2821 2013 3064 2075 condita,
3101 2029 3194 2066 seu
3231 2014 3417 2068 verius
3479 2023 3744 2079 occupata

2164 2114 2326 2169 atque
2377 2105 2680 2160 instaurata
2731 2112 2813 2156 est
2871 2104 3140 2172 Ephesus.
3180 2105 3434 2159 Attamen
3505 2106 3748 2174 plerique

2165 2195 2254 2246 alii
2296 2209 2431 2250 mss.
2466 2204 2627 2263 atque
2675 2194 2802 2247 editi
2837 2193 2958 2247 libri
2991 2195 3054 2248 ab
3096 2195 3338 2248 Androco
3371 2197 3478 2250 sive
3532 2199 3745 2250 Andro-

2165 2284 2304 2344 nico,
2333 2284 2567 2337 habent:
2594 2284 2688 2338 sed
2720 2293 2771 2336 et
2791 2284 2844 2338 in
2870 2283 3072 2340 Graecis
3100 2284 3362 2353 Syncelli,
3391 2286 3497 2339 ὑπὸ
3521 2285 3745 2355 Ἀνδρο-

2166 2379 2343 2432 νίκου.
2374 2376 2870 2431 Sclmrzlleischius
2904 2387 3058 2446 putat
3091 2387 3196 2432 lam
3240 2379 3292 2431 in
3333 2377 3527 2430 Latino
3578 2394 3755 2443 quam.

2165 2471 2354 2526 Graeco
2384 2471 2556 2523 solum
2589 2479 2924 2540 postremum
2958 2471 3061 2524 hoc
3092 2486 3289 2524 nomen
3347 2473 3472 2523 olim
3526 2471 3694 2525 fuisse
3721 2488 3738 2527 :

2167 2573 2351 2632 postea
2385 2563 2606 2617 doctum
2639 2563 2928 2618 librarium
2965 2563 3029 2615 ad
3065 2564 3365 2630 marginem
3393 2565 3744 2631 apposuisse,

2167 2672 2289 2709 eum
2345 2656 2468 2709 aliis
2504 2655 2819 2710 auctoribus
2878 2655 3203 2708 Androclum
3260 2656 3486 2708 vocari:
3523 2657 3664 2708 unde
3695 2665 3750 2708 et

2168 2747 2298 2801 illud
2329 2751 2506 2815 ipsum
2543 2747 2594 2800 in
2617 2755 2822 2801 textum
2855 2759 3158 2816 receptum.
3181 2745 3361 2814 Pergit
3390 2763 3554 2813 porro
3579 2748 3750 2812 idem,

2168 2839 2480 2901 Athenaeus,
2517 2838 2792 2905 inquiens,
2822 2837 2916 2893 lib.
2951 2854 3042 2891 vut
3069 2881 3083 2903 ,
3119 2852 3149 2891 e
3180 2837 3483 2908 Creopbylo
3539 2848 3748 2902 narrat,

2168 2937 2374 2997 partem
2408 2927 2632 2996 Ephesi,
2661 2927 2938 2998 Τρηχεῖαν
2975 2929 3196 2992 dictam,
3237 2929 3304 2980 ab
3348 2927 3626 2982 Androclo
3653 2943 3754 2994 op-

2168 3021 2296 3088 pido
2344 3035 2465 3074 esse
2522 3019 2810 3073 inclusam.
2873 3019 3036 3087 Atqui
3095 3019 3199 3073 hoc
3255 3035 3364 3074 non
3394 3029 3531 3086 erat,
3586 3030 3752 3072 totam

2172 3102 2447 3177 Ephesum
2479 3111 2816 3165 condidisse.
2849 3111 3099 3164 Arbitror
3129 3127 3257 3179 ergo
3296 3112 3348 3165 in
3376 3111 3565 3166 Cra-en
3603 3122 3754 3168 textu

2093 3234 2137 3293 α
2175 3203 2374 3268 fuisse,
2406 3202 2638 3270 Ἐφέσου
2670 3202 2847 3267 πόλις,
2877 3205 3020 3272 quod
3059 3205 3197 3258 male
3245 3205 3404 3258 vertit
3445 3205 3714 3269 interpres
3738 3243 3761 3266 ..

2173 3293 2428 3360 Ephesus.
2461 3294 2650 3355 Πόλεις
2682 3294 2826 3346 enim
2882 3293 3204 3347 dicebautur
3250 3308 3356 3346 non
3394 3308 3612 3358 semper
3651 3293 3740 3345 in-

2174 3395 2341 3453 tegrae
2371 3385 2552 3450 urbes,
2593 3384 2689 3439 sed
2723 3384 2996 3438 interdum
3039 3384 3203 3438 etiam
3232 3394 3416 3452 partes
3444 3384 3593 3436 urbis
3646 3397 3760 3433 ma-

2168 3475 2346 3545 joris,
2401 3491 2431 3528 e
2471 3475 2857 3544 quibusurbs
2914 3475 3122 3544 integra
3194 3474 3558 3528 coalescebat.
3621 3474 3758 3526 Hinc

2175 3567 2461 3638 Syracusae
2490 3574 2542 3619 et
2573 3565 2798 3619 Athenae
2834 3551 3231 3636 μεγαλοτῖόλεις
3266 3574 3530 3617 vocantur
3560 3580 3588 3616 a
3621 3564 3758 3616 Pin-

2174 3656 2307 3712 daro
2339 3655 2871 3726 inPythiis,ipsiqne
2903 3655 3184 3723 Stephano
3244 3655 3572 3726 Kopmatg,
3622 3658 3764 3727 ὑπὲρ

2174 3750 2257 3813 ὃν,
2297 3758 2433 3804 teste
2466 3748 2756 3813 Strabone,
2811 3750 3110 3820 ήΤρηχεῖα
3133 3744 3201 3820 ἦν
3231 3749 3565 3817 παρὼρειος.
3605 3749 3762 3811 πόλις

2175 3846 2272 3909 τῆς
2294 3841 2550 3911 Ἐφεσίας
2574 3849 2824 3908 vocatur.
2847 3841 3054 3896 Videsis
3077 3841 3398 3895 Pausaniam
3423 3842 3474 3893 in
3513 3841 3764 3894 Achaicis

2178 3950 2298 4002 cap.
2330 3935 2386 3990 2.
2424 3934 2630 4001 Arripit
2685 3933 2812 3988 hinc
2841 3932 3113 3999 'Scaliger
3163 3936 3512 3987 occasionem
3568 3931 3764 3983 lliero-

2180 4043 2342 4101 nymo
2381 4027 2734 4093 detrahendi,
2765 4028 2909 4097 quod
2943 4028 2998 4082 in
3034 4029 3302 4097 prommio
3321 4025 3764 4080 Commentario-

2181 4137 2299 4174 rmn
2319 4109 2388 4174 ’ἱιι
2419 4120 2484 4172 ad
2518 4115 2782 4189 Ephesios
2806 4120 3154 4196 .scripserit,
3219 4118 3453 4190 Ephesus
3490 4119 3540 4170 in
3575 4117 3768 4170 Latina

2182 4213 2368 4281 lingua
2401 4213 2785 4272 interpretatur
2820 4211 3060 4264 voluntas
3081 4249 3094 4271 .
3123 4211 3228 4264 sive
3262 4211 3542 4263 consilium
3594 4225 3767 4261 meum

2181 4306 2236 4358 in
2264 4320 2326 4358 ea
2351 4343 2365 4367 ,
2395 4303 2471 4358 vel
2495 4313 2632 4356 certe
2682 4304 2863 4356 anima
2900 4319 3010 4354 utea
3053 4304 3106 4354 in
3153 4319 3234 4355 ea.
3286 4301 3394 4356 Nos
3429 4302 3494 4353 ad
3526 4318 3648 4354 eum
3683 4303 3768 4350 lo-

2182 4408 2530 4468 cum,_atque
2557 4397 2685 4451 alibi
2722 4397 2787 4450 ad
2825 4396 3018 4448 librum
3055 4395 3121 4448 de
3166 4395 3490 4450 Nominibus
3528 4404 3673 4446 tomo
3697 4393 3765 4446 Ill

2184 4491 2518 4544 ostendimus
2547 4532 2562 4553 ,
2615 4490 3004 4558 Hieronymum
3055 4489 3106 4541 id
3155 4505 3326 4559 genus
3372 4488 3768 4558 etymologias,

495 4594 563 4631 eo
590 4587 696 4641 est,
723 4577 868 4647 quod
902 4576 1120 4645 quidem
1157 4592 1387 4646 pronum
1433 4586 1518 4634 est
1551 4577 1616 4632 ad
1651 4577 1835 4642 ﬁdem,
1865 4578 2076 4646 signiti-
2110 4570 2155 4626 ι)
2185 4599 2304 4652 quae
2335 4599 2522 4651 parum
2578 4598 2720 4652 saepe
2773 4583 2875 4652 ipsi
2921 4582 3303 4650 probarentur.
3344 4596 3407 4635 ex
3443 4590 3627 4633 vetere
3658 4580 3770 4634 No-

495 4686 624 4724 care
661 4669 892 4744 fortasse
922 4671 1128 4734 voluit,
1179 4673 1232 4724 in
1269 4668 1459 4724 Miseni
1505 4670 1747 4738 regione,
1799 4687 1919 4739 qua:
1967 4681 2078 4725 lunt

497 4762 664 4817 latins
699 4765 1161 4832 protenderetur,
1230 4763 1509 4818 conditum
1566 4762 1735 4817 fuisse
1779 4761 2076 4818 Cumarum

499 4855 785 4924 oppidum.
823 4855 1013 4910 Miseni
1055 4856 1322 4911 vetustior
1347 4857 1503 4926 origo
1539 4866 1642 4920 est,
1677 4855 1892 4910 tametsi
1923 4855 2081 4910 ialm-

502 4945 678 5000 losum
703 4933 897 5000 nomen
918 4964 946 5001 a
967 4948 1208 5002 tubicine
1223 4947 1638 5013 .Enear,ibidem
1665 4947 1902 5016 sepulto,
1936 4949 2078 5017 quod

507 5038 766 5106 Virgilius
784 5039 1001 5096 IEneid.
1029 5057 1081 5094 vt
1115 5052 1322 5098 narrat.
1351 5041 1644 5096 Cumarum
1669 5041 1832 5111 paulo
1861 5041 2082 5110 sequior

499 5131 790 5187 conditus:
821 5131 1193 5187 Calidensium
1225 5144 1278 5186 et
1317 5131 1661 5186 Cumteorum
1713 5148 1873 5200 opus,
1907 5143 1964 5184 ut
2007 5131 2081 5186 ait

502 5225 718 5289 Strbo,
749 5238 892 5280 exeo
921 5223 1192 5290 fortassis,
1224 5225 1366 5294 quod
1391 5224 1618 5279 alterius
1647 5225 1826 5293 populi
1862 5223 2080 5279 colonia

501 5323 666 5382 esset,
734 5320 802 5370 ah
855 5317 1030 5371 altero
1073 5332 1272 5372 nomen
1351 5317 1674 5386 accepisset.
1737 5315 1845 5370 Nec
1899 5327 2080 5371 tamen

502 5401 842 5470 ignoramus,
899 5405 1167 5459 Salmasio
1225 5407 1292 5461 ad
1347 5407 1595 5461 Solinum
1631 5421 1751 5475 pag.
1801 5405 2083 5474 52,,longe

506 5495 872 5562 antiquiorem
907 5501 1099 5552 urbem
1138 5498 1270 5573 dici,
1302 5500 1570 5570 rejicique
1609 5499 1730 5568 ejus
1784 5497 2083 5567 primordia

505 5595 634 5639 ante
661 5585 882 5654 Trojani
917 5587 1040 5642 belli
1069 5597 1332 5656 tempora.

579 5678 720 5733 Ibid.
756 5678 972 5750 Myrina
1003 5681 1242 5734 condita.
1271 5679 1583 5735 Parmensis
1608 5693 1708 5733 ms.
1737 5689 1793 5734 et
1820 5679 2084 5734 vetustio-

505 5785 596 5825 res
626 5769 900 5826 editiones
925 5773 1064 5842 hanc
1092 5771 1408 5842 periocbam
1436 5779 1544 5826 non”
1567 5770 1790 5824 habent.
1817 5769 2080 5839 Scaliger,

511 5872 575 5920 ut
601 5861 866 5933 diximus,
897 5839 1020 5922 eam
1054 5839 1180 5922 ante
1222 5865 1502 5921 conditum
1547 5864 1844 5921 Cumarum
1892 5860 2082 5930 refert,

2187 4675 2392 4728 tninum
2435 4675 2830 4730 llebraicorum
2867 4676 3034 4738 libro,
3091 4675 3181 4740 qui
3240 4676 3400 4743 vulgo
3451 4671 3769 4734 obtinebat,

2187 4766 2458 4837 proferre.
2500 4768 2669 4821 Plura
2699 4768 2899 4820 videsis
2934 4766 3168 4820 laudatis
3200 4765 3354 4819 locis.

2257 4856 2377 4911 Col.
2425 4859 2552 4912 ⁸551.
2602 4856 2890 4927 Carthago.
2959 4856 3156 4908 Recole
3213 4872 3334 4924 quae
3393 4857 3646 4924 superius
3700 4855 3765 4906 ad

2188 4960 2342 5000 num.
2373 4944 2483 5000 797
2515 4946 2583 5000 de
2616 4945 2780 5013 hujus
2812 4946 3032 5000 conditu
3068 4945 3215 4998 urbis
3247 4947 3510 5002 diximus.
3536 4947 3589 5000 In
3620 4945 3769 5000 Cm:-

2185 5039 2270 5092 cis
2292 5038 2457 5093 verbo
2512 5037 2836 5106 ἐπεκτίσθη.
2890 5038 3008 5108 ejus
3059 5039 3448 5104 ampliﬁcatio,
3486 5052 3766 5091 seducta:

2184 5128 2422 5183 civitatis
2443 5128 2897 5193 additamentum,
2945 5129 3148 5182 rectius
3179 5129 3392 5182 videtur
3419 5127 3716 5196 signiﬁcari
3747 5144 3759 5179 :

2183 5221 2311 5275 licet
2345 5219 2397 5273 in
2435 5221 2696 5288 temporis
2748 5219 3024 5272 nomlione
3069 5220 3138 5272 ab
3188 5221 3422 5274 Eusebio
3474 5218 3759 5287 Syncellus

2185 5311 2470 5365 dissideat.
2502 5307 2558 5364 In
2589 5309 2747 5363 annis
2795 5326 2824 5364 a
2908 5309 3144 5379 Trojano
3191 5311 3330 5364 bello
3383 5311 3761 5374 ascribendis,

2185 5419 2372 5459 secmn
2423 5403 2542 5470 ipso
2597 5401 2840 5474 Scaliger
2880 5413 3124 5473 pugnat;
3177 5404 3229 5458 in
3265 5412 3409 5456 textu
3446 5403 3591 5455 enim
3634 5403 3758 5466 H3,

2187 5508 2246 5552 ut
2272 5498 2363 5552 hic
2392 5498 2642 5563 habetur,
2677 5497 2730 5552 in
2763 5499 2906 5553 notis
2958 5499 3104 5552 solos
3163 5497 3264 5550 155
3303 5495 3460 5565 juxta
3513 5495 3759 5550 Graecum

2186 5589 2420 5661 Syncelli
2453 5589 2711 5659 praal'ert:
2745 5587 2991 5646 recenset
3020 5603 3149 5643 vero
3198 5589 3338 5642 hanc
3371 5588 3544 5656 ipsam
3582 5591 3764 5657 perio-

2186 5683 2343 5733 cbam
2379 5693 2498 5750 poSt
2525 5695 2699 5735 annos
2726 5689 2953 5749 septem.
2986 5679 3100 5734 sive
3135 5677 3199 5728 ad
3232 5693 3379 5730 num.
3419 5676 3548 5733 978.
3588 5676 3761 5730 Porro

2189 5779 2370 5827 autem
2405 5773 2621 5842 longius
2666 5773 2736 5827 ab
2783 5773 2933 5826 omni
2969 5772 3088 5827 veri-
3129 5773 3313 5840 specie
3363 5773 3557 5836 abest.
3613 5775 3758 5842 quu-t

2187 5863 2286 5934 ait,
2325 5860 2616 5931 Eusebium
2645 5863 2728 5920 hic
2748 5863 2808 5934 jo
2825 5863 2978 5921 :ulari
3007 5861 3433 5922 hallucinatione
3456 5863 3758 5934 accepisss.
