3932 6188
207 452 305 524 851

1464 464 1880 527 VALLARSII
1923 468 2163 531 NOTAE.

3336 465 3439 531 852

206 571 351 644 quod
404 570 593 628 scribit
640 572 905 642 .Iosephus
950 575 1134 645 priore
1176 584 1364 632 contra
1422 579 1722 648 Appionem
1751 622 1765 644 ,
1798 582 1842 642 A
1872 583 2165 656 Regnorum
2193 603 2226 640 a
2258 584 2405 641 Mose
2431 595 2489 641 et
2503 601 2712 657 egressu
2738 584 2999 642 Israel'ezs
3026 581 3257 654 digypto
3291 597 3446 653 usque

209 660 594 730 Carthaginem
627 661 903 717 conditam
946 662 1117 720 fuisse
1154 676 1279 734 post
1309 669 1571 737 templum
1620 667 1779 723 Salo-

207 754 391 807 monis
426 754 586 809 annis
624 750 765 818 “3,
804 762 1123 825 ac‘putaSse
1169 767 1291 826 post
1330 757 1530 813 bellum
1583 759 1779 831 Troja-

209 850 343 897 uum
369 841 498 896 diei.
533 841 603 898 lit
630 842 777 899 enim
804 844 953 900 nullo
982 861 1132 901 mera
1164 846 1352 904 isthazc
1380 848 1648 903 calumnia
1687 864 1778 902 ar-

209 946 468 1009 gumento
516 939 752 1008 nititur,
798 940 873 997 ita
923 956 1024 999 nec
1053 941 1483 999 conlutationem
1518 952 1780 998 meretur.

209 1030 436 1097 Iosephi
463 1028 640 1100 locus,
669 1047 831 1103 quem
863 1032 1097 1090 inferius
1132 1034 1479 1104 laudabimus
1501 1074 1518 1100 ,
1551 1038 1659 1088 nan
1691 1033 1782 1088 hic

207 1132 361 1177 certe
393 1122 543 1178 venit
571 1122 809 1181 Eusebio
842 1124 896 1181 in
926 1135 1185 1182 mentem.

282 1212 403 1269 Col.
433 1210 559 1269 531.
583 1214 783 1271 .lonica
812 1215 1079 1288 migratio.
1103 1216 1343 1290 Scaliger
1358 1217 1665 1289 periocham
1695 1231 1784 1274 re-

209 1306 426 1363 censuit
444 1308 681 1363 triennio
700 1316 827 1365 ante
849 1323 865 1363 :
885 1309 1031 1382 quod
1059 1316 1113 1366 et
1141 1309 1412 1380 probarim
1445 1309 1561 1380 ipse
1577 1308 1746 1379 magis
1768 1349 1785 1375 ,

210 1406 422 1450 tantum
462 1414 598 1456 mss.
629 1400 1081 1472 suti’ragarentur.
1143 1402 1438 1458 Enimvero
1466 1401 1787 1458 Eratosthe-

208 1504 310 1542 nes
358 1506 576 1560 quoque
615 1490 759 1560 apud
814 1493 1151 1550 Clementem
1204 1488 1469 1549 Stromal.
1527 1508 1581 1555 t,
1611 1507 1786 1547 annos

212 1591 429 1633 centum
453 1592 521 1644 ,et
548 1584 907 1655 quadraginta
946 1600 977 1638 a
1010 1584 1170 1648 Troia
1198 1585 1379 1641 excisa
1421 1582 1486 1639 ad
1544 1584 1784 1640 louicam

217 1680 599 1748 migrationem
681 1690 953 1739 numerat.
1017 1681 1347 1735 Chronicum
1422 1677 1787 1734 Marmoreum

215 1772 528 1827 Oxoniense
556 1774 710 1843 iusta
741 1771 1032 1828 Marshami
1065 1773 1346 1835 rationes.
1394 1771 1541 1827 solos
1570 1781 1787 1826 centum

215 1863 437 1934 triginta
470 1871 700 1934 septem.
738 1861 817 1918 Eo
866 1863 1046 1918 adhuc
1100 1863 1289 1918 minus.
1338 1861 1697 1917 Philostratus
1732 1862 1785 1916 in

1880 679 1949 731 ml
1979 677 2334 742 Salomonem,
2352 689 2401 734 et
2419 677 2821 747 mdiﬁcationem
2850 674 3031 744 templi
3079 683 3447 742 computantur

1881 771 2013 826 uniti
2042 770 2166 824 480.
2196 770 2323 837 Quae
2349 784 2448 827 nos
2472 770 2634 824 verba
2661 769 2725 824 ad
2753 768 2980 823 aliorum
3012 764 3260 821 codicum
3288 764 3442 819 iidem

1874 860 2026 930 juxta
2053 860 2544 933 Scal‘igeruut'inde
2569 876 2905 926 amovetnus,
2935 868 3121 931 utpote
3152 873 3270 943 qua
3294 857 3449 927 plane

1863 952 2148 1020 ‘superllua
2172 964 2320 1016 sunt,
2343 969 2407 1021 ac
2427 968 2487 1008 se
2522 951 2808 1009 manifesto
2838 952 3077 1023 produnt
3122 967 3185 1005 ex
3209 952 3451 1028 variante

1881 1044 2117 1099 lectione
2136 1045 2201 1100 ad
2228 1046 2347 1101 libri
2373 1060 2524 1100 oram
2551 1054 2829 1107 annotata,
2853 1044 3195 1114 postmodum
3220 1041 3449 1122 intrusa.

1883 1121 2243 1200 Vettts'tiores,
2274 1150 2410 1205 quas
2435 1137 2672 1192 diximus
2703 1179 2719 1204 ,
2757 1135 3029 1192 editiones
3058 1121 3364 1209 nonnullae,
3396 1141 3454 1186 ut

1838 1260 1857 1278 κ
1886 1227 2000 1282 huic
2037 1226 2333 1284 lectoribus
2359 1230 2676 1301 probarent,
2700 1228 3173 1299 signiﬁcarentque
3200 1226 3306 1280 alia
3334 1240 3454 1281 esse

1887 1331 1917 1371 a
1953 1319 2404 1387 praecedentibus,
2445 1319 2501 1376 in
2541 1320 2727 1390 priore
2758 1321 2962 1376 isocolo
2990 1319 3185 1375 librum
3223 1318 3456 1387 primum

1885 1409 2084 1480 Regum
2126 1426 2224 1480 pro
2271 1411 2689 1468 tertiolaudant.
2713 1410 2822 1468 Sed
2841 1411 3040 1466 factum
3077 1409 3208 1465 illud
3229 1418 3457 1473 temere,

1886 1510 1940 1556 et
1976 1501 2185 1571 longius
2222 1502 2291 1557 ab
2326 1504 2538 1558 Eusebii
2574 1511 2777 1566 mente,
2837 1516 2970 1557 mss.
3030 1509 3166 1571 quot
3197 1503 3313 1554 scio
3339 1515 3457 1554 om-

1889 1596 2038 1651 nium
2071 1597 2126 1649 in
2157 1598 2318 1651 tertio
2340 1594 2476 1651 libro
2507 1595 2578 1650 ibi
2607 1593 2878 1650 lattdando
2903 1608 3205 1649 consensus
3237 1592 3457 1651 evincit.

1889 1689 2049 1743 etiam
2080 1703 2294 1752 eorum,
2338 1691 2557 1759 inquam
2588 1730 2603 1753 ,
2640 1688 2733 1760 qui
2762 1697 3049 1754 utramque
3079 1686 3458 1741 collectionem

1891 1780 2145 1833 retinent.
2181 1778 2301 1833 Seis
2333 1794 2517 1851 porro,
2547 1777 2839 1835 Eusebium
2869 1778 2923 1833 in
2956 1777 3116 1846 hujus
3145 1773 3464 1845 pralatione

1891 1866 2015 1921 libri
2051 1866 2199 1923 solos
2228 1866 2332 1923 479
2359 1883 2457 1936 pro
2478 1866 2581 1923 480
2609 1882 2782 1922 annos
2808 1867 2876 1922 ab
2904 1865 3090 1921 Exodo
3120 1865 3186 1920 ad
3214 1863 3466 1919 Salomo-

216 1933 515 2023 Enphorbo
541 1933 698 2009 solos
729 1961 946 2009 centum
982 1955 1174 2024 viginti
1211 1961 1440 2023 septem.
1470 1953 1574 2021 Qui
1602 1954 1668 2008 ad
1698 1970 1791 2008 us.
1824 1933 1862 1987 Β
1895 1959 1979 2013 uis
2013 1959 2270 2028 templum
2308 1933 2637 2029 supputare:
2672 1975 2776 2030 qua
2808 1957 2878 2014 de
2912 1973 2971 2015 re
3004 1957 3129 2014 vide
3162 1956 3384 2021 iterum,
3423 1954 3467 2009 si

216 2062 324 2117 que
380 2054 598 2104 centum
646 2046 1003 2118 quadraginta
1040 2058 1151 2103 tres
1183 2055 1472 2113 numeret,
1508 2056 1567 2101 ut
1599 2060 1795 2101 conse-

222 2143 402 2208 quehs
435 2148 521 2193 est
555 2138 609 2192 in
655 2138 963 2197 Pontacena
996 2148 1160 2208 atque
1192 2138 1328 2193 adeo
1360 2139 1463 2193 hac
1493 2147 1678 2193 nostra
1708 2152 1796 2194 re-

218 2226 519 2290 censione,
576 2219 1034 2280 scio'neminem.
1088 2225 1166 2280 lta
1208 2241 1340 2281 vero
1377 2223 1711 2296 praeferunt,
1764 2239 1796 2280 a

222 2334 456 2388 quorum
488 2319 591 2374 lide
624 2317 906 2373 discedere
934 2317 1089 2374 nefas
1117 2325 1237 2385 est,
1261 2328 1473 2374 veteres
1507 2319 1654 2374 libri.
1685 2317 1796 2373 Hi-

222 2410 448 2464 storians
475 2417 658 2475 repete
695 2423 764 2464 ex
814 2407 1079 2464 Pausania
1131 2409 1185 2463 in
1242 2407 1501 2465 Achaicis
1552 2424 1672 2479 cap.
1719 2407 1793 2477 2-,

223 2502 493 2558 Strabone
541 2501 639 2555 lib.
696 2516 786 2555 xtv
812 2541 829 2567 ,
893 2500 1098 2558 Velleio
1147 2500 1248 2556 lib.
1277 2516 1292 2555 l
1320 2540 1337 2566 ,
1371 2502 1559 2571 θηρὶ
1585 2542 1599 2565 ,
1629 2516 1658 2555 a
1690 2514 1800 2571 quo

222 2604 407 2649 tamen
440 2602 722 2663 peccatum
748 2602 896 2648 certe
920 2602 1001 2647 est
1025 2608 1135 2647 non
1165 2592 1271 2648 levi
1299 2592 1761 2647 metachronismo
1782 2610 1805 2661 ;»

224 2687 452 2740 omnino
495 2684 639 2741 enim
674 2699 736 2740 ea
773 2692 1014 2754 tempora
1038 2724 1053 2745 .
1089 2684 1159 2739 de
1190 2684 1389 2753 quibus
1419 2692 1484 2739 e'o
1516 2684 1618 2739 loci
1652 2685 1761 2755 agit
1784 2727 1799 2748 .

228 2774 486 2844 migratio
534 2774 727 2831 isthmc
774 2772 1076 2844 praecessit.
1128 2773 1282 2841 Quod
1333 2775 1714 2845 subiungitur,
1746 2776 1802 2829 in

224 2870 335 2933 qua‘
355 2867 575 2937 quidam
624 2868 786 2939 fuiste
822 2863 1153 2928 ﬂoriferum.
1207 2875 1315 2921 etc.
1345 2905 1362 2929 ,
1417 2865 1471 2920 in
1522 2865 1801 2921 Parmensi

223 2955 334 3008 ms.
371 2969 478 3010 non
516 2954 782 3015 habet'ur,
829 2962 885 3008 et
937 2962 995 3008 ut
1059 2966 1184 3010 vero
1237 2955 1500 3028 scriptum
1535 2955 1699 3012 fuerit
1734 2956 1803 3012 ab

228 3047 463 3102 Eusebio
502 3054 557 3101 et
603 3045 934 3118 Hieronymo
989 3047 1485 3117 (quemadmodum
1547 3049 1804 3117 superius

227 3122 579 3192 observatum
630 3145 738 3198 est,
787 3135 876 3190 ubi
920 3136 988 3191 de
1017 3130 1240 3191 Homeri
1288 3135 1515 3206 aetate),
1543 3136 1619 3191 ita
1649 3151 1801 3191 com-

230 3227 391 3283 mode
415 3229 480 3283 ad
512 3229 631 3298 ejus
656 3212 999 3298 migrationis
1024 3235 1239 3297 tempus
1259 3265 1277 3292 ,
1319 3243 1428 3284 non
1452 3227 1520 3284 ad
1545 3243 1808 3298 personas

229 3331 312 3375 cst
341 3319 710 3376 referendum.

302 3412 441 3469 ibid.
483 3412 742 3470 Salomon
775 3414 1046 3484 templum.
1083 3412 1362 3486 Scaliger,
1398 3415 1806 3469 consummavit-

230 3524 330 3574 que
361 3507 516 3562 annis
550 3512 669 3562 ort‘o
697 3551 712 3575 ,
771 3507 1140 3578 prmtermisso
1180 3507 1425 3578 pressius
1456 3505 1522 3561 ad
1559 3504 1806 3562 Graecum

233 3619 394 3668 opus,
427 3602 570 3673 quod
621 3614 818 3658 nomen
870 3611 926 3657 et
961 3600 1211 3657 nonnulli
1245 3617 1275 3658 e
1305 3601 1420 3656 suis
1461 3616 1595 3657 mss.
1623 3602 1813 3671 ingno—

232 3696 479 3751 scebant.
511 3694 618 3751 Sed
650 3704 706 3752 et
735 3696 880 3766 quod
927 3704 1043 3749 octo
1070 3694 1203 3764 legit
1249 3709 1348 3763 pro
1391 3700 1618 3760 septem,
1673 3706 1810 3756 quos

237 3789 503 3843 duntaxat
558 3789 837 3858 imponsos
884 3788 1033 3857 operi
1077 3826 1109 3854 ι
1131 3801 1238 3841 non
1300 3784 1593 3845 dimte'ur,
1659 3781 1812 3852 juxta

238 3881 486 3949 ejusdem
517 3879 845 3953 Synrelliaui
879 3890 1058 3935 textus
1116 3878 1341 3947 vestigia
1406 3886 1460 3931 et
1492 3876 1648 3929 tidem
1705 3884 1809 3933 est.

234 3970 504 4026 Cmterum
543 3982 660 4025 octo
716 3973 848 4038 legit
893 3972 1057 4025 eliullt
1092 3969 1361 4038 Prosper;
1414 3975 1574 4035 atque
1600 3967 1675 4020 ita
1710 3980 1824 4036 ροσ-

236 4063 337 4115 tuit
380 4077 565 4116 revera
597 4063 667 4118 ab
702 4061 942 4116 Eusebio
973 4060 1164 4116 scribi.
1418 4104 1427 4115 ρ

316 4154 448 4208 ibid.
496 4153 666 4223 υσθυε
695 4152 764 4206 at!
800 4157 1108 4221 prasentem
1136 4160 1360 4205 annum.
1393 4148 1617 4204 Videtur
1651 4146 1813 4203 etiam

237 4244 355 4299 hrrc
386 4245 627 4314 Scaliger
652 4285 667 4311 ,
696 4251 826 4310 mm,
856 4252 913 4297 ut
955 4257 1051 4312 par
1081 4245 1218 4296 erat.
1263 4239 1328 4296 ad
1364 4232 1813 4309 illeronymiano-

240 4354 361 4390 rum
397 4336 643 4392 codicum
676 4334 837 4392 iidem
866 4375 882 4396 .
915 4336 1008 4388 sed
1063 4335 1127 4388 ad
1163 4333 1410 4390 Graecum
1448 4330 1680 4403 Syncelli
1720 4331 1815 4383 de—

243 4430 525 4490 formasse.
581 4434 741 4499 usdue
797 4413 869 4482 (ul
913 4424 1251 4499 Salanonem
1278 4466 1292 4487 .
1328 4434 1376 4481 et
1419 4425 1816 4494 wdiﬁcatinnem

242 4520 421 4588 templi
468 4521 521 4575 in
555 4520 830 4590 principiis
880 4524 1141 4573 annorum
1174 4514 1299 4583 I80,
1330 4528 1389 4570 ut
1422 4517 1714 4587 Regnorum
1748 4515 1817 4569 li-

1899 2050 2070 2116 lubet,
2101 2050 2262 2105 modo
2291 2051 2567 2106 laudatum
2594 2050 2855 2106 Goarum.
3146 2113 3157 2123 .

1970 2141 2107 2197 Ibid.
2140 2140 2315 2228 illisce
2343 2158 2373 2196 a
2402 2141 2606 2197 diluvio
2643 2144 2712 2195 ad
2745 2141 2977 2223 Moysem
3014 2178 3030 2202 .
3083 2149 3136 2193 et
3166 2138 3233 2193 ab
3263 2136 3474 2193 Adamn

1901 2233 1965 2287 ad
2015 2233 2297 2299 diluvium,
2339 2242 2396 2288 ut
2421 2245 2478 2291 et
2508 2235 2927 2305 subsequentem
2958 2232 3333 2288 collertionern
3371 2245 3476 2283 an-

1900 2338 2093 2378 norum
2125 2323 2287 2388 4169,
2316 2324 2385 2379 ab
2420 2321 2639 2380 Eusebii
2667 2322 2879 2379 calamo
2907 2325 3180 2394 prolectas
3211 2335 3352 2384 esse,
3380 2320 3473 2374 vix
3542 2360 3547 2363 Α

1899 2415 2139 2480 credam,
2170 2423 2265 2471 aut
2292 2430 2364 2472 ne
2398 2416 2488 2471 vix
2541 2415 2781 2494 quidem.
2811 2414 2892 2471 Ad
2942 2430 3055 2471 rem
3087 2421 3232 2469 certe
3267 2409 3480 2467 faciunt

1900 2508 2126 2562 omnino
2172 2506 2311 2562 nihil
2350 2524 2369 2560 ε-
2421 2506 2688 2574 siquidem
2726 2513 2919 2575 auctor
2950 2506 3055 2560 hoc
3105 2505 3160 2560 in
3193 2504 3368 2574 Opere
3398 2502 3479 2558 ita

1901 2597 2007 2653 sibi
2048 2598 2324 2669 proposuit
2353 2638 2369 2663 ,
2404 2597 2550 2654 solos
2577 2598 2647 2652 ah
2672 2597 2977 2652 Abrahamo
3006 2612 3176 2652 annos
3208 2597 3480 2663 digerere,

1903 2700 1962 2744 ut
2004 2692 2370 2760 pracedeutes
2407 2705 2437 2746 a
2478 2690 2667 2746 mundi
2706 2689 2926 2746 conditu
2959 2690 3121 2745 semel
3155 2698 3317 2757 atque
3354 2687 3482 2743 obi-

1901 2794 1983 2840 ter
2015 2791 2071 2838 et
2106 2783 2270 2838 verbo
2307 2793 2463 2838 tenus
2485 2785 2540 2838 in
2572 2783 2691 2839 libri
2729 2783 3045 2855 pradation‘e
3079 2790 3363 2836 memoret.
3393 2778 3481 2833 'l‘u

1904 2875 2106 2932 videsis
2160 2892 2281 2945 quae
2338 2876 2403 2930 ad
2438 2890 2562 2931 eum
2596 2876 2776 2931 locum
2813 2875 2917 2930 col.
2956 2874 3027 2929 ‘26
3066 2883 3121 2927 et
3169 2889 3285 2944 seq.
3322 2872 3485 2927 nobis

1903 2966 2189 3022 observata
2217 2975 2365 3020 sunt.
2399 2963 2476 3020 Ex
2515 2978 2580 3019 eo
2608 2980 2838 3036 parergo
2891 2964 3168 3019 studiosus
3206 2977 3486 3017 nonnemo

1903 3058 2018 3112 hate
2050 3057 2355 3124 acceperit:
2414 3054 2616 3122 accepit
2645 3062 2794 3110 certe
2840 3054 3124 3125 Syncellus
3154 3068 3281 3123 pag.
3321 3053 3434 3108 “5
3468 3091 3486 3116 ,

1908 3147 1996 3203 ubi
2025 3147 2122 3213 ait,
2159 3146 2227 3200 ah
2251 3144 2458 3201 Adamn
2494 3145 2559 3201 ad
2592 3145 2627 3199 9
2661 3145 2968 3201 Salomonis
2998 3160 3168 3199 annos
3199 3146 3487 3213 supputarl

1908 3237 2053 3295 κατὰ
2081 3238 2344 3292 Εὐσέϐιον
2376 3233 2506 3305 ὄρθ’,
2533 3237 2693 3307 juxta
2725 3236 3009 3292 Eusebium
3046 3236 3206 3296 H70.
3253 3251 3361 3289 uno
3388 3251 3487 3289 su-

1908 3342 2005 3399 pra
2037 3328 2208 3399 ipsius
2244 3327 2460 3383 Eusebii
2492 3327 2750 3383 rationes.
2779 3326 3142 3383 Nihilosecius
3168 3342 3230 3381 ea
3253 3327 3488 3392 reficere

1908 3428 2099 3479 contra
2138 3436 2271 3476 mss.
2334 3419 2495 3475 ﬁdem
2554 3434 2662 3474 non
2737 3419 2893 3475 licuit
2937 3438 2951 3473 :
2989 3420 3115 3486 qultt
3151 3421 3260 3471 imo
3313 3415 3488 3473 Simul

1909 3530 2009 3585 pro
2025 3512 2307 3578 Similiter,
2332 3512 2476 3582 quod
2507 3511 2766 3567 mendose
2786 3511 3090 3581 legebatur,
3118 3510 3172 3564 in
3201 3517 3489 3581 postrema

1910 3619 2120 3661 summa
2158 3601 2572 3674 emendavimus
2602 3599 2919 3657 eorumdem
2954 3614 3077 3680 ope.

1984 3699 2119 3754 lbizi.
2153 3697 2347 3754 Sadoa.
2407 3692 2566 3753 Hunc
2622 3695 2964 3753 restituimus
2998 3695 3230 3764 promise
3283 3693 3403 3749 sedi
3433 3691 3487 3746 in

1914 3791 2265 3846 Hebraeorum
2308 3790 2419 3853 lito,
2476 3804 2598 3846 cum
2652 3788 2795 3843 inter
2851 3786 3293 3841 Lacedaemonios
3323 3793 3484 3839 antea

1916 3881 2235 3953 peregrinus
2276 3889 2484 3950 ageret.
2546 3882 2603 3935 ln
2637 3878 2914 3935 Parmensi
2951 3888 3194 3934 ms..non
3222 3875 3259 3931 8
3285 3916 3301 3936 .
3332 3875 3427 3930 sed
3456 3874 3492 3931 9

1916 3972 1983 4026 ab
2014 3974 2192 4027 Aaron
2240 3973 2483 4027 sacerdos
2542 3970 2763 4028 dicitur.
2801 3969 3087 4040 Synceiius
3115 3978 3296 4022 tamen
3352 3967 3488 4022 iide-

1912 4063 2098 4134 jussor
2145 4061 2462 4119 Euseliianae
2518 4062 2850 4119 recensionis
2892 4079 2905 4114 :
2947 4059 3240 4130 Ἐϐραίων,
3280 4057 3484 4127 inquit.

1916 4153 2207 4224 ἀρχιερεὺς
2231 4151 2284 4222 η’
2314 4153 2422 4207 ἀπὸ
2462 4153 2674 4223 Ἀαρὼν
2728 4150 2914 4205 Σαδὼκ
2964 4146 3296 4219 ἑγνωρίζετο
3347 4146 3489 4202 κατὰ

1916 4247 2009 4299 τὸν
2034 4244 2313 4309 Εὐσέϐιον,
2338 4244 2478 4297 κατὰ
2502 4244 2560 4298 δὲ
2579 4243 2670 4297 τὸν
2706 4241 2909 4311 ἀκριόῆ
2956 4239 3117 4307 λόγον
3146 4235 3213 4291 ια’
3256 4238 3408 4291 ἐστὶν
3462 4237 3491 4291 ὃ

1920 4337 2110 4389 suam
2146 4336 2254 4389 ἀπὸ
2293 4337 2525 4403 Ἀαρὼν,
2577 4354 2632 4388 κ.
2657 4352 2708 4388 τ.
2759 4333 2810 4389 λ.
2869 4331 3117 4388 Summus
3150 4328 3490 4385 Hebraeorum

1921 4422 2159 4496 pontifex
2183 4426 2346 4495 juxta
2384 4425 2661 4480 Eusebium
2697 4434 2909 4478 octarus
2944 4421 3010 4476 ab
3044 4420 3250 4476 Acrone
3284 4417 3492 4474 Sodoeh

1924 4527 2221 4573 recensetur
2249 4558 2264 4582 ,
2295 4520 2386 4589 qui
2412 4519 2571 4585 juxta
2605 4515 2950 4585 diligentioris
2982 4510 3226 4567 laterculi
3252 4508 3491 4565 ordinem

243 4614 338 4667 ber
375 4614 558 4667 tertius
599 4608 898 4667 testimonio
930 4617 1031 4665 est.
1082 4607 1141 4662 In
1175 4607 1328 4664 Notis
1364 4609 1541 4663 locum
1584 4605 1815 4676 Syttcelli
1851 4600 1893 4655 D
1925 4610 2228 4664 undecimus
2256 4608 2535 4663 inuenitur.
2575 4606 2803 4677 Reponit
2832 4613 3024 4660 octavo
3049 4603 3189 4665 loco,
3228 4610 3285 4656 ut
3319 4602 3488 4663 vides,

242 4704 434 4758 recitat
462 4702 796 4773 singillatim,
822 4702 914 4772 qui
939 4707 1178 4757 veterem
1206 4713 1269 4753 ac
1326 4696 1638 4753 tralatitiam
1666 4710 1816 4763 quim-

243 4795 474 4849 stionem
495 4794 561 4849 de
580 4808 842 4849 annorum
869 4805 1080 4848 summa
1101 4790 1169 4844 ab
1188 4788 1371 4844 Exodo
1390 4788 1455 4842 ad
1473 4786 1816 4844 Salomouem

239 4889 395 4958 juxta
449 4886 646 4940 librum
696 4882 997 4950 iudicum,
1054 4894 1219 4953 atque
1272 4882 1406 4937 Acta
1446 4880 1817 4949 apostolorum

244 4988 432 5032 contra
465 4975 755 5030 Eusebium
790 4975 1102 5031 instaurat:
1134 4988 1239 5042 qua
1274 4972 1340 5027 de
1391 4987 1451 5027 re
1494 4971 1661 5041 piget,
1703 4985 1822 5038 qute

246 5073 313 5123 ah
335 5069 456 5125 aliis
488 5069 680 5124 'solidis
712 5068 1077 5122 voluminibus
1110 5075 1341 5120 tractata
1370 5072 1520 5128 sunt,
1547 5080 1611 5119 ac
1641 5064 1817 5124 nobis,

248 5158 427 5217 quoad
456 5156 576 5228 ejus
608 5155 890 5221 intererat,
923 5156 1039 5211 suis
1068 5156 1201 5210 locis
1229 5154 1500 5224 exposita,
1534 5146 1819 5221 replicare.

253 5248 370 5304 Erit
398 5263 526 5303 vero
558 5251 736 5317 Operae
770 5244 1002 5315 pretium
1034 5244 1183 5298 adire
1214 5243 1450 5301 Goarum
1484 5246 1537 5298 in
1576 5244 1727 5299 Notis
1757 5243 1822 5296 ad

251 5355 376 5394 eum
410 5339 585 5394 locum
622 5354 743 5409 pag.
777 5336 853 5393 44·
883 5345 939 5391 et
965 5352 1104 5405 scq..
1139 5334 1227 5390 ubi
1288 5350 1546 5405 perquam
1579 5349 1706 5390 vere
1737 5347 1823 5387 at-

252 5445 360 5497 que
389 5430 599 5484 erudite
629 5438 816 5483 contra
856 5425 1188 5495 Scaligerum
1218 5423 1438 5481 disserit
1469 5464 1485 5489 ,
1512 5440 1742 5492 eumque
1771 5434 1837 5479 et-

255 5522 527 5593 depravati
569 5519 859 5580 Eusebiani
893 5527 1097 5579 textus,
1158 5526 1212 5570 et
1263 5531 1545 5584 perperam
1592 5520 1843 5585 accepta).

254 5614 557 5670 sententiae.
588 5627 652 5665 ex
690 5610 924 5681 Sgncelli
965 5617 1145 5663 mente
1177 5607 1424 5677 pluribus
1463 5606 1839 5676 reprehendit,‘

332 5703 467 5756 Ibid.
502 5706 536 5755 Α
572 5703 788 5759 diluvio.
822 5701 879 5756 lu
908 5699 1213 5755 Pontacena
1238 5708 1291 5753 et
1319 5697 1700 5752 vetustioribus
1728 5697 1827 5750 alia

263 5803 394 5858 ηιιοι
445 5791 793 5857 editionibus,
861 5798 922 5845 ut
973 5797 1027 5846 et
1088 5803 1221 5845 mss.
1288 5787 1565 5842 nonnullis
1630 5787 1828 5840 iterum

262 5886 455 5948 istim-t3
487 5883 714 5942 additur
747 5881 1027 5937 collectio:
1069 5880 1364 5939 Secundum
1397 5880 1607 5936 tertium
1641 5878 1830 5933 librum

220 6132 331 6141 φ...-

1922 4717 1985 4757 ex
2019 4700 2253 4762 Eusebio
2277 4700 2439 4754 etiam
2466 4698 2720 4754 Chronici
2745 4695 3021 4751 Paschalis
3050 4703 3263 4749 auctor.
3306 4693 3491 4748 Scali-

1922 4807 2017 4863 ger
2047 4792 2161 4857 ait;
2194 4791 2252 4846 In
2304 4789 2618 4858 posteritate
2649 4788 2866 4842 Aharna
2898 4786 3007 4841 duo
3069 4784 3224 4840 fuere
3273 4784 3486 4839 Sadoc:

1923 4882 2071 4952 prior
2091 4880 2412 4936 undecimus
2431 4881 2499 4935 ab
2520 4880 2735 4935 Aharon
2757 4878 2798 4948 (Ι
2816 4877 3103 4941 Chronm,
3126 4877 3204 4938 8),
3218 4875 3491 4941 posterior

1923 4971 2168 5027 decimus
2193 4979 2421 5027 octavus
2452 4972 2521 5025 ab
2540 4969 2733 5026 eodem
2762 4969 2981 5023 Aharon
3014 4966 3173 5043 (ibid.
3209 4963 3377 5035 lapis
3401 4966 3487 5016 vi-

1922 5063 2004 5119 xit
2034 5061 2136 5117 sub
2166 5063 2370 5118 Davide
2429 5059 2491 5133 (il
2526 5060 2765 5116 Samuel.
2818 5073 2938 5127 vm,
2997 5059 3107 5126 l7).
3165 5056 3278 5113 Hoc
3306 5067 3486 5111 autem

1925 5168 2070 5210 anno
2093 5153 2198 5210 985
2248 5153 2551 5210 sacerdotio
2571 5153 2900 5223 iungebatur
2923 5166 3029 5206 non
3053 5150 3155 5205 iste
3174 5149 3368 5212 Sador,
3389 5144 3487 5203 sed

1924 5247 2148 5300 Az-trias
2167 5260 2400 5316 proavos
2431 5245 2592 5301 istius
2619 5242 2817 5307 Sadoc,
2834 5243 2981 5313 quod
3011 5243 3182 5297 miror
3218 5242 3258 5310 (1
3277 5239 3485 5295 Chron.

1926 5334 2114 5404 miti).
2135 5335 2263 5388 Erat
2279 5334 2423 5388 enim
2442 5332 2666 5403 quintus
2689 5332 2931 5386 decimus
2956 5329 3023 5384 ab
3044 5329 3286 5385 Aharna.
3312 5328 3490 5393 Quare

1926 5424 2103 5483 nodus
2147 5423 2238 5479 ille
2272 5423 2494 5478 meliore
2524 5421 2736 5476 vindice
2768 5420 3008 5491 indiget,
3038 5433 3203 5489 quam
3238 5433 3343 5476 me.
3376 5415 3484 5472 Sed

1929 5517 2074 5585 quod
2108 5514 2200 5570 hic
2251 5513 2472 5583 dicitur,
2528 5514 2672 5568 hunc
2701 5511 2875 5566 Sadoc
2906 5510 3073 5566 fuisse
3115 5519 3358 5565 octavum
3414 5506 3486 5561 ab

1932 5606 2171 5668 Aharou,
2213 5613 2307 5657 aut
2339 5601 2492 5658 deest
2548 5610 2675 5656 nota
2699 5597 2911 5656 denarii
2941 5596 3173 5661 numeri,
3204 5610 3324 5673 ρειαί
3368 5594 3489 5648 luee-

1930 5699 2002 5753 rit
2025 5705 2249 5752 octavus
2281 5694 2544 5759 decimus,
2574 5702 2668 5750 aut
2698 5702 2779 5747 est
2805 5705 2960 5748 error
2982 5689 3244 5745 solemnis
3304 5697 3489 5742 aucto-

1932 5789 2028 5845 ris.
2059 5785 2163 5850 Tu,
2196 5800 2262 5839 ne
2292 5784 2565 5852 longiores
2597 5796 2754 5852 tarpio
2786 5782 2876 5837 hic
2925 5780 3117 5854 simus,
3152 5778 3300 5835 adito
3322 5776 3489 5835 Criti-

1934 5894 2028 5937 cos
2067 5891 2253 5935 sacros
2285 5876 2517 5931 maxime
2553 5876 2608 5931 in
2638 5874 2703 5931 lll
2742 5873 2947 5939 Regum
2987 5888 3027 5933 I.
