3964 6186
338 394 445 456 8ῧό

1595 391 1998 453 \‘ALLARSII
2027 392 2266 460 N1)T.~E.

3464 387 3501 450 8
3518 387 3608 453 Mt

409 498 542 551 Ibid.
580 494 813 567 Sylvius.
844 493 1018 550 Verba
1048 494 1211 565 Sylvii
1240 499 1429 553 zEnea:
1460 500 1620 568 ﬁlius,
1654 499 1918 553 Parmen-
1943 502 1991 557 Α
2018 499 2202 558 Grzcce
2220 503 2499 572 Σέμενδις,
2519 505 2743 574 reliquis
2763 503 3015 560 omnibus
3039 503 3191 559 libris
3211 499 3597 557 contradicen-

337 586 414 640 sis
444 602 546 641 ms.
583 593 743 640 tacet.
771 584 1027 639 Dissentit
1049 585 1104 639 in
1129 586 1291 640 annis
1308 586 1626 657 Syncellus;
1665 588 1758 641 sed
1791 600 1907 638 ma-

340 678 553 733 nifestis
573 677 693 730 aliis
714 677 767 730 in
791 675 1107 731 Latinorum
1150 691 1336 746 regum
1386 679 1527 733 serie
1549 678 1909 733 describenda

341 770 554 827 mendis
588 783 695 822 non
729 776 899 823 caret.
1560 770 1579 781 ’

411 860 549 915 Ibid.
586 859 834 928 Agelaus.
879 855 1181 911 Emendare
1236 865 1458 924 praestat
1506 846 1810 928 Syncellum
1844 874 1913 915 ex

340 953 448 1006 alio
477 952 618 1019 apud
655 954 949 1017 ipsummet
978 949 1100 1002 loco
1142 947 1357 1002 Diodori
1399 949 1463 1002 de
1497 944 1912 1003 Corinthiorum

341 1034 571 1112 imperio
590 1041 845 1111 pagJLS,
866 1041 958 1094 ubi
972 1040 1203 1108 Ἀγέλας
1226 1041 1320 1117 ἔτη
1338 1040 1442 1108 λζ’,
1458 1055 1652 1109 quema
1675 1040 1913 1094 lmodum

342 1138 484 1206 apud
526 1135 845 1199 Eusebium,
881 1150 1138 1201 regnasse
1166 1136 1387 1189 dicitur.

305 1267 318 1283 ς
413 1227 531 1284 Col.
565 1225 688 1283 329.
722 1227 1010 1298 Carthago.
1051 1227 1109 1282 In
1144 1225 1490 1298 Scaliger-ana
1522 1227 1762 1282 editione
1792 1235 1919 1280 ante

306 1302 311 1311 ’
342 1321 481 1374 t'uns
510 1335 681 1375 annos
717 1320 832 1375 haec
864 1319 1100 1375 refertur
1126 1323 1391 1373 sententia
1431 1338 1447 1374 :
1491 1321 1684 1390 legitur
1705 1336 1921 1390 quoque

343 1412 559 1464 condita
614 1426 713 1478 pro
769 1414 1042 1466 conditur.
1082 1411 1177 1466 IIis
1210 1426 1330 1481 qua:
1370 1412 1539 1465 multa
1581 1413 1818 1465 diximus
1855 1413 1921 1467 de

345 1505 509 1558 huius
523 1504 742 1558 conditu
763 1505 915 1558 urbis
939 1503 1191 1574 superius
1214 1504 1279 1558 ad
1308 1520 1460 1558 num.
1478 1503 1586 1558 79S
1607 1513 1661 1558 et
1677 1504 1742 1558 ad
1768 1520 1920 1558 num.

344 1596 474 1655 971,
503 1596 639 1649 adite
679 1612 824 1653 nunc
858 1607 1140 1665 tanmpere
1175 1606 1429 1650 vexatum
1481 1595 1700 1663 Iosephi
1741 1597 1922 1649 locum

345 1688 617 1757 Antiquit.
658 1689 751 1742 lib.
785 1704 861 1752 ιχ,
891 1704 1010 1757 cap.
1049 1689 1145 1743 l4:
1188 1687 1363 1758 Hujus
1403 1687 1808 1759 (Pygmalionis)
1840 1704 1923 1740 re-

347 1781 440 1849 gni
464 1795 602 1832 anno
623 1781 842 1847 septimo
870 1796 1022 1833 soror
1049 1781 1182 1834 Dido
1210 1781 1262 1833 in
1299 1784 1331 1832 Α
1343 1780 1488 1850 frica:
1512 1780 1774 1833 civitatem
1799 1780 1927 1833 trdi-

346 1870 525 1938 ﬁcavit
555 1870 947 1941 Carthaginem.
987 1871 1175 1944 Itaque
1202 1872 1468 1938 colligitur
1519 1881 1720 1940 tempus
1777 1889 1809 1923 a
1842 1888 1927 1923 re-

346 1978 453 2030 gno
516 1960 747 2025 Ilirami,
786 1965 1040 2033 usquead
1107 1962 1507 2032 artlificationem
1552 1962 1932 2031 Carthaginis,

345 2069 614 2106 annorum
652 2052 754 2108 I55
792 2065 839 2107 et
870 2058 1129 2108 mensium
1160 2056 1212 2108 8.
1255 2055 1386 2107 Cum
1447 2070 1566 2106 vero
1621 2054 1930 2107 duodecimo

351 2161 496 2197 anno
534 2144 694 2212 lirtjus
731 2147 879 2214 regni
936 2147 990 2200 in
1059 2144 1446 2217 Hieroso'ymis
1484 2146 1800 2214 (t'diﬁcatuut
1865 2147 1934 2195 sit

353 2234 632 2304 templum,
668 2236 724 2304 fit
761 2237 823 2289 ab
854 2238 1210 2306 testificatione
1276 2238 1481 2308 templi,
1514 2254 1676 2308 usque
1702 2241 1772 2290 ad
1805 2253 1930 2290 cou-

352 2328 700 2381 structionent
729 2325 1067 2398 Carthaginis
1099 2337 1325 2400 tempus,
1355 2345 1611 2383 annorum
1646 2328 1768 2391 14⁷5,
1792 2345 1936 2382 tuen-

352 2418 498 2470 sium
527 2416 580 2471 8.
636 2417 835 2473 Verum
874 2418 1015 2474 hanc
1069 2434 1339 2474 summam
1375 2436 1440 2474 ex
1509 2418 1931 2488 praecedentium

360 2510 719 2577 imperiorum
780 2512 938 2564 annis
974 2510 1113 2565 haud
1148 2512 1364 2575 confici,
1405 2520 1649 2567 notatum
1688 2524 1770 2567 est
1808 2522 1935 2568 ante

356 2616 466 2656 nos
493 2600 671 2656 doctis
701 2602 852 2656 viris.
896 2602 1034 2657 Sunt
1065 2603 1199 2658 adeo
1237 2605 1329 2673 qui
1385 2615 1593 2674 putant,
1634 2604 1933 2673 Iosephdm

361 2708 472 2747 non
500 2695 660 2747 modo
693 2708 933 2749 summas
985 2694 1107 2747 illas
1162 2709 1256 2763 per
1286 2710 1557 2749 summam
1594 2696 1936 2751 oscitantiam

361 2785 803 2854 transposuisse:
830 2786 922 2840 sed
945 2786 1076 2840 etin
1100 2787 1257 2839 annis
1277 2786 1639 2857 Pygmalionis
1661 2803 1937 2857 peccasso,

361 2891 489 2929 cum
528 2876 821 2941 septimum
859 2891 957 2943 pro
995 2878 1411 2944 quadragesimo
1440 2878 1669 2945 septimo
1702 2881 1937 2946 scripsit.

270 2962 307 3017 ’.ξε
360 2964 496 3021 Eam
520 2967 738 3035 culpam
768 2968 859 3022 alii
893 2970 1101 3022 malunt
1130 2970 1182 3023 in
1212 2969 1473 3024 librarios
1507 2973 1747 3042 rejicere.
1789 2972 1942 3026 Cou—

264 3061 336 3136 ρρικτ
395 3057 535 3111 entit
558 3067 737 3112 tamen
761 3057 997 3128 Iosepho
1020 3058 1258 3114 Velleius
1289 3061 1606 3119 Paterculus
1629 3064 1721 3117 lib.
1755 3079 1789 3127 t,
1819 3080 1940 3133 cap.

2014 589 2181 647 tibus.
2230 591 2472 648 African.
2515 594 2748 663 Σμεδῆν.
2778 595 2849 648 al.
2882 593 3133 663 Σμεδρῆν
3166 600 3347 646 vocat.
3375 588 3584 658 Oppidc

2012 693 2227 757 autem,
2248 687 2467 755 gravius
2509 698 2695 757 peccat
2724 687 2774 741 in
2804 688 2920 757 cjns
2952 686 3103 756 regni
3136 687 3295 741 anuis
3330 682 3592 752 Scaliger,

2012 776 2104 844 qui
2131 756 2277 830 seros
2304 778 2353 831 ei
2394 778 2581 831 tribuit
2616 780 2700 843 I9,
2754 756 2877 833 cuin
2912 779 3149 846 integros
3196 777 3268 832 39
3318 776 3587 844 assignenl

2014 866 2285 922 Eusebius
2306 877 2465 935 atque
2489 872 2775 926 Africanus
2798 886 2858 923 ex
2883 871 3022 922 libro
3044 870 3205 923 tertio
3229 867 3591 935 Mauethonis,

2014 975 2078 1014 ac
2104 961 2323 1017 totidem
2357 958 2761 1031 Ilioronyotiani
2809 976 3021 1031 quoque
3048 961 3264 1014 codices
3296 960 3411 1024 pari
3463 973 3585 1011 con-

2015 1067 2178 1106 sensu
2212 1053 2519 1123 praeferant.
2537 1034 2618 1108 Cl.
2645 1054 2962 1108 Perizonius
2990 1068 3106 1120 cap.
3138 1052 3167 1104 4
3193 1050 3416 1120 Egypt.
3445 1048 3593 1113 Orig.

2019 1157 2124 1194 non
2150 1143 2363 1197 dubitat
2383 1144 2514 1210 quin
2543 1159 2635 1198 rex
2664 1159 2794 1205 Lvtt,
2823 1144 3077 1200 Amedes.‘
3102 1141 3173 1196 sit
3218 1142 3357 1196 idem
3403 1144 3495 1210 qui
3546 1142 3600 1193 in

2017 1231 2185 1287 lucce
2226 1235 2470 1306 dynastis
2507 1250 2595 1287 xxt
2654 1237 2859 1301 primus
2889 1246 2966 1286 est
3001 1234 3236 1291 Smedes.
3268 1248 3392 1286 cum
3428 1240 3484 1285 et
3510 1246 3606 1284 uo-

2022 1336 2144 1373 mcn
2203 1323 2257 1375 in
2318 1338 2420 1374 una
2453 1331 2658 1375 tantum
2685 1323 2883 1385 littora,
2934 1335 2989 1375 et.
3047 1322 3281 1390 spatium
3308 1322 3457 1390 regni
3496 1333 3608 1373 uno

2023 1420 2231 1463 tantum
2266 1428 2410 1466 anno
2431 1414 2715 1482 discrepet.
2763 1414 2959 1467 Recole
3006 1430 3126 1479 quae
3180 1414 3429 1479 superius
3462 1411 3610 1465 dicta

2023 1512 2152 1557 sunt
2181 1504 2245 1556 de
2272 1507 2658 1559 Antmenemme
2691 1505 2755 1557 ad
2790 1521 2943 1558 num.
2975 1504 3098 1559 803.

2096 1591 2235 1648 Ibid.
2270 1591 2572 1663 Pryminas.
2611 1594 2687 1648 Ita
2720 1603 2772 1648 et
2826 1594 2994 1648 nostri
3043 1592 3265 1647 codices
3289 1587 3594 1659 prmferuht

2026 1693 2081 1736 et
2109 1685 2431 1738 vetustiores
2458 1685 2746 1740 editiones.
2797 1686 2977 1740 Primo
3030 1685 3271 1739 Palatino
3302 1683 3605 1752 Prymuias,

2028 1773 2233 1828 dicitur
2266 1793 2281 1830 :
2318 1775 2593 1846 Scaligero
2657 1775 2933 1841 Pruumis,
2970 1786 3025 1831 et
3065 1778 3253 1832 Graece
3304 1777 3608 1845 Προύμνις,

2033 1865 2491 1933 quemadmodum
2521 1876 2577 1922 et
2609 1866 2886 1923 Pausmiat
2924 1870 2975 1922 in
3000 1866 3372 1925 Corinthiacis
3403 1883 3522 1934 cap.
3557 1868 3619 1923 4·

2038 1955 2273 2010 Diodoro
2309 1958 2451 2026 apud
2468 1955 2780 2027 Syncellum
2811 1974 2934 2031 pag.
2969 1960 3093 2027 145,
3129 1959 3424 2031 Προύμνης
3455 1977 3467 2013 :
3506 1943 3623 2029 ipse

2038 2056 2219 2100 autem
2257 2047 2476 2116 praefert
2503 2047 2792 2118 Πρύμνης.

2105 2135 2223 2191 Col.
2260 2139 2383 2193 555.
2419 2139 2701 2210 Doryssus.
2748 2138 2969 2194 Rectius
3000 2130 3058 2195 in
3085 2140 3629 2212 ScaligerianisEclo-

2035 2226 2137 2296 gis,
2160 2236 2213 2282 et
2234 2230 2373 2295 apud
2394 2226 2716 2283 Pausaniam
2744 2228 2796 2282 in
2824 2227 3107 2285 Laconicis
3141 2230 3399 2301 Doryssus
3432 2231 3519 2285 hic
3542 2232 3629 2285 di-

2036 2322 2201 2384 citur,
2249 2320 2342 2375 ubi
2397 2330 2453 2375 et
2485 2321 2764 2390 Agesilaus
2802 2319 3019 2389 DorySsi
3061 2323 3199 2375 (ilius
3234 2338 3295 2376 ac
3343 2336 3631 2376 successor

2039 2423 2389 2468 memoratur:
2419 2413 2556 2474 Τοὺς
2591 2413 2644 2465 δὲ
2675 2413 2870 2481 ἑφεξῆς
2889 2412 3311 2483 βασιλεύσαντας
3336 2413 3432 2480 τῆς
3458 2415 3633 2474 οἰκίας

2035 2504 2262 2571 ταύτης,
2278 2505 2542 2573 Δόροσςον
2567 2505 2657 2559 τὸν
2679 2504 2930 2567 Λαϐώτα,
2958 2506 3049 2558 καὶ
3072 2506 3169 2573 ’Δγ
3181 2506 3397 2574 ςσξλαον
3419 2506 3555 2574 Δορύ
3568 2523 3628 2557 σ-

2041 2594 2299 2650 oouJam
2324 2598 2477 2666 quiin
2500 2614 2716 2668 regnum
2749 2614 2813 2651 ex
2864 2598 2964 2651 hac
2991 2598 3197 2667 familia
3245 2608 3634 2669 successerunt,

2036 2688 2332 2759 Daryssvtm
2378 2689 2590 2744 Labotrv
2625 2691 2820 2754 ﬁlium,
2843 2703 2891 2745 et
2930 2692 3231 2760 Agesilaum
3258 2691 3494 2761 Doryssi.
3529 2690 3630 2743 La-

2043 2782 2138 2835 tini
2162 2783 2380 2854 quidam
2404 2784 2791 2839 mss.Dorintus
2808 2795 2857 2837 et
2887 2785 3170 2837 Dorintlms
3198 2784 3634 2849 vitimedrabent.

2115 2875 2251 2931 Ibid.
2286 2876 2418 2943 ρυω
2465 2878 2791 2930 vocabantur
2812 2877 2977 2935 Juda.
3010 2878 3153 2933 Idem
3184 2878 3350 2932 ferme
3402 2877 3636 2933 habetur

2044 2965 2097 3020 in
2130 2966 2355 3029 Graecis.
2395 2968 2457 3020 ἐκ
2492 2969 2664 3038 φύλης
2688 2969 2859 3023 Ἰούδπι
2892 2968 3071 3038 :qttod
3102 2981 3183 3022 est
3212 2970 3429 3039 quidem
3483 2983 3637 3023 com-

2049 3060 2628 3134 mode'accipiettdum;
2663 3079 2836 3132 neque
2857 3064 3026 3125 enim,
3052 3071 3109 3115 ut
3134 3065 3208 3115 ait
3235 3060 3497 3131 Sealiger.
3530 3059 3627 3115 Iu-

288 3144 295 3151 ’
360 3146 422 3212 6,
453 3147 544 3202 ubi
573 3148 982 3245 Carthaginem-
1018 3164 1113 3218 per
1145 3151 1196 3204 id
1255 3154 1515 3222 temporis
1581 3157 1858 3210 conditam
1913 3172 1939 3207 a
1970 3188 2015 3245 ς
2057 3159 2155 3214 daei
2192 3157 2349 3217 dicti.
2376 3154 2520 3227 quod
2555 3169 2708 3225 reges
2743 3170 2929 3209 eorum
2962 3162 3144 3208 essent
3174 3169 3240 3210 et;
3272 3153 3415 3206 tribu
3477 3149 3641 3218 Iuda,

366 3240 576 3293 Didone
609 3239 793 3303 refert,
827 3254 936 3309 quo
965 3239 1243 3310 Lycurgus
1278 3242 1701 3299 Lacedtemoniis
1768 3246 1942 3315 legum

364 3339 560 3383 auctor
584 3328 704 3385 fuit.
739 3331 960 3384 Scilicet
991 3346 1019 3383 a
1052 3331 1298 3403 Lycurgo
1329 3334 1393 3386 ad
1428 3350 1628 3389 artuum
1693 3336 1939 3405 proxime

364 3420 707 3490 olympiadas
745 3423 1160 3491 pracedentem,
1199 3424 1584 3480 Eratosthenes
1642 3429 1783 3496 apud
1815 3427 1943 3482 Cle-

367 3522 609 3566 mentem
646 3513 936 3566 Alesaodr.
976 3529 1148 3568 annos
1210 3515 1312 3580 108
1353 3516 1515 3569 tradit
1540 3514 1771 3571 ﬂuxisse
1797 3558 1812 3581 ,
1853 3517 1946 3585 qui

364 3603 520 3672 juxta
539 3602 757 3672 Iosephi
784 3616 1017 3659 mentem
1047 3605 1099 3658 in
1123 3620 1324 3660 annum
1344 3605 1687 3678 Carthaginis
1716 3591 1949 3663 condita:

364 3694 611 3763 primum
654 3694 865 3748 incidit.

454 3785 562 3841 ‘Iol.
632 3787 756 3842 335.
831 3786 1010 3842 Tertio
1065 3803 1213 3841 mare
1286 3787 1519 3843 Thraces
1583 3790 1948 3844 obtinuerunt.

368 3879 591 3934 Primus
625 3879 853 3934 Palatin.
887 3896 993 3934 ms.
1028 3881 1169 3935 hanc
1200 3881 1365 3950 ῥῆσιν
1397 3896 1542 3935 anno
1572 3884 1957 3951 subsequenti,

374 3971 620 4041 Scaliger
654 3971 959 4041 insequenti
992 3971 1080 4027 alii
1140 3976 1384 4041 apponit.
1444 3974 1598 4041 Quod
1640 3973 1842 4028 dicitur
1874 3976 1950 4030 in.

370 4063 565 4118 Graeco
592 4062 686 4132 ἐτη
731 4062 830 4126 00',
869 4079 1041 4117 annos
1070 4066 1164 4130 79,
1196 4066 1436 4120 Thraces
1467 4070 1631 4120 maris
1662 4069 1951 4135 imperium

370 4155 695 4215 obtinuisse,
713 4157 1016 4224 colligasex
1038 4157 1271 4229 Syncclli
1292 4159 1575 4223 eonte'xtu,
1610 4159 1953 4214 librariorum

374 4258 498 4298 esse
525 4244 717 4299 vitium
752 4260 850 4312 pro
883 4244 968 4303 ιϐ’.
1002 4248 1113 4305 19...

445 4335 573 4396 Col.
597 4340 723 4396 35!.
757 4339 1043 4393 Homerum
1075 4346 1123 4393 et
1153 4336 1454 4391 Hesiodum.
1493 4334 1618 4392 Haec
1640 4336 1799 4390 refcrt
1827 4338 1960 4389 Sca-

376 4436 515 4507 Iiger
545 4446 672 4489 ante
716 4447 890 4489 annos
921 4431 1226 4485 duodecim:
1258 4447 1375 4498 quae
1401 4439 1451 4483 et
1489 4434 1639 4494 putat
1685 4430 1782 4483 abs
1829 4428 1957 4480 Ilie-

2061 3259 2155 3304 aut
2187 3251 2398 3318 stirpe:
2433 3245 2530 3302 sed
2559 3245 2824 3317 qnodipsi
2850 3261 2912 3300 ex
2944 3261 3004 3299 ea
3044 3244 3185 3299 tribu
3205 3251 3411 3307 essent,
3478 3241 3646 3296 adeo-

2064 3355 2169 3410 que
2195 3356 2346 3411 rcges
2363 3337 2501 3392 Iuda
2534 3337 2663 3391 dicti
2684 3346 2810 3405 sunt
2830 3335 3090 3402 Rohoami
3111 3349 3476 3398 successores,
3496 3334 3642 3401 quod

2065 3432 2118 3483 iu
2154 3446 2217 3485 ea
2243 3431 2388 3482 tribu
2423 3429 2722 3497 regnarint,
2751 3443 2855 3479 non
2877 3427 3018 3495 quod
3047 3426 3251 3479 fuerint
3274 3441 3336 3480 ex
3358 3442 3419 3480 ea
3448 3427 3644 3496 stirpe.

2065 3518 2387 3585 Quanquam
2444 3530 2614 3582 neque
2645 3514 2733 3566 illa
2766 3513 3043 3566 distinctio
3078 3528 3262 3579 regum
3292 3511 3430 3566 Iuda
3485 3522 3646 3582 atque

2066 3608 2229 3664 Israel
2264 3614 2525 3674 perpetuo
2552 3604 2889 3667 observatur,
2917 3615 2975 3657 ut
3004 3604 3187 3656 videre
3210 3610 3296 3657 est
3329 3601 3372 3656 II
3404 3601 3643 3670 Paralip,

2068 3716 2179 3760 xxi.
2209 3701 2267 3762 2.
2297 3712 2348 3754 et
2373 3716 2555 3763 sxvtn,
2589 3700 2669 3765 l9;
2694 3710 2989 3764 notumque
3016 3713 3109 3767 pra
3129 3704 3274 3749 terea
3307 3695 3458 3750 Iudze
3505 3708 3644 3762 prae-

2071 3803 2155 3846 ter
2187 3791 2466 3860 Bettjzttttitl
2499 3793 2660 3845 etiam
2699 3787 3031 3844 Simeonitas
3079 3788 3383 3843 accensitos
3417 3800 3559 3849 esse.
3591 3793 3647 3840 et

2070 3887 2384 3941 Dauitarutn
2423 3893 2657 3954 partem.

2152 3976 2283 4033 Ibid.
2312 3976 2529 4031 Silvius.
2555 3976 2726 4030 Pcncs
2770 3974 3123 4044 Scaligcrum,
3148 3976 3247 4027 sub
3286 3988 3393 4025 uno
3421 3969 3642 4026 eudem-

2077 4087 2182 4140 quc
2225 4071 2419 4135 titulo,
2504 4067 2820 4122 Latinorum
2879 4065 2979 4119 VI!
3013 4066 3207 4120 Silvius
3258 4065 3472 4127 Attius,
3540 4063 3648 4116 sive

2076 4158 2499 4232 .Egipus,All/te
2549 4158 2835 4226 superioris
2890 4154 3059 4221 ﬁlius,
3093 4155 3330 4225 regnavit
3375 4154 3528 4206 annis
3551 4151 3641 4206 ‘21.

2074 4254 2131 4323 In
2177 4268 2310 4305 mss.
2343 4248 2604 4303 Palatinis
2657 4249 2822 4315 Athys
2873 4246 3093 4306 dicitur,
3128 4247 3183 4300 itt
3222 4246 3344 4298 aliis
3381 4244 3549 4306 Athis,
3588 4255 3645 4298 ut

2076 4346 2218 4416 apud
2282 4344 2628 4413 Ettti'opitt:tl.
2690 4340 2856 4404 Sane,
2900 4340 3075 4409 inquit
3130 4337 3644 4400 Schurzlleischios,

2078 4454 2274 4493 nomen
2309 4439 2612 4493 Romanum
2649 4444 2734 4490 est
2779 4434 2931 4505 Atys.
2983 4431 3255 4505 Eugenius
3286 4432 3352 4489 γ.
3402 4430 3466 4485 C.
3514 4430 3647 4502 Epi-

380 4540 612 4597 ronymo
639 4535 843 4580 assuta.
869 4523 1035 4578 Porro
1072 4524 1145 4578 ita
1178 4525 1416 4577 rationes
1452 4536 1580 4577 suas
1617 4522 1712 4576 init
1750 4539 1813 4575 ex
1851 4521 1943 4575 istc

2066 4543 2362 4604 granttnate
2397 4531 2533 4583 inter
2574 4527 2903 4598 Fragmenta
2938 4527 3264 4581 Petroniana
3295 4525 3499 4579 relato:

380 4617 537 4672 Gellii
569 4617 685 4671 loco
720 4633 733 4669 :
762 4614 1042 4670 Homerum
1081 4623 1201 4668 ante
1228 4612 1445 4668 Romam
1466 4612 1964 4675 conditamvirisse,

382 4710 561 4765 Silviis
584 4708 729 4762 Alba:
769 4708 1132 4774 regnantibus,
1170 4709 1322 4760 annis
1378 4716 1490 4773 post
1529 4705 1721 4759 bellum
1773 4702 1966 4773 Troja-

383 4818 527 4863 unm,
577 4811 635 4853 ut
665 4800 881 4854 Cassius
926 4802 978 4853 in
1036 4802 1210 4867 primo
1265 4801 1551 4851 Annalium
1609 4798 1673 4850 de
1737 4796 1965 4851 Homero

383 4906 544 4958 atque
585 4890 811 4944 Hesiodo
855 4892 1106 4960 scriptum
1154 4890 1379 4957 reliquit,
1408 4890 1522 4951 plus
1575 4900 1780 4943 centum
1814 4899 1967 4955 atque

381 4987 691 5051 sexaginta;
720 4993 842 5038 ante
869 4981 1091 5037 Romam
1146 4983 1434 5044 conditam,
1499 4990 1556 5034 ut
1585 4981 1855 5035 Cornelius
1920 4981 1973 5033 in

382 5078 555 5145 primo
578 5076 955 5132 Cttronicorum
1012 5075 1077 5128 ‘de
1104 5073 1325 5131 Homero
1356 5074 1515 5134 dixit,
1545 5075 1698 5125 annis
1762 5075 1973 5125 circiter

384 5181 589 5223 centum
621 5182 669 5224 et
722 5173 1021 5242 sexaginta.
1044 5166 1289 5241 Tempus
1340 5169 1615 5222 convenit.
1660 5166 1796 5219 Nam
1845 5167 1970 5219 anni

385 5261 508 5325 960,
538 5278 660 5316 cum
690 5278 916 5317 numero
942 5263 1069 5328 935,
1100 5263 1155 5316 in
1198 5279 1306 5332 quo
1339 5262 1513 5331 Trojm
1539 5276 1722 5325 casus,
1753 5274 1973 5327 compo-

386 5354 472 5409 siti
504 5353 739 5409 conﬂant
796 5370 1082 5409 numerum
1139 5364 1453 5422 praesentem
1520 5353 1643 5419 995,
1699 5369 1805 5407 uno
1837 5367 1978 5409 anno

389 5444 590 5505 minus,
615 5445 755 5513 quod
808 5453 888 5499 est
916 5444 1315 5515 negligendum.
1355 5446 1528 5511 Atque
1555 5445 1668 5498 haec
1700 5462 1763 5500 ex
1804 5448 1976 5501 hism-

390 5539 467 5596 ria
505 5537 694 5594 Latina
726 5536 924 5597 Cassii,
956 5537 1035 5591 vel
1066 5536 1246 5605 potius
1278 5551 1341 5590 ex
1387 5535 1580 5600 Gellio,
1617 5536 1977 5609 Hieronymus

391 5632 480 5687 hic
539 5630 839 5685 annotavit.
869 5626 951 5683 Tu
987 5630 1165 5683 recole
1191 5643 1311 5698 qurc
1344 5629 1599 5696 superius
1630 5645 1731 5683 nos
1765 5631 1830 5684 de
1865 5630 1975 5685 llo-

396 5724 526 5777 meri
558 5712 722 5790 atque
750 5719 970 5775 Hesiodi
1005 5729 1162 5773 relate
1193 5720 1570 5774 observamus.

463 5790 581 5866 0o].
613 5812 738 5867 335.
766 5810 1027 5867 Smendis.
1060 5810 1213 5874 Apud
1239 5811 1569 5875 Scaligerum
1603 5809 1892 5871 Sententiis.
1924 5821 1977 5865 et

2256 4662 2364 4713 Dux
2381 4663 2508 4720 Alis,
2522 4662 2733 4721 armiger
2749 4664 2802 4709 st
2833 4658 3020 4717 Senive,
3052 4657 3263 4708 Ruﬁnus
3283 4670 3459 4718 eques.

2019 4813 2029 4821 -
2073 4789 2222 4841 Alius
2248 4796 2334 4842 est
2362 4787 2487 4856 Atys
2516 4787 2600 4839 ille
2633 4783 2829 4855 Phryx,
2861 4783 3145 4848 abscissus,
3184 4772 3490 4837 secundum
3540 4782 3644 4834 Ar-

2075 4881 2296 4934 nobium
2349 4878 2446 4931 lih.
2495 4891 2509 4930 t
2562 4878 2816 4929 adversus
2864 4873 3089 4938 Gentes,
3126 4881 3174 4927 et
3217 4873 3473 4943 spoliatus
3514 4877 3643 4934 viro,

2076 4974 2166 5040 qui
2200 4976 2361 5025 etiam
2407 4969 2574 5034 Attos,
2615 4979 2668 5022 ct
2711 4967 2871 5033 Attis,
2912 4975 2965 5021 et
2996 4967 3145 5019 Attm
3183 4965 3469 5030 scribitur,
3503 4974 3555 5018 et
3582 4966 3648 5016 dc.

2077 5080 2182 5131 quo
2204 5063 2356 5133 plura
2404 5060 2458 5114 in
2495 5060 2798 5115 Galliambo
2831 5074 2933 5111 suo
2979 5055 3240 5114 Catellus.
3286 5056 3513 5112 Videtur
3554 5069 3650 5107 ac-

2077 5167 2290 5225 ceptum
2328 5170 2354 5207 a
2386 5150 2554 5224 Lydis
2584 5167 2805 5206 nomen.
2840 5149 3151 5205 Ilerodotus
3198 5151 3292 5206 lib.
3338 5167 3378 5209 t.
3407 5164 3523 5214 cap.
3552 5147 3646 5209 94.

2078 5250 2214 5317 Atyn
2259 5255 2524 5300 memorat
2566 5228 2697 5314 Lydi
2749 5253 2979 5312 patrem,
3015 5260 3174 5312 quem
3228 5241 3424 5297 Strabo
3473 5255 3642 5295 unum

2077 5356 2138 5393 εκ
2172 5340 2416 5394 llorculis
2444 5347 2499 5392 et
2524 5337 2816 5404 Omphales
2841 5336 3129 5406 nepotibus
3187 5333 3357 5387 fuisse
3405 5333 3645 5387 arbitra-

2064 5428 2191 5489 tur.
2229 5435 2332 5489 Sed
2364 5442 2420 5488 et
2452 5433 2580 5503 Atys
2612 5433 2751 5487 alter
2779 5448 2809 5488 e
2844 5432 3032 5487 Crassi
3078 5429 3204 5483 flliis
3245 5426 3641 5507 appellabatur.

2076 5526 2261 5581 Graeca
2293 5524 2434 5596 apud
2479 5524 2789 5596 Syncellum
2822 5523 3101 5578 luxatione
3145 5521 3465 5589 meudisque
3520 5518 3643 5576 aliis

2079 5621 2349 5675 laborant.
2388 5617 2492 5686 Qui
2519 5620 2783 5687 septimus
2829 5615 2907 5670 illi
2956 5623 3058 5676 est.
3088 5613 3352 5683 Ἀγχίσης
3394 5611 3641 5667 Σιλουΐου

2079 5715 2300 5775 dicitur,
2334 5728 2397 5766 ac
2421 5711 2551 5766 solis
2582 5722 2836 5780 regnasse
2855 5706 3014 5761 anuis
3045 5704 3231 5760 decem
3291 5705 3643 5773 perhibetur;

2080 5809 2170 5870 qui
2204 5807 2505 5871 Αἰγύπτιος
2536 5801 2775 5864 Σιλαύῖος
2818 5798 3142 5864 appellatur,
3181 5808 3432 5855 octavum
3463 5799 3641 5853 locum
