3932 6188
441 459 546 525 855

1703 461 2111 526 VALLAHSII
2146 463 2392 527 nom.
2457 440 2462 445 ’

3541 465 3629 528 856

424 591 618 651 tenet;
659 591 957 651 regnatque
978 580 1138 636 annis
1177 580 1392 652 viginti.
1447 581 1678 639 Necesse
1705 583 1842 639 adeo
1879 583 1999 648 fuit,
2034 600 2078 643 Α
2109 591 2270 640 catus
2295 584 2458 639 etiam
2494 580 2768 652 Scaligero
2818 580 3056 636 Velleius
3126 577 3436 636 Paterculus
3482 583 3565 638 lib.
3589 599 3628 648 ι,

425 674 608 728 Graeca
636 690 665 724 e
696 672 972 742 Scaligero
995 673 1336 729 describere.

492 764 609 821 Col.
638 764 766 818 355.
781 765 968 819 Samos
991 765 1228 819 condita.
1256 765 1294 819 E
1312 766 1593 821 duodecim
1613 767 2002 838 urbibus,quas

439 858 492 910 lu
522 856 659 909 Asia‘
677 856 787 909 oris
818 856 1105 910 maritimis
1143 856 1302 913 Iones
1337 856 1724 922 condiderunt,
1766 877 1872 916 una
1919 871 2002 916 est

423 947 643 1008 Samus.
669 962 829 1016 quam
858 947 1333 1002 traduntProclen
1361 962 1662 1018 occupasse
1701 965 1826 1005 cum
1879 965 1998 1003 ma-

419 1053 527 1106 gno
561 1038 1002 1108 Epidauriorum,
1025 1056 1162 1109 quos
1187 1055 1370 1094 secum
1397 1039 1727 1105 adducebat,
1745 1056 1995 1106 numero,

419 1130 652 1198 ejusque
711 1131 920 1198 priores
959 1131 1168 1187 incolas
1221 1132 1273 1185 vi
1319 1133 1590 1202 adegisse,
1622 1141 1679 1188 ut
1721 1150 1780 1189 se
1833 1149 1997 1188 suos-

417 1236 526 1288 que
591 1222 644 1274 in
717 1221 995 1291 penatium
1060 1223 1374 1278 societatem
1428 1224 1757 1294 reciperent.
1821 1225 1994 1278 Porro

418 1311 652 1364 insulam
713 1312 866 1374 olim,
903 1327 1024 1366 eum
1090 1327 1210 1367 eam
1267 1313 1437 1367 Cares
1493 1322 1762 1378 tenerent,
1793 1314 1994 1367 dictam

417 1398 584 1453 fuisse
614 1398 983 1482 Partbenlam,
1035 1400 1233 1455 deinde
1273 1403 1690 1465 Anthemusam,
1731 1408 1854 1469 post
1878 1399 1989 1452 Me-

412 1491 789 1560 lamphyllum,
829 1492 1067 1560 denique
1129 1493 1374 1558 Samum,
1410 1486 1695 1562 postquam
1759 1507 1828 1546 eo
1879 1500 1992 1544 tra—

412 1581 573 1658 ducta
637 1582 848 1636 colonia
901 1582 1000 1638 fuit
1033 1601 1063 1637 e
1109 1583 1458 1652 Cephallenia
1489 1619 1506 1645 ,
1541 1597 1662 1651 qua:
1708 1583 1888 1652 Σάμος
1937 1591 1993 1635 et

414 1674 572 1743 Σάμη
631 1673 758 1727 olim
822 1675 1152 1740 dicebatur;
1196 1684 1256 1728 ut
1310 1688 1374 1728 ex
1403 1673 1692 1730 Strabonis
1743 1673 1836 1727 lib.
1874 1689 1988 1737 le,

413 1778 468 1819 ct
507 1766 666 1820 Plinii
699 1783 756 1831 ν,
787 1782 908 1835 cap.
937 1768 1028 1828 51.
1064 1777 1402 1836 compertum
1433 1774 1536 1820 est.
1573 1765 1706 1821 Vide
1759 1775 1814 1819 et
1872 1765 1991 1820 lau-

412 1858 570 1912 datos
613 1857 908 1928 Scaligero,
945 1859 1203 1914 Velleium
1265 1869 1320 1912 et
1348 1857 1740 1922 Jamblicltum,
1767 1868 1822 1911 et
1849 1873 1989 1927 pras-

418 1965 565 2006 terea
599 1951 930 2005 Nicandrum
962 1951 1213 2017 Alexiph.
1271 1966 1325 2005 ν.
1374 1949 1478 2003 148
1531 1951 1760 2020 ejusque
1815 1949 1988 2005 Scho-

419 2047 650 2100 liastem.
681 2045 758 2098 Ad
785 2043 1072 2108 Smyrnam
1130 2042 1270 2112 quod
1307 2042 1532 2107 attinet,
1572 2042 1881 2098 audiendus
1935 2041 1988 2096 ln

413 2152 750 2197 antecessum
820 2136 1328 2201 Schurzlleisehius,
1357 2139 1448 2208 qui
1509 2152 1632 2192 cum
1693 2153 1855 2206 supra
1923 2137 1990 2192 ad

414 2251 565 2288 num.
594 2233 699 2288 964
725 2231 929 2294 dictum
962 2231 1036 2285 sit
1063 2229 1131 2284 de
1164 2229 1388 2305 Myrina:
1415 2230 1661 2294 conditu,
1698 2230 1842 2298 qttod
1865 2231 1991 2286 aliis

414 2328 650 2398 Smyrna
689 2323 974 2380 dicebatur
1015 2339 1028 2379 :
1071 2322 1210 2390 Quid
1260 2338 1412 2392 e'go,
1464 2323 1558 2390 ait,
1625 2325 1670 2379 sl
1720 2323 1822 2379 hoc
1870 2325 1991 2380 loco

414 2417 783 2486 Hieronymus
825 2416 975 2478 velit,
1005 2424 1211 2484 partem
1249 2415 1402 2469 urbis
1433 2414 1699 2483 Ephesiae,
1737 2416 1838 2483 τὴν
1890 2433 1987 2484 με-

415 2511 544 2577 ταξὺ
570 2507 850 2578 Τρηχιίης
879 2523 939 2560 τε
976 2505 1071 2560 καὶ
1094 2505 1320 2577 Λέπρης
1352 2505 1552 2575 ἀκτῆς,
1583 2521 1705 2576 quas
1733 2506 1986 2578 Smyrna,

412 2615 550 2658 teste
577 2618 647 2656 ex
681 2601 1026 2671 lliponnacte
1060 2598 1329 2654 Strabone
1357 2599 1452 2653 lib.
1518 2616 1610 2655 ιιν
1655 2600 1895 2669 Γεωγρ..
1934 2602 1988 2666 p.

413 2696 539 2759 655,
576 2693 901 2752 vocabatur.
931 2691 1039 2748 hoc
1072 2700 1320 2761 tempore
1353 2706 1476 2746 esse
1507 2690 1834 2746 conditam?
1886 2689 1990 2746 Nc-

412 2789 549 2842 mini
585 2796 763 2842 tamen
831 2784 1180 2841 obtrudimus
1229 2783 1557 2840 sententiam
1617 2793 1855 2840 nostram
1888 2801 1902 2838 :
1935 2794 1990 2838 at

412 2883 514 2933 hoc
572 2888 780 2936 tantum
851 2877 1223 2945 adjungimus,
1309 2877 1716 2947 inscriptionem
1789 2879 1989 2933 veteris

413 2971 644 3032 nutnmi,
702 2985 730 3022 a
791 2970 1037 3024 Palatino
1082 2968 1341 3037 evulgati,
1386 2967 1498 3026 Elll
1554 2969 1832 3028 ΑΡΧΙΙΞΡ.
1869 2971 1988 3024 ΑΣς⁹

414 3065 643 3127 ΚΛΗΠ.
685 3061 838 3118 ΕΦΕ.
873 3061 1158 3125 HAPAM,
1199 3061 1551 3126 ΣΜΥΡΝΑΣ,
1591 3062 1712 3117 inde
1740 3062 1869 3117 mihi
1903 3064 1986 3117 vi-

413 3157 534 3218 deri
555 3157 952 3226 explicandam.
1004 3154 1229 3209 Latinus
1262 3164 1438 3223 putat,
1503 3154 1570 3210 de
1606 3155 1779 3210 tribus
1807 3154 1986 3210 diver-

2105 693 2226 746 cap.
2255 685 2307 744 4,
2337 675 2515 738 docet,
2578 674 2804 729 Eolicze
2836 673 3172 744 migrationis
3199 681 3452 742 tempore,
3480 677 3624 744 ipsis-

2103 785 2208 837 que
2274 769 2340 822 ab
2398 767 2578 823 IEolis
2648 767 2943 830 conditam,
2999 764 3284 819 conﬁrmat
3333 767 3486 820 etiam
3535 782 3634 820 car-

2105 876 2226 914 men
2254 859 2489 914 Homero
2525 859 2812 921 tributum,
2852 873 2962 926 quo
2983 857 3276 911 caecitatem
3311 871 3458 911 suam
3494 857 3632 911 deﬂet

2105 969 2154 1008 v.
2188 955 2240 1019 6,
2271 961 2433 1021 atque
2467 951 2779 1007 Herodotus
2804 949 2899 1004 lib.
2932 965 2970 1015 ι,
3041 964 3163 1018 cap.
3217 949 3339 1012 M9,
3372 950 3456 1019 qui
3502 950 3635 1005 addit

2101 1045 2340 1099 dirutam
2387 1043 2556 1098 luisse
2592 1052 2777 1112 postea
2821 1034 2907 1095 ab'
2942 1041 3184 1106 lonibus,
3251 1041 3341 1111 qui
3394 1058 3506 1095 eum
3542 1043 3630 1096 sibi

2105 1151 2294 1203 agrum
2356 1135 2794 1190 vindicaverunt.
2850 1134 3236 1188 lnstaurarunt
3313 1135 3463 1187 iidem
3507 1137 3630 1190 haud

2101 1229 2274 1282 multo
2298 1236 2419 1295 post
2449 1243 2462 1278 :
2492 1233 2609 1280 erat
2638 1227 2782 1281 enim
2830 1223 3048 1279 Homeri
3109 1235 3292 1290 astate,
3349 1227 3484 1295 quod
3545 1243 3632 1283 ro-

2099 1329 2175 1372 tat
2209 1317 2512 1372 Herodotus
2581 1319 2634 1372 in
2699 1317 2818 1386 ejus
2881 1316 3023 1383 Vita,
3061 1319 3327 1390 ὲμπὸριον
3376 1323 3404 1383 ἡ
3454 1321 3630 1391 Σμύρ-

2096 1426 2184 1479 νη.
2267 1409 2592 1480 Quanquam
2650 1411 2775 1480 plus
2839 1411 3076 1481 simplici
3136 1413 3256 1466 vice
3321 1415 3460 1466 inter
3501 1413 3636 1467 lanas

2098 1500 2270 1556 fuisse
2299 1488 2709 1568 transcriptum,
2744 1502 2974 1571 colligas
3025 1517 3091 1557 es
3152 1500 3404 1557 Vitruvio
3458 1503 3544 1558 lib.
3593 1520 3636 1556 tv

2097 1592 2309 1650 Archit.
2351 1608 2400 1649 c.
2429 1595 2480 1658 l,
2509 1592 2601 1662 qui
2631 1608 2751 1648 eam
2789 1593 2954 1649 Attali
2996 1604 3050 1648 et
3092 1594 3351 1651 Arsinoes
3401 1594 3636 1648 bent-licio

2096 1695 2368 1755 receptam
2397 1684 2655 1754 prodidit.
2691 1686 2799 1743 Sed
2831 1704 2953 1758 quas
3012 1687 3136 1758 ejus
3178 1686 3382 1742 fuerint
3434 1688 3636 1742 subinde

2095 1777 2225 1840 lata,
2275 1778 2417 1833 scire
2447 1778 2786 1834 nihilnostra
2838 1780 3088 1836 interest.
3155 1779 3460 1836 Herodotus
3501 1783 3636 1834 modo

2096 1869 2350 1924 laudatus
2379 1871 2432 1923 in
2460 1867 2582 1924 Vita
2615 1869 2858 1935 Homeri,
2890 1872 3070 1938 Anno,
3105 1873 3203 1935 ait,
3257 1874 3638 1928 duodevicesimo

2093 1969 2372 2031 postquam
2399 1959 2567 2017 Cuma
2599 1961 2705 2029 fuit
2756 1962 3022 2028 habitata,
3047 1950 3251 2017 cummi
3299 1965 3545 2024 coloniam
3591 1967 3637 2018 in

2093 2050 2379 2122 Smyrnam
2455 2054 2810 2108 deduxerunt.
2896 2053 3060 2122 Tum,
3140 2071 3334 2110 nomen
3415 2058 3638 2124 imposuit

2091 2144 2375 2216 Smyrnam
2403 2145 2628 2200 Theseus
2653 2148 2716 2199 ab
2757 2147 2940 2201 uxoris
2971 2162 3082 2201 sua:
3128 2150 3362 2210 nomine,
3415 2158 3516 2202 etc.
3551 2150 3633 2202 llic

2093 2233 2321 2290 Theseus
2345 2237 2658 2305 eprimnriis
2690 2236 3063 2292 Thessalorum
3115 2239 3243 2306 fuit,
3292 2242 3384 2310 qui
3423 2240 3625 2295 Cumont

2096 2327 2470 2381 condiderunt.
2499 2315 2975 2394 Aristides'Orat"
3000 2337 3133 2384 tom.
3162 2331 3204 2398 l,
3238 2347 3288 2399 p.
3344 2333 3463 2393 465,
3499 2335 3640 2386 Athe-

2091 2427 2336 2480 niensem
2378 2426 2522 2480 hunc
2547 2425 2757 2482 Thesea
2779 2426 3098 2495 dicit,quod
3130 2429 3299 2484 sentit
3357 2431 3510 2482 etiam
3541 2429 3640 2481 Ian.

2089 2517 2249 2572 datus
2273 2515 2546 2585 Scaligero
2613 2527 2812 2573 auctor
2843 2517 3269 2589 Epigrammatis
3304 2520 3360 2574 in
3406 2521 3635 2572 Pisistrao

2093 2615 2208 2661 tum
2239 2606 2334 2660 lib.
2372 2621 2423 2661 tv
2454 2607 2752 2678 Antbolog.
2786 2622 2837 2662 c.
2870 2609 2926 2663 4.
2952 2609 3181 2671 Catera,
3218 2625 3340 2679 quae
3380 2609 3444 2664 de
3474 2608 3638 2679 Smyr~

2089 2713 2327 2754 meorum
2374 2708 2640 2754 conventu
2697 2699 2944 2768 Scaliger
3013 2715 3079 2755 ex
3135 2701 3325 2756 Plinio
3382 2710 3639 2764 memorat,

2088 2790 2278 2845 confer
2321 2805 2446 2845 cum
2506 2790 2592 2847 his
2642 2806 2766 2862 quae
2823 2791 3094 2848 Cellarius
3139 2792 3308 2846 habet
3361 2791 3640 2858 Geograph.

2089 2881 2276 2951 Antiq.
2335 2881 2435 2938 lib.
2485 2897 2568 2949 ut,
2629 2883 2866 2953 cap.5:
2927 2897 3110 2951 neque
3166 2883 3322 2937 enim
3382 2883 3464 2938 his
3509 2891 3642 2936 vacat

2089 2973 2306 3041 longius
2369 2973 2676 3028 immorari.
2734 2973 2917 3029 Unum
2981 2974 3170 3038 addo,
3236 2988 3338 3042 pro
3387 2973 3644 3040 ampliata,

2091 3063 2144 3118 iu
2165 3063 2440 3118 Parmensi
2464 3079 2526 3118 ac
2553 3064 2729 3134 primo
2751 3063 2994 3120 Palatino
3029 3080 3134 3122 ms.
3167 3064 3276 3131 legi
3311 3064 3642 3135 ampliﬁcata.

2158 3156 2277 3214 Col.
2316 3157 2441 3211 555.
2487 3157 2796 3213 Peritiudes.
2825 3157 2978 3227 Apud
3005 3155 3346 3213 Jornandem
3407 3169 3458 3213 et
3489 3145 3646 3211 Scali-

412 3251 490 3308 sls
516 3251 676 3314 locis,
700 3247 939 3318 Epheso,
972 3263 1069 3302 ora
1091 3247 1389 3312 maritima,
1431 3258 1484 3301 et
1539 3247 1798 3319 Smyrna,
1853 3262 1988 3318 quo-
2013 3244 2061 3308 ϐ
2091 3264 2276 3320 gerum
2310 3248 2632 3318 Pyritiades,
2662 3248 2920 3304 etGrace
2953 3249 3270 3319 ηυρτιάδης
3309 3267 3325 3304 :
3359 3251 3412 3305 in
3457 3249 3640 3305 Palati-

413 3358 534 3395 rum
565 3339 917 3408 Asclepiades
950 3338 1201 3393 Pontifex
1247 3347 1415 3402 esset,
1462 3339 1573 3408 agi.
1617 3339 1985 3410 Spanhemius

412 3433 480 3488 de
512 3432 724 3486 duobus
749 3430 904 3496 locis,
934 3429 1149 3500 Epheso
1207 3441 1261 3486 et
1297 3430 1552 3504 Smyrna,
1601 3431 1728 3500 quia
1755 3441 1987 3504 utraque

413 3525 659 3598 παράλια
683 3525 856 3591 dicta,
888 3525 1301 3594 inscrlptinnem
1334 3525 1557 3594 accipit.
1599 3523 1708 3580 Nos
1751 3539 1870 3580 eam
1917 3526 1987 3581 de

413 3634 520 3675 una
548 3617 768 3690 Epheso
801 3617 1252 3688 interpretamur,
1287 3617 1380 3671 sed
1408 3631 1509 3672 nec
1542 3625 1725 3672 tamen
1765 3617 1986 3683 detota,

416 3726 604 3772 verum
646 3710 716 3765 de
745 3709 851 3765 ista
883 3719 1092 3769 tantum
1128 3707 1249 3776 ejus
1296 3716 1468 3777 parte,
1533 3709 1615 3762 vel
1651 3709 1829 3775 πόλει,
1871 3723 1990 3776 quae

417 3820 570 3860 mare
603 3816 796 3858 versus
827 3800 932 3858 sita
963 3809 1106 3865 erat,
1143 3815 1370 3869 quasque
1431 3799 1669 3868 Ἐφέσου
1711 3798 1988 3869 παραλίας

417 3897 644 3968 Σμύρνα
676 3905 869 3950 vocata
937 3901 1043 3949 est.
1101 3891 1246 3948 Sane
1315 3891 1461 3947 illam
1505 3889 1703 3960 Ephesi
1768 3899 1980 3961 partem

419 3987 692 4058 παραλίαν
749 3984 916 4040 fuisse
967 3984 1170 4037 mentio
1226 3981 1462 4052 Λέπρης
1512 3981 1710 4050 ἀκτῆς,
1757 3996 1878 4052 qua:
1923 3995 1990 4037 eo

420 4079 521 4135 loci
551 4087 697 4144 erat,
725 4077 859 4133 satis
881 4075 1142 4139 declarat,
1178 4083 1232 4127 et
1275 4081 1459 4141 potest
1497 4072 1638 4127 idem
1683 4087 1713 4128 e
1761 4071 1989 4138 reliquis

307 4155 318 4178 ’
419 4168 705 4230 Strabonis
732 4167 916 4223 verbis
937 4167 1077 4220 haud
1102 4163 1394 4221 dilbculter
1426 4162 1630 4235 colligi.
1661 4162 1728 4218 Et
1756 4162 1808 4217 in
1840 4163 1992 4216 curis

418 4260 848 4334 posterioribus:
879 4257 1188 4331 Smyrnam,
1218 4255 1612 4328 inquitJLydite
1635 4254 1806 4311 fuisse
1822 4255 1998 4309 ascri-

419 4367 586 4425 ptam,
635 4353 829 4426 probat
860 4350 1032 4409 Janus
1057 4349 1380 4423 Rutgersius
1411 4351 1471 4406 V.
1496 4348 1559 4404 L.
1597 4350 1693 4406 lib.
1715 4361 1770 4413 ll,
1793 4363 1915 4419 cap.
1939 4349 1991 4403 ί.

421 4444 601 4498 Potuit
648 4443 876 4514 Smyrna
954 4441 1299 4496 suburbanus
1373 4439 1528 4494 vicus
1596 4437 1792 4509 Ephesi
1849 4452 1992 4498 esse,

421 4545 481 4589 ut
511 4533 820 4591 Chalcedon
865 4533 1096 4601 Cpoleos
1144 4531 1471 4586 suburbium
1523 4528 1786 4596 luitapud
1833 4527 1990 4582 Nice-

422 4625 657 4694 phorum
695 4624 788 4678 lib.
823 4639 916 4688 ιν,
949 4637 1071 4692 cap.
1120 4623 1175 4675 5.
1206 4622 1285 4676 lta
1325 4620 1434 4674 ille.
1469 4619 1575 4674 Sed
1636 4634 1816 4688 neque
1847 4619 1994 4673 absi-

422 4716 551 4770 mile
585 4715 700 4770 veri
742 4725 988 4780 autumo,
1021 4713 1335 4783 signiﬁcare
1358 4711 1620 4776 voluisse,
1673 4710 1788 4766 sive
1821 4711 1993 4766 Euse-

423 4809 593 4872 bium,
625 4808 741 4863 sive
779 4807 1187 4877 Hieronymum,
1225 4805 1327 4859 hoc
1353 4803 1472 4873 ipso
1502 4815 1612 4872 quo
1658 4817 1770 4856 rem
1801 4802 1993 4857 ordine

423 4908 708 4965 i-narrant,
765 4900 1056 4971 Smyrnam
1084 4900 1138 4954 in
1200 4895 1489 4953 duodecim
1541 4893 1849 4949 Ionicarum
1902 4909 1996 4948 ur-

425 4990 599 5057 bium,
634 5006 919 5061 equarum
953 4994 1173 5064 quidem
1209 5005 1439 5048 numero
1491 5003 1599 5044 non
1650 4995 1790 5052 erat,
1829 4987 1997 5042 fuisse

427 5091 530 5143 hoc
559 5099 807 5157 tempore
836 5087 1102 5142 adlectam
1141 5088 1484 5152 societatem,
1520 5085 1571 5140 id
1612 5083 1754 5153 quod
1795 5081 1996 5137 Strabo

426 5180 526 5232 sub
552 5175 766 5235 mitium
813 5174 907 5230 lib.
947 5192 1036 5234 λιν
1099 5175 1534 5234 luculentissime
1589 5172 1775 5235 tradit,
1825 5163 1996 5226 Αὖται

428 5273 530 5338 μὲν
549 5270 759 5328 δώδεκα
795 5267 1037 5321 Ἰωνικαὶ
1083 5267 1271 5330 πόλεις
1298 5283 1312 5298 ο
1344 5263 1710 5338 προσελήφθη
1743 5261 1803 5316 δὲ
1834 5260 1995 5314 ὔστε-

428 5381 526 5436 ρον
573 5364 669 5416 καὶ
726 5359 952 5432 Σμύρνα
993 5359 1080 5422 εἰς
1112 5359 1395 5424 Ἰωνικὶν,
1457 5356 1838 5427 ὲναγαγόντων
1889 5350 1998 5407 τῶν

440 5457 733 5526 Ἐφεσίων.
784 5453 883 5509 Ila?
967 5462 1092 5507 sunt
1160 5450 1432 5506 duodecim
1489 5449 1688 5504 Ionicae
1765 5447 1920 5501 urbes
1977 5459 1998 5499 ,ο

431 5556 614 5616 postea
640 5548 798 5608 etiam
831 5543 1060 5615 Smyrna
1096 5543 1151 5597 in
1178 5542 1414 5601 Ionicum
1444 5543 1747 5597 societatem
1779 5555 1997 5595 assume

431 5651 524 5713 pta
550 5648 650 5703 est,
671 5638 978 5697 auctoribus
1019 5634 1288 5706 Ephesiis.
1312 5631 1570 5688 Notatum
1593 5635 1790 5703 quippe
1823 5631 1998 5686 eidem

437 5730 691 5784 Straboni
721 5741 884 5800 atque
928 5727 1219 5784 Eustathio
1247 5725 1301 5779 in
1350 5723 1667 5796 Dionysium
1726 5723 1996 5793 Perieget.

434 5836 490 5880 tt.
530 5819 637 5876 828
665 5822 969 5892 antiquitus
997 5837 1103 5881 una
1152 5818 1454 5885 habitasse,
1515 5816 1798 5887 ipsamque
1825 5813 2000 5883 Ephe-

436 5928 558 5976 situ
587 5912 880 5978 aliquando
913 5914 1212 5981 Smyrnam
1268 5909 1620 5980 appellatam.
1685 5903 1839 5972 Quod
1888 5906 1996 5958 lau-

2020 4573 2074 4637 υ

2089 3343 2176 3398 nis
2211 3343 2416 3410 aliquot
2443 3357 2599 3405 mss.,
2641 3341 2941 3407 Pertiades,
2977 3351 3030 3397 et
3068 3339 3384 3408 Partia’des,
3443 3341 3650 3410 denique

2088 3441 2142 3486 et
2178 3428 2468 3484 Piriciades
2505 3430 2559 3483 in
2591 3431 2984 3485 vetustioribus
3041 3431 3204 3498 editis
3235 3432 3400 3488 libris
3450 3429 3648 3486 dicitur.

2090 3520 2410 3588 Impressam
2436 3521 2783 3605 scripturam.
2802 3522 3135 3579 ‘Parmensis
3175 3535 3229 3580 et
3263 3524 3440 3580 Palat.
3466 3525 3651 3596 primus

2091 3627 2225 3667 mss.
2257 3617 2492 3681 probant
2517 3657 2531 3671 .

2168 3703 2306 3758 Ibid.
2348 3706 2577 3764 Thraces
2611 3710 2916 3784 Bebrycium
2959 3719 3370 3779 occupaverunt.
3407 3705 3542 3762 Huic
3560 3719 3649 3757 nu-

2092 3810 2244 3850 mero
2277 3807 2332 3850 et
2365 3797 2486 3853 loco
2517 3802 2799 3868 assignant
2833 3803 2973 3858 hanc
3005 3801 3194 3872 ῐρἧσιν
3243 3815 3372 3855 cum
3403 3795 3651 3853 vetustio-

2092 3902 2179 3940 res
2210 3887 2496 3955 editiones,
2539 3901 2649 3946 tum
2677 3891 2987 3948 Parmensis
3052 3902 3108 3945 et
3138 3879 3420 3944 Palatinus
3468 3888 3655 3954 primus

2094 3992 2201 4034 ms.
2233 3988 2290 4032 et
2337 3978 2705 4037 Freherianus
2721 3984 2941 4050 Optime
2963 3994 3104 4037 notas
3132 3982 3274 4051 apud
3308 3980 3648 4046 Scaligerum,

2092 4068 2182 4136 qui
2220 4069 2409 4124 maluit
2437 4078 2623 4126 tamen
2655 4072 2923 4127 decennio
2953 4079 3079 4140 post
3117 4085 3235 4125 eam
3274 4069 3504 4125 referre.
3531 4065 3655 4119 Puro

2093 4173 2155 4212 ro
2184 4159 2393 4227 deipsa
2451 4163 2676 4218 historia
2749 4164 2889 4218 idem
2957 4163 3167 4231 prolixe
3224 4163 3338 4230 agit
3385 4163 3437 4214 in
3491 4157 3654 4222 Notis.

2095 4263 2232 4318 quas
2268 4249 2478 4315 confer,
2509 4253 2552 4308 si
2608 4253 2765 4308 libet.
2821 4252 3320 4308 Schurzlleischius
3355 4248 3647 4305 Berkelium

2095 4342 2162 4397 de
2197 4343 2528 4415 llebrycibus
2555 4345 2949 4400 edisserentem
2986 4343 3052 4398 ad
3086 4343 3428 4412 Stephanum
3463 4335 3651 4399 laudat,

2099 4435 2357 4504 additque
2411 4436 2602 4491 desuo
2685 4436 2875 4491 isthmc
2932 4451 2947 4489 :
3008 4436 3203 4490 Strabo
3276 4433 3520 4504 profecto
3571 4427 3657 4482 lib.

2100 4539 2197 4586 χιι.
2260 4541 2384 4595 pag.
2447 4526 2573 4590 541,
2673 4528 2801 4591 τοὺς
2887 4527 3174 4597 Βέϐρυκας
3249 4525 3478 4596 Θρᾷκας
3517 4518 3658 4574 εἰκά-

2102 4617 2209 4682 ζει.
2259 4616 2450 4688 Neque
2509 4619 2656 4675 aliud
2714 4619 2828 4675 vult
2866 4619 3183 4688 Apollonius
3237 4619 3330 4673 lib.
3367 4634 3406 4672 tt
3469 4619 3635 4684 Argon

2099 4708 2279 4765 initio.
2351 4708 2494 4766 Sane
2565 4699 2711 4766 enim
2797 4719 2851 4766 et
2907 4710 3120 4782 Bithyni
3176 4707 3424 4763 Thraces
3494 4712 3654 4760 erant.

2096 4800 2442 4875 Thucydides
2478 4802 2571 4858 lib.
2614 4818 2663 4856 Iv
2722 4820 2736 4855 :
2819 4800 3059 4855 Βιθυνῶν
3107 4801 3366 4872 Θρᾳκῶν,
3419 4798 3478 4852 οἴ
3535 4797 3634 4848 εἰσι

2099 4896 2277 4964 πέραν
2337 4895 2396 4946 ἐν
2428 4894 2495 4963 τῇ
2559 4893 2737 4964 ’Δσίᾳ,
2778 4891 3052 4948 meminit.
3119 4891 3196 4946 Ibi
3253 4891 3556 4945 Scholiasu
3608 4900 3653 4953 p.

2097 4986 2203 5043 302
2249 4987 2338 5040 ed.
2368 4984 2652 5054 Stephani,
2682 4982 3035 5054 Σημειοῦται,
3091 4982 3287 5052 inquit,
3370 4982 3456 5035 ὅτι
3495 4981 3587 5032 καὶ
3611 4975 3655 5028 ot

2097 5082 2314 5138 Βιθυνοὶ
2347 5082 2586 5153 Θρᾷκες,
2617 5079 2910 5134 Sallustius
2957 5077 3096 5143 apud
3128 5076 3422 5134 lsidorum,
3485 5071 3658 5139 Bithy-

2099 5172 2212 5228 nia.
2248 5173 2346 5233 ait,
2380 5170 2563 5224 multis
2591 5168 2890 5224 nominibus
2911 5166 3176 5244 appellata
3207 5165 3326 5233 fuit.
3349 5161 3491 5216 Nam
3521 5161 3657 5231 prius

2102 5258 2355 5328 Bebrycia
2396 5259 2562 5321 dicta,
2621 5257 2810 5311 deinde
2841 5253 3156 5326 Mygdonia,
3185 5262 3240 5307 et
3269 5250 3500 5320 reliqua.
3535 5247 3658 5302 Hinc

2098 5345 2393 5418 mythologi
2447 5345 2760 5414 Bithyniam
2808 5344 2919 5400 ἀπὸ
2975 5340 3207 5396 Βιθυνοῦ
3247 5338 3341 5396 τοῦ
3401 5337 3526 5401 Διδς
3566 5333 3653 5390 καὶ

2099 5440 2323 5511 Θρᾷκης
2375 5441 2477 5510 τῆς
2533 5437 2838 5504 Τιτανίδος,
2871 5435 3014 5506 apud
3065 5433 3426 5501 ἐθνογράφον,
3468 5430 3656 5485 dictam

2100 5536 2311 5590 volunt.
2354 5533 2618 5588 Arrianus
2657 5533 2828 5588 etiam
2859 5530 3113 5602 περίπλῳ
3146 5529 3338 5580 πόντου
3391 5522 3656 5589 Εὐξείνου,

2099 5639 2225 5698 pag.
2262 5623 2328 5678 M
2358 5623 2466 5678 vol.
2501 5625 2518 5675 Ι
2569 5621 2768 5693 Geogr.
2799 5620 2958 5681 min.,
3005 5615 3298 5689 Μέχριτοῦ
3338 5613 3422 5678 δὲ,
3470 5608 3656 5679 inquit.

2101 5717 2315 5787 Θρᾷκες
2346 5716 2394 5768 οἱ
2454 5712 2713 5778 Βιθυνοὶ,
2752 5706 2829 5768 ὧν
2885 5712 2986 5766 καὶ
3040 5709 3290 5776 Ξενοφῶν
3339 5705 3400 5757 ὲν
3429 5705 3498 5773 τῇ
3535 5714 3657 5764 συγ’

2101 5810 2284 5878 γραφῇ
2314 5805 2602 5875 (Ἃναϐάσ.
2624 5805 2818 5870 lih.'VI,
2845 5818 2895 5860 c.
2921 5804 2976 5868 5)
2999 5802 3218 5872 μνήμήν
3246 5795 3563 5868 ἐποιήσατο,
3581 5791 3656 5842 ὅτι

2109 5901 2493 5970 μαχτμώτατοι
2519 5892 2632 5950 εἷεν
2661 5896 2770 5951 ⁴τῶν
2798 5893 2940 5950 κατὰ
2971 5892 3072 5959 τὴν
3110 5890 3316 5946 Ἀσίαν.

1939 6097 2104 6160 «ι
