3964 6186
214 448 318 515 857

1501 411 1911 518 VALLAnsit
1951 453 2193 515 nom.

3395 451 3502 514 858

281 565 405 620 Coi.
454 563 579 620 535.
607 563 882 618 Susaltim.
940 563 1119 634 Atque
1155 565 1271 624 haec
1304 565 1550 637 Scaliger
1604 571 1782 627 solido
1811 571 1863 632 Α
1889 571 2033 624 mine
2066 569 2119 624 id
2152 579 2530 629 memorasset.
2605 585 2728 626 cum
2789 567 2982 635 exigua
3037 571 3106 626 sit
3138 569 3501 642 discrepantia

213 653 481 708 deccnnio
514 654 793 719 anticipat.
838 653 897 706 in
966 663 1115 708 textu
1149 671 1241 709 rex
1294 656 1515 727 [Egypti
1555 659 1703 728 legit,
1746 669 1801 715 et

208 744 477 809 spoliavit,
508 759 608 814 pro
654 745 871 814 spoliat.
905 745 964 799 ln
1025 745 1180 802 Notis
1241 746 1425 802 denuo
1464 750 1806 806 calumniose

209 835 384 889 multa
416 835 493 889 ait
524 836 694 891 fuisse
731 837 830 891 abs
883 835 1216 910 Hieronymo
1247 844 1634 908 praetermissa.
1679 861 1804 913 qum

209 937 423 982 certum
460 936 565 991 est.
593 929 904 1001 Syncellum
936 947 1298 1002 exaggerasse
1331 935 1398 988 de
1454 951 1575 990 suo.
1612 936 1802 1002 Quoad

212 1021 345 1075 facti
409 1022 720 1088 historiam,
761 1024 855 1080 bic
916 1025 1011 1095 qui
1068 1025 1345 1082 Susachim
1404 1027 1594 1084 Grtnco
1639 1039 1806 1085 meta-

209 1117 432 1183 plasmo
463 1116 684 1177 dicitur.
721 1115 812 1172 ille
843 1127 928 1172 est
958 1119 1119 1174 Sesac
1147 1120 1211 1175 lll
1245 1119 1376 1188 Reg.
1416 1137 1528 1185 xtv,
1557 1122 1649 1184 9.5.
1684 1134 1736 1177 et
1757 1123 1804 1178 ll

210 1208 458 1278 Paralip.
489 1225 564 1264 xu
594 1220 954 1266 memoratus.
995 1210 1152 1277 Quod
1195 1230 1284 1268 rex
1323 1213 1528 1269 dicitur
1559 1215 1801 1287 Egypli,

210 1317 338 1356 cum
368 1300 598 1356 Smedes
631 1302 815 1358 adhuc
841 1314 1115 1376 regnaret,
1141 1306 1308 1361 alium
1335 1307 1483 1362 abeo
1508 1310 1802 1376 signiﬁcari

217 1394 522 1463 putandum
565 1405 672 1458 est.
709 1397 801 1464 qui
843 1396 896 1451 in
946 1397 1164 1454 diversa
1203 1399 1426 1470 ,Ἐπιιιὶ
1497 1413 1674 1471 parte.
1713 1401 1804 1455 Li-

210 1484 312 1554 bya
345 1484 560 1541 scilicet
617 1494 780 1556 atque
852 1489 1154 1560 Aﬂtbiopia,
1211 1502 1270 1545 ut
1322 1493 1460 1547 alias
1509 1494 1806 1563 contigisse

223 1579 580 1634 manifestum
620 1590 725 1644 est.
765 1595 994 1650 regnum
1031 1571 1328 1641 obtineret.
1381 1584 1621 1654 Scaliger
1677 1600 1803 1640 cum

207 1670 439 1738 sentiat,
479 1687 577 1741 pro
627 1688 737 1731 uno
792 1677 1098 1742 eodemque
1151 1677 1367 1732 habitos
1419 1678 1487 1731 ab
1543 1677 1800 1747 Eusebio,

209 1763 470 1819 czccultat
499 1765 554 1820 in
586 1766 689 1822 bac
720 1767 835 1836 ipsa
865 1783 962 1822 sua
1013 1769 1302 1839 bypothesi
1336 1787 1349 1824 :
1389 1771 1432 1825 si
1494 1787 1658 1835 unus,
1718 1773 1805 1826 in-

208 1855 440 1922 quiens,
475 1871 569 1911 rex
604 1867 734 1925 tunc
767 1873 887 1914 erat
948 1859 1003 1914 in
1052 1859 1316 1932 Egypto,
1359 1863 1516 1934 isque
1565 1863 1803 1917 binomi-

210 1946 295 1998 nis
339 1944 467 2010 l’uit,
503 1948 682 2004 nullus
715 1949 854 2006 alius
881 1965 1005 2007 esse
1056 1959 1232 2020 potest
1277 1962 1479 2021 pralter
1512 1955 1804 2023 septimum

213 2054 305 2092 xu
351 2039 625 2110 dynastia:
670 2045 896 2098 nomine
957 2043 1305 2108 Susemnem,
1359 2048 1454 2117 qui
1507 2065 1596 2103 an.
1653 2049 1808 2119 regni

211 2133 296 2185 sui
337 2132 400 2188 l3
431 2133 572 2189 banc
605 2136 1006 2203 expeditionem
1040 2139 1094 2193 in
1118 2137 1360 2195 Judzeam
1394 2141 1605 2201 fecerit.
1670 2141 1812 2199 Pace

215 2224 458 2277 dixerim
489 2225 634 2279 docti
665 2227 788 2287 viri.
843 2227 1127 2284 abnormis
1162 2231 1510 2288 ratiocinatio
1543 2234 1655 2288 inec
1687 2244 1808 2289 est:

212 2313 269 2368 Si
319 2314 914 2373 Smedes-etSuacbim
942 2336 1081 2376 unus
1112 2322 1366 2392 idemque
1400 2340 1492 2378 rex
1525 2333 1666 2391 erat,
1702 2327 1813 2380 Su-

211 2421 439 2462 somncs
471 2409 718 2466 hic‘erat.
759 2411 870 2479 Ille,
903 2430 1064 2481 quem
1101 2415 1353 2487 δώνυμον
1401 2420 1578 2486 ponit,
1605 2419 1812 2487 primus

213 2497 386 2566 hujus
417 2500 691 2573 dynastize
725 2521 818 2560 rex
878 2517 1009 2563 est:
1065 2510 1192 2574 iste,
1258 2512 1324 2565 ad
1380 2527 1538 2581 quem
1558 2523 1813 2581 crepente

214 2591 517 2657 delabitur,
555 2597 843 2666 septimus,
883 2600 998 2655 sive
1039 2603 1288 2659 ultimus.
1321 2603 1599 2659 Nimirum
1667 2606 1808 2674 ipse.

212 2699 325 2737 non
352 2683 640 2753 Eusebius,
676 2691 752 2744 ita
786 2693 1029 2771 rationes
1052 2711 1180 2750 suas
1207 2710 1276 2750 ex
1299 2695 1624 2752 Manethone
1659 2714 1810 2754 com-

216 2781 430 2846 posuit,
463 2791 523 2835 ιιι
556 2780 820 2838 iloboami
856 2795 914 2841 et
975 2787 1261 2845 Susemnis
1313 2800 1564 2862 tempora
1607 2806 1808 2846 convc-

217 2868 424 2925 nirent.
480 2870 724 2930 Pendent
759 2890 887 2930 vero
915 2877 1104 2934 istbrec
1130 2895 1194 2933 ex
1225 2881 1353 2943 alia,
1381 2898 1544 2950 quam
1569 2882 1812 2954 Scaliger

215 2967 446 3025 tractat.
479 2975 534 3020 et
561 2981 684 3035 quae
719 2969 1060 3025 eruditorum
1104 2972 1320 3043 ingenia
1355 2984 1576 3030 exercet
1609 2978 1808 3031 ctiam-

217 3069 383 3116 num,
423 3058 729 3125 quaestioni-
750 3061 818 3114 de
877 3061 1194 3130 Susacbim,
1239 3082 1370 3120 num
1399 3065 1513 3134 ipse
1569 3068 1659 3132 sit,
1717 3069 1810 3138 qui

215 3149 460 3204 cxoticis
537 3154 925 3223 scriptoribus,
985 3168 1132 3213 certe
1189 3159 1487 3222 llerodolo.
1543 3162 1813 3219 Sesostris

1909 661 2052 716 inter
2091 661 2342 721 Sesacus.
2376 663 2455 717 vel
2489 661 2728 729 Sisacus,
2756 673 2812 718 et
2839 663 3112 729 Sesostris,
3144 674 3198 719 et
3258 665 3312 718 iu
3362 679 3492 717 om-

1917 754 2076 806 nibus
2106 758 2279 807 terme
2316 754 2378 807 S.
2417 753 2723 821 Scriptum
2753 754 3091 815 nominibus.
3122 769 3244 824 quae
3269 762 3322 808 et
3353 753 3498 822 apud

1907 844 2130 898 Grmcos
2154 845 2453 914 scriptores
2490 854 2810 910 occurrunt,
2844 846 3003 912 longe
3045 845 3219 911 major
3252 847 3498 914 reperiac

1909 945 2018 991 tur.
2047 937 2409 992 Nihilosecius
2441 938 2714 1008 integrum
2739 936 2962 1006 Josephi
2997 946 3316 994 contextum
3344 937 3501 992 Peri-

1909 1030 2058 1082 zonii
2092 1030 2379 1085 sententiae
2416 1046 2525 1084 non
2558 1031 2866 1098 astipulari,
2888 1031 3018 1098 quin
3054 1029 3236 1099 potius
3285 1032 3502 1093 allt'SSP,

1909 1130 2125 1189 egomet
2157 1122 2360 1185 sentio,
2394 1130 2448 1175 et
2483 1121 2530 1176 si
2589 1121 2810 1191 quidem
2877 1137 2971 1189 per
3023 1132 3276 1175 notarum
3321 1137 3502 1188 angu-

1908 1214 2042 1267 stias
2092 1212 2301 1276 liceret,
2333 1213 2690 1282 probaturum
2739 1213 2910 1274 anguis
2942 1213 3236 1267 lectoribus
3263 1212 3502 1269 conﬁdo.

1915 1305 2052 1360 Vide
2088 1305 2310 1360 interim
2347 1306 2712 1375 Gnglielmum
2747 1304 3121 1359 lamesonium
3166 1305 3217 1357 in
3260 1303 3498 1371 Spicile-

1912 1398 2001 1467 gio
2053 1397 2453 1464 Antiquitatum
2527 1397 2740 1468 Egypti
2791 1413 2912 1464 cap.
2973 1397 3373 1462 15.14et15,
3433 1412 3499 1452 ex

1910 1499 2084 1558 parte.
2127 1491 2216 1544 ubi
2244 1490 2456 1556 singula
2491 1487 2761 1542 Perizouii
2797 1499 3120 1555 argumenta
3152 1489 3216 1542 ad
3255 1504 3487 1543 examen

1907 1592 2129 1638 revocat
2187 1581 2496 1650 refutatque
2528 1600 2540 1636 :
2573 1593 2627 1637 et
2656 1578 3087 1649 nouJosepbum
3153 1581 3337 1645 modo,
3403 1582 3499 1635 sed

1909 1685 1964 1728 et
2005 1677 2250 1744 reliquos
2283 1691 2475 1732 omnes
2502 1684 2761 1730 auctores
2795 1676 3050 1742 antiquos
3091 1689 3228 1742 quos
3285 1673 3522 1735 laudat,

1910 1767 2323 1829 Manetltonem.
2375 1767 2732 1833 Herodotum,
2783 1764 3066 1830 Flaccum,
3107 1763 3367 1829 Plinium,
3399 1765 3499 1819 Ju-

1912 1863 2143 1925 stinum.
2175 1860 2532 1926 Jornandcm,
2557 1861 2837 1924 (trosium,
2872 1869 3005 1922 ctc.,
3041 1873 3267 1913 causam
3321 1857 3498 1926 ipsius

1916 1954 2076 2022 plane
2142 1953 2417 2022 jugulare,
2463 1954 2648 2021 ipsum
2708 1951 2947 2020 denique
2986 1950 3093 2006 sibi
3151 1950 3498 2005 Perizoniqu

1917 2046 2300 2101 contradicere
2331 2045 2596 2102 ostendit.

1988 2137 2115 2194 Col.
2146 2137 2273 2196 555.
2312 2140 2442 2193 Asa.
2473 2137 2760 2192 lnlerserit
2791 2137 3038 2209 Scaliger
3071 2137 3140 2190 de
3169 2151 3268 2190 suo
3289 2135 3498 2203 justus,

1917 2245 2096 2299 neque
2159 2230 2303 2284 enim
2346 2229 2398 2284 in
2439 2229 2564 2284 ullis
2599 2230 2712 2282 sive
2762 2242 2902 2283 mss:
2963 2229 3079 2283 sive
3141 2227 3302 2281 editis
3344 2226 3500 2280 libris

1916 2333 2341 2391 cognomentum
2376 2322 2523 2377 istud
2585 2323 2834 2390 reperire
2900 2329 3004 2376 est.
3074 2319 3249 2375 liabet
3318 2330 3501 2373 tamen

1913 2416 2044 2483 quid
2079 2415 2255 2468 simile
2283 2415 2555 2482 Jofepbus
2589 2414 2774 2482 Autiq.
2810 2413 2906 2469 lib.
2948 2429 3064 2475 vm,
3106 2429 3156 2466 c.
3188 2411 3275 2474 12,
3309 2412 3502 2465 initio:

1914 2507 2126 2561 Asanus
2159 2506 2646 2577 Hierosolymorum
2699 2522 2790 2561 rea:
2818 2518 2955 2569 erat,
2993 2507 3070 2559 vir
3099 2506 3331 2559 moribus
3366 2509 3502 2572 opti-

1915 2603 2038 2662 mis,
2086 2618 2146 2654 ac
2179 2601 2270 2655 Dei
2303 2601 2744 2661 studiosissimus,
2773 2600 2870 2669 qui
2900 2599 3033 2652 nihil
3062 2599 3141 2652 vel
3173 2597 3369 2666 faceret
3428 2597 3508 2650 vel

1915 2695 2190 2763 cogitaret,
2241 2695 2381 2764 quod
2416 2711 2518 2748 non
2575 2694 2820 2761 pietatem
2893 2693 3174 2762 legumque
3221 2695 3506 2744 observan-

1916 2787 2049 2839 tiam
2093 2787 2394 2853 respiceret.

1987 2876 2127 2933 lbid.
2169 2877 2466 2932 Abimelech
2520 2877 2837 2933 Pontificem
2899 2875 3193 2931 maximum
3227 2872 3506 2927 Abimele-

1915 2969 2105 3034 chum,
2138 2987 2300 3039 quem
2338 2971 2584 3039 Scaliger
2621 2973 2860 3040 ignorat.
2914 2981 2966 3024 et
2995 2986 3100 3037 quo
3139 2967 3356 3022 nomine
3377 2965 3502 3020 uuls-

1914 3059 2027 3114 lum
2067 3061 2236 3115 fuisse
2271 3063 2582 3130 pontiﬁcem
2629 3063 2954 3126 titaximum,
2989 3061 3257 3113 afﬁrmare
3316 3058 3505 3118 audet,

1918 3151 2081 3208 facile
2140 3154 2411 3209 Eusebius
2467 3157 2678 3224 accepit
2744 3171 2809 3208 ex
2882 3153 3164 3208 Clemente
3234 3151 3503 3204 Alexaud.

215 3243 550 3310 “meum”.
643 3247 794 3304 Unus
857 3266 955 3318 pro
1011 3254 1226 3310 cunctis
1290 3251 1563 3324 ιοςεριιυε
1622 3259 1807 3327 Antia.
1839 3285 1886 3344 Ο
1918 3246 2121 3301 Strom.
2163 3264 2200 3312 ι,
2241 3249 2333 3317 Qui
2364 3258 2413 3302 ct
2447 3247 2682 3303 divisum
2745 3248 3098 3302 Hebraeorum
3133 3261 3364 3344 regnum
3401 3245 3506 3344 sub

215 3337 324 3394 lib.
361 3357 477 3406 vtn,
511 3358 560 3398 c.
596 3343 664 3399 10
699 3361 712 3397 :
749 3343 890 3409 Deus
941 3357 1149 3417 autem,
1182 3347 1467 3413 Susacum.
1514 3352 1806 3424 Ai'gyptio-

216 3453 344 3490 rum
375 3453 542 3506 regem
582 3435 766 3498 mittit,
824 3435 918 3512 qui
944 3439 1385 3494 contumeliarum
1416 3441 1469 3495 in
1500 3444 1673 3511 ipsum
1703 3461 1812 3512 pae-

217 3543 324 3580 nas
355 3527 602 3595 exigeret.
637 3524 724 3580 De'
749 3510 852 3595 quo
883 3527 936 3580 in
976 3543 1206 3583 errorem
1265 3530 1447 3600 lapsus
1481 3531 1806 3601 Herodotus,

215 3616 338 3687 ejus
368 3632 450 3670 res
479 3626 656 3686 gestas
684 3616 970 3674 Sesostridi
998 3609 1413 3677 attribttit..Hic
1453 3625 1592 3678 enim
1643 3624 1811 3680 Susa-

217 3723 316 3759 cus
350 3723 492 3760 anno
541 3709 684 3778 regni
740 3709 1000 3764 Roboami
1054 3713 1238 3782 quinto
1283 3716 1572 3778 exercitum
1627 3729 1811 3773 contra

217 3795 377 3850 illum
403 3795 823 3852 adduxitmultis
845 3800 1075 3854 militum
1105 3803 1434 3871 myriadlbus
1459 3817 1808 3863 constantem.

219 3889 394 3945 Illum
430 3893 569 3944 enim
593 3907 658 3945 ea:
689 3891 921 3963 Egypto
948 3895 1187 3948 comitati
1216 3907 1341 3950 sunt
1380 3914 1570 3953 currus
1597 3916 1813 3956 numero

218 3984 436 4052 quidem
459 3983 599 4038 mille
633 3984 866 4051 ducenti,
899 3987 1130 4056 equitum
1155 4005 1274 4043 vero
1298 3993 1579 4060 sexaginta
1612 3993 1812 4060 millia,

217 4079 561 4146 peditumque
601 4079 989 4147 quadringenta
1020 4079 1210 4134 millia.
1254 4081 1619 4138 Adductorum
1647 4087 1812 4153 pleri—

219 4185 319 4235 que
355 4167 540 4238 Libyes
573 4179 725 4223 erant
764 4179 812 4224 et
849 4169 1148 4236 Ethiopes.
1213 4173 1344 4228 Cum
1390 4177 1558 4245 igitur
1594 4178 1646 4229 in
1706 4177 1813 4232 lle-

227 4262 500 4315 brteorum
529 4263 792 4332 regionem
839 4265 1137 4330 irrupisset,
1164 4266 1520 4322 validissimas
1559 4268 1816 4325 Roboami

222 4352 384 4405 urbes
411 4353 602 4422 absque
640 4371 814 4424 pugna
871 4356 1027 4422 cepit.
1069 4358 1240 4424 iisque
1274 4359 1525 4427 prtesidio
1557 4361 1812 4429 ﬁrmatis,

218 4452 491 4506 postremo
520 4441 1168 4512 Hierosolymaminvasit.
1205 4445 1450 4516 Etpaulo
1489 4457 1608 4514 post
1643 4449 1816 4503 :Cum

221 4545 403 4587 autem
432 4533 665 4588 Susacus
693 4536 874 4589 urbem
916 4537 1124 4608 absque
1161 4555 1337 4608 pugna
1399 4542 1454 4595 in
1486 4559 1638 4596 suam
1673 4554 1817 4612 pate-

1919 3339 2038 3408 ejus
2103 3340 2432 3408 pontiﬁcatu
2466 3348 2669 3394 narrat.
2718 3340 2926 3394 Scitum
2972 3355 3134 3408 purru
3167 3340 3219 3391 in
3254 3336 3502 3404 antiquis

1911 3430 2066 3485 libris
2107 3431 2304 3500 saepius
2335 3431 2746 3485 Abimclecltum
2809 3439 2864 3482 et
2922 3430 3370 3483 Acbitnclecbum
3432 3427 3504 3481 ob

1917 3523 2339 3579 similitudinem
2408 3523 2695 3578 contundi.
2737 3521 2974 3577 Proinde
3028 3519 3298 3589 Scaliger,
3374 3534 3544 3572 cum!

1915 3612 1969 3667 iu
1996 3611 2294 3674 Chronico.
2337 3623 2395 3666 ut
2431 3620 2606 3674 vocat,
2645 3610 3066 3666 Casauboniano
3119 3608 3386 3676 scriptum
3416 3607 3500 3658 in-

1913 3703 2154 3758 venisset
2191 3700 2511 3772 Ἀχιμέλεχ,
2565 3702 2744 3761 denuo
2767 3702 3112 3755 conﬁdenter
3166 3699 3503 3762 pronuntiat,

1916 3796 1987 3849 ita
2020 3795 2138 3849 sine
2191 3794 2357 3848 dubio
2403 3793 2696 3860 scripsisse
2750 3791 3073 3858 Eusebium,
3109 3790 3404 3844 divinando
3434 3803 3505 3842 ex

1914 3887 1938 3941 Ι
2019 3887 2255 3954 Paralip.
2291 3887 2544 3951 xxiv.3;
2601 3884 2712 3938 falli
2775 3895 2956 3939 autem
3019 3883 3324 3953 splendide.
3374 3894 3504 3934 cum

1915 3983 2073 4040 locus
2110 3984 2198 4038 ille
2229 3985 2294 4038 ad
2325 3999 2500 4038 aevum
2529 3981 2769 4048 Davidis,
2806 3999 2912 4038 non
2943 3983 3010 4037 ad
3054 3982 3177 4037 Asse
3206 3980 3517 4052 pcrtineat.’

1917 4075 2090 4132 Nemo
2125 4077 2216 4145 qui
2249 4090 2459 4132 veteres
2513 4076 2686 4132 libros
2739 4078 2907 4140 norit,
2962 4086 3016 4131 et
3062 4076 3206 4144 quod
3246 4076 3507 4140 diximus,

1917 4185 1981 4222 ex
2045 4170 2327 4224 C‘emcnte
2405 4168 2702 4224 Eusebium
2769 4168 3045 4235 bausisse,
3098 4185 3208 4224 non
3279 4171 3508 4235 sentiet.

1921 4271 2126 4316 temere
2158 4261 2300 4315 istud
2334 4271 2494 4330 atque
2528 4260 2728 4328 injuria
2765 4260 2895 4315 dici.

1989 4351 2129 4406 Ibid.
2181 4351 2520 4406 Pseusennes.
2581 4352 2860 4414 Africano.
2929 4352 3215 4421 Ψουτένης

1918 4441 2082 4511 νέσης
2139 4459 2153 4497 :
2210 4441 2302 4510 qui
2352 4452 2407 4497 et
2462 4459 2637 4498 annos
2694 4443 2744 4498 ei
2796 4443 2986 4497 tribuit
3049 4443 3172 4512 μς’,

1923 4534 2060 4590 falso
2105 4544 2366 4606 supputat
2417 4535 2683 4606 Scaliger,

3287 4355 3505 4423 ἢζΨου-

3254 4460 3384 4510 non,
3449 4456 3507 4499 ut

2771 4536 2893 4607 μβὀ
2957 4535 3250 4607 Syncellus
3296 4553 3360 4590 ex
3411 4553 3509 4588 νρ-

218 4637 421 4682 statem
453 4629 752 4698 redegisset.
779 4627 1047 4683 Roboamo
1080 4647 1191 4699 pra:
1220 4644 1360 4686 metu
1377 4650 1492 4688 eum
1527 4636 1671 4690 intra
1697 4654 1818 4690 mu-
1851 4631 1895 4685 D
1927 4637 2040 4682 tere.
2094 4628 2370 4683 Chronico
2419 4628 2669 4683 Ψούενον
2697 4638 2877 4689 vocat.
2941 4631 3106 4699 eique
3140 4646 3314 4684 annos
3360 4631 3508 4685 solos

221 4736 312 4772 ros
341 4719 650 4786 accipiente,
678 4721 845 4783 pactis
874 4721 1060 4789 quibus
1087 4734 1440 4777 convenerant
1459 4742 1562 4779 non
1595 4729 1810 4793 mansit,

220 4814 314 4865 sed
352 4811 604 4881 templum
635 4813 877 4881 diripuit,
927 4815 1304 4884 thesaurosque
1327 4834 1444 4870 cum
1467 4817 1572 4872 Deo
1608 4836 1810 4884 sacros,

224 4911 343 4956 tum
391 4904 562 4972 regias
608 4906 923 4969 exinanirit,
991 4907 1325 4975 myriadibus
1365 4909 1659 4964 innumeris
1691 4913 1814 4966 auri

223 4997 536 5067 argentique
564 4999 880 5067 exportatis.
905 5006 964 5054 ut
995 5000 1128 5053 nihil
1149 5016 1363 5064 prorsus
1392 5001 1630 5055 relictum
1656 5014 1811 5060 esset.

221 5089 304 5144 Ex
340 5091 446 5146 boc
478 5092 748 5162 praecipue
780 5093 901 5147 loco
955 5101 1218 5165 pugnant,
1248 5105 1356 5148 tam
1417 5095 1508 5164 qui
1558 5107 1813 5152 asserunt

224 5182 494 5237 Sesacum
545 5183 798 5238 eumdem
873 5193 1038 5253 atque
1099 5186 1400 5241 Sesostrim
1457 5186 1650 5251 fuisse,
1709 5188 1812 5244 viri

223 5273 559 5342 doctissimi,
595 5273 932 5340 Torniellus,
983 5275 1246 5346 Scaliger,
1277 5277 1644 5344 Marsbamus,
1675 5280 1812 5337 Car-

225 5361 544 5434 pentarius,
585 5362 916 5426 Bochartus,
953 5363 1358 5436 Stillingtletus.
1394 5367 1626 5436 aliique;
1696 5378 1811 5426 tum

224 5456 324 5524 qui
356 5462 548 5509 contra
576 5455 698 5510 illos
728 5471 923 5512 omnes
958 5457 1147 5519 sentit.
1179 5457 1252 5514 cl.
1286 5459 1608 5516 Perizonius
1647 5461 1814 5534 Egy-

224 5548 462 5622 ptiacar.
489 5547 702 5619 Origin.
729 5563 854 5619 cap.
891 5549 924 5605 8
971 5559 1026 5605 et
1059 5565 1242 5622 seqq.,
1290 5567 1467 5623 usque
1497 5555 1562 5610 ad
1608 5555 1696 5612 Π.
1753 5556 1812 5614 Si

222 5640 401 5707 enim,
441 5640 640 5712 inquit,
693 5641 1018 5698 credidisset
1041 5641 1340 5714 Josepltus,
1387 5647 1533 5714 quod
1595 5647 1810 5715 volunt,

224 5740 529 5801 utrumque
588 5730 758 5788 fuisse
809 5747 993 5790 revera
1023 5735 1300 5800 eumdem,
1336 5746 1392 5791 et
1447 5745 1656 5793 tantum
1711 5740 1809 5796 Se-

222 5823 444 5878 sostrim
475 5824 750 5880 nominari
784 5823 854 5879 ab
883 5823 1183 5892 Herodoto,
1218 5826 1313 5898 qui
1343 5827 1589 5886 Susacus
1627 5831 1812 5886 nomi-

225 5915 394 5967 natur
433 5908 502 5966 ab
533 5907 798 5978 Hebraeis,
838 5912 1162 5983 simpliciter
1193 5914 1405 5987 absque
1431 5915 1638 5976 erroris
1692 5917 1806 5976 cri-

1919 4719 1991 4774 25
2015 4721 2258 4775 ascribit.
2308 4721 2618 4776 Parmensis
2658 4737 2812 4787 mss.,
2872 4722 3266 4786 Psousemnem,
3297 4739 3500 4791 quem-

1921 4806 2212 4861 admodum
2272 4817 2322 4862 et
2387 4809 2619 4862 Palatini
2653 4809 2897 4878 quidam,
2947 4819 3085 4864 teste
3142 4808 3510 4864 Scbunﬂel-

1921 4898 2096 4963 schio,
2126 4899 2216 4952 alii
2255 4898 2680 4962 Psouscmencm,
2710 4900 2802 4952 vel
2846 4897 3234 4964 Pseusemnem,
3297 4903 3506 4970 primus

1921 4987 2284 5052 Psnsemnem.
2327 4991 2566 5060 denique
2607 4989 2934 5044 vetustiores
2958 4991 3084 5045 editi
3119 5007 3244 5046 cum
3276 4991 3501 5048 Sicbar-

1923 5083 1993 5140 do
2045 5083 2389 5140 Pseusensem
2420 5085 2721 5153 appellant.
2775 5081 3053 5154 Scaligero
3079 5085 3362 5153 doctisque
3383 5087 3504 5140 aliis

1921 5178 2057 5234 viris
2079 5193 2183 5232 non
2216 5179 2357 5234 alius
2386 5178 2478 5234 bic
2513 5177 2729 5232 videtur
2769 5191 2892 5234 esse
2915 5193 2944 5232 a
2983 5177 3188 5234 Sesaco
3249 5180 3362 5234 sive
3396 5178 3502 5232 Su-

1922 5269 2130 5324 sachim
2162 5267 2283 5333 illo,
2321 5268 2438 5339 qui,
2475 5277 2531 5322 ut
2568 5269 2731 5337 paulo
2779 5269 3035 5340 superius
3088 5277 3336 5323 notatum
3382 5276 3498 5332 est,

1924 5359 2266 5414 Roboamum
2297 5359 2520 5422 invasit.
2550 5359 2947 5427 thesaurosque
2999 5359 3188 5428 templi
3221 5358 3500 5422 expilavit.

1925 5452 2067 5508 Sunt
2088 5451 2228 5506 adeo
2289 5461 2343 5506 et
2370 5453 2460 5521 qui
2496 5467 2596 5521 pro
2631 5451 2983 5513 Pseusennes,
3017 5450 3241 5503 rescribi
3275 5447 3499 5502 Seuseca

1923 5561 2016 5599 nes
2069 5543 2258 5599 velint.
2293 5543 2372 5599 'l'u
2408 5542 2617 5599 videsis
2678 5560 2800 5614 quae
2855 5541 3110 5622 superius
3156 5539 3396 5595 diximus
3436 5543 3504 5596 ad

1924 5637 2240 5697 Smeudem.
2274 5645 2331 5691 et
2370 5637 2532 5706 paulo
2564 5646 2689 5707 post
2718 5637 2968 5692 dicemus
3000 5634 3065 5687 ad
3113 5631 3439 5688 Senscorim.

1990 5729 2129 5786 ibid.
2183 5727 2408 5784 Thraces
2470 5745 2616 5784 mare
2661 5725 3042 5798 occup.llanc,
3099 5735 3152 5778 et
3231 5741 3350 5793 quae
3408 5743 3505 5795 ge.

1921 5821 2072 5878 mina
2110 5821 2356 5877 occurrit
2383 5830 2505 5891 post
2556 5835 2652 5877 sex
2708 5833 2884 5873 annos
2911 5813 3226 5885 periocbam
3257 5815 3508 5887 Scaliger

1922 5913 2141 5982 penitus
2201 5910 2579 5981 praetermisit,
2628 5923 2753 5967 cum
2820 5917 3002 5964 tamen
3057 5906 3109 5962 in
3170 5905 3508 5963 Frehcrianu
