3964 6186
378 504 384 510 ἡ
473 410 580 474 859

1740 417 1976 480 VALLA
1993 422 2147 480 RSJI
2192 421 2429 484 NOTAE.

3615 437 3711 497 860

474 533 684 602 optimo
737 531 980 586 omnium
1019 546 1123 585 ms.
1185 532 1356 586 fuisse
1416 530 1649 600 simplici
1677 537 1864 588 saltem
1923 536 2042 590 vice
2069 536 2374 598 Aalterum
2402 553 2531 593 vero
2555 535 2688 592 Attii
2743 555 2944 597 nomen
2980 557 3045 599 ne
3089 558 3234 601 unus
3284 545 3536 616 quidem,
3565 565 3714 620 quem

474 629 540 678 a:l
577 640 728 678 nntn.
759 624 894 677 l056
924 632 1260 687 anttotatam,
1324 640 1432 679 non
1486 625 1800 682 diﬁlteatur.
1861 629 2040 682 Semel

472 731 686 786 quoque
719 719 769 768 in
801 718 973 780 primo
1009 715 1254 771 Palatino
1296 732 1402 772 ms.
1445 719 1510 771 ad
1544 734 1695 772 num.
1737 722 1759 773 l
1817 720 2042 776 Latino-

473 824 592 861 rum
633 825 647 860 :
683 809 737 862 in
771 809 891 863 aliis
927 823 1056 863 vero
1108 810 1308 874 tribus,
1341 818 1403 863 ut
1455 819 1511 864 et
1571 811 1853 866 Parmensi
1900 814 2042 882 apud

475 915 594 963 nos,
635 899 720 954 bis
748 902 937 955 eadem
990 903 1275 958 reccurrit.
1342 904 1421 957 Ac
1495 903 1665 960 fuisse
1719 907 1938 976 quidem
1978 907 2045 960 ab

472 991 705 1046 Eusebio
735 993 952 1062 gemino
1002 996 1121 1051 loco
1151 1013 1218 1052 ex
1251 999 1592 1054 diversorum
1627 999 1841 1066 placitis
1873 1014 2044 1068 appo-

470 1083 650 1147 sitam,
685 1087 818 1152 ip-e,
861 1101 1021 1154 quem
1074 1089 1359 1146 laudamus
1382 1108 1448 1147 ex
1494 1091 1771 1155 Syncello,
1817 1091 2044 1148 Graecus

471 1185 652 1229 textus
711 1191 773 1228 ac
805 1179 974 1232 series
997 1179 1194 1236 indicio
1225 1192 1376 1237 sunt.

538 1263 655 1318 Col.
685 1265 810 1322 535.
837 1267 1228 1338 Prop/retaliari:
1248 1273 1724 1338 Achias,Samtzas.
1745 1278 2048 1349 Scripserat

471 1347 724 1405 Clemens
753 1353 873 1407 loco
912 1355 1115 1409 dudum
1169 1357 1407 1424 laudato,
1445 1378 1610 1430 quem
1631 1364 1704 1418 ob
1735 1347 1925 1419 oculos
1946 1366 2042 1418 ha-

475 1442 658 1496 buisse
693 1445 962 1502 Eusebius
989 1449 1224 1515 videtur,
1262 1453 1618 1522 Prophetabat
1653 1470 1828 1512 autem
1855 1459 2045 1512 Aenios

471 1531 742 1597 Silonites,
802 1547 851 1592 et
914 1539 1150 1596 Sanitaas
1224 1545 1366 1611 ﬁlius
1421 1553 1664 1612 Amarae,
1733 1551 1830 1604 καὶ
1885 1553 1912 1603 ὁ
1989 1552 2048 1616 ἐξ

480 1625 652 1679 Ἰούδα
691 1628 942 1682 ἀπελθὼι
971 1633 1064 1685 ἐπὶ
1102 1633 1363 1704 Ῥοὸοὰμ,
1392 1639 1486 1690 καὶ
1513 1643 1910 1709 προφητεύσας
1951 1644 2046 1696 ἐπὶ

469 1719 564 1770 τοῦ
593 1719 1008 1790 θυσιαστηρίου,
1040 1734 1089 1778 et
1112 1727 1202 1794 qui
1257 1744 1324 1781 ea:
1351 1729 1498 1783 Iuda
1527 1733 1656 1785 abiit
1715 1734 1784 1787 ad
1837 1734 2048 1789 Βοῦσα-

471 1825 638 1868 mum,
678 1819 724 1862 et
755 1813 1081 1879 prophetavit
1108 1815 1354 1868 adversus
1378 1817 1569 1872 altare.
1627 1817 1739 1874 Nec
1786 1820 1899 1874 fere
1932 1822 2044 1876 dis-

2148 629 2284 689 Seio,
2317 629 2499 683 habet.

2213 721 2333 776 Col.
2381 722 2506 775 557.
2533 722 2918 785 :Ophratlttzus.
2962 724 3228 782 Jornandi
3270 728 3606 796 Ophratlieus
3639 733 3716 789 di-

2146 811 2309 876 citur,
2390 811 2672 868 Parmensi
2745 829 2847 870 ms.
2925 817 3155 888 aliisque
3214 817 3510 887 Palatinis,
3583 833 3711 880 teste

2150 901 2635 969 Schurzlleischio,
2687 905 2965 976 Ophram.
3007 908 3297 980 Syncellus
3343 927 3408 967 es
3462 913 3714 972 Africano

2152 1011 2259 1051 uno
2291 1012 2434 1051 anno
2467 997 2605 1066 plus,
2653 999 2766 1054 sive
2794 1003 2860 1056 21
2898 1003 2945 1056 ei
2985 1005 3194 1058 tribuit.
3662 1011 3670 1017 ’

2219 1086 2351 1139 Ibid.
2377 1085 2502 1140 Eia.
2523 1087 2760 1156 Josepho
2781 1089 3044 1157 Antiq-tit.
3066 1090 3163 1146 lib.
3183 1108 3297 1157 m1,
3317 1109 3438 1164 cap.
3469 1095 3524 1158 6,
3551 1096 3712 1150 Ἥλι·

2151 1191 2239 1237 νος
2297 1182 2667 1242 nuneupatur,
2726 1187 2784 1229 ut
2837 1185 2890 1230 et
2917 1178 3234 1248 Ἀμαρῖνος,
3273 1183 3368 1250 qui
3423 1184 3711 1254 subsequi-

2149 1273 2258 1331 tur,
2311 1275 2367 1320 et
2400 1267 2488 1335 qui
2522 1265 2576 1319 in
2609 1264 2870 1322 Palatinis
2901 1283 3122 1339 quoque
3143 1271 3318 1327 tribue
3344 1289 3478 1328 mss.
3507 1277 3714 1330 Amrias

2150 1360 2366 1414 dicitur.

2219 1450 2496 1506 (201.339.
2556 1450 2975 1521 Nephercheres.
3032 1453 3291 1507 Africano
3372 1455 3718 1526 Νεφελχέρης

2149 1536 2350 1592 dicitur
2381 1554 2394 1591 :
2432 1539 2681 1608 Syncello
2736 1555 2801 1594 es
2839 1551 3018 1596 vetere
3048 1540 3321 1596 Chronico
3353 1545 3714 1617 Νεφεχέρηεε

2150 1644 2463 1695 quanquam
2525 1632 2666 1698 apud
2719 1647 2842 1686 eum
2901 1641 2956 1686 et
3013 1633 3233 1689 inverso
3271 1635 3466 1691 ordine
3531 1640 3714 1692 subse-

2151 1721 2340 1787 quenti
2398 1721 2704 1791 Amenopbi
2752 1726 3125 1793 postponit-ur,
3173 1741 3240 1781 ac
3277 1727 3494 1783 duobus
3561 1745 3717 1801 supra

2153 1810 2384 1863 aliorum
2419 1814 2659 1898 rationes
2694 1816 2847 1884 regni
2883 1817 3042 1872 annis
3067 1818 3321 1874 donatur.

473 1901 720 1955 sontiunt
750 1900 960 1965 Graeca.
1013 1921 1135 1974 q’ttaa
1177 1921 1242 1960 ex
1294 1907 1547 1977 Syncello
1577 1909 1886 1965 laudamus.
1923 1911 2049 1964 llic-
2084 1900 2123 1951 Β
2223 1903 2362 1957 Πιίιιο
2395 1902 2656 1960 ΡῙιονῙηη·
2699 1907 2945 1963 Memmii
2996 1910 3250 1966 ιθυδθῑυε
3282 1911 3562 1985 δεειῖεετο
3581 1917 3716 1970 Ρη·

470 2003 733 2058 ronymus
769 1999 944 2045 tamen
971 1993 1078 2049 alio
1110 2010 1298 2062 sensu,
1332 1999 1476 2065 apud
1506 1999 1676 2052 altare
1724 2004 2050 2068 interpreta-

475 2090 562 2134 tur
589 2096 687 2149 pro
737 2086 1036 2139 adversus:
1083 2095 1195 2140 tum
1252 2088 1358 2156 ipsi
1409 2088 1668 2146 Samaria
1718 2092 1890 2145 altare
1918 2093 2047 2147 illud

471 2171 745 2227 attribuit.
798 2173 974 2240 Atque
1021 2175 1137 2231 brec
1209 2177 1406 2232 mirum
1463 2181 1658 2248 magis,
1711 2181 2047 2250 Scaligeru-tn

474 2277 580 2316 non
615 2264 1092 2332 animadvertisse,
1129 2269 1221 2336 qui
1273 2278 1380 2323 tam
1412 2285 1574 2336 sape,
1629 2283 1682 2326 et
1739 2287 1859 2326 euut
1911 2274 2048 2327 bene

472 2354 697 2415 habent,
740 2356 1145 2428 S.Interpretis
1177 2363 1337 2416 verba
1371 2364 1678 2418 cavillator.
1724 2363 1894 2420 Porro
1945 2379 2048 2420 nec

472 2461 599 2498 vero
653 2448 877 2516 quidam
909 2465 974 2502 ex
1010 2451 1269 2520 antiquis,
1324 2467 1448 2506 enm
1471 2454 1563 2520 qui
1619 2453 1804 2508 eJuda
1865 2455 2050 2522 prole-

481 2546 626 2599 ctus,
662 2539 925 2594 adversus
953 2541 1125 2595 altare
1153 2541 1527 2598 Betlteliticum
1553 2545 1916 2614 prOpbetavit,
1947 2545 2048 2599 Sa-

474 2643 663 2690 mmam
710 2629 888 2697 ipsum
952 2631 1123 2685 luisse
1198 2633 1564 2697 arbitrantur,
1625 2646 1721 2688 aut
1759 2645 1907 2689 certe
1977 2636 2048 2690 ita

473 2720 768 2788 appellant.
804 2722 1182 2779 Tertullianus
1212 2727 1277 2780 de
1303 2725 1485 2796 Jejun.
1515 2744 1637 2796 cap.
1672 2729 1704 2782 6
1739 2746 1752 2782 :
1788 2729 2047 2794 Summas,

469 2813 623 2864 Immo
646 2811 761 2878 Dei,
792 2829 910 2866 cum
931 2816 1128 2869 exitum
1165 2817 1518 2887 prophetasset
1541 2820 1858 2874 idololatriw
1879 2822 2048 2876 intro-

468 2901 643 2952 ducta:
679 2918 711 2954 a
741 2918 857 2971 rege
884 2903 1185 2968 .lereboam,
1221 2915 1341 2977 post
1374 2925 1590 2962 manum
1620 2911 1732 2978 ejus
1763 2912 1902 2980 regis
1930 2928 2049 2965 are.

468 2989 690 3056 factam,
712 3001 816 3046 etc.
837 2995 940 3047 Alii
964 2997 1213 3064 Adoiam,
1239 3003 1320 3052 vel
1342 2999 1536 3063 laden,
1561 3011 1614 3055 et
1658 3003 1808 3056 Addo
1831 3015 2046 3062 vocant.

471 3082 571 3145 Qui
618 3083 971 3151 subsequitur
999 3087 1154 3152 liieu,
1207 3090 1346 3144 alias
1372 3090 1468 3145 Jeu
1526 3093 1752 3158 dicitur,
1818 3103 1870 3150 et
1897 3097 2048 3165 aspi—

473 3173 680 3228 ratione
725 3177 1068 3244 interposita.
1110 3181 1272 3234 Jeliu.
1309 3183 1417 3237 Pro
1471 3181 1653 3247 Joede,
1701 3185 1806 3247 vel,
1865 3194 1923 3240 ut
1954 3187 2045 3242 alii

470 3265 597 3317 editi
638 3265 861 3322 habent.
909 3267 1068 3326 Joed.
1099 3270 1283 3325 Graeca
1324 3272 1505 3342 Ἰωήλ,
1554 3273 1670 3327 Joel
1725 3275 2044 3345 praeferunt.

475 3355 699 3410 Villi-tur
747 3368 802 3413 et
845 3359 1302 3417 Scburzllei-cbio
1336 3364 1714 3431 intelligendus
1774 3366 1956 3422 Ἰωδαὲ
2017 3370 2046 3422 ὁ

442 3447 722 3518 ,Θεοφιλὴς
748 3453 1060 3523 ἀρχιερεὺς,
1093 3464 1149 3509 ut
1175 3453 1427 3524 Synccllo
1459 3472 1579 3529 pag.
1617 3457 1737 3512 150.
1780 3456 1899 3513 JatD
1925 3474 2046 3528 quae

472 3541 780 3610 Sequuntur
809 3544 948 3610 apud
972 3546 1250 3610 eumdem,
1292 3556 1346 3602 et
1371 3564 1472 3603 nos
1507 3549 1820 3619 parenthesi
1863 3551 2045 3606 inclu-

470 3635 666 3694 simus.
703 3633 902 3690 indicio
936 3646 1065 3690 sunt
1097 3653 1161 3692 ex
1186 3637 1606 3710 Hieronymiana
1637 3641 2044 3710 interpretatio-

471 3737 538 3776 ne
584 3724 931 3781 librariorum
982 3727 1210 3783 solemni
1277 3730 1431 3798 lapsu
1493 3731 1566 3786 ob
1621 3731 1816 3789 similis
1875 3733 2046 3788 ferme

472 3816 622 3870 roris
649 3820 964 3879 occursum.
995 3816 1268 3876 excidisse
1296 3822 1480 3876 statim
1519 3821 1587 3876 ab
1605 3820 1799 3878 Azaria
1835 3822 2042 3890 istbazc,

466 3918 517 3960 et
549 3907 662 3975 ejus
693 3909 836 3977 ﬁlius
867 3907 1163 3964 Zacharias
1188 3927 1206 3965 :
1231 3928 1351 3981 qua:
1377 3928 1501 3968 cum
1534 3915 1887 3984 sequentibus
1912 3914 2043 3982 alio,

470 4010 636 4065 atque
687 4001 937 4067 impressi
1033 4002 1289 4068 reddunt,
1349 4020 1515 4060 sensu
1581 4014 2041 4072 connectuntur;

466 4105 646 4159 neque
717 4092 863 4144 enim
925 4091 1148 4147 Azarias
1215 4095 1366 4150 Addo
1437 4097 1876 4168 cognominatus,
1948 4099 2041 4154 sed

462 4185 591 4252 ejus
624 4183 766 4237 ltllus
799 4181 1092 4240 Zoeliarias
1128 4186 1344 4241 dicitur.
1387 4186 1494 4239 Pro
1534 4189 1716 4241 Anani
1769 4197 2042 4258 postremo

463 4278 614 4344 apud
695 4275 1034 4351 Scaligerum
1131 4289 1214 4335 est
1275 4280 1538 4338 Ananias.
1604 4281 1764 4336 Adito
1823 4281 2042 4338 criticos

463 4385 676 4426 sacros.

541 4461 683 4518 ibid.
715 4463 1043 4533 Principium
1073 4465 1133 4518 61
1165 4463 1395 4533 jubilrei.
1450 4463 1735 4536 Dispunxit
1761 4466 1875 4520 haec
1904 4463 2042 4520 Sca-

2069 3230 2118 3294 C

2153 1995 2338 2050 sanias
2369 1996 2602 2051 Eliacor.
2625 2007 2828 2066 poster.
2871 2014 2991 2070 cap.
3033 2003 3121 2069 l9,
3141 2004 3263 2072 ejus
3295 2007 3582 2073 temporis,
3608 2026 3717 2061 cunt

2153 2086 2390 2143 Phorbas
2413 2105 2634 2144 strumae
2653 2091 2953 2159 reipublic-as
2975 2095 3115 2163 apud
3145 2098 3489 2153 Athenienses
3523 2115 3714 2167 prices-

2149 2180 2226 2224 set
2254 2188 2272 2226 :
2314 2171 2603 2247 Ἀθήνῃσιν
2633 2176 2890 2246 ἄρχοντος
2919 2181 3248 2251 Φόρϐαντος.

2221 2265 2354 2320 Ibid.
2407 2267 2650 2324 Bacch-is.
2712 2271 2786 2325 Ex
2834 2270 3119 2328 Parmensi
3155 2283 3210 2329 et
3246 2276 3419 2342 primo
3455 2277 3715 2335 Palatino.

2151 2356 2319 2411 Antea
2355 2371 2474 2412 erat
2532 2359 2708 2420 Bacis,
2780 2371 2836 2416 et
2888 2361 3120 2427 Bacidre,
3170 2366 3313 2434 apud
3383 2365 3715 2431 Scaligerum

2148 2462 2301 2516 mque
2330 2449 2465 2512 bene
2503 2450 2811 2506 Bachiadaa.
2860 2452 3192 2509 Luculenter
3212 2455 3483 2514 Diodorus
3511 2460 3716 2515 Siculus

2150 2537 2290 2604 apud
2326 2537 2655 2608 Syncellom,
2686 2539 2908 2595 Bacchis
2931 2543 3208 2599 nobilitate
3249 2560 3465 2602 cunctos
3501 2552 3713 2620 majora

2151 2631 2555 2695 super-eminuit,
2587 2632 2801 2704 ideoque
2835 2637 3025 2699 evenit,
3085 2639 3212 2702 τοὺς
3239 2640 3382 2708 μιτὰ
3413 2641 3586 2694 ταῦτα
3628 2643 3716 2713 βπ-

2152 2721 2525 2785 σιλεύσαντας.
2575 2723 2758 2778 οὐκέτι
2816 2725 3200 2797 Ἡρακλείδας,
3231 2731 3370 2786 ἀλλὰ
3411 2734 3712 2802 Βακχιάδας

2150 2811 2680 2881 προσαγορεύεσθαι,
2707 2825 2764 2870 ιιι
2787 2819 2876 2886 qui
2893 2819 3133 2889 deinceps
3164 2839 3382 2893 regnum
3421 2838 3710 2889 tenuerunt,

2152 2920 2254 2955 non
2284 2903 2583 2960 Heraclida:
2611 2909 2860 2976 amplius,
2896 2915 2986 2964 sed
3025 2911 3339 2968 Baccltiadte
3387 2918 3714 2986 appellaren-

2149 3007 2255 3049 tur.
2286 2996 2552 3052 Nimirum
2581 2999 2749 3054 Aleia:
2800 3003 3004 3068 posteri
3040 3004 3307 3060 hactenus
3355 3007 3489 3062 dicti
3556 3008 3712 3064 llera-

2149 3089 2344 3142 olidae:
2396 3091 2541 3158 quod
2606 3091 2917 3161 signiﬁcare
2996 3097 3170 3169 voluit
3220 3109 3276 3152 et
3324 3098 3623 3154 Pausanias
3667 3103 3711 3154 in

2150 3175 2523 3235 Corinthiacis
2577 3197 2700 3252 cap.
2729 3183 2783 3246 4.
2842 3184 2932 3238 ubi
2993 3183 3402 3241 Heraclitlarum
3461 3190 3533 3245 ab
3575 3191 3713 3246 Aleti:

2149 3268 2393 3336 quinque
2429 3280 2638 3337 aetates,
2676 3274 3016 3344 totidemque
3050 3277 3191 3332 alias
3231 3277 3656 3335 Bacchiadarnm
3688 3298 3712 3334 s

2147 3357 2344 3413 Bacchi
2366 3371 2646 3439 supputat.
2674 3363 2745 3418 De
2764 3365 2847 3420 bis
2868 3364 3062 3425 Strabo
3082 3362 3300 3433 lib.vttt,
3315 3385 3446 3440 pag.
3461 3373 3586 3433 580.
3605 3375 3712 3426 διαο

2146 3447 2302 3499 κὸσια
2323 3446 2416 3519 ἐτη
2453 3450 2638 3517 σχεδόν
2656 3468 2711 3502 τι
2740 3451 3004 3522 κατέσχον
3053 3455 3150 3524 τὴν
3211 3458 3358 3528 ἀρχὴ
3377 3477 3428 3524 ν,
3483 3463 3711 3514 ducentis

2145 3540 2253 3608 fere
2287 3540 2440 3593 antiis
2472 3542 2744 3608 imperium
2803 3546 3162 3602 obtinuerunt.
3193 3548 3352 3604 Plura
3394 3552 3497 3604 hac
3543 3554 3612 3606 de
3664 3569 3714 3608 re

2147 3631 2471 3698 Sylburgius
2494 3633 2559 3694 ad
2585 3630 2820 3689 Pausan.
2845 3635 3080 3692 Eliacor.
3106 3639 3270 3705 ιη)...
3320 3657 3438 3710 cap.
3472 3644 3555 3708 l9,
3583 3662 3713 3715 quae,

2147 3733 2283 3778 teste
2307 3723 2792 3794 Schurzlleisebie,
2830 3729 2990 3798 digna
3018 3731 3155 3788 lectu
3189 3745 3337 3789 sunt.

2216 3816 2351 3874 lbid.
2373 3816 2724 3887 Ophratanes.
2759 3819 2928 3876 Plano
2947 3823 3058 3878 abit
3085 3823 3141 3877 in
3171 3825 3383 3880 diversa
3406 3826 3710 3895 Africanus,

2144 3907 2259 3962 sive
2286 3908 2589 3974 Syncellus,
2623 3911 2691 3964 ab
2730 3911 2962 3968 Eusebio
2993 3915 3044 3968 in
3086 3915 3250 3983 hujus
3277 3925 3334 3972 et
3380 3920 3714 3989 subsequen-

2144 4001 2235 4060 tis.
2263 4009 2660 4070 postremorum
2679 4003 2911 4074 Assyriae
2942 4021 3150 4075 regum,
3181 4009 3516 4076 nominibus,
3547 4014 3714 4081 regni-

2144 4105 2251 4159 que
2279 4105 2465 4144 eornm
2506 4094 2661 4147 annis
2683 4098 3052 4152 recensendis.
3089 4098 3280 4158 llicilli
3323 4101 3526 4156 dicitur
3564 4102 3714 4173 Ἐφε-

2144 4182 2334 4253 χερὴς,
2367 4183 2708 4252 Epiros/teres,
2749 4190 2839 4241 cui
2869 4199 2923 4245 et
2949 4205 3122 4245 annos
3157 4191 3226 4246 52
3265 4193 3473 4248 tribuit.
3503 4193 3714 4259 Noster,

2144 4274 2284 4341 quod
2329 4276 2550 4355 credere
2585 4293 2679 4345 par
2714 4285 2816 4343 est,
2845 4295 2944 4336 sua
2975 4296 3039 4337 es
3091 4282 3213 4339 aliis
3255 4293 3419 4355 atque
3469 4285 3546 4339 illi
3605 4302 3714 4340 mo-

2144 4353 2684 4422 numentisveterum
2724 4369 2924 4426 hausit.
3001 4371 3166 4426 Nemo
3216 4390 3348 4430 sane
3382 4375 3541 4433 facile
3600 4393 3713 4432 cre-

2145 4455 2276 4519 dat,
2328 4461 2471 4526 quod
2525 4460 2840 4529 obloquitur
2892 4460 3174 4534 Scaliger,
3211 4467 3483 4524 excidisse
3535 4483 3712 4523 rerum

465 4553 625 4621 “ger,
670 4567 791 4622 quae
820 4555 870 4605 δη
913 4554 1128 4607 duobus
1155 4554 1436 4609 codicibus
1468 4555 1523 4611 ίη
1582 4556 1828 4625 margine
1876 4555 1910 4610 9
1942 4573 2041 4610 an-
2075 4572 2120 4631 ι)
2148 4561 2343 4602 nomen
2417 4547 2688 4614 Eusebio,
2761 4552 2937 4605 adhuc
2987 4554 3187 4623 prioris
3252 4555 3544 4625 Ophratbei
3617 4572 3713 4610 no-

471 4643 526 4698 ni
564 4646 668 4698 Asa
713 4651 1016 4712 repercrat.
1050 4645 1263 4700 Abeunt
1299 4662 1427 4700 vero
1460 4647 1622 4701 etiam
1670 4662 1700 4699 a
1735 4645 2036 4714 Parmensi,

468 4752 581 4804 quo
630 4736 900 4804 praecipue
927 4737 1135 4792 utimur
1209 4752 1334 4802 ms.,
1375 4751 1477 4792 nec
1534 4739 1587 4791 in
1613 4736 1872 4793 Palatinis
1897 4753 2039 4808 qua-

473 4839 616 4894 tuor,
637 4845 774 4898 quos
792 4827 1283 4886 Schurzlleischius
1316 4830 1611 4894 consuluit,
1644 4840 2039 4888 memorantur.

469 4920 552 4976 Ad
595 4921 710 4976 haec
765 4921 1050 4992 Scaliger:
1096 4923 1244 4985 Erat,
1287 4921 1485 4992 inquit,
1533 4937 1711 4977 annus
1765 4923 1835 4978 ab
1867 4923 2038 4978 Adam

464 4993 632 5074 2996,
661 5013 751 5081 qui
790 5025 918 5068 sunt
951 5014 1011 5068 6|
1044 5014 1221 5078 Jobel,
1267 5026 1322 5068 et
1373 5031 1478 5069 una
1525 5015 1825 5072 hebdomas
1877 5019 2043 5073 abso-

470 5105 607 5162 luta.
644 5104 830 5174 Itaque
856 5113 971 5160 erat
1005 5122 1182 5161 annus
1210 5107 1472 5174 septimus
1502 5105 1570 5162 6:).
1593 5105 1773 5163 Jobel.
1818 5150 1831 5164 .

545 5193 684 5250 Ibid.
719 5195 912 5265 Capys.
953 5196 1054 5260 Qui
1085 5196 1313 5259 Κάσπος
1365 5196 1606 5257 Σιλούϊος
1658 5195 1910 5267 SynCello
1944 5211 2041 5265 ap-

471 5288 730 5358 pellatur,
781 5304 927 5342 nono
958 5287 1192 5342 donatur
1244 5289 1386 5354 loco,
1424 5289 1692 5358 annisque
1729 5288 1876 5358 regni
1932 5288 2038 5345 λα’.

469 5380 726 5434 Attamen
758 5387 812 5432 et
845 5380 896 5431 in
926 5378 1104 5446 primo
1145 5379 1393 5434 Palatino
1422 5395 1524 5434 ms.
1584 5379 1772 5447 Caspis
1817 5379 2038 5444 dicitur,

469 5473 747 5543 plerisque
771 5471 892 5526 aliis
920 5470 1111 5541 Capys.
1154 5468 1340 5524 Graece
1403 5469 1604 5522 Ko'tmu
1639 5478 1792 5522 vocat
1819 5468 2040 5533 Strabo,

471 5580 633 5634 quem
671 5575 726 5621 et
769 5563 968 5634 Capua:
1004 5562 1340 5626 conditorem
1402 5561 1553 5614 facit.
1594 5561 1842 5629 Scaliger
1902 5561 2044 5614 hanc

471 5657 824 5728 subsequenti
875 5656 1146 5728 periocha:
1176 5657 1246 5709 ita
1280 5652 1446 5708 nectit
1495 5669 1605 5707 uno
1661 5667 1850 5714 sensu,
1883 5651 2043 5721 Capis

473 5747 672 5802 Silvius
710 5749 842 5805 Attii
892 5750 1178 5818 superioris
1215 5749 1351 5817 regis
1379 5748 1550 5816 ﬁlius,
1615 5746 1768 5798 annis
1816 5745 1906 5799 28.
1937 5745 2041 5798 Sed

477 5837 611 5895 illud
642 5839 886 5895 additum
926 5838 1148 5909 Silvius,
1201 5839 1326 5894 libri
1385 5851 1493 5892 non
1550 5833 1706 5905 pauci
1741 5832 1991 5903 ignorant
2028 5849 2039 5884 :

2146 4654 2267 4691 men
2347 4640 2400 4692 in
2477 4642 2657 4696 animo
2735 4643 2975 4720 babenti.
3047 4646 3104 4698 In
3185 4647 3363 4716 primo
3467 4647 3707 4702 Palatino

2145 4729 2562 4802 0fraganes,.in
2626 4734 2846 4800 reliquis
2906 4732 3192 4802 Ofratanes
3246 4738 3535 4793 scribitur.
3593 4740 3712 4795 Jor—

2145 4825 2348 4878 nandes
2399 4824 2478 4877 bis
2530 4826 2734 4894 aspirat
2783 4824 3180 4896 Opltratanem,
3222 4827 3462 4900 Scaliger
3510 4830 3709 4900 Ophra-

2147 4923 2309 4968 lenent
2367 4915 2578 4970 maluit.
2649 4914 2831 4970 Varth
2880 4928 2928 4972 el
2993 4917 3177 4974 Graue
3260 4921 3607 4993 Ἐφαχερῆς,
3659 4933 3708 4974 et

2155 5007 2477 5078 Ἐφεχεσής.

2210 5097 2344 5152 Ibid.
2382 5097 2534 5168 Apud
2578 5098 2838 5151 "ebriatis.
2881 5099 3169 5169 An'gnstin.
3211 5101 3305 5155 lib.
3343 5117 3474 5154 xvm
3538 5101 3610 5153 De
3636 5102 3703 5153 ri-

2144 5191 2240 5243 vit.
2297 5188 2412 5249 Dei.
2450 5206 2570 5258 cap.
2629 5187 2688 5244 5|
2726 5206 2738 5241 :
2784 5187 2906 5243 Tres
2933 5189 3217 5258 {prop/tela:
3269 5193 3333 5244 de
3384 5188 3696 5256 minoribus,

2143 5283 2379 5345 Abdias,
2422 5281 2636 5344 Naum,
2694 5289 2743 5333 et
2792 5281 3078 5334 Ambacum
3109 5321 3122 5339 .
3181 5297 3271 5334 nec
3329 5298 3425 5336 sua
3487 5294 3698 5352 tempora

2143 5376 2323 5430 dicunt
2361 5375 2458 5440 ipsi
2481 5414 2496 5436 ,
2527 5390 2618 5426 nec
2651 5375 2700 5427 in
2728 5372 2995 5426 Chronicis
3035 5371 3248 5427 Eusebii
3300 5385 3350 5426 et
3407 5372 3697 5445 Hieronymi

2143 5464 2350 5532 quando
2373 5462 2790 5530 prapbetarerint
2820 5462 3102 5516 invenitur.
3133 5461 3330 5516 Abdias
3355 5466 3490 5517 enim
3518 5465 3694 5532 positus

2144 5562 2220 5609 est
2254 5555 2463 5624 quidem
2495 5555 2558 5606 ab
2585 5554 2658 5607 eis
2692 5571 2810 5607 cum
2841 5551 3084 5620 Micha’a,
3120 5555 3209 5606 sed
3244 5571 3346 5607 non
3379 5572 3436 5608 eo
3483 5557 3588 5609 loco
3619 5552 3692 5606 tibi

2146 5655 2395 5702 notantur
2426 5658 2678 5716 tempora.
2720 5646 2930 5716 quando
2959 5643 3232 5700 Hiclttt’ain
3261 5650 3590 5713 propltetasse
3637 5658 3687 5696 τε

2145 5741 2258 5806 ejus
2292 5738 2480 5791 litteris
2505 5747 2750 5791 constat:
2784 5739 2924 5807 quod
2955 5755 3130 5792 errore
3158 5741 3476 5809 negligenter
3523 5739 3690 5792 descri-

2146 5833 2375 5886 bentium
2409 5831 2611 5886 labores
2661 5830 2859 5887 alienos
2917 5833 3162 5887 existimo
3221 5833 3517 5900 contigisse.
3563 5830 3685 5882 ’Duos
