3932 6188
95 357 188 421 εει
1340 359 1754 423 VALLARSII
1781 359 2026 424 NOTAE.
3235 359 3343 423 862

83 485 185 524 mo
206 469 338 522 alios
364 479 795 526 commemoratos
817 516 830 534 ,
861 473 913 526 iu
940 473 1204 526 codicibus
1235 473 1633 542 Chronicorum,
1669 478 1712 533 Α
1809 470 1945 526 Ibid.
1983 470 2240 540 Megacles
2269 487 2362 526 an.
2402 471 2492 527 30.
2533 471 2686 537 Quod
2727 471 2894 534 solos,
2932 476 2991 524 ιιι
3032 469 3210 532 vides,
3239 486 3340 526 au-

79 580 194 628 quos
231 561 524 626 habuimus,
552 581 656 618 non
683 567 950 631 potuimus
991 567 1241 621 inuenire.
1275 566 1640 637 Hierotlytnns
1744 578 1845 618 nos
1865 562 1955 628 23,
1983 562 2263 635 Syncellns
2297 563 2420 617 huic
2454 563 2660 629 tribuit,
2713 563 2781 618 ab
2813 563 3040 618 aliorum
3083 562 3187 618 lide
3217 579 3337 617 mo-

81 665 238 710 tau‘en
265 656 317 708 in
348 655 577 710 Abdiam
607 674 656 712 c.
687 676 724 719 ι,
764 658 939 723 llunc,
977 659 1176 729 inquit,
1206 677 1319 715 esse
1346 663 1495 714 aiunt
1536 659 1641 714 lle-
1742 666 2127 710 numentorum
2161 655 2409 710 discedit.

79 746 209 803 ὑγιεί,
240 747 330 814 qui
358 748 454 798 sub
498 763 618 818 rege
651 747 915 804 Samariw
960 749 1140 803 Achab
1166 792 1180 812 ,
1216 761 1265 803 et
1324 750 1639 815 impiissima
1811 747 1948 802 Ibid.
1979 747 2366 816 Prop/rotabant
2398 747 2549 801 Elias
2589 760 2634 803 et
2669 748 2915 804 Elismus.
2943 746 3067 804 Haec
3096 752 3149 803 in
3188 748 3327 804 Par-

77 833 276 888 Jezabel
326 837 470 902 pavit
524 847 732 892 centum
795 840 1077 908 prophetas
1109 845 1162 894 in
1213 847 1491 904 specubus,
1548 843 1640 911 qui
1744 843 1919 897 mensi
1958 857 2060 896 ms.
2089 841 2346 911 periocha
2389 844 2604 908 penitus
2645 841 3028 897 desideratur:
3089 841 3178 895 sed
3232 856 3330 895 nc-

78 944 163 978 ηωι
191 940 532 982 curvaverant
567 947 701 999 genu
728 941 850 987 ante
878 933 1011 988 Baal
1040 951 1058 988 :
1094 936 1293 1002 quibus
1323 937 1482 1004 plane
1505 952 1636 990 con.
1739 948 1846 999 que
1877 931 2112 985 habetur
2159 931 2459 986 continenti
2513 932 2656 987 serie
2709 932 2764 984 in
2820 931 3034 986 Grmco.
3082 932 3164 986 Ad
3213 932 3330 988 haec

77 1018 255 1078 ﬁrmat,
289 1035 414 1072 eum
460 1020 629 1075 fuisse
660 1034 821 1076 aetate
852 1022 1116 1090 Josapbat
1153 1025 1292 1088 regis
1325 1024 1488 1080 Juda.
1528 1023 1631 1077 Fas
1747 1023 1954 1077 Eliseus
1984 1035 2137 1076 antea
2190 1024 2553 1077 scribebatur.

74 1110 163 1161 rtle
197 1124 329 1164 vero
365 1114 708 1177 Augustinus
737 1152 752 1176 .
797 1115 941 1180 quod
993 1115 1230 1185 ipse-met
1281 1117 1596 1186 suspicatur
1618 1157 1634 1182 ,
1809 1116 1928 1170 Col.
1962 1116 2086 1170 541.
2129 1116 2272 1168 Elius
2301 1117 2526 1182 rapitur.
2559 1118 2729 1184 Atque
2761 1117 2874 1170 lucc
2907 1116 2976 1171 de
3012 1114 3141 1170 Elite
3173 1125 3327 1185 raptu

72 1203 316 1258 mendoso
345 1206 604 1262 utebatur
634 1209 961 1276 exemplari.
1741 1209 2027 1265 Parmens.
2068 1225 2170 1264 ms.
2209 1208 2450 1272 ignorat.

128 1295 234 1351 Col.
257 1293 1406 1368 339.Amenopltis.PenesAfricanum,nisi
1431 1301 1638 1355 scrib-t-
1812 1300 1943 1354 Ibid.
1977 1299 2296 1354 Psuseunes.
2351 1299 2614 1365 Corrnpla
2652 1299 2814 1352 lcclio
2854 1300 2945 1354 illa
2981 1311 3062 1355 est
3113 1301 3328 1356 Africa-

72 1405 176 1441 runt
205 1388 338 1442 illud
373 1400 452 1444 est
483 1391 771 1455 mendum,
815 1390 1236 1462 Ἀμενενωφθὴς
1290 1393 1625 1462 ιιιιβιιηιιμιι*1

1781 1393 1816 1455 i,
1861 1409 1965 1460 qua
2017 1392 2162 1445 solos
2197 1391 2278 1456 ιδ’,
2322 1407 2420 1456 pro
2468 1390 2531 1454 λ’,
2575 1400 2635 1444 ιιι
2686 1393 2750 1444 ad
2788 1408 2940 1446 oratn
2975 1393 3094 1446 libri
3139 1409 3326 1447 einen-

70 1481 110 1531 in
165 1490 350 1536 vetere
407 1482 681 1537 Chronico
744 1485 886 1552 apud
956 1483 1268 1552 Syncellum
1345 1487 1636 1555 Ἀμμενώ-
1739 1487 1916 1547 datur,
1955 1485 2066 1538 sive
2119 1499 2290 1537 annos
2337 1484 2439 1551 II,
2475 1500 2571 1550 pro
2610 1483 2701 1547 50,
2762 1485 3024 1537 Psnsenni
3063 1486 3317 1538 tribuun—

67 1587 188 1640 φης.
248 1571 307 1625 1η
359 1573 570 1627 Latinis
623 1589 842 1643 quoque
891 1575 1046 1631 libris
1080 1577 1472 1646 Ammonephas
1502 1617 1516 1638 ,
1583 1586 1638 1632 ιιι
1740 1584 1827 1626 tur
1865 1590 1878 1628 :
1911 1587 1972 1626 ac
2007 1588 2165 1639 porro
2214 1572 2410 1626 falsum
2466 1581 2549 1625 est
2599 1573 2743 1642 quod
2787 1574 2863 1625 ait
2911 1573 3170 1642 Scaliger,
3217 1573 3326 1626 Eu-

68 1668 401 1732 Amenophas.
443 1677 497 1720 et
527 1668 929 1736 Amrnophthis,
970 1678 1026 1723 ut
1065 1670 1116 1722 in
1156 1670 1332 1737 primo
1385 1669 1635 1723 Palatino
1738 1667 1948 1720 sebium
1995 1665 2058 1720 21
2107 1682 2282 1744 annos
2335 1667 2404 1721 de
2439 1683 2542 1722 suo
2586 1667 2739 1734 dare,
2794 1678 2852 1720 ut
2907 1669 3148 1722 rationes
3200 1685 3328 1723 suas

67 1772 154 1810 ms.
186 1758 432 1825 reperire
472 1768 573 1813 est.
621 1759 834 1814 Dictum
895 1777 1114 1830 quoque
1144 1763 1283 1815 alias
1337 1764 1402 1816 ad
1437 1763 1626 1816 borum
1665 1816 1704 1830 ﬁ
1737 1769 1934 1825 aequet.

66 1849 238 1904 seriem
287 1866 476 1920 regum
539 1853 604 1905 de
641 1853 792 1935 yaria
827 1854 1066 1907 nominis
1119 1853 1282 1919 huius
1330 1855 1621 1922 scriptura.
1661 1849 1704 1874 ”
1803 1853 1925 1911 Col.
1957 1857 2082 1912 '559.
2127 1855 2190 1909 In
2240 1855 2435 1910 Latina
2480 1858 2721 1913 historia.
2781 1853 2951 1911 Nemo
2999 1872 3106 1911 non
3159 1859 3329 1913 sentit

119 1941 244 1997 Ibid.
282 1943 598 2014 Carpentus.
638 1947 826 2014 Neque
868 1946 955 2002 hic
1006 1948 1181 2014 potuit
1217 1949 1315 2002 abs
1368 1948 1622 2018 Syncello
1735 1944 1876 1998 istud
1919 1963 1980 2000 ex
2020 1947 2204 2001 Latina
2243 1948 2468 2002 historia
2511 1948 2881 2002 testimonium
2936 1964 3042 2002 non
3105 1951 3172 2002 ab
3216 1949 3323 2001 Eu-

63 2036 260 2090 excudi.
302 2037 357 2090 In
391 2038 568 2106 primo
607 2037 839 2093 Palatio.
893 2054 996 2092 tus.
1035 2049 1347 2095 an-notante.
1383 2041 1624 2095 Schurz-
1734 2038 1886 2091 sebio
1927 2039 2162 2093 additum
2191 2039 2381 2104 fuisse,
2417 2038 2508 2092 sed
2540 2040 2636 2094 abs
2677 2038 3025 2109 Hieronymo.
3053 2038 3314 2104 Scaliger,

63 2128 304 2191 ﬂeisebio,
359 2129 699 2199 Carpentius,
743 2146 912 2198 penes
951 2131 1277 2186 Gobelinutn
1326 2131 1621 2186 Personam
1730 2130 1821 2198 qui
1850 2130 1990 2183 hanc
2019 2131 2331 2200 periocbam
2363 2131 2585 2188 biennio
2615 2132 2898 2198 anticipat,
2931 2129 3122 2198 injuria
3153 2133 3318 2184 etiam

61 2229 102 2271 et
134 2218 481 2284 Sicltardum,
522 2221 772 2291 Capetus,
803 2225 870 2276 ad
900 2223 1020 2277 libri
1053 2238 1229 2285 oram,
1261 2223 1337 2278 al.
1381 2225 1623 2292 Carpen-
1726 2233 1947 2278 accusat
1973 2225 2032 2277 S.
2059 2225 2394 2292 Scriptorem
2417 2225 2480 2278 de
2510 2227 2871 2294 quadraginta
2891 2239 3159 2280 annorum
3181 2243 3322 2292 προ-

61 2321 147 2368 tus.
189 2321 250 2364 el
301 2310 581 2382 Calpetus.
635 2313 972 2368 Postremam
1016 2312 1224 2370 hancce
1264 2319 1619 2386 scripturam,
1725 2316 2032 2386 χρονισμῷ,
2066 2318 2209 2383 quod
2247 2333 2426 2370 annus
2459 2318 2556 2371 124
2609 2327 2732 2371 ante
2759 2317 2988 2370 Romam
3037 2316 3312 2370 conditam

58 2418 194 2469 quam
216 2413 277 2456 et
315 2403 560 2476 Scaliger
591 2406 642 2460 in
672 2405 866 2488 Gram)
913 2406 1156 2477 praefert,
1194 2411 1395 2463 veteris
1447 2421 1618 2464 tncta-
1725 2411 2011 2464 conveniat
2039 2426 2194 2465 num.
2235 2409 2391 2463 1160.
2426 2409 2496 2465 Ut
2553 2410 2699 2463 enim
2752 2425 2811 2464 se
2851 2409 2920 2462 ita
2961 2425 3046 2463 res
3100 2408 3319 2464 habeat.

59 2496 232 2562 plasmi
262 2497 567 2551 litterarum
603 2516 634 2551 a
667 2499 720 2552 in
757 2499 831 2559 al.
882 2502 1133 2571 exentpla
1195 2505 1359 2556 multa
1414 2508 1617 2558 conlir-
1724 2515 1832 2554 non
1858 2515 1959 2554 suo
1994 2510 2170 2554 tatnen
2200 2501 2288 2554 ille
2318 2518 2481 2555 sensu
2507 2501 2748 2555 calculos
2785 2502 2920 2554 istos
2977 2500 3180 2568 posuit,
3225 2499 3318 2553 scd

59 2598 204 2642 mant.
269 2586 348 2640 De
385 2605 538 2643 more
566 2601 746 2646 autem
793 2578 1036 2662 Scaliger
1068 2610 1177 2648 uno
1233 2611 1398 2650 sensu
1432 2597 1616 2670 habet,
1723 2594 1866 2663 quod
1891 2596 1955 2646 ad
1994 2595 2246 2662 Agrippae
2284 2595 2424 2664 regis
2451 2604 2666 2648 aetatem
2721 2593 3096 2646 testimonium
3150 2593 3318 2659 perti-

56 2680 324 2748 Carpentus
353 2680 548 2736 Silvius
579 2686 865 2753 superioris
898 2689 1030 2754 regis
1065 2687 1221 2757 Cupis
1261 2689 1406 2757 ﬁlius
1465 2693 1618 2744 anuis
1720 2689 1903 2752 nebat,
1953 2687 2226 2757 ascripsit.
2287 2687 2390 2740 Par
2435 2688 2576 2742 ratio
2625 2698 2728 2754 est,
2790 2688 2878 2742 ubi
2935 2689 3000 2738 de
3056 2686 3316 2742 Cornelio

59 2774 125 2827 I3.
1721 2778 1947 2847 Nepote,
2002 2779 2161 2846 cuius
2198 2779 2512 2847 supputatio
2566 2795 2694 2832 ann.
2752 2778 2852 2833 I00
2906 2787 3033 2832 ante
3085 2779 3316 2845 primani

111 2868 230 2922 Ibid.
301 2868 491 2936 Quarti
545 2888 694 2924 mare
739 2873 847 2926 obt.
905 2871 1112 2925 Rhodii.
1166 2871 1324 2926 Iusta
1383 2873 1615 2928 aliorum
1720 2867 2103 2937 Olympiadem,
2147 2885 2297 2922 nam.
2328 2869 2488 2932 “58,
2522 2867 2688 2921 refert
2730 2886 2746 2924 :
2784 2869 3014 2937 ideoque
3039 2870 3317 2936 contagis.

54 2961 330 3014 sententias
365 2963 587 3032 quintos
622 2967 676 3016 in
723 2965 893 3019 maris
926 2965 1203 3017 dominatu
1250 2965 1490 3019 Rhodios
1533 2966 1616 3018 di-
1725 2962 1871 3028 quod
1914 2962 2042 3014 licet
2098 2977 2205 3014 non
2255 2961 2323 3014 ab
2374 2961 2744 3030 ol-ympiadnm
2793 2963 3024 3028 eporba,
3079 2964 3174 3015 sed
3234 2965 3318 3028 (ut

52 3052 109 3110 ci,
142 3063 381 3108 notatum
435 3055 688 3124 Syncello
721 3063 831 3111 est.
1729 3065 1956 3108 testatur
1989 3052 2053 3107 A.
2088 3051 2293 3106 Gellius
2327 3051 2482 3107 Nuct.
2517 3053 2682 3106 Attic.
2712 3053 2810 3106 lib.
2848 3070 2983 3115 xm,
3034 3072 3084 3107 c.
3119 3054 3210 3112 QII
3247 3055 3316 3106 ab

108 3143 227 3199 Ibid.
287 3145 763 3214 Pseudopropheav
818 3147 1106 3202 sedeo/tias
1133 3193 1147 3215 ,
1179 3148 1416 3204 Etiezer.
1457 3150 1612 3204 Haud
1646 3173 1688 3228 ο
1723 3143 1877 3196 armis
1899 3145 2107 3197 circiter
2139 3153 2344 3197 centum
2368 3145 2648 3213 sexaginta
2703 3154 2828 3195 ante
2863 3141 3082 3195 Romam
3131 3142 3316 3195 condi-

51 3237 161 3290 satis
207 3237 335 3306 iure
391 3242 704 3306 suspectum
761 3239 908 3293 hunc
960 3239 1123 3292 habet
1184 3238 1449 3310 Scaliger,
1485 3258 1609 3295 cum
1722 3243 1856 3297 tam,
1909 3234 2132 3290 Homeri
2184 3247 2403 3291 atatem
2444 3237 2624 3305 Nepos
2661 3236 3005 3291 constituat:
3044 3250 3309 3288 annorum

59 3343 410 3389 nonumenta.
436 3349 465 3385 e
499 3332 702 3399 quibus
733 3329 1003 3386 Eusebius
1036 3332 1235 3396 hausit,
1272 3337 1610 3390 noslateant.
1715 3330 2091 3401 tameniuxta
2135 3329 2254 3398 eius
2296 3330 2534 3384 rationes
2586 3343 2799 3382 summa
2849 3328 2918 3380 alt
2977 3327 3164 3382 eodem
3221 3327 3316 3380 illo

108 3419 230 3474 Ibid.
277 3420 536 3476 Osorhor.
588 3421 687 3475 Hic
741 3423 795 3476 in
855 3431 1037 3476 vetere
1099 3424 1240 3491 apud
1298 3424 1610 3494 Syncellum
1719 3434 1869 3475 num.
1902 3419 2315 3475 Abrahamitico
2346 3420 2508 3474 fuerit
2537 3420 2795 3472 ineunda.
2828 3418 2980 3472 Adeo
3015 3434 3119 3472 non
3155 3419 3304 3472 aliud

46 3511 296 3566 Chronico
330 3512 678 3567 desideratur
715 3530 732 3568 :
771 3513 900 3567 anni
937 3523 1117 3568 autem
1154 3514 1318 3585 hujus
1367 3529 1460 3569 sex
1501 3516 1610 3571 Nc-
1717 3509 2079 3582 Hieronymus
2110 3513 2197 3565 hic
2247 3513 2393 3574 loci,
2441 3527 2602 3578 quam
2638 3511 2916 3564 variorum
2963 3513 3264 3565 sententias
3289 3549 3306 3570 .

46 3603 278 3668 pltecberi
315 3604 654 3660 tribuuntur.
1713 3605 1782 3657 ad
1808 3597 2032 3659 verbum'
2070 3621 2136 3659 ea:
2171 3603 2373 3659 Latina
2431 3605 2678 3663 historia.
2715 3602 2968 3656 retulisse
3013 3603 3207 3658 voluit.
3247 3603 3313 3656 Et

103 3693 208 3748 Col.
243 3696 372 3749 341.
417 3695 692 3750 Psinaces.
729 3697 898 3751 Antea
933 3697 1192 3751 mendose
1243 3699 1443 3753 lectum
1484 3697 1609 3768 Spi-
1716 3706 1801 3750 est
1858 3712 2048 3752 revera
2086 3698 2228 3766 apud
2276 3697 2626 3764 Eutropium,
2676 3696 2813 3764 quod
2868 3694 3023 3750 Silvii
3056 3696 3312 3765 Agrippas

42 3800 213 3850 uaces;
244 3786 300 3838 in
336 3787 540 3855 aliquot
568 3789 732 3850 inss.,
758 3795 895 3841 teste
923 3787 1403 3852 Schurzlleiscbio,
1447 3791 1610 3845 Piua-
1711 3798 1944 3857 tempore
1995 3792 2049 3844 in
2087 3789 2292 3844 Gracia
2353 3788 2614 3843 Homerus
2653 3790 2917 3859 ﬂoruerit.
2969 3788 3175 3843 Caetera
3235 3790 3303 3844 de

43 3893 128 3937 rec,
159 3881 325 3932 ferme
357 3880 510 3948 justo
545 3867 857 3936 Africanum
891 3883 1154 3952 Πιναχὴς,
1208 3884 1425 3955 legitur.
1712 3878 2008 3946 Euphorbo
2039 3878 2323 3944 historico,
2369 3887 2430 3932 ut
2463 3879 2516 3931 in
2551 3878 2837 3930 Parmensi
2871 3878 3032 3930 etiam
3067 3891 3172 3931 ms.
3215 3878 3304 3929 di-

99 3970 205 4026 Col.
243 3973 370 4028 539.
405 3972 682 4028 Tiberinus
715 3973 933 4030 Silvius.
969 3975 1284 4046 Syncellus,
1343 3987 1400 4030 nt
1433 3979 1604 4042 vides,
1710 3971 1874 4034 citur,
1913 3971 2324 4039 praeoccupavit
2361 3968 2876 4031 Schnrzlleiscbius,
2914 3969 3308 4036 Euphorbium.

40 4059 96 4112 ad
123 4065 511 4134 quinquaginta
537 4083 706 4120 unum
740 4082 912 4136 usque
945 4068 1231 4138 elargilur.
1274 4068 1338 4122 Et
1361 4069 1606 4140 Scaliger
1711 4063 1984 4132 inquiens.
2019 4062 2337 4117 hi5toricum
2373 4062 2626 4116 nesciunt
2659 4061 2879 4128 quidem
2907 4061 3131 4115 eruditi.
3191 4059 3306 4113 Eu-

39 4156 230 4217 quidem
267 4172 366 4222 pro
397 4163 492 4224 vo’,
521 4173 643 4225 qua;
667 4173 771 4211 una
799 4169 958 4214 antea
989 4167 1106 4214 erat
1135 4159 1432 4216 numeralis
1458 4170 1604 4228 nota,
1709 4155 1934 4223 phorbus
1967 4161 2196 4209 vocatur
2223 4169 2250 4205 a
2305 4153 2484 4223 primo
2532 4154 2805 4217 Palatino,
2859 4156 3135 4222 quomodo
3190 4153 3304 4207 Ma-

37 4244 299 4303 cmnmode
333 4250 575 4316 reposuit
605 4256 652 4301 κ’
688 4250 756 4304 ad
790 4249 1234 4320 Hleronymiante
1269 4251 1605 4320 interpreta-
1709 4248 1896 4301 rianus
1933 4260 2152 4315 quoque
2189 4244 2341 4316 legit.
2373 4243 2700 4299 Rectissime
2744 4243 3300 4313 Scaliger-reposuit

37 4334 182 4388 tinnis
211 4339 511 4407 exemplar,
548 4339 912 4394 similitudine
959 4343 1124 4395 etiam
1159 4358 1194 4410 η
1230 4351 1284 4395 et
1317 4361 1346 4394 ν
1393 4343 1604 4397 littera-
1706 4337 1974 4409 Ephorus,
1999 4337 2090 4406 qui
2123 4336 2379 4400 Tatiano,
2408 4347 2466 4392 et
2495 4335 2813 4402 Plutarcho,
2845 4350 3010 4405 atque
3059 4340 3124 4391 Α.
3171 4336 3310 4391 θυι--

34 4442 136 4479 rum
189 4429 508 4485 adductus.
560 4429 760 4486 Verum
824 4442 1016 4488 contra
1069 4432 1307 4502 Syncelli
1366 4428 1600 4490 utentem
1706 4433 1801 4493 lio.
1845 4432 1911 4486 de
1962 4430 2198 4486 Homero
2233 4429 2519 4498 scripsisse
2565 4429 2786 4484 dicitur.
2844 4429 2986 4483 Sane
3043 4426 3304 4496 Εὒφορος,

33 4515 214 4573 factum
245 4522 295 4575 id
327 4537 474 4586 esse,
503 4524 727 4591 reliquae
762 4526 1024 4584 rationes.
1056 4536 1109 4581 et
1139 4527 1414 4596 regiarum
1463 4539 1596 4584 atta—
1627 4538 1678 4598 ι)
1701 4542 1802 4596 pro
1835 4524 2071 4595 Ἔφορος
2100 4522 2362 4593 scriptum
2397 4521 2560 4576 etiam
2595 4521 2842 4576 invenies
2894 4521 3038 4591 apud
3092 4519 3293 4575 Eusta-

31 4621 126 4664 lutn
176 4615 386 4669 summa
419 4616 710 4670 manifesto
748 4618 970 4674 evincit.
1003 4619 1121 4673 ldos
1171 4635 1272 4689 pro
1319 4619 1590 4689 Carpenti,
1699 4618 1870 4671 thium
1918 4617 1984 4670 ad
2029 4615 2186 4670 Iliad.
2223 4617 2298 4680 A,
2352 4629 2474 4684 pag.
2524 4614 2652 4677 365,
2711 4614 2930 4669 tametsi
2983 4613 3183 4670 indicis
3239 4614 3296 4669 in

35 4701 157 4766 μιοὰ
185 4705 526 4761 restituimus
575 4722 645 4761 ex
706 4707 990 4762 Parmensi
1027 4725 1153 4775 ms.,
1218 4711 1359 4763 baud
1412 4712 1591 4764 COIIaE-v
1701 4708 1849 4762 hunc
1883 4705 2248 4761 Scholiastam
2283 4714 2542 4760 auctores
2567 4705 2710 4775 apud
2739 4705 3046 4760 Fabricium
3087 4705 3184 4765 lib.
3235 4721 3303 4760 xt-

30 4806 210 4855 rrnter,
243 4793 431 4866 Capeti
486 4799 787 4854 retinuerat
821 4801 1120 4856 Puntacus.
1186 4801 1453 4871 Scaliger,
1495 4819 1591 4857 ex-
1694 4800 2046 4854 Bibliotheca:
2078 4797 2302 4863 Graecas,
2343 4808 2602 4866 tanquam
2643 4797 2921 4850 diversum
2963 4797 3032 4851 ab
3069 4795 3302 4865 Ephoro.

29 4898 206 4950 puncto
264 4890 434 4945 altero
467 4894 686 4946 nomine
712 4932 728 4958 ,
769 4892 1050 4948 Tiberinus
1079 4937 1094 4959 ,
1126 4907 1420 4966 utramque
1487 4897 1590 4966 ρἦ-
1695 4891 2048 4962 soriptorem,
2103 4905 2230 4944 eum
2259 4887 2688 4944 considerarint.
2730 4886 2864 4942 Novi
2901 4897 3081 4942 tamen
3117 4888 3252 4942 alios
3275 4926 3310 4956 ι

27 4989 95 5025 πιν
124 4977 187 5030 de
220 4994 370 5034 more
407 4996 517 5036 uno
549 4997 712 5036 sensu
747 4984 934 5038 nectit.
971 4982 1315 5039 Postremum
1366 4985 1589 5040 verbum
1693 4984 1782 5053 qui
1825 4984 2035 5037 malunt
2087 4979 2390 5049 Euphorion
2453 4982 2506 5034 in
2574 4980 2908 5051 Hieronymo
2958 4980 3290 5035 rescriberet.

29 5068 298 5132 ticebatur.
334 5087 433 5142 pro
461 5084 572 5144 quo
621 5079 917 5130 uocabatur
944 5078 1086 5147 apud
1128 5079 1490 5149 Scaligerutn,
1530 5079 1586 5134 in
1695 5077 2057 5144 Suspicatttur
2083 5075 2230 5130 enim
2278 5088 2402 5126 eum
2433 5072 2486 5126 in
2543 5071 2818 5134 ἀπᾱκτοις
2852 5073 2969 5126 suis
3008 5071 3111 5125 bac
3137 5072 3202 5127 de
3231 5087 3304 5128 re-

26 5156 288 5215 Parmensi
314 5163 546 5234 aliisque
567 5167 851 5223 codicibus
882 5169 1164 5229 reticetnr.
1185 5169 1432 5226 Grmcum
1463 5171 1592 5224 reli-
1692 5171 1888 5240 egisse.
1919 5168 1984 5223 Et
2013 5185 2201 5224 verum
2233 5178 2359 5233 est,
2397 5168 2544 5234 quod
2584 5178 2639 5222 et
2680 5167 2797 5238 ipse
2827 5168 3026 5237 saepius
3057 5169 3296 5236 ἱστορεῖ,

25 5261 170 5315 quam
191 5263 396 5310 textum
421 5259 494 5313 ita
520 5261 730 5314 restitui
753 5260 908 5331 jubet
927 5258 1444 5327 Schurz'lleischins,
1463 5264 1595 5333 Ἀφ’
1693 5271 1752 5318 ut
1801 5263 1947 5334 apud
1999 5261 2362 5316 Scholiastam
2417 5261 2637 5316 Pindari
2673 5260 2738 5314 ad
2779 5261 2918 5314 Πυθ.
2971 5259 3014 5330 β’
3086 5259 3286 5312 ὑποθέ-

23 5335 68 5393 οὗ
94 5347 184 5396 καὶ
217 5348 247 5400 ὁ
274 5351 514 5419 ποταμὸς
549 5351 770 5422 Τίϐερις
802 5356 1249 5428 προσηγορεύθη.
1296 5358 1323 5416 ὁ
1354 5358 1414 5408 τὸ
1461 5358 1576 5429 πρὶι

1720 5375 1796 5422 ἐι,
1831 5369 1883 5411 et
1913 5357 2255 5412 Eustathium
2288 5354 2354 5410 ad
2383 5352 2484 5410 0d.
2562 5356 2629 5420 Υ,
2663 5370 2782 5428 pag.
2841 5356 3002 5420 I870,
3051 5355 3273 5421 dicatur-

23 5431 279 5492 'A‘t.6-ouita
327 5441 680 5512 καλούμενος.
729 5442 964 5501 Omnino
1022 5447 1167 5502 enim
1231 5449 1458 5519 Τίϐερος
1538 5463 1576 5504 cl

1708 5450 1895 5506 Verum
1933 5448 2011 5505 illi
2061 5449 2339 5503 abundent
2372 5463 2473 5504 suo
2529 5464 2718 5504 sensu.
2775 5448 2926 5510 Nos.
2978 5463 3101 5504 eum
3149 5448 3261 5502 Sca.

25 5522 212 5590 ’Λλῦᾶς
246 5545 500 5604 corrupta
537 5534 760 5590 nomina
792 5551 915 5593 esse
960 5538 1194 5608 iudicat,
1237 5550 1292 5596 et
1347 5541 1586 5598 Gnarum
1691 5543 1863 5614 Iigero
1897 5541 2079 5597 facere
2110 5581 2125 5606 ,
2188 5542 2360 5598 tutius
2411 5550 2668 5609 putamus
2699 5581 2714 5597 .
2745 5539 2827 5596 ‘De
2880 5541 3098 5611 Ephoro
3131 5545 3289 5593 enim

31 5618 57 5669 d
88 5638 260 5689 genus
293 5627 486 5680 menda
538 5626 977 5686 dissimulantem
1025 5632 1162 5689 satis
1213 5634 1412 5690 acerbe
1465 5651 1588 5705 pcr-
1691 5643 1951 5700 constat,
1983 5637 2128 5705 quod
2163 5634 2460 5690 Hesiodum
2504 5633 2739 5690 Homero
2769 5633 2987 5690 Hesiodi
3040 5633 3290 5703 ἀνεψεῳ,

23 5717 245 5786 itringit.
269 5716 540 5777 Cancrum
576 5732 703 5779 nota
734 5723 958 5782 historia
991 5740 1054 5782 ex
1085 5723 1259 5792 Livio,
1303 5725 1586 5799 Eutropio,
1691 5728 1864 5783 multo
1896 5730 2156 5800 majorem
2182 5742 2303 5783 esse
2336 5727 2592 5793 voluerit,
2632 5728 2896 5797 istiusque
2939 5735 3152 5780 atatem
3208 5728 3296 5785 ad;

23 5816 165 5879 itque
215 5811 354 5871 aliis.

1738 5835 1985 5876 umerum
2018 5818 2317 5876 Abrahami
2354 5819 2453 5875 88!
2491 5818 2757 5876 retuli-rit.
2794 5819 2925 5877 Vide
2958 5818 3291 5889 Syncellutu.
