3932 6188
679 402 786 465 863

1945 426 2221 486 VALLM

2314 427 2350 485 ιῐ
2399 429 2639 491 NOTAE.
3117 479 3152 505 λ
3708 449 3779 515 εει

663 516 798 570 edit.
853 517 1025 575 Paris.
1059 535 1179 592 pag.
1211 525 1331 594 175,
1379 537 1433 584 et
1461 543 1581 595 quae
1627 529 1692 584 ad
1727 547 1876 588 num.
1909 535 2044 590 1207
2090 538 2235 592 diee-
2269 545 2312 600 Α
2343 538 2501 592 anuis
2531 538 2701 593 ferme
2725 539 2933 595 decem.
2967 541 3093 608 Qute
3115 540 3251 598 levis
3272 546 3468 615 quidem
3497 559 3783 610 momentiilii.

673 623 817 663 ntus.
849 609 1053 667 Contra
1075 613 1377 685 Euphmion
1397 623 1540 688 apttd
1559 625 1890 684 Clementem
1918 630 2239 686 Alexandri-

662 714 789 752 num
817 701 1112 759 Homerum
1144 706 1306 778 Gygis
1335 714 1596 779 aequalem
1624 719 1876 782 credidit,
1902 725 2059 792 cujus
2087 725 2238 789 regni

661 791 872 846 initium
906 796 1197 868 Olympiadi
1229 819 1376 868 svtu,
1414 822 1536 877 quae
1579 809 1768 866 incidit
1801 812 1853 866 in
1890 791 2042 869 num.
2073 816 2236 882 1309,

659 886 973 954 assignavit.

729 975 848 1030 Col.
887 977 1011 1034 3M.
1065 980 1250 1046 Quinti
1280 1002 1424 1041 mare
1475 989 1813 1048 obtinuerunt
1846 993 2098 1066 Phryges.
2137 999 2239 1054 Pro

660 1064 886 1137 Phryges
921 1086 1021 1124 ms.
1060 1071 1370 1134 Parmensis
1400 1079 1698 1152 Phryqenas
1731 1088 1912 1153 habet,
1955 1064 2018 1144 ut
2045 1103 2097 1146 et
2130 1103 2239 1148 tres

655 1155 906 1220 Palatini,
947 1163 1283 1236 totidemque
1319 1170 1560 1227 Pontaco
1589 1175 1790 1230 laudati
1821 1181 2060 1244 codices,
2093 1201 2235 1240 unus

659 1247 828 1306 Palat.
869 1251 1196 1324 Phrygenc:
1250 1261 1300 1315 in
1335 1279 1495 1329 quem
1531 1267 1706 1321 locum
1765 1270 1930 1338 probe
1991 1285 2234 1328 notatum

654 1354 780 1395 ante
813 1359 911 1397 nos
955 1346 1428 1415 Scburzlleiscbio,
1464 1356 1694 1414 fortasse
1727 1361 2010 1428 legendum
2064 1366 2234 1436 Pliry-

652 1432 818 1498 giani,
848 1451 909 1488 es
941 1437 1216 1507 Stephano
1249 1443 1395 1508 iuxta
1423 1446 1673 1504 Salmasii
1701 1455 2156 1516 emendationem.
2176 1459 2237 1512 τὸ

652 1523 867 1582 ὲθνικδν
897 1529 1063 1596 Φρὺξ.
1092 1535 1185 1585 καὶ
1220 1536 1453 1605 Φρύγιος
1504 1542 1595 1593 καὶ
1628 1545 1949 1612 Φρυγιανός.
1987 1549 2063 1602 Ad
2100 1551 2231 1616 lucc,

651 1625 775 1664 cum
809 1615 970 1670 addat
1006 1619 1293 1690 Syncellus
1321 1626 1524 1684 Graecis
1559 1629 1802 1699 Eusebii,
1837 1636 1980 1689 κατὰ
2037 1638 2095 1692 δέ
2154 1656 2236 1693 τι·

653 1719 750 1766 νας
782 1705 854 1770 ς’.
887 1717 944 1763 ιιι
970 1727 1072 1766 Vox
1098 1712 1194 1782 ἔτη
1223 1717 1390 1793 desit,
1425 1720 1597 1777 videri
1649 1724 1970 1782 Casaubouo
2004 1730 2068 1783 ad
2123 1732 2232 1786 Po-

653 1795 762 1862 lyb.
799 1814 848 1864 p.
894 1801 1013 1863 191,
1042 1804 1171 1858 illud
1207 1807 1260 1871 ς’
1293 1825 1398 1862 non
1437 1827 1534 1880 pro
1568 1831 1662 1869 ses:
1687 1832 1879 1872 annor.
1917 1828 2042 1875 nota
2089 1823 2236 1877 acci-

2346 628 2597 692 ferentia,
2629 630 2858 686 fortasse
2909 634 3071 687 etiam
3107 635 3255 692 debet
3302 637 3504 695 levioris
3551 657 3664 709 esse,
3706 651 3781 703 sive

2343 735 2538 777 annor.
2571 725 2944 778 tantummodo
2979 740 3070 780 sex
3096 745 3111 782 :
3136 727 3386 797 siquidem
3421 733 3542 786 hanc
3565 738 3780 798 periodum

2343 821 2464 880 post
2498 813 2676 868 adhuc
2705 830 2876 869 annos
2907 825 3156 882 quatuor,
3188 834 3276 872 seu
3305 822 3367 874 ad
3396 838 3531 877 num.
3587 827 3688 880 ll3l
3717 830 3782 883 Γλ-

2345 905 2442 958 lat.
2478 903 2689 970 primus
2721 922 2825 960 ms.
2869 909 3080 964 czrteris
3131 912 3451 978 prtestantior
3496 918 3780 972 omnibuedd.

2345 993 2471 1048 fert.
2504 994 2748 1063 Scaliger
2779 1008 2899 1065 post
2927 998 3063 1054 duos
3116 1008 3340 1061 tantum.
3369 1003 3452 1070 qui
3493 1015 3640 1058 tamen
3676 1010 3714 1059 in
3741 1026 3777 1062 eo

2341 1085 2622 1153 splendide
2647 1086 2870 1152 fallitur,
2905 1090 3048 1158 quod
3092 1091 3379 1158 contendit,
3428 1095 3530 1148 sine
3575 1097 3712 1156 dubio.
3747 1113 3781 1155 ut

2339 1176 2460 1240 ejus
2493 1179 2659 1232 verbo
2712 1188 2852 1244 utar,
2902 1179 3096 1236 deesse
3144 1183 3195 1236 in
3226 1182 3444 1250 Trojano
3497 1187 3780 1253 quinquaginu

2341 1267 2462 1322 illos
2494 1283 2688 1334 annos,
2723 1286 2860 1334 quos
2891 1270 3142 1326 Clemens
3166 1274 3377 1343 insuper
3401 1277 3595 1334 addidit.
3624 1295 3775 1346 eamque

2340 1367 2523 1413 notam
2587 1374 2888 1430 congruere
2942 1363 3242 1418 Eusebiauo
3298 1381 3456 1420 num.
3506 1367 3644 1423 1091.
3679 1373 3781 1440 Atqui

2340 1450 2559 1518 penitus
2598 1454 2926 1512 econtrario.
2959 1453 3290 1508 Clementem
3322 1471 3416 1511 suo
3455 1472 3594 1513 sensu
3632 1477 3781 1527 θυεερ·

2337 1555 2514 1604 rasse,
2550 1541 2632 1595 vel
2667 1557 2788 1596 esse
2821 1544 2889 1597 de
2919 1545 3035 1613 ipso
3064 1545 3294 1616 Lycurgi
3348 1557 3458 1601 ortu
3490 1551 3780 1618 accipiendum.

2339 1632 2470 1685 nihil
2507 1648 2635 1686 vero
2670 1635 2974 1688 addentium
3015 1637 3188 1692 textui
3244 1637 3465 1704 Tatiani,
3516 1655 3644 1708 quem
3685 1643 3783 1696 facile

2337 1721 2390 1777 in
2418 1725 2600 1777 animo
2639 1725 2869 1781 habebat
2906 1728 3194 1795 Eusebius,
3231 1749 3293 1786 ex
3324 1734 3529 1786 aliorqu
3558 1733 3781 1790 testimoniis

2336 1815 2642 1870 evincitur.
2677 1817 2944 1872 Nimirum
3003 1822 3143 1875 idem
3203 1823 3293 1877 ille
3350 1821 3780 1892 Dieucbidas,qmm

654 1885 929 1955 piendum,
967 1893 1059 1947 sed
1098 1911 1191 1961 pro
1230 1899 1402 1966 ἕκτοι,
1435 1913 1494 1956 ut
1525 1919 1718 1962 sensus
1751 1909 1840 1971 sit,
1860 1911 2021 1979 juxta
2071 1929 2221 1982 quos-

2331 1905 2601 1968 Clomens,
2641 1925 2704 1962 ex
2741 1925 2914 1977 eoque
2951 1913 3195 1979 Scaliger
3231 1913 3460 1978 Iamiam,
3515 1916 3565 1965 ἐν
3606 1916 3771 1981 τετάρτῳ

653 1976 794 2041 dam,
854 1991 1028 2036 sextos
1091 1994 1192 2053 pro‘
1247 1991 1452 2058 quintas
1514 1994 1620 2048 diri
1686 1976 1927 2070 Phrygas
1981 1976 2230 2058 dominos

651 2071 815 2124 maris
848 2089 860 2126 :
889 2076 1031 2132 quod
1059 2086 1144 2131 est
1171 2083 1386 2146 quidem
1416 2100 1482 2139 ex
1523 2085 1758 2158 Syncelli
1815 2101 2073 2148 contextu
2135 2111 2229 2150 ve-

650 2163 1074 2224 rosimillimum.
1111 2169 1382 2228 Caeterum
1421 2178 1563 2234 banc
1621 2182 1928 2248 perlocbam
1986 2185 2227 2258 Scaliger

646 2251 699 2302 in
759 2252 950 2310 Latino
1001 2271 1116 2327 post
1155 2263 1328 2329 duos,
1384 2267 1438 2321 in
1476 2269 1677 2326 Gracis
1727 2286 1847 2343 post
1900 2285 2009 2330 tres
2054 2294 2227 2335 annos

644 2342 752 2397 ωσι
776 2357 844 2401 rt.

721 2435 854 2490 Ibid.
917 2436 1155 2495 Go'holia
1215 2462 1302 2499 an.
1341 2447 1394 2502 7.
1456 2449 1514 2502 In
1556 2452 1831 2509 Parmensi
1865 2473 1964 2512 ms.
2009 2460 2224 2514 Atltalia

645 2525 904 2579 scribitur
939 2545 954 2586 :
987 2532 1130 2587 solos
1169 2549 1346 2589 autem
1385 2555 1475 2592 sea:
1526 2557 1694 2598 annos
1729 2546 1774 2598 ei
1815 2548 2057 2604 tribuunt
2111 2561 2222 2607 tum

645 2617 846 2680 ipsum,
879 2625 1020 2687 quod
1056 2624 1358 2695 laudamus,
1398 2631 1660 2688 Paschale
1707 2635 2044 2703 Chronicon,
2107 2651 2219 2697 tum

645 2703 704 2758 S.
745 2707 1075 2778 Theophilus
1101 2717 1167 2769 ad
1201 2716 1525 2791 Autolycutu
1582 2725 1676 2781 lib.
1731 2743 1811 2792 tu,
1849 2744 1968 2798 cap.
2015 2732 2106 2787 94.
2158 2734 2223 2790 Et

643 2799 875 2866 septimo
915 2811 1092 2860 tamen
1127 2811 1278 2878 regni
1308 2814 1390 2866 sui
1423 2829 1568 2870 anno
1625 2833 1820 2874 caesam
1870 2823 2136 2878 Athaliam
2175 2826 2218 2881 ll

642 2885 874 2960 Paralip.
910 2909 1060 2954 χχιιι.
1090 2898 1111 2950 1
1147 2908 1198 2953 et
1230 2917 1372 2971 seq.,
1407 2915 1459 2959 el
1485 2904 1529 2961 ll
1580 2907 1712 2977 Reg.
1765 2927 1853 2973 st,
1883 2913 1917 2966 4
1959 2925 2010 2969 et
2047 2931 2141 2985 seq
2167 2955 2216 2982 .,

645 2981 823 3046 legere
855 2995 982 3054 est;
1017 2999 1180 3058 atque
1214 2992 1330 3062 ipse
1360 2996 1431 3050 ita
1465 2999 1600 3054 alias
1642 3002 1693 3056 in
1748 3003 1984 3072 Prtepar.
2038 2981 2214 3062 Even?

642 3072 808 3132 galina
837 3075 1107 3134 Eusebius
1140 3087 1350 3144 statuit.
1385 3088 1687 3164 Exaggerat
1737 3095 1798 3150 S.
1849 3096 2101 3156 Clemens
2147 3101 2213 3156 ad

645 3178 816 3233 usque
843 3168 986 3222 ὀκτὼ
1015 3174 1294 3244 οΙηιοςτιιιε.

713 3257 850 3316 -bid.
873 3260 1166 3323 Joiadas...
1188 3271 1279 3338 qui
1299 3272 1442 3326 solus
1468 3285 1581 3336 post
1603 3276 1808 3345 Moysen
1831 3280 1957 3334 vixit
1979 3301 2070 3342 an.
2094 3285 2213 3341 150.

641 3345 840 3403 Mosem
873 3356 1020 3410 solos
1053 3359 1155 3412 1ἳο
1196 3377 1370 3418 annos
1404 3366 1627 3431 vixisse,
1661 3385 1725 3424 ex
1766 3370 2060 3432 Dcuteron.
2096 3394 2217 3449 cap.

641 3453 805 3494 xsxrv
837 3443 1082 3514 colligas.
1122 3449 1252 3514 Alii,
1287 3454 1432 3519 quod
1469 3456 1692 3512 triinime
1725 3461 2040 3530 diliitemur,
2074 3482 2218 3522 ceu-

641 3539 750 3584 tutn
784 3532 968 3601 viginti
1020 3547 1075 3594 et
1125 3542 1368 3613 quinque
1398 3547 1449 3601 ei
1509 3551 1785 3606 tribuunt.
1843 3552 2039 3611 Verum
2093 3573 2216 3612 cum

640 3617 874 3676 Eusebio
905 3625 924 3678 l
952 3625 1349 3698 Paralipomen.
1381 3650 1505 3703 cap.
1550 3654 1697 3704 xxiv,
1743 3642 1831 3709 15,
1885 3655 1938 3699 et
1973 3645 2220 3702 laudatus

641 3710 918 3780 Scaligero
950 3719 1116 3774 Suida
1154 3723 1260 3790 ρκ’.
1305 3736 1512 3782 centum
1538 3734 1779 3802 triginta.

627 3789 631 3792 ’
707 3804 822 3860 Col.
858 3809 980 3862 515.
1015 3789 1325 3882 Diognetus.
1351 3819 1519 3872 Alites
1549 3789 1668 3874 erat
1716 3823 2044 3894 Diogenctus,
2072 3828 2216 3897 quod

641 3909 838 3952 nomen
871 3899 936 3952 ad
968 3903 1209 3960 melioris
1240 3914 1384 3961 notae
1438 3925 1573 3964 mss.
1627 3912 1808 3978 tidem,
1861 3915 2218 3986 Graecumque

640 3995 844 4041 textum
885 3991 1046 4043 etiam
1085 3995 1152 4065 ju
1188 4011 1462 4054 marmore
1501 4001 1892 4058 Arundelliano
1945 4008 2206 4061 emenda-

640 4076 816 4128 \‘ituus
848 4079 898 4130 iu
935 4079 1275 4150 Diognetum.

710 4167 847 4222 lbid.
899 4170 1190 4231 Eudemus.
1248 4175 1459 4235 invenit
1516 4182 2006 4244 Schurzlleiscbius
2073 4189 2215 4244 seri.

638 4267 786 4326 ptum
816 4261 868 4316 in
909 4264 1082 4332 primo
1111 4267 1360 4326 Palatino
1409 4289 1512 4330 ms.
1557 4273 1833 4332 Eudamon
1885 4279 1962 4334 vel
2034 4279 2215 4334 Euda-

640 4355 927 4426 mus.lpse
981 4369 1131 4429 putat
1169 4361 1441 4419 Eudamus
1495 4369 1751 4436 Δωριστὶ,
1811 4385 1910 4440 pro
1968 4367 2214 4440 Εὔδαμος

636 4450 898 4515 Scriptum
937 4466 950 4501 :
984 4467 1106 4504 nam
1132 4462 1186 4506 et
1217 4453 1466 4526 Εΰδημος
1497 4458 1695 4511 dicitur
1731 4457 1968 4514 Diodoro
2027 4459 2213 4516 Siculo

2333 1998 2671 2066 Μεγαρικῶν
2747 2001 2878 2066 περὶ
2949 2001 3009 2051 τὸ
3084 2002 3457 2055 διακοσσθστδν
3501 2004 3775 2074 ὲννενηκωτδν

2333 2086 2450 2148 ἔτος
2508 2088 2732 2157 ὕστερον
2780 2093 2879 2160 τῆς
2908 2091 3066 2146 “Ilion
3131 2093 3382 2154 ἁὶὼπεως
3413 2094 3502 2161 τὴν
3541 2094 3682 2160 ἀκμὴν
3716 2093 3776 2144 Aa.

2329 2179 2565 2248 κούργου
2588 2181 2741 2250 φέρει
2770 2198 2785 2236 :
2826 2185 2982 2237 sentit
3033 2185 3178 2237 circa
3231 2186 3601 2238 ducentesimum
3626 2199 3780 2250 nonagto

2328 2273 2520 2325 simum
2551 2291 2749 2327 annuat
2797 2292 2827 2328 a
2869 2273 3032 2344 Troja
3087 2289 3248 2345 capta
3302 2275 3568 2346 Lycurgum
3607 2277 3781 2340 floruisse.

2335 2358 2429 2415 Vix
2465 2361 2709 2430 quinque
2739 2363 2959 2416 demum
2993 2367 3155 2422 annis
3195 2368 3372 2420 minus
3421 2380 3562 2431 quam
3589 2362 3782 2418 'l‘atianut.

2328 2449 2430 2504 Sed
2486 2459 2540 2504 et
2597 2451 2857 2506 Eusebius
2913 2453 3143 2522 ipsemet
3194 2455 3325 2511 alias
3382 2455 3523 2509 Iib.x
3573 2454 3778 2518 Pneparst.

2329 2539 2534 2606 Evang.
2563 2555 2611 2593 e.
2643 2541 2698 2604 ὅ.
2756 2543 2984 2596 multum
3024 2544 3246 2611 quidem
3302 2555 3418 2613 post
3464 2543 3612 2611 Troi:e
3648 2555 3786 2604 casm,
3860 2573 3861 2618 1

2327 2641 2452 2684 aute
2490 2632 2826 2702 olympiadas
2859 2645 3041 2689 autem
3074 2636 3213 2688 solis
3239 2635 3412 2690 ἐτεσιν
3443 2631 3788 2698 Euasit-Lycur-

2324 2739 2448 2788 gum
2501 2724 2704 2782 refert.
2746 2725 2820 2779 Ad
2856 2727 2970 2782 haec
3025 2727 3234 2782 laudati
3268 2728 3528 2788 Scaligero
3593 2724 3788 2789 Phlegon.

2322 2815 2412 2877 qui
2449 2830 2475 2866 a
2513 2813 2756 2885 Lycurgo
2792 2819 2857 2868 ad
2886 2817 3112 2884 primam
3136 2817 3490 2887 olympi-adem
3533 2824 3655 2882 putat
3675 2825 3789 2865 annos

2326 2904 2445 2964 ll8,
2482 2913 2536 2957 et
2571 2909 2792 2973 propius
2819 2909 2883 2960 ad
2955 2921 3138 2961 verum
3203 2909 3542 2978 Porphyrius,
3583 2906 3652 2974 qui
3700 2902 3791 2956 sol“!
3860 2905 3861 2966 ἔ

2322 2994 2424 3048 108
2467 2995 2636 3063 ponit.
2695 2994 2894 3050 Verum
2933 2997 3115 3050 multa:
3143 3007 3304 3052 erant
3352 2998 3415 3052 de
3462 2995 3650 3066 Lycurgi
3689 3000 3792 3047 atate
3860 3029 3861 3036 η

2318 3094 2479 3153 atque
2534 3085 2762 3140 invicem
2815 3087 3044 3142 diversae
3097 3099 3346 3142 veterum
3399 3087 3673 3148 sententiis;
3725 3097 3788 3181 nec
3860 3123 3861 3176 ξ

2325 3175 2526 3229 desunt
2554 3176 2643 3244 qui
2682 3176 2812 3229 solis
2857 3176 2926 3231 30
2964 3177 3122 3230 annis
3185 3180 3357 3241 prima
3402 3177 3661 3246 olympiade
3699 3175 3790 3224 snti-

2324 3269 2566 3333 quiorem
2597 3281 2719 3320 eum
2748 3265 2921 3321 facian
2945 3276 2964 3321 t
2993 3282 3119 3322 eum
3149 3266 3484 3337 Thucydide,
3512 3265 3637 3332 (υῙιιε
3661 3262 3791 3362 vide‘is

2321 3357 2560 3411 Annales
2583 3373 2612 3410 a
2645 3356 2916 3412 Dodvvello
2945 3357 3244 3414 adornatos
3271 3375 3390 3429 pag.
3417 3357 3498 3412 39.
3537 3354 3790 3420 Cumprimis

2321 3463 2449 3504 vero
2485 3449 2710 3503 consule
2765 3447 3053 3503 Meursium
3107 3449 3226 3504 lib'.
3266 3465 3327 3516 u,
3355 3464 3448 3515 cap
3475 3490 3488 3503 .
3517 3448 3538 3501 1
3571 3445 3789 3500 Miscebat.

2322 3540 2525 3596 Lacon.

2387 3631 2523 3686 Ibid.
2571 3631 2883 3689 Zacharias.
2935 3634 3208 3688 Pontacus
3261 3633 3318 3687 in
3369 3628 3698 3698 Corrigendisi
3731 3635 3791 3690 Ρτο

2320 3721 2616 3777 Zacharias
2647 3723 3053 3778 rescribendum
3086 3724 3317 3778 Azarias
3349 3723 3522 3786 jussit,
3566 3719 3634 3770 cui
3674 3725 3789 3766 tamen

2318 3814 2683 3867 emendationi
2739 3829 2889 3868 mss.
2939 3830 3044 3868 nou
3093 3814 3501 3884 suffragantur.
3564 3806 3788 3862 Videmlus.

2318 3919 2478 3972 qnem
2528 3905 2712 3958 laudat
2763 3918 2816 3960 et
2862 3904 3122 3976 Scaliger,
3163 3906 3537 3976 Hieronymus,
3583 3902 3627 3955 in
3667 3893 3790 3950 Μιιηιο

2317 4013 2473 4058 xxtn,
2513 3998 2598 4052 55.
2635 3999 2836 4053 Eadem
2889 3999 3048 4069 ῥῆσις
3077 3999 3160 4053 bis
3191 3999 3334 4053 infra
3387 3994 3621 4082 occurrit.
3745 4078 3754 4090 .

2387 4089 2524 4145 Ibid.
2556 4091 2838 4144 Aremulus
2871 4089 3088 4145 Silvius.
3120 4089 3262 4146 Tres
3304 4091 3492 4146 Palat.
3535 4101 3682 4145 mss.,
3724 4091 3788 4132 σπι

2317 4180 2593 4244 Rontqus,
2629 4190 2768 4236 teste
2815 4182 3298 4242 Schurzﬂeisrbio.
3354 4184 3444 4251 qui
3496 4187 3543 4235 et
3597 4169 3794 4270 Romi?

2317 4272 2536 4326 Silvium
2569 4272 2675 4328 dici
2703 4273 2856 4327 Livio
2887 4273 3152 4340 adnotat;
3186 4275 3421 4334 caneris.
3474 4270 3663 4326 Aurelio
3697 4262 3794 4315 scl-

2313 4372 2399 4418 cet
2430 4361 2631 4419 Victori
2662 4379 2711 4420 c.
2747 4365 2833 4427 18.
2861 4365 3055 4420 Orosio
3085 4366 3181 4421 lib.
3219 4381 3266 4427 I,
3306 4380 3358 4419 c.
3389 4365 3476 4419 2‘2.
3509 4357 3796 4432 Syncellmal-

2314 4471 2420 4524 que
2452 4456 2575 4510 aliis
2606 4457 2933 4511 Arcmulum.
2963 4455 3153 4512 Ovidio
3187 4457 3284 4512 lib.
3312 4473 3366 4511 tv
3413 4456 3628 4511 Fastor..
3665 4445 3796 4502 litm'
3860 4501 3861 4504 η

636 4545 686 4588 et
726 4540 1020 4606 Syuci-llo;
1062 4558 1369 4613 quanquam
1419 4548 1490 4600 ibi
1525 4547 1736 4605 Gnarus
1789 4551 1854 4605 de
1901 4566 2000 4605 suo
2031 4551 2208 4624 Εὔδησ

2314 4547 2442 4602 lum.
2478 4547 2767 4619 Dionysius
2786 4549 3060 4603 Halicarn.
3106 4547 3370 4616 Ἀλλάδην
3440 4545 3548 4600 sive
3601 4536 3796 4595 Ἀλλάδιον

636 4642 739 4694 ρος
772 4629 1093 4696 reposuerit.

709 4717 844 4774 Ibid.
876 4720 1195 4794 Acrazapes.
1231 4723 1698 4790 Quemadmodum
1729 4733 1783 4783 in
1825 4733 2211 4792 vetustioribus

638 4808 816 4873 editis,
842 4821 897 4866 et
925 4815 1137 4871 duobus
1158 4817 1419 4874 Palatinis
1454 4836 1583 4875 mss.
1617 4821 1791 4886 libris,
1822 4823 1893 4877 ita
1917 4825 2044 4898 etin
2077 4826 2210 4883 Par-

637 4903 808 4955 mensi
833 4903 1126 4976 Ocrasopes
1155 4908 1243 4964 hic
1267 4910 1487 4975 dicitur,
1509 4923 1562 4966 et
1585 4912 1771 4969 Graec
1795 4916 1967 4971 semel
2010 4917 2212 4988 ὀκραο

639 4989 816 5060 ξάπης
840 4995 1134 5064 Scaligero.
1153 4998 1417 5056 Caeterum
1442 5013 1495 5057 et
1514 5005 1795 5061 Acratabes
1813 5016 1866 5062 et
1891 5007 2227 5078 Octasapes,.

638 5091 690 5135 et
707 5081 862 5152 juxta
937 5088 1256 5146 Africanum
1309 5093 1683 5161 Acracarnes,
1745 5107 1940 5166 praeter
2004 5099 2209 5166 Ἄκρα-

637 5174 812 5242 γάνην
831 5174 1088 5244 Syncelli,
1115 5182 1255 5249 apud
1283 5184 1421 5240 alios
1436 5188 1763 5254 appellatur.
1785 5188 1945 5243 Jubet
1971 5190 2210 5244 Scburz-

641 5258 917 5320 lleiscbius
979 5268 1226 5337 inquiri,
1286 5291 1412 5328 num
1467 5275 1556 5330 bic
1613 5277 1684 5330 sit
1736 5278 2067 5333 Asbazaretlt
2120 5278 2210 5334 ille

641 5359 890 5424 mag'uus,
925 5358 1015 5427 qui
1060 5373 1389 5419 memoratur
1423 5364 1462 5420 ll
1493 5365 1649 5422 Esdr.
1682 5381 1737 5422 ν.
1767 5365 1856 5420 69.

713 5448 850 5503 lbid.
889 5448 1155 5521 Lycurgus
1203 5452 1425 5524 insignis
1477 5457 1720 5514 habetur.
1757 5456 2060 5528 Lycurgum
2108 5458 2208 5514 llo-

641 5538 818 5593 ruisse
875 5549 1002 5595 ante
1067 5541 1292 5610 primam
1353 5545 1710 5615 olympiadem
1777 5547 1956 5602 ἔτεσιν
2006 5549 2209 5604 ἓκατὺν

643 5632 1006 5701 πεντήκοντα,
1053 5649 1182 5687 ann.
1227 5633 1349 5700 150,
1393 5635 1645 5692 Clemens
1675 5638 1880 5695 Strom.
1935 5640 2204 5696 tscribit.

643 5719 909 5778 Tatiauus
939 5739 1066 5780 vero
1094 5725 1234 5794 apud
1263 5725 1440 5794 ipsum
1471 5725 1828 5790 Clementem,
1885 5729 2016 5782 solis
2072 5731 2207 5782 ἐκα-

646 5812 762 5880 τὸν,
797 5825 1004 5874 centum
1039 5832 1058 5875 :
1087 5817 1229 5889 quod
1262 5815 1514 5888 congruit
1546 5829 1697 5868 num.
1734 5816 1868 5872 1110
1899 5825 2018 5886 post
2063 5818 2210 5874 hunc

1981 6099 2142 6160 κ

2312 4647 2468 4693 vocat
2502 4655 2516 4693 :
2557 4641 2781 4695 Orosius
2811 4641 2956 4694 solos
2987 4639 3052 4693 18
3090 4640 3138 4693 ei
3173 4653 3347 4693 annos
3373 4637 3516 4704 regni
3550 4629 3793 4700 impertitur-

2312 4729 2444 4794 Quaa
2476 4731 2886 4799 subsequuntur
2921 4730 2988 4783 de
3041 4728 3294 4792 pra‘sidio
3335 4727 3793 4784 Albanorumwtcu

2313 4815 2556 4888 Scaliger
2605 4819 2772 4875 sentit
2817 4819 2916 4874 abs
2968 4819 3299 4889 Hieronymo
3353 4818 3533 4871 addita
3587 4814 3720 4867 fuisse
3753 4818 3794 4856 ει

2313 4910 2532 4965 historia
2569 4910 2780 4973 Latina,
2805 4925 2868 4964 ea
2909 4909 3164 4964 nimirum
3191 4908 3470 4968 devcausa.
3494 4903 3622 4975 quod
3650 4907 3794 4954 tantum

2311 4997 2430 5068 illa,
2457 5003 2519 5059 ob
2550 5004 2871 5069 impietatem
2898 5001 3210 5072 fulminatus
3245 5001 3460 5064 interiit,
3507 4999 3670 5090 Grai-ce
3702 4984 3794 5090 {PM

2310 5091 2619 5161 Syncellum
2651 5092 2946 5160 supersint.
2980 5090 3212 5145 Laudati
3254 5100 3503 5145 auctores
3530 5089 3591 5140 de
3613 5086 3692 5137 hoc
3722 5086 3796 5144 il)?“
3860 5115 3861 5130 ξ

2310 5183 2505 5238 mortis
2548 5198 2746 5251 genere
2780 5185 2921 5237 inter
2973 5198 3032 5238 se
3086 5182 3438 5237 disstentiunt.
3504 5178 3648 5234 Hiatu
3691 5181 3795 5272 terra

2311 5271 2624 5340 absorptum
2661 5271 2849 5336 fuisse,
2889 5272 3136 5341 prolapsa
3168 5271 3327 5326 simul
3360 5284 3484 5325 cum
3531 5282 3591 5322 eo
3632 5269 3738 5332 regiI
3761 5269 3795 5306 ιο

2309 5362 2576 5430 Albanum
2605 5363 2806 5429 lacum,
2840 5365 3171 5420 vetustiores
3209 5363 3560 5418 tradiderunt.

2381 5455 2519 5510 Ibid.
2580 5453 2947 5510 Sesoncltosis.
3003 5455 3134 5510 Mira
3182 5455 3343 5524 hujus
3397 5449 3647 5542 nominis-
3670 5455 3792 5542 autfi-

2308 5544 2600 5614 λογραφια.
2630 5545 2688 5599 lu
2724 5561 2826 5602 ms.
2853 5546 3132 5602 Parmensi
3186 5545 3517 5605 Sensecorus,
3551 5543 3596 5594 in
3622 5537 3795 5591 Palatino

2308 5635 2487 5700 primo
2523 5634 2878 5704 Sesoncltosis,
2913 5637 2968 5691 in
2993 5638 3113 5691 aliis
3139 5635 3432 5692 Sensecoris
3474 5634 3668 5689 dicitur.
3708 5621 3795 5674 δα*

2309 5729 2480 5795 ligero
2520 5728 2867 5798 Sysonchosis
2898 5745 2918 5784 :
2953 5731 3019 5784 in'
3055 5729 3259 5785 Graecis
3288 5726 3543 5783 Africano
3860 5775 3861 5786 χ

2313 5817 2549 5874 Eusebio
2577 5835 2642 5876 ac
2669 5821 2921 5892 Syncello
2975 5822 3310 5892 Σεσιγχωσις
3341 5835 3358 5875 :
3393 5817 3592 5874 tametsi
3612 5809 3684 5883 qui
3708 5806 3795 5859 ιιιιιε
