3964 6186
103 217 221 280 865

1420 163 1833 265 VALLARSll
1878 202 2115 266 Nora.

3263 210 3376 275 866

107 335 299 389 ordini
332 332 471 404 apud
501 331 815 404 Syncellum
861 327 1174 400 respondet,
1222 324 1528 382 Pettthastea
1583 337 1708 390 pro-

1830 321 1984 391 Ὤρου
2044 323 2232 390 ἱερέως
2286 320 2504 381 Ἴσιδος.
2549 317 2858 389 chendum
2915 319 3170 387 videtur,
3229 323 3390 388 υἱέως

111 432 240 500 prie
265 430 362 492 sit,
397 428 484 482 cui
509 436 562 480 et
590 442 763 481 annos
807 423 1160 493 quadraginta
1213 431 1454 489 quatuor
1501 417 1704 484 impero

111 526 277 577 titur.
314 523 591 590 lmpressa
632 519 793 572 lectio
833 514 1220 577 vetustiorum,
1265 522 1319 566 et
1362 510 1706 566 Sichardinte

105 614 379 669 editionis
417 620 518 668 est.
549 611 756 666 Caetera
791 606 1116 670 Suom-him,
1147 614 1206 660 ut
1238 603 1358 658 aliis
1379 601 1703 671 appellatur,

109 717 250 759 sunt
311 706 427 776 qui‘
474 701 758 758 Susacltim
813 699 963 752 illum
998 696 1058 752 S.
1098 697 1415 766 Scripturae,
1473 694 1540 747 de
1593 704 1704 760 quo

112 801 282 869 paulo
323 797 578 868 superius
609 811 673 849 ex
722 793 945 849 Eusebii
982 800 1162 846 mente
1206 789 1542 849 dicebamus,
1585 797 1706 840 esse

111 893 310 946 Velini.
350 890 414 944 Et
442 888 680 943 maxima
735 885 954 956 quidem
992 883 1230 938 nominis
1271 878 1574 936 Similitqu
1621 878 1705 931 iu-

113 986 348 1039 tt-rcedit
380 1000 395 1036 :
425 992 781 1050 notatumque
839 987 1098 1050 praeterea
1133 977 1204 1030 cl.
1263 972 1576 1035 Perizonio,
1607 969 1706 1022 abs

109 1075 359 1144 Just-pho
378 1075 450 1130 De
472 1074 595 1129 bell.
628 1071 754 1126 .lud.
781 1085 878 1138 vn,
909 1071 994 1132 l8,
1028 1067 1284 1123 Sesacum
1309 1065 1484 1134 ipsmn
1520 1060 1710 1130 appel-

112 1170 220 1222 lari
251 1167 556 1236 Ἀσωχαῖον
611 1166 696 1221 vel
743 1165 887 1218 forte
935 1162 1271 1230 Σασωχαῖον,
1308 1157 1450 1227 quod
1510 1169 1706 1208 nomen

35 1308 46 1318 ,
111 1261 374 1311 convenit
406 1272 568 1326 quam
622 1254 858 1308 maxime
911 1267 1036 1307 cum
1083 1250 1276 1318 Asychi
1331 1245 1590 1300 Herodoti
1643 1257 1708 1303 ιι,

115 1349 258 1416 156;
292 1350 435 1403 hunc
465 1355 648 1402 autem
680 1344 748 1400 ab
776 1347 896 1414 ipso
931 1341 1208 1397 Herodoto
1263 1339 1317 1394 in
1353 1337 1459 1392 tale
1496 1347 1709 1406 tempus

109 1441 386 1504 conferri,
432 1440 576 1508 quod
617 1438 788 1505 possit
833 1438 887 1491 in
924 1434 1236 1490 Salomonis
1289 1445 1518 1502 regnum
1571 1444 1707 1482 cono

111 1548 350 1605 gruere.
385 1529 750 1585 Nihilosecius
780 1529 1050 1583 incertum
1103 1527 1204 1580 hoc
1249 1538 1374 1579 esse
1421 1537 1485 1576 cx
1533 1519 1709 1574 nomi-

115 1640 254 1680 num
338 1622 696 1679 similitudine
778 1629 1207 1688 argumentum,
1264 1625 1432 1686 atque
1507 1611 1712 1681 oppido

113 1714 472 1769 incertiorem
503 1721 810 1780 temporum
854 1711 906 1764 in
942 1709 1257 1763 universum
1301 1704 1707 1772 componendo-
1739 1684 1787 1746 Β

113 1820 245 1858 rum
281 1805 549 1858 rationem
580 1817 596 1855 :
632 1800 924 1855 Eusebium
964 1812 1129 1867 porro
1175 1812 1298 1852 cum
1350 1796 1414 1850 ad
1452 1793 1707 1848 Smeudis

113 1895 313 1951 an.”
347 1893 514 1948 refert
572 1890 869 1946 Susachimi
916 1891 1053 1961 regis
1113 1887 1332 1957 zEgypIi
1380 1885 1707 1951 historiam,

117 1986 322 2045 rideri.
359 2001 459 2056 pro
496 1985 688 2040 eodem
722 1983 1002 2037 Smeudim
1024 1997 1085 2036 ac
1112 1981 1395 2036 Susachim
1432 1979 1710 2033 habuisse.

115 2076 469 2132 Postremum
502 2077 716 2144 quidem
753 2074 899 2128 istud
937 2074 1164 2126 minime
1201 2073 1358 2125 nobis
1405 2071 1666 2140 probatur
1696 2111 1710 2132 ,

117 2180 180 2225 et
205 2169 353 2223 salva
385 2177 586 2235 tamen,
615 2178 672 2222 ut
698 2167 786 2220 ubi
817 2159 1186 2229 Ostendimus,
1217 2180 1302 2219 res
1347 2175 1452 2218 est.
1508 2160 1710 2216 Verum

118 2275 180 2317 et
220 2262 466 2333 Scaliger
502 2262 636 2329 ipse,
666 2275 788 2314 cum
821 2258 1056 2328 pridem.
1089 2266 1142 2310 ut
1175 2255 1432 2318 diximus,
1476 2252 1714 2306 arbitra-

121 2364 216 2411 tus
245 2364 416 2417 esset,
452 2354 738 2409 Susachim
775 2367 882 2408 non
909 2351 1077 2405 alium
1110 2364 1253 2415 esse,
1287 2363 1449 2417 quam
1506 2358 1714 2414 praere—

120 2447 311 2504 dentis
333 2448 582 2518 proxime
601 2445 865 2517 dynastize
896 2443 1150 2497 ultimum
1178 2440 1528 2500 Susemnem,
1551 2443 1715 2502 atque

124 2542 204 2596 ita
249 2539 600 2596 Mauethouis
633 2537 916 2610 dynastias
946 2542 1208 2606 aptasset,
1247 2542 1302 2585 ut
1354 2528 1615 2584 Roboami
1663 2537 1717 2582 et

124 2633 418 2690 Susemri'ts
451 2635 503 2686 in
544 2631 686 2686 idem
717 2641 931 2702 tempus
973 2645 1136 2700 regna
1169 2632 1558 2687 concurrerent
1591 2638 1606 2678 :
1662 2622 1716 2676 in

122 2725 451 2780 Canouibus
483 2722 778 2793 lsagogicis
805 2729 1012 2776 mutata
1046 2718 1340 2775 sententia,
1364 2717 1512 2770 hunc
1540 2716 1715 2782 ipsum

122 2817 453 2873 Sesonehim
493 2829 591 2884 pro
632 2813 922 2870 Susachim
958 2812 1143 2878 habet,
1179 2811 1270 2880 qui
1316 2808 1721 2861 fueritSusem-

129 2912 218 2966 nis
255 2909 424 2971 ﬁlius,
455 2913 510 2961 et
550 2911 698 2976 patre
731 2903 912 2959 adhuc
951 2903 1091 2967 vivo,
1140 2899 1536 2969 expeditionem
1572 2896 1718 2950 illam

121 3003 178 3057 in
211 3000 460 3064 Judaam
507 3007 560 3053 et
597 2998 936 3051 Roboamum
973 2993 1184 3048 fecerit.
1232 2991 1363 3057 Ejus
1391 2998 1597 3055 autem
1633 3001 1715 3038 ra-

1809 413 2024 477 Ἴσιδος.
2079 412 2251 467 Etiam
2318 413 2672 482 Σεσύγχωρις
2720 411 2850 466 oliui
2903 411 3136 468 fortasse
3171 412 3387 469 lectum

1807 515 1912 563 est.
1941 505 2073 560 Vide
2104 505 2424 577 Synccllum
2446 506 2576 560 edit.
2600 505 2725 560 Par.
2763 520 2816 575 p.
2857 504 2950 568 60,
2983 515 3039 561 et
3071 509 3206 562 adde
3225 506 3392 564 Goari

1808 600 2339 669 chron‘ograpbicum
2366 599 2419 652 in
2462 597 2778 670 Syncellum
2832 612 3096 652 canonem
3155 616 3206 670 p.
3242 600 3345 654 4'27
3373 641 3390 668 ,

1808 691 1900 746 ubi
1931 698 2110 745 tanten
2145 689 2486 749 Srsonchoria
2516 700 2764 757 vocatur;
2797 691 2892 745 sed
2922 699 2979 754 et
3010 690 3152 745 alius
3197 694 3395 762 Ἀχεγ-

1808 783 1997 853 χιρὴς,
2044 783 2137 838 Ori
2176 782 2342 844 illitis,
2379 782 2433 836 in
2503 782 2745 851 ejusdem
2822 800 3077 852 χρονογρ.
3105 825 3118 843 ,
3177 799 3226 852 p.
3272 785 3392 846 151,

1809 873 2061 930 habetur.
2092 873 2289 927 Suidas
2323 873 2664 939 ΣΕΣΟΩΣΙΣ,
2708 873 2879 943 ὄνομα
2913 875 3126 940 κύριον.
3159 875 3231 929 Ita
3266 887 3396 944 puto

1819 983 1849 1021 a
1901 965 2139 1020 Diodoro
2173 965 2358 1020 Siculo
2405 967 2774 1022 Sesonchusiu
2820 966 2990 1022 fuisse
3017 970 3345 1036 appellatum
3379 987 3393 1023 :

1812 1061 2269 1128 quemadmodum
2293 1059 2555 1114 Paulinus
2579 1061 2716 1130 apud
2743 1061 3042 1113 Ausonium
3069 1058 3396 1115 Seaoostrem

1811 1167 1934 1207 eum
1962 1154 2280 1207 nominavit.
2311 1152 2402 1207 llis
2439 1152 2634 1214 adiice,
2676 1170 2798 1220 quae
2825 1152 3166 1212 Marshamns
3205 1155 3256 1206 in
3294 1153 3398 1206 Ca-

1821 1256 1966 1296 none
1996 1241 2260 1296 chronico
2287 1257 2315 1294 a
2353 1259 2406 1310 p.
2439 1240 2543 1296 5Ἰο
2575 1244 2640 1296 de
2667 1243 2854 1294 eodem
2905 1258 3028 1309 reg».
3071 1243 3402 1297 observavit.

1813 1321 2016 1386 Confer
2053 1343 2105 1384 et
2138 1333 2208 1388 cl.
2234 1331 2581 1387 Perizonlum
2616 1330 2840 1401 IEgypt.
2873 1331 3085 1402 Origin.
3133 1349 3182 1388 c.
3215 1334 3298 1393 l7.
3337 1351 3400 1388 ex

1815 1421 1909 1475 iilo
1941 1422 2238 1477 Dicaearchi
2263 1424 2582 1478 testimonio
2631 1424 2837 1478 dudum
2876 1427 3114 1489 laudato,
3168 1437 3268 1497 pro
3302 1441 3404 1480 SHO

1817 1514 2129 1570 Sesostride
2164 1515 2351 1569 ntultis
2377 1516 2797 1570 edisserentem.

1887 1606 2023 1662 Ibid.
2059 1607 2432 1662 Praetermittit
2485 1607 2732 1677 Scaliger
2780 1608 2897 1664 haec
2925 1609 3108 1663 omnia
3141 1608 3209 1663 de
3263 1608 3405 1663 Seu-

1814 1701 1988 1756 scoris
2019 1700 2128 1754 lilio
2159 1697 2337 1769 Sipari
2370 1699 2424 1752 in
2449 1700 2579 1754 deos
2607 1699 2794 1764 relato,
2830 1714 2892 1753 ac
2926 1687 3155 1766 Serapiu
3204 1712 3406 1768 cogno-

1816 1790 2022 1844 minato
2042 1807 2056 1846 :
2079 1805 2200 1858 quin
2221 1789 2437 1859 quidem
2456 1800 2508 1842 et
2535 1803 2563 1842 a
2587 1789 2868 1844 Parmensi
2891 1804 2994 1844 ms.
3023 1789 3251 1856 aliisque
3269 1789 3407 1842 duo-

1815 1883 1919 1937 bus
1966 1881 2232 1936 Palatinis
2287 1881 2533 1934 absunt.
2583 1879 2951 1934 Nihilominus
3001 1895 3105 1934 non
3153 1879 3409 1932 videntur

1817 1971 2177 2040 repudianda,
2203 1987 2327 2026 cum
2360 1971 2608 2040 plerique
2640 1970 2764 2024 libri
2791 1971 2882 2024 alii
2922 1985 3116 2025 omnes
3160 1971 3266 2026 ﬁde
3307 1986 3406 2026 sua

1815 2064 2206 2134 essejuheant.
2255 2063 2754 2118 Schurzlleischius
2786 2072 2959 2132 putat,
2989 2064 3034 2118 si
3062 2065 3128 2118 ab
3154 2064 3257 2118 alia
3294 2081 3408 2118 ιιισν

1819 2175 1888 2213 nn
1917 2169 2064 2222 sunt,
2108 2175 2137 2212 a
2169 2174 2336 2212 manu
2395 2173 2528 2213 sane
2571 2173 2691 2213 esse
2742 2158 2950 2212 librarii
2991 2157 3221 2227 alicujus
3258 2157 3404 2218 haud

1821 2244 2026 2298 indocti
2065 2263 2077 2298 :
2108 2262 2230 2300 cum
2264 2261 2370 2300 non
2395 2245 2665 2300 absimilia
2699 2247 2877 2315 legere
2907 2246 2975 2299 sit
3001 2248 3145 2316 apud
3177 2248 3407 2318 Syncel-

1821 2337 1929 2390 lum
1987 2337 2119 2392 edit.
2178 2337 2302 2393 Par.
2335 2353 2385 2406 p.
2448 2337 2536 2400 75,
2573 2339 2662 2390 ubi
2718 2337 3006 2407 Egyptios
3061 2354 3239 2408 reges,
3304 2339 3408 2408 τῆς

1820 2428 1990 2482 πάλαι
2052 2428 2363 2499 Μεστραϊας
2423 2418 2737 2494 recensens,
2801 2431 3092 2499 septimum
3157 2431 3407 2501 Sempin,

1819 2532 2068 2574 octavum
2111 2520 2459 2576 Sesoncttosin
2507 2523 2679 2593 ponit.
2712 2522 2900 2576 Denuo
2935 2522 3124 2578 confer
3151 2527 3220 2578 cl.
3258 2525 3412 2579 Peri-

1822 2611 2042 2666 zouium
2080 2612 2200 2665 loco
2226 2612 2466 2665 laudato.

1894 2701 2012 2756 Col.
2055 2703 2181 2758 545.
2227 2701 2376 2758 Sexti
2412 2720 2558 2758 mare
2591 2704 2925 2758 obtinuerunt
2971 2705 3171 2775 Cyprii.
3237 2707 3412 2774 Atque

1822 2797 1940 2851 hate
1967 2795 2212 2866 Scaliger
2271 2799 2488 2864 penitus
2547 2799 2754 2859 omisit.
2815 2815 2902 2866 ea,
2949 2809 3006 2853 ut
3058 2801 3291 2867 videtur,
3346 2799 3414 2855 de

1825 2905 2023 2958 causa,
2058 2891 2202 2960 quod
2242 2907 2418 2958 neque
2468 2891 2520 2945 in
2577 2890 2768 2947 Graaco
2827 2892 3114 2964 Syncellus
3161 2896 3412 2949 servarit.

1829 2981 2003 3037 Latini
2029 2993 2207 3037 autem
2238 2983 2364 3037 libri
2389 2999 2517 3039 cum
2553 2984 2706 3050 editi,
2739 2993 2853 3038 tum
2895 3001 3054 3050 mss.,
3111 2986 3225 3056 pari
3286 3001 3417 3038 con-

121 3060 474 3150 tiocinlationi
499 3101 554 3146 et
593 3089 818 3146 calculis
845 3087 969 3156 jure
1004 3084 1228 3154 opponit
1271 3082 1520 3136 laudatus
1564 3078 1719 3133 Peri-
1747 3053 1791 3110 (ἶ
1824 3088 1985 3128 sensu
2014 3072 2235 3137 habent,
2264 3085 2317 3128 et
2347 3074 2412 3127 ad
2461 3075 2600 3137 hunc
2661 3073 2881 3143 quidem
2922 3053 3138 3128 locum}
3198 3074 3415 3129 tametsi

117 3188 346 3249 Ionius,
366 3185 435 3238 ab
461 3182 608 3238 omni
639 3181 850 3235 ratione
879 3177 1253 3250 dynastiarum
1287 3175 1526 3228 alit-num
1568 3184 1718 3232 esse,

1826 3164 2036 3230 primus
2072 3161 2305 3219 Palatio.
2339 3167 2521 3234 quinto
2586 3165 2730 3221 dicat
2782 3182 2880 3236 pro
2933 3176 3102 3234 sexto,
3144 3177 3195 3220 ct
3243 3181 3417 3220 annos

119 3287 278 3331 certe
317 3273 684 3335 rariSsimnm,
722 3279 780 3324 ut
829 3270 1038 3336 primus
1077 3282 1230 3320 nova:
1310 3263 1576 3327 dynastire
1628 3277 1721 3316 rex
1814 3253 1894 3307 25
1924 3252 2179 3323 praeferat
2205 3256 2426 3321 pr0152,
2460 3255 2920 3330 quemadmodum
2956 3256 3029 3310 ibi
3064 3256 3416 3326 Antiquarius

122 3370 300 3423 fuerit
351 3366 527 3420 ultimi
583 3363 886 3433 superioris
927 3355 1188 3430 dynastiaz
1241 3355 1404 3412 lilius.
1463 3355 1724 3424 Adjectus

120 3464 276 3517 enim
333 3470 386 3513 et
418 3458 509 3511 ille
555 3455 829 3526 superiori
888 3451 1152 3522 dynastis:
1183 3449 1396 3514 fuisset,
1445 3448 1513 3505 ad
1558 3462 1722 3516 quam

121 3568 285 3624 aque
319 3566 382 3606 ac
417 3559 570 3620 pater
621 3545 984 3604 referebatur.
1037 3542 1240 3598 Deinde
1279 3541 1533 3596 recedere
1583 3539 1728 3592 hanc

125 3642 464 3700 sententiain
494 3641 562 3695 ab
612 3638 938 3694 auctoritate
985 3633 1210 3690 Eusebii
1242 3643 1296 3687 et
1347 3630 1609 3703 Syncelli,
1663 3643 1728 3684 ac

127 3739 236 3794 niti
269 3737 406 3792 solis
443 3748 710 3788 annorutn
746 3730 1014 3795 numeris,
1052 3730 1144 3798 qui
1201 3725 1433 3796 singulis
1489 3725 1709 3794 regibus

128 3829 456 3884 tribuuntur
491 3825 543 3879 in
585 3823 853 3895 dynastiis
891 3818 1258 3876 Manethonis.
1315 3818 1424 3872 Eos
1459 3832 1588 3872 vero
1640 3816 1727 3871 di-

127 3936 327 3975 versos
352 3935 475 3975 esse
510 3918 652 3988 apud
677 3915 1020 3980 Africanum,
1051 3911 1371 3971 Eusebium,
1402 3919 1456 3964 et
1502 3907 1730 3980 Syncel-

130 4015 269 4077 lum,
302 4019 592 4078 corruptos
643 4017 806 4074 atque
852 4008 1115 4070 incertos,
1151 4011 1210 4057 ut
1256 4003 1390 4057 adeo
1437 4000 1548 4054 illis
1599 3999 1731 4054 solis

125 4099 292 4155 inniti
328 4114 436 4152 non
461 4098 642 4152 liceat.
673 4097 903 4154 Caetera.
933 4108 1056 4163 qua:
1091 4092 1159 4146 de
1185 4091 1348 4160 hujus
1394 4098 1562 4144 actate
1587 4089 1730 4159 regis

125 4200 296 4245 erant
342 4205 410 4245 ex
453 4201 692 4242 veterum
767 4185 983 4256 placitis
1029 4183 1362 4246 annotanda,
1402 4181 1730 4235 Schurzllei-

126 4284 326 4339 scitius
381 4277 803 4349 praeoccupavit.
860 4276 1241 4340 Sesonchosis,
1277 4274 1477 4343 inquit,
1525 4282 1735 4339 tempo-

1827 3347 2102 3401 Salmasio
2125 3346 2380 3401 laudatus
2411 3349 2462 3400 in
2501 3347 2621 3402 aliis
2648 3361 2867 3417 quoque
2905 3347 3057 3402 libris
3092 3347 3280 3402 haberi
3317 3363 3420 3401 uo-

1828 3448 1926 3493 tat.
1956 3439 2136 3493 Etiam
2176 3437 2564 3501 Eratosthenes
2617 3438 2762 3508 apud
2800 3437 3122 3492 Strabonem
3154 3438 3248 3493 lib.
3302 3456 3414 3502 xw,

1828 3527 1932 3583 sub
1968 3529 2151 3593 linem,
2184 3529 2403 3581 navium
2433 3527 2844 3582 fabricationem
2903 3537 2958 3583 et
2985 3529 3263 3592 classium,
3310 3530 3412 3599 ἢδη

1832 3618 2136 3687 πλεομένης
2182 3616 2353 3679 ἀδεῶς
2427 3614 2527 3683 τῆς
2587 3615 2879 3687 θαλάττης⁸
2928 3619 3023 3670 καὶ
3066 3619 3206 3687 μετὰ
3248 3619 3412 3671 δυνά-

1833 3726 2002 3780 μεων,
2033 3708 2246 3780 Cypriis
2274 3707 2523 3762 ascribit.
2873 3715 2885 3726 ‘

1902 3797 2022 3851 Col.
2065 3797 2189 3851 547.
2217 3796 2504 3850 Aventinus
2537 3797 2796 3850 Aremuli.
2834 3794 3078 3867 Scaliger
3109 3797 3235 3866 legit
3276 3799 3416 3852 Are-

1830 3889 1963 3943 muli
1997 3889 2228 3960 (Remuli
2258 3888 2562 3956 Vallars.):
2602 3899 2743 3951 tum,
2803 3891 2946 3959 quod
2976 3905 3110 3945 sane
3162 3889 3414 3944 vitiosum

1831 3989 1936 4044 est,
1968 3991 2020 4034 et
2051 3991 2240 4035 contra
2278 3996 2411 4036 mss.
2443 3981 2624 4045 ﬁdem,
2660 3991 2806 4036 tacet
2837 3981 3030 4051 major,
3075 3983 3162 4036 ubi
3215 3982 3419 4037 dicitur

1832 4072 2008 4140 nmjor
2049 4071 2214 4138 ﬁlius.
2242 4070 2534 4125 Historiam
2587 4081 2770 4140 repete
2807 4087 2870 4124 ex
2909 4068 3189 4141 EutrOpio,
3221 4084 3284 4125 ex
3308 4086 3419 4140 quo

1833 4166 1949 4234 ipse
1983 4165 2198 4218 videtur
2229 4163 2593 4233 Hieronymus
2625 4165 2892 4220 transisse.

1907 4257 2043 4312 Ibid.
2095 4257 2472 4311 Aristomedes.
2507 4257 2794 4325 Perperam
2838 4255 2967 4324 legit
3005 4254 3248 4324 Scaliger
3293 4258 3421 4309 Ari-

129 4390 224 4437 ι’»,
252 4373 302 4428 si
356 4371 731 4426 Dictearchum
786 4369 1072 4431 audimus,
1103 4367 1155 4421 in
1207 4382 1409 4420 annum
1451 4373 1578 4419 ante
1619 4363 1718 4432 pri-

1836 4353 2099 4406 stodrmm
2130 4389 2144 4413 ,
2196 4360 2260 4404 et
2318 4351 2370 4402 in
2423 4349 2628 4404 Graecis
2686 4348 3048 4402 Collectaneis
3098 4346 3416 4416 Ἀριστόδη-

131 4482 284 4520 mam
310 4463 667 4536 Olympiadem
683 4461 826 4518 293G
843 4458 1392 4528 incidunt.Apo|lonii
1417 4456 1730 4512 Scholiasta

84 4619 92 4628 ,
131 4559 207 4613 ad
233 4560 530 4626 Argonaut.
563 4554 660 4610 lib.
693 4566 769 4618 tr,
797 4567 944 4608 vers.
972 4551 1078 4606 275
1108 4568 1122 4606 :
1149 4550 1504 4620 Δικαίαρχος,
1531 4549 1723 4616 inquit.

132 4650 197 4702 ιν
227 4646 429 4716 πρώτῳ
453 4643 594 4716 μετᾲ
622 4643 713 4696 τὸν
739 4641 938 4703 Ἴσιδος
969 4639 1064 4694 καὶ
1088 4637 1360 4708 Ὀσίριδος
1386 4634 1555 4706 Ὦρον
1578 4637 1732 4708 βασι-ο

130 4743 241 4794 lia.
293 4739 581 4807 γεγονέναι
631 4735 975 4803 Σεσόγχωσιν
1037 4730 1208 4798 um,
1274 4727 1416 4782 ὥστε
1476 4729 1728 4797 γίνεσθαι

131 4832 254 4887 ἀπὸ
273 4832 370 4897 τῆς
395 4827 798 4898 Σεσογχώσιδος
840 4823 1124 4896 βασιλείας
1172 4823 1338 4893 μέχρι
1369 4823 1466 4888 τῆς
1503 4821 1728 4886 Νείλου,

129 4926 238 4991 ἐτη
275 4919 383 4993 βφ¹,
426 4920 536 4975 ἀπὸ
583 4919 640 4973 δὲ
687 4917 791 4987 τῆς
817 4915 916 4970 τοῦ
962 4915 1159 4969 Νείλου
1218 4913 1506 4985 βασιλείας
1567 4915 1730 4984 μέχρι

129 5021 242 5086 τῆς
296 5015 520 5084 πρώτης
557 5011 915 5081 ὀλυμπιάδος,
973 5009 1070 5078 ἔτη
1116 5008 1262 5075 υλςθ,
1293 5007 1369 5071 ὡς
1420 5002 1563 5062 εἶναι
1604 5006 1732 5076 ἑξῆς

129 5112 211 5166 τὰ
240 5109 422 5161 πάντα
437 5105 600 5177 ὁμοῦ,
645 5103 738 5172 ἔτη
777 5104 890 5173 ,βῖῤ
917 5101 1025 5166 λς’.
1057 5098 1122 5152 Et
1151 5098 1316 5169 paulo
1351 5107 1499 5161 ante,
1534 5097 1707 5166 Σεσόγ

133 5219 318 5275 χωσις
368 5200 650 5268 Alt-{timeo
682 5195 900 5264 ’πάσης
937 5191 1196 5264 βασιλεὺς
1243 5191 1384 5262 μετὰ
1441 5190 1605 5260 ’Ὦρον
1639 5189 1726 5242 τὸι

137 5295 346 5358 Ἴσιδος
366 5295 460 5347 καὶ
486 5289 754 5358 Ὀσίριδος
779 5287 966 5340 παῖδα.
1007 5285 1070 5338 Et
1111 5285 1310 5338 iterum
1342 5299 1360 5338 :
1405 5283 1728 5353 Θεόπομπο,

131 5390 198 5443 δὲ
233 5390 294 5441 ὲν
314 5389 486 5457 τρίτῳ
530 5384 848 5453 Σέσωστριν
881 5377 1046 5433 αὑτὸν
1071 5378 1248 5431 καλεῖ.
1281 5378 1423 5432 Orus
1476 5377 1565 5430 ille
1589 5377 1728 5430 idem

131 5491 262 5535 erat
293 5495 418 5553 eum
450 5475 734 5546 Serapide.
761 5473 898 5529 Vide
943 5470 1295 5526 Plutarchum
1338 5469 1479 5539 Περὶ
1532 5469 1732 5531 Ἴσιδος

134 5579 238 5629 sui.
299 5572 572 5642 Ὀσίριδος
625 5569 805 5633 libro;
852 5564 1185 5648 .Eustathius
1249 5563 1316 5618 ad
1349 5561 1548 5633 Odyss.
1607 5561 1730 5617 M.:

148 5662 573 5738 Ὀμήρουξφασὶ
600 5662 703 5732 τὴν
739 5661 945 5732 τροφὸν
981 5653 1260 5728 προφῆῖίν
1285 5670 1409 5709 τινα
1453 5652 1730 5724 θυγατέρα

1838 4460 1975 4514 pag:
2015 4457 2115 4496 nec
2137 4451 2282 4496 recte
2348 4440 2562 4494 codices
2617 4441 2726 4493 dno
2783 4438 3011 4494 Palatini
3066 4438 3418 4504 Restomedes,

1833 4536 1965 4592 editi
2029 4533 2354 4589 vetustiores
2397 4532 2806 4587 Aristhemedes.
2859 4531 3070 4587 Videsis
3121 4531 3414 4587 Diodorum

1833 4627 1976 4699 apud
2006 4625 2312 4698 Syncellnm
2359 4640 2480 4695 pag.
2535 4623 2662 4688 H3,
2691 4623 2780 4678 ubi
2831 4623 2964 4678 solis
3022 4633 3203 4677 tamen
3258 4625 3418 4677 anuis

1835 4721 2058 4790 triginta
2113 4733 2368 4788 regnasse
2426 4702 2512 4770 ille
2567 4717 2809 4770 dicitur:
2859 4720 2954 4770 scd
3011 4723 3065 4768 et
3112 4715 3221 4768 alio
3273 4715 3414 4784 apud

1834 4813 2088 4868 eumdem
2149 4811 2292 4875 loco,
2347 4825 2511 4879 quem
2602 4809 2889 4863 laudamus
2937 4809 2990 4862 in
3049 4809 3418 4875 Fragmeltti~,

1834 4905 1960 4960 anni
1990 4904 2370 4959 tantummodo
2419 4902 2500 4955 λα’
2557 4900 3010 4957 ascribebautur:
3071 4900 3419 4969 reposuimus

1834 5010 2013 5054 autem
2043 4996 2125 5048 λα’
2149 5010 2212 5050 ex
2255 4993 2456 5049 Goaro.

1909 5091 2028 5146 Col.
2078 5088 2210 5144 565.
2251 5084 2514 5140 Teleclus.
2571 5081 2872 5154 Depravale
2928 5089 3037 5136 tam
3089 5083 3420 5137 vetustiores

1835 5184 1962 5238 editi
1999 5197 2123 5236 cum
2160 5179 2399 5235 Pontaeo
2428 5175 2707 5238 Tltelecus,
2736 5189 2900 5242 quam
2938 5189 3071 5230 mss.
3126 5183 3235 5229 tres
3263 5174 3420 5228 Pata-

1837 5277 1934 5333 tini
1962 5273 2228 5336 Telecltus,
2255 5279 2308 5326 et
2333 5269 2541 5339 prlmus
2571 5267 2871 5331 Teleuchur,
2894 5267 3207 5338 praferunt.
3234 5265 3424 5321 Grai-ce

1833 5367 1998 5424 etiam
2029 5363 2170 5418 male
2201 5361 2345 5431 apud
2382 5357 2720 5430 Syncellum,
2773 5373 2874 5412 nec
2902 5357 3039 5413 satis
3085 5361 3222 5411 bene
3277 5355 3422 5424 apud

1835 5459 2174 5526 Scaligerum
2220 5452 2508 5522 Τηλέκπος
2537 5466 2634 5523 pro
2657 5451 2932 5520 Τήλεκλος
2999 5449 3215 5518 legitur,
3255 5462 3421 5516 quam

1835 5552 2161 5620 scripturam
2197 5543 2496 5601 Pausanias
2533 5559 2752 5616 quoque
2789 5545 2841 5599 iu
2880 5541 3169 5598 Laconicis
3187 5549 3242 5594 et
3275 5538 3421 5591 Mes-

1837 5644 2037 5702 seuicis
2059 5637 2277 5712 probat.
