3932 6188
659 175 760 236 867

1924 180 2326 236 VALLAttsn
2365 179 2607 237 noras.
3719 209 3791 268 ηδ

729 288 992 345 (Schll/iii.
1011 288 1404 357 Carthaginem.
1438 284 1855 357 llanc'Scaliger
1874 299 1992 358 post
2016 297 2250 358 quatuor
2276 295 2326 351 Α
2353 291 2497 359 quod
2528 290 2582 345 in
2608 291 2928 360 Aripbronis
2962 306 3246 363 prator-am
3287 304 3496 368 quadret
3522 315 3642 379 regni
3677 316 3796 376 Asu-

667 397 840 433 annos
872 379 1190 448 perioohatn
1225 377 1444 439 diﬂert;
1470 377 1816 430 consentiunt
1860 391 1990 431 vero
2021 388 2242 442 nostrae,

667 483 833 542 atque
857 476 991 525 adeo
1021 471 1347 524 Pontaceua
1369 469 1699 532 recensioni,
1746 478 1953 524 veteres
2001 471 2247 539 plerique

665 567 807 618 libri.
839 563 1022 628 Quoad
1057 562 1180 616 laeti
1248 561 1533 614 historiam
1584 562 1796 615 videtur
1845 562 2008 615 etiam
2074 560 2250 615 Scali-

660 673 807 728 gero.
841 655 1063 722 Iosephi
1107 656 1428 710 sententiam
1493 656 1560 709 de
1609 653 1940 723 Carthagine
1995 670 2024 708 a
2064 654 2245 725 Tyriis

659 750 876 802 condita
909 747 1118 800 laudari
1145 747 1232 800 hic
1263 747 1361 800 loci
1388 765 1402 799 :
1435 761 1541 815 qua
1565 747 1634 800 de
1663 763 1718 800 re
1740 746 1898 800 velim
1929 753 1988 799 ut
2011 748 2243 809 recolas,

669 855 792 908 quae
828 841 987 906 paulo
1021 842 1270 906 superius
1292 840 1358 892 de
1390 841 1480 893 illo
1508 837 1728 906 Josephi
1784 838 2118 904 testimonio,
2154 855 2248 906 per

656 930 920 993 tiioraritrs
950 931 1264 998 depravato.
1299 939 1356 982 ut
1385 946 1449 982 ex
1510 944 1574 982 eo
1619 939 1796 983 certas
1842 931 2083 983 rationes
2109 929 2249 983 inire

587 1012 592 1016 ’
652 1017 759 1086 jam
794 1032 898 1070 non
926 1017 1104 1080 liceat,
1139 1018 1499 1083 disputamus.
1534 1017 1695 1069 Addit
1765 1014 2008 1084 Scaliger
2074 1015 2246 1070 Servii

655 1108 986 1160 sententiam
1012 1105 1680 1175 tradentisﬁartbaginem
1707 1107 1980 1160 conditam
2002 1107 2069 1160 7U
2092 1109 2249 1161 annis

653 1208 777 1250 ante
797 1195 1213 1265 primaPalilia,
1241 1198 1382 1264 quod
1411 1211 1740 1252 concurrere
1782 1199 1856 1250 ait
1885 1213 2033 1250 num.
2069 1197 2244 1263 H94;

655 1289 849 1342 melius
875 1289 1110 1358 Trogum
1151 1290 1217 1344 73
1242 1291 1403 1342 anuis
1435 1298 1561 1343 ante
1593 1294 1820 1357 primam
1855 1289 2247 1359 Olympiadem,

653 1378 754 1432 hoc
783 1391 888 1443 est,
936 1395 999 1434 eo
1051 1382 1168 1449 ipso
1223 1395 1368 1434 anno
1424 1379 1585 1445 “67,
1641 1380 1709 1434 ad
1764 1395 1926 1449 quem
1999 1383 2111 1436 haec
2162 1381 2252 1436 ille

652 1468 934 1519 retulerat.

723 1579 904 1634 lbid.A
930 1580 1351 1642 masias,an.29.
1381 1580 1528 1634 Adeo
1548 1581 1689 1650 quod
1713 1581 1766 1634 iu
1791 1580 2024 1651 Prtepar.
2045 1579 2247 1650 Evang.

2348 383 2483 436 riaci
2509 383 2853 450 destructio,,
2897 389 3173 454 quomodo
3227 390 3339 460 ipse
3366 396 3550 462 primus
3591 405 3645 456 ab
3662 383 3794 467 ευέιίηι

2348 474 2664 560 sententiis,
2703 476 2850 529 nulla
2903 478 3116 540 ratione
3145 481 3342 544 addita.
3393 488 3527 554 abiit,
3569 506 3696 559 atque
3715 517 3797 557 eam

2349 561 2382 615 6
2435 577 2580 618 anno
2629 567 2908 633 sequentis
2974 570 3248 626 archontis
3303 571 3532 641 Thespit'i
3582 587 3798 655 contigisse

2350 669 2503 709 num.
2550 655 2684 711 H97
2720 659 2980 712 tradidit?
3007 658 3204 714 Verum
3268 664 3375 718 haec
3407 667 3507 736 ipsa
3533 675 3666 739 ratio,
3702 687 3797 746 quod

2350 746 2586 799 minime
2643 746 2979 802 dithteudum
3032 761 3138 814 est,
3190 764 3428 808 neutrum
3479 772 3561 814 aut
3598 769 3800 836 scripsisse

2351 833 2674 899 Eusebium.
2701 850 2794 892 aut
2827 841 3086 905 sensisse,
3108 847 3406 911 persuadet.
3428 848 3524 902 Aut
3543 857 3659 908 enim
3682 833 3801 917 omnis

2350 927 2404 980 in
2463 941 2529 981 eo
2579 927 2778 983 dixerit
2826 933 3138 986 consentire
3178 972 3191 996 ,
3260 945 3350 988 aut
3401 955 3557 995 omnes
3608 961 3799 1017 auctores,

2349 1018 2575 1072 omnino
2595 1033 2782 1073 contra
2807 1031 2965 1088 atque
2994 1039 3090 1091 par
3115 1033 3252 1087 erat,
3280 1027 3414 1080 hanc
3441 1032 3590 1098 ipsam
3613 1045 3800 1095 catastro-

2352 1108 2511 1176 phetn
2547 1110 2763 1179 imperii
2803 1113 2854 1165 in
2908 1114 3052 1168 aliud
3111 1127 3338 1186 tempus,
3396 1123 3472 1174 vel
3516 1140 3572 1178 es
3621 1144 3710 1193 sua,
3749 1136 3802 1188 vel

2350 1214 2415 1254 es
2460 1202 2694 1256 aliorqu
2745 1209 3015 1260 sententia
3072 1210 3422 1269 contulisset:
3452 1217 3566 1283 quin
3606 1234 3658 1273 eo
3692 1227 3799 1277 etiam

2353 1292 2548 1361 magis,
2583 1293 2630 1346 si
2655 1296 2855 1360 omnia,
2895 1296 3019 1350 lacti
3051 1299 3263 1354 scilicet
3311 1316 3616 1371 argumenta,
3637 1327 3751 1377 quam
3774 1317 3802 1368 si

2353 1393 2640 1437 auctorum
2700 1386 2986 1452 opiniones
3047 1389 3323 1444 laudabat.
3373 1394 3523 1463 Igitur
3570 1414 3658 1453 non
3700 1405 3802 1470 alius,

2350 1486 2515 1540 quam
2555 1474 2646 1541 qui
2691 1475 2788 1528 abs
2831 1475 3163 1550 Hieronymo
3207 1483 3502 1548 exputtitur.
3548 1503 3700 1546 senSus
3734 1495 3804 1549 Eu-

2353 1564 2489 1617 sebii
2523 1563 2645 1636 fuit.
2668 1566 2853 1622 Greca
2896 1567 3184 1640 Syncellus
3242 1589 3425 1644 suopte
3480 1577 3663 1647 ingenio
3696 1601 3804 1654 etag-

650 1669 744 1738 ετη
778 1669 890 1739 μο’,
920 1671 1030 1723 sive
1063 1685 1230 1724 annos
1259 1671 1346 1733 49,
1403 1672 1527 1724 huic
1580 1673 1794 1735 tribuit,
1843 1678 2097 1725 mendum
2147 1683 2232 1725 est

2353 1657 2584 1724 geravit.
2642 1663 2898 1729 autquod
2957 1663 3170 1728 opinari
3230 1679 3294 1720 ex
3361 1669 3578 1723 variante
3622 1673 3805 1742 scripturi

652 1761 1004 1814 annanuensis
1041 1779 1080 1829 μ
1143 1764 1396 1830 ponoutis
1428 1779 1526 1830 pro
1581 1769 1652 1814 κ’.
1719 1763 1877 1817 Certe
1915 1763 2095 1818 minor
2149 1765 2234 1818 hic

652 1867 915 1906 numerus
939 1867 1062 1906 cum
1097 1851 1398 1921 Scriptura
1456 1855 1846 1924 supputatione
1882 1855 1923 1908 ll
1954 1854 2088 1920 Reg.
2120 1870 2236 1922 stv,

651 1945 707 2005 2,
749 1944 868 1998 etll
900 1942 1136 2013 Paralip.
1178 1959 1302 2006 xxv.
1343 1945 1397 2010 l,
1426 1947 1720 2000 consentit.
1755 1947 2006 2002 Clemens
2059 1957 2238 2002 tamen

650 2045 705 2090 et
729 2033 1064 2103 Theophilus
1095 2034 1164 2089 59
1185 2045 1534 2090 enumerant.

698 2149 855 2204 'lbid.
891 2149 1179 2204 Osorthon.
1217 2148 1572 2219 Sequioribtts
1599 2149 1859 2204 Palatinis
1881 2167 2011 2206 mss.
2049 2152 2239 2218 tribus,

652 2241 1116 2296 Schurzlleist-ltio
1153 2237 1312 2306 (este,
1384 2241 1650 2296 Osortona
1706 2243 1929 2309 dicitur,
1986 2244 2243 2300 Africano

653 2334 922 2401 (hortum:
983 2334 1075 2402 qui
1122 2341 1170 2386 et
1230 2344 1342 2386 tres
1395 2335 1532 2388 alios
1594 2348 1897 2406 anonytnos
1957 2350 2110 2404 reges
2139 2350 2236 2404 per

655 2439 832 2478 annos
857 2423 930 2477 εδ
967 2424 1015 2477 ei
1041 2423 1208 2476 tradit
1252 2424 1611 2491 successisse,
1667 2441 1806 2495 quos
1866 2425 1957 2480 alii
2017 2427 2242 2496 penitus

651 2522 927 2588 ignorant.

720 2624 1156 2695 lbid.Ariphron.
1205 2624 1269 2679 In
1303 2627 1490 2681 Parm.
1523 2636 1790 2696 ms.atque
1820 2629 1941 2683 aliis
1966 2644 2104 2698 quos
2128 2629 2243 2682 lau-

648 2717 740 2773 dat
815 2718 1301 2772 Srhurzlleischius
1323 2719 1476 2774 libris
1508 2721 1597 2773 hic
1627 2721 1895 2788 Amphron
1921 2723 2245 2791 appellatur,

649 2811 795 2879 quod
849 2812 1197 2864 librariorum
1239 2821 1322 2865 est
1355 2813 1568 2866 vitium.

718 2923 850 2977 ldid.
887 2923 996 2978 Sub
1045 2924 1356 2991 Ariphrane.
1409 2923 1526 2978 Non
1553 2927 1699 2980 cavit
1729 2925 1972 2995 Scaliger
2025 2928 2235 2996 insigne

2303 1806 2319 1812 __
2345 1747 2492 1812 licet,
2540 1749 2776 1804 Criticus
2809 1767 3080 1808 nonnemo
3112 1771 3212 1822 pro
3257 1772 3320 1810 eo
3343 1761 3478 1824 quod
3500 1771 3618 1826 erat,
3639 1763 3804 1829 ῶςτινις

2344 1839 2748 1908 συγγραφοΰσι,
2787 1851 2900 1895 .aut
2962 1843 3092 1912 quid
3128 1845 3334 1912 simile,
3367 1848 3430 1901 de.
3460 1864 3569 1915 suo,
3615 1852 3672 1916 tit;
3693 1858 3806 1909 πάντα

2344 1931 2722 2000 συμφωνοῦσι,
2755 1935 3052 2002 rescripsit.

2415 2021 2552 2077 lbid.
2612 2020 2818 2078 Thoans
2872 2025 3191 2082 Concolerus
3220 2069 3236 2094 ,
3319 2032 3404 2095 qui
3455 2044 3640 2086 voratur
3695 2037 3801 2092 στα-α

2345 2113 2786 2185 Sardanapallus.
2846 2118 2920 2172 Ita
2976 2135 3099 2174 cum
3161 2121 3398 2178 Eusebio
3460 2142 3517 2177 ac
3581 2126 3802 2197 Hieronymo

2347 2207 2594 2261 scribunt
2677 2206 2987 2265 Jornaudes
3026 2253 3040 2277 ,
3098 2224 3270 2280 atque
3314 2218 3424 2287 ipse
3476 2217 3806 2288 Syncellusluco

2347 2297 2592 2361 laudato,
2633 2315 2663 2354 e
2688 2303 3087 2358 recentioribus
3141 2306 3434 2362 Gobeliuus
3468 2307 3684 2373 Persona,
3708 2325 3809 2379 atque

2347 2390 2460 2445 alii.
2485 2390 2603 2445 Non
2644 2392 2782 2448 adeo
2842 2395 3061 2468 videtur
3121 2412 3250 2452 cum
3302 2397 3557 2455 Simsonio
3595 2418 3650 2456 es
3686 2403 3808 2468 Suida,

2348 2481 2437 2536 cui
2505 2482 2706 2536 dicitur
2777 2486 3312 2560 Κονοσκογκόλερος,
3356 2496 3677 2560 putanduntin
3700 2495 3810 2549 Euse-

2351 2577 2420 2629 bii
2450 2585 2597 2630 textu
2656 2577 2825 2653 fuisse
2855 2596 3140 2649 perperam
3173 2585 3228 2638 Κ
3259 2595 3511 2641 mutatum
3547 2588 3591 2640 itt
3618 2588 3668 2651 Θ,
3701 2590 3810 2642 hanc-

2351 2683 2459 2736 que
2525 2671 2791 2725 veriorem
2827 2687 2951 2727 esse
2969 2676 3211 2730 nominis
3266 2679 3384 2743 ejus
3416 2680 3813 2748 seripturant.Quis

2349 2759 2494 2813 enim
2531 2760 2712 2815 Suidae
2750 2765 3065 2819 consentit?
3098 2768 3252 2823 Alias
3300 2769 3565 2840 Syncellus
3604 2773 3811 2826 Μιιωσκό-

2349 2846 2508 2918 λερον
2551 2861 2732 2905 vocat.
2796 2852 2868 2908 De
2925 2858 3164 2910 nominis
3213 2861 3459 2928 origine,
3509 2879 3647 2932 quam
3693 2864 3815 2917 volunt

2353 2940 2892 3009 nonnulliGrzecam,
2957 2949 3042 3000 cui
3090 2948 3266 3004 altera
3302 2948 3677 3022 Sardanapaltu,
3703 2961 3814 3009 num-

650 3014 930 3114 lncﬁdxm,
961 3031 1074 3109 (Ιιιιξ
1098 3026 1308 3068 "imre-‘1
1359 3015 1482 3114 miri
1511 3031 1717 3114 ,ιιιθβξιο
1762 3033 2007 3114 ηυξιξθτξ),
2047 3029 2233 3114 fmilia
2263 3011 2305 3070 ο
2340 3035 2481 3088 testo
2535 3035 2832 3104 Assyriaca
2886 3042 3278 3110 respondeant,
3301 3011 3486 3108 otiose,
3533 3011 3680 3114 siquid
3713 3049 3814 3106 alias,

649 3099 767 3165 ipse
801 3096 1109 3154 Parmensis
1145 3116 1252 3154 tus.
1303 3102 1443 3170 apud
1481 3119 1578 3157 nos
1602 3105 1811 3158 laborat
1841 3105 1923 3157 hic
1958 3106 2084 3169 loci,
2115 3122 2233 3159 ver-

649 3188 756 3254 bis,
788 3205 835 3242 et
871 3189 1299 3258 Sardanapalns,
1325 3207 1608 3262 perperam
1657 3196 1765 3248 huc
1794 3211 1860 3249 ex
1886 3195 2230 3266 Assyriorum

651 3283 903 3336 columna
935 3283 1184 3346 intrusis,
1223 3299 1342 3351 qua:
1385 3277 1603 3339 sensum
1662 3288 1882 3341 omnino
1916 3293 2231 3358 depravat”,

659 3374 1027 3444 lectoremque
1061 3384 1433 3431 transversum
1487 3389 1674 3449 agunt.
1711 3379 1851 3434 Sunt
1896 3391 1950 3434 ct
2011 3382 2232 3451 quidam

652 3468 980 3522 vetustiores
1020 3468 1175 3534 editi,
1204 3484 1433 3524 necnon
1464 3487 1595 3526 mss.
1630 3488 1660 3526 e
1688 3488 1922 3543 quorum
1969 3473 2233 3528 Pannon-

648 3563 726 3616 sis
757 3569 835 3614 est
861 3574 1116 3625 numero,
1153 3561 1332 3631 quiet
1385 3562 1594 3631 reliqua
1650 3579 1773 3618 cum
1827 3568 2076 3635 sequenti
2137 3582 2233 3635 pv-

652 3656 835 3709 riocita
870 3655 944 3710 lili
974 3657 1324 3727 Assyriorum
1363 3658 1434 3710 ita
1465 3657 1806 3723 continuant,
1857 3668 1913 3713 et
1953 3662 2236 3713 cumulant

647 3762 833 3801 errore
862 3761 1029 3810 novo,
1067 3762 1282 3817 regnum
1325 3746 1673 3814 destructum,
1723 3758 1774 3802 et
1830 3747 2234 3820 Sardanapalus

649 3841 760 3902 (al.
823 3840 1331 3911 Sardanapalo),ut
1392 3842 1637 3896 nonnulli
1696 3845 2017 3912 scriptitant,
2058 3847 2234 3900 eodem

653 3944 884 4004 tempore
920 3933 1149 3987 Tarsum
1211 3943 1368 4002 atque
1415 3935 1732 3988 Anchialum
1774 3937 2031 4003 condidit,
2080 3947 2130 3992 et
2182 3941 2234 3992 in

649 4028 835 4094 prmio
867 4026 1056 4085 victus.
1118 4033 1227 4078 etc.
1287 4025 1478 4079 Veram
1544 4026 1827 4080 lectionem
1885 4029 2231 4097 impressam,

649 4131 814 4184 quam
849 4124 904 4168 et
926 4115 1096 4169 Graeci
1125 4125 1418 4170 contextus
1455 4120 1790 4188 comparatio
1835 4123 2048 4190 probat,
2101 4125 2232 4179 recti

643 4223 845 4263 sensus
863 4216 919 4261 et
953 4222 1083 4262 mss.
1131 4223 1235 4276 ope
1269 4208 1540 4264 Pontacus
1571 4223 1702 4271 ante
1751 4227 1852 4266 nos
1901 4215 2232 4270 resﬁtuerat.

2335 3139 2397 3178 ac
2431 3135 2635 3180 temere
2661 3127 3021 3195 disputatum.
3073 3134 3570 3203 Schurslieiscltius,
3621 3155 3698 3209 pro

2335 3215 2557 3283 ληνιστὶ
2588 3218 3030 3287 Σαρδανάπαλος,
3060 3235 3217 3292 putat
3259 3229 3366 3283 dici
3397 3231 3643 3295 debuisse,
3671 3231 3805 3299 Ἕλλη·

2339 3325 2422 3359 σιν
2465 3309 2863 3379 ὀνομαζόμενος
2895 3316 3346 3384 Σαρδανάπαλος.
3393 3321 3636 3388 Scaligero
3676 3323 3811 3376 Τήνιοι

2336 3389 2652 3455 Concoleros
2681 3405 2812 3456 nihil
2832 3406 3043 3474 spirare
3074 3409 3358 3479 Assyrium
3394 3427 3496 3482 prae
3517 3415 3610 3468 alio
3636 3415 3811 3468 videtur:

2337 3502 2389 3543 et
2415 3504 2492 3544 est
2528 3502 2729 3556 tamen,
2767 3510 2824 3547 ut
2856 3501 3057 3563 sentio,
3077 3516 3144 3553 ex
3201 3503 3390 3557 eadem
3424 3505 3605 3574 lingua,
3657 3503 3804 3557 tametsi

2337 3578 2630 3635 inﬂexione
2679 3585 2937 3637 donatum
2988 3586 3202 3646 Graeca.
3263 3589 3544 3648 Enimvero
3592 3594 3714 3663 plura
3751 3590 3814 3646 sibi

2337 3675 2557 3726 nomina
2592 3683 2850 3743 optabant
2879 3681 3006 3732 olim
3045 3679 3292 3738 Orientis
3339 3700 3506 3754 reges,
3534 3702 3636 3755 qua:
3659 3687 3811 3738 aliarum

2337 3776 2578 3834 gentium
2619 3769 2870 3824 historici
2900 3773 2969 3826 ad
3001 3789 3115 3828 sua:
3141 3779 3381 3847 quisque
3405 3779 3584 3849 linguai
3619 3778 3811 3846 ingenium

2337 3858 2500 3924 paulo
2538 3858 2750 3913 diverse
2774 3861 3090 3930 elIerebaut,
3131 3882 3198 3920 es
3236 3883 3346 3937 quo
3371 3878 3511 3922 tanta
3533 3870 3654 3937 apud
3676 3866 3817 3919 Greco:

2339 3950 2660 4019 scriptores,
2694 3956 2786 4022 qui
2811 3971 2876 4009 ex
2899 3953 3266 4015 Orientalium
3308 3964 3647 4018 monumentis
3670 3975 3818 4025 accep"

2339 4051 2486 4106 runt,
2513 4059 2694 4097 rerum
2716 4057 2834 4099 orta
2865 4048 3117 4104 conlusio
3169 4062 3279 4106 est.
3329 4057 3536 4109 Assueri
3554 4054 3718 4108 Graecis
3752 4053 3818 4103 ire

2341 4141 2592 4200 quentes,
2625 4124 2854 4189 omnino
2882 4149 3009 4191 sunt
3043 4141 3420 4197 Orientalibus
3470 4144 3650 4212 ignoti:
3697 4151 3737 4196 et
3769 4147 3819 4192 est

2340 4229 2523 4275 tamen
2556 4239 2652 4291 par
2679 4226 2926 4292 credere,
2973 4239 3109 4284 tres.
3135 4243 3444 4298 quatuorve
3471 4237 3715 4293 Assueros,
3752 4241 3820 4281 non

646 4299 878 4399 Leviora
912 4299 1108 4399 menda
1149 4301 1523 4399 praeteri-mus,
1548 4311 1608 4399 ut
1667 4312 1750 4358 est
1799 4304 1931 4399 illud
1961 4306 2056 4399 sul)
2106 4311 2233 4361 Am-
2270 4345 2313 4399 ι)
2343 4317 2482 4373 alios
2516 4334 2579 4374 ac
2613 4322 2884 4393 Cyasores
2916 4328 3138 4383 totidem
3183 4345 3333 4396 esse,
3363 4347 3426 4386 es
3462 4328 3530 4384 It't'
3557 4330 3708 4390 verbo,
3727 4321 3822 4393 quod

640 4394 867 4461 parans,
889 4393 972 4448 vel
999 4393 1268 4456 Aristone,
1292 4394 1374 4453 vel
1399 4394 1744 4463 Antiphone,
1792 4407 1851 4450 ttt
1883 4398 1937 4452 in
1994 4398 2116 4454 aliis
2169 4400 2234 4454 li—

644 4488 786 4552 bris,
815 4501 912 4556 pro
967 4486 1284 4554 Ariphronc,
1330 4501 1427 4554 pro
1459 4488 1587 4555 'quo
1637 4490 1859 4558 coniicit
1906 4489 2238 4548 Schurzﬂc-i-

643 4576 838 4629 scbius
859 4577 1144 4644 legendum
1169 4575 1266 4629 sub
1297 4577 1550 4632 archonte
1575 4579 1692 4643 hoc,
1723 4580 1865 4634 haud
1900 4597 2032 4636 sane
2069 4593 2236 4639 recte.

642 4665 870 4721 Graecus
939 4676 1119 4722 movet
1153 4682 1238 4720 tuo
1263 4676 1442 4723 textus
1463 4685 1478 4724 :
1500 4686 1599 4738 pro
1632 4687 1697 4726 eo
1735 4677 1879 4728 enim
1912 4677 2054 4744 quod
2078 4679 2241 4732 Vertit

647 4758 1054 4831 Hieronymus,
1112 4769 1168 4813 ut
1229 4761 1474 4815 nonnulli
1537 4763 1884 4832 scriptitarit,
1959 4765 2242 4838 Syncellus

647 4854 833 4916 habet,
865 4853 943 4916 ὡς
993 4855 1193 4916 πάντη
1242 4854 1621 4923 συμφωνοῦσι,
1678 4866 1735 4910 ut
1785 4874 1962 4914 omnes
2019 4877 2241 4916 consen-

647 4945 809 4997 tiunt.
840 4947 1016 5010 Atque
1069 4956 1226 5000 antra
1276 4946 1494 5014 quidem
1555 4949 1610 5002 in
1671 4947 2017 5019 SynCelliano
2059 4968 2254 5005 esurit--

647 5033 908 5103 plari,pro
935 5035 1157 5100 πάντες,
1183 5038 1324 5104 quod
1349 5034 1560 5092 Gnarus
1579 5041 1882 5108 substituit,
1907 5052 2024 5096 erat
2041 5045 2240 5107 πάντα,

644 5125 698 5189 id
723 5133 826 5187 est,
877 5126 1080 5188 omnia,
1120 5137 1244 5193 puta
1286 5142 1464 5181 rerum
1499 5129 1717 5191 seriem,
1749 5145 1957 5185 annor.
1998 5145 2241 5188 summas

645 5230 771 5268 cum
851 5215 975 5268 aliis
1053 5217 1279 5285 epocltis
1341 5217 1619 5285 collatas,
1686 5230 1969 5276 auctorum
2028 5224 2242 5292 Opinio-

648 5321 768 5370 ues,
804 5315 858 5360 ct
886 5307 929 5360 si
963 5323 1066 5373 qua
1098 5309 1375 5375 suntalia,
1403 5325 1526 5378 qua:
1551 5324 1878 5366 consensum
1930 5313 2079 5368 illutn
2115 5329 2247 5368 cott-

643 5397 894 5452 etituant.
927 5397 1078 5453 Hauc
1115 5415 1172 5452 re
1203 5400 1317 5469 ipsa
1371 5399 1591 5456 Eusebii
1617 5401 1785 5459 fuisse
1830 5417 2090 5470 tuentem,
2130 5410 2245 5462 imo

644 5496 700 5540 et
738 5490 1086 5557 scripturam,
1132 5489 1622 5548 Selturzlleiscltius
1653 5503 1829 5564 putat.
1860 5497 2018 5562 Quia,
2052 5501 2178 5570 inqu
2209 5512 2244 5558 ι,

642 5580 693 5633 si
727 5581 794 5636 ab
823 5597 887 5638 eo
914 5582 1235 5652 allirmatur,
1268 5599 1456 5642 omnes
1497 5589 1808 5644 auctoresiu
1844 5596 2238 5651 eoconsentire

2343 4409 2626 4466 Dominum
2716 4426 2887 4480 notat,
2916 4427 2973 4471 et
3022 4420 3231 4487 Asan,
3285 4423 3427 4491 quod
3487 4423 3730 4479 Αειιεηιηι,
3771 4412 3821 4464 νει

2341 4503 2628 4558 Assucrum
2670 4508 2918 4578 suggerit
2936 4512 3126 4566 menti.
3171 4512 3251 4566 ita
3289 4523 3342 4567 et
3398 4513 3819 4567 Nabucitodottowr.

2343 4594 2791 4663 Nabucodrosor,
2861 4609 2917 4654 et
2965 4600 3386 4668 Natiocolassar,
3451 4607 3579 4660 idem
3625 4612 3691 4657 est
3732 4597 3822 4662 [θείς

2343 4705 2562 4745 nomen.
2594 4691 2853 4772 Exempla
2895 4695 2947 4748 id
2981 4711 3152 4766 genus
3183 4698 3290 4752 alia
3336 4708 3614 4766 praetereo;
3643 4701 3707 4748 est
3727 4694 3819 4744 etum

2341 4779 2446 4834 ltoc
2465 4782 2640 4850 ipsttttt
2682 4783 3031 4854 Sardanapali
3053 4789 3185 4842 satis
3201 4786 3433 4856 insigne.
3453 4783 3821 4842 Ver-osimillimum

2343 4873 2543 4943 Quippe
2565 4885 2648 4929 est
2680 4892 2788 4929 non
2811 4879 2954 4930 aliud
2987 4881 3089 4931 hoc
3117 4895 3239 4933 esse
3271 4896 3467 4934 nomen
3513 4881 3577 4932 ait
3603 4871 3821 4928 Assstltut—

2343 4966 2559 5032 don,ut
2610 4969 2663 5020 in
2719 4965 3018 5039 Scripturis
3079 4974 3412 5037 nominatur,
3474 4967 3706 5039 quidquid
3741 4965 3821 5013 υΙυιι

2345 5054 2632 5123 Hulterus,
2696 5075 2866 5126 nuper
2924 5058 3414 5117 Schurzlleischius
3462 5061 3582 5116 huic
3622 5064 3822 5112 sententis

2344 5159 2646 5217 opponant.
2670 5141 2865 5218 Magna
2897 5164 3023 5204 cum
3048 5151 3238 5218 primis
3294 5164 3378 5206 est
3429 5152 3644 5208 nominis
3685 5157 3823 5199 conte

2346 5239 2575 5301 nieutia,
2639 5240 2784 5308 quod
2820 5241 2967 5296 enim
3023 5241 3288 5299 Hebraice
3346 5245 3593 5312 scripturn
3639 5242 3823 5292 ρει-’ω

2338 5339 2482 5418 im'
2559 5333 2755 5400 priores
2846 5337 2990 5400 Quod
3077 5339 3373 5402 usuvestit,
3445 5348 3484 5397 Π
3528 5331 3720 5418 interula
3759 5339 3822 5418 tte-

2347 5411 2544 5487 glecta,
2598 5419 2755 5476 facile
2815 5420 2988 5478 Cra-ci
3033 5426 3404 5489 enuntiariut;
3475 5437 3586 5475 nam
3635 5411 3822 5471 llebnice

2347 5512 2509 5564 etiam
2539 5508 2813 5579 Sor-math,
2847 5529 2944 5582 pro
2991 5518 3304 5584 Asartnoth,
3359 5527 3517 5584 atque
3567 5513 3640 5566 his
3683 5500 3821 5561 similia

2349 5603 2553 5669 passim
2591 5616 2904 5660 occurrunt.
2933 5607 3092 5662 Certe
3122 5619 3180 5673 Π,
3200 5607 3317 5661 sive
3347 5608 3531 5676 duplex
3559 5606 3635 5665 Ιιιι,
3664 5600 3703 5650 in
3726 5596 3817 5645 Μισ-
