3964 6186
285 164 396 228 ετιθ

1558 166 1974 231 VALLARSII
2020 165 2259 231 ΝΟΤιΕ.

3460 165 3572 225 870

281 293 413 350 don,
447 279 545 352 ipsi
577 282 740 338 etiam
786 284 1139 354 neglexerunt
1201 285 1553 358 Septuaginta
1599 287 1874 357 lnterpre-
1907 291 1948 346 A
1979 287 2189 340 senium
2215 286 2360 341 libro
2389 285 2491 340 soli
2544 282 2948 355 quatuordecim
2998 288 3376 337 numerantur.
3422 279 3578 339 Nihil-

281 381 387 435 tes,
416 373 655 442 legentes
701 375 996 447 Ἀσορύαν.
1059 376 1268 432 Exotici
1305 381 1600 450 scriptorcs
1661 381 1874 451 Σάρδαν

280 464 656 530 appellarunt.
700 463 854 530 Quod
912 467 1131 520 additur
1165 467 1395 536 ἁπαλὸς,
1443 484 1575 523 cave
1635 480 1871 538 repetas,

279 565 346 606 ut
378 555 540 623 vulgo
568 556 654 634 lit,
693 572 754 609 ex
783 555 971 612 Graeca
1008 560 1356 630 etymologia,
1392 561 1442 614 id
1500 571 1600 627 est,
1662 562 1873 634 mollis;

276 653 367 697 est
388 646 532 697 enim
687 646 798 716 ραι,
843 649 956 703 sive
989 627 1144 713 Pltal,
1190 627 1352 718 quod
1417 652 1468 705 in
1526 627 1871 725 Assyriorum

278 751 469 802 regum
530 739 847 793 nominibus
915 742 1034 794 aliis
1071 753 1310 806 resonat,
1371 753 1429 798 ut
1479 746 1532 799 itt
1580 745 1737 810 Pitul,
1770 746 1872 802 Τε-

275 828 696 895 glathphalasar
730 869 746 892 ,
802 830 1215 901 Nabopalasar,
1270 849 1376 892 etc.
1435 837 1864 908 Cognotnentum

275 922 520 972 atterunt
561 921 989 988 Assarltadonis,
1012 925 1157 993 quod
1193 943 1297 981 non
1332 929 1554 984 obsceni
1591 933 1866 998 quidpiam

275 1015 362 1078 (ut
391 1012 548 1080 \‘nlgri
580 1023 790 1081 putant,
818 1027 980 1084 atque
1008 1016 1135 1070 olim
1170 1019 1247 1072 ait
1273 1017 1466 1074 Cicero
1523 1023 1589 1076 de
1656 1022 1864 1092 Repub.

242 1121 366 1185 niti,
401 1105 840 1176 Sardanapallus
889 1112 1051 1172 t't'lit's.
1092 1130 1251 1182 quam
1308 1120 1512 1172 nomine
1547 1121 1658 1188 ipso
1689 1122 1870 1190 detor-

275 1197 458 1256 miori.
491 1198 585 1254 Sed
618 1201 699 1254 vel
724 1203 987 1272 gigantem
1009 1215 1058 1258 et
1085 1223 1333 1275 magnum
1363 1221 1536 1275 sonat,
1563 1214 1643 1264 vel
1680 1213 1868 1282 Deum,

270 1289 391 1342 sia
447 1290 611 1354 Baal,
669 1302 728 1347 ιιι
785 1294 1009 1363 quidam
1074 1298 1286 1364 volunt,
1347 1301 1428 1354 νει
1490 1301 1607 1366 Pal,
1673 1306 1868 1362 litteris

273 1383 444 1434 unius
476 1367 666 1450 organi
699 1386 1045 1455 permutatis,
1079 1399 1476 1462 contractoque
1505 1393 1631 1449 Baal
1665 1399 1716 1450 itt
1753 1398 1864 1464 llztl,

268 1472 576 1526 derivatur.
621 1474 894 1546 lutegrum
938 1495 1134 1536 nomen
1163 1482 1264 1537 hoc
1293 1500 1456 1540 sensu
1494 1492 1722 1554 venerit,
1754 1491 1866 1544 Do-

271 1563 451 1618 minus
525 1566 765 1636 princeps
823 1585 1046 1638 magnus
1079 1610 1095 1634 ,
1148 1581 1244 1627 aut
1301 1573 1464 1631 Deus.
1512 1576 1708 1648 Itaque
1754 1597 1862 1636 non

270 1652 461 1708 Cra-ce
530 1656 938 1730 Sardanapalus
1006 1675 1257 1729 vocatur,
1305 1670 1400 1724 sed
1463 1670 1534 1724 ita
1582 1688 1612 1726 a
1661 1672 1863 1732 Grauis

271 1749 556 1818 Assyrium
594 1767 789 1806 nomen
845 1753 1159 1816 inflectitur.
1209 1757 1401 1815 Verum
1433 1764 1580 1818 aliud
1645 1775 1728 1822 est
1762 1782 1864 1836 op-

269 1843 404 1911 pido
432 1843 660 1910 gravius.
682 1844 750 1898 ab
781 1845 1023 1902 Eusebio
1078 1863 1201 1905 eum
1243 1853 1514 1923 plerisque
1550 1859 1671 1913 aliis
1703 1862 1865 1915 chro-

272 1932 486 2002 ttologis
514 1944 679 2006 atque
743 1935 1021 1992 historicis
1063 1939 1306 2010 antiquis
1364 1958 1668 2012 peccatum,
1719 1951 1860 2018 qttod

268 2025 412 2078 duos
437 2042 630 2095 nempe
660 2027 1089 2098 Sardanapalos,
1139 2043 1295 2088 aetate
1331 2051 1394 2089 ac
1441 2039 1682 2093 moribus
1723 2041 1862 2096 inter

268 2133 333 2168 se
367 2119 522 2186 longe
551 2119 796 2184 dissitas,
826 2121 878 2174 itt
908 2137 1076 2176 unum
1103 2125 1410 2180 confundit.
1432 2129 1514 2182 Ab
1558 2132 1662 2184 isto
1689 2131 1860 2188 Ocra-

270 2206 430 2267 zatis,
471 2208 588 2261 sive
645 2209 944 2279 Acraganis
988 2213 1120 2278 lilio,
1183 2230 1342 2285 quem
1376 2226 1430 2270 ct
1475 2220 1685 2277 Ctesias
1749 2210 1860 2277 me-

274 2312 474 2361 morat,
515 2299 656 2366 apud
688 2298 980 2372 Diodorum
1029 2304 1123 2359 lib.
1169 2323 1228 2372 tt,
1265 2308 1448 2377 cap.7,
1473 2310 1612 2367 alius
1668 2311 1770 2367 fttit
1801 2314 1858 2368 li-

273 2388 386 2444 lius
436 2391 934 2462 Attaryndaraxaa,
1008 2414 1167 2465 quem
1243 2400 1454 2456 Ctesias
1537 2403 1856 2474 ignoravit,

279 2493 547 2536 metnorat
603 2484 932 2555 Adagiorum
985 2489 1271 2558 Appendix
1315 2491 1600 2549 Vaticana.
1653 2496 1758 2551 Sed
1803 2508 1856 2552 et

276 2570 599 2628 Hellanicus
647 2578 698 2628 in
741 2577 996 2644 Persicis,
1041 2580 1188 2648 quod
1239 2595 1424 2640 monet
1471 2586 1858 2657 Aristophanis

272 2662 608 2720 Scholiastes
631 2667 696 2720 ad
717 2667 881 2733 Aves,
911 2685 966 2724 v.
991 2669 1150 2734 l020,
1171 2673 1310 2726 duos
1339 2675 1505 2730 luisse
1537 2680 1854 2735 constituit:

269 2765 324 2807 et
375 2753 739 2813 Callisthenes
801 2761 941 2828 apud
1019 2761 1244 2816 Suidatn
1293 2767 1458 2819 verbo
1491 2769 1855 2835 Σαρδανάπα-

267 2846 382 2912 λος,
407 2850 494 2902 tibi
529 2851 740 2904 mollem
773 2851 1033 2918 alterum,
1069 2858 1297 2909 alterum
1351 2868 1632 2913 strenuum
1688 2863 1854 2916 tradit

269 2939 570 2994 eastitisse.
605 2939 846 3010 Denique
881 2943 996 3012 ipsa
1033 2961 1156 3013 quae
1191 2958 1487 3009 narrantur
1513 2961 1662 3018 gesta
1688 2963 1853 3022 atque
1881 2978 1926 3036 ο

268 3031 478 3096 exitus,
532 3035 781 3087 diversos
822 3035 890 3088 ab
922 3035 1154 3090 invicem
1206 3039 1378 3093 fuisse
1425 3044 1704 3097 evincunt.
1759 3045 1852 3100 Ille

269 3127 382 3176 otto
419 3135 664 3195 torpens,
695 3137 750 3181 et
777 3129 1152 3197 voluptatibus
1183 3131 1250 3185 ad
1286 3132 1638 3188 stoliditatem
1680 3152 1851 3207 usque

272 3216 516 3283 deditos,
558 3219 908 3275 rebellionem
942 3231 1193 3276 movente
1225 3222 1456 3290 Arbace,
1491 3225 1614 3296 fuga
1641 3242 1700 3282 se
1727 3229 1856 3282 sub-

275 3309 517 3371 trahens,
543 3311 766 3380 reliquit
813 3314 1102 3382 imperium
1144 3313 1334 3381 Corto,
1372 3325 1425 3370 et
1481 3317 1744 3373 Anchiale
1797 3321 1849 3374 in

269 3402 485 3468 Cilicia,
545 3403 736 3458 iisdem
787 3405 984 3474 quibus
1039 3418 1366 3462 assueverat
1424 3409 1637 3466 deliciis
1689 3426 1855 3464 senex

272 3493 604 3549 immortuus
633 3505 738 3549 est.
801 3495 901 3550 lste
959 3499 1052 3567 qui
1082 3499 1136 3562 in
1197 3498 1524 3565 Fragtnento
1556 3501 1852 3553 Alexandri

267 3583 628 3656 Polyhistoris
666 3586 808 3655 apud
869 3585 1205 3657 Syncellum,
1253 3587 1444 3655 Sarac,
1474 3589 1527 3643 in
1583 3589 1854 3645 Ptolemaei

265 3673 491 3730 Cauone
517 3673 838 3731 Cltt'niladon
896 3679 1113 3742 dicitur,
1170 3693 1294 3733 cum
1354 3679 1748 3750 Nahopolassar
1799 3683 1854 3737 itt

265 3763 519 3820 Ninivem
571 3783 723 3822 arma
792 3771 1194 3836 convertisset,
1241 3789 1345 3825 non
1407 3773 1574 3826 semel
1623 3773 1859 3842 impetus

266 3857 556 3912 rebellium
593 3859 790 3930 fregit:
819 3864 1036 3917 demum
1070 3879 1135 3917 ne
1171 3865 1220 3915 iit
1251 3865 1484 3918 hostium
1536 3880 1729 3918 manus
1763 3882 1856 3918 ve-

266 3955 436 4014 niret,
474 3957 830 4021 semetipsum
896 3954 1182 4016 crematit,
1222 3956 1442 4010 incensa
1480 3961 1644 4026 regia.
1690 3959 1857 4011 Inter-

262 4046 410 4097 cedit
441 4045 580 4096 inter
617 4055 908 4113 utrumque
942 4063 1070 4098 ann.
1121 4062 1284 4116 supra
1347 4047 1708 4103 ducentorum
1735 4065 1858 4119 spa-

266 4133 433 4198 tiuut,
457 4150 486 4187 a
516 4135 695 4204 primo
727 4136 935 4191 scilicet
967 4135 1244 4193 delectare
1289 4138 1526 4203 Arbace,
1583 4143 1686 4196 sub
1749 4157 1858 4210 quo

265 4234 446 4278 tamen
492 4242 593 4280 nec
622 4227 815 4281 Ninive
868 4229 1146 4284 destructa
1195 4240 1302 4294 est,
1349 4245 1450 4284 nec
1506 4233 1854 4302 Assyriorum

1979 385 2062 429 est
2094 379 2233 445 apud
2261 375 2601 444 Syn'eellu-m,
2635 376 2779 444 quod
2808 391 2877 428 eo
2918 383 3150 444 spectet.

2057 468 2194 522 Ibid.
2239 466 2738 536 Tarelotltt's.Apud
2799 467 3136 535 Scaligorum
3199 465 3568 521 Tttcltelotltes:

1975 569 2026 611 et
2077 561 2217 630 apud
2278 563 2604 614 vetustiores
2673 559 2944 615 editiones
3000 557 3336 612 Tarltelotis:
3399 559 3566 612 semel

1978 669 2196 723 quoque
2211 655 2388 708 variat
2415 653 2697 724 Syneellus
2718 668 2784 707 ex
2822 666 3003 707 vetere
3027 653 3323 713 Chronico,
3345 652 3435 704 ubi
3454 651 3572 702 Τα-

1976 747 2167 814 ate.qu
2182 766 2205 808 ς
2235 748 2557 816 appellatur.

2047 837 2165 891 Col.
2199 837 2328 892 54⁸7.
2358 836 2608 890 Petubas.
2641 836 2930 892 Africanus
2962 838 3099 906 apud
3143 836 3401 906 Syneell.,
3437 851 3562 904 pag.

1975 929 2064 992 59,
2095 929 2444 996 Πετουϐἀτην
2483 929 2625 982 hunc
2665 938 2844 994 vocat,
2876 931 2961 982 cui
2991 939 3043 982 et
3098 943 3269 982 annos
3323 930 3564 997 quadra-

1973 1023 2120 1089 ginta
2172 1020 2472 1085 elargitur:
2503 1021 2614 1072 imo
2659 1029 2713 1072 et
2773 1020 3002 1087 primam
3073 1020 3555 1088 olytttpiadem,eo

1977 1120 2260 1178 regnante,
2287 1110 2508 1163 duxisse
2558 1109 2777 1162 initium
2833 1108 3014 1172 tradit,
3057 1110 3108 1161 itt
3133 1109 3273 1173 quod
3316 1109 3552 1176 spatium

1975 1202 2143 1255 ferme
2170 1201 2565 1270 quinquaginta
2598 1201 2665 1253 ab
2699 1200 2798 1253 ltoc
2839 1213 3070 1254 numero
3129 1199 3256 1251 anni
3327 1203 3552 1254 aheuu'.

1974 1297 2026 1348 lu
2085 1294 2324 1350 secundo
2387 1293 2634 1348 Palatino
2682 1310 2784 1348 ms.
2847 1293 2988 1363 apud
3038 1292 3552 1346 Sciturzllvischiutn

1974 1388 2289 1442 relabi-istis
2319 1388 2644 1456 appellatur.

1982 1540 1997 1555 _
2041 1480 2178 1534 lhid.
2213 1480 2555 1550 Assyriorum
2613 1478 2893 1546 imperium
2949 1476 3173 1532 deletum
3221 1485 3318 1530 est.
3358 1474 3560 1530 Recole

1973 1587 2094 1640 quae
2123 1573 2286 1638 paulo
2317 1581 2443 1624 ante
2476 1573 2575 1625 hac
2608 1570 2675 1623 de
2704 1585 2759 1623 re
2793 1571 2963 1623 multa
2987 1569 3246 1621 diximus.

2044 1663 2179 1716 lhitl.
2237 1663 2494 1732 Agemon.
2565 1661 2744 1717 Minus
2830 1661 3118 1714 videbatur
3195 1667 3339 1714 recte
3394 1659 3559 1714 scrllii

1969 1755 2236 1824 Agemnon
2267 1755 2408 1822 apud
2463 1753 2785 1816 l’ontacum,
2829 1768 2926 1820 pro
2955 1751 3133 1820 eoqni
3186 1751 3240 1804 in
3299 1751 3424 1805 aliis
3476 1761 3558 1804 est

1969 1847 2125 1899 lihris
2159 1846 2414 1916 Agemon.
2447 1843 2584 1898 Male
2611 1845 2663 1896 in
2693 1850 2871 1912 primo
2922 1842 3170 1898 Palatino
3222 1856 3354 1907 ms.,
3421 1852 3558 1896 teste

1967 1937 2447 1999 SrlturzlleiSChio,
2483 1937 2760 2006 Agamon;
2823 1937 2873 1988 itt
2903 1936 3090 2001 tertio,
3138 1944 3197 1987 ιιι
3225 1945 3279 1989 ct
3330 1935 3557 1989 Sit-har-

1965 2032 2090 2086 diua
2115 2032 2377 2094 editione,
2398 2031 2709 2100 Egemnon;
2763 2029 2814 2081 itt
2876 2039 3073 2098 quarto
3120 2030 3360 2096 Egemtas
3415 2044 3559 2080 nun-

1965 2133 2222 2192 t‘upttltll'.
2253 2122 2413 2176 llunc
2464 2122 2632 2176 refert
2694 2119 2964 2173 Diodorus
3026 2121 3165 2186 apud
3217 2118 3550 2189 Synccllmn,

1963 2232 2085 2270 cum
2126 2225 2355 2284 patruus
2426 2223 2655 2268 essetet
2693 2221 2914 2266 curator
2955 2211 3184 2266 Telestis
3219 2214 3394 2280 pueri,
3462 2215 3554 2267 tihi

1962 2307 2355 2372 Aristomedis,
2393 2306 2441 2360 ei
2474 2305 2675 2376 gentile
2696 2320 2920 2372 regnum
2956 2304 3264 2359 abstulisse.

2034 2399 2152 2456 Col.
2191 2400 2316 2455 545.
2371 2396 2801 2466 Sardanapallus
2863 2397 3043 2450 eodem
3084 2404 3333 2466 tempore.
3364 2397 3554 2450 Tradit

1961 2491 2345 2545 Athenodorus
2392 2490 2534 2560 apud
2589 2489 2850 2557 Stephan.
2881 2487 3101 2555 Byzant.
3131 2488 3196 2542 de
3240 2501 3338 2540 sua
3377 2489 3551 2556 ipsius

1961 2584 2134 2652 patria
2163 2585 2429 2647 srribens,
2485 2584 2653 2637 citato
2687 2592 2822 2636 teste
2881 2581 3117 2635 Diodoro
3174 2583 3547 2650 grammatico,

1960 2678 2052 2744 qui
2082 2677 2338 2729 convenit
2366 2690 2487 2728 cum
2519 2675 2811 2729 Ptolemaeo
2842 2690 2986 2742 rege,
3051 2675 3118 2728 ab
3156 2674 3419 2728 Anchiale
3453 2673 3548 2727 Ja-

1959 2768 2064 2835 peti
2122 2767 2232 2819 lilia
2310 2768 2690 2834 cognominem
2744 2767 2949 2819 hancce
3012 2767 3198 2817 urbem
3250 2765 3549 2823 conditam,

1958 2855 2072 2909 Nec
2109 2865 2289 2910 tamen
2353 2865 2497 2911 tacet
2561 2855 2871 2921 Stephanus
2911 2855 3142 2909 aliorum
3209 2856 3546 2923 opinionem,

1959 2945 2050 3014 qui
2108 2946 2174 2998 ad
2243 2944 2677 3013 Sardanapalum
2747 2946 3076 3005 referebant.
3164 2945 3340 3000 Etiam
3394 2959 3551 3000 vetns

1961 3039 2248 3108 inscriptio
2275 3039 2396 3108 ejus
2441 3049 2794 3094 monumento
2820 3048 2871 3094 et
2927 3040 3222 3093 simulacro
3276 3041 3544 3109 apposita,

1959 3127 2122 3198 quam
2203 3129 2427 3184 laudant
2495 3130 3016 3200 Ethnieograpltus,
3075 3139 3129 3183 et
3198 3131 3544 3184 Aristobulus

1959 3221 2102 3292 apud
2129 3220 2452 3276 Strabonem
2478 3220 2574 3275 lib.
2603 3238 2710 3284 xw,
2737 3221 3032 3277 Clearclms
3053 3223 3192 3291 apud
3222 3223 3542 3278 Athena'um

1957 3315 2053 3368 lib.
2091 3331 2189 3380 XII,
2215 3315 2438 3384 aliique,
2469 3313 2571 3367 fert
2595 3314 2662 3368 ab
2692 3331 2757 3368 eo
2813 3316 3060 3368 conditas
3114 3315 3417 3384 ’Δγχιὰλην
3449 3317 3546 3368 καὶ

1960 3409 2174 3472 Τάρσον
2209 3409 2266 3459 ἐν
2293 3408 2479 3479 ἡμέρῃ
2537 3409 2656 3476 μιᾷ,
2701 3407 2843 3473 quod
2891 3407 3111 3476 quidem
3161 3417 3214 3460 et
3258 3409 3546 3478 Syncellus

1958 3487 2116 3562 dixit,
2149 3514 2255 3550 una
2292 3501 2413 3551 die:
2451 3507 2658 3560 noster,
2703 3498 2880 3548 eodem
2909 3507 3154 3562 tempore.
3220 3512 3285 3551 eo
3317 3499 3546 3565 propius

1959 3586 2026 3640 ad
2066 3586 2246 3650 fidem,
2277 3587 2421 3654 quod
2466 3586 2627 3638 ctiam
2658 3584 2926 3637 Arrianus
2964 3583 3060 3636 lib.
3119 3599 3156 3636 ll
3191 3592 3542 3647 testatur,ex

1961 3680 2170 3733 ambitu
2203 3677 2454 3732 Anchiali
2478 3691 2540 3729 ac
2577 3675 2962 3729 fundamentis
3007 3689 3286 3727 murorum
3318 3673 3548 3741 conjici,

1962 3779 2351 3840 prapotentem
2384 3767 2617 3822 olim'ac
2680 3781 2934 3833 magnam
2987 3765 3178 3818 urbem
3237 3765 3546 3819 exstitisse.

1958 3863 2189 3926 Caetera,
2219 3876 2342 3931 quas
2365 3860 2627 3914 continuo
2659 3874 2818 3914 sensu
2853 3857 3134 3926 subiungit
3160 3855 3548 3924 ,Eusebinsde

1959 3953 2331 4022 Sardanapalo
2375 3953 2444 4006 ab
2498 3951 2710 4007 Arbace
2773 3950 2940 4013 victo,
3011 3949 3208 4018 suique
3291 3951 3549 4003 incendio

1962 4057 2126 4117 atque
2158 4045 2407 4110 interitu,
2433 4043 2592 4098 linem
2630 4057 2800 4113 regno
2829 4041 3177 4112 Assyriorum
3205 4041 3540 4109 imponente,

1926 4146 1934 4154 ‘
1962 4147 2293 4202 monstrant,
2315 4138 2459 4207 quod
2486 4135 2804 4190 dicebamus
2833 4133 2993 4203 paulo
3029 4135 3304 4202 superius.
3370 4132 3547 4188 fuisse

1962 4233 2121 4287 abeo
2169 4230 2307 4284 duos
2373 4226 2726 4297 cognomines
2784 4223 3191 4291 Sardanapalos
3245 4223 3299 4276 in
3371 4239 3538 4276 unum

262 4316 560 4385 imperium
599 4317 784 4382 desiit,
813 4323 880 4373 ad
909 4321 1139 4375 alterunt
1184 4318 1712 4386 Nabuchodonosor,
1753 4338 1851 4377 seu
1887 4329 1932 4386 ι)
1960 4341 2024 4377 ex
2056 4324 2189 4378 falsa
2221 4322 2451 4377 aliorum
2495 4322 2754 4389 opinione
2799 4322 3081 4375 confusos.
3115 4319 3288 4387 Cujus
3333 4324 3540 4376 erroris

265 4407 704 4480 Nabopolassar,
736 4415 826 4480 qui
858 4412 1070 4481 junctis
1100 4429 1224 4470 cum
1266 4413 1511 4486 Cyaxare
1557 4414 1713 4470 Medo
1773 4417 1854 4468 vi.

261 4502 441 4568 ribus,
475 4504 701 4556 exitium
744 4504 907 4558 fatale
953 4505 1072 4559 urbi
1108 4520 1386 4576 regnoque
1445 4506 1650 4561 intttlit.
1687 4506 1855 4575 Igitur

262 4597 485 4650 tametsi
527 4597 877 4651 Assarhadon
931 4608 1125 4665 prteter
1191 4615 1388 4653 nomen
1453 4601 1504 4652 in
1564 4614 1631 4654 eo
1689 4601 1852 4654 ctiaut

265 4687 470 4740 relerat
525 4686 983 4756 Sardanapalunt,
1015 4690 1158 4757 quod
1205 4689 1342 4744 Medi
1375 4690 1442 4744 ab
1478 4707 1543 4744 eo
1602 4690 1850 4764 descive-

263 4780 400 4842 rint,
432 4795 604 4847 eaque
641 4797 820 4834 rerum
877 4784 1237 4837 similitudine
1291 4784 1651 4854 Chronologis
1707 4785 1847 4837 anti-

264 4872 394 4940 quis
419 4885 612 4946 ansam
646 4874 864 4926 errandi
902 4874 1116 4940 fecerit,
1143 4877 1194 4928 iit
1224 4876 1346 4930 aliis
1381 4887 1586 4938 tamen,
1618 4887 1675 4928 ttt
1725 4883 1855 4930 sunt

265 4960 443 5029 ipsius
472 4966 619 5033 regis
640 4980 824 5029 casus,
880 4966 1033 5020 urbis
1089 4968 1354 5037 regnique
1402 4968 1686 5031 interitus,
1733 4981 1854 5036 quae

268 5055 436 5108 alium
484 5055 914 5126 Sardanapalum
940 5059 1299 5126 posteriorem
1321 5062 1546 5114 omnino
1571 5065 1851 5124 denotant,

268 5149 518 5202 diversus
543 5158 647 5202 est.

341 5327 592 5373 1ἶω1-·ἆυὶ
678 5327 899 5398 Sepu‘mi
960 5327 1229 5383 Plitenices
1294 5347 1437 5383 mare
1496 5331 1660 5385 oblin.
1707 5329 1854 5386 lianc

269 5423 584 5487 pettoclmm
626 5431 839 5475 veteres
864 5423 1138 5477 editiones
1191 5424 1330 5476 ittlrzt
1369 5425 1434 5475 ad
1501 5440 1652 5478 nttttt.
1693 5423 1850 5491 ll9l,

274 5510 517 5580 Scaliger
544 5513 608 5564 ad
638 5513 1012 5581 insequentem
1061 5513 1246 5576 refert,
1281 5531 1380 5569 nec
1407 5517 1555 5570 addit
1599 5518 1664 5567 de
1691 5517 1853 5571 anuis

269 5605 590 5672 quidquam,
625 5607 741 5674 qui,
775 5624 872 5675 pro
925 5607 1013 5674 45,
1076 5607 1127 5660 in
1167 5609 1275 5664 alio
1324 5611 1464 5678 apud
1520 5608 1850 5662 Sehnrzlleio

1958 4415 2281 4471 consecutio
2343 4424 2427 4470 est
2488 4414 2870 4485 gravissimum
2922 4413 2977 4467 in
3038 4428 3098 4468 re
3154 4413 3538 4482 chronologiea

1920 4535 1922 4537 >
1959 4519 2240 4582 peccatum
2261 4524 2280 4576 ;
2303 4508 2349 4564 si
2381 4508 2527 4564 enim
2557 4507 2709 4562 hisee
2731 4505 3090 4576 temporibus,
3137 4506 3333 4560 Azaria
3393 4505 3541 4560 sciti-

1957 4612 2043 4658 cet
2094 4600 2443 4655 Hebraeorum
2504 4597 2658 4653 ludat
2716 4613 2942 4668 regnum
2991 4597 3296 4662 obtinente,
3359 4597 3539 4666 impe-

1957 4695 2098 4746 rintn
2159 4695 2511 4763 Assyriorum
2573 4689 2792 4754 defecit,
2861 4690 3298 4758 translatumqne
3337 4699 3422 4744 est
3466 4690 3534 4742 ad

1956 4785 2164 4848 Medos,
2201 4785 2345 4839 unde
2402 4770 2532 4837 sunt
2584 4783 2691 4838 illis
2741 4797 2881 4851 quos
2945 4782 3223 4851 Scriptura
3268 4781 3537 4854 deinceps

1957 4881 2368 4931 commemorat,
2431 4871 2668 4941 Assyria:
2719 4885 2873 4940 reges
2932 4873 3315 4940 potentissimi,
3367 4871 3539 4930 Pltul,

1955 4963 2204 5034 Tll'glatll
2245 4963 2502 5026 Pilesser,
2533 4960 2932 5021 Salmauassar,
2953 4961 3350 5029 Senuacherili,
3374 4976 3540 5031 atque

1957 5057 2088 5110 al-i?
2120 5055 2257 5121 Quid
2288 5055 2428 5122 quod
2486 5054 2766 5123 conceptis
2811 5054 2996 5108 verbis
3043 5055 3244 5110 dicitur
3280 5055 3344 5110 IV
3398 5056 3543 5124 Reg.

1958 5141 2091 5214 ivit,
2123 5147 2176 5212 6,
2210 5147 2380 5200 Media
2397 5146 2747 5217 Assyriorum
2777 5147 2890 5215 regi
2924 5148 3185 5214 subjecta,
3206 5163 3328 5202 cum
3353 5147 3539 5200 Achati

1959 5255 2047 5292 rex
2105 5247 2251 5291 esset
2307 5234 2504 5298 indie?
2552 5236 2633 5290 Ad
2688 5241 2802 5292 haec
2843 5236 3075 5294 Naltumi
3136 5239 3415 5309 prephetia
3468 5237 3536 5291 de

1955 5330 2152 5384 Ninive
2205 5329 2442 5391 excidio,
2494 5327 2736 5398 itemque
2785 5329 3360 5384 'I‘obite‘testimooium
3410 5344 3536 5399 cap.

1958 5422 2174 5488 ultimo,
2207 5423 2374 5475 fatum
2407 5422 2678 5492 Assyriaci
2713 5423 2864 5494 regni
2903 5424 2969 5478 ad
3001 5423 3296 5493 posteriora
3329 5423 3536 5476 ducen-

1956 5517 2025 5570 tis
2055 5513 2229 5568 ferme
2263 5515 2424 5570 aunis
2467 5526 2725 5588 tempora
2783 5517 3079 5588 pertinere,
3125 5515 3538 5570 evidentissima

1955 5607 2350 5660 demonstrant.
2394 5605 2621 5665 Frustra
2663 5621 2814 5676 sunt,
2855 5608 2947 5679 qui
2993 5607 3104 5660 Ιιειιο
3143 5604 3300 5660 aliter
3331 5607 3533 5660 conci-
