3932 6188
501 138 604 204 871

1763 135 2168 199 VALLABSII
2211 94 2452 196 nom.

3592 131 3679 192 872

497 251 632 308 liare
651 250 970 316 student,ut
996 266 1062 306 ex
1091 249 1324 322 Syneelli
1351 256 1536 304 mente
1553 248 1766 305 Goarus
1799 249 1852 302 in
1891 246 2071 312 Notis,
2102 251 2149 306 Α
2175 243 2330 312 juxta
2395 241 2634 298 Ctesiam
2691 249 2746 294 et
2798 239 3082 294 Nicolaum
3140 238 3521 312 Damascenum)
3569 251 3686 316 regis

499 346 592 413 qui
623 342 759 408 vult,
789 343 1256 399 Salmanassarem
1293 341 1462 397 fuisse
1483 341 1706 410 quidem
1725 340 2077 412 Assyriorum

500 434 826 503 principem,
888 435 981 490 sed
1017 435 1254 488 Arbacis
1314 433 1570 502 potestati
1615 437 1836 488 omnino
1897 432 2082 501 subje-

499 537 648 579 etum
677 542 692 578 :
717 541 780 578 ac
819 541 978 595 porro
1000 534 1243 594 pugnant
1281 539 1404 577 cum
1456 523 1671 578 Diodori
1699 538 1763 578 ac
1795 522 2080 578 Strabonis

500 615 847 676 auctoritate,
882 614 1014 682 quin
1048 614 1214 667 etiam
1259 613 1431 684 ipsius
1460 613 1656 668 Ctesias
1701 613 1948 682 opinioni
1979 612 2080 666 ad-

500 717 806 762 versantur.
835 707 926 775 qui
954 705 1258 760 recidivum
1294 706 1428 758 illud
1496 705 1810 773 imperium,
1869 705 2081 760 instau-

500 797 881 864 rationemqnc
908 797 1059 849 urbis
1089 795 1281 849 Ninive
1310 795 1829 853 comminiscuntur.
1869 795 2079 849 Caetera

499 902 618 952 qua:
645 890 712 942 de
753 889 965 941 Arbace
1023 895 1077 940 et
1105 887 1379 941 Medorum
1423 902 1588 956 regno
1627 887 1897 942 Eusebius
1946 887 2078 941 sub-

501 979 686 1039 nectit,
724 996 789 1032 ex
825 980 1013 1033 eadem
1051 979 1332 1048 bypotbesi
1379 979 1639 1048 profecta,
1703 979 1773 1033 ad
1827 979 2072 1033 historiae

500 1074 758 1124 amussim
803 1073 1153 1135 expendere.
1215 1070 1479 1139 propositi
1535 1071 1706 1124 nostri
1762 1072 1902 1124 ratio
1969 1086 2076 1124 non

503 1165 732 1230 patitur,
766 1178 883 1230 qua:
906 1164 1096 1216 solidis
1122 1172 1304 1215 essent
1353 1163 1506 1216 libris
1539 1163 1908 1217 edisserettda.

571 1255 690 1309 Col.
722 1254 847 1310 545.
876 1256 952 1307 Ab
984 1255 1203 1308 Arbaca.
1241 1255 1293 1307 In
1324 1253 1525 1320 Medos,
1573 1270 1712 1324 quos
1745 1256 1799 1308 in
1853 1254 2078 1309 liberta-

501 1348 867 1402 temArbaces
930 1346 1322 1409 vindicaverat,
1357 1347 1647 1414 imperium
1673 1345 1935 1401 continuo
1988 1359 2076 1399 re-

501 1439 1124 1508 suiupsc-riititAssyrii:
1185 1438 1399 1492 tametsi
1421 1439 1534 1492 suis
1585 1438 1659 1491 uti
1713 1453 1808 1492 eos
1864 1437 2075 1507 legibus

501 1529 917 1599 permitterent,
977 1528 1110 1582 nihil
1183 1530 1600 1598 regissuprema
1642 1537 1936 1598 potestate
2011 1541 2074 1580 ac

2181 333 2522 404 Assyriorum
2555 329 2821 387 clientela:
2866 329 3164 386 addictum.
3204 328 3527 386 Successisse
3544 335 3685 400 aiuui,

2181 439 2322 494 quos
2345 422 2594 478 Elianus
2642 431 2930 488 memorat,
2980 418 3324 484 Scacboram,
3379 429 3482 476 tum
3509 421 3608 493 eius
3634 442 3684 480 ex

2182 516 2289 571 ﬁlia
2325 525 2574 587 nepotem
2610 514 2985 586 Thilgamum.
3019 514 3221 578 Quarto
3259 513 3375 568 loco
3400 525 3580 582 ponunt
3605 516 3690 569 Na-

2181 607 2436 679 nybrum,
2470 622 2500 660 a
2540 605 2762 660 Nicolao
2808 605 3163 659 'Damasceuo
3218 613 3575 666 memoratum,
3613 609 3692 662 sub

2180 715 2288 768 quo
2326 697 2657 762 Parsondas,
2685 707 2780 753 aut
2823 697 3094 753 Parsodes
3130 694 3370 760 historia,
3415 710 3560 763 quam
3596 695 3694 752 Dio-

2179 791 2345 846 dorus
2369 807 2586 862 quoque
2632 789 2850 846 Siculus
2882 797 3092 844 narrat.
3161 787 3354 852 Quinto
3401 785 3695 842 Nabonassa-

2181 883 2482 952 rum,cujus
2513 881 2648 937 nulli
2676 897 2783 936 non
2814 890 2939 935 nota
2963 889 3045 934 est
3073 894 3137 934 ex
3165 880 3479 933 astronomis
3502 882 3694 950 epueha.

2179 973 2349 1045 llujus
2379 984 2434 1029 et
2464 976 2799 1044 reliquorum
2838 974 3078 1040 quinque
3130 973 3552 1038 subsequentium
3594 983 3697 1026 ata-

2179 1071 2284 1118 tem
2311 1081 2375 1119 ac
2409 1066 2604 1119 seriem
2649 1081 2714 1119 ex
2772 1065 3086 1124 Ptolemaeo,
3137 1064 3227 1130 qui
3277 1061 3534 1116 Canonem
3576 1062 3697 1116 illum

2178 1155 2334 1226 longe
2371 1157 2784 1212 celeberrimum
2846 1155 3088 1225 digessit,
3153 1155 3484 1223 accepimus.
3528 1153 3697 1223 Dicitur

2178 1248 2249 1304 ibi
2281 1250 2440 1303 annis
2470 1251 2876 1320 quatuordecim
2927 1262 3218 1318 regnasse;
3245 1243 3465 1310 Nadius,
3492 1247 3571 1314 qui
3598 1261 3698 1300 suc-

2180 1341 2366 1401 cessit,
2393 1341 2607 1394 duobus
2637 1348 2869 1405 tantum,
2899 1338 3186 1399 Chozirus,
3210 1347 3264 1390 et
3293 1336 3457 1390 Porus
3481 1339 3697 1405 quinque,

2180 1431 2509 1499 toti-Jeinque
2529 1431 2767 1501 Jugaeus.
2793 1431 2947 1485 Hunc
2964 1430 3179 1500 excepit
3197 1428 3698 1496 Mardo-Kempadus,

2178 1523 2290 1578 sive
2311 1522 2859 1587 Merodac-Baladan,
2878 1534 2938 1579 ut
2961 1523 3116 1578 Isaiae
3145 1537 3332 1583 xxxix,
3365 1520 3416 1582 l,
3440 1531 3490 1575 et
3516 1517 3573 1572 IV
3594 1521 3700 1590 Reg.

501 1622 787 1689 majestate
839 1621 1151 1675 imminuta.
1212 1621 1362 1674 Adeo
1415 1635 1553 1690 quos
1595 1619 1821 1684 Ctesias,
1846 1627 1898 1673 et
1937 1633 2076 1688 quos
2107 1613 2150 1669 Β
2181 1629 2272 1678 xx,
2322 1614 2411 1680 l2,
2463 1614 2795 1683 appellatur,
2836 1616 3087 1685 quicum
3145 1613 3358 1682 Dejocis
3413 1614 3700 1680 temporibus

501 1712 816 1774 Africanus,
854 1727 917 1764 ac
949 1717 1133 1764 noster
1164 1712 1382 1763 demum
1409 1708 1669 1765 Eusebius
1698 1708 1865 1763 Medis
1912 1723 2072 1778 reges

500 1804 806 1855 attribuunt
865 1816 1040 1869 usque
1081 1801 1144 1854 ad
1200 1799 1488 1874 Dejocem,
1537 1815 1644 1854 non
1726 1799 1868 1854 Medi
1921 1815 2072 1876 reges

499 1902 644 1955 sunt,
693 1892 788 1946 sed
854 1892 1090 1960 Assyrii.
1144 1890 1387 1955 Quatuor
1433 1893 1501 1944 ab
1563 1891 1768 1945 Arbaee
1823 1898 2076 1946 numerat

499 1983 786 2049 Eusebius,
829 1983 1052 2036 totidem
1107 1983 1398 2037 Africanus
1433 1984 1574 2052 apud
1609 1981 1939 2052 Syncellmn,
1981 1997 2074 2038 sex

497 2075 725 2130 Ctesias.
753 2071 949 2126 Verum
1026 2082 1080 2127 et
1119 2087 1307 2142 regum
1352 2072 1683 2135 nominibus,
1706 2081 1758 2126 et
1785 2087 2072 2141 regnorum

501 2168 658 2219 annis
689 2164 980 2233 plurimum
1034 2165 1177 2218 inter
1237 2179 1295 2218 se
1323 2164 1616 2230 dissident,
1659 2164 1804 2233 quod
1852 2179 1914 2217 ex
1946 2163 2076 2218 sub—

493 2259 639 2328 jecto
695 2258 958 2312 laterculo
1024 2257 1270 2311 ediscere
1293 2257 1348 2310 in
1372 2265 1714 2312 antecessum
1741 2263 1980 2323 praestat.

711 2347 942 2402 Ctesias.
1122 2346 1432 2413 Africanus.
1576 2344 1852 2398 Eusebius.

499 2441 742 2494 Arbaces
782 2454 871 2490 an.
899 2437 990 2492 22.
1040 2437 1277 2490 Arbacus
1309 2452 1402 2490 an.
1439 2435 1532 2491 28.
1566 2435 1804 2490 Arbaces
1832 2450 1920 2488 au.
1978 2433 2067 2488 28.

500 2531 822 2584 Mandeuces
910 2529 1001 2582 50.
1058 2527 1384 2582 Mandauces
1450 2526 1542 2580 20.
1585 2525 1877 2580 Sosarmus
1978 2525 2069 2578 30.

500 2623 790 2677 Sosarmus
919 2621 1007 2674 50.
1053 2621 1344 2675 Sosarmus
1451 2620 1541 2675 50.
1573 2618 1818 2672 Medidus
1980 2617 2067 2671 40.

499 2715 680 2766 Artias
920 2709 1012 2764 50.
1043 2713 1275 2780 Artycas
1459 2709 1548 2763 '50.
1579 2707 1870 2764 Cardict-as
1981 2706 2066 2761 l5.

497 2802 765 2854 Arbianes
921 2801 1012 2854 21.

497 2893 539 2945 Α
551 2907 716 2944 rsatus
914 2891 1004 2944 40.

501 2980 642 3034 ΝιΙιίι
682 2992 860 3034 tamen
890 2979 1088 3051 negotii
1122 2979 1376 3043 lacessat,
1425 2977 1567 3048 quod
1592 2978 1788 3033 horum
1849 2978 2067 3032 nomina
2096 2955 2140 3012 θ

497 3075 566 3126 ab
607 3073 692 3136 iis,
728 3072 923 3141 quibus
951 3072 1183 3140 appellat
1205 3071 1488 3140 Scriptura
1524 3085 1677 3140 reges
1706 3071 1954 3140 Assyrios
1975 3084 2072 3138 per

459 3163 551 3225 _id
585 3163 864 3232 temporis,
897 3171 1003 3215 tam
1058 3163 1216 3231 longe
1261 3162 1474 3215 absint:
1523 3155 1788 3230 siquidem
1842 3161 2069 3213 aliorum

495 3254 756 3324 exemplis
788 3254 991 3307 dudum
1016 3262 1292 3306 ostensum
1335 3261 1420 3306 est
1450 3250 1663 3306 diversa
1688 3250 1826 3320 apud
1854 3249 2072 3306 Graecas

497 3345 790 3412 scriptores
813 3343 983 3398 luisse
1042 3360 1225 3412 regum
1258 3342 1612 3397 Orientalium
1640 3345 1880 3408 nomina,
1912 3344 1979 3397 ab
2007 3345 2070 3398 iis

495 3454 616 3508 qua:
640 3436 781 3508 apud
837 3437 1154 3491 vernaculos
1202 3435 1520 3489 obtinebant
1549 3473 1565 3498 ,
1611 3445 1774 3504 atque
1832 3449 1895 3488 ea
1945 3447 2068 3487 eum

496 3533 686 3602 primis
710 3535 776 3591 de
805 3544 992 3594 causa,
1021 3531 1165 3600 quod
1205 3529 1358 3600 plura
1391 3529 1493 3583 sibi
1525 3538 1882 3598 cngnomeuta
1915 3543 2072 3598 rcges

497 3625 570 3678 illi
604 3628 956 3678 asciscerent.
1023 3621 1147 3676 Haec
1171 3631 1321 3676 certe
1365 3636 1467 3676 una
1505 3623 1645 3675 ratio
1667 3631 1772 3684 est,
1806 3637 1910 3689 qua
1946 3635 2072 3688 pus-

495 3720 604 3772 siut
645 3732 766 3770 cum
795 3717 966 3769 sacris
1001 3712 1242 3777 Litteris,
1269 3728 1390 3782 qua:
1429 3714 1616 3777 semel,
1679 3713 1838 3781 idque
1894 3715 2071 3767 serius

497 3821 743 3860 eversam
777 3804 1049 3864 Ninivem.
1081 3812 1134 3858 et
1180 3805 1510 3857 destructum
1571 3803 1915 3874 Assyriorum
1969 3803 2072 3857 im-

497 3900 700 3968 perium
740 3898 962 3949 credere
990 3909 1088 3949 nos
1126 3894 1341 3963 jubent,
1381 3892 1591 3948 Ctesias
1635 3905 1795 3964 atque
1829 3893 2072 3950 llerodo-

497 3999 584 4044 tus
616 3991 667 4042 iu
691 3987 1039 4042 concordiam
1067 3987 1272 4040 venire.
1312 3985 1603 4039 Sosarmus
1627 3986 1714 4038 ille
1740 3985 1904 4053 igitur
1929 3987 2068 4056 apud

495 4080 730 4132 tltesiam
760 4077 831 4130 sit
859 4076 1000 4130 idem
1037 4090 1100 4128 ac
1124 4074 1299 4130 l’lml:
1343 4075 1545 4138 Artias,
1600 4073 2075 4153 Tcglatli-pbalas-

499 4185 623 4223 sar:
661 4167 949 4226 Arbianes.
992 4165 1411 4222 Salmanassar:
1463 4176 1516 4220 et
1562 4165 1802 4230 Arsaaus,
1863 4168 2073 4222 Semia-

2179 1707 2478 1770 concurrit,
2501 1717 2556 1761 et
2584 1718 2665 1761 est
2688 1707 2854 1776 vulgo
2886 1716 3070 1760 notus.
3114 1706 3268 1771 Quod
3297 1713 3494 1758 textum
3513 1711 3700 1772 spectat,

2179 1795 2322 1864 apud
2347 1794 2683 1867 Scaligerum
2720 1797 2954 1852 fortasse
3007 1799 3234 1860 rectius,
3294 1796 3497 1864 proprie
3533 1810 3698 1861 ργωτα-

2179 1884 2391 1951 lebaul,
2451 1901 2612 1954 quam
2677 1901 2838 1954 prope
2866 1925 2882 1952 ,
2936 1883 3154 1954 legitur.
3194 1882 3390 1937 Graece
3427 1882 3574 1935 fuerit
3620 1897 3703 1932 mu

2178 1975 2333 2048 ρῑως.
2362 1976 2418 2031 In
2455 1977 2558 2032 line
2609 1976 2699 2031 ubi
2733 1976 2958 2040 dicitur,
2993 1974 3225 2045 propriis
3279 1973 3474 2044 regibus
3522 1970 3700 2024 utebano

2177 2080 2284 2133 tur,
2313 2070 2497 2124 malim
2521 2052 2619 2140 ego
2643 2071 2888 2135 rescribi,
2919 2069 3141 2139 legibus,

2201 2205 2204 2207 .
2245 2162 2362 2217 Col.
2391 2162 2517 2218 549.
2540 2162 2815 2232 Templum
2865 2161 3094 2216 Juuonis
3121 2164 3416 2213 incensum.
3468 2154 3594 2210 Nihil
3627 2155 3704 2208 hac

2176 2253 2243 2308 de
2269 2268 2328 2308 re
2367 2253 2655 2324 Scaliger,
2715 2253 2811 2308 sed
2853 2268 3030 2324 neque
3068 2251 3386 2305 Parmensis
3438 2248 3567 2317 apud
3610 2260 3701 2306 nos.

2177 2342 2379 2412 aliique
2409 2343 2653 2396 melioris
2680 2355 2820 2396 noue
2840 2357 2970 2396 mss.
3006 2342 3230 2400 habent.

2241 2435 2355 2490 Col.
2396 2436 2519 2492 547.
2568 2434 2761 2488 Procas
2793 2433 2988 2489 Silvius
3046 2449 3135 2488 an.
3202 2431 3268 2486 2!
3321 2431 3411 2502 (23
3443 2444 3524 2500 ap.
3573 2427 3703 2499 Vall.)

2177 2526 2510 2597 Super-addit
2568 2527 2857 2599 Syncellus
2915 2542 3134 2587 novem.
3178 2529 3300 2581 sive
3343 2538 3507 2603 annos
3557 2537 3706 2576 nume-

2175 2631 2258 2673 rat
2297 2619 2384 2673 52.

2249 2711 2377 2765 lbid.
2417 2708 2622 2764 Phidun
2649 2726 2734 2780 ap.
2766 2711 2959 2778 Argiv.
2984 2723 3262 2761 mensuras
3285 2718 3331 2762 et
3358 2711 3512 2777 pond.
3545 2706 3706 2774 primus

2174 2802 2384 2856 invenit.
2412 2803 2542 2854 Post
2575 2817 2746 2854 annos
2775 2801 2989 2871 viginti,
3021 2799 3166 2868 quod
3195 2814 3329 2854 sane
3353 2815 3454 2853 non
3480 2795 3706 2851 modicui-

2175 2894 2469 2950 discrimen
2520 2901 2634 2956 est,
2689 2891 2932 2960 Scaliger
2982 2890 3299 2958 periocltam
3362 2889 3498 2942 hanc
3541 2885 3705 2941 diﬁcrt.

2171 2984 2369 3040 Contra
2399 2983 2706 3038 Parmensis
2740 2993 2796 3037 et
2840 2981 3066 3035 Palatini
3127 2997 3326 3037 omnes
3371 2995 3492 3037 mss.
3543 2977 3707 3047 aliique

2173 3078 2414 3133 Pontaco
2446 3077 2673 3147 inspecti
2709 3077 2815 3130 huc
2853 3075 3131 3142 referunt;
3158 3091 3231 3139 ac
3261 3091 3423 3144 porro
3461 3073 3708 3128 inrcnitlev

2172 3178 2306 3240 gunt
2336 3184 2432 3238 pro
2464 3185 2529 3221 eo
2560 3168 2701 3237 quod
2758 3165 2997 3236 Scaliger
3056 3167 3217 3220 habet
3273 3167 3514 3221 instituit.
3548 3164 3707 3232 lujuria

2174 3266 2334 3315 etiam
2374 3261 2759 3332 Hieronymum
2789 3261 3292 3331 bicircprehendit,
3336 3259 3479 3329 quod
3525 3273 3631 3312 cum
3669 3257 3708 3309 itt

2174 3351 2364 3408 Graeco
2419 3354 2632 3406 dicatur
2685 3353 2925 3422 ’Ἄργους
2982 3354 3206 3424 κρατῶν
3260 3353 3477 3406 verterit
3507 3351 3708 3420 Argian,

2175 3453 2272 3506 pro
2321 3439 2587 3509 Argorum
2645 3455 2856 3509 compos
2922 3440 3115 3510 factus.
3185 3439 3420 3509 Propius
3480 3441 3710 3497 enimvero

2172 3541 2256 3586 est
2277 3533 2342 3586 ad
2375 3534 2553 3598 tidem,
2573 3533 2829 3602 ~eriptum
2859 3537 2926 3587 ab
2943 3533 3200 3593 Eusebio.
3228 3537 3257 3588 ὀ
3279 3535 3540 3603 Ἀργεῖος.
3558 3545 3710 3603 querno

2173 3622 2460 3677 admodum
2521 3633 2574 3677 et
2637 3623 2991 3690 scriptoribus
3022 3624 3142 3678 aliis
3176 3623 3383 3679 Graecis
3442 3623 3712 3692 Latinisque

2173 3714 2419 3770 absolute
2450 3717 2783 3770 nominatur.
2845 3716 2896 3770 Id
2941 3729 3103 3783 porro
3166 3719 3342 3787 ipsum
3403 3719 3466 3773 de
3519 3715 3712 3772 inventis

2173 3824 2202 3861 a
2229 3805 2476 3860 Pltidone
2505 3808 2772 3862 mensuris
2807 3823 2871 3861 ac
2913 3808 3244 3877 ponderibus
3278 3808 3496 3865 tradunt
3517 3821 3711 3869 veteres.

2173 3908 2364 3955 auctor
2399 3900 2654 3956 Chronici
2706 3902 2996 3954 marmorei
3046 3902 3405 3969 Oxoniensis,
3445 3904 3618 3958 Strabo
3640 3903 3711 3954 lib.

2174 4010 2293 4062 vm,
2330 3993 2471 4052 Plin.
2506 3995 2598 4049 lib.
2630 4009 2724 4060 VII,
2753 4011 2875 4064 cap.
2907 3995 2996 4062 56,
3049 3995 3238 4051 Pollux
3266 3997 3360 4053 lib.
3417 4013 3487 4061 ιι,
3536 4013 3641 4067 cap.
3671 3995 3712 4060 6,

2175 4084 2508 4140 Scholiastes
2547 4083 2765 4140 Pindari
2791 4086 2856 4140 ad
2883 4088 3096 4160 Olymp.
3148 4104 3266 4152 xu,
3319 4087 3606 4144 Herodotus
3637 4085 3712 4138 lib.

2173 4194 2248 4241 vt,
2281 4178 2500 4248 aliique,
2528 4170 2752 4247 quorum
2786 4180 3008 4237 laudare
3060 4183 3377 4237 testimonia
3441 4197 3541 4236 non
3568 4187 3712 4233 vacat.

493 4263 700 4317 cberib.
731 4259 802 4316 De
839 4260 1240 4325 convenientia,
1296 4275 1456 4329 quam
1515 4261 1628 4316 haec
1693 4261 1890 4315 habent
1944 4279 2067 4318 cum
2101 4288 2146 4344 υ
2177 4271 2372 4326 Verum
2401 4271 2451 4324 in
2481 4285 2546 4324 eo
2575 4272 2862 4327 diﬂicullas
2893 4273 3036 4326 haud
3075 4275 3207 4328 levis
3228 4285 3332 4340 est,
3388 4276 3524 4344 quod
3571 4270 3710 4325 Heru-

495 4353 760 4417 Ali-icani,
803 4361 965 4422 atque
999 4366 1065 4406 eo
1106 4352 1278 4421 magis
1300 4365 1422 4404 cum
1458 4351 1674 4408 Eusebii
1725 4355 2068 4422 recensione,

497 4447 610 4499 suis
637 4446 828 4498 deinde
864 4443 996 4496 locis
1021 4443 1290 4496 dicemus.
1339 4443 1575 4499 Arbaces
1637 4445 1690 4497 in
1751 4445 1872 4500 aliis
1919 4447 2072 4500 libris

497 4537 736 4588 Arbacus
768 4533 994 4595 dicitur,
1027 4529 1243 4585 Justino
1271 4531 1551 4598 Arbactus,
1586 4531 1792 4588 Velleio
1824 4534 2072 4590 Pharna-

498 4641 602 4678 ces.
641 4624 878 4692 Dejoees,
921 4622 1013 4691 qui
1066 4636 1187 4674 mox
1212 4634 1566 4690 memoratur,
1623 4639 1900 4693 perperam
1938 4629 2074 4683 scri-

500 4719 732 4772 bebatur
787 4717 838 4770 iu
887 4715 1296 4781 vetustioribus,
1351 4725 1402 4771 et
1452 4717 1761 4772 Pontaccna
1812 4721 2070 4789 editione,

499 4811 727 4865 Diocles.
779 4806 1047 4862 Eusebius
1103 4817 1271 4860 totam
1329 4810 1467 4862 hanc
1517 4811 1823 4881 pericopam
1863 4814 2074 4870 videtur

497 4919 561 4956 ex
593 4900 844 4955 Herodoti
877 4900 1014 4965 loco,
1047 4915 1206 4969 quem
1239 4909 1292 4955 et
1319 4900 1562 4971 Scaliger
1612 4903 1816 4971 laudat,
1851 4921 2071 4978 expres-

497 5010 656 5051 SISSP.
1347 5014 1350 5018 ’

568 5085 832 5141 Col.5l7.
904 5086 1130 5141 Arbaces
1168 5085 1379 5142 Medus.
1437 5086 1627 5158 Opera:
1681 5090 1913 5158 pretium
1965 5098 2071 5158 est,

497 5177 646 5244 ipsos
674 5174 961 5246 Babylonis
993 5191 1168 5246 reges,
1197 5179 1290 5247 qui
1344 5193 1440 5247 per
1474 5177 1588 5232 ha~c
1621 5187 1863 5249 tempora
1903 5197 2074 5251 usque

499 5270 566 5322 ad
597 5265 842 5336 Dejocem
878 5264 1084 5319 Medum
1112 5279 1428 5336 regnarunt,
1461 5283 1526 5322 ex
1554 5270 1900 5339 antiquorum
1957 5285 2074 5326 mo-

498 5356 776 5409 numentis
801 5364 988 5409 erutos
1022 5354 1212 5409 lectori
1249 5359 1459 5413 sistere.
1510 5359 1709 5414 Decem
1743 5375 2074 5415 enumeran-

500 5457 624 5502 tur:
651 5444 855 5500 Belesis
882 5446 996 5501 sive
1026 5446 1286 5511 Baladan,
1342 5450 1496 5520 regni
1557 5461 1768 5515 auctor,
1816 5452 1960 5521 quod
1996 5463 2073 5506 tc-

501 5539 618 5594 nuit
674 5537 833 5594 annis
887 5540 1113 5612 viginti,
1171 5539 1429 5596 continuo
1487 5552 1667 5597 tamen
1723 5544 1804 5614 (ut
1863 5545 2074 5601 videtur

2177 4363 2358 4426 dotus,
2390 4362 2607 4428 Strabo,
2632 4364 2931 4418 etmaxime
2964 4365 3266 4420 Pausanias
3312 4367 3368 4424 in
3397 4361 3714 4420 Corinthiacit

2177 4463 2382 4518 narrat,
2414 4468 2442 4505 a
2485 4453 2726 4508 Pliidoue
2757 4469 2989 4533 agonem
3015 4453 3392 4526 Olympiaculn
3421 4456 3555 4510 Eleis
3579 4454 3714 4506 fuisse

2177 4545 2380 4600 invidia
2421 4555 2773 4616 praeruptum,
2810 4549 2968 4618 idque
3003 4548 3170 4605 fuisse
3210 4562 3402 4605 octava
3453 4544 3715 4621 Olympiade

2176 4636 2246 4691 ab
2271 4652 2338 4691 eo
2367 4648 2752 4709 perpetratum.
2813 4640 3182 4707 Quamobrem
3225 4642 3502 4713 Lydiatus
3555 4644 3601 4694 in
3637 4651 3715 4691 an-

2177 4725 2548 4780 notationibus
2581 4727 2646 4781 ad
2673 4725 2931 4783 Marmor.
2964 4731 3412 4784 Arundclliauum
3439 4733 3565 4784 duos
3610 4725 3713 4779 Phi-

2174 4814 2346 4870 doues
2376 4815 2682 4886 distinguit,
2715 4818 2946 4887 primum
2987 4821 3077 4889 qui
3102 4823 3406 4886 intenSnras
3463 4815 3711 4876 invenerit,

2180 4905 2412 4961 alterum
2474 4910 2565 4976 qui
2597 4918 2786 4964 octava
2827 4910 3156 4981 Olympiade,
3201 4912 3465 4968 submotis
3499 4910 3711 4966 Eleorum

2176 4996 2558 5066 agonothetis,
2597 5014 2839 5070 agonem
2875 5007 3050 5070 posuit
3105 5006 3157 5057 In
3215 5001 3483 5074 Olympia,
3542 5001 3707 5071 prioris

2178 5099 2430 5154 nep0tem
2474 5097 2569 5143 aut
2604 5091 2946 5160 abnepotem.
2989 5091 3094 5146 Sed
3155 5109 3252 5149 nec
3307 5097 3439 5150 satis
3485 5096 3553 5148 ita
3599 5091 3712 5146 bene

2176 5177 2421 5233 rationes
2477 5190 2769 5238 constant:
2827 5185 2948 5238 etsi
3019 5185 3236 5253 quidem
3293 5186 3429 5240 duos
3481 5183 3710 5237 Pbidones

2177 5273 2516 5324 comminisci
2563 5281 2828 5340 Oporteat,
2871 5275 3106 5343 priorem
3159 5275 3308 5329 illum
3354 5274 3590 5344 putarim,
3635 5268 3708 5334 qui

2177 5377 2274 5431 per
2307 5362 2412 5416 vim
2473 5363 2615 5418 ludis
2671 5365 2907 5433 przel'uit,
2970 5376 3211 5422 octavam
3272 5366 3610 5438 Olympiadem
3642 5361 3708 5412 ab

2177 5455 2352 5524 iphito
2405 5469 2730 5525 supputans,
2799 5475 2906 5512 non
2951 5476 2978 5512 a
3045 5462 3294 5516 Coi-mbo.
3338 5459 3590 5512 Eusebius
3629 5464 3707 5521 pro

2178 5548 2372 5602 Carani
2407 5546 2575 5603 fratre
2611 5549 2756 5605 ltunc
2789 5569 2847 5608 se
2891 5555 3090 5608 habere
3119 5597 3132 5620 ,
3169 5554 3451 5607 manufesto
3507 5547 3702 5603 indicat:
