3932 6188
192 342 334 434 ’8⁵13

1484 379 1893 442 VALLARSII
1934 380 2175 444 NOTAE.

3358 387 3462 451 874

208 483 306 537 sed
334 484 452 554 ipse
483 483 732 544 Caranus
766 489 1040 558 antiquior
1069 492 1318 558 videtur;
1348 493 1554 549 Phidon
1604 505 1784 548 autem
1815 501 1859 556 Α
1889 491 2022 548 luris
2051 494 2204 548 navis
2227 536 2244 562 ,
2293 494 2502 551 medius
2539 495 2680 552 inter
2708 497 2874 553 imum
2907 506 2962 554 et
2987 514 3299 578 supremum
3329 519 3344 558 :
3375 503 3466 558 ille
3503 551 3506 554 .

208 572 323 642 ipse
357 577 411 628 in
439 575 663 632 laudato
695 576 984 635 Oxoniensi
1042 599 1310 639 marmore
1346 585 1622 639 archontis
1649 585 1789 639 Phe-

206 667 359 722 riclis
392 675 635 736 tempore
670 672 857 737 fuisse,
915 685 968 729 et
1000 674 1242 747 Lycurgo
1296 693 1497 747 suppar
1546 681 1789 734 ostendi-

202 763 315 809 tur.
356 756 489 814 Vide
518 760 905 829 Marshamum,
973 764 1230 825 Chronic.
1261 784 1385 824 sa'c.
1412 785 1501 823 xv.

271 848 415 906 Ibid.
449 853 747 909 Alexander
797 873 888 912 an.
916 859 1007 913 9.5.
1040 858 1320 915 Editorum
1381 862 1588 932 aliquot
1635 877 1786 932 aeque

177 945 372 1010 ‘atque
405 955 539 997 mss.
570 945 818 1000 codicum
885 963 1039 1002 error
1065 959 1168 1015 est,
1221 967 1380 1020 quem
1428 963 1483 1007 et
1515 954 1786 1010 Pontacus

199 1029 454 1093 retinuit,
492 1041 550 1084 ut
579 1033 728 1088 solus
749 1035 835 1090 hic
867 1037 1175 1105 quindecim
1223 1054 1421 1105 annos,
1454 1043 1508 1096 in
1539 1045 1784 1099 subnexa

196 1125 385 1173 autem
427 1123 746 1180 recensione
792 1127 997 1183 solidos
1063 1130 1252 1199 viginti
1321 1135 1560 1203 quinque
1611 1150 1786 1190 annu-

196 1221 442 1267 merent.

263 1302 390 1360 Col.
428 1303 553 1360 549.
586 1306 892 1363 Alcamenes
913 1326 1003 1366 an.
1035 1310 1124 1367 57.
1162 1314 1588 1377 Petavius'duos
1619 1320 1781 1377 Alca-

192 1394 346 1448 meni
376 1409 551 1451 annos
584 1399 754 1454 addit.
813 1403 956 1456 Sunt
988 1415 1117 1458 vero
1162 1405 1253 1475 qui
1307 1423 1474 1478 usque
1503 1411 1570 1464 ad
1619 1413 1784 1480 quin-

192 1491 465 1560 quaginta
493 1503 698 1561 septem
728 1510 982 1565 regnasse
1012 1496 1167 1552 illum
1203 1501 1409 1568 velint,
1448 1513 1507 1557 ut
1533 1513 1778 1570 constet,

191 1583 346 1650 quod
397 1583 560 1638 tradit
593 1585 896 1643 Pausanias
928 1588 982 1642 in
1018 1588 1335 1649 Messenicis
1373 1609 1492 1663 cap.
1527 1597 1560 1648 4
1586 1633 1602 1658 ,
1654 1611 1777 1651 eum

188 1687 356 1728 nona;
405 1675 734 1746 Olympiadis
780 1694 929 1735 anno
959 1683 1204 1737 secundo
1233 1683 1436 1740 bellum
1483 1686 1780 1744 Messenia-

188 1777 318 1818 cum
355 1765 668 1821 inchoasse.

1897 585 2297 640 thalamitarum
2354 587 2546 652 locus,
2623 592 2760 644 alter
2814 592 3113 660 zygitarum
3152 635 3167 656 .

1891 677 2124 746 denique
2158 676 2324 731 fuerit
2369 679 2758 736 thranitarum.
2833 682 3139 755 Suggerunt
3190 686 3412 756 quidem
3446 729 3463 756 ,
3519 677 3527 698 ⁸

1891 775 1952 823 ιιι
1979 767 2205 824 minime
2234 768 2599 835 dilliteamur,
2657 773 2797 828 hanc
2837 775 3158 856 triremium.
3204 788 3465 835 constru-

1891 862 2124 918 ctionem
2152 863 2412 919 nonnulla
2443 878 2726 934 perperam
2759 878 2980 938 accepta
3035 880 3277 928 veterum
3309 874 3467 927 testi-

1889 953 2092 1019 monia,
2121 954 2318 1024 quibus
2345 971 2411 1010 ex
2442 969 2817 1028 praeeoncepta
2850 958 3098 1029 opinione
3143 967 3265 1030 post
3298 959 3466 1016 Scali-

1889 1055 2078 1112 gerum
2120 1043 2272 1098 Isaac
2305 1042 2553 1110 Vossius,
2588 1047 2791 1118 aliique
2830 1065 3023 1118 magno
3054 1065 3283 1104 numero
3305 1090 3322 1117 ,
3374 1053 3465 1121 qui

1889 1134 1948 1188 in
1976 1134 2080 1190 hoc
2114 1134 2417 1204 perdilﬁcili
2452 1151 2774 1207 argumento
2803 1154 3108 1207 versantur,
3141 1141 3246 1197 sibi
3280 1142 3464 1199 fucum

1885 1224 2004 1280 ﬁeri
2035 1228 2178 1295 passi
2211 1239 2361 1282 sunt.
2396 1226 2561 1284 Recta
2596 1240 2777 1287 autem
2804 1234 2965 1302 ratio,
3008 1250 3312 1307 sensusque
3346 1239 3464 1308 ipse

1885 1327 2129 1372 veterum
2159 1328 2443 1374 auctorum
2479 1324 2642 1391 probe
2674 1324 2986 1384 intellectus
3011 1333 3324 1398 persuadet,
3357 1332 3463 1385 mi-

1884 1409 2032 1464 nime
2065 1411 2119 1464 in
2148 1411 2318 1466 altum
2348 1451 2363 1477 ,
2414 1416 2508 1468 sed
2542 1415 2595 1469 in
2623 1417 2841 1487 longum
2869 1420 3036 1476 fuisse
3067 1437 3337 1477 remorum
3371 1438 3463 1478 or-

1882 1504 2037 1560 dines
2067 1521 2096 1560 a
2130 1520 2292 1575 prora
2319 1509 2385 1562 ad
2431 1510 2650 1578 puppim
2686 1529 2699 1564 :
2738 1514 2968 1583 remiges
3002 1512 3149 1580 vero',
3179 1519 3268 1584 qui
3301 1516 3412 1570 bini
3445 1555 3461 1579 ,

1881 1597 2024 1649 terni
2057 1633 2073 1659 ,
2117 1603 2210 1651 aut
2247 1605 2430 1665 plures
2458 1599 2688 1670 singulis
2723 1603 2890 1658 remis
2931 1605 3334 1662 adhibebantur
3368 1609 3460 1678 (ex

1881 1702 1992 1757 quo
2015 1687 2328 1754 biremium,
2356 1691 2685 1759 triremium,
2713 1695 3163 1763 quadriremium,
3193 1700 3460 1768 quinque-

1888 1780 2145 1845 remium,
2168 1789 2302 1849 etc.,
2328 1780 2486 1837 facile
2513 1793 2631 1836 orta
2655 1786 2946 1854 appellatio
2969 1791 3098 1858 est),
3131 1805 3161 1842 a
3187 1799 3460 1844 catastro-

260 1856 411 1912 lbid.
448 1858 702 1914 Hesiodus
734 1860 953 1931 insignis
986 1864 1224 1921 habetur.
1269 1867 1407 1922 Ante
1434 1884 1610 1927 annos
1649 1887 1775 1927 sex-
1807 1860 1853 1920 Β
1881 1880 2025 1924 male
2053 1870 2121 1925 ad
2173 1871 2321 1928 foros
2354 1874 2506 1929 navis
2542 1877 2693 1944 quasi
2727 1889 2825 1946 per
2855 1856 3062 1947 gradus
3087 1881 3460 1939 descendisse.

187 1946 377 2002 decim
419 1947 472 2002 in
505 1949 785 2006 Parmensi
823 1968 925 2008 ms.
957 1953 1223 2011 Hesiodus
1252 1971 1566 2016 recensetur
1589 2004 1605 2027 ,
1634 1966 1777 2032 apud

189 2037 538 2109 Scaligerum
562 2040 811 2097 dili'ertur
832 2052 950 2114 post
977 2047 1156 2101 adhuc
1191 2051 1348 2106 duos.
1399 2050 1631 2109 Palatini
1656 2072 1778 2112 om-

185 2144 291 2185 nes
348 2146 481 2186 mss.
509 2149 654 2188 anno
684 2137 929 2205 proxime
967 2140 1237 2208 superiori
1272 2144 1542 2201 collocant
1567 2186 1581 2210 ,
1635 2147 1778 2205 rele-

185 2233 351 2278 rente
400 2223 894 2293 Schurzlleiscbio,
959 2233 1052 2301 qui
1099 2242 1152 2288 et
1203 2245 1351 2291 notat
1399 2238 1454 2292 in
1495 2237 1775 2312 Excerptis

185 2312 680 2373 Barbam-Latinis
725 2319 849 2375 addi
884 2321 1012 2377 huic
1064 2326 1333 2395 periochae
1361 2369 1376 2395 ,
1433 2332 1486 2383 in
1536 2331 1775 2389 Historia

184 2405 574 2477 Philosophia:
595 2448 614 2473 ,
646 2425 808 2480 quam
843 2427 976 2468 sane
1005 2416 1136 2471 citat
1161 2419 1322 2473 etiam
1358 2423 1384 2474 ὁ
1415 2421 1769 2494 ἐθνογράφος.

184 2497 460 2556 Emendat
486 2510 745 2569 prmterea
770 2505 1008 2575 Syncelli
1040 2507 1238 2574 locum,
1261 2512 1349 2565 ubi
1377 2514 1570 2582 Supino
1587 2529 1773 2572 errore

181 2590 328 2658 ὁμοῦ
353 2591 550 2660 legitur
575 2609 670 2663 pro
702 2593 977 2667 Ὀμήρου.
1008 2599 1073 2653 Ει
1096 2616 1334 2655 marmor
1354 2592 1768 2674 quidemArun-

181 2678 486 2734 dellianum
545 2684 898 2739 vetustiorem
949 2685 1186 2744 Ilomero
1244 2689 1541 2749 Hesiodum
1593 2696 1767 2753 facit:

181 2771 282 2826 sed
330 2773 666 2843 συγχρὸνους
709 2791 802 2832 eos
835 2776 1003 2834 fuisse
1029 2820 1044 2844 ,
1095 2780 1354 2853 pleraque
1384 2787 1489 2840 alia
1524 2797 1794 2843 veterum-
1879 2795 1883 2798 ’

181 2864 504 2920 testimonia
549 2867 742 2922 docent
773 2908 789 2935 ,
832 2883 932 2924 nec
962 2871 1105 2926 male
1155 2876 1397 2930 ostendit
1431 2877 1763 2942 Dodwellus,

182 2954 420 3012 Dissert.
454 2957 490 3012 5
531 2959 598 3014 de
629 2960 804 3031 Cyclis
835 2977 851 3015 :
886 2963 1108 3020 tametsi
1141 2963 1209 3020 de
1242 2973 1486 3036 tempore
1516 2984 1626 3039 quo
1666 2968 1767 3025 lio-

179 3058 437 3114 ruerunt,
471 3050 643 3106 multo
672 3051 830 3108 aliter
857 3054 1077 3149 sentiat.

253 3156 396 3212 Ibid.
431 3159 690 3216 Caranus.
741 3163 987 3221 Caranus
1015 3204 1031 3230 ,
1068 3166 1339 3224 referente
1369 3166 1537 3226 Suida
1566 3209 1583 3237 ,
1621 3188 1762 3228 unus

179 3266 250 3305 ex
287 3250 542 3307 IIerculis
588 3257 824 3325 posteris
849 3298 864 3319 ,
913 3258 1144 3316 collecto
1170 3263 1406 3318 exercitu
1435 3305 1449 3331 ,
1504 3281 1534 3319 e
1563 3264 1768 3322 Graecia

179 3343 341 3398 venit
370 3343 425 3397 in
455 3344 848 3413 Macedoniam,
881 3350 1157 3420 regionem
1182 3353 1290 3422 jam
1328 3367 1439 3408 tum
1473 3357 1766 3421 celebrem,

178 3434 375 3506 ibique
416 3439 687 3507 regnavit,
719 3449 772 3494 et
803 3443 951 3510 regni
982 3458 1333 3501 successores
1370 3447 1558 3504 habuit
1597 3465 1771 3521 usqre

180 3529 251 3582 ad
304 3530 644 3601 Philippum.
697 3531 900 3587 Confer
947 3532 1153 3590 Iulium
1212 3535 1460 3592 Sulinum
1498 3554 1621 3610 cap.
1661 3543 1766 3607 15,

181 3621 464 3678 Iulianum
497 3624 630 3694 imp.
673 3625 726 3679 in
759 3626 1022 3682 Encomio
1061 3628 1329 3698 Eusebiae,
1358 3629 1636 3686 Iustinum
1671 3632 1765 3689 lib.

183 3728 281 3774 vn,
323 3729 446 3784 cap.
486 3715 537 3770 ί.
574 3714 820 3786 Denique
869 3727 924 3774 et
976 3719 1225 3777 laudatos
1269 3721 1547 3791 Sit-aligero
1594 3721 1768 3779 Theo—

181 3808 410 3872 critum,
435 3816 491 3862 et
508 3806 723 3862 Paulini
742 3825 982 3876 versum,
1003 3812 1466 3887 cit‘anteAusonio
1484 3816 1642 3884 epist.
1663 3817 1726 3871 I9
1751 3836 1763 3871 :

372 3941 437 3992 Et
456 3941 693 4004 Caranus,
722 3942 886 3993 Peleia
905 3942 1042 3994 dedit
1061 3944 1147 4007 qui
1174 3946 1371 3996 nomina
1390 3960 1585 4011 regum.

183 4045 414 4103 Fallitur
447 4047 683 4103 Velleius
709 4046 1030 4104 Paterculus
1063 4051 1158 4105 lib.
1194 4067 1234 4116 ι,
1264 4067 1385 4122 cap.
1419 4053 1452 4106 6
1480 4093 1494 4115 ,
1532 4055 1622 4108 ubi
1654 4052 1764 4109 Ca-

183 4159 379 4196 ranum
405 4152 614 4197 sextum
647 4143 905 4197 decimum
933 4146 999 4198 ab
1030 4146 1254 4199 Hercule
1286 4156 1572 4214 recenset,
1603 4157 1765 4220 atque

184 4235 314 4290 inde
338 4234 588 4305 Magnum
618 4234 978 4289 Alexandrum
1007 4239 1286 4306 septimum
1311 4238 1568 4292 decimum
1593 4257 1611 4294 :
1635 4255 1762 4295 nam

185 4326 521 4391 Phidonem,
565 4340 676 4390 quo
707 4326 776 4381 de
815 4341 980 4396 supra
1013 4327 1276 4394 diximus,
1313 4327 1508 4384 Carani
1541 4329 1764 4386 fratrem

184 4416 471 4472 ἑνδέκατον
488 4411 582 4481 ἀφ’
624 4414 954 4485 Ἡρακλέους
975 4417 1266 4481 exstitisse.
1287 4432 1409 4474 cum
1437 4419 1765 4475 alia-monu-

183 4516 388 4573 menta,
439 4516 553 4561 tum
597 4521 837 4563 marmor
869 4508 1320 4564 Arundellianum
1373 4519 1427 4566 et
1481 4510 1762 4583 Syncellus

183 4610 319 4657 ιεδιιι
327 4616 360 4654 II
369 4610 421 4656 ιιι
429 4616 455 4654 l'
462 4639 475 4655 .

249 4714 388 4770 Ibid.
431 4713 702 4769 Triremis.
751 4712 972 4770 Confert
1007 4713 1251 4786 Scaliger
1279 4713 1450 4770 ferme
1478 4731 1602 4771 cum
1653 4720 1761 4786 pri-

184 4823 269 4860 mo
294 4806 547 4860 Palatino
582 4822 684 4862 ius.
742 4813 879 4862 hanc
933 4807 1246 4876 periocham
1291 4807 1346 4860 in
1385 4823 1535 4862 num.
1573 4809 1754 4877 I230;

182 4913 466 4967 perperam
499 4913 628 4953 vero
665 4898 812 4970 legit,
842 4899 1054 4969 navigat
1081 4897 1134 4953 in
1161 4897 1473 4954 Corinthum
1502 4941 1517 4965 ,
1570 4915 1668 4970 pro
1703 4905 1758 4956 in

174 4991 431 5046 Corintho
458 5007 474 5044 :
507 5001 558 5046 et
592 5006 753 5059 quem
779 4992 1013 5060 denique
1037 5005 1257 5046 sensum
1283 4991 1397 5060 ipse
1418 4992 1753 5064 depravavit,

173 5098 266 5150 per
299 5099 570 5138 summam
604 5084 858 5152 iniuriam
910 5083 1142 5138 Eusebio
1180 5094 1526 5152 exproperat.
1584 5084 1754 5139 Porro

171 5191 291 5246 qua:
343 5177 410 5232 de
459 5177 764 5230 triremium
795 5177 936 5246 apud
969 5186 1178 5231 veteres
1210 5176 1616 5230 constructione
1648 5218 1663 5243 ,
1699 5187 1753 5232 et

170 5271 380 5333 causis,
421 5282 520 5322 cur
551 5270 624 5322 ita
658 5268 816 5323 dicta:
845 5269 977 5333 sint,
1009 5267 1274 5337 disputat,
1303 5267 1478 5321 otiosa
1509 5267 1598 5322 illa
1626 5271 1752 5338 qui-

169 5362 292 5417 dem
319 5405 336 5428 ,
401 5371 458 5415 et
507 5375 627 5429 qua:
684 5377 873 5430 parum
925 5369 1019 5414 aut
1051 5360 1182 5413 nihil
1219 5357 1286 5413 ad
1320 5357 1610 5414 Euscbiani
1645 5361 1749 5417 loci

169 5453 587 5524 intelligentiam
617 5453 819 5508 faciunt
842 5492 858 5518 ,
906 5460 1017 5504 tum
1049 5466 1179 5505 vero
1211 5450 1445 5506 absurda
1481 5460 1535 5506 et
1566 5451 1701 5506 falsa
1733 5491 1747 5517 ,

166 5561 294 5600 cum
333 5560 525 5599 earum
559 5545 778 5598 navium
811 5541 1166 5599 dili'erentiam
1202 5540 1254 5594 in
1291 5556 1564 5596 remorum
1603 5544 1748 5596 ordi-

168 5640 332 5695 nibus
362 5649 416 5694 et
442 5655 671 5694 numero
695 5639 1056 5692 tabulatorum
1082 5634 1384 5700 constituit,
1422 5645 1478 5690 ut
1508 5636 1744 5706 remiges

167 5733 251 5786 alii
332 5731 456 5786 aliis
520 5733 670 5801 juxta
725 5729 1065 5783 altitudinem
1108 5727 1487 5782 incumberent
1523 5744 1536 5782 :
1572 5735 1745 5798 atque

165 5822 308 5872 unus
339 5819 472 5874 ordo
502 5819 723 5887 pr0pior
787 5830 939 5884 aquae
967 5820 1108 5868 esset
1137 5852 1153 5880 ,
1192 5813 1456 5885 superior
1528 5815 1743 5885 propior

493 5917 762 5974 ΡΑτιιοι..
814 5910 1074 5973 XXVII.

1881 1959 2012 2016 Erat
2045 1978 2244 2033 nempe
2273 1965 2402 2019 illud
2433 1980 2736 2020 convexum
2778 1969 3150 2037 pavimentum
3205 1975 3358 2026 navis
3393 1974 3459 2028 ad

1881 2051 2052 2108 ferme
2089 2055 2237 2110 dorsi
2270 2041 2471 2110 asinini
2503 2058 2762 2125 formam,
2803 2068 2864 2114 ut
2898 2063 2990 2129 qui
3024 2078 3294 2116 summam
3326 2067 3459 2118 remi

1879 2154 2086 2212 partem
2119 2147 2426 2216 impellebat
2457 2163 2489 2202 e
2517 2150 2696 2204 medio
2724 2162 3111 2208 catastromate
3130 2193 3146 2218 ,
3176 2155 3336 2208 altior
3351 2171 3460 2212 ca:-

1879 2236 2008 2291 teris
2041 2247 2188 2292 esset
2221 2256 2234 2292 :
2269 2240 2360 2308 qui
2390 2240 2638 2308 proxime
2663 2243 3016 2313 jungebatur,
3050 2247 3211 2315 paulo
3252 2249 3454 2314 minus,

1879 2334 2040 2397 atque
2071 2329 2146 2383 ita
2176 2330 2434 2400 deinceps
2469 2331 2537 2400 ad
2577 2335 2798 2388 tertium
2831 2351 3023 2405 usque,
3062 2349 3154 2391 aut
3176 2349 3453 2408 quartum,

1877 2428 1972 2474 aut
2013 2421 2290 2490 quintum,
2333 2435 2464 2490 etc.,
2497 2424 2821 2495 dejectiores
2850 2479 2866 2502 ,
2898 2445 3006 2499 quo
3045 2433 3218 2500 magis
3250 2433 3458 2488 extimo

1875 2514 2033 2568 navis
2067 2513 2222 2569 lateri
2251 2517 2600 2573 accedebant.
2639 2519 2693 2574 Id
2763 2531 2850 2576 est
2913 2525 3060 2593 quod
3095 2525 3245 2601 νῆις.
3275 2527 3371 2583 lib.
3421 2541 3456 2582 ν

1875 2603 2137 2660 ᾹΕιιείιΙοε
2167 2608 2338 2672 canit,

2146 2717 2352 2784 Triplici
2381 2721 2537 2782 pubes
2555 2736 2698 2784 quam
2736 2724 2955 2775 Dardana
2985 2740 3134 2778 versu

2028 2832 2032 2836 ν
2055 2777 2339 2842 Impediunt,
2374 2777 2554 2844 triplici
2573 2777 2882 2847 consurgunt
2905 2777 3096 2840 ordine,
3125 2793 3268 2842 remi.

1871 2900 1937 2954 Et
1963 2899 2219 2958 Lucanus
2249 2905 2316 2959 de
2337 2904 2676 2971 Quadriremi
2709 2908 2806 2964 lib.
2842 2925 2896 2964 ιιι
2933 2928 2947 2964 :

2020 3033 2251 3144 gnosque
2297 3042 2474 3097 quater
2515 3051 2727 3100 surgens
2785 3041 3027 3090 exstructi
3047 3042 3252 3105 remigis
3271 3047 3394 3097 ordo

2063 3102 2331 3144 ommovet.
2360 3106 2412 3144 et
2435 3105 2577 3144 terno
2603 3110 2907 3144 consurran
2924 3104 3096 3144 ordine
3119 3109 3260 3144 rme

2063 3102 2331 3158 ommovet,
2360 3106 2412 3147 et
2435 3105 2577 3148 terno
2603 3110 2907 3164 consurgunt
2924 3104 3096 3152 ordine
3119 3102 3262 3155 remi.

1799 3213 1838 3269 ο
1877 3192 2074 3248 Verum
2106 3194 2242 3262 haec,
2285 3211 2354 3253 ne
2398 3199 2774 3257 dissimulasse
2808 3203 3084 3285 videamur
3112 3241 3127 3268 ,
3167 3222 3287 3276 quae
3317 3206 3454 3263 Sca-

1877 3284 2014 3354 liger
2043 3287 2252 3356 prolixa
2283 3291 2536 3347 oratione
2585 3303 2778 3347 contra
2815 3284 3059 3366 Baylium
3108 3309 3452 3356 commentus

1875 3384 1958 3430 est
1993 3392 2006 3428 :
2042 3377 2085 3431 si
2122 3380 2270 3432 enim
2303 3394 2577 3449 exponere
2613 3397 2714 3452 pro
2739 3399 2804 3439 eo
2837 3395 3004 3454 atque
3037 3399 3316 3443 merentur
3352 3404 3452 3444 ve-

1875 3465 1966 3520 lim
1992 3505 2008 3532 ,
2061 3468 2242 3522 relatis
2281 3469 2388 3524 huc
2431 3459 2673 3526 veterum
2702 3511 2716 3536 ,
2761 3483 2816 3528 et
2873 3490 2993 3528 cum
3024 3477 3214 3543 primis
3247 3478 3452 3547 Vegetii

1873 3565 1926 3612 et
1944 3556 2232 3614 Pausaniae
2247 3560 2594 3625 testimoniis,
2612 3563 2698 3616 vix
2717 3564 2936 3618 demum
2963 3565 3121 3632 longo
3153 3566 3451 3622 Commen-

1874 3652 2014 3705 tario
2041 3651 2348 3721 expediam.
2401 3652 2555 3718 Quod
2587 3654 2749 3725 igitur
2785 3665 2961 3710 textus
2995 3656 3284 3711 lectionem
3318 3673 3450 3728 spe-

1871 3751 2003 3810 ctat,
2031 3759 2180 3808 eum,
2213 3754 2271 3799 ut
2304 3759 2448 3800 nunc
2483 3755 2586 3810 est,
2615 3747 2903 3800 verborum
2937 3747 3144 3816 aliqum
3169 3749 3450 3818 trajectio-

1873 3853 1938 3891 ne
1964 3838 2213 3893 laborare
2244 3838 2503 3896 arbitror.
2535 3837 2767 3904 Quidam
2795 3854 2926 3895 mss.
2961 3841 3164 3906 trieres,
3199 3853 3254 3896 et.
3283 3846 3445 3898 trire-

1872 3929 2009 3996 mis"
2059 3944 2159 3999 pro
2185 3930 2358 3984 trieris
2392 3928 2595 3985 habent
2618 3969 2634 3996 ,
2661 3941 2716 3984 et
2744 3933 2979 4001 navigat,
3014 3947 3114 4009 pro
3134 3935 3448 4003 navigatio:

1871 4034 2059 4075 verum
2092 4021 2428 4089 haec‘eodem
2481 4021 2770 4089 recidunt,
2817 4039 2918 4078 nec
2952 4025 3289 4080 restituendo
3325 4027 3448 4084 loco

1823 4151 1827 4154 -
1871 4111 2164 4167 suﬂiciunt.
2197 4109 2266 4166 In
2304 4112 2556 4168 Corintho
2587 4115 2734 4184 quod
2759 4114 2956 4170 dicitur
2979 4155 2994 4180 ,
3043 4116 3115 4170 ita
3165 4117 3400 4188 accipito
3423 4157 3442 4186 ,

1871 4214 1931 4260 ut
1959 4206 2028 4260 ab
2061 4217 2124 4261 ea
2152 4205 2373 4260 civitate
2418 4207 2473 4260 in
2526 4208 2660 4261 alias
2702 4223 2827 4261 oras
2863 4209 3036 4275 prima
3073 4211 3314 4267 triremis
3345 4227 3446 4265 na-

1870 4298 2088 4367 vigarit.
2120 4297 2276 4363 Quod
2305 4306 2486 4353 autem
2518 4300 2746 4368 primam
2779 4309 2937 4354 vocat
2965 4341 2980 4366 ,
3013 4316 3137 4355 cum
3183 4303 3274 4356 diu
3321 4312 3446 4359 ante

1869 4389 1938 4444 ad
1969 4404 2122 4446 num.
2151 4389 2274 4456 8H,
2309 4391 2519 4443 trierem
2554 4390 2940 4462 Tyrrhenorum
2968 4391 3202 4463 Scyllam
3236 4411 3442 4450 inemo-

1875 4481 2027 4548 rarit,
2059 4480 2206 4538 istud
2237 4495 2332 4551 per
2365 4481 2634 4552 πρόληψιν
2672 4483 2877 4537 dictum
2913 4494 3061 4551 puta,
3103 4496 3161 4540 ut
3198 4494 3281 4545 ist
3311 4485 3442 4543 illud

1874 4574 2019 4643 quod
2055 4574 2257 4628 dudum
2287 4574 2630 4629 laudavimus
2669 4589 2737 4630 ex
2769 4573 3020 4646 Virgilio,

2103 4685 2306 4750 Tripliei
2335 4697 2640 4751 consurgunt
2671 4688 2845 4747 ordine
2880 4692 3035 4750 remi;

1862 4797 1918 4852 in
1965 4812 2126 4868 quem
2174 4799 2353 4854 locum
2411 4810 2594 4855 monet
2639 4800 3170 4869 Schurzlleischius,
3225 4805 3438 4859 consuli

1860 4888 2147 4945 Brodaeum
2208 4891 2304 4946 lib.
2340 4907 2398 4946 ιιι
2455 4892 2663 4948 Miscel.
2717 4910 2837 4964 cap.
2869 4895 2944 4957 3,
2999 4906 3053 4949 et
3111 4898 3430 4953 Albericuut

1859 4984 2110 5054 gentilem
2146 4984 2270 5039 lect.
2306 4983 2584 5055 Virgilian.
2641 5000 2762 5056 cap.
2812 4986 2865 5041 5.
2929 4986 3182 5043 Dicemus
3211 5005 3309 5045 nos
3332 4989 3435 5044 ite-

1859 5091 1979 5130 rum
2015 5078 2114 5130 bac
2157 5077 2221 5131 de
2251 5076 2479 5130 historia
2507 5076 2574 5130 ad
2606 5077 2912 5147 ()lympiad.
2945 5080 3263 5134 secundam.

1925 5169 2040 5224 Col.
2072 5168 2197 5224 349.
2243 5168 2527 5224 nsorthon.
2565 5169 2739 5225 Penes
2766 5170 3084 5227 Africanum
3116 5214 3132 5239 ,
3188 5175 3331 5244 quod
3376 5185 3431 5231 et

1854 5262 2128 5333 Scaligero
2161 5271 2402 5317 notatum
2432 5271 2535 5324 est,
2593 5261 2835 5332 Ὀσορχῶ
2855 5263 3077 5334 dicitur,
3105 5251 3270 5336 eique
3297 5272 3423 5320 anni

1854 5359 2110 5413 duntaxat
2144 5364 2266 5411 octo
2297 5355 2638 5410 tribuuntur.

1875 5491 1878 5493 -
1925 5449 2060 5506 Ibid.
2112 5449 2354 5507 Amulius
2403 5447 2620 5503 Silvius.
2675 5447 2792 5506 lluc
2843 5451 2998 5521 jubet
3048 5449 3318 5507 Pontacus
3363 5449 3420 5506 In

1850 5538 2188 5610 corrigendis
2223 5536 2411 5592 referri
2444 5539 2761 5606 periocham
2814 5540 2882 5594 de
2920 5539 3070 5594 Remi
3099 5554 3162 5595 ac
3197 5542 3411 5596 Romuli

1849 5643 1994 5694 ortu,
2042 5645 2200 5698 quam
2241 5628 2383 5684 infra
2416 5630 2582 5686 habes
2612 5631 2679 5684 ad
2715 5632 2867 5687 num.
2906 5631 3063 5687 1245.
3119 5632 3423 5704 Praeposte-

1849 5736 1967 5776 rum
2002 5730 2178 5774 autem
2210 5719 2311 5774 hoc
2337 5720 2514 5775 visum
2538 5731 2622 5776 est
2649 5720 2786 5788 ﬁeri,
2818 5737 2993 5791 neque
3021 5724 3154 5778 adeo
3177 5727 3422 5782 obsecuti

1848 5828 2076 5879 sumus;
2114 5826 2237 5866 nam
2281 5820 2338 5866 et
2374 5811 2576 5867 dudum
2627 5813 2881 5870 laudatus
2919 5812 3287 5889 l-Iieron3mus
3335 5835 3423 5890 ep.

2950 5910 3030 5971 28

3215 611 3372 649 sumn
3398 611 3466 650 us
3520 663 3527 668 _
