3932 6188
527 315 635 375 δἿὸ

1777 303 2186 364 VALLARSII
2227 302 2464 364 NOTIE.

3599 306 3702 369 876'

524 431 615 497 I8,
645 430 715 490 ad
747 431 990 493 Damas.,
1019 434 1240 483 somniet
1275 396 1606 478 recensionis
1637 417 1944 489 lidejussor.
1971 426 2086 486 post
2118 429 2159 490 Α
2190 432 2474 472 numerum
2511 415 2871 470 Ensebianum
2915 413 3047 468 1612
3073 457 3086 480 ,
3124 422 3371 484 supputat
3401 431 3551 472 annos
3575 420 3684 484 tuo.

523 523 668 579 Ozia:
695 531 934 586 mortem,
968 516 1252 572 Romulum
1278 513 1506 572 Romani
1528 509 1735 580 imperii
1763 509 2085 572 conditorem

521 626 710 670 natura
740 627 852 670 esse
880 650 894 674 ,
924 624 990 666 ex
1028 609 1128 662 hoc
1155 607 1276 675 ipso.
1307 605 1631 673 Temporum
1665 602 1806 660 libro
1835 609 2083 658 testatur.

512 703 680 759 Porro
717 701 1000 773 Syncellus
1034 699 1181 755 solos
1208 695 1309 770 λβ’,
1344 695 1564 762 triginta
1611 693 1773 757 duos,
1811 691 1962 760 regni
1993 704 2087 744 an-

514 811 618 850 nos
648 794 862 847 Amulio
896 788 1105 847 tribUit.

597 885 731 940 Ibid.
766 881 1010 954 Scaliger
1038 878 1303 954 praeponit
1328 875 1571 950 proxime
1599 871 1816 926 Amulio
1845 871 1984 925 hanc
2019 869 2087 924 de

512 981 793 1035 Numitore
825 974 1108 1030 historiam
1138 1011 1154 1040 ,
1189 984 1353 1042 quam
1405 975 1460 1022 et
1499 966 1596 1021 abs
1628 964 1958 1033 Hieronymo
1993 977 2082 1022 as-

516 1081 698 1128 sutam
731 1068 919 1133 fuisse,
952 1064 1175 1134 propius
1208 1061 1274 1116 ad
1299 1071 1485 1114 verum
1522 1055 1710 1110 sentit.
1742 1052 1892 1122 Legit
1925 1065 2086 1135 porro

516 1158 782 1214 adiimndi
810 1163 996 1224 partus
1032 1151 1233 1224 gratia,
1267 1164 1362 1218 pro
1399 1144 1690 1199 adimenda:
1723 1144 1833 1209 spei
1858 1152 2042 1211 partus
2069 1181 2085 1203 ,

515 1263 621 1307 etc.
657 1267 672 1305 :
704 1250 847 1318 quod
898 1243 1104 1300 rectius
1161 1241 1331 1296 multo
1380 1239 1577 1302 habet,
1626 1234 1841 1290 tametsi
1877 1233 2088 1287 videtur

517 1335 976 1396 Sclinrzllcischio
1029 1347 1130 1386 vox
1160 1340 1347 1401 partus
1376 1328 1603 1382 lortasse
1636 1323 1958 1395 glossatoris
1988 1323 2090 1376 ali-

515 1435 672 1503 cujus
705 1447 824 1485 esse
851 1468 865 1492 ,
913 1426 1056 1496 quod
1093 1425 1219 1478 olim
1258 1420 1460 1491 posteri
1489 1433 1676 1472 omnes
1714 1417 1825 1487 spei
1867 1415 2090 1474 nomine

515 1524 762 1578 venirent
798 1537 811 1574 :
847 1532 956 1572 tum
988 1517 1156 1572 electa
1186 1514 1313 1586 legit
1343 1527 1440 1582 pro
1475 1510 1608 1563 lecta
1635 1549 1649 1573 ,
1683 1518 1736 1564 et
1780 1524 1900 1560 cum
1931 1504 2090 1574 septi-

514 1635 597 1671 mo
641 1615 818 1686 patrui
841 1627 977 1664 anno
1004 1647 1018 1672 ,
1068 1623 1164 1680 pro
1222 1598 1464 1660 uicesimo
1500 1602 1720 1670 septimo
1757 1600 1923 1669 (quod
1960 1611 2090 1651 sane

515 1726 623 1763 non
658 1705 927 1760 modicum
980 1700 1274 1754 discrimen
1311 1697 1416 1766 est)
1453 1694 1630 1762 patrui
1683 1694 1765 1746 sui
1810 1706 1948 1744 anno
1975 1731 1992 1756 ,
2034 1696 2088 1742 et

2190 522 2328 577 quos
2358 505 2406 563 si
2434 505 2502 559 ab
2534 519 2596 560 eo
2624 519 2850 557 numero
2880 501 3134 556 detrahas
3157 541 3171 564 ,
3229 515 3452 558 remanet
3481 517 3688 564 ttttttterus

2191 603 2330 658 1212
2356 643 2371 668 ,
2419 602 2507 658 vix
2553 616 2747 654 norem
2789 599 2966 662 annis,
2997 612 3118 668 quae
3149 596 3407 652 levissima
3438 597 3690 660 dilierentia

2189 707 2293 758 est,
2329 694 2581 764 praesenti
2619 691 2926 748 Eusebiano
2958 693 3194 749 brevior.

2261 788 2394 844 Ibid.
2431 787 2630 843 Selium
2653 804 2825 842 mense
2861 802 2983 840 uno.
3025 786 3261 855 Scaliger
3290 789 3394 844 dies
3426 797 3520 843 tm
3541 789 3645 858 legit
3678 809 3690 846 :

2189 881 2412 939 omnino
2435 889 2614 936 autem
2643 883 2860 951 triginta
2892 879 3261 950 supputandos
3287 894 3420 944 esse,
3440 895 3550 938 cum
3577 880 3696 938 Grn-

2188 987 2283 1028 cus
2315 972 2456 1040 apud
2493 971 2802 1040 Syncellum
2833 978 3014 1025 textus
3038 1009 3054 1031 ,
3107 979 3220 1024 tum
3263 969 3483 1024 maxime
3513 986 3697 1038 persua-

2189 1064 2278 1118 det
2310 1064 2371 1122 IV
2412 1062 2545 1135 Reg.
2577 1079 2720 1119 xxxv
2743 1103 2760 1128 ,
2804 1064 2898 1122 3t.
2948 1062 3050 1127 Qui
3095 1063 3434 1130 subsequitur
3462 1060 3696 1118 Manabctn

2193 1155 2474 1210 verissime
2498 1155 2700 1208 dicitur
2731 1153 2964 1208 Eusebio
2999 1153 3127 1206 solis
3148 1157 3328 1205 decem
3351 1152 3498 1206 annis
3524 1169 3701 1222 regnas-

2191 1261 2250 1299 se
2282 1261 2296 1299 :
2335 1247 2679 1318 exaggeranti
2737 1261 2864 1301 vero
2900 1253 3096 1314 przeter
3151 1243 3289 1299 sacri
3339 1253 3504 1297 textus
3533 1242 3659 1299 fidem
3685 1283 3704 1312 ,

2191 1336 2479 1406 Syncellus
2520 1346 2574 1389 et
2624 1334 2882 1390 Chronici
2923 1333 3202 1390 Paschalis
3235 1343 3459 1397 auctor,
3503 1342 3552 1388 ut
3597 1334 3704 1389 alios

2191 1444 2335 1485 nunc
2365 1437 2676 1497 praeteream
2708 1467 2726 1493 ,
2758 1428 2850 1496 qui
2913 1425 3198 1484 duodecim
3259 1424 3332 1480 illi
3383 1439 3541 1479 annos
3581 1425 3702 1484 elar-

2190 1520 2432 1592 giuntur.

2259 1607 2389 1664 Col.
2406 1608 2528 1662 551.
2553 1606 2796 1664 Telestes.
2819 1605 3250 1673 DiodoroSiculo
3266 1606 3402 1676 apud
3426 1604 3700 1676 Syncellum,

2193 1700 2557 1754 Alexandrum
2594 1702 2885 1755 sustulisse
2936 1700 3023 1754 hic
3051 1699 3292 1753 traditur
3318 1739 3333 1764 ,
3389 1704 3474 1770 qui
3525 1708 3704 1766 paterno

518 1817 640 1854 mox
687 1799 744 1849 in
780 1807 944 1860 terra,
979 1807 1078 1862 pro
1113 1791 1166 1844 in
1204 1798 1420 1842 terram.
1452 1789 1530 1839 Ad
1571 1786 1682 1838 huic
1700 1785 1863 1851 juxta
1898 1782 2090 1849 ripam,
2128 1791 2172 1850 Β
2203 1809 2369 1859 regno
2403 1793 2571 1846 elisus
2605 1793 2798 1859 [uel-ar,
2830 1804 2935 1850 ειο,

515 1906 613 1959 pro
643 1902 799 1956 prope
831 1902 848 1940 .'
887 1881 1121 1951 denique
1146 1923 1161 1945 ,
1199 1878 1345 1931 Unde
1375 1878 1443 1931 ad
1475 1888 1708 1929 nostram
1738 1875 2043 1928 memoriam
2073 1913 2088 1938 ,

519 1998 617 2050 pro
652 1983 915 2046 impressa
942 1977 1006 2027 let
1025 1974 1196 2036 tione,
1223 1971 1448 2039 Propter
1475 1970 1611 2038 quod
1647 1971 1714 2020 ad
1738 1977 1973 2020 nostram
2001 1981 2093 2017 us-

516 2088 615 2142 que
648 2070 952 2123 memoriam
982 2105 996 2129 ,
1055 2079 1220 2133 quam
1280 2071 1335 2116 et
1368 2062 1663 2131 praeferunt
1699 2059 1821 2114 libri
1850 2059 2096 2132 plerique

520 2179 730 2218 omnes.

590 2253 726 2308 Ibid.
771 2251 1103 2320 Agamestor.
1149 2243 1464 2314 Hieronymi
1494 2240 1673 2295 locum
1705 2240 1758 2294 in
1788 2237 1946 2308 epist.
1988 2235 2054 2291 I8
2077 2276 2092 2302 ,

520 2346 586 2400 ad
626 2346 914 2398 Damasum
939 2382 952 2403 ,
987 2341 1050 2395 de
1079 2337 1392 2408 Seraphim,
1429 2336 1518 2396 ubi
1543 2332 1913 2403 Agamestoris
1948 2344 2100 2384 men-

521 2438 596 2488 tio
625 2441 708 2487 est
734 2469 749 2494 ,
801 2429 1046 2500 Scaliger
1081 2443 1146 2481 ex
1198 2433 1455 2492 corrupto
1487 2421 1783 2491 exemplari
1817 2419 1980 2489 legit,
2029 2432 2098 2472 ex

523 2539 633 2595 quo
663 2522 794 2593 quid
823 2521 930 2576 sibi
965 2520 1090 2573 velit
1124 2517 1183 2571 S.
1220 2517 1437 2579 Domor,
1469 2531 1527 2569 se
1561 2513 1762 2568 fatetur
1799 2527 1906 2566 non
1939 2509 2100 2580 intel-

523 2615 705 2686 ligere.
741 2610 916 2666 Verba
961 2612 1071 2680 jam
1103 2608 1390 2663 emendata
1444 2607 1603 2673 digna
1648 2613 1777 2659 sunt
1829 2617 1950 2674 quae
2009 2603 2098 2657 hic

523 2707 904 2760 describantur
951 2720 965 2755 :
1010 2701 1262 2770 Regnavit
1313 2698 1474 2753 Ozias
1525 2699 1678 2758 annis
1715 2695 2098 2766 quinquaginta

523 2799 728 2852 duobus
757 2839 770 2860 ,
817 2812 918 2866 quo
947 2804 1175 2861 tempore
1207 2794 1344 2859 apud
1385 2789 1601 2843 Latinos
1636 2788 1912 2850 Amulius,
1952 2787 2100 2855 apud

528 2891 864 2942 Athenienses
894 2891 1202 2955 Agameator
1230 2883 1534 2938 undecimus
1563 2881 1825 2950 (Scaliger
1849 2879 1975 2948 legit
1997 2894 2101 2931 un-

527 2982 694 3034 decim
726 2982 898 3040 annis,
931 2978 1226 3035 manifesto
1256 2975 1411 3044 vitio)
1438 2973 1751 3042 imperabat.
1791 2969 1918 3025 Post
1948 2973 2100 3037 cujus

527 3083 744 3124 mortem
778 3071 952 3124 Isaias
977 3070 1230 3139 propheta
1266 3075 1401 3120 hanc
1441 3067 1715 3128 uisionem,
1740 3081 1896 3134 quam
1919 3067 2102 3131 expla-

529 3180 656 3217 nare
687 3178 821 3214 nunc
865 3163 1107 3224 nitimur,
1139 3159 1269 3214 vidit
1302 3199 1317 3222 ,
1360 3159 1417 3211 id
1449 3167 1525 3212 est
1549 3197 1564 3224 ,
1598 3172 1658 3210 eo
1689 3171 1827 3210 anno
1862 3171 1962 3224 quo
1996 3153 2104 3208 Ro-

531 3255 702 3306 mulus
735 3250 960 3304 Romani
992 3251 1197 3317 imperii
1227 3248 1470 3302 rouditor
1491 3259 1646 3301 natus
1675 3255 1793 3310 est;
1824 3246 1956 3304 sicut
1995 3260 2113 3300 ma—

529 3344 774 3413 nifestum
797 3359 905 3395 esse
931 3342 1124 3405 poterit
1147 3340 1228 3392 Itis
1277 3339 1369 3408 qui
1399 3337 1657 3392 uoluerint
1689 3337 1858 3405 legere
1885 3333 2112 3402 Tempo-

531 3456 652 3492 rum
687 3439 903 3500 librum,
929 3449 1080 3505 quem
1105 3450 1198 3487 nos
1235 3435 1291 3484 in
1323 3431 1570 3485 Latinam
1604 3429 1842 3499 linguam
1867 3441 1932 3482 es
1963 3424 2111 3482 Grae-

530 3546 588 3582 co
613 3544 850 3583 sermone
897 3525 1295 3578 transtulimus.
1348 3520 1680 3575 Perturbant
1716 3534 1843 3573 vero
1871 3516 2110 3572 calculos

530 3620 990 3688 chronologorum
1025 3614 1275 3684 pra-toris
1312 3612 1480 3681 hujus
1502 3611 1630 3672 anni
1654 3649 1669 3675 ,
1699 3611 1750 3662 in
1784 3607 1982 3676 quibus
2007 3621 2111 3661 an-

532 3713 786 3765 nutandis
822 3709 994 3762 satius
1023 3716 1215 3775 putare
1245 3715 1348 3768 eat,
1390 3712 1675 3772 peccatum
1705 3700 1872 3758 fuisse
1900 3698 2109 3769 jamdiu

530 3809 662 3854 olim
696 3817 726 3854 a
765 3798 1002 3854 librariis
1029 3837 1044 3861 ,
1093 3812 1255 3865 quam
1310 3794 1453 3860 quod
1507 3791 1800 3862 Cappellns
1827 3800 1992 3859 atque
2017 3789 2108 3845 alii

531 3890 741 3945 faciunt
765 3929 782 3954 ,
827 3903 922 3942 cos
956 3887 1046 3956 qui
1071 3883 1426 3954 subsequenti
1459 3881 1720 3953 Eschylo
1751 3883 2108 3948 tribuuntur,

532 3983 872 4034 imminuere.
907 3979 1033 4048 Ejus
1067 3978 1273 4033 erroris
1304 3976 1508 4031 indicio
1531 3985 1616 4030 est
1643 3976 1821 4043 ipsum
1847 3973 2104 4042 antiquo-

535 4089 656 4130 rum
695 4073 1008 4136 dissidium;
1047 4084 1167 4122 nam
1205 4082 1300 4137 pro
1335 4067 1523 4136 viginti
1554 4066 1734 4131 annis,
1765 4079 1906 4134 quos
1934 4063 2100 4121 Euse-

534 4165 656 4216 bius
689 4173 862 4231 putat,
899 4158 1181 4230 Syncellus
1214 4159 1360 4212 solos
1395 4158 1642 4226 ascribit,
1671 4158 1856 4214 decem
1907 4165 1964 4210 et
2015 4171 2109 4214 se!

529 4269 699 4322 piem.
738 4253 1001 4320 Nutatque
1037 4261 1292 4320 praeterea
1315 4249 1450 4304 alios
1479 4263 1600 4303 esse
1625 4257 1903 4315 auctores,
1917 4247 2010 4318 qui
2038 4247 2109 4304 ad

530 4346 891 4416 quadraginta
966 4358 1138 4414 usque
1195 4351 1542 4412 exaggerant.
1609 4342 1808 4398 Confer
1863 4357 1989 4412 qua
2037 4343 2110 4399 de.

531 4435 780 4501 Aischyli
810 4437 970 4490 annis
1011 4448 1134 4486 mox
1170 4432 1437 4487 dicemus.

441 4596 448 4604 ,
599 4533 716 4585 Col.
750 4529 877 4582 549.
898 4526 1121 4596 Lycurgi
1147 4527 1306 4595 leges.
1327 4526 1640 4582 Parmensis
1666 4540 1772 4582 ms.
1800 4525 1915 4580 huic
1941 4523 2102 4594 plane

441 4607 445 4619 ’
532 4624 738 4677 omittit
770 4636 784 4672 :
822 4620 1030 4689 primus
1064 4616 1348 4670 Palatinus
1376 4627 1499 4688 post
1525 4632 1698 4672 annos
1739 4626 1976 4685 quatuor
2003 4613 2103 4668 dif-

530 4716 638 4770 fett
663 4752 679 4780 ,
739 4712 978 4782 Scaliger
1007 4710 1322 4765 econtrario
1353 4711 1616 4778 anticipat
1647 4709 1824 4764 tribus
1861 4725 1875 4763 :
1917 4707 2101 4762 minus

528 4808 689 4863 etiam
718 4814 862 4860 recte
885 4819 916 4856 a
938 4802 1312 4857 Lacedaemone
1336 4801 1481 4872 legit,
1506 4813 1604 4870 pro
1628 4800 1683 4854 in
1706 4798 2098 4857 Lacedal’mone.

528 4899 711 4954 Graeca
751 4913 815 4952 ex
855 4894 1090 4967 Syncelli
1133 4899 1319 4950 luxato
1348 4894 1750 4966 depravatoque
1799 4893 1918 4947 aliis
1951 4908 2098 4947 men-

528 4992 616 5044 dis
645 4990 792 5043 textu
826 4989 984 5055 paulo
1009 4988 1235 5045 liberius
1265 4987 1606 5050 excudimus,
1647 4994 1808 5055 prout
1839 5000 1924 5040 res
1952 4985 2098 5040 tulit.

523 5079 724 5136 Conler
752 5078 1024 5133 Laertium
1055 5081 1109 5132 in
1142 5078 1354 5143 Solone,
1379 5079 1470 5135 ubi
1505 5078 1769 5136 librorum
1803 5077 2099 5147 Apollodo-

495 5177 574 5227 'ri
641 5172 774 5243 Περὶ
830 5170 1134 5240 νομοθετῶν
1187 5172 1435 5228 meminit
1487 5186 1846 5240 :quanquam
1926 5170 2096 5225 videri

527 5263 700 5332 possit
729 5263 1107 5317 Chronicorum
1156 5262 1417 5316 librorum
1457 5262 1812 5316 intellexisse.
1865 5260 1940 5316 De
1989 5259 2098 5330 Ly-

527 5357 682 5426 curgi
709 5364 865 5410 aetate
901 5371 966 5412 ex
1001 5354 1230 5412 aliorum
1252 5355 1464 5424 placitis
1488 5355 1620 5412 satis
1647 5355 1816 5414 multa
1848 5355 2098 5423 superius

527 5448 783 5503 diximus.
824 5445 1069 5515 Scaliger
1103 5451 1257 5512 putat
1284 5445 1335 5498 id
1373 5445 1549 5516 ipsum
1577 5445 1682 5500 hoc
1715 5454 1925 5515 tempus
1950 5455 2097 5512 esse,

526 5540 667 5603 quod
701 5535 1018 5606 designabat
1048 5534 1412 5604 Thucydides.
1448 5534 1546 5590 llic
1579 5537 1723 5590 enim
1758 5537 1826 5591 ab
1855 5551 1920 5590 eo
1957 5546 2096 5591 tcm-

527 5641 654 5696 pore
677 5665 692 5690 ,
728 5641 834 5694 quo
870 5627 1263 5682 Lacedaemonii
1292 5625 1521 5697 Lycurgi
1557 5607 1764 5698 legibus
1797 5629 1873 5682 uti
1911 5642 2098 5696 coepe-

529 5733 603 5780 re,
633 5719 700 5772 ad
737 5717 892 5773 ﬁnem
926 5719 1049 5774 belli
1079 5717 1546 5788 Peloponnesiaci,
1579 5721 1725 5788 quod
1763 5717 1995 5776 refertur
2028 5719 2094 5774 ad

2265 1884 2393 1938 Cor.
2433 1883 2559 1938 551.
2601 1883 2902 1943 Boccltoris.
2956 1885 3032 1940 De
3062 1886 3377 1952 Boccltore,
3427 1895 3478 1941 et
3508 1885 3588 1955 qui
3611 1885 3706 1941 sub-

2196 1977 2479 2047 sequentis
2509 1977 2774 2048 dynastiat
2797 1978 3032 2048 primum
3070 1979 3285 2034 obtinet
3323 1979 3489 2036 locum
3512 2017 3526 2044 ,
3577 1977 3710 2032 Salia-

2195 2087 2333 2128 cone
2373 2072 2487 2130 hinc
2525 2073 2693 2130 tradit
2721 2073 2988 2134 Diodorus
3021 2091 3035 2127 :
3065 2073 3280 2136 Εείιιάα
3307 2090 3505 2144 regnum
3533 2075 3710 2143 suscepit

2196 2161 2500 2226 Baro/toris,
2544 2181 2758 2236 corpore
2804 2166 2932 2222 exili
2960 2175 3009 2219 et
3046 2166 3290 2237 despecto
3311 2207 3332 2230 ,
3362 2167 3447 2222 sed
3486 2168 3657 2236 ingenio
3675 2173 3712 2218 tt

2197 2252 2482 2318 prudentia
2511 2239 2634 2306 ante
2679 2270 2734 2308 se
2786 2255 2991 2324 regibus
3026 2253 3348 2325 prrecedens.
3398 2253 3518 2318 Post
3559 2252 3712 2310 multa:

2197 2341 2320 2395 hinc
2364 2351 2742 2411 tempestates,
2779 2362 2940 2417 regno
2994 2346 3221 2420 ﬁgypti
3265 2348 3467 2419 prefuit
3517 2345 3712 2405 Sabaeo.

2199 2434 2413 2488 natione
2437 2433 2706 2505 ΑΞιΙιίορε,
2747 2437 2966 2494 deorum
2993 2441 3140 2495 cultu
3169 2450 3220 2494 et
3253 2439 3553 2510 benignitate
3597 2445 3714 2491 aute-

2163 2592 2168 2598 π
2199 2527 2494 2580 cessoribus
2523 2529 2723 2583 cunctis
2749 2530 3015 2598 superior.
3040 2530 3336 2600 Syncellus
3366 2540 3530 2588 autem
3555 2545 3609 2582 ex
3628 2527 3713 2581 En-

2201 2618 2375 2681 sebio,
2398 2619 2552 2674 nullo
2574 2621 2834 2689 temporis
2866 2621 3045 2691 spatio
3063 2621 3416 2693 interposito,
3435 2621 3714 2681 Sabacoaein

2203 2708 2369 2764 tradit
2400 2707 2662 2764 Bocchori
2693 2711 3033 2773 successisse.
3058 2749 3074 2776 ,
3125 2727 3293 2782 quem
3320 2712 3376 2766 in
3405 2711 3714 2781 captivitatem

2201 2799 2481 2854 redactum
2510 2839 2527 2864 ,
2576 2801 2759 2856 vivum
2813 2803 3161 2867 combussit,
3198 2818 3403 2878 proque
3434 2817 3496 2866 eo
3523 2798 3720 2869 regnatit

2201 2890 2360 2945 annis
2387 2902 2532 2945 oeto.
2558 2891 2841 2954 Contraria
2881 2895 3096 2966 utrique
3121 2894 3298 2948 refert
3337 2894 3614 2952 Herodotus
3644 2893 3718 2947 lib.

2203 2996 2264 3044 ti,
2294 2996 2416 3051 cap.
2446 2983 2544 3037 157
2572 3023 2590 3049 ,
2641 2984 2862 3054 vultque
2889 3024 2905 3050 ,
2959 3002 3068 3042 non
3118 2987 3432 3054 Bocchori,
3472 2989 3554 3043 sed
3578 2987 3722 3055 Anyto

2204 3085 2350 3126 caeco
2403 3084 2706 3144 regnante,
2756 3075 3092 3134 Sabaconem
3140 3077 3461 3149 Althiopum
3505 3093 3654 3149 regem
3680 3079 3722 3130 in

2212 3162 2504 3234 A'ngptum
2533 3166 2813 3235 irrupisse,
2845 3182 3022 3238 eoque
3061 3167 3252 3239 fugato
3279 3171 3333 3225 in
3363 3169 3568 3244 paludes
3591 3181 3720 3232 caeo.

2213 3273 2438 3329 regnum
2472 3261 2628 3315 annis
2653 3259 2722 3314 50
2755 3262 3058 3317 obtinuisse
3084 3280 3100 3318 :
3134 3274 3265 3330 post
3285 3280 3418 3334 quos
3443 3263 3721 3332 Ethiopian

2213 3351 2515 3420 repetierit,
2546 3367 2879 3423 rursumque
2906 3367 2937 3407 e
2973 3353 3270 3423 paludibus
3299 3369 3540 3425 egressus
3565 3352 3722 3424 Anysis

2212 3443 2497 3511 imperium
2528 3445 2753 3514 recepit.
2805 3447 2924 3500 Alia
2953 3460 3022 3506 ex
3054 3458 3212 3516 parte
3242 3448 3514 3518 disputant
3542 3445 3721 3502 critico-

2212 3549 2334 3589 rum
2367 3537 2464 3590 lilii
2496 3575 2513 3601 ,
2581 3538 2704 3608 quis
2747 3538 2835 3594 hic
2875 3539 3090 3595 tandem
3125 3537 3345 3596 Sabaeo
3385 3541 3572 3605 fuerit;
3601 3549 3646 3592 et
3667 3535 3720 3590 cl.

2209 3628 2428 3698 quidem
2447 3627 2764 3689 Perizonius
2783 3646 2946 3688 unum
2969 3632 3335 3702 eumdemque
3359 3649 3474 3692 esse
3493 3628 3724 3687 contendit

2209 3728 2333 3769 cum
2361 3715 2641 3772 Taracone
2675 3716 2930 3788 JEthiOpe
2952 3758 2968 3782 ,
3021 3719 3113 3793 qui
3146 3729 3458 3790 postremus
3479 3728 3556 3774 est
3594 3718 3722 3784 hujus

2208 3807 2475 3880 dynastiae
2507 3812 2761 3880 princeps
2797 3829 2810 3864 :
2847 3811 3007 3880 idque
3037 3828 3103 3865 ex
3135 3813 3422 3866 nominum
3475 3808 3722 3864 Sabaconis

2211 3909 2266 3953 et
2297 3899 2595 3956 Taraconia
2643 3901 3000 3956 similitudine
3029 3942 3044 3966 ,
3104 3910 3162 3957 et
3210 3905 3442 3972 quodam
3495 3903 3636 3954 etiam
3677 3897 3718 3948 in

2209 3987 2350 4049 idem
2392 3996 2608 4058 tempus
2642 4005 2933 4054 concursu,
2964 3991 3182 4061 probat.
3223 3992 3279 4052 Id
3312 4007 3438 4048 vero
3467 3991 3626 4060 ipsum
3649 3998 3724 4054 pa-

2209 4079 2360 4136 ribus
2395 4121 2410 4146 ,
2463 4093 2522 4138 ut
2553 4098 2652 4154 ego
2684 4084 2904 4152 quidem
2933 4084 3146 4151 sentio,
3180 4086 3512 4154 argumentis
3536 4083 3644 4136 licet
3666 4077 3724 4129 ire

2209 4174 2423 4230 inﬁcias.
2448 4189 2464 4230 :
2496 4191 2560 4230 ac
2587 4189 2722 4231 sane
2753 4175 2808 4232 in
2839 4184 2987 4237 tanta
3010 4175 3330 4246 opinionum
3354 4176 3592 4232 varietate
3612 4166 3724 4240 quod

2206 4274 2356 4330 certo
2385 4277 2592 4333 teneas,
2628 4268 2763 4326 nihil
2793 4275 2898 4322 est.
2927 4267 3254 4328 Portentum.
3281 4282 3463 4338 porro,
3494 4263 3625 4334 quod
3645 4259 3724 4313 sub

2205 4371 2274 4426 eo
2299 4369 2428 4424 rege
2455 4356 2722 4421 evenisse,
2759 4353 2898 4410 infra
2930 4356 3134 4412 dicitur
3160 4396 3176 4420 ,
3215 4356 3377 4427 longe
3405 4349 3724 4410 incredibilius

2134 4467 2180 4522 ι)
2209 4447 2340 4505 facit
2385 4447 2636 4504 .tElianus
2687 4447 2754 4502 de
2805 4445 3154 4502 Animalibus
3208 4447 3351 4502 libro
3398 4461 3474 4509 ιι,
3517 4451 3722 4510 maguum

2205 4555 2401 4608 nempe
2432 4540 2584 4592 illum
2620 4539 2847 4607 pedibus
2881 4546 3006 4592 octo
3055 4547 3109 4592 et
3137 4539 3314 4592 cauda
3348 4536 3548 4604 gemina
3588 4531 3722 4586 fuisse

2204 4643 2416 4687 natum.

2277 4720 2414 4776 Ibid.
2444 4719 2730 4790 zEsc/oglus
2755 4736 2846 4772 an.
2875 4719 2965 4772 25.
3024 4716 3184 4774 Solos
3233 4727 3414 4771 autem
3443 4707 3725 4784 quattuorde-

2203 4815 2307 4868 cim
2338 4813 2666 4868 annos-huic
2695 4813 2884 4870 tribuit
2909 4812 3192 4882 Syncellus
3215 4851 3230 4873 ,
3280 4812 3417 4881 quod
3448 4809 3511 4861 ab
3535 4804 3723 4858 aliorum

2204 4905 2307 4960 ﬁde
2361 4916 2831 4961 monumentorum
2859 4906 3129 4960 abhorret.
3161 4901 3273 4960 Nec
3307 4900 3564 4974 probarim
3586 4891 3723 4948 ratio-

2203 4999 2568 5071 nes’Cappelli
2597 5041 2611 5064 ,
2663 5001 2754 5067 qui
2781 4998 2968 5053 tribuit
3013 4996 3428 5066 duodeviginti;
3481 4985 3724 5071 manifeste

2202 5092 2346 5144 enim
2379 5092 2672 5146 vicesimus
2691 5091 2808 5160 ejus
2835 5091 3044 5162 primus
3063 5091 3116 5144 in
3145 5099 3447 5142 marmoreo
3475 5070 3723 5138 Oxoniensi

2199 5181 2471 5238 Chronico
2502 5191 2854 5236 memoratur.
2897 5183 3114 5236 Annum
3149 5194 3314 5248 porro
3343 5177 3459 5248 ejus
3482 5179 3718 5241 quartum.

2200 5289 2310 5328 non
2362 5273 2579 5328 tertium
2611 5315 2629 5339 ,
2671 5282 2764 5328 aut
2788 5273 3087 5329 secundum
3118 5286 3241 5324 cum
3270 5269 3438 5336 prima
3459 5253 3717 5333 Olympii!de

2199 5364 2795 5428 committendumesse,
2816 5364 3093 5418 contendit
3112 5360 3416 5416 Dodwellus
3445 5358 3494 5409 in
3516 5359 3715 5408 veterum

2200 5455 2378 5527 Cyclis
2413 5470 2532 5526 pag.
2569 5455 2692 5523 69t,
2724 5470 2883 5525 quem
2918 5454 3084 5509 adito.

2269 5545 2405 5600 Ibid.
2436 5547 2746 5599 Automenes
2772 5561 2860 5597 an.
2900 5545 2949 5598 1.
2993 5544 3152 5598 Addit
3188 5539 3491 5596 Parmensis
3526 5531 3613 5587 insi
3645 5540 3715 5581 uo-

2200 5640 2307 5686 tam
2345 5631 2446 5698 I2,
2491 5632 2634 5700 quod
2672 5647 2856 5685 verum
2885 5641 2968 5685 est
3002 5650 3015 5683 :
3049 5629 3422 5682 duodecimum
3449 5620 3626 5690 quippe
3653 5613 3714 5663 Ιοο

2198 5727 2672 5792 ευιηςΑυιυιυοιιεε
2696 5724 2928 5778 obtinet.
2956 5723 3009 5776 In
3031 5721 3146 5776 aliis
3172 5719 3348 5784 libris,
3375 5724 3502 5769 teste
3525 5708 3714 5764 Schutz-
