3932 6188
221 346 312 408 i7?

1474 342 1794 404 VALLARE

1918 343 2155 408 ΝΟΤΕ.
3337 357 3443 418 878

221 455 476 522 ﬁcisclrio,
509 453 800 528 depravata
819 454 1018 512 dicitur
1043 454 1342 521 Atomenes,
1362 465 1418 512 et
1446 455 1781 512 Antomenes.
1817 466 1862 526 Α
1894 457 2179 527 μετάὑτδν
2208 458 2352 514 ὀκτὼ
2384 474 2561 531 reges,
2595 468 2758 531 atque
2799 459 2854 517 in
2889 462 3206 522 universum
3237 471 3446 529 consti-

222 549 320 602 l‘ro
347 545 697 615 subsequeuti
717 545 973 615 periocha
1005 545 1250 616 Scaliger
1267 545 1430 601 habet
1451 562 1466 602 :
1488 545 1784 603 Corinthio-

221 654 329 692 rum
365 653 506 708 reges
540 638 858 704 deiecerunt.
881 636 1008 690 Post
1030 638 1126 692 hos
1144 637 1200 690 in
1236 635 1488 692 Corintho
1514 639 1786 693 constituti

220 737 338 784 sunt
372 730 537 783 annui
569 727 799 798 Prytani
825 769 840 792 ,
890 743 998 798 quo
1047 739 1204 798 pacto
1253 739 1590 798 postremum
1624 733 1788 785 hocce

220 822 433 875 verbum
468 828 618 874 recte
647 818 807 874 elfert
838 818 1005 872 etiam
1053 819 1260 887 primus
1289 820 1519 874 Palatin.
1558 835 1662 875 ms.
1695 820 1788 875 Vi-

221 912 359 966 tiose
389 909 529 964 alius
548 910 900 978 principatus,
930 915 982 964 et
1009 909 1333 965 vetustiores
1355 910 1484 964 editi
1508 911 1786 980 principes.

221 1000 352 1053 item
405 1007 593 1054 narrat
645 997 918 1054 Diodorus
974 996 1188 1054 Siculus
1239 999 1382 1069 apud
1431 998 1788 1070 Syncellum:

221 1093 422 1147 Teleste
453 1109 486 1145 a
515 1091 799 1164 gentilibus
833 1091 1147 1160 interempto
1170 1129 1186 1151 ,
1234 1090 1547 1146 Automenes
1592 1106 1791 1144 annum

221 1185 477 1254 regnavit.
511 1182 644 1238 Tum
676 1183 740 1236 ab
775 1180 1003 1236 Hercule
1029 1183 1132 1236 orti
1173 1181 1466 1236 Becchiadc
1490 1182 1668 1250 plures
1696 1183 1792 1237 da.

221 1276 388 1330 centis-
418 1290 634 1344 regnum
663 1281 1006 1342 occuparunt,
1039 1289 1322 1343 omnesque
1347 1276 1612 1328 communi
1648 1283 1794 1342 pole-

217 1375 356 1420 stnte
391 1364 769 1431 rempublicam
824 1364 1272 1418 administrarunt
1315 1380 1334 1420 :
1377 1363 1467 1417 sed
1513 1364 1792 1434 quotannis

221 1457 502 1527 Prytanim
523 1471 588 1510 ea:
615 1471 670 1509 se
700 1464 974 1520 crearunt,
1005 1457 1094 1525 qui
1127 1456 1268 1525 regis
1296 1457 1414 1517 loco.
1441 1468 1607 1520 esset,
1639 1457 1793 1524 idque

172 1540 176 1542 ⁷
217 1565 310 1617 per
334 1563 503 1601 annos
527 1547 818 1616 nonaginta
845 1562 1006 1614 usque
1047 1547 1116 1600 ad
1153 1530 1364 1617 Cypseli
1419 1548 1746 1618 tyrannidem
1773 1588 1789 1614 ,

1885 549 2018 606 tisse
2069 563 2297 619 regnum
2351 550 2480 606 illud
2508 550 2604 621 ἐτη
2637 553 2937 622 τριακόσια
2977 556 3071 608 καὶ
3112 557 3287 613 εἰκοσι
3320 562 3448 618 uis.

1883 657 1966 709 τι,
1992 642 2146 696 annis
2202 643 2440 696 trecentis
2463 643 2645 712 uiginti
2678 647 2898 715 quinque
2928 649 3140 705 asserit.
3168 648 3327 707 Paria
3352 654 3448 710 ha.

1885 735 2015 797 bet,
2077 734 2190 790 imo
2256 737 2443 791 eadem
2515 737 2796 794 Cedrenus
2845 739 3016 796 ferme
3066 744 3135 799 ad
3195 746 3446 803 verbum.

1886 825 2086 881 Verum
2119 827 2404 897 sequiores
2428 835 2680 883 auctores
2708 829 2800 885 isti
2834 830 2976 888 hanc
3013 833 3184 902 ipsam
3235 838 3304 891 ab
3341 839 3452 894 En-

1888 917 2040 972 sebio
2092 917 2466 973 recensionem
2517 932 2582 973 ac
2637 920 2836 974 seriem
2894 925 3122 978 mutuati
3172 938 3320 990 sunt,
3353 944 3453 1006 ηερ

1888 1009 2165 1077 suppetias
2215 1007 2330 1076 ejus
2391 1010 2678 1080 hypothesi
2724 1014 3053 1070 auctoritate
3098 1031 3196 1072 sua
3250 1017 3451 1076 ferunt.

1889 1099 2243 1168 lntelligimus
2295 1108 2475 1156 autem
2529 1101 2599 1158 ab
2638 1112 2860 1158 auctore
2908 1117 3134 1170 nostro,
3187 1123 3305 1177 qua:
3354 1127 3454 1166 sua

1891 1206 2046 1245 mens
2089 1190 2274 1257 fuerit,
2317 1207 2491 1261 eaque
2531 1194 2703 1264 probe
2750 1206 3025 1266 percepta,
3075 1200 3208 1254 nihil
3240 1201 3457 1258 demum

1889 1296 2011 1337 esse
2063 1284 2206 1353 quod
2262 1285 2336 1338 illi
2388 1288 2589 1355 opponi
2641 1287 2768 1357 jure
2821 1290 3014 1359 possit,
3065 1291 3460 1362 dignoscitnus.

1889 1375 2092 1444 Nempe
2109 1378 2278 1433 voluit
2298 1378 2814 1451 Eurysthenidarum
2843 1398 3028 1452 regum
3046 1387 3267 1453 seriem,
3293 1402 3463 1457 usque

1891 1468 1956 1522 ad
1990 1468 2118 1523 illud
2157 1469 2440 1538 temporis,
2470 1486 2579 1540 quo
2612 1473 2662 1525 in
2695 1472 3069 1532 Laceda'mone
3095 1479 3296 1544 ephori,
3323 1482 3462 1548 quod

1893 1560 2234 1629 magistratus
2252 1571 2328 1616 est
2354 1577 2561 1631 nomen,
2580 1567 2854 1620 constituti
2877 1580 3018 1634 sunt,
3054 1577 3264 1624 tantum
3294 1586 3464 1640 expo-

218 1655 249 1690 a
280 1653 384 1707 quo
415 1637 470 1690 in
500 1636 734 1691 ordinem
765 1635 967 1693 redacti
989 1646 1133 1690 sunt.
1169 1635 1273 1692 Sed
1312 1645 1367 1692 et
1398 1636 1696 1692 Pausanias
1735 1637 1790 1692 in

1897 1653 2087 1707 suisse:
2107 1653 2318 1708 tametsi
2333 1667 2394 1709 eo
2407 1654 2570 1708 etiam
2589 1656 2808 1712 inducto
2829 1660 3169 1726 magistratu,
3187 1678 3369 1734 regum
3382 1665 3465 1720 di-

218 1726 588 1784 Corinthiacis
611 1738 738 1795 cap.
767 1727 800 1782 Β
835 1743 851 1781 :
899 1726 1200 1796 Πρυτάνεις
1248 1743 1314 1783 ea:
1366 1727 1788 1783 Bacchiadarum

1897 1740 2071 1811 gnitas
2089 1755 2152 1796 ex
2175 1742 2363 1796 eadem
2388 1742 2476 1796 illa
2497 1741 2700 1798 familia
2719 1749 3104 1814 perseverarit.
3121 1726 3465 1823 Erat'quippe

217 1829 370 1889 gente
385 1834 586 1872 annum
610 1825 822 1874 tenuere
845 1820 1146 1886 imperium,
1167 1837 1296 1890 quos
1319 1819 1567 1889 Cypselus
1619 1821 1794 1876 Εειὶο·
1821 1810 1867 1869 Β
1896 1810 2124 1884 nonnihi
2143 1831 2428 1886 immutata
2452 1831 2624 1887 forma
2657 1810 2960 1906 regiminis,
2981 1853 3143 1907 quam
3167 1810 3460 1910 repraesen-

219 1911 302 1967 uis
326 1910 498 1977 ﬁlius,
530 1910 812 1980 tyrannide
843 1919 1122 1980 occupata,
1152 1911 1377 2002 expulit.

1898 1930 2014 1978 tare
2042 1923 2217 1981 satius
2257 1937 2354 1992 pro
2393 1923 2585 1994 Operis
2621 1925 2871 1992 instituto
2897 1944 2998 1983 suo
3026 1931 3180 1985 duxit
3215 1950 3228 1986 :
3261 1934 3470 2003 hocque

283 2003 409 2058 (301.
438 2003 562 2058 35f.
595 2003 836 2074 Ardysus
860 2019 952 2058 an.
989 2003 1078 2058 55.
1123 2003 1349 2059 Additur
1380 2003 1436 2058 in
1469 2001 1650 2056 Parm.
1688 2017 1790 2058 ms.
1897 2027 2064 2069 sensu
2112 2015 2212 2080 ait,
2260 2014 2702 2074 Lacedaemmliog
2754 2035 2907 2090 reges
2954 2032 3078 2091 post
3121 2001 3466 2080 Αιοδιηεηξιη

216 2092 364 2160 [ilius
395 2094 592 2148 Altatis
619 2131 638 2157 ,
667 2093 848 2148 minus
878 2095 1168 2150 emendate
1189 2137 1203 2161 ,
1255 2095 1352 2150 sed
1377 2101 1434 2149 et
1474 2092 1794 2149 Schurzliei-

1899 2105 2158 2168 desiisse,
2187 2105 2330 2174 quod
2365 2107 2554 2176 ephori
2598 2116 2726 2163 tunc
2763 2113 3028 2180 temporis
3061 2114 3229 2170 creati
3261 2116 3379 2171 sint
3414 2116 3468 2170 in

216 2185 410 2240 “ibi”
457 2186 534 2241 8“
561 2225 576 2250 ι
635 2183 911 2256 ῙδΥάοπυητ
980 2199 1074 2242 νει
1107 2184 1380 2258 Primus?
1412 2184 1590 2254 Primo
1622 2183 1794 2239 Ράιεῑο
1901 2211 2023 2251 eum
2058 2197 2242 2265 linem,
2271 2200 2729 2266 quemadmodum
2755 2201 2910 2258 Plato
2937 2203 3082 2273 apud
3115 2205 3467 2260 Plutarchum

215 2277 412 2332 οοάίεθ
466 2277 707 2369 Ανάίδίαε
735 2315 769 2369 νγ
794 2277 935 2346 ﬁli“
987 2277 1233 2347 Αιξιαιείει
1294 2284 1544 2369 vocatur-7
1584 2274 1799 2369 Reliqui
1903 2288 1958 2342 in
1992 2287 2114 2344 Vita
2168 2288 2398 2361 Lycurgi
2434 2290 2618 2356 tradit,
2654 2303 2713 2348 ut
2750 2293 2924 2349 instar
2963 2295 3102 2350 freni
3142 2312 3325 2369 regum
3359 2299 3470 2369 jam

217 2369 462 2438 pessime
500 2367 705 2437 legunt,
737 2368 884 2437 ﬁlius
911 2369 1138 2424 Alvatis.
1170 2370 1303 2423 Edd.
1336 2382 1400 2422 ea
1437 2368 1600 2422 verba
1634 2365 1794 2422 omit«

1905 2381 2243 2436 ferocitatem
2277 2399 2343 2438 ac
2392 2384 2756 2442 luxuriantem
2809 2388 3106 2456 potentiam
3139 2365 3470 2448 inhiberent.

224 2472 377 2515 tum.
409 2459 486 2514 Ex
515 2458 744 2528 Atyadis
773 2475 899 2514 eum
930 2461 1120 2524 fuisse,
1155 2459 1459 2515 Herodotus
1487 2459 1584 2514 lib.
1618 2475 1657 2526 ι,
1679 2473 1798 2527 ων-
1904 2467 2158 2524 Dicemus
2191 2472 2288 2525 hac
2311 2471 2379 2526 de
2407 2488 2466 2528 re
2493 2473 2647 2543 plura
2680 2474 2932 2542 inferius,
2983 2491 3045 2532 es
3087 2479 3288 2548 quibus
3319 2495 3473 2534 com-

221 2550 274 2618 7,
312 2550 530 2606 docuit.
567 2549 740 2605 Etiam
779 2549 1085 2622 Syncellus,
1119 2551 1253 2608 edit.
1285 2550 1411 2606 Par.
1446 2567 1498 2622 ιι.
1525 2551 1653 2617 259,
1685 2569 1801 2607 Ina-
1904 2569 2055 2630 perta
2104 2562 2275 2631 magis
2319 2561 2537 2619 Eusebii
2575 2581 2727 2622 mens
2754 2568 2858 2621 erit
2892 2583 2906 2624 :
2953 2568 3066 2624 haec
3100 2585 3224 2626 eum
3257 2571 3468 2626 interim

225 2644 274 2698 le
301 2644 492 2707 habet,
525 2641 792 2713 ’Δρδυσος
833 2642 1055 2697 Ἀλύτου
1089 2657 1189 2713 pro
1229 2642 1541 2699 Ἀλυάττου.
1573 2643 1794 2700 Utrum-

1905 2649 1974 2700 ab
2038 2645 2295 2718 Scaligeri
2361 2651 2843 2710 criminationibus
2915 2656 3220 2714 vindicant.
3278 2659 3467 2716 Adesit

225 2750 337 2804 que
370 2735 522 2790 enim
550 2733 832 2790 scribitur.
896 2735 1114 2807 Sylloge
1142 2736 1402 2808 Scaligeri
1477 2735 1802 2800 Eusebiana,
1907 2747 2108 2802 tamen,
2127 2739 2172 2794 si
2202 2740 2368 2809 lubet,
2392 2741 2682 2799 lieursium
2705 2747 2772 2800 de
2801 2746 2982 2819 llegno
3008 2748 3470 2808 Lacedaemonior.

225 2826 265 2880 l.
292 2841 357 2892 ιι,
382 2841 437 2895 p.
463 2825 586 2892 149,
612 2825 764 2882 itade
785 2825 894 2882 hoc
921 2828 1136 2896 negotio
1161 2828 1260 2894 ait,
1285 2828 1473 2882 Λυδῶν
1489 2828 1805 2882 ἐϐασίλευσε
1907 2839 2029 2894 cap.
2065 2827 2151 2890 lo,
2188 2829 2279 2897 qui
2316 2829 2368 2883 in
2403 2831 2582 2886 verbis
2612 2832 2834 2888 Eusebii
2891 2834 3024 2889 nihil
3073 2839 3185 2892 veri
3233 2839 3470 2910 nihilque

227 2916 456 2987 πρῶτος
482 2915 744 2985 ’Δρδυσος
779 2914 1094 2984 Ἀλυάττου,
1121 2915 1215 2986 ἐτη
1241 2915 1350 2980 λς’.
1368 2916 1557 2971 Malala
1591 2931 1645 2985 p.
1667 2917 1794 2974 495:

1909 2917 2044 2972 recti
2079 2918 2182 2972 scit
2213 2920 2471 2989 reperire.
2530 2920 2764 2988 Etenim,
2798 2924 2996 2994 inquit,
3040 2942 3141 2982 nec
3167 2929 3356 2998 prima:
3389 2928 3471 2984 fa-

238 3007 356 3062 Καὶ
391 3007 765 3075 ισασιλευσεν,
797 3009 992 3078 inquit,
1020 3008 1129 3062 τῶν
1154 3009 1343 3063 Λυδῶν
1377 3011 1594 3080 πρῶτος
1623 3011 1650 3062 ὀ
1673 3011 1794 3080 ’Δρς

1912 3007 2073 3062 milia:
2147 3009 2394 3064 ultimus
2445 3010 2767 3068 Alcamenes
2830 3014 2934 3069 fuit
2986 3032 3003 3082 ;
3074 3032 3174 3072 nec
3219 3019 3472 3074 secunda:

235 3101 388 3166 διὺς,
410 3102 505 3171 ἐτη
533 3100 644 3166 λς’.
667 3099 964 3172 Utrobique
985 3103 1264 3172 legentium
1284 3117 1403 3159 esse
1425 3112 1558 3172 puto
1587 3103 1794 3175 "Agaue,

1909 3109 2007 3164 per
2032 3095 2146 3150 haec
2179 3106 2438 3166 tempora,
2494 3098 2592 3154 sed
2625 3098 2890 3155 duntaxat
2924 3116 3314 3173 regnaverunt,
3346 3122 3471 3163 cum

1910 3186 2196 3213 ἔτλη-ΗΑ..-
2283 3188 2370 3213 -..ξ
2408 3189 2536 3213 m2-..
2606 3193 2869 3213 ---.:...-_-
2925 3193 3023 3213 ρης.
3393 3211 3402 3213 -

223 3193 394 3263 cujus
425 3194 645 3248 nomine
675 3208 768 3248 rex
819 3195 962 3249 inter
1000 3193 1182 3264 Lydos
1207 3194 1370 3248 etiam
1404 3209 1635 3250 numero
1666 3194 1803 3250 1254
1829 3186 1878 3213 υ
1910 3186 2218 3254 Charilaus,
2280 3188 2374 3258 qui
2408 3189 2551 3245 illius
2605 3193 2872 3263 septimus
2924 3193 3048 3261 fuit,
3103 3212 3330 3264 regnum
3390 3211 3471 3256 te-

223 3295 604 3349 memoratur,
652 3300 964 3355 quanquam
1010 3294 1064 3342 et
1115 3299 1242 3341 eum
1277 3285 1540 3357 ’Λρδυσον
1577 3286 1802 3358 Syncel-
1906 3277 2086 3332 nuerit
2133 3292 2257 3332 cum
2310 3279 2509 3348 collega
2531 3281 2801 3336 Archelao
2846 3282 2972 3338 item
3020 3287 3251 3356 septimo
3279 3292 3475 3360 prioris

219 3377 310 3434 lus
340 3377 644 3433 vocaverit.
694 3375 868 3432 Porro
896 3377 1168 3448 Lydorum
1210 3393 1431 3448 regnum
1463 3392 1586 3432 cum
1629 3377 1802 3432 multo
1905 3370 2142 3435 familiae,
2201 3372 2279 3426 uti
2336 3380 2550 3428 constat
2607 3389 2671 3427 ex
2727 3375 2996 3432 Pausania
3044 3387 3099 3434 et
3150 3380 3471 3439 Plutarcho.

213 3471 503 3527 νοωειίιιι
533 3468 666 3526 facit
704 3470 1045 3526 Marshaums
1071 3508 1089 3533 ,
1136 3470 1508 3538 accipiendum
1572 3471 1624 3525 id
1678 3483 1801 3525 esse
1974 3459 2093 3516 Col.
2129 3461 2253 3517 35L
2292 3462 2334 3516 Α
2368 3464 2672 3532 captivitate
2701 3463 2898 3535 Troje.
2918 3467 3199 3536 [inpressae
3226 3472 3476 3529 lectionis

216 3577 347 3618 cum
387 3577 564 3633 ετηο
592 3562 723 3618 satis
753 3563 990 3617 videtur,
1019 3562 1160 3618 Sane
1193 3562 1412 3632 quidem
1447 3561 1612 3633 Lydia
1648 3572 1802 3616 νοω-
1904 3547 2072 3602 series
2101 3550 2290 3603 eadem
2323 3557 2487 3620 atque
2521 3551 2660 3605 ordo
2695 3563 2781 3607 est
2811 3554 2865 3606 in
2896 3552 3180 3612 Parmensi
3204 3573 3269 3613 ac
3299 3560 3476 3616 Palat.

213 3655 426 3710 stiores
453 3653 634 3722 Ardye
663 3667 820 3724 reges
855 3652 1064 3716 habuit,
1097 3653 1196 3708 sed
1227 3667 1293 3708 eo
1329 3663 1574 3723 tempore
1599 3691 1614 3718 ,
1670 3665 1794 3707 cum

1902 3640 2078 3709 primo
2135 3655 2266 3694 mss.
2337 3641 2566 3710 aliisque
2618 3641 2785 3699 editis
2854 3646 3247 3706 vetustioribus
3323 3649 3474 3708 libris

213 3744 397 3796 multo
427 3741 609 3813 plures
640 3744 782 3798 Asia
809 3757 921 3797 non
949 3752 1057 3796 tam
1093 3757 1248 3812 reges
1275 3751 1459 3798 essent
1521 3757 1688 3813 quam
1722 3751 1801 3812 ty-

210 3835 405 3890 ranni.
468 3834 580 3890 llos
634 3846 818 3904 postea
872 3834 929 3889 in
979 3841 1303 3904 potestatem
1353 3848 1506 3888 suam
1533 3833 1797 3902 plurimos

209 3925 356 3998 Lydi
401 3925 764 3995 redegerunt,
792 3933 848 3980 et
879 3923 947 3978 ab
970 3925 1072 3978 hoc
1102 3926 1246 3991 Ardy
1279 3937 1448 3992 usque
1477 3924 1617 3978 Asiae
1645 3923 1834 3992 quasi‘

209 4020 448 4075 fuerunt
469 4016 779 4072 monarcha‘.
797 4033 813 4072 :
834 4016 978 4071 unde
994 4023 1049 4069 et
1070 4027 1311 4069 marmor
1325 4012 1770 4069 Arundellianutn
1783 4055 1798 4079 ,

209 4111 366 4167 linea
406 4108 477 4164 56
496 4149 512 4176 ,
558 4107 786 4178 Κροῖσον
815 4109 915 4178 τῆς
944 4108 1134 4172 Ἀσίας
1174 4106 1532 4177 βασιλεύοντα
1562 4107 1795 4161 vocavit.

201 4197 415 4270 Neque
435 4199 582 4253 enim
606 4199 752 4253 aliud
770 4211 989 4268 quoque
1005 4211 1186 4252 causae
1203 4197 1414 4260 subest,
1440 4211 1601 4265 quam
1630 4195 1796 4259 istud,

205 4306 317 4346 cur
349 4306 384 4345 a
411 4291 591 4346 minus
625 4289 938 4360 potentibus
970 4289 1150 4361 Lydiae
1175 4288 1373 4360 regulis
1398 4303 1584 4356 regum
1617 4287 1797 4358 Lydia:

207 4380 422 4436 seriem
459 4389 710 4435 auctores
734 4387 1016 4450 pertexere
1045 4379 1336 4434 noluerint.

1901 3745 2026 3790 cum
2049 3729 2338 3798 Sichardo,
2368 3748 2431 3787 ac
2474 3735 2689 3788 demum
2727 3751 2892 3806 penes
2921 3735 3245 3795 Gohelinum
3281 3741 3474 3799 Perso-

1902 3834 2054 3884 nam,
2107 3835 2268 3890 quem
2303 3823 2371 3877 ad
2426 3824 2575 3878 hunc
2609 3825 2771 3895 plane
2802 3829 3024 3883 modum
3078 3830 3132 3884 in
3191 3846 3294 3887 suo
3351 3835 3474 3889 olim

1901 3910 2202 3981 exemplari
2233 3911 2453 3982 legisse,
2506 3914 2853 3985 perspicuum
2887 3927 2988 3973 cst.
3023 3917 3263 3992 Scaliger
3293 3925 3474 3979 omnia

1901 4003 2178 4074 susdeque
2211 4006 2370 4059 vertit
2396 4017 2558 4074 prout
2589 4007 2825 4063 lubitum
2859 4011 2980 4068 fuit.
3005 4008 3195 4068 Priore
3227 4017 3474 4084 periocha

1901 4096 2006 4151 ista
2034 4097 2102 4152 de
2133 4101 2291 4151 annis
2316 4112 2346 4150 a
2381 4101 2697 4168 captivitate
2729 4101 2904 4172 Trojre
2943 4105 3008 4157 ad
3045 4107 3276 4175 primam
3311 4109 3474 4180 olym-

1903 4188 2136 4256 piadem,
2165 4188 2392 4258 reliquis
2414 4189 2468 4242 in
2504 4191 2608 4244 line
2639 4193 2962 4261 postpOsita,
2994 4195 3157 4250 habet
3189 4214 3202 4249 :
3231 4197 3326 4251 llic
3358 4215 3474 4254 con-

1899 4280 2140 4333 stituitur
2189 4282 2449 4351 Olympias
2496 4283 2692 4352 prima,
2753 4289 2980 4338 secundo
3031 4305 3172 4340 anno
3233 4290 3476 4362 /Escltyti

1902 4369 2296 4424 Atheniensium
2342 4373 2562 4440 judicis,
2591 4373 2646 4426 in
2699 4389 2801 4444 qua
2841 4372 3086 4431 Cormbus
3113 4376 3369 4433 -Eliensis
3387 4397 3476 4434 ea:-

285 4473 431 4529 lbid.
498 4472 1015 4527 Laeedwmoniorum
1075 4487 1216 4543 reges
1265 4471 1582 4541 defecerunt.
1651 4470 1794 4525 Dixi-
1831 4484 1872 4540 υ
1898 4465 2034 4517 stitit
2073 4463 2254 4517 victor.
2291 4462 2441 4517 lianc
2462 4464 3082 4534 Africanustemporibus
3109 4469 3356 4524 lout/lant
3392 4489 3476 4527 re-

203 4580 346 4622 mus
394 4564 462 4618 ad
504 4563 889 4635 Eurystheum,
935 4563 1050 4617 sive
1101 4563 1167 4616 ad
1204 4561 1602 4617 Lacedaemonii
1637 4564 1792 4632 juxta
1834 4615 1836 4618 ,

202 4655 523 4713 Eusebium
576 4653 726 4725 regni
780 4652 1096 4723 primordia,
1153 4655 1350 4707 mirum
1402 4652 1599 4718 videri,
1645 4653 1794 4723 quod

201 4749 542 4818 scripserat,
593 4747 696 4802 hoc
733 4761 877 4802 anno
929 4762 1037 4815 quo
1086 4753 1205 4800 acta
1256 4754 1338 4800 est
1379 4745 1551 4813 prima
1612 4749 1792 4816 olym-

201 4841 382 4912 piae,
438 4839 540 4894 sub
589 4839 883 4898 Alcameni:
931 4835 1085 4908 rege's
1160 4837 1265 4893 isto
1313 4837 1544 4892 desiisse
1589 4853 1602 4889 :
1659 4838 1794 4906 quin

197 4933 387 4987 etiam
414 4930 468 4984 id
497 4930 546 4984 ei
562 4930 736 5001 culpes
764 4931 952 4995 tribui,
978 4944 1103 4985 cum
1131 4928 1467 4999 gravissimis
1489 4927 1612 4983 aliis
1644 4929 1797 4983 testi-

198 5025 346 5089 ιω..
371 5025 660 5094 Anonymo
683 5022 750 5078 de
784 5023 917 5093 lleg.
952 5020 1152 5077 Laced.
1198 5018 1492 5085 Pausania,
1526 5020 1797 5090 Polyaeno,

195 5128 391 5187 atque
413 5115 538 5170 aliis
563 5107 799 5179 constet,
837 5114 1166 5185 Polydorum
1199 5113 1370 5168 lilium
1420 5113 1700 5168 Alcameni
1736 5115 1790 5168 in

192 5223 396 5280 regno
413 5207 766 5272 successisse,
799 5216 960 5277 atque
981 5203 1178 5261 exinde
1197 5205 1548 5276 Eurycratem
1571 5204 1800 5278 Polydo-

196 5303 278 5365 ri,
335 5299 725 5354 Anasandrum
773 5298 1103 5370 Eurycratis,
1150 5305 1315 5367 atque
1362 5297 1499 5353 alios
1541 5298 1799 5369 deinceps

196 5405 425 5459 magno
458 5405 684 5446 numero
710 5405 780 5446 ex
807 5395 999 5446 eadem
1027 5391 1286 5446 continuo
1324 5389 1528 5444 familia
1567 5405 1631 5445 ac
1663 5394 1794 5446 stir-

194 5501 300 5556 pe.
357 5482 437 5537 Ac
477 5494 658 5552 posset
690 5485 909 5554 quidem
938 5495 1215 5553 utcunque
1245 5483 1484 5538 Africani
1530 5484 1673 5554 apud
1707 5481 1793 5538 Jo.

191 5575 476 5634 Halalam
513 5577 765 5648 exemplo
812 5577 1126 5633 Eusebiana
1175 5576 1494 5648 hypothesis
1528 5576 1736 5633 defendi
1779 5595 1792 5631 :

188 5668 499 5740 siquidem
529 5670 619 5725 hic
663 5669 825 5724 etiam
861 5671 928 5725 ab
960 5669 1289 5740 Eurystheo,
1317 5668 1409 5737 qui
1449 5681 1676 5738 regnum
1713 5679 1798 5724 te-

189 5760 346 5818 nuit
373 5772 550 5814 annos
569 5759 922 5828 quadraginta
943 5758 1103 5825 duos,
1136 5756 1283 5812 solos
1311 5765 1577 5812 memorat
1602 5757 1795 5820 ἄλλους

1905 4557 2006 4627 gis,
2042 4566 2151 4611 etc.
2204 4555 2440 4611 laudatis
2489 4557 2730 4613 Africani
2784 4561 2990 4627 verbis,
3047 4564 3244 4632 quibus
3294 4567 3476 4618 statim

1899 4648 2175 4702 subnectit
2203 4665 2216 4700 ε
2244 4651 2354 4702 Hoc
2379 4659 2608 4716 tempore
2637 4649 3179 4720 TeglntIt-Phalussar
3204 4671 3295 4710 rea:
3318 4655 3477 4726 Assy-

1901 4740 2101 4791 riorum
2124 4755 2366 4806 magnam
2388 4751 2589 4809 partem
2615 4740 2928 4797 Judceorum
2947 4746 3130 4814 populi
3153 4748 3207 4799 in
3232 4749 3478 4818 Assyrios

1900 4832 2193 4894 transtulit,
2224 4850 2338 4904 rege
2367 4834 2605 4900 Phacea',
2660 4850 2762 4904 quo
2789 4849 3013 4904 tempore
3060 4838 3308 4893 Arctinus
3331 4840 3478 4894 Mile-

1899 4925 2008 4979 sius
2054 4926 2384 4993 versiﬁcator
2432 4941 2590 4994 prope
2626 4929 2770 4981 omni
2817 4936 2982 4980 metro
3009 4939 3055 4981 et
3098 4945 3252 4996 opere
3299 4931 3476 4985 clarus

1901 5015 2166 5071 habetur:
2198 5032 2318 5087 qua:
2359 5019 2706 5088 postmodum
2744 5019 2933 5074 iisdem
2965 5018 3076 5074 fere
3110 5021 3287 5076 verbis
3306 5022 3477 5078 altero

1903 5108 1970 5162 ab
1997 5108 2097 5162 hoc
2130 5123 2274 5164 anno
2306 5112 2516 5178 repetit.
2554 5108 2712 5174 Hinc,
2747 5110 2856 5165 Elii
2887 5113 3272 5180 quinquennale
3301 5123 3475 5167 certa-

1901 5216 2020 5256 men
2037 5215 2221 5272 agunt,
2238 5211 2414 5261 etc....
2449 5205 2735 5258 sententias
2758 5211 3113 5276 protulerunt.
3135 5207 3303 5260 Porro
3319 5217 3474 5262 cluas

1904 5293 1957 5347 in
1982 5295 2155 5361 prima
2179 5293 2475 5365 Olympiade
2491 5293 2738 5352 lectitant
2762 5298 3030 5363 posuimus
3048 5318 3069 5355 :
3088 5298 3240 5370 quasi
3265 5307 3477 5368 postre-

1906 5399 1990 5436 ma
2024 5384 2207 5439 isthmc
2239 5401 2344 5441 non
2376 5386 2617 5442 Africani
2644 5398 2851 5457 essent,
2885 5391 2980 5446 sed
3033 5389 3251 5444 Eusebii
3286 5390 3470 5445 verba.

1908 5473 1963 5526 in
1995 5475 2100 5530 line
2130 5479 2509 5545 grandioribus
2557 5481 2752 5537 litteris
2790 5501 2803 5536 ε
2841 5481 2975 5536 llinc
3017 5481 3380 5536 decedentibus
3415 5489 3466 5535 et

1903 5568 2292 5624 succedentibus
2335 5573 2531 5641 regnis,
2566 5591 2726 5628 novus
2761 5577 2888 5628 ordo
2917 5574 3204 5645 consurgit.
3233 5572 3388 5628 Nunc
3411 5574 3478 5627 de

1903 5659 2132 5731 singulis
2161 5661 2311 5730 juxta
2342 5663 2708 5722 Pontacenam
2745 5675 2910 5736 atque
2947 5666 3086 5721 adeo
3116 5674 3359 5720 nostram
3395 5681 3474 5718 rc.

1902 5751 2238 5811 censionem.
2284 5753 2532 5825 Spatium
2566 5757 2695 5813 illud
2721 5757 2861 5813 inter
2905 5756 3082 5815 Troia:
3109 5756 3380 5815 excidium
3417 5771 3480 5811 a:
