3964 6186
556 356 674 418 ‘879

1859 342 2268 411 VALLARSII
2305 339 2542 400 NOT/E.

3609 345 3682 405 8Ϊο

571 476 800 545 primam
847 473 1205 546 Olympiadem
1232 514 1246 537 ,
1303 471 1445 526 haud
1498 471 1614 529 scio
1643 475 1832 540 ‘quam
1889 482 2016 523 vere
2070 465 2146 516 ait
2173 464 2222 523 Α
2250 466 2509 522 tentatas,
2531 442 2726 526 quibus
2751 452 3016 524 putabant
3037 454 3247 509 oraculo
3267 455 3506 523 satisﬁeri,
3529 461 3685 517 tandem

574 569 834 639 Scaliger,
872 569 925 622 in
959 565 1214 621 omnibus
1262 563 1480 631 scriptis
1533 562 1804 633 editisque
1855 559 2031 624 libris,
2084 565 2137 611 et

575 663 715 732 apud
747 661 943 716 Bedam
981 658 1112 714 solis
1139 656 1245 712 405
1269 657 1429 711 annis
1460 655 1695 720 deﬁniri,
1727 669 1875 717 cum,
1909 663 1968 706 ut
2013 653 2137 720 qui-

566 752 675 814 bus
725 757 950 822 utimur,
1002 753 1218 810 codices
1254 749 1756 823 praetermittamus,
1814 746 2138 801 vetustiores

575 864 791 920 quoque
840 847 972 902 editi
1025 847 1146 901 libri
1195 860 1320 900 cum
1379 842 1643 899 Sichardo
1689 839 1999 909 praeferant,
2045 856 2134 893 an.

570 942 698 1007 406,
731 942 868 995 alias
899 939 1025 1002 405,
1057 949 1112 994 et
1142 939 1284 1008 quod
1329 937 1442 1007 ipse
1471 934 1561 990 ille
1598 933 1821 987 minime
1858 930 2134 998 diﬁitetur,

569 1041 784 1104 constet
824 1047 890 1086 ex
940 1028 1205 1100 procemio
1256 1026 1528 1096 hujusmet
1571 1023 1696 1078 libri
1748 1022 1970 1076 totidem
2007 1035 2135 1075 ann.

577 1123 947 1187 intervallum,
981 1120 1125 1191 quod
1157 1131 1213 1174 et
1237 1127 1384 1174 recte
1409 1118 1541 1171 inita
1575 1116 1787 1170 ratione
1813 1115 2140 1182 comproba-

573 1224 681 1270 tur.
707 1216 868 1269 Addit
894 1212 1307 1267 Eratosthenem
1341 1218 1534 1280 putare
1557 1222 1646 1262 an.
1686 1206 1812 1273 407,
1844 1205 2138 1260 Diodorum

571 1306 696 1369 408,
744 1320 1081 1374 causamque
1123 1302 1316 1355 harum
1372 1300 1751 1355 diversitaturn
1807 1298 2041 1366 pendere
2073 1311 2139 1351 ex

574 1401 762 1453 notitia
794 1395 1195 1452 Tetraeteridos
1222 1393 1447 1449 Graece.
1505 1391 1707 1448 Omnes
1739 1389 1905 1455 enim,
1941 1389 2137 1460 inquit,

571 1498 661 1566 qui
715 1494 920 1549 certius
969 1505 1080 1545 rem
1123 1495 1405 1557 putarunt,
1466 1501 1574 1540 uno
1611 1499 1707 1539 ore
1752 1479 2033 1545 deﬁniunt,
2069 1479 2140 1533 25

572 1587 965 1659 Thargelionos
1003 1583 1162 1637 Ilium
1210 1590 1428 1649 captum
1467 1579 1633 1647 (unus
1673 1583 1765 1628 aut
1797 1575 1936 1658 alter
1975 1573 2136 1626 aliam

569 1685 715 1740 diem
748 1675 1071 1748 assignant),
1121 1675 1215 1729 sed
1259 1674 1314 1727 in
1365 1653 1966 1739 conligurationeluna:
1998 1666 2138 1720 inter

570 1793 665 1834 eos
704 1791 811 1831 non
845 1771 1119 1829 convenit.
1151 1768 1254 1822 Alii
1281 1767 1423 1822 enim
1462 1762 1784 1832 plenilunio,
1833 1761 1927 1816 alii
1967 1750 2212 1863 septi-“i3
2245 1750 2576 1781 ¹⁵⁰¹¹⁵¹¹ι¹¹⁵¹¹³
2609 1750 2703 1827 ξ’λπ
2733 1750 3114 1777 ⁶¹¹¹υυ¹¹³¹³¹υ¹¹¹
3151 1750 3214 1774 δυ
3245 1750 3338 1774 ⁵⁸³⁸
3375 1750 3511 1772 ¹¹¹¹“¹⁴
3539 1750 3691 1774 "’“""‘

593 1885 596 1886 ν
635 1885 641 1886 ,
806 1882 824 1886 Α
996 1864 1250 1886 --μημη
1278 1859 1427 1886 .,,,,.ξ,,
1457 1867 1666 1886 “MM,
1695 1855 1938 1886 ,ηςιηηη
1991 1854 2139 1886 ηηη,
2241 1819 2433 1874 saltem
2469 1829 2714 1886 proxime
2744 1814 2809 1868 ad
2836 1822 3002 1882 caput
3032 1811 3338 1866 accedebat.
3364 1808 3474 1864 llaec
3491 1823 3620 1863 causa
3641 1820 3693 1863 est

3325 1851 3338 1864 ο
3364 1848 3474 1864 ..ων
3492 1848 3620 1863 νει-εσυ
3641 1848 3710 1876 Ἧι,

568 1885 654 1935 ma
703 1870 854 1931 luna,
880 1867 970 1920 alii
996 1864 1254 1923 vicesima
1278 1859 1430 1914 tertia
1456 1867 1668 1926 captum
1695 1855 1962 1912 scribunt.
1991 1854 2139 1919 Qua-

568 1978 628 2017 re
681 1962 723 2016 si
775 1961 904 2013 luna
958 1957 1154 2012 silente
1207 1953 1295 2006 hic
1326 1966 1487 2005 casus
1521 1948 1774 2018 contigit,
1821 1947 1924 2001 hoc
1975 1943 2139 2000 fuerit

572 2065 716 2106 anno
748 2050 923 2118 primo
964 2043 1374 2099 Tetraeteridos
1413 2059 1424 2094 :
1455 2039 1502 2094 si
1530 2049 1720 2093 octava
1760 2037 1908 2101 luna,
1944 2050 2140 2090 secun-

572 2142 642 2195 do
673 2153 818 2192 anno
853 2151 870 2190 :
905 2135 949 2190 si
981 2132 1304 2204 plenilunio,
1355 2130 1516 2183 tertio
1571 2145 1583 2181 :
1617 2128 1660 2182 si
1695 2127 1957 2182 vicesima
1986 2125 2136 2192 luna,

570 2238 810 2300 quarto:
847 2236 905 2282 ut
947 2224 1039 2293 qui
1078 2223 1265 2277 volunt
1292 2219 1444 2274 [lium
1486 2226 1704 2286 captum
1736 2232 1827 2273 an.
1869 2215 1973 2270 408
2015 2223 2142 2270 ante

569 2323 803 2393 primam
834 2319 1058 2389 olymp.,
1080 2317 1114 2368 ii
1143 2321 1330 2382 putent
1357 2312 1460 2365 hoc
1491 2308 1786 2380 contigisse
1816 2306 2137 2376 plenilunio.

572 2418 696 2469 Haec
730 2430 794 2466 ex
826 2413 893 2466 iis
923 2425 1043 2479 qua:
1073 2405 1298 2462 dicenda
1329 2420 1451 2459 mox
1483 2411 1631 2466 sunt,
1665 2401 1870 2456 clarius
1918 2405 2142 2454 consta-

551 2509 726 2562 ‘bunt.
757 2504 1028 2558 Caeterum
1059 2507 1113 2554 et
1141 2498 1318 2553 Julius
1346 2496 1567 2551 Solinus
1590 2493 1694 2547 408
1723 2502 1841 2562 post
1870 2491 2141 2546 excidium

575 2595 750 2662 Troia:
780 2607 910 2653 ann.
935 2599 1236 2657 computat.
1263 2589 1442 2641 Monet
1466 2599 1594 2640 vero
1630 2581 2139 2648 Sehurzlleischius,

576 2693 636 2738 ut
671 2682 764 2751 qui
817 2691 1101 2735 aut-torum
1135 2677 1433 2733 sententias
1458 2674 1524 2730 de
1552 2675 1808 2729 distantia
1843 2688 1972 2727 ann.
2003 2673 2145 2725 inter

573 2776 800 2842 primam
844 2769 1205 2841 Olympiadem
1241 2778 1296 2822 et
1340 2766 1517 2835 Trojaa
1556 2764 1898 2819 eversionem
1935 2777 2142 2833 cogno-

571 2866 923 2934 scere-cupit,
958 2863 1116 2916 adeat
1143 2858 1528 2924 Censorinum,
1563 2857 1630 2910 de
1653 2855 1740 2910 die
1775 2854 1940 2908 natali
1971 2869 2022 2908 c.
2052 2853 2144 2920 21,

570 2971 625 3014 et
655 2961 815 3013 addat
843 2972 966 3024 quae
991 2957 1058 3010 de
1081 2953 1294 3023 egregio
1317 2953 1475 3021 plane
1505 2951 1624 3006 loco
1655 2949 1746 3003 illo
1774 2948 2146 3015 disputarunt,

571 3057 764 3119 praeter
798 3047 955 3110 alios,
990 3043 1332 3097 Marshatnus
1375 3040 1585 3096 Canon.
1640 3037 1900 3093 Chronic.
1934 3051 1989 3106 p.
2020 3033 2144 3099 5‘20,

571 3155 624 3198 ut
660 3141 909 3197 Petavius
941 3138 1008 3197 de
1053 3137 1236 3190 Doctr.
1293 3133 1548 3204 Temper.
1599 3131 1690 3186 lib.
1748 3146 1824 3195 tx,
1872 3145 1996 3199 cap,
2053 3127 2144 3183 45.
2177 3141 2218 3198 c

568 3238 689 3294 Jam
715 3237 779 3290 de
809 3246 952 3288 anno
979 3229 1245 3299 Eschyli,
1281 3242 1441 3298 quem
1473 3225 1892 3280 Atheniensium
1913 3222 2145 3291 judicent

573 3327 795 3399 proprio
836 3327 1050 3380 demum
1083 3322 1348 3378 vocabulo
1379 3318 1742 3389 Hieronymus
1801 3329 1980 3382 vocat,
2020 3317 2145 3388 vul-

571 3433 693 3486 gata
752 3417 1020 3474 sententia
1054 3426 1160 3478 est,
1217 3429 1381 3483 quam
1432 3420 1487 3467 et
1523 3424 1707 3466 noster
1743 3411 1955 3480 probat,
1999 3424 2147 3464 anno

571 3515 689 3583 ejus
729 3511 966 3566 secundo
1022 3506 1360 3578 olympiadas
1416 3504 1717 3560 institutas.
1777 3503 1978 3557 Verum
2021 3516 2143 3554 cum

573 3606 794 3660 aliunde
823 3611 1055 3667 constet,
1091 3610 1299 3670 ereptas
1325 3613 1452 3652 ann.
1485 3597 1694 3667 periodi
1726 3594 1956 3650 Julianae
1984 3593 2145 3658 5958,

572 3697 818 3768 rEschyli
844 3705 1026 3749 autem
1053 3694 1528 3748 secundus-annus
1553 3688 1606 3742 in
1637 3687 1757 3757 ejus
1786 3685 1989 3756 periodi
2015 3698 2145 3756 ann.

573 3791 818 3843 incurrat
877 3787 1038 3849 3936,
1089 3782 1351 3838 transfert
1401 3781 1728 3842 Dodwellus,
1785 3778 1931 3848 quod
1989 3774 2149 3846 paulo

576 3889 700 3932 ante
725 3877 1062 3951 dicebamus,
1096 3874 1298 3943 olymp.
1337 3872 1487 3926 initia
1515 3871 1566 3924 in
1593 3873 1711 3939 ejus
1743 3866 1990 3937 praetoris
2016 3881 2146 3919 ann.

578 3979 854 4040 quartum.
914 3969 1017 4023 Alii
1071 3984 1138 4021 ex
1183 3968 1373 4022 Graeco
1412 3980 1580 4035 penes
1622 3962 1930 4033 Syncellnm
1980 3968 2149 4024 textu,

583 4063 672 4116 ubi
700 4058 1216 4128 dicitttr,'Aicxt3).ou
1252 4057 1329 4126 τῷ
1355 4056 1594 4126 δευτέρῳ
1623 4055 1732 4107 ἔτει
1765 4053 2148 4124 πληρουμένῳ,

575 4157 655 4221 τῷ
686 4154 859 4224 τρίτῳ
893 4150 1064 4206 αὑτοῦ
1103 4151 1235 4215 ἔτει,
1263 4149 1334 4204 ita
1377 4148 1667 4217 explicant,
1696 4157 1754 4202 ut
1781 4147 2150 4219 secundojam

575 4249 810 4317 expleto,
845 4257 899 4300 et
930 4247 1094 4300 tertio
1117 4247 1226 4314 jam
1255 4253 1498 4300 vertente
1525 4258 1690 4306 anno,
1736 4243 1845 4297 ludi
1880 4243 1998 4313 ejus
2023 4243 2154 4311 pri-

578 4343 788 4396 mordia
843 4341 1194 4412 contigerint.
1235 4338 1486 4393 Sensisse
1529 4345 1714 4392 autem
1750 4337 1967 4392 videtur
2009 4335 2153 4404 Syn-

577 4437 746 4490 eellus
809 4450 954 4488 anno
1005 4431 1257 4502 Eschyli
1287 4428 1377 4495 ιδ’,
1426 4431 1540 4486 sive
1603 4429 1704 4493 M,
1765 4427 2151 4500 assignandum

580 4529 706 4582 facti
743 4529 1007 4597 epocltam

578 4636 645 4673 eo
684 4620 807 4683 lot-i,
847 4620 994 4670 Anno
1033 4616 1309 4670 undecimo
1336 4614 1559 4682 expleto,
1594 4623 1647 4667 et
1669 4614 1880 4667 ineunte
1908 4613 2156 4667 duodeci-

582 4730 686 4766 mo.
731 4711 804 4766 De
850 4713 1080 4766 aliorum
1121 4720 1403 4772 auctorum
1459 4708 1512 4761 in
1547 4706 1872 4762 delinieudis
1905 4705 2152 4777 IEschyli

583 4804 784 4868 annis,
838 4805 1077 4858 diximus
1144 4793 1305 4872 paulo
1350 4811 1477 4853 ante
1530 4816 1544 4854 :
1599 4812 1911 4868 quanquam
1961 4805 2016 4852 et
2061 4811 2153 4851 ve-

583 4905 671 4950 tus
712 4905 902 4950 auctor
957 4909 1282 4964 anonytnus,
1341 4893 1434 4963 qui
1488 4890 1862 4963 olympiadum
1909 4891 2155 4959 ἀναγρα-

588 4989 694 5057 φὴν
735 4991 1064 5057 con-posuit,
1105 4988 1348 5043 secundo
1383 4986 1530 5042 illius
1573 4989 1821 5056 praetoris
1851 5002 1994 5041 anno
2029 5000 2154 5040 cum

585 5082 820 5137 Eusebio
859 5084 1098 5138 ascribit.
1131 5081 1248 5136 Jam
1295 5097 1424 5136 vero
1457 5082 1600 5151 quod
1637 5096 1834 5136 causas
1867 5091 2155 5134 naturam-

583 5190 690 5244 que
730 5173 1101 5245 olympiadum
1152 5182 1470 5242 perspectas
1519 5172 1808 5235 habemus.
1867 5179 2152 5239 acceptum

585 5268 871 5324 referimus
917 5281 1112 5334 magno
1161 5264 1459 5333 Scaligero,
1516 5266 1605 5319 cui
1654 5264 1887 5332 primum
1925 5264 1978 5318 id
2015 5264 2157 5318 scire

583 5362 828 5430 contigit,
861 5369 914 5412 et
937 5358 1209 5425 cujusmet
1238 5358 1416 5411 verbis
1450 5373 1563 5412 rem
1595 5366 1810 5427 praestat
1842 5371 2154 5427 exponere;

585 5455 858 5524 Pythium,
895 5451 1093 5520 inquit,
1120 5450 1524 5505 consulentibus
1553 5448 1758 5506 Graecis
1787 5448 1855 5504 de
1891 5460 2038 5504 recto
2064 5465 2154 5506 sa-

583 5543 917 5598 criﬁciorum
949 5551 1002 5596 et
1028 5539 1350 5595 soletnnium
1374 5540 1501 5602 ritu,
1536 5556 1855 5610 responsum
1886 5552 1991 5602 est.
2021 5541 2158 5596 bene

587 5635 694 5688 illis
745 5649 1028 5689 cessurum
1082 5635 1125 5688 si
1171 5631 1311 5685 κατὰ
1352 5631 1417 5683 τὰ
1467 5632 1675 5702 πάτρια
1721 5634 1986 5686 καὶκατὰ
2023 5633 2157 5703 ’τρια

587 5725 982 5793 sacriﬁcarent,
1015 5727 1119 5780 hoc
1150 5735 1253 5792 est,
1287 5723 1408 5777 κατ’
1434 5725 1734 5789 ἐνιαυτοὺς,
1777 5725 1921 5777 κατὰ
1958 5727 2156 5796 μῆνας,

593 5810 735 5864 κατὰ
787 5815 1016 5882 ἡμέρας.
1077 5814 1206 5871 Post
1261 5803 1460 5869 rmillas
1517 5829 1644 5867 ann.
1690 5813 1891 5871 formas
1959 5814 2158 5871 frustra

2145 1723 2188 1765 ξι

2238 548 2720 618 elegantissimam,
2761 553 2818 599 ut
2852 553 2968 600 erat
2999 553 3177 610 captus
3207 545 3400 599 illorum
3441 556 3688 617 temporum,

2240 643 2503 694 rationem
2541 638 2800 702 inierunt,
2827 643 2884 690 ut
2912 651 3083 690 annus
3116 644 3255 690 esset
3290 638 3476 691 dierum
3499 639 3583 694 360
3604 655 3692 695 cum

2239 731 2451 786 duabus
2469 728 2861 799 appendicibus
2886 745 2900 780 :
2927 742 3064 796 quas
3080 738 3276 782 veteres
3302 727 3601 785 Athenienses
3631 733 3696 784 ἀν-

2242 820 2695 890 άρχους.ήμέρας
2735 818 2998 871 vocabant
3035 833 3047 868 :
3085 817 3155 871 ita
3187 826 3350 871 tamen
3381 820 3503 872 utin
3525 830 3698 890 quatuor

2242 910 2402 966 annis
2457 925 2596 964 unus
2641 908 2844 963 mensis
2882 922 3051 962 cavus
3109 917 3270 963 esset.
3300 907 3438 963 Unde
3462 911 3698 977 accidebat,

2247 1006 2306 1054 ut
2330 1008 2565 1067 quatuor
2593 997 2720 1050 anni
2760 995 2949 1050 ﬁerent
2977 995 3182 1051 dierum
3215 995 3360 1062 “67,
3387 1012 3491 1066 quae
3513 997 3618 1053 ﬁunt
3638 1012 3702 1072 xy.

2242 1088 2408 1160 zygiae
2440 1087 2510 1142 44
2555 1087 2736 1141 minus
2766 1100 2950 1155 scrup.
2983 1086 3038 1148 1,
3073 1084 3157 1150 16,
3192 1080 3276 1138 40.
3312 1078 3380 1138 Ita
3423 1085 3567 1154 quinti
3611 1089 3702 1140 anni

2243 1179 2527 1235 neomenia
2555 1179 2728 1248 prima
2761 1178 3032 1232 incidebat
3069 1177 3122 1230 in
3152 1176 3481 1230 novilunium.
3507 1178 3704 1246 Aliquan-

2243 1271 2313 1326 do
2351 1271 2516 1325 etiam
2551 1269 2755 1324 mensis
2781 1283 2922 1323 unus
2955 1267 3371 1322 intercalabatur
3399 1284 3411 1319 :
3436 1277 3482 1321 et
3507 1277 3609 1322 tunc
3633 1266 3704 1322 Τοο

2245 1362 2496 1418 tractet-is
2519 1370 2638 1416 erat
2670 1361 2880 1416 dierum
2910 1359 3070 1413 M77.
3095 1356 3184 1413 Sic
3210 1358 3416 1412 oraculo
3443 1357 3703 1413 satisfactum

2243 1455 2525 1524 putabant.
2557 1453 2690 1506 Nam
2718 1453 3015 1508 secundum
3043 1463 3239 1503 annum
3268 1456 3318 1502 et
3350 1463 3553 1502 mensem
3589 1449 3708 1502 satri-

2243 1547 2501 1610 ﬁcabant,
2531 1543 2672 1614 quod
2709 1557 2924 1598 menses
2950 1551 3134 1596 essent
3165 1539 3325 1611 pleni,
3355 1547 3512 1608 utpote
3537 1524 3717 1592 tricena?

2243 1651 2364 1689 rum
2419 1635 2630 1688 dierum
2687 1650 2700 1687 :
2759 1631 2888 1686 item
2947 1645 3127 1684 annus
3175 1644 3240 1684 ex
3296 1630 3453 1697 plenis
3503 1627 3708 1682 mensibus

2245 1726 2576 1781 constitutus
2609 1739 2703 1792 per
2733 1722 3114 1777 embolismum
3151 1719 3214 1774 ad
3245 1733 3338 1774 sua
3375 1717 3511 1772 initia
3538 1718 3707 1786 redibat,

2241 1924 2410 1980 quare
2444 1908 2867 1978 quinto'quoque
2888 1918 3032 1958 anno
3069 1904 3295 1973 majores
3315 1900 3584 1956 Graecorum
3610 1901 3707 1952 fluv-

2241 2001 2469 2072 ηγύρεις
2529 2015 2628 2070 per
2660 1997 3020 2069 quadriennia
3083 1997 3136 2050 in
3167 1995 3345 2051 orbem
3374 1995 3600 2049 redibant.
3622 1990 3711 2046 Nam

2241 2091 2490 2162 Olympia
2531 2091 2585 2144 in
2627 2089 2800 2151 Elide,
2836 2096 2890 2142 et
2929 2085 3286 2141 Panatltenara
3327 2085 3546 2148 Athenis,
3572 2095 3615 2139 et
3643 2083 3713 2154 Py-

2243 2180 2358 2239 thia
2397 2182 2636 2251 Delphis,
2670 2191 2725 2236 et
2757 2179 2968 2236 Carnea
3003 2177 3379 2234 Lacedaemone
3423 2175 3584 2246 quinto
3613 2189 3716 2244 quo-

2241 2290 2348 2345 que
2399 2287 2544 2327 anno
2603 2271 2903 2342 plenilunio
2953 2269 3380 2324 celebrabantur.
3439 2266 3488 2320 Si
3521 2265 3639 2320 enim
3671 2277 3715 2316 ex

2243 2364 2450 2421 oraculi
2487 2371 2754 2432 pret-epla
2778 2375 2994 2416 menses
3033 2359 3184 2429 pleni
3221 2372 3400 2414 omnes
3425 2370 3530 2411 esse
3557 2355 3714 2418 debent,

2243 2469 2298 2515 et
2330 2455 2634 2528 plenilunio
2666 2453 2873 2508 mensis
2911 2452 3072 2522 primi
3113 2452 3348 2506 solemne
3394 2446 3716 2505 celebrandum.

2247 2551 2350 2605 hoc
2381 2564 2486 2602 non
2521 2553 2702 2618 potest
2735 2544 2847 2599 ﬁeri
2887 2545 2938 2597 in
2967 2543 3054 2597 illa
3097 2543 3225 2596 anni
3255 2541 3438 2603 forma,
3472 2539 3559 2593 nisi
3583 2535 3719 2605 quinto

2246 2657 2393 2696 anno
2420 2641 2704 2694 redeunte.
2735 2635 2844 2691 Nos
2868 2635 3348 2689 hallucinationem
3375 2629 3612 2685 Pausaniae
3631 2626 3720 2680 olim

2247 2730 2654 2801 castigavimus,
2711 2727 2802 2796 qui
2863 2723 3106 2790 scribit,
3159 2722 3428 2777 Herculem
3469 2717 3723 2789 Olympicum

2249 2837 2472 2892 agonem
2507 2820 2702 2890 quinto
2734 2834 2952 2891 quoque
2976 2833 3125 2874 anno
3166 2819 3286 2873 ideo
3313 2814 3599 2874 instituisse.
3621 2808 3725 2880 quod

2250 2913 2370 2984 ipse
2403 2922 2459 2968 et
2493 2913 2688 2967 fratres
2723 2911 2846 2982 ejus
2875 2920 3032 2966 erant
3069 2911 3314 2981 quinque
3357 2919 3574 2962 numero.
3613 2900 3726 2970 Atqui

2251 3017 2363 3056 non
2397 3003 2591 3071 quinto
2641 3017 2783 3056 anno
2835 3001 3078 3072 expleto,
3122 3001 3215 3056 sed
3264 3001 3489 3062 ineunte,
3533 2993 3728 3065 olympias

2257 3095 2683 3160 lnstaurahatur,
2715 3102 2952 3164 quatuor
2983 3095 3179 3149 solidis
3228 3093 3362 3148 inter
3384 3091 3506 3146 duas
3537 3085 3731 3159 olympia-

2253 3187 2351 3242 das
2379 3187 2602 3242 relictis.
2629 3187 2799 3241 Porro
2817 3187 2974 3255 hujus
3006 3184 3462 3255 praestantissimae
3475 3176 3732 3234 observatio-

2255 3278 2343 3332 nis
2370 3287 2571 3332 nostra:
2601 3285 2788 3332 tantus
2819 3274 3029 3330 fructus
3062 3284 3173 3341 est,
3206 3285 3267 3330 ut
3299 3274 3412 3330 sine
3434 3273 3525 3326 hac
3553 3266 3733 3323 doctrina

2255 3369 2459 3424 frustra
2489 3369 2664 3422 omnis
2689 3383 2853 3436 opera
2869 3367 3176 3422 collocetur
3199 3368 3251 3421 in
3273 3366 3471 3420 ratione
3497 3369 3730 3429 tempomm

2256 3461 2593 3515 Graecorum.
2646 3458 2921 3514 Hactenus
2974 3458 3088 3513 ille.
3140 3458 3222 3513 Τὰ
3249 3457 3477 3526 ὀλύμπια
3495 3454 3645 3520 itaque
3663 3447 3732 3501 lie-

2256 3551 2609 3618 bant-qnarto
2631 3565 2850 3619 quoque
2883 3563 3028 3603 anno
3061 3559 3259 3604 exacto
3297 3549 3347 3601 in
3375 3543 3630 3617 plenilunio
3647 3536 3730 3606 ejus

2257 3639 2485 3703 mensis,
2536 3640 2692 3708 cujus
2741 3638 3086 3693 novilunium
3125 3636 3366 3706 proxime
3411 3633 3469 3688 ad
3509 3624 3734 3685 solstitium

2257 3731 2502 3785 mstivum
2558 3729 2850 3789 accedebat
2907 3747 2922 3782 :
2981 3737 3153 3797 atque
3205 3712 3561 3793 haec-quidem
3616 3715 3737 3785 prima

2257 3819 2522 3890 olympias
2549 3819 2704 3886 juxta
2737 3816 2997 3888 Scaligeri
3047 3817 3289 3870 rationes
3333 3811 3575 3868 celebrata
3608 3813 3672 3860 est
3693 3798 3739 3854 23

2257 3913 2408 3974 Julii,
2459 3925 2685 3966 numero
2740 3923 2906 3963 aureo
2973 3909 3028 3975 5,
3086 3908 3241 3979 cyclo
3298 3906 3420 3960 solis
3458 3891 3737 3955 Romanols.

2259 4003 2420 4058 Juxta
2453 4011 2631 4056 autem
2665 4000 2904 4063 Eusebii,
2936 4014 3082 4069 quas
3113 4011 3168 4052 et
3195 3987 3741 4066 llieronymussequitut.

2261 4095 2520 4154 rationes.
2551 4101 2778 4147 notante
2811 4089 3046 4144 Henrico
3077 4088 3359 4144 Leonardo
3381 4075 3742 4139 Sehurzﬁeiscltio

2261 4184 2312 4238 in
2349 4185 2570 4239 Dissert.
2624 4183 3005 4251 cltronologica
3057 4183 3124 4235 ad
3170 4179 3440 4251 periodum
3479 4168 3742 4236 Graecodio-

2259 4289 2474 4327 manant
2507 4288 2629 4343 pag.
2660 4273 2784 4336 110,
2818 4271 3109 4326 inchoatur
3127 4285 3274 4325 anno
3293 4269 3408 4338 ejus
3435 4263 3609 4336 periodi
3628 4255 3743 4314 4717.

2261 4367 2415 4437 cyclo
2472 4366 2602 4419 solis
2653 4366 2740 4428 17,
2797 4365 2865 4419 Α.
2947 4361 3013 4419 G.
3077 4366 3219 4419 lunae
3253 4364 3286 4417 4
3317 4401 3333 4427 ,
3393 4359 3562 4416 lndict.
3609 4353 3671 4412 Ἰ.
3709 4354 3746 4399 ει

2267 4457 2485 4528 quidem
2551 4471 2580 4508 a
2642 4454 2902 4511 Kalendis
2972 4455 3308 4525 Septembris
3357 4465 3491 4507 anno
3540 4439 3745 4517 populari.

1063 4547 1078 4580 :
1121 4525 1432 4593 mavultque
1478 4523 1614 4578 adeo
1661 4521 1874 4578 Goarus
1932 4521 2145 4576 rescribi

2262 4521 2385 4602 eum
2412 4559 2519 4615 quo
2547 4560 2751 4598 annum
2787 4521 3202 4608 lncarnationis,
3226 4543 3546 4609 aliarumque
3570 4530 3748 4602 epoch-

2265 4653 2384 4692 rum
2457 4636 2723 4693 Eusebius
2781 4636 3117 4706 auspicatur.
3180 4642 3354 4706 Atque
3411 4633 3534 4687 adeo
3583 4617 3748 4679 verissi.

2263 4745 2411 4784 mum
2445 4738 2550 4796 est,
2593 4727 2734 4797 quod
2762 4728 3077 4783 ltaesitanter
3127 4725 3380 4798 proponit
3398 4719 3615 4778 Petavius
3638 4718 3748 4783 Ριη·

2263 4822 2306 4876 11
2352 4822 2653 4877 Rationarii
2743 4825 2978 4890 tempor.‘
3029 4821 3125 4875 lib.
3159 4837 3200 4887 t,
3229 4835 3347 4889 cap.
3383 4816 3464 4879 10,
3488 4814 3549 4867 ab
3589 4815 3750 4862 autum-

2262 4928 2335 4968 no
2412 4913 2771 4968 antecedente
2833 4913 3176 4984 olympiadas
3245 4911 3482 4980 vulgares
3523 4897 3748 4958 Eusebium

2262 5003 2599 5074 olympiadas
2651 5019 2778 5059 suas
2824 5003 3064 5058 exordiri
3114 5021 3128 5057 :
3173 5002 3315 5072 quod
3355 5008 3405 5054 et
3431 4993 3674 5051 dicendum
3693 4992 3749 5039 est

2264 5096 2329 5150 de
2357 5093 2673 5165 Hieronymi
2697 5094 3109 5150 continuatione
3134 5107 3308 5164 usque
3334 5092 3395 5144 ad
3427 5081 3640 5142 Valentis
3655 5079 3745 5142 imPo

2263 5195 2522 5249 mortem,
2555 5201 2760 5240 annum
2811 5186 3021 5240 scilicet
3049 5185 3248 5240 Christi
3281 5182 3405 5237 578.
3445 5173 3616 5232 Scribit
3644 5165 3746 5222 enim

2262 5275 2332 5329 ad
2361 5291 2485 5330 eum
2535 5258 2717 5344 usque.
2741 5289 2945 5329 annum
2979 5273 3366 5344 olympiadicos
3394 5267 3590 5322 ﬁnxisse
3631 5250 3745 5310 1155.

2265 5382 2388 5419 cum
2441 5366 2540 5419 soli
2577 5365 2686 5420 sint
2717 5364 2860 5420 1154
2891 5377 3210 5419 communes
3241 5377 3270 5415 a
3310 5358 3488 5428 paucis
3535 5344 3746 5404 mensibus

2266 5460 2530 5526 inchoati,
2569 5469 2628 5515 ut
2655 5461 2898 5514 rationes
2930 5457 3137 5513 ineunti
3167 5453 3446 5511 constabit.
3475 5446 3637 5503 Verum
3653 5431 3744 5491 illud

2264 5560 2343 5614 es!
2379 5549 2541 5602 etiam
2603 5548 2798 5604 sedulo
2847 5547 3423 5608 animadvertendum,
3467 5537 3590 5608 quod
3634 5527 3744 5582 vide-

2267 5653 2357 5696 tur
2392 5641 2725 5710 Scaligerum
2783 5640 3027 5705 latuisse,
3084 5636 3460 5707 olympiadem,
3492 5641 3580 5697 qua
3605 5622 3742 5710 Coro?-

2266 5733 2368 5788 bus
2402 5732 2635 5786 stadium
2669 5731 2818 5795 vicit,
2864 5745 2972 5784 non
3010 5705 3386 5798 vere—primam
3419 5734 3544 5784 esse,
3567 5715 3639 5770 σοά
3663 5705 3741 5798 1)τὲ

2273 5836 2414 5874 mam
2445 5835 2632 5876 earum
2664 5835 2784 5890 quae
2816 5831 3113 5878 numeratae
3146 5795 3299 5885 sunt,
3323 5816 3425 5869 τῶν
3470 5795 3739 5873 ἀριθμουμέ-
