3964 6186
253 347 353 407 881

249 477 382 521 νων,
414 470 469 513 ut
500 475 624 516 vere
655 470 898 516 notatum
930 457 1178 533 Syuccllo
1215 466 1296 511 cst

247 553 502 622 primam,
527 568 647 610 cum
671 552 851 609 ﬂoruit
879 551 1109 623 Iphitus,
1137 553 1430 621 interiecta:
1453 559 1580 604 sunt
1608 549 1815 619 priores

245 644 370 698 alia:
395 643 487 710 27,
522 645 636 700 sive
675 645 801 700 anni
831 654 1052 699 centum
1086 653 1140 698 et
1173 653 1316 697 octo.
1355 641 1411 697 Id
1445 641 1536 697 ille
1585 656 1649 696 ex
1690 640 1816 694 Ari-

243 738 517 799 stodemo,
571 737 810 802 itemque
859 735 1084 806 Polybio
1131 735 1330 799 hausit,
1383 732 1477 799 qui
1532 731 1813 787 historiam

243 825 613 896 olympiadum
672 835 926 881 auctores
980 823 1334 879 vetustissimi
1415 829 1813 877 contexerunt.

241 917 454 984 Quibus
492 926 547 972 et
597 916 831 986 Phlegon
860 916 914 970 in
969 916 1271 985 fragmento
1304 913 1519 985 Olymp.
1563 922 1693 968 tom.
1741 910 1813 966 lX

238 1011 505 1078 Antiquit.
533 1008 709 1063 Graec.
741 1025 795 1077 p.
830 1009 956 1063 1291
993 1007 1230 1063 concinit
1262 1025 1276 1062 :
1306 1008 1541 1076 denique
1571 1015 1622 1062 et
1647 1006 1816 1061 Calli-

241 1099 472 1153 machus
520 1103 660 1166 apud
687 1099 966 1153 laudatum
1001 1098 1309 1170 Syncellutn
1347 1115 1362 1152 :
1405 1097 1618 1151 tametsi
1669 1095 1816 1149 solas

238 1193 498 1246 tredecim
531 1192 658 1246 velit
689 1191 1322 1256 praeessisse._0tnissas
1350 1189 1539 1244 referri
1567 1191 1616 1241 in
1651 1189 1810 1242 tabu-

237 1281 330 1349 lis,
363 1291 524 1350 atque
570 1283 754 1348 istam,
800 1299 908 1351 qua
938 1283 1203 1340 Cormbus
1234 1283 1409 1338 victor
1432 1275 1815 1352 pronuntiatus

233 1381 342 1432 est.
388 1371 556 1427 fuisse
599 1373 862 1428 det-imam
898 1385 1165 1444 quartam,
1209 1375 1520 1430 contendat.
1566 1371 1690 1426 Ilzec
1719 1370 1812 1439 qui

233 1473 395 1514 antea
430 1463 748 1531 ignot'abant
773 1465 1089 1534 cbronologi
1125 1476 1287 1535 atque
1311 1463 1582 1524 historici,
1616 1465 1698 1513 vix
1732 1459 1816 1512 di-

234 1562 328 1604 rtu
370 1561 472 1614 est,
529 1552 581 1606 in
635 1569 770 1620 quas
826 1561 1129 1625 temporum
1181 1554 1432 1623 ambages
1480 1563 1806 1619 erroresque

232 1640 547 1695 inciderint.
599 1643 678 1696 Ad
734 1643 939 1712 reliqua
991 1659 1380 1714 properemus.
1434 1641 1665 1711 lphitus.
1719 1637 1808 1706 qui

233 1749 493 1801 perquam
529 1735 614 1789 hic
663 1735 800 1791 bene
833 1737 1090 1792 scribitur
1119 1737 1266 1805 ﬁlius
1311 1733 1656 1794 Praxonidis,
1699 1732 1804 1783 sive

228 1821 518 1891 Hamanis,
567 1843 699 1882 sane
730 1843 1012 1898 perperam
1046 1828 1209 1895 huius
1239 1842 1404 1896 nepos
1434 1824 1630 1879 dicitur
1665 1821 1799 1875 Sca-

222 1912 418 1982 ligero,
459 1919 712 1987 qui-legit
749 1920 898 1988 ﬁlius
946 1917 1324 1984 Parazonidis,
1373 1917 1474 1986 ﬁlii
1526 1913 1796 1969 rEmonis.

224 2005 593 2075 Przeterquam
644 2011 784 2078 quod
826 2011 971 2065 illam
1003 2010 1290 2064 lectionem
1327 2017 1383 2063 et
1434 2009 1604 2061 nostri
1659 2022 1793 2061 mss.

221 2107 282 2153 et
313 2095 538 2154 Palatini
571 2103 636 2154 ad
670 2117 835 2155 unum
881 2116 1095 2162 omnes.
1119 2101 1354 2170 denique
1384 2109 1441 2154 et
1471 2099 1795 2154 vetustiores

221 2191 351 2246 editi
375 2193 494 2245 libri
515 2209 635 2246 cum
665 2193 928 2247 Sichardo
959 2193 1274 2262 praeferunt,
1298 2193 1491 2260 prohat
1519 2193 1681 2245 etiam
1711 2191 1796 2244 ln-

219 2280 601 2336 culeotissimo
637 2283 947 2338 testimonio
992 2282 1292 2336 Pausanias
1328 2284 1379 2336 in
1423 2281 1616 2336 Eliaois
1665 2296 1788 2349 cap.

218 2372 258 2427 ι
287 2389 301 2426 :
335 2373 644 2441 Inscriptio,
679 2376 875 2444 inquit,
909 2391 1024 2444 qua:
1052 2376 1108 2428 in
1147 2374 1392 2444 Olympia
1429 2383 1527 2440 est,
1562 2373 1792 2441 Iphilum

220 2471 448 2518 testatur
481 2463 751 2520 Ha'mam's
775 2465 948 2534 ﬁlium
981 2467 1144 2537 fuisse
1182 2483 1200 2521 :
1236 2466 1541 2522 Crassorum
1565 2467 1793 2534 plerique

227 2571 334 2609 non
389 2554 662 2612 [Immonis
707 2576 844 2622 eum,
890 2559 979 2613 sed
1007 2559 1328 2614 Praxonidm
1369 2559 1540 2624 ﬁlium
1589 2558 1790 2612 dixere.

220 2645 366 2712 Quin
399 2647 515 2717 ipse
545 2649 706 2704 etiam
731 2649 972 2720 Scaliger
1004 2652 1058 2705 in
1079 2651 1294 2722 Sylloge
1327 2651 1654 2716 Eusebiana,
1684 2649 1791 2705 Ἦν

226 2736 431 2805 Ἴφιτος
473 2741 502 2792 ὁ
523 2738 781 2809 Αἴμονος,
813 2741 957 2796 κατὰ
980 2743 1033 2796 δὲ
1065 2742 1259 2806 ἄλλους
1291 2742 1622 2814 Πραξονιδυυ
1646 2745 1792 2808 τινὸς

215 2829 352 2897 τῶν,
388 2849 443 2883 κ.
477 2848 528 2890 τ.
565 2831 614 2888 λ.
665 2832 868 2903 Nempe
909 2851 1038 2890 cum
1073 2835 1140 2890 de
1175 2836 1293 2903 eius
1346 2850 1542 2901 genere
1582 2837 1791 2895 consti-

217 2922 423 2977 tuendo
451 2924 771 2980 dissentiant
813 2936 1046 2989 veteres,
1081 2927 1203 2981 aliis
1231 2942 1258 2980 a
1297 2926 1624 2992 Praxonida,
1663 2928 1789 2984 aliis

1517 342 1922 403 VALLARSEI
1964 341 2198 402 ΝΟΤᾹΞ.

1347 471 1362 510 :
1407 469 1434 509 a
1459 471 1560 519 qua
1597 457 1664 508 ad
1702 469 1824 507 vere
1857 460 1896 517 Α
1928 469 2066 506 mum
2090 455 2432 509 revocandam
2453 470 2652 511 censeo.
2677 452 2966 523 Subjttngit
2989 450 3044 506 in
3065 455 3296 520 quarto:
3323 448 3498 500 Achrz

3394 337 3512 392 882'

1917 560 2073 614 porro
2092 547 2236 617 regni
2257 547 2357 606 ruit
2377 547 2460 600 hic
2474 563 2645 601 annus
2660 545 2945 616 primus,in
2962 558 3112 614 quem
3133 539 3499 610 Olympiadem

1917 639 2143 706 primam
2194 638 2425 692 incidere
2471 639 2970 693 demonstravimus.
3022 635 3160 691 Hinc
3218 632 3493 701 Scaliger.

1919 730 2001 794 Si,
2032 730 2230 799 inquit,
2269 732 2559 786 Africanus
2588 732 2819 801 primam
2870 729 3234 799 olympiadem
3269 741 3498 792 compa-

1919 829 2003 872 rat
2036 834 2159 873 cum
2207 820 2382 888 primo
2417 835 2561 874 anno
2612 821 2818 884 Achaz,
2857 820 2996 874 falso
3040 817 3496 872 Eusebiusanno

1921 910 2096 974 primo
2129 908 2358 964 Joatban
2403 911 2548 966 illam
2582 926 2706 965 eum
2733 911 3014 979 assignare
3039 909 3253 964 scrihit.
3282 907 3496 962 Goarus

1920 1000 2338 1070 imprudentiam
2368 1002 2601 1072 Syncelli
2650 1003 2854 1072 culpat,
2899 1002 2991 1072 qui
3034 1003 3192 1056 modo
3225 1000 3492 1062 Africani,

1919 1095 2079 1150 modo
2111 1094 2328 1151 Eusebii
2357 1097 2636 1152 codicibus
2661 1111 2817 1160 usus,
2848 1094 3132 1149 mendosis
3163 1093 3493 1162 quandoque

1917 1188 2142 1242 calculis
2171 1187 2457 1257 oberrarit,
2479 1189 2614 1244 adeo
2632 1204 2740 1242 non
2764 1187 2929 1242 unius
2954 1185 3184 1267 librarii,
3202 1184 3294 1239 sed
3320 1186 3492 1252 ipsius

1919 1294 2306 1348 nonnunquam
2363 1279 2604 1335 auctoris
2633 1280 2726 1350 qui
2761 1287 3064 1334 occurrunt
3098 1277 3344 1347 pr0prios
3368 1289 3492 1331 esse

1916 1388 2152 1439 errores,
2177 1389 2205 1428 a
2228 1375 2429 1443 quibus
2461 1390 2522 1429 ea
2557 1375 2896 1429 solummodo
2919 1372 3150 1433 ratione,
3176 1369 3322 1439 quod
3353 1383 3492 1438 opus

1917 1481 2023 1520 non
2065 1466 2314 1534 relegcrit
2363 1468 2454 1520 vel
2493 1466 2852 1528 rccensuerit,
2909 1463 3271 1518 vindicandus
3302 1461 3488 1514 videa-

1916 1561 2022 1607 tur.
2052 1553 2234 1624 Pergit
2282 1571 2442 1624 porro
2490 1555 2734 1624 Scaliger
2773 1553 2970 1620 :Quod
3018 1551 3064 1606 si
3121 1549 3486 1605 concedamus

1916 1647 2092 1716 primo
2122 1647 2351 1702 Joathan
2384 1663 2530 1702 anno
2565 1647 2929 1718 Olympiadem
2965 1645 3194 1714 primam
3223 1642 3484 1697 collatam

1913 1754 2031 1792 esse
2052 1741 2120 1794 ab
2146 1738 2420 1802 Africano,
2448 1756 2615 1809 quare
2640 1739 2906 1793 Eusebius
2935 1738 3090 1804 dicit,
3131 1733 3332 1789 Nostra
3355 1749 3484 1803 quo-

1907 1851 2004 1904 que
2029 1835 2335 1901 supputatio
2358 1835 2539 1888 iisdem
2564 1834 2882 1901 temporibus
2915 1847 3032 1885 eant
3053 1829 3291 1884 exhibuit
3312 1828 3337 1881 Ρ
3358 1825 3484 1880 Fal-
3516 1841 3523 1849 ·

1899 1943 2018 1981 εειηι
2068 1926 2237 1992 enim,
2271 1927 2338 1981 ab
2377 1927 2614 1980 Eusebio
2648 1941 2764 1979 eam
2829 1926 3000 1993 primo
3050 1937 3194 1976 anno
3246 1919 3480 1974 Joathan

1898 2014 2190 2083 assignari,
2225 2030 2348 2069 cum
2381 2014 2970 2084 adquinquagcsimum
3003 2012 3211 2066 Azariae
3239 2025 3358 2064 eam
3389 2024 3484 2061 an-

1900 2106 2116 2162 notarit.
2155 2107 2352 2162 Verum
2390 2107 2444 2160 in
2502 2107 2604 2160 hoc
2645 2107 2762 2174 ipse
2795 2104 3165 2168 hallucinatur
3193 2099 3484 2169 Scaliger;

1896 2212 2020 2252 cunt
2050 2197 2192 2252 enim
2229 2198 2421 2252 solidis
2450 2208 2686 2266 quatuor
2728 2197 2886 2250 annis
2934 2195 3210 2265 Olympias
3243 2198 3478 2257 constet,

1897 2296 1955 2340 ut
1986 2302 2112 2342 vere
2145 2288 2410 2342 Eusebius
2445 2287 2664 2351 dixerit,
2697 2288 2830 2341 satis
2862 2295 2967 2349 est,
3020 2284 3163 2352 quod
3201 2286 3342 2336 intra
3373 2281 3478 2335 htt-

1889 2377 2042 2446 jusce
2086 2381 2467 2435 tetraeteridos
2499 2379 2760 2434 terminos
2791 2378 2878 2431 ille
2910 2377 2979 2430 sit
3008 2376 3215 2446 positus
3244 2390 3261 2441 ;
3304 2389 3478 2443 neque

1898 2471 2042 2525 enim
2080 2471 2176 2536 ait,
2207 2479 2268 2526 ut
2299 2486 2582 2540 perperam
2608 2469 2852 2539 Scaliger
2886 2469 3111 2537 accepit,
3145 2481 3201 2521 se
3235 2467 3303 2520 ab
3333 2480 3477 2520 anno

1893 2560 2070 2629 primo
2089 2559 2317 2616 Joathan
2353 2561 2690 2631 olympiades
2739 2569 3058 2628 supputare.
3103 2555 3473 2610 Nihilosocius

1893 2650 2214 2706 Africanum
2267 2653 2507 2706 nondum
2558 2651 2740 2706 dicere
2788 2651 2930 2718 quod
2979 2647 3151 2702 voluit
3185 2645 3476 2708 Eusebius,

1892 2743 2173 2796 contendit
2235 2741 2490 2797 Petavius
2542 2741 2682 2796 libro
2747 2756 2800 2796 ις
2857 2726 2925 2794 de
2994 2737 3246 2794 Doctrina
3329 2745 3480 2792 tem-t

1892 2845 2012 2900 por.
2079 2846 2203 2901 cap.
2269 2831 2338 2885 56
2371 2875 2387 2898 ,
2458 2847 2620 2901 quem
2671 2845 2804 2887 sane
2861 2845 3038 2899 operas
3085 2829 3319 2898 pretium
3367 2827 3472 2882 erit

1891 2923 2252 2979 consuluisse;
2293 2923 2398 2979 Sed
2433 2933 2489 2978 et
2515 2921 2749 2994 Iacobus
2789 2922 3089 2991 Basnagius
3115 2921 3172 2980 in
3200 2921 3354 2975 Notis
3402 2917 3477 2974 ad

212 3013 284 3067 ab
343 3011 600 3069 Hannone
655 3016 1047 3072 deducentihus
1071 3057 1086 3080 ,
1138 3028 1421 3089 utramque
1463 3022 1788 3075 sententiam
1881 3015 2146 3084 Prosperi
2183 3015 2526 3079 Chronicon,
2556 3015 2852 3068 Eusebium
2881 3013 3262 3071 inconstantiae
3286 3026 3473 3081 repre-

211 3104 386 3159 voluit
417 3115 678 3161 annotare
707 3108 989 3172 Eusebius.
1027 3125 1127 3164 nec
1155 3125 1289 3164 sane
1317 3124 1440 3164 eum
1471 3110 1649 3180 potuit
1671 3112 1792 3163 Hm-
1814 3127 1862 3192 ρ
1895 3107 2105 3170 hcndit,
2135 3107 2279 3176 quod
2304 3115 2358 3160 et
2387 3124 2415 3159 a
2447 3106 2870 3174 quadragesimo
2911 3119 3057 3159 nono
3088 3103 3295 3156 Azaria:
3324 3117 3470 3159 anno

218 3197 402 3250 nxonis
441 3206 688 3266 nepotem
739 3199 940 3263 dicere,
983 3200 1128 3270 quod
1176 3217 1336 3254 nemo
1375 3208 1623 3255 'veterum
1673 3219 1782 3256 ttu-

209 3299 375 3350 quam
419 3288 729 3342 somniavit.
777 3288 860 3343 Ab
899 3288 1071 3360 Oxylo
1101 3307 1270 3362 genus
1294 3292 1538 3357 duxisse,
1579 3294 1787 3348 Pausa-

209 3375 331 3431 nias
383 3376 500 3432 loco
548 3379 784 3442 laudato,
839 3383 1055 3437 nemine
1104 3383 1247 3453 quod
1297 3384 1464 3438 sciam
1502 3384 1785 3450 diﬂitente,

220 3473 419 3538 .radit,
477 3480 794 3542 certumque
840 3487 1096 3543 praeterea
1143 3486 1228 3532 est
1287 3493 1352 3531 ex
1391 3478 1736 3545 antiquorum
1766 3516 1782 3542 ,

219 3562 520 3625 Pausanias,
564 3565 770 3620 scilicet
795 3566 1123 3628 Aristotelis,
1160 3575 1214 3622 et
1247 3568 1486 3621 maxime
1518 3567 1787 3637 Phlegon—

219 3652 305 3717 tis,
356 3663 414 3707 ut
449 3655 584 3710 alios
616 3667 843 3722 taceam,
889 3675 1156 3715 consensu
1195 3660 1297 3712 hac
1332 3660 1382 3712 in
1413 3675 1490 3723 re,
1523 3658 1782 3728 quidquid

217 3741 495 3798 Simsonio
533 3746 763 3815 aliisque
805 3749 1202 3802 recontiorihus
1235 3749 1582 3815 chronologis
1609 3752 1781 3800 visum

217 3833 306 3896 sit,
355 3849 483 3888 eum
523 3835 754 3908 Lycurgi
789 3839 1111 3906 legislatoris
1163 3850 1215 3892 et
1249 3839 1589 3894 Cleostbenis
1625 3836 1778 3891 Pisaei

216 3925 474 3999 aqualem
526 3929 838 3992 exstitisse,
887 3930 1212 3997 quibuscum
1267 3930 1424 3984 ludos
1468 3927 1780 3998 Olympicus

212 4018 558 4072 instauravit.
615 4017 766 4085 Quod
799 4021 939 4074 enim
971 4021 1057 4076 hic
1087 4021 1284 4074 dicitur
1313 4022 1366 4074 in
1411 4019 1601 4075 Graeco
1645 4020 1781 4087 ἀνῆ-

209 4121 331 4172 γεν,
368 4106 541 4174 accipi
569 4105 723 4174 jubet
754 4106 1242 4161 Schurzlleischius
1288 4123 1383 4175 pro
1417 4122 1482 4160 eo
1522 4105 1666 4175 quod
1704 4105 1780 4158 ait

201 4196 370 4248 etiam
403 4195 720 4262 Pausanias,
769 4198 1014 4266 διέθηκε,
1050 4199 1163 4252 sive
1211 4209 1267 4252 ut
1316 4207 1369 4253 et
1419 4197 1778 4266 Hieronymus

212 4287 390 4350 vertit,
419 4287 710 4351 constituit,
743 4287 858 4341 sive
891 4287 1198 4352 ordinavit;
1232 4301 1354 4340 nam
1379 4295 1430 4339 et
1465 4287 1536 4340 ita
1571 4286 1778 4355 viguis-

211 4386 266 4428 se
309 4382 421 4426 tum
449 4373 723 4440 temporis
774 4375 930 4427 ludos
965 4376 1119 4439 istos,
1170 4375 1361 4444 probat
1407 4372 1656 4427 Kuhnius
1709 4371 1774 4426 ad

1892 3198 2260 3268 olympiadum
2321 3198 2538 3252 initium
2583 3199 2764 3261 ducat,
2818 3206 2873 3252 et
2931 3199 3168 3267 primum
3224 3195 3467 3265 ejusdem

1890 3304 2092 3343 annum
2115 3303 2240 3342 cum
2271 3288 2415 3343 illius
2437 3290 2890 3358 quinquagesimo
2924 3288 3088 3342 faciat
3114 3288 3166 3341 in
3193 3287 3472 3342 recensio;

1891 3396 1958 3435 ne
1991 3396 2336 3436 concurrere.
2369 3385 2544 3451 Atque
2594 3385 2698 3435 hoc
2747 3381 2968 3452 quldem
3013 3395 3200 3434 verum
3230 3387 3336 3445 est,
3370 3393 3471 3434 nec

1889 3471 2012 3525 ideo
2065 3481 2243 3526 tamen
2287 3472 2469 3524 minus
2515 3471 2617 3525 sibi
2667 3471 2939 3526 Eusebius
2971 3479 3226 3536 constat;
3262 3485 3468 3538 prmce-

1887 3564 2035 3618 denti
2067 3565 2209 3616 ettim
2237 3578 2380 3616 anno
2413 3564 2830 3630 quadragesimo
2863 3578 3007 3615 nono
3045 3563 3220 3616 solum
3255 3575 3463 3615 memo-

1889 3665 1966 3710 rat
2015 3657 2187 3723 ipsam
2241 3654 2604 3724 Olympiadem
2646 3665 2845 3718 actam,
2905 3654 3020 3708 sive
3073 3653 3256 3705 ludum
3299 3660 3464 3719 atque

1885 3760 2109 3815 agonem
2141 3745 2518 3798 commissmn.
2544 3745 2750 3797 Cretera
2777 3754 2902 3798 sunt
2923 3743 3083 3796 etiam
3113 3742 3204 3810 qui
3241 3758 3268 3796 a
3299 3734 3462 3812 quin-

1884 3838 2199 3909 quagesiuto
2236 3840 2411 3908 primo
2443 3839 2648 3890 Azaria:
2676 3853 2820 3889 anno
2845 3836 3184 3906 olympiadas
3208 3835 3463 3887 dinume-

1884 3944 2006 3982 rare
2041 3929 2324 3998 incipiunt.
2353 3928 2558 3981 Laudat
2593 3927 2645 3980 in
2682 3930 2822 3980 hanc
2860 3927 3187 3981 sententiam
3222 3925 3460 3978 Schurz-

1883 4015 2160 4070 lleischius
2180 4031 2510 4087 anonymum
2543 4015 2801 4070 Chronici
2831 4019 3181 4085 scriptorem,
3218 4015 3459 4067 nondum

1881 4106 2083 4174 publici
2115 4107 2258 4176 juris
2299 4105 2500 4161 factum
2533 4107 2675 4176 apud
2727 4105 2975 4161 Garciatn
3018 4107 3086 4159 de
3135 4104 3352 4169 Loaisa,
3390 4107 3456 4158 ad

1879 4197 2070 4252 lsidori
2096 4198 2404 4252 Cbronicon
2437 4215 2557 4268 pag.
2589 4199 2678 4264 55,
2721 4199 2833 4261 ubi,
2877 4199 2986 4251 ἔτει
3010 4196 3094 4252 va"
3133 4195 3333 4263 Ὀζίου,
3371 4197 3457 4250 di-

1877 4291 2041 4354 citur,
2089 4289 2185 4342 τοῦ
2233 4291 2327 4342 καὶ
2369 4289 2647 4359 Ἀπρίου,
2694 4291 2960 4358 βασιλέως
3008 4290 3200 4354 Ἰούδα,
3252 4291 3453 4360 πρώτη

1877 4380 2154 4450 ὀλυμπιὰς
2211 4381 2371 4449 ἐτέθη
2431 4381 2522 4432 ὑπ’
2575 4380 2812 4448 Ἰφίτου.
2864 4381 3087 4435 Penitus
3145 4381 3455 4435 econtrario

211 4464 560 4528 Pausaniam,
594 4475 652 4518 ut
710 4482 819 4521 non
871 4476 979 4522 tam
1030 4469 1098 4521 de
1148 4482 1335 4520 eorum
1389 4467 1779 4520 instauratione
1806 4467 1860 4528 D
1885 4470 2203 4541 chronologi
2240 4472 2571 4528 recentiores
2606 4481 2948 4527 antevertere
2978 4471 3242 4541 epocham
3283 4472 3454 4542 olym-

209 4554 459 4624 quamde
487 4555 861 4622 dispositione,
881 4567 935 4611 et
956 4566 1012 4610 ιιι
1037 4558 1106 4612 ait
1135 4556 1368 4628 Phlegon
1397 4557 1450 4612 in
1482 4555 1775 4626 Fragmen-

206 4655 265 4700 to
312 4647 516 4708 sapius
546 4646 788 4711 laudato,
829 4649 1088 4703 certarint
1135 4648 1331 4711 Graeci.
1381 4656 1564 4703 essent
1607 4663 1774 4704 necne

206 4736 444 4790 victores
505 4735 758 4806 deinceps
823 4737 1120 4791 coronamli
1158 4775 1174 4790 .
1244 4735 1441 4788 Notum
1500 4737 1554 4790 in
1616 4735 1770 4800 line,

205 4834 422 4896 tempus
473 4829 616 4896 quod
668 4829 1004 4899 olympiadas
1054 4830 1311 4898 prascedit
1357 4829 1563 4883 Graecis
1611 4829 1773 4898 μυθι-

204 4920 302 4972 κδν
330 4919 462 4975 dici.
494 4921 700 4974 Caetera
733 4921 934 4974 videsis
967 4920 1274 4974 Samuclem
1307 4920 1536 4976 Petitutn
1564 4921 1628 4975 ad
1663 4919 1771 4976 LL.

203 5009 415 5064 Atticas
434 5024 462 5061 a
490 5024 611 5078 pag.
638 5011 706 5063 54
726 5009 791 5065 ad
816 5009 906 5063 60.

270 5099 392 5154 Col.
443 5101 570 5156 353.
604 5100 840 5156 Primam
875 5101 1238 5172 Olympiadem
1287 5102 1592 5172 Africanus.
1629 5102 1769 5168 Quin

201 5193 338 5258 imo,
391 5195 469 5248 ait
531 5195 841 5264 Syncellus,
872 5195 1159 5250 Africanus
1192 5195 1406 5250 Eusebii
1439 5196 1768 5250 sententiam

199 5284 448 5353 opposita
503 5285 734 5339 destruit
797 5285 1145 5350 auctoritate,
1203 5287 1270 5340 ad
1318 5285 1501 5341 Achaz
1557 5295 1770 5352 tempus

197 5373 577 5443 Olympiadem
612 5377 838 5444 primam
871 5377 1036 5430 tertio
1070 5389 1124 5430 et
1160 5387 1356 5445 quarto
1375 5377 1767 5433 Historicorum

197 5464 344 5518 libro
397 5465 602 5531 apertis
653 5465 804 5519 hisce
859 5465 1036 5518 verbis
1070 5465 1282 5519 initium
1337 5467 1592 5524 habuisse
1623 5466 1767 5521 aﬂir-

198 5571 360 5610 mans
396 5571 411 5610 :
448 5554 814 5624 Olympiadem
849 5557 1100 5624 primam,
1142 5573 1260 5627 qua
1288 5567 1461 5614 tamen
1496 5575 1690 5629 quarta
1719 5567 1768 5613 et

196 5647 404 5699 decima
443 5647 566 5715 fuit,
609 5661 725 5701 cum
760 5649 932 5702 stadio
955 5651 1120 5702 uictor
1147 5648 1394 5705 Coroebus
1431 5652 1764 5708 renuntiatus

197 5744 295 5800 est,
330 5737 400 5789 ad
451 5739 626 5793 Acha:
653 5740 705 5794 in
737 5737 1033 5794 Jerusalem
1089 5743 1352 5810 regnantis
1404 5759 1600 5798 annum
1655 5746 1765 5811 pri-

1884 4559 2090 4626 piacam
2123 4572 2372 4631 respectu
2397 4577 2664 4618 annorum
2703 4564 2850 4619 Ozias
2885 4565 3109 4619 student
3142 4576 3157 4616 ε
3200 4573 3256 4618 et
3307 4563 3452 4618 Sim-

1881 4653 2070 4710 sonius
2093 4654 2310 4724 quidem
2360 4671 2504 4710 anno
2529 4657 2648 4726 ejus
2676 4657 2846 4727 :regis
2900 4657 3176 4712 tricesimo
3234 4666 3450 4726 quarto,

1883 4741 2127 4814 Scaliger
2163 4745 2442 4800 tricesimo
2481 4761 2578 4815 sep
2607 4745 2716 4800 imo
2744 4745 3032 4815 assignat:
3072 4745 3330 4800 alii-aliis.
3369 4745 3450 4800 'l'u

1881 4833 2058 4887 recole
2090 4834 2252 4887 modo
2291 4833 2570 4889 laudatum
2599 4835 2802 4889 Petavii
2845 4835 3044 4888 librum
3087 4836 3154 4889 de
3198 4836 3453 4890 Doctrina

1883 4931 2050 4987 temp.
2082 4936 2204 4990 cap.
2238 4923 2327 4976 56.

1949 5009 2086 5064 Ibid.
2116 5011 2361 5066 Arctinus
2408 5011 2668 5070 Milesius.
2705 5014 2764 5069 In
2805 5013 3091 5070 Parmensi
3140 5032 3268 5084 ms.,
3301 5017 3449 5072 Arti-

1881 5099 2112 5164 nus;in
2168 5100 2344 5168 primo
2407 5100 2680 5165 Palatino,
2747 5104 3058 5170 Arctimus;
3101 5109 3337 5176 pessime
3389 5109 3446 5163 in

1880 5193 2060 5256 tertio,
2116 5194 2387 5248 Aretinus.
2442 5194 2502 5248 In
2569 5194 2761 5252 Graeco
2813 5212 3034 5266 quoque
3090 5208 3240 5255 testu
3296 5201 3447 5255 varia

1879 5284 2151 5352 scriptura
2201 5294 2286 5340 est
2317 5303 2336 5339 :_
2364 5285 2509 5357 apud
2565 5287 2900 5358 Syncellum,
2942 5292 3168 5348 ’Δκτίων
3189 5308 3205 5358 ;
3241 5307 3294 5352 in
3327 5292 3446 5345 vul-

1875 5376 2020 5444 gatis
2055 5375 2297 5448 Dionysii
2332 5376 2509 5432 Halic.
2535 5379 2842 5446 codicibus,
2884 5381 3200 5449 ’Δραττνοςς
3233 5383 3442 5450 optime

1874 5469 2016 5538 apud
2034 5468 2621 5542 Suidam,|‘Apasivoc;
2652 5487 2754 5542 pro
2782 5475 3208 5540 ﬂorentissimus,
3227 5474 3284 5528 in
3317 5470 3441 5528 aliis

1874 5561 2028 5616 libris
2076 5567 2160 5616 est
2199 5562 2398 5618 clarus.
2432 5562 2670 5635 Scaliger
2703 5566 2792 5619 uhi
2852 5566 2994 5620 hanc
3035 5566 3196 5634 ῥῆσιν
3247 5565 3423 5634 primo

1875 5653 2060 5710 retulit
2087 5663 2214 5710 ante
2267 5656 2570 5724 biennium,
2602 5659 2732 5728 legit
2759 5659 3082 5726 versiﬁcator
3104 5675 3261 5724 prope
3288 5653 3438 5712 omni

1874 5753 2038 5801 metro
2083 5755 2130 5800 et
2162 5762 2315 5818 opere
2331 5747 2508 5805 clarus
2533 5749 2772 5804 habetur.
2808 5749 3079 5805 Laudatus
3110 5752 3270 5804 modo
3300 5749 3428 5806 Dio~
