3964 6186
535 286 642 350 883

1796 275 2201 342 VALLARSH
2235 275 2471 338 ΝΟΤιλΕ.

3597 265 3676 339 alii

538 403 730 474 nysius
758 404 1036 458 ltattcaru.
1065 400 1161 454 lib.
1191 395 1674 468 tatttiquissimttm
1704 405 1920 467 poetam
1949 397 2098 450 hunc
2134 396 2180 454 Δ
2207 389 2639 467 Atheniensibus
2680 387 2984 443 fabricasse
3015 402 3029 450 ;
3081 386 3170 442 sed
3216 387 3260 442 sl
3313 397 3444 443 recte
3471 389 3558 444 hoc
3608 409 3674 462 μ-

538 507 732 561 vocat;
785 501 915 550 sunt
959 502 1015 548 et
1066 493 1190 563 quit
1219 490 1440 546 Homeri
1503 489 1828 559 discipulum
1873 488 2101 544 faciunt.

541 587 754 643 Videsis
795 584 1101 640 Fabricium
1145 581 1402 639 Biblioth.
1424 581 1596 638 Graec.
1626 590 1759 636 tom.
1784 581 1968 650 l,pag.
1991 579 2026 634 8
2054 588 2107 634 et

541 695 656 748 seq.
695 678 763 732 de
795 676 916 746 ejus
971 683 1132 730 etate
1183 682 1238 729 et
1286 673 1508 740 scriptis
1551 673 1967 729 edisserentem.
1995 669 2109 724 Erit

540 775 737 826 iterum
769 769 927 824 nobis
953 767 1165 822 dicendi
1197 767 1350 823 locus
1378 767 1446 821 de
1475 765 1593 835 ejus
1617 763 1836 833 scriptis
1860 762 2103 817 inferius.

610 861 747 916 Ibid.
786 856 1212 930 Tyrimmas..lta
1237 866 1294 912 et
1321 860 1373 912 in
1416 855 1694 911 Parmensi
1721 868 1824 909 ms.
1847 863 1902 908 et
1953 864 2106 908 vetu-

543 951 809 1007 stioribus
861 951 1028 1006 editis
1087 950 1299 1007 libris:
1349 949 1440 1004 alii
1511 946 1781 1002 Triminas
1861 943 2107 998 habent:

540 1047 714 1102 variat
762 1056 820 1101 et
848 1044 904 1100 in
943 1044 1135 1100 Graeco
1169 1044 1492 1114 Τυριμμᾶς,
1530 1051 1584 1096 et
1611 1038 1862 1109 Τύρμας.
1915 1035 2111 1092 Verior

544 1138 817 1207 scriptura
845 1147 928 1191 est
953 1135 1250 1206 Tyrintnas,
1277 1134 1606 1190 observante
1633 1127 2110 1193 Schurzileischio,

546 1230 879 1294 ἰὀυριμνου,
936 1211 1252 1297 'I‘ltyatireni
1306 1227 1390 1280 dei
1437 1225 1723 1295 indigenae,
1779 1222 2108 1277 mentionem

545 1339 762 1392 quoque
816 1323 930 1376 fieri
981 1324 1036 1378 in
1087 1336 1180 1375 ara
1245 1321 1390 1390 apud
1447 1319 1737 1388 Spouium,
1800 1314 2110 1384 ignotorum

545 1418 770 1468 deorum
804 1414 938 1481 aris,
967 1410 1120 1470 num;
1149 1414 1239 1473 45.
1283 1412 1605 1481 Quanquam
1639 1408 1923 1480 Sponium,
1964 1403 2111 1476 quod

547 1505 686 1558 male
740 1503 1046 1574 Tyrimnum
1103 1503 1453 1571 nuncuparit,
1522 1500 1754 1569 castiget
1805 1496 2112 1552 Gronovius

546 1592 765 1648 Praefat.
799 1592 867 1646 ad
888 1601 1017 1647 tom.
1049 1590 1142 1646 Vll
1170 1593 1359 1661 Antiq.
1387 1590 1720 1646 Graecarum.
1751 1589 1940 1657 Quoad
1961 1586 2111 1658 regni

544 1700 738 1750 annos,
771 1684 1046 1755 Dexippus
1083 1685 1226 1754 apud
1250 1683 1563 1756 Syncellum
1605 1699 1727 1752 pag.
1751 1682 1877 1748 $09,
1904 1690 2108 1750 septem

2207 494 2351 540 stum
2376 482 2432 538 in
2452 480 2760 536 Eusebiano
2793 491 3002 534 canone
3022 475 3089 532 ad
3121 478 3258 532 hunc
3285 493 3560 546 numerum,
3578 482 3679 547 sive,

2209 588 2268 632 ut
2299 573 2542 643 Scaliger
2567 571 2748 637 habet,
2779 578 2901 640 post
2935 568 3113 624 adhuc
3139 582 3307 622 annos
3338 568 3522 635 decem,
3552 570 3681 624 collo-

2209 677 2360 726 catur
2395 683 2409 722 :
2445 674 2502 721 ιιι
2549 672 2764 720 constet
2812 659 3147 732 Thucydidis
3175 659 3472 724 auctoritas,
3515 675 3685 716 necesse

2209 769 2313 821 est.
2344 767 2405 814 ut
2451 755 2540 810 diu
2599 755 2941 822 umltumque
2992 749 3295 805 Aminocles
3344 749 3442 804 iste
3491 751 3684 820 vixerit;

2209 866 2335 906 cum
2369 848 2510 903 enim
2541 845 2742 902 Samiis
2775 859 2996 914 operam
3030 857 3182 896 suam
3229 840 3510 908 collocavit,
3553 841 3689 898 Scali-

2210 957 2340 1014 gero
2373 956 2437 998 ex
2462 948 2686 994 auctore
2711 937 2954 991 rationes
3011 935 3081 989 ita
3119 933 3437 988 subducente
3468 933 3690 1004 (trecentis

2212 1035 2425 1092 scilicet
2483 1031 2644 1086 annis
2709 1040 2837 1084 ante
2875 1027 3038 1089 finem
3101 1022 3227 1080 belli
3271 1024 3692 1094 Peloponnesiaci),

2213 1127 2474 1184 currebat
2521 1138 2701 1178 annus
2763 1117 3208 1176 Abrahamiticus
3252 1115 3402 1180 i312,
3441 1128 3550 1171 ante
3584 1115 3694 1171 hunc

2213 1231 2408 1286 nempe
2449 1214 2517 1270 57
2543 1212 2803 1281 Scaliger,
2834 1210 3076 1278 inquam.
3139 1215 3258 1276 post
3309 1205 3504 1259 tertium
3547 1205 3693 1259 subse-

2212 1307 2432 1378 quentis
2460 1303 2787 1375 olympiadis
2805 1315 3007 1354 annum
3041 1297 3160 1351 haec
3186 1295 3383 1350 diﬁ'ert.
3410 1294 3589 1349 Cretera
3609 1311 3696 1365 qua

2213 1399 2281 1454 de
2307 1396 2518 1452 Trieris
2551 1395 2725 1466 prima
2749 1388 3165 1448 constructione
3183 1386 3421 1458 superius
3441 1385 3567 1440 dicta
3584 1393 3697 1454 sunt,

2214 1490 2419 1547 recole.

2285 1581 2425 1636 Ibid.
2455 1580 2744 1651 Cynetnon
2779 1574 3214 1642 Lacedaemonius
3245 1581 3414 1642 poeta.
3473 1569 3700 1642 Cynaetho-

2215 1675 2305 1729 nis
2360 1669 2761 1727 Lacedaemonii
2831 1666 3165 1738 Ἡρακλείαν
3215 1664 3389 1718 laudat
3437 1660 3702 1738 Scholiastes

545 1747 887 1845 superaddit,
908 1747 1038 1831 sive
1071 1747 1318 1846 integros
1345 1747 1719 1846 quadraginta
1762 1747 2006 1845 quinque
2028 1771 2104 1827 illi
2151 1754 2190 1809 Β
2224 1761 2536 1833 Apollonii:
2596 1760 2740 1830 quod
2785 1772 3057 1829 opusnon
3121 1754 3264 1810 aliud
3305 1753 3500 1808 Videtur
3548 1752 3603 1805 ali

544 1867 832 1936 elargitur.

619 1980 755 2037 ibid.
814 1980 1036 2037 Phacee.
1094 1981 1294 2036 Eadem
1359 1987 1445 2036 est
1516 1981 1570 2035 in
1630 1993 1787 2037 sacro
1843 1988 1991 2035 textu
2046 1977 2114 2034 IV

551 2073 681 2144 Reg.
719 2086 826 2139 xv,
879 2071 985 2136 27,
1045 2087 1258 2126 summa
1314 2087 1584 2126 annorum
1652 2071 1865 2127 Phacee
1912 2071 2119 2123 εἴκοσιν

551 2164 671 2234 ἔτη.
722 2161 1012 2234 Synrelius
1071 2172 1277 2226 autem,
1338 2163 1540 2218 citatus
1589 2164 1756 2218 etiam
1813 2160 2116 2229 Scaligero,

549 2257 642 2327 ἐτη
691 2263 797 2327 κη’,
833 2257 882 2311 id
945 2265 1051 2320 est,
1106 2273 1271 2310 annos
1303 2255 1394 2321 28,
1429 2255 1677 2321 mavult;
1765 2256 1898 2325 quin
1955 2254 2119 2308 etiam

548 2354 748 2406 acriter
802 2366 868 2406 eo
931 2351 1156 2405 nomine
1212 2349 1508 2404 Eusebium
1567 2347 1904 2419 perstringit.
1974 2344 2118 2417 quod

555 2425 700 2497 solos
720 2442 791 2497 20
819 2443 1148 2512 supputarit.
1180 2441 1318 2496 Eum
1375 2449 1556 2494 autem
1602 2453 1893 2493 numerum
1934 2451 1996 2492 se
2044 2437 2119 2492 ait

489 2544 502 2548 "
554 2535 646 2589 ille
687 2534 962 2588 invenisse
1027 2533 1082 2588 in
1120 2533 1394 2603 quodaut-
1434 2540 1647 2587 vetusto
1697 2531 2000 2600 exemplari
2055 2545 2120 2585 ex

553 2626 882 2682 bibliotheca
931 2626 1194 2681 Caesarea:
1257 2626 1633 2699 Cappadpciat,
1684 2623 1830 2694 quod
1887 2623 2017 2677 olim
2059 2619 2119 2677 S.

552 2719 786 2775 Basilius
849 2717 1080 2788 Magnus
1132 2703 1256 2772 cum
1317 2716 1718 2785 antiquioribus
1772 2713 2123 2782 compararit,

553 2829 618 2872 ac
658 2827 876 2868 suntme
934 2811 1116 2866 studio
1167 2812 1494 2866 correxerit.
1548 2805 1617 2864 Ut
1669 2817 1728 2863 ut
1782 2823 1844 2863 se
1891 2822 1976 2863 res
2028 2807 2123 2861 illa

556 2905 825 2970 habuerit,
863 2904 1056 2975 reliqui
1091 2917 1281 2958 omnes
1339 2903 1555 2958 codices
1605 2901 1974 2972 refragantur.
2029 2899 2124 2957 lli-

563 2999 731 3053 t’erius
759 3008 939 3053 tamen
976 2997 1150 3068 pergit
1181 2995 1440 3051 Chronici
1473 2993 1754 3050 Paschalis
1794 3003 2006 3061 auctor,
2031 2994 2124 3064 qui

561 3099 700 3144 totos
723 3089 946 3160 triginta
977 3089 1188 3144 Phacee
1211 3087 1487 3155 attribuit,
1541 3102 1644 3143 nec
1677 3087 1970 3159 quodpiam
2002 3088 2124 3140 lau-
2153 3095 2196 3150 α

559 3179 650 3236 dat
690 3180 744 3236 in
775 3196 889 3235 rem
919 3195 1073 3234 suam
1111 3180 1503 3235 testimonium.

632 3294 776 3350 ibid.
800 3292 1016 3365 Teglath
1061 3292 1380 3350 Phalassar.
1437 3291 1724 3349 Voluimus
1760 3293 1903 3348 hanc
1948 3294 2130 3363 perio-

561 3389 720 3443 cham
766 3389 831 3442 ad
860 3387 1094 3459 primunt
1123 3386 1335 3442 Phacee
1371 3402 1576 3442 annum
1623 3385 1835 3454 referri,
1891 3387 2036 3457 quod
2078 3394 2133 3441 et

563 3482 839 3549 Scaligero
862 3486 1140 3547 probatur,
1204 3481 1424 3534 tametsi
1475 3479 1744 3544 eamdem,
1783 3479 1972 3546 paucis
2015 3494 2134 3534 mu-

563 3573 897 3636 tatis,semel
947 3572 1058 3636 ille,
1087 3581 1143 3626 ut
1168 3571 1431 3637 diximus,
1471 3577 1722 3640 proxime
1751 3581 1876 3624 ante
1904 3571 2131 3639 primam

563 3663 950 3735 olympiadem,
983 3673 1147 3734 atque
1193 3666 1390 3717 iterum
1427 3663 1514 3716 hic
1536 3662 1637 3718 loci
1669 3669 1969 3718 recenseat.
1994 3659 2136 3715 Sane

566 3766 761 3812 contra
789 3757 1032 3811 auctoris
1065 3763 1302 3810 mentem
1336 3754 1401 3807 ad
1431 3754 1684 3824 quintum
1719 3753 1934 3809 Phacee
1985 3755 2136 3806 visus

535 3837 647 3905 ‘est
691 3849 967 3903 Pontacus
1010 3847 1249 3903 diilerre.
1285 3847 1577 3918 Enimvero
1611 3847 1670 3902 S.
1711 3847 1827 3916 ipse
1860 3846 2135 3915 interpres

564 3939 620 3994 in
657 3939 763 3994 fine
793 3939 916 3994 libri
959 3951 974 3992 l
1033 3937 1571 3996 Commentariorum
1619 3940 1674 3991 in
1706 3938 1927 4004 Oscam,
1964 3937 2136 4009 Lega-

567 4049 706 4097 mus,
754 4033 954 4101 inquit,
998 4030 1195 4100 Regum
1253 4040 1301 4083 et
1352 4029 1804 4099 Paralipomenon
1853 4030 2035 4094 libros,
2089 4041 2136 4085 et

569 4127 893 4180 inveniemus
925 4126 1020 4179 sub
1078 4141 1196 4196 rege
1229 4123 1451 4183 Phacee.
1519 4124 1609 4193 qui
1651 4123 1907 4194 regnabat
1961 4131 2139 4179 decem

577 4218 837 4278 tribubus.
895 4218 1098 4272 uenisse
1146 4215 1364 4287 Teglatlt
1401 4215 1699 4271 Pltalnssar
1767 4233 1938 4284 regem
1973 4217 2140 4286 Assy—

567 4312 792 4378 riorum,
854 4319 902 4365 et
958 4327 1208 4381 magnam
1266 4319 1470 4380 partem
1529 4309 1712 4380 populi
1758 4309 2139 4367 Samariaziin

566 4407 810 4476 Assyrios
860 4405 1198 4459 transtulisse
1244 4418 1263 4456 :
1294 4419 1394 4473 quo
1453 4413 1680 4470 tempore
1733 4406 1873 4472 apud
1924 4402 2138 4458 Gnaeos

569 4497 827 4551 secundus
851 4511 1024 4549 annus
1054 4496 1240 4562 prima:
1276 4495 1592 4564 Olympiadis
1621 4495 1746 4563 fuit,
1778 4505 1827 4546 et
1861 4496 2002 4562 apud
2030 4493 2135 4548 La-

570 4595 730 4650 tinos.
755 4587 975 4642 necdum
1010 4586 1180 4640 Roma
1225 4587 1464 4648 condita,
1505 4586 1654 4639 Albae
1689 4586 1930 4640 vicesimo
1984 4583 2137 4655 (fort.

569 4679 878 4736 addendum
941 4686 1048 4743 est,
1111 4677 1303 4748 primo)
1366 4692 1507 4730 anno
1543 4676 1786 4731 Amulius
1821 4675 2138 4745 imperabat,

570 4785 723 4840 quem
767 4781 952 4839 postea
1000 4769 1256 4824 Romulus
1311 4783 1469 4839 regno
1531 4768 1752 4838 pepulit.
1802 4766 1914 4823 Nec
1961 4777 2138 4822 tamen

573 4878 749 4933 usque
780 4863 917 4918 adeo
952 4861 1090 4918 bene
1113 4861 1180 4916 ad
1215 4861 1450 4916 inv‘icem
1492 4863 1717 4930 epocba:
1762 4860 1882 4916 ista:
1916 4859 2144 4932 singulae

572 4957 802 5028 singulis
831 4966 1241 5026 comparantur.

642 5062 760 5121 Col.
786 5066 914 5123 353.
936 5067 1154 5120 Athenis
1199 5066 1452 5135 primum.
1517 5063 1781 5132 Equidem
1830 5065 1876 5119 si
1923 5060 2144 5117 Eusebii

574 5169 698 5215 sunt
729 5159 938 5221 Graeca,
980 5172 1102 5228 quae
1140 5159 1430 5214 laudamus
1465 5173 1528 5211 ex
1559 5154 1836 5227 Syncello,
1858 5155 2148 5224 jureSca-

575 5256 713 5326 liger
737 5253 987 5308 Latinam
1018 5252 1533 5320 interpretationem
1595 5249 1971 5319 reprehendit.
2005 5247 2146 5303 Ver-

580 5351 810 5403 tendum
845 5354 984 5409 erat,
1015 5343 1239 5400 Athenis
1269 5346 1440 5411 prima
1475 5350 1785 5398 constructa
1841 5351 1918 5396 est
1969 5341 2146 5396 trisris

578 5443 644 5494 ab
675 5440 960 5494 Aminocle.
999 5435 1246 5494 Meminit
1292 5436 1410 5506 ejus
1456 5437 1708 5491 laudatus
1771 5436 1934 5490 etiam
1970 5433 2147 5488 Srali-

580 5544 709 5596 gero
742 5528 1089 5598 Thucydides
1119 5524 1215 5580 lib.
1261 5541 1297 5589 ι,
1340 5541 1392 5596 p.
1426 5527 1483 5592 4,
1527 5543 1635 5595 quo
1685 5535 1866 5580 tamen
1902 5525 2022 5581 loco
2046 5523 2146 5579 Sa-

582 5620 898 5675 miisuaves
951 5619 1253 5675 fabricasse
1303 5633 1428 5673 eum
1487 5620 1671 5676 tradit.
1734 5617 1904 5672 fuisse
1963 5623 2146 5670 autem

587 5712 763 5777 patria
827 5711 1194 5769 Corinthium.
1265 5712 1448 5768 Potuit
1500 5712 1655 5773 prius
1719 5712 1832 5771 inse
1923 5710 2146 5769 quidem

2216 1854 2364 1925 ipso:
2396 1854 2544 1921 quod
2572 1852 2854 1923 Tetegonia
2888 1849 3237 1906 inscribitur.
3270 1845 3518 1924 Meursius
3553 1860 3614 1908 tv,
3639 1843 3703 1906 17,

2213 1945 2691 2012 Μίεεθιικιιειεοῐι.
2724 1943 3008 2014 legendum
3054 1941 3143 1996 hic
3191 1940 3332 2008 apud
3388 1937 3703 2006 Hieronymum

2217 2037 2522 2103 contendit,
2549 2033 2946 2104 Genealogiam,
2967 2032 3124 2102 juxta
3175 2027 3446 2084 Pausaniae
3484 2025 3534 2079 iu:
3565 2021 3709 2077 Corin-

2222 2131 2424 2186 thiacis
2456 2145 2578 2200 cap.
2608 2129 2643 2183 5
2672 2123 3068 2186 testimonium,
3101 2121 3194 2176 ubi
3216 2122 3288 2176 ait
3310 2119 3646 2191 Cynaetltonem
3667 2115 3708 2167 iv

2219 2226 2375 2279 ἔπεσι
2402 2219 2879 2290 γενεαλργεῖσθαι..
2914 2217 2986 2272 At
3023 2233 3155 2272 vero
3184 2217 3286 2270 Itoc
3333 2213 3495 2280 ipsum
3523 2206 3709 2278 proposi-

2224 2329 2336 2374 tum
2359 2317 2520 2372 etiam
2557 2315 2612 2370 in
2638 2311 2931 2384 Telcgonia
2968 2308 3225 2380 persequi
3289 2305 3473 2374 potuit.
3523 2299 3711 2366 Scaliger

2223 2423 2346 2482 post
2373 2409 2553 2464 adhuc
2583 2422 2760 2462 annos
2789 2419 2981 2461 novem
3022 2401 3335 2474 periocham
3363 2400 3492 2453 hanc
3521 2392 3706 2456 distulit,

2224 2506 2342 2561 sive
2390 2503 2455 2559 ad
2485 2502 2692 2573 quinta:
2723 2497 3050 2571 Olympiadis
3101 2509 3303 2550 annum
3336 2492 3553 2554 tertium,
3578 2484 3710 2542 refra-

2228 2597 2513 2668 gantibus,
2566 2601 2628 2648 ut
2673 2601 2874 2647 caetera
2922 2591 3066 2645 bene
3119 2587 3376 2652 habeant,
3429 2599 3543 2638 mss.
3597 2579 3713 2632 libris

2225 2689 2504 2760 plerisque
2551 2684 2833 2742 omnibus.
2872 2679 3368 2737 Scburzfleischius
3414 2677 3520 2729 ait:
3551 2671 3715 2724 Primus

2226 2780 2512 2836 Palatinus
2575 2785 2724 2833 recte
2783 2773 2998 2830 vocavit
3048 2786 3191 2842 opus
3235 2770 3340 2824 boc
3396 2763 3717 2834 Thelegonim.

2227 2872 2336 2928 nisi
2362 2872 2530 2940 quod,
2567 2868 2902 2938 Tetegoniant
2963 2861 3316 2919 scribendum
3353 2868 3447 2914 est.
3477 2855 3555 2912 Sic
3578 2850 3719 2908 Thela-

2228 2966 2354 3021 beas
2379 2962 2590 3019 librarii
2619 2959 2893 3016 interdum
2941 2957 3195 3013 scribunt
3247 2969 3344 3022 pro
3392 2950 3626 3009 Teleboas,
3678 2951 3719 2996 ut

2225 3057 2336 3128 jam
2381 3053 2825 3108 animadversum
2856 3049 3148 3106 Theodoro
3176 3044 3378 3117 Ryckio
3429 3042 3487 3096 ad
3526 3037 3721 3094 Tacitum

2231 3146 2392 3214 p.58.
2423 3143 2655 3213 Reliqui
2693 3140 2919 3197 Palatini
2951 3154 3148 3195 omnes
3208 3133 3534 3192 inemendate
3573 3128 3724 3182 habent

2234 3237 2626 3306 Thegeloniam,
2676 3234 2821 3288 unde
2871 3232 3107 3286 fortasse
3175 3225 3508 3297 Theogoniam
3548 3214 3725 3287 coniecit

2233 3326 2519 3397 legendum
2553 3339 2674 3380 esse
2720 3321 3012 3392 Gyraldus,
3047 3318 3219 3373 tacito
3259 3315 3467 3370 nomine
3499 3318 3727 3380 propterea

2232 3433 2262 3471 a
2291 3394 2586 3484 'Scaligero
2607 3414 2720 3484 jam
2748 3422 2990 3466 notatus.
3023 3407 3163 3463 Vide
3219 3407 3285 3462 ad
3318 3421 3456 3466 eum,
3511 3414 3614 3469 qua:
3655 3394 3726 3447 viri

2237 3512 2378 3567 docti
2426 3516 2888 3566 commentantur.
2923 3504 3214 3572 Scripsere
3234 3509 3289 3554 et
3339 3499 3426 3553 alii
3455 3494 3568 3548 olim
3617 3486 3730 3543 Teleo

2235 3603 2446 3673 gonias,
2479 3601 2620 3653 inter
2646 3613 2780 3669 quos
2797 3604 2881 3651 est
2909 3578 3212 3664 Eugamon,
3237 3593 3266 3644 ὁ
3303 3577 3730 3673 Κυρηναῖθςώ-τὴν

2235 3671 2570 3763 Τηλεγονιαν
2591 3690 2850 3760 ποιήσας,
2879 3693 3216 3740 memoratus
3260 3683 3313 3736 in
3336 3677 3612 3737 Eusebiana
3635 3671 3734 3724 Sca-

2237 3786 2392 3855 ligeri
2439 3783 2676 3854 Sylloge.
2711 3781 2805 3834 lib.
2841 3794 2878 3842 ι⁹
2912 3793 2967 3847 p.
3000 3777 3052 3840 l,
3083 3787 3140 3830 et
3180 3774 3518 3841 Hieronymo,
3559 3772 3734 3820 numero

2240 3873 2394 3938 ηιξ),
2435 3882 2598 3940 atque
2625 3867 2880 3939 Syncello
2919 3866 3057 3920 edit.
3085 3863 3216 3918 Par.
3245 3878 3298 3932 p.
3334 3859 3460 3924 259,
3505 3868 3679 3912 necnon
3701 3857 3737 3940 et

2240 3939 2529 4023 Eustathio
2555 3965 2624 4021 ad
2657 3963 2855 4034 Odyss.
2885 3977 2945 4026 tt,
3008 3975 3063 4030 p.
3100 3957 3266 4021 1800,
3315 3955 3402 4010 ubi
3451 3939 3737 4034 tameu’xat‘

2238 4059 2434 4130 ἐξοχὴν
2460 4068 2688 4112 vocatur
2713 4031 3084 4122 6—Kupqvaio;
3127 4067 3140 4102 :
3179 4064 3289 4118 quo
3334 4044 3541 4100 nomine
3593 4031 3738 4130 gaudet

2239 4126 2443 4218 alioqui
2481 4149 2876 4206 Callimachus.
2914 4143 3214 4216 Gyraldus,
3249 4137 3386 4194 Dial.
3409 4136 3463 4190 ιἰι
3501 4131 3563 4187 de
3607 4126 3740 4185 Poeta

2243 4254 2376 4298 tom.
2411 4243 2458 4296 ll
2490 4243 2625 4310 Opp.
2655 4239 2780 4302 £26,
2824 4238 2963 4291 male
2986 4250 3113 4291 eum
3135 4234 3440 4301 Eugamum
3485 4225 3741 4310 Cyretiaequ

2241 4305 2609 4406 nuncupavit,
2633 4329 2853 4386 tametsi
2887 4327 3250 4384 doctissimus
3286 4321 3412 4392 ejus
3455 4317 3613 4372 editor
3641 4305 3742 4406 nillil

2170 4441 2214 4498 υ
2244 4397 2539 4482 monuerit.
2573 4397 2725 4480 Adde
2759 4422 2844 4476 his
2872 4419 3186 4475 Fabricium
3220 4415 3384 4470 modo
3405 4397 3745 4466 laudatum,Bi-

2242 4521 2436 4576 blioth.
2473 4517 2647 4574 Graec.
2682 4525 2818 4572 tom.
2847 4514 2892 4575 i.
2926 4525 2984 4580 ρ,
3033 4509 3158 4565 578.

2310 4611 2428 4667 Col.
2450 4609 2576 4665 356.
2602 4607 2796 4663 Remus
2815 4613 2862 4658 et
2882 4601 3137 4658 Romulus
3152 4606 3470 4671 generantur
3491 4608 3549 4648 es
3561 4588 3746 4644 Heneti

2242 4703 2373 4760 Ilia.
2402 4702 2701 4761 Pontacus,
2733 4711 2793 4752 ut
2818 4697 3080 4759 diximus,
3102 4680 3246 4748 nattc
3270 4689 3564 4761 periocham
3588 4677 3745 4736 volebat

2248 4797 2314 4852 ad
2346 4795 2583 4864 primum
2613 4790 2813 4845 Amulii
2838 4802 3040 4843 annum
3075 4784 3335 4854 superius
3358 4776 3586 4836 revocari
3609 4765 3748 4840 :quod

2244 4863 2468 4940 minime
2516 4882 2734 4952 quidem
2804 4879 3098 4949 probamus
3149 4893 3164 4930 :
3213 4873 3428 4930 tametsi
3481 4883 3579 4924 uno
3632 4863 3747 4918 illam

2246 4982 2487 5032 alterove
2521 4989 2666 5030 anno
2695 4971 2931 5042 praeponi
2969 4970 3378 5032 maluissemus,
3427 4979 3528 5034 quo
3577 4953 3746 5039 ρτρρίιιε

2248 5066 2533 5122 accederet
2574 5063 2642 5119 ad
2691 5061 2932 5133 Dionysii
2987 5059 3194 5124 Halic.,
3257 5067 3416 5126 quem
3463 5061 3514 5108 et
3558 5045 3745 5111 Scaligel

2247 5159 2459 5221 laudat,
2508 5157 2857 5220 aliorumque
2906 5151 3170 5206 Romanae
3224 5146 3472 5204 Historiae
3525 5143 3744 5229 auctorutl1

2251 5249 2602 5314 sententiam,
2633 5248 2728 5318 qui
2764 5245 3058 5302 Romulum
3085 5241 3150 5296 18
3200 5247 3298 5294 aut
3332 5239 3395 5293 i9
3443 5247 3576 5288 anno
3617 5229 3744 5318 ειιιιιε

2251 5357 2367 5400 suae
2392 5341 2622 5398 Romam
2653 5315 2964 5394 condidisse
3029 5335 3205 5389 aiunt.
3241 5332 3490 5385 Dicemus
3519 5335 3629 5378 vero
3677 5315 3743 5368 hat

2252 5437 2320 5492 de
2353 5451 2414 5490 re
2441 5435 2596 5505 plura
2633 5445 2735 5486 suo
2766 5429 2887 5484 loco
2922 5426 3174 5481 inferius.
3207 5424 3448 5478 Accedat
3501 5427 3628 5505 nunc
3662 5409 3742 5474 it)it

2251 5502 2616 5596 Hieronymus
2646 5521 2852 5578 dudum
2908 5519 3128 5574 laudata
3179 5514 3339 5583 epist.
3377 5511 3462 5573 18,
3498 5505 3558 5562 ad
3593 5502 3741 5555 Dama-

2253 5632 2417 5673 sum:
2453 5615 2584 5670 Post
2627 5613 2862 5678 Azarite,
2901 5609 3101 5680 inquit,
3159 5616 3399 5665 mortem.
3459 5597 3611 5673 Isaia!
3654 5599 3740 5656 P'°'

2253 5713 2404 5766 pheta
2429 5710 2564 5763 Itane
2590 5707 2860 5762 visionem.
2891 5719 3050 5759 quam
3073 5699 3361 5756 explanare
3379 5709 3508 5751 nunc
3531 5686 3736 5743 nitimur.
