3932 6188
274 304 378 366 885

1550 299 1950 362 VALLABSII
1986 299 2224 360 NOTAE.

3399 293 3505 354 886

271 421 417 488 sidit,
450 421 506 475 id
534 430 631 484 est,
661 438 721 476 ea
759 437 900 476 anno
956 437 1059 493 quo
1101 420 1352 476 Romulus
1393 419 1619 474 Romani
1663 419 1797 486 impe

1929 414 1998 468 τὰ
2033 410 2090 478 ἐς
2113 413 2385 487 Εὐρώπην
2421 419 2750 488 ποιήσαντος
2787 418 3055 484 meminit,
3117 433 3310 474 nomen
3376 427 3504 473 vero

268 513 333 564 rii
370 514 616 565 conditor
637 524 792 566 natus
825 521 922 575 est,
956 514 1092 567 sicut
1123 513 1462 583 manifestum
1514 509 1702 579 poterit
1724 524 1834 562 esse

267 603 345 656 his
405 605 497 673 qui
531 604 784 668 voluerint
816 603 982 673 legere
1036 602 1347 673 Temporum
1400 598 1620 665 librum,
1681 615 1835 670 quem

265 711 363 747 nos
403 694 459 746 in
482 693 730 748 Latinam
750 695 986 763 linguam
1021 710 1085 748 ea:
1111 693 1292 750 Graeco
1321 708 1560 748 sermone
1587 701 1834 744 transtu-

259 787 442 842 limus.
479 788 651 858 Igitur
701 803 810 843 non
866 797 992 843 ante
1060 788 1271 842 Azaria:
1327 796 1558 842 mortem
1617 782 1832 856 gemelli

259 883 461 938 fratres
508 883 780 951 procreati
813 893 958 939 sunt.
992 884 1160 940 Porro
1198 883 1343 953 quod
1379 885 1434 938 in
1470 881 1659 936 Graeco
1695 877 1830 933 Ῥῶ-

253 990 363 1040 μος
392 974 618 1036 dicitur.
650 973 744 1044 qui
802 976 856 1030 in
891 975 1085 1031 Latino
1137 976 1352 1042 Remus,
1405 983 1674 1030 consonat
1706 971 1828 1040 qui-

254 1065 385 1120 dem
427 1065 724 1120 Plutarcho
772 1075 827 1121 et
887 1065 1143 1123 Straboni
1194 1085 1206 1119 :
1250 1057 1374 1121 aliis
1425 1076 1600 1120 tamen
1636 1063 1829 1116 Romus

257 1155 441 1222 primo
495 1155 804 1224 appellatus
850 1156 1107 1220 traditur,
1170 1156 1262 1226 qui
1321 1164 1508 1224 postea
1545 1151 1826 1206 Romulus.

257 1245 489 1299 Servius
509 1247 576 1299 ad
603 1244 824 1301 lEneid.
863 1263 902 1310 ι,
928 1244 1034 1300 ΞἹϐ
1064 1264 1076 1299 :
1135 1245 1444 1300 Exstinctus
1494 1255 1566 1298 est
1614 1241 1827 1306 Remus,

251 1345 302 1388 et
326 1353 361 1389 a
391 1329 545 1389 Romi
583 1336 794 1390 nomine
824 1331 1052 1390 Romani
1089 1332 1471 1404 appellati:ut
1521 1343 1694 1387 autem
1733 1348 1827 1402 pro

251 1427 424 1481 Romo
453 1425 708 1481 Romulus
738 1429 1020 1488 diceretur.
1048 1426 1394 1482 blandimenti
1426 1442 1607 1496 genere
1627 1419 1828 1496 factum

247 1530 356 1585 est,
422 1521 564 1590 quod
629 1521 824 1592 gaudet
908 1512 1279 1575 diminutione.
1337 1519 1536 1584 Credat
1606 1517 1826 1574 Judaeus

245 1613 468 1683 Apella.

320 1704 448 1760 Col.
481 1705 611 1760 353.
647 1705 896 1760 Eumelus
924 1716 1098 1774 poeta.
1130 1701 1188 1759 In
1241 1699 1526 1760 Parmensi
1563 1718 1666 1759 ms.
1705 1708 1819 1757 tota

243 1796 440 1852 istlnec
470 1799 731 1867 periocha
774 1781 1145 1860 abEumelus.
1175 1797 1241 1851 ad
1279 1795 1504 1850 Iliacam
1553 1796 1812 1872 vastatio-

243 1902 366 1939 nem
398 1889 716 1955 camposuit.
739 1877 1143 1942 desiderantur.
1173 1887 1434 1941 Eumelus
1479 1895 1659 1940 autem
1713 1885 1818 1940 iste

237 1975 412 2031 domo
455 1977 795 2041 Corinthius,
851 1977 972 2032 aliis
1027 1977 1228 2033 dicitur
1275 1978 1438 2032 etiam
1495 1975 1813 2047 Eumolpus.

237 2069 378 2122 Eum
407 2068 624 2122 Pindari
678 2061 1034 2134 Scholiastcs.
1074 2065 1141 2124 ad
1175 2069 1376 2141 olymp.
1422 2069 1506 2133 l3,
1541 2068 1816 2139 antiquis-in

231 2161 439 2236 simum
465 2151 789 2218 historicum
819 2171 996 2219 vocat.
1030 2159 1425 2230 Primumejus
1471 2178 1628 2231 opus,
1666 2157 1810 2230 quod

233 2252 332 2309 hic
370 2253 656 2318 laudatur.
693 2253 943 2325 Scaliger
972 2270 1036 2310 ex
1065 2254 1308 2324 antiquis
1338 2253 1490 2309 libris
1515 2252 1809 2324 Bugoniam

232 2345 573 2416 appellavit;
635 2361 760 2413 nos,
815 2343 1040 2416 quando
1089 2348 1154 2401 de
1201 2347 1322 2413 ejus
1371 2345 1521 2401 vocis
1567 2361 1692 2400 vera
1735 2345 1811 2400 le-

228 2439 419 2494 ctione
445 2439 681 2492 nomium
729 2448 969 2505 constat,
1028 2437 1357 2494 retinuimus
1405 2453 1529 2492 cum
1563 2437 1806 2494 Pontaco

228 2531 556 2601 Pagoniam.
594 2531 713 2585 Mox
746 2545 845 2600 pro
888 2527 1193 2597 Arrhimus,
1231 2525 1375 2598 quod
1405 2527 1532 2582 olim
1587 2528 1806 2597 legeba-

229 2634 344 2686 tur,
368 2621 738 2685 restituimus,
767 2622 884 2697 ipso
944 2621 1167 2688 iubente
1212 2620 1266 2673 in
1328 2617 1506 2682 Notis:
1537 2617 1803 2684 Pontaco.

227 2711 844 2768 Arctinus.Audiendtts
876 2727 1005 2766 vero
1060 2712 1115 2766 in
1173 2720 1516 2766 antecessum
1561 2711 1802 2788 Schurzf

223 2804 540 2869 llr-isrhius,
574 2802 664 2874 qui
693 2803 887 2858 Omnia
921 2797 1032 2868 hic,
1067 2803 1164 2865 ait.
1215 2804 1517 2873 corrumpit
1549 2802 1800 2858 Sichardi

221 2894 420 2950 editio.
453 2894 586 2949 Nam
623 2903 677 2947 et
703 2893 989 2948 Eumelum
1041 2903 1197 2948 vocat
1231 2893 1532 2960 Cumelum,
1587 2905 1640 2950 et
1693 2893 1800 2948 Bu-

221 2989 446 3056 goniam
495 2986 815 3057 Bugomam,
881 2996 938 3042 et
997 2988 1284 3042 Arclinum
1333 2987 1670 3045 Are/timum.
1727 2989 1800 3044 De

1938 508 2181 563 auctoris
2206 525 2312 562 non
2353 511 2584 566 addidit.
2616 513 2797 577 Quare
2848 513 3070 577 merito,
3123 525 3282 567 secus
3337 524 3500 580 quam

1938 597 2184 669 Scaliger
2212 598 2362 668 facit,
2396 602 2488 656 div
2555 619 2673 657 sum
2735 605 2838 660 hoc
2865 619 3004 671 opus
3029 605 3097 658 ab
3141 602 3349 657 Eumeli
3397 601 3506 655 Eu-

1935 691 2086 758 ropia
2127 703 2522 758 esse'autumo.
2556 705 2610 748 et
2646 697 2825 763 potius
2860 697 3157 765 Εὐρώπην,
3193 707 3358 764 quam
3394 693 3504 747 Eu-

1935 779 2081 845 meli,
2119 781 2258 837 alius
2289 785 2520 853 denique
2579 785 3258 856 cujuscunque.intelligo.
3293 783 3502 840 Deinde

1933 871 1986 926 in
2037 873 2214 941 primo
2278 873 2524 930 Palatino
2592 875 2790 946 legitur
2843 893 2858 930 :
2918 877 2985 931 Et
3043 879 3341 942 Archimus.
3409 879 3501 946 qui

1932 963 2295 1029 .IEtltiopicam
2325 968 2635 1037 composuit,
2657 979 2705 1022 et
2739 963 2961 1022 Iliacam
2995 971 3364 1024 vastationem.
3389 969 3499 1022 Eo-

1934 1054 2058 1107 dem
2086 1057 2250 1110 tuodo
2282 1057 2444 1133 habet
2494 1063 2549 1112 et
2581 1057 2906 1112 Sicltardina
2944 1059 3134 1114 editio.
3181 1062 3277 1115 Est
3312 1068 3494 1115 tamen

1934 1145 2097 1199 etiam
2154 1145 2416 1202 Are/tinus
2466 1149 2686 1218 aliquis,
2734 1151 2892 1221 cujus
2949 1152 3255 1206 Θεσσαλικὰ
3303 1153 3499 1223 allegat

1929 1235 2237 1293 Scholiasta
2273 1238 2489 1294 Pindari
2521 1242 2587 1294 ad
2641 1239 2802 1310 Pyth.
2833 1240 2900 1310 γ’.
2963 1242 3222 1312 Ἀρχῆνος
3279 1243 3498 1312 aliquis,

1929 1327 1973 1382 si
2026 1328 2186 1384 lectio
2245 1343 2375 1384 sana
2421 1333 2524 1397 est,
2593 1324 2796 1387 citatur
2849 1347 2878 1387 a
2939 1331 3217 1402 Stephano
3271 1334 3324 1388 in
3390 1335 3498 1386 ΔΩ-

1929 1421 2116 1478 ΤΙΟΝ.
2151 1421 2366 1493 Reliqui
2413 1417 2648 1484 Palatini
2707 1425 2896 1480 ultima
2923 1426 3091 1480 verba
3119 1427 3322 1492 legunt,
3350 1435 3399 1480 et
3427 1428 3501 1480 ibi

1905 1503 2114 1569 l’ersis
2170 1517 2499 1587 agnoscitur,
2567 1509 2730 1586 plane
2773 1519 2972 1587 inepte.
3005 1517 3078 1573 De
3119 1519 3342 1573 Arctino
3375 1519 3500 1575 vide

1931 1607 2178 1673 Suidam,
2205 1609 2299 1678 qui
2336 1621 2482 1676 eum,
2538 1618 2596 1663 ut
2619 1609 2878 1680 Cyrillus.
2915 1611 3058 1666 circa
3132 1611 3492 1681 olympiadem

1929 1698 1962 1757 9
1987 1697 2188 1756 vixisse
2246 1701 2402 1756 dixit.
2473 1701 2756 1772 Syncellus
2795 1704 3026 1756 ’Δκτὲων
3070 1715 3326 1772 corrupte
3363 1701 3494 1772 legit

1925 1807 2022 1862 pro
2053 1792 2361 1862 Ἀρκτῖνος,
2416 1801 2476 1848 ut
2529 1794 2773 1864 Scaliger
2826 1795 3165 1849 emendavit.
3204 1795 3300 1848 llis
3354 1795 3494 1850 adde

1923 1898 2044 1952 qua:
2072 1883 2267 1939 doctus
2300 1885 2384 1938 vir
2410 1886 2615 1954 reliqua
2665 1887 2822 1939 nobis
2859 1885 3010 1939 fecit.
3070 1885 3176 1939 Pro
3223 1884 3490 1954 Αζιῑιίορί-

1921 1993 2036 2029 cam
2075 1977 2169 2046 (al.
2221 1977 2582 2046 JEthiopiam.
2619 1984 2667 2032 et
2720 1976 2947 2031 Iliacam
3001 1979 3373 2043 vastationem,
3416 1976 3495 2034 le-

1886 2127 1888 2129 _
1921 2065 2152 2135 gendum
2184 2069 2418 2122 suadent
2444 2084 2575 2123 mss.
2607 2067 3004 2138 Etltiapidam,
3052 2080 3098 2122 et
3145 2069 3240 2124 Ilii
3279 2071 3491 2126 Perrin.

1919 2157 1985 2213 Et
2018 2159 2205 2214 Graece
2230 2159 2451 2228 quidem
2517 2177 2619 2216 vox
2663 2162 2858 2232 πέρσις
2892 2165 3239 2217 vastationem
3281 2164 3491 2232 signiﬁ-

1917 2261 2006 2308 cat
2035 2269 2051 2317 ;
2087 2267 2263 2320 neque
2296 2251 2350 2306 in
2385 2253 2491 2308 boc
2513 2261 2620 2317 est,
2646 2253 2790 2323 quod
2841 2249 3232 2326 Hieronymum
3282 2258 3486 2329 suggil-

1916 2342 2030 2418 lent
2103 2339 2418 2404 Salmasius
2465 2349 2519 2397 et
2578 2345 2865 2409 Clericus,
2921 2346 3078 2415 quasi
3143 2346 3299 2402 Ἰλίου
3351 2348 3488 2418 πέρ-

1919 2413 2027 2501 ad,
2062 2433 2249 2490 Graeca
2281 2435 2466 2512 verba,
2521 2413 3040 2516 nonnjntellexe—rit,
3100 2445 3156 2493 et
3213 2439 3499 2509 praecipue-

1914 2527 2132 2598 πέρσιν,
2170 2528 2438 2583 rariorem
2493 2512 2699 2583 voceni
2723 2512 2828 2583 :‘ut
2861 2531 3004 2583 enim
3029 2529 3191 2586 facile
3231 2541 3482 2602 comper-
3558 2567 3564 2573 I

1914 2626 2028 2671 tum
2057 2618 2358 2672 attendenti
2392 2618 2516 2680 erit,
2554 2614 2733 2686 ipsum
2767 2617 2896 2672 libri
2946 2618 3166 2674 titulum
3216 2619 3487 2692 llierony-

1912 2723 2036 2764 mus
2068 2709 2241 2763 voluit
2291 2716 2721 2779 repraesentare,
2783 2707 3070 2780 ipsamque
3117 2724 3302 2765 vocem
3340 2711 3484 2782 Πέρ-

1911 2818 2019 2864 σιν,
2051 2801 2354 2864 l’ersin,de
2393 2801 2658 2856 industria
2707 2801 2957 2858 retinuit.
3011 2801 3269 2858 Fortasse
3318 2803 3482 2858 etiam

1907 2890 2092 2955 vertit,
2117 2889 2228 2944 -Ilii
2266 2889 2474 2957 Persia,
2518 2892 2576 2944 id
2601 2902 2699 2956 est,
2732 2892 3108 2950 vastationem.
3146 2893 3483 2950 Potius‘illud

1908 2981 1962 3035 in
1992 2981 2237 3036 Fabretti
2285 2981 2512 3047 Tabula,
2551 2999 2657 3052 qua
2695 2984 2965 3048 TPOICA.
3003 2999 3102 3040 seu
3150 2996 3301 3057 gesta
3334 2986 3484 3043 Gras-

223 3079 457 3133 Eumelo
525 3088 778 3132 accurate
833 3079 947 3148 egit
1011 3076 1151 3140 Lil.‘£
1175 3078 1473 3148 Gregorius
1525 3079 1872 3160 Gyraldusc
1906 3089 2222 3130 corllm'ac
2290 3075 2653 3145 Troianorum
2729 3077 2877 3147 apud
2923 3077 3082 3133 llium
3136 3080 3484 3151 anaglyptico

215 3168 352 3222 dial.
378 3183 438 3222 ιιι
464 3165 532 3222 de
557 3167 839 3231 Poetis,.et
878 3167 941 3222 T.
980 3163 1152 3224 Faber
1206 3170 1274 3224 ad
1322 3171 1419 3227 lib.
1457 3185 1511 3227 tv
1561 3171 1795 3228 Phaedri.

213 3257 570 3312 Corinthium
602 3275 727 3314 eum
764 3259 1006 3322 vocavit.
1075 3268 1274 3328 praeter
1335 3261 1495 3326 alios,
1557 3261 1798 3319 Joannes

215 3346 462 3402 Taetzes
496 3347 562 3402 ad
593 3345 822 3403 Hesiodi
856 3346 1213 3416 principium.
1269 3343 1410 3404 Hinc
1448 3350 1567 3419 ejus
1594 3349 1798 3423 Κοριν-

218 3440 350 3492 Θίαν
377 3440 706 3512 συγγραφὴν
746 3433 1048 3510 aliquoties
1073 3441 1126 3494 in
1153 3439 1521 3498 Corinthiacis
1552 3444 1795 3501 laudavit

213 3533 541 3594 Pausanias.
590 3534 691 3587 etsi
711 3533 998 3596 dubitavit,
1034 3534 1083 3585 εἰ
1141 3533 1205 3603 δὴ
1252 3528 1502 3604 Εὐμήλου
1557 3536 1590 3605 ὴ
1647 3553 1780 3604 συγ-

216 3625 437 3696 γραφή.
494 3626 794 3694 Bugoniam
879 3623 1126 3694 Scaliger
1195 3627 1606 3696 interpretatur,
1664 3648 1792 3696 Opus

211 3723 277 3774 de
314 3721 504 3787 apibus
526 3717 882 3788 agens.‘Sane
945 3704 1228 3788 pouysueic
1274 3735 1402 3790 apes
1434 3730 1580 3776 sunt.
1617 3724 1790 3779 Varro

208 3811 278 3863 de
306 3809 376 3862 Β.
415 3809 594 3864 R.lib.
626 3825 661 3864 tt
700 3827 714 3863 :
774 3809 1029 3879 Denique,
1063 3812 1160 3877 ait,
1205 3829 1270 3866 ea:
1323 3814 1444 3867 bove
1495 3817 1788 3884 putrefacto

214 3900 370 3954 nasci
426 3901 757 3955 dulcissimos
800 3890 944 3972 apes,
988 3902 1157 3956 mellis
1208 3913 1426 3967 matres,
1476 3922 1508 3959 a
1551 3922 1653 3976 quo
1697 3924 1789 3964 eas

209 3993 390 4048 Graeci
435 3993 727 4061 βουγενεῖς
781 3994 1068 4063 appellant.
1100 3995 1302 4051 Bianor
1350 4013 1572 4068 quoque
1627 3999 1724 4057 lib.
1771 3981 1805 4056 ι⁸

210 4085 558 4154 Antbologia:
586 4101 706 4154 cap.
730 4085 821 4149 '57,
853 4086 1024 4156 epigr.
1067 4085 1134 4140 16
1166 4104 1181 4142 :

350 4176 481 4243 Φεῦ,
505 4175 705 4247 βρέφος
747 4177 822 4236 ὡς
849 4169 1051 4242 ἁδίκωξ
1086 4180 1256 4234 εἵλετε
1289 4181 1600 4251 βουγενέες.

209 4269 514 4338 Antigonus
573 4268 853 4341 Carystius
916 4271 1246 4341 Παραδόξων
1309 4281 1629 4348 συναγωγῇ,
1657 4293 1779 4350 cap.

207 4361 297 4424 53,
337 4375 393 4430 p.
424 4359 488 4415 21
526 4376 541 4415 :
583 4361 992 4432 Προσαγορεύει
1018 4364 1133 4431 οὖν,
1171 4367 1368 4436 inquit.
1399 4369 1495 4421 καὶ
1544 4371 1780 4442 Φιλήτας

203 4454 303 4514 τὰς
323 4450 591 4521 μελίσσας
623 4452 893 4508 ΒΟΥΓΕΝ
901 4456 1026 4518 ΕΙΣ,
1051 4457 1226 4526 λέγων
1249 4476 1262 4489 ·

204 4541 517 4609 Βουγενέεις
576 4543 824 4613 φάμενος
861 4548 1209 4616 προσεϐήσαο
1264 4551 1451 4622 μακρὰ
1491 4555 1773 4624 μελίσσας.

205 4629 331 4684 llaec
354 4631 460 4687 etsi
496 4647 624 4688 vera
647 4636 777 4700 sint.
812 4635 1002 4690 vellem
1028 4637 1406 4707 nihilominus,
1441 4642 1776 4715 Scaligerum

201 4723 703 4796 s'atius‘probasse,
727 4728 870 4794 quod
905 4727 1220 4799 Bugoniam,
1251 4748 1372 4802 qum
1439 4734 1744 4806 Βουγενογο

201 4815 292 4867 vta.
318 4817 424 4870 hoc
453 4817 614 4871 modo
631 4818 811 4887 potius
860 4829 1004 4874 esset
1060 4821 1308 4888 dicenda,
1349 4823 1608 4882 Eumelus
1639 4830 1744 4883 scri

205 4908 399 4974 pserit.
458 4901 722 4977 Equidem
771 4925 992 4979 repono.
1058 4912 1242 4968 invitis
1288 4916 1452 4970 etiam
1520 4920 1774 4977 omnibus

199 4999 393 5066 libris,
423 4998 794 5070 Theogoniam.
832 5001 1058 5058 Constat
1087 5005 1231 5058 enim
1259 5019 1288 5060 θ
1317 5007 1610 5064 Clementis
1642 5009 1771 5066 Ale-

200 5091 454 5145 xandrini
487 5091 715 5161 Στρῶμ.
751 5099 807 5157 ς’
838 5109 892 5162 p.
940 5091 1067 5160 629,
1100 5095 1384 5152 Eumelum
1423 5096 1768 5156 Corinthium

199 5179 426 5236 Hesiodi
464 5175 857 5254 Theogoniam,
887 5185 1261 5257 ίαταλογάδην
1289 5203 1628 5259 expressam,
1666 5208 1767 5263 pro

199 5265 300 5326 sua
333 5270 676 5328 venditasse.
709 5271 1008 5343 Εὑρωπίαν
1037 5274 1156 5344 ejus
1198 5284 1398 5347 praeter
1428 5268 1766 5335 Clementem

193 5360 288 5413 τὸν
319 5359 684 5431 Στρωματέα,
730 5361 919 5418 citavit
975 5365 1137 5419 etiam
1194 5363 1499 5422 Scholiasta
1546 5361 1765 5423 Homeri

194 5452 400 5515 minor.
433 5469 592 5522 quem
628 5454 910 5525 Didymum
935 5458 1092 5526 vulgo
1122 5468 1342 5522 vocant.
1396 5462 1461 5516 ad
1483 5463 1637 5518 lliad.
1667 5463 1745 5529 Z',

194 5555 344 5597 vers.
380 5541 501 5598 150.
562 5542 680 5598 Non
723 5560 873 5616 ergo,
925 5543 1196 5616 Europam
1251 5553 1354 5605 hoc
1416 5551 1536 5607 loco
1574 5564 1764 5608 contra

198 5640 306 5686 tam
349 5647 483 5689 mss.
513 5651 677 5706 quam
711 5638 1007 5694 editionum
1035 5639 1220 5707 ﬁdem,
1256 5643 1627 5710 reponendum
1651 5624 1758 5700 est.

199 5719 347 5782 Sane
379 5725 598 5793 quidem
635 5727 957 5801 Pausanias,
985 5729 1160 5787 Bosot.
1189 5742 1310 5804 cap.
1347 5731 1402 5800 ι,
1427 5733 1520 5788 τοῦ
1567 5733 1634 5806 εὰ
1662 5735 1758 5807 ετη

1909 3181 2075 3235 opere
2106 3167 2441 3222 exhibentur
2486 3171 2644 3239 juxta
2687 3169 3004 3237 Homerum,
3066 3170 3473 3237 Stesichorum.

1908 3257 2193 3312 Arctinum
2230 3258 2521 3324 Milesium.
2544 3269 2599 3315 et
2628 3260 2890 3316 Leschem
2922 3262 3474 3334 Pyrrhaaummotatu

1908 3348 2149 3416 dignum,
2187 3351 2333 3418 quod
2382 3353 2684 3408 ΑΙΒΙΟΠΙΣ
2729 3355 2947 3424 quidem
3012 3355 3202 3410 ΚΑΤΑ
3234 3359 3479 3412 APKTI-

1903 3443 2048 3496 NON
2081 3445 2221 3498 TON
2251 3447 2612 3514 ΜΙΛΗΣΙΟΝ,
2652 3447 2923 3514 Αῖιιιὶορὶσ
2971 3450 3130 3518 juxta
3186 3454 3466 3506 Aretinum

1906 3536 2195 3602 Milesium,
2245 3539 2338 3591 sed
2387 3538 2576 3592 ΙΛΙΟΥ
2626 3541 2872 3593 ΙΙΕΡΣΙΣ
2906 3542 3093 3595 ΚΑΤΑ
3147 3543 3470 3600 ΣΤΗΣΙΧΟ-

1899 3625 2059 3688 PON,
2088 3627 2174 3680 Ilii
2197 3627 2396 3692 Persis,
2431 3630 2544 3685 sive
2567 3630 2863 3694 excidium,
2889 3633 3060 3700 juxta
3077 3632 3460 3703 Stesichorum,

1899 3729 2262 3788 apponuntur.
2297 3719 2567 3774 Cancrum
2592 3720 2713 3775 ideo
2743 3722 3036 3775 Αἰθιοπίδα
3069 3723 3273 3778 librum
3301 3741 3462 3781 suum

1898 3810 2182 3888 inscripsit
2217 3811 2499 3877 Arctinus,
2533 3818 2678 3884 quod
2720 3815 2788 3870 de
2811 3817 2972 3872 rebus
3006 3829 3190 3888 ageret
3223 3817 3465 3875 Memno»-

1899 3905 1982 3958 nis
2007 3903 2308 3974 Ethiopis,
2345 3907 2438 3976 qui
2477 3907 2527 3960 in
2565 3908 2832 3962 auxilium
2865 3907 3233 3979 Troianorum
3289 3913 3461 3968 venit.

1897 3996 2035 4052 Male
2056 4008 2235 4051 autem
2275 3997 2519 4068 Scaliger
2554 4000 2608 4054 in
2644 4001 2796 4056 Notis
2833 4002 3120 4058 confundit
3159 4004 3304 4058 hunc
3337 4019 3461 4058 cum

1894 4090 2217 4160 cognomine
2247 4091 2496 4152 Arctino.
2523 4107 2684 4161 quem
2716 4091 3002 4147 Diomedes
3039 4093 3138 4147 lib.
3175 4109 3230 4147 tu
3267 4103 3462 4148 aucto-

1895 4196 2008 4235 rem
2037 4182 2200 4236 iambi
2235 4181 2387 4250 pedis
2413 4181 2622 4243 laudat,
2653 4191 2706 4236 et
2731 4183 2825 4253 qui
2869 4193 3049 4239 tamen
3074 4185 3215 4238 alius
3236 4187 3460 4240 omnino

1894 4286 1957 4326 ac
1987 4271 2254 4324 recentior
2290 4271 2560 4339 putandus
2580 4280 2682 4326 est.

1963 4361 2098 4437 Ibid.
2130 4355 2334 4415 Thermi
2354 4360 2590 4431 Cyrenen
2613 4361 2975 4418 condiderunt.
3000 4361 3338 4419 Dill'ertltanc
3357 4369 3459 4437 ῥῆ-

1813 4443 1862 4503 D
1891 4469 1977 4506 σιν
2003 4452 2246 4521 Scaliger
2277 4455 2400 4522 post
2446 4468 2542 4508 sex
2598 4468 2770 4508 annos
2806 4464 2995 4509 contra
3028 4472 3158 4512 mss.
3222 4467 3277 4512 et
3331 4473 3452 4513 cum

1883 4546 2076 4616 primis
2106 4543 2444 4611 Parmensis,
2471 4560 2534 4602 ac
2568 4546 2726 4616 primi
2762 4544 3016 4613 Palatini,
3063 4557 3176 4602 tum
3209 4559 3264 4604 et
3292 4561 3456 4604 vetu-

1883 4638 2113 4693 stiorum
2143 4635 2418 4690 editorum
2453 4637 2706 4692 codicum
2745 4637 2929 4703 fidem,
2963 4637 3056 4708 qui
3097 4647 3152 4693 et
3192 4655 3288 4708 pro
3317 4656 3454 4696 ver-

1885 4728 1986 4790 his.
2021 4727 2248 4782 Oraculo
2278 4729 2354 4782 sic
2377 4727 2617 4797 jubente,
2654 4729 2838 4796 legunt
2869 4747 2933 4784 ea:
2949 4747 3194 4800 responso
3231 4728 3434 4798 Phoebi;

1881 4819 2125 4888 plerique
2151 4820 2320 4872 etiam
2351 4835 2447 4888 pro
2483 4821 2749 4884 Aristeas,
2799 4823 2946 4890 quod
3006 4831 3341 4892 postremum
3367 4835 3462 4880 est.

1879 4898 2104 4974 nomen,
2131 4911 2440 4964 Aristoteles
2477 4912 2794 4982 prmlerunt.
2849 4913 2916 4967 Et
2951 4913 3195 4986 Scaliger
3228 4917 3448 4987 quidem

1876 5001 1970 5063 ait.
2001 5001 2228 5054 Aristeas
2261 5002 2439 5070 inepte
2459 5001 2666 5067 scribit,
2706 5003 2851 5071 quod
2904 5005 3125 5061 minime
3173 5022 3424 5077 pronun-

1877 5091 2012 5146 tiare
2044 5093 2245 5157 ausim,
2278 5107 2402 5146 cum
2459 5106 2568 5147 non
2613 5091 2701 5148 hic
2730 5097 2906 5150 solum
2970 5097 3112 5167 apud
3167 5111 3442 5155 auctorem

1876 5191 2146 5249 nostrum,
2199 5183 2292 5240 sed
2325 5186 2533 5253 etapud
2559 5182 2852 5240 Diodorum
2887 5186 3129 5245 Siculum
3173 5191 3438 5247 Biblioth.

1875 5275 1968 5330 lib.
2001 5289 2076 5338 tv,
2103 5290 2169 5330 eo
2207 5275 2460 5331 conditor
2489 5275 2826 5346 Cyrenarum
2863 5283 3086 5336 nomine
3115 5283 3440 5352 appelletur.

1873 5371 2384 5427 etluculentissime
2419 5371 2566 5442 apud
2618 5370 2895 5428 Justinum
2927 5376 3024 5431 lib.
3062 5392 3184 5438 xm.
3213 5390 3338 5445 cap.
3375 5387 3428 5427 ις

1872 5459 2079 5532 Cyrene
2109 5457 2322 5517 condita
2363 5462 2467 5533 fuit
2501 5463 2565 5516 ab
2592 5463 2842 5532 Arista’o,
2871 5467 2953 5520 cui
3009 5483 3196 5519 nomen
3238 5463 3434 5521 Battus

1868 5564 2081 5624 propter
2171 5552 2362 5624 lingua:
2440 5553 2816 5625 obligationem
2877 5557 2997 5623 fuit.
3070 5552 3180 5612 Nec
3256 5563 3434 5611 tamen

1869 5639 2121 5710 diiﬁteor,
2187 5645 2294 5700 dici
2357 5644 2484 5700 aliis
2542 5646 2873 5700 Aristotelem
2931 5661 2948 5700 :
3000 5647 3128 5716 quin
3186 5649 3435 5704 teetimo-

1869 5737 1977 5794 niis
2088 5737 2318 5794 laudatis
2417 5735 2740 5808 Scaligero,
2825 5735 3139 5796 Callimachi
3226 5739 3438 5798 scilicet
