3964 6186
306 302 412 365 839

1563 316 1965 378 VALLARSII
2009 319 2246 383 ΝΟΤᾹΞ.

3428 330 3534 392 830

306 417 642 488 TheOpompi
678 427 941 488 tempore,
999 422 1227 480 alterius
1286 440 1352 480 cx
1394 428 1600 484 Proclaa
1655 429 1870 484 familiae
1903 437 1945 488 Α
1978 431 2117 486 vius.
2148 433 2269 486 Non
2324 441 2409 489 est
2454 447 2586 504 ergo
2635 449 2756 500 cur,
2810 445 3038 507 propter
3101 437 3230 493 illud
3289 438 3536 511 Dionysii

306 525 435 578 rege
467 510 612 562 ἔτεσί
650 527 751 563 που
791 511 1032 578 μάλιστα
1081 513 1182 582 ρλ’,
1220 517 1357 581 μετὰ
1387 517 1730 586 Λυκοῦργον,
1771 519 1869 589 τὴν

301 601 411 654 τῶν
447 603 656 670 ἐφόρων
671 601 900 670 δύναμιν
932 605 1362 674 κατασταθῆναι.
1395 606 1449 662 Si
1507 611 1596 663 ἐπὶ
1620 612 1870 680 Θεοπόμ-

310 709 415 745 που
475 693 526 746 id
570 691 797 762 factum,
847 695 988 762 quod
1040 709 1172 750 sane
1217 707 1270 751 et
1317 699 1634 755 Aristoteles
1699 703 1790 755 lib.
1841 719 1870 756 v

307 784 519 848 Πολιτ..
549 793 601 838 et
634 783 828 839 Cicero
865 785 956 838 lib.
991 801 1051 840 ιιι
1079 788 1144 841 de
1185 788 1318 854 LL.,
1371 798 1424 844 et
1455 792 1568 854 alii,
1599 795 1866 858 scribunt,

305 884 431 942 post
457 877 688 945 primam
754 876 806 930 id
865 877 1068 933 factum
1137 891 1220 934 est
1270 882 1654 952 Olympiadem,
1716 887 1872 956 cujus

303 983 486 1022 annus
518 970 571 1032 1,
633 969 946 1024 secundum-
999 971 1284 1028 Sosibium
1339 976 1481 1044 apud
1534 975 1867 1035 Clementem

298 1060 760 1125 Alexandrinum,
829 1073 1058 1130 quartus
1112 1073 1167 1118 et
1251 1066 1542 1122 vicesimus
1587 1069 1867 1138 Nicandri,

300 1151 635 1218 Theopompi
665 1152 860 1220 patris,
885 1152 1008 1208 fuit.
1039 1153 1215 1224 Supra
1237 1157 1497 1224 diximus,
1532 1159 1710 1215 Snidze
1742 1163 1867 1230 fide,

296 1257 504 1295 annum
540 1244 732 1296 mortis
768 1242 999 1314 Lycurgi
1031 1244 1276 1301 incidere
1307 1249 1360 1301 in
1429 1263 1632 1304 annum
1689 1254 1867 1306 Abra-

300 1328 450 1386 hami
474 1332 637 1388 1207.
657 1333 813 1388 Adde
851 1334 953 1389 150
987 1351 1184 1401 annos,
1217 1348 1272 1392 et
1311 1339 1456 1394 dicet
1508 1340 1866 1406 Plutarchus,

298 1426 539 1495 ephoros
570 1440 717 1478 anno
754 1426 1047 1480 Abrahami
1100 1428 1240 1484 1557
1298 1445 1422 1485 esse
1483 1434 1867 1489 introductos:

299 1517 449 1584 quod
471 1521 605 1572 satis
621 1516 806 1572 diEert
827 1517 896 1572 ab
921 1517 1180 1586 Eusebio,
1213 1522 1315 1577 nisi
1331 1523 1658 1580 Plutarchus
1677 1525 1864 1590 alium,

298 1620 465 1674 quam
504 1607 723 1671 Suidas,
756 1610 973 1664 fatalem
1023 1609 1258 1682 Lycurgi
1291 1628 1516 1681 annum,
1541 1617 1608 1668 de
1634 1617 1866 1686 quojam

1979 524 2379 589 testimonium,
2410 524 2477 579 de
2503 525 2773 597 CharOpis
2829 528 2987 582 initio
3041 529 3376 586 dubitemus.
3418 531 3535 585 Non

1975 630 2060 670 me
2091 613 2246 684 fugit,
2279 624 2499 684 propter
2531 617 2904 672 testimonium
2949 617 3230 675 Pausaniae
3259 622 3538 679 dubitasse

1974 707 2238 762 hactenus
2281 708 2548 771 eruditos,
2582 723 2710 761 num
2740 709 3001 763 decennia
3045 710 3250 779 integra
3282 711 3542 780 expleve-

1973 799 2086 853 rint
2114 799 2407 854 archontes
2439 800 2786 856 deccnnales.
2845 802 2938 856 Est
2975 810 3154 855 autem
3190 811 3387 870 praeter
3426 803 3534 856 Eu-

1977 891 2212 952 sebium.
2243 906 2448 959 eosque
2498 893 2590 961 qui
2640 909 2705 947 ex
2763 894 2975 956 iisdem,
3027 895 3170 947 unde
3241 895 3533 961 Eusebius,

1972 979 2273 1050 originibus
2311 996 2410 1034 sua
2443 982 2750 1045 hauserint,
2785 983 2935 1035 testis
2987 982 3091 1037 hac
3137 984 3189 1036 in
3235 998 3398 1037 causa
3448 983 3535 1037 di-

1974 1071 2316 1127 sertissimus
2371 1070 2636 1134 Velleius,
2670 1072 2761 1141 qui
2801 1072 3182 1126 decennaliutn
3207 1074 3533 1128 archontnm

1972 1177 2145 1218 annos
2167 1163 2413 1233 agnoscit
2441 1164 2493 1217 in
2550 1148 2986 1218 universum'70.
3021 1161 3140 1216 Lib.
3176 1179 3219 1225 ι,
3263 1178 3313 1217 c.
3348 1162 3402 1217 8.
3434 1164 3537 1218 Fe-

1972 1254 2098 1309 fellit
2137 1268 2266 1322 ergo
2324 1253 2491 1322 ipsos,
2544 1253 2598 1306 ni
2652 1253 2811 1308 fallor
2864 1254 3000 1322 ipse,
3060 1251 3343 1305 Pausaniae
3376 1252 3538 1306 lectio

1975 1345 2350 1398 tantummodo
2385 1358 2414 1397 a
2477 1343 2723 1398 librariis
2783 1343 2996 1398 vitiata.
3057 1339 3360 1395 Messenici
3404 1340 3536 1401 belli

1971 1441 2133 1494 linem
2165 1437 2377 1500 statuit,
2427 1435 2542 1488 ἔτει
2582 1434 2789 1504 πρώτῳ
2825 1434 2926 1502 τῆς
2956 1434 3228 1506 τετάρτης
3261 1435 3354 1493 καὶ
3380 1433 3540 1491 δεκά-

1968 1547 2068 1595 της
2098 1528 2457 1598 ὀλυμπιάδος,
2494 1527 2563 1596 ἣν
2594 1527 2832 1596 Δάσμων
2855 1527 3149 1597 Κορίνθιος
3179 1531 3338 1584 ινίκα
3399 1528 3535 1583 στά-

1973 1621 2106 1685 διον,
2138 1621 2402 1692 Ἀθήνῃσι
2428 1619 2769 1674 Μεδοντιδῶν
2787 1617 2884 1688 τὴν
2939 1621 3116 1690 ἀρχὴν
3160 1621 3243 1676 ἔτι
3298 1621 3535 1690 ἑχόντων

299 1697 435 1750 olim
460 1697 822 1766 disceptatum
872 1699 1006 1764 fuit,
1041 1701 1389 1760 intellexerit.
1433 1704 1720 1762 Enimvero
1763 1707 1863 1760 ali-

1967 1711 2066 1781 τὴν
2101 1711 2335 1775 δεκέτιν,
2399 1709 2494 1764 καὶ
2543 1711 2696 1772 ἔτους
2737 1710 3056 1781 Ἱππομένει
3105 1705 3381 1779 ’τετάρτου
3431 1711 3534 1780 τῆς

305 1799 392 1840 ter
427 1789 670 1845 rationes
701 1798 830 1844 sunt
865 1789 1138 1848 inconda.
1187 1794 1494 1866 Lycurgum
1527 1812 1651 1852 cum
1687 1799 1863 1868 lphito

1970 1804 2150 1874 ἀρχῆς
2197 1803 2534 1873 ἠνυσμένου.
2599 1802 2704 1858 Sed
2765 1817 2867 1872 pro
2925 1803 3190 1872 τετάρτου
3239 1810 3536 1871 reponatur

296 1880 636 1950 olympiadas
687 1882 1052 1950 inStaurasse,
1123 1897 1314 1941 auctor
1371 1898 1457 1942 est
1522 1889 1863 1958 Aristoteles,

297 1988 464 2040 quem
493 1972 820 2028 Plutarchus
860 1975 912 2030 id
941 1976 1108 2031 refert
1140 1994 1170 2033 e
1207 1979 1364 2034 disco
1397 1980 1677 2052 Olympico
1729 1983 1868 2038 didi-

297 2065 469 2118 cisse.
531 2062 686 2121 Hunc
748 2067 838 2120 alii
914 2082 1111 2138 magno
1180 2085 1452 2126 consensu
1505 2075 1679 2128 secuti
1716 2085 1863 2140 sunt,

295 2152 600 2208 Pausanias
639 2156 897 2211 nimirum
948 2158 1040 2214 lib.
1071 2176 1110 2216 ι.
1141 2159 1308 2216 Eliac.
1342 2177 1463 2231 cap.
1492 2165 1548 2226 4,
1584 2164 1864 2234 Polybius,

297 2246 686 2302 Aristodemus
723 2249 862 2316 apud
895 2247 1204 2319 Syncellum
1231 2253 1365 2306 edit.
1405 2253 1531 2307 Par.
1559 2271 1615 2324 p.
1653 2255 1776 2321 196,
1811 2264 1866 2311 et

297 2340 466 2407 siqui
503 2338 705 2406 plures.
736 2338 1088 2395 Intercedunt
1117 2342 1257 2396 inter
1296 2345 1528 2412 primam
1593 2346 1865 2416 olympia-

298 2427 451 2492 dem,
481 2428 536 2481 in
571 2443 680 2496 quo
711 2429 977 2484 Coroebus
1034 2429 1212 2485 stadio
1244 2432 1395 2495 vicit,
1447 2442 1501 2488 et
1552 2433 1698 2488 illam
1737 2436 1862 2489 ἀνο-

291 2516 580 2585 λυμπιάδσ.
603 2518 832 2585 primam
860 2519 938 2575 ab
978 2519 1155 2588 lphito
1188 2521 1550 2587 διατεθεῖσαν,
1599 2527 1866 2596 olympia-

300 2609 401 2664 des
431 2607 522 2668 27.
575 2621 720 2664 ntcx
743 2608 968 2680 Polybio
1017 2613 1435 2670 etAristodemo
1488 2615 1776 2685 Syncellus
1805 2619 1859 2672 d.

292 2698 332 2752 1.
365 2699 546 2764 docet,
580 2700 686 2754 hoc
721 2709 824 2764 est,
853 2701 979 2755 anni
1007 2701 1132 2757 108.
1168 2703 1240 2758 lis
1293 2705 1522 2774 subjice,
1562 2715 1621 2760 ut
1653 2709 1862 2763 consti-

295 2798 527 2844 tuantur
555 2791 684 2845 anni
728 2793 806 2846 illi
838 2793 942 2848 150
979 2795 1277 2858 Plutarchi,
1311 2797 1452 2852 alios
1490 2798 1583 2865 22,
1631 2809 1686 2856 et
1721 2802 1864 2856 dicet

290 2880 636 2943 Plutarchus,
659 2884 802 2936 circa
832 2901 1035 2938 annum
1085 2887 1120 2940 2
1156 2885 1495 2957 Olympiadis
1526 2890 1592 2953 6,
1636 2892 1727 2958 qui
1781 2899 1865 2946 est

290 2969 739 3026 Abrahamilicus
795 2973 977 3040 1262,
1040 2977 1273 3044 ephoros
1329 2992 1450 3032 esse
1509 2979 1858 3042 constitutos,

287 3060 434 3129 quod
469 3068 683 3132 tempus
748 3065 993 3135 proxime
1022 3067 1240 3122 accedit
1270 3067 1340 3123 ad
1383 3067 1651 3132 calculum
1683 3069 1854 3152 Euse-

287 3152 535 3205 lnianum.
734 3209 737 3211 ν

364 3243 484 3317 Col.
519 3245 646 3301 565.
679 3245 898 3317 Cyzicus
929 3252 1162 3316 condita.
1217 3251 1556 3309 Vetustiores
1591 3254 1858 3312 editiones

288 3332 486 3402 Cyzius
516 3337 724 3404 legunt,
756 3339 900 3406 quod
929 3350 982 3396 et
1018 3342 1291 3399 Pontacus
1320 3345 1563 3412 retinuit;
1596 3345 1857 3401 Parmen-

291 3426 370 3480 sis
405 3443 504 3480 ms.
541 3443 662 3481 cum
688 3431 974 3498 Palatinis,
1047 3437 1383 3502 atque-editi
1420 3439 1510 3492 alii
1551 3439 1674 3493 libri
1705 3439 1858 3508 Cyzi-

290 3535 407 3584 cus,
449 3521 590 3588 quod
626 3531 679 3576 et
707 3540 806 3578 nos
838 3527 1200 3593 praetulituus.
1239 3529 1313 3584 De
1353 3532 1474 3600 ejus
1524 3532 1678 3586 urbis
1713 3547 1857 3588 con-

291 3613 411 3665 ditu
439 3611 638 3665 dictum
677 3615 929 3682 superius
954 3617 1021 3671 ad
1051 3633 1204 3673 num.
1239 3621 1366 3676 7'58.

368 3701 506 3755 Ibid.
545 3701 828 3759 Alcmwon.
888 3705 1094 3762 Vitiose
1147 3708 1350 3780 legerat
1385 3710 1662 3768 Ponlacus
1696 3713 1857 3768 Alca-

289 3811 502 3849 menon.
526 3796 762 3852 Velleius
811 3798 906 3858 lib,
963 3815 1004 3863 ι,
1037 3816 1088 3856 c.
1123 3802 1198 3856 8:
1228 3802 1443 3857 Athenis
1482 3808 1715 3873 perpetui
1770 3823 1860 3859 ar-

289 3887 504 3955 chonte:
522 3905 631 3943 esse
659 3892 950 3960 desierunt,
994 3909 1109 3946 cum
1156 3894 1348 3963 fuisse:
1376 3895 1596 3952 ultimus
1652 3897 1858 3952 Alcme-

289 3992 419 4034 non.

364 4069 487 4123 Col.
533 4070 664 4124 555.
700 4069 962 4140 Charops.
999 4073 1177 4140 Atque
1204 4074 1292 4128 hic
1316 4075 1603 4129 Paterctuo
1656 4091 1862 4132 memo-

293 4170 470 4222 ratur,
507 4159 600 4213 sed
630 4172 684 4214 et
723 4161 979 4232 Dionysio
1031 4163 1268 4220 Halicar.
1320 4167 1414 4220 lib.
1455 4183 1466 4221 I
1521 4167 1709 4236 Antiq.
1750 4168 1860 4222 Ro-

293 4268 446 4306 man.
490 4267 544 4320 p.
572 4253 660 4314 57,
697 4253 748 4306 in
777 4269 935 4321 quem
967 4255 1164 4318 locum,
1187 4268 1370 4326 utpote
1397 4259 1491 4326 qui
1542 4258 1864 4313 Eusebiauis

285 4333 599 4398 rationibus
623 4360 730 4398 una
768 4362 832 4399 ex
864 4355 1016 4416 parte
1039 4351 1331 4413 consentit,
1377 4349 1482 4403 alia
1519 4353 1861 4416 adversatur,

1971 1892 2240 1960 τετάρτῳ.
2276 1899 2333 1945 et
2366 1902 2678 1947 nostrarum
2715 1893 3019 1946 tabularum
3055 1892 3421 1962 cbronologia
3459 1891 3532 1946 ita

1969 1997 2080 2036 non
2115 1982 2413 2036 obstabunt
2441 1983 2604 2036 verba
2637 1981 2942 2046 Pausaniae,
2999 1991 3059 2041 ut
3109 1991 3300 2036 contra
3352 1980 3535 2049 potius

1969 2073 2114 2127 illam
2145 2073 2254 2126 sint
2282 2072 2509 2140 miriﬁce
2528 2073 2956 2134 conﬁrmatura.
2986 2071 3117 2126 Erat
3143 2072 3289 2126 enim
3324 2070 3534 2140 Hippo:-

1971 2179 2158 2219 menes
2217 2163 2597 2218 decennalium
2651 2164 2972 2218 archontum
3023 2179 3218 2219 revera
3279 2173 3530 2232 quartus.

1965 2254 2036 2310 Et
2082 2255 2294 2324 primus
2323 2253 2596 2310 eritillius
2619 2268 2820 2316 annus,
2843 2269 3002 2322 quem
3054 2269 3179 2309 cum
3231 2254 3430 2323 olymp.
3466 2254 3531 2307 17

1964 2329 2114 2402 anno
2147 2345 2321 2415 primo
2339 2346 2612 2400 commisit
2668 2344 2999 2399 Pausanias.
3024 2345 3200 2399 Plane
3230 2352 3303 2398 ut.
3331 2344 3384 2396 in
3429 2358 3530 2397 no-

1915 2475 1928 2488 .
1965 2439 2096 2494 stris
2125 2446 2568 2507 repraesentatur
2620 2437 2836 2500 tabulis,
2887 2451 2997 2491 uon
3034 2444 3217 2489 autem
3262 2435 3317 2488 in
3355 2435 3529 2489 Euse-

1964 2531 2166 2588 bianis.
2205 2531 2358 2586 Hanc
2395 2545 2528 2599 ergo
2560 2527 2970 2596 chronologiam
3001 2526 3068 2596 (si
3104 2541 3208 2596 qua
3261 2525 3345 2580 his
3406 2534 3516 2580 tam

1963 2606 2196 2677 vetustis
2221 2620 2426 2676 Graeca:
2451 2619 2693 2674 historia:
2727 2617 3067 2687 temporibus
3103 2631 3232 2671 vera
3266 2617 3360 2683 sit)
3388 2630 3531 2670 verae

1963 2714 2264 2784 proximam
2296 2709 2466 2766 fuisse
2510 2709 2856 2767 crediderim.
2890 2709 3165 2764 Hactenus
3216 2707 3328 2762 ille.
3370 2705 3528 2773 Quod

1962 2801 2126 2871 igitur
2151 2801 2342 2855 eodem
2366 2800 2485 2869 ipso
2518 2799 2638 2853 loco
2691 2797 2935 2860 laudato,
2992 2796 3284 2868 Dionysius
3316 2805 3371 2851 et
3402 2795 3486 2865 pri
3507 2823 3525 2836 -

1962 2907 2112 2948 mum
2145 2890 2418 2958 Charopis
2441 2905 2648 2943 annum
2710 2889 2840 2944 facit
2871 2904 2994 2942 cum
3046 2888 3222 2958 primo
3283 2887 3529 2956 septimae

1964 2982 2287 3053 olympiadis
2317 2989 2768 3048 concurrere,_et
2817 2979 2982 3033 simul
3032 2978 3194 3034 Urbis
3247 2979 3528 3042 conditum

1963 3095 2030 3134 co
2056 3078 2171 3144 ipso
2193 3077 2367 3145 primo
2393 3072 2660 3142 Cbaropis
2689 3087 2834 3126 anno
2869 3073 3096 3134 asserit,
3121 3086 3221 3125 nec
3251 3071 3379 3137 sibi,
3424 3085 3524 3126 ue-

1963 3185 2070 3241 que
2101 3184 2225 3221 cum
2267 3166 2572 3222 Euscbiana
2607 3163 2890 3236 hypotbesi
2913 3172 3125 3218 constat
3158 3174 3173 3215 :
3209 3172 3386 3231 potest
3441 3170 3530 3215 ta-

1960 3277 2085 3316 men
2113 3259 2506 3329 alterumjuxta
2545 3257 2697 3320 illud,
2752 3256 2894 3324 quod
2952 3253 3158 3306 dudum
3215 3253 3526 3305 monuimus

1960 3353 2027 3408 de
2056 3352 2488 3422 olympiacorum
2515 3363 2783 3403 annorum
2816 3361 2940 3402 cum
2979 3343 3272 3414 Romanis;
3301 3358 3524 3423 compa-

1961 3441 2190 3506 ratione,
2217 3440 2409 3508 accipi.
2459 3507 2462 3510 ί

2029 3532 2147 3587 Col.
2172 3531 2297 3586 355.
2330 3530 2497 3586 Roma
2527 3531 2858 3586 Palilibus...
2889 3529 3124 3582 condita.
3159 3527 3301 3582 Satis
3341 3526 3529 3580 habuit

1963 3624 2201 3695 Scaliger
2234 3633 2544 3689 annotasse,
2584 3621 2889 3675 Varronem
2913 3635 3059 3673 anno
3095 3621 3128 3672 5
3150 3627 3320 3672 sextae
3347 3617 3524 3685 olym-

1967 3715 2090 3783 piad
2110 3718 2176 3777 is.
2233 3713 2496 3769 Catonem
2546 3714 2580 3768 1
2613 3713 2792 3766 Romae
2839 3710 3120 3765 conditum
3166 3705 3516 3772 ascripsisse.

1965 3805 2123 3860 Enim
2150 3820 2303 3872 vero,
2331 3813 2694 3874 prmierquam
2726 3801 2872 3872 quod
2946 3800 3130 3853 nullus
3166 3798 3272 3853 erit
3303 3795 3526 3853 dicendi

1964 3895 2086 3949 finis
2113 3933 2130 3958 ,
2184 3894 2232 3948 si
2274 3910 2393 3963 qua:
2443 3893 2568 3948 aliis
2610 3894 2711 3948 hac
2734 3906 2899 3961 super
2943 3905 2999 3944 re
3041 3890 3318 3959 disputata
3374 3894 3527 3951 sunt,

1965 3985 2068 4038 huc
2095 3983 2316 4046 referas,
2353 3984 2511 4039 tertia
2564 3984 2653 4037 illa
2709 3984 2900 4052 Opinio
2941 3981 3183 4051 Dionysii
3246 3978 3527 4034 Halicarn.

1963 4085 2018 4130 et
2046 4074 2195 4130 Vcrii
2244 4075 2449 4140 Flacci,
2485 4076 2573 4130 cui
2634 4075 2780 4130 Fasti
2832 4074 3123 4143 Capitolini
3194 4071 3524 4134 tribuuntur,

1963 4181 2026 4218 ac
2055 4164 2160 4220 fert
2215 4165 2491 4219 conditam
2554 4165 2777 4218 Romam
2825 4163 3005 4233 primo
3053 4163 3297 4230 septimae
3349 4158 3527 4228 olym-

1965 4258 2142 4327 piadis
2173 4271 2341 4318 anno,
2394 4256 2510 4321 illa,
2568 4257 2815 4323 inquam,
2879 4254 3068 4308 eodem
3113 4251 3311 4306 recidit
3360 4264 3528 4305 :cum

1965 4349 2112 4404 enim
2143 4347 2269 4401 anni
2334 4347 2498 4402 Urbis
2542 4363 2571 4400 a
2627 4347 2692 4400 21
2735 4346 2934 4415 Aprilis
3002 4345 3348 4406 int-ltomlur,
3401 4341 3528 4394 anni

285 4438 516 4490 omnino
577 4439 912 4502 praetermitti
953 4455 1059 4492 non
1093 4449 1342 4510 possunt,
1375 4458 1496 4512 qum
1532 4445 1738 4512 pridem
1767 4458 1859 4498 ce-
1891 4445 1934 4499 D
1966 4449 2148 4495 autem
2185 4437 2440 4509 Olympici
2474 4446 2598 4508 post
2625 4437 2759 4492 duos
2804 4436 2978 4490 ferme
3009 4449 3250 4496 menses,
3293 4447 3388 4488 seu
3420 4431 3528 4484 cir-

266 4526 390 4582 'dro
416 4529 577 4598 digna
613 4530 908 4584 edisseruit
948 4532 1019 4587 cl.
1084 4531 1394 4589 Dodivellus
1430 4535 1496 4590 de
1533 4535 1710 4591 Veter.
1750 4537 1858 4606 Cy-

289 4619 389 4671 clis
412 4634 469 4686 p.
499 4617 622 4672 694.
657 4618 973 4692 Dionysius,
1010 4623 1207 4691 inquit.
1236 4626 1532 4681 Archontis
1572 4628 1860 4683 decenna-

293 4710 390 4774 lis,
423 4711 688 4778 Charopis
719 4726 863 4767 anno
922 4714 1100 4782 primo
1153 4714 1352 4770 Urbem
1401 4719 1681 4774 conditam
1747 4729 1860 4774 sta-

295 4801 417 4855 tuit.
453 4799 563 4855 Nec
584 4801 729 4855 enim
755 4818 940 4857 verum
967 4804 1094 4857 illud
1121 4819 1244 4860 esse
1265 4807 1467 4873 potuit,
1503 4824 1601 4876 pro
1630 4813 1859 4880 epocha,

295 4907 459 4961 quam
482 4894 730 4960 sequitur
752 4893 1041 4963 Dionysius
1073 4893 1400 4951 Catoniana.
1442 4896 1654 4952 Nostra:
1677 4909 1858 4954 autem

292 4983 514 5037 Tabulae
548 4985 697 5038 illum
725 4983 990 5054 Champis
1024 5001 1225 5042 annum
1283 5002 1406 5042 cum
1458 4989 1659 5059 olymp.
1696 4999 1864 5044 sextae

297 5089 446 5126 anno
471 5074 506 5127 5
538 5083 900 5142 componunt,
929 5061 1023 5144 qui
1057 5076 1188 5132 Urbi
1223 5079 1420 5134 natalis
1445 5090 1582 5144 erat,
1617 5097 1713 5151 pro
1737 5096 1864 5150 epo-

291 5165 396 5218 cha
427 5165 787 5220 Varroniana.
825 5166 1020 5223 Hausit
1067 5185 1198 5240 ergo
1227 5171 1313 5224 illa
1343 5171 1640 5242 Dionysius
1665 5189 1729 5228 ex
1763 5189 1864 5228 au-

295 5267 450 5313 ctore
484 5259 671 5326 aliquo
734 5252 1100 5324 varroniano,
1147 5277 1267 5330 quae
1321 5271 1500 5317 tamen
1542 5263 1862 5332 imprudens

294 5352 362 5404 ad
404 5351 770 5421 ann.olymp.
823 5353 1068 5421 septima:
1115 5353 1171 5416 1,
1219 5353 1334 5423 qui,
1397 5369 1494 5423 pro
1546 5354 1864 5411 Catoniauis

296 5443 415 5496 suis
451 5441 781 5508 rationibus,
827 5440 989 5496 Urbis
1039 5442 1252 5510 primus
1294 5452 1431 5510 erat,
1488 5447 1696 5514 aptavit
1747 5446 1865 5517 ipse

297 5527 609 5599 Dionysius.
673 5527 870 5583 Nescio
921 5529 1065 5583 enim
1100 5545 1208 5598 quo
1263 5545 1394 5586 casu
1439 5533 1510 5587 sit
1547 5534 1772 5599 factum,
1807 5545 1866 5592 ut

295 5619 365 5674 de
432 5619 694 5676 Varronis
747 5621 960 5690 epocba
1037 5622 1170 5677 nihil
1215 5620 1503 5685 rescivisse
1551 5627 1861 5694 videantur,

292 5725 403 5764 non
438 5707 727 5778 Dt'ouysius
754 5710 937 5776 modo,
969 5725 1154 5768 verum
1196 5715 1360 5768 etiam
1392 5713 1551 5774 Italus
1618 5717 1734 5787 ipse
1775 5718 1862 5773 Li-

1963 4531 2099 4586 citer
2151 4531 2215 4584 21
2267 4527 2440 4594 Junii,
2509 4529 2553 4585 si
2606 4538 2894 4583 exeuntem
2951 4526 3220 4594 intelligas
3273 4533 3526 4594 quartum

1963 4633 2132 4679 sextae
2179 4622 2527 4694 Olympiadis,
2583 4636 2708 4676 cum
2769 4621 2992 4675 ineunte
3054 4619 3231 4687 primo
3285 4617 3530 4686 septimae

1964 4715 2251 4770 conveniet
2285 4734 2300 4769 :
2352 4730 2414 4769 ac
2440 4713 2681 4770 vicissim
2740 4722 3026 4768 exeuntem
3090 4712 3307 4766 tertium
3340 4718 3530 4774 sextar,

1966 4821 2064 4874 pro
2097 4806 2346 4872 ejusdem
2378 4814 2575 4874 quarto
2617 4804 2843 4857 ineunte
2893 4803 3153 4871 accipies.
3209 4799 3324 4853 lloc
3375 4808 3528 4853 certe

1964 4895 2182 4965 quidem
2216 4905 2372 4963 pacto
2405 4893 2604 4949 summi
2657 4909 2688 4948 c
2715 4891 3112 4946 recentioribus
3162 4889 3529 4955 chronologis,

1964 4965 2260 5041 Panvinius
2297 4998 2352 5039 et
2407 4984 2662 5040 Petavius
2684 4986 2738 5038 in
2766 4998 2920 5039 suam
2944 4983 3175 5052 quisque
3203 4981 3529 5037 sententiam

1965 5077 2252 5148 pertrahit,
2289 5076 2380 5131 ille
2411 5075 2792 5140 Catonianam,
2826 5075 2928 5130 iste
2981 5073 3363 5146 Dionysianam
3393 5084 3527 5138 epo-

1965 5173 2148 5225 cham.
2171 5168 2296 5225 Uno
2331 5168 2500 5222 verbo
2529 5182 2707 5222 annus
2738 5167 3021 5222 Romanus
3061 5166 3197 5220 duos
3227 5161 3529 5233 Olympii-os

1966 5261 2288 5332 attingebat,
2322 5260 2569 5316 ultimam
2618 5260 2827 5315 scilicet
2865 5257 3226 5328 praecedentis
3284 5259 3520 5320 partem.

1966 5365 2022 5410 et
2051 5357 2286 5423 priorem
2335 5355 2721 5420 subsequentis
2751 5366 2850 5406 :ac
2882 5366 3042 5421 porro
3081 5357 3190 5403 tota
3220 5346 3273 5400 in
3331 5348 3528 5411 quarto

1966 5446 2294 5518 olympiadis
2325 5454 2491 5501 sextae
2551 5459 2695 5500 anno
2745 5443 3050 5499 dill‘erentia
3111 5438 3360 5494 vertitur,
3404 5432 3526 5486 aliis

1967 5538 2035 5592 ad
2087 5539 2323 5604 priorem
2360 5537 2480 5605 ejus
2521 5547 2752 5604 partem,
2797 5536 2918 5590 aliis
2957 5535 3021 5584 ad
3048 5540 3378 5600 postremam
3409 5523 3524 5577 Ro-

1970 5644 2071 5682 mze
2121 5627 2401 5683 canditum
2459 5627 2842 5682 referentibus.
2889 5626 3105 5678 Certum
3159 5627 3351 5674 velere'
3380 5615 3523 5669 fama

1968 5732 2022 5776 ct
2051 5718 2320 5774 constanti
2369 5721 2692 5787 scriptorum
2749 5716 3038 5782 traditione
3064 5721 3166 5776 est,
3217 5709 3359 5780 jacta
3395 5707 3518 5762 fun-
