3964 6186
453 336 464 342 ~
509 299 608 364 8"l
1768 299 2444 372 VALLARSIILNOTIE.
2911 345 2915 348 ~
3587 313 3669 379 892

501 413 758 467 (lamenta
783 409 837 465 in
871 408 1136 468 Palilibus
1165 410 1332 475 ludis,
1395 409 1488 480 qui
1529 409 1796 467 celebrari
1830 422 2071 484 quotan-
2095 421 2150 482 Α
2175 417 2327 487 pulo,
2380 433 2449 475 ne
2474 415 2834 489 magistratus
2864 416 2949 473 sui
2974 415 3116 473 ultra
3149 418 3329 473 decem
3350 433 3506 477 annos
3528 429 3673 482 conii-

509 503 594 558 nis
626 517 680 556 ιι
725 503 845 557 Kal.
871 501 1040 556 Maias
1106 510 1529 560 consueverant.
1580 500 1756 561 Notus
1804 517 1868 562 es
1903 506 1972 563 de
2013 523 2074 564 re
2179 519 2419 565 nuarent
2440 509 2752 580 imperium.

503 594 682 651 Ovidii
709 594 866 650 locus
901 594 1274 666 Metamorph.
1305 595 1404 650 lib.
1429 611 1545 662 xw,
1566 597 1714 653 774:
2249 601 2369 659 Col.
2399 601 2527 658 355.
2561 602 2714 657 Mare
2768 601 3106 656 obtinuerunt
3160 597 3368 656 Milesii.
3417 600 3539 657 Ante
3590 615 3678 663 tres

991 725 1029 776 1,.
1033 727 1130 778 es“
1134 741 1189 790 sq
1195 741 1257 779 ue
1285 725 1525 781 Palilibus
1551 729 1696 782 Urbis
2177 708 2351 790 annos
2381 693 2557 749 locum
2583 689 2891 790 habet-haec
2909 690 2976 746 de
3015 689 3235 790 Milesiis
3268 691 3508 790 periocha
3529 712 3679 790 penes

745 787 924 839 Iitenia
971 781 1266 841 conduntur.
1295 827 1308 839 .
1340 827 1351 839 .
1380 826 1392 839 .
1568 781 1571 782 ⁷
2170 781 2540 856 Scaligerum,
2578 785 2670 855 qui
2701 783 2865 840 etiam
2890 797 3060 838 annos
3084 781 3169 848 l8,
3199 784 3389 852 quibus
3420 783 3567 839 maris
3600 789 3680 840 do-

2175 878 2440 934 minatum
2498 876 2873 940 obtinuerunt,
2944 873 3588 933 lacet.Schurzﬂeiscbius
3629 882 3682 934 ab

2176 967 2270 1023 illo
2298 983 2442 1024 anno
2476 966 2543 1022 ad
2567 966 2724 1031 1284,
2759 980 2868 1036 quo
2898 965 3065 1020 refert
3087 963 3227 1020 idem
3259 962 3508 1036 Scaliger,
3543 967 3681 1024 Caras

626 1045 775 1120 Urbis
794 1047 954 1120 festus
973 1052 1096 1106 erat,
1118 1048 1509 1120 dixere'hi’alilis
1540 1047 1729 1120 patres,
2176 1058 2191 1114 ί

2176 1058 2233 1114 in
2263 1072 2328 1114 eo
2360 1057 2640 1113 dominatu
2675 1055 3032 1120 successisse,
3075 1063 3228 1109 notat
3269 1055 3462 1110 solidos
3515 1056 3573 1111 l9
3615 1058 3679 1112 in-

681 1109 776 1159 Hic
805 1113 993 1171 primus
1009 1110 1160 1172 coepit
1185 1109 1574 1162 "mammas"
1598 1110 1728 1162 ἀίει
2175 1154 2473 1214 tercedere,
2505 1160 2668 1220 atque
2698 1149 2832 1204 adeo
2867 1147 3102 1204 fortasse
3131 1148 3292 1204 unius
3318 1149 3439 1202 anni
3466 1151 3684 1220 ἀναρχίαν

503 1231 728 1284 Demum
759 1239 815 1286 et
841 1229 1127 1288 Ciceronis
1158 1233 1258 1288 lib.
1286 1249 1326 1288 ιι
1375 1234 1444 1288 de
1480 1233 1716 1289 Divinas.
1766 1249 1888 1304 csp.
1929 1237 2001 1292 47
2047 1252 2062 1290 :
2175 1240 2826 1298 fuisseinterserendam.
2862 1239 3062 1294 Verum
3109 1243 3165 1296 et
3223 1240 3522 1309 grandiores
3549 1243 3685 1297 multo

499 1318 564 1376 Ιι.
595 1318 879 1377 Tan-sitias
933 1319 1248 1387 Firmanus,
1301 1325 1586 1394 familiaris
1617 1335 1818 1393 noster,
1855 1321 1914 1382 in
1945 1330 2062 1398 pri-

2177 1334 2385 1389 Iacunae
2419 1333 2472 1386 in
2498 1331 2875 1402 superioribus
2902 1331 3246 1400 interjacent,
3275 1340 3329 1384 et
3363 1331 3486 1384 nihil
3511 1331 3683 1387 videtur

501 1413 605 1466 mis
661 1411 966 1466 Chaldaicis
1021 1416 1318 1470 rationibus
1375 1419 1638 1482 eruditus,
1689 1414 1844 1476 Urbis
1893 1424 2064 1475 etiam
2175 1425 2319 1479 aliud
2354 1425 2406 1477 in
2442 1424 2540 1478 hac
2573 1421 2717 1478 serie
2747 1429 2943 1492 praeter
2971 1422 3240 1487 ordinem,
3307 1434 3371 1476 ex
3406 1421 3484 1476 his
3507 1422 3586 1491 qui
3612 1437 3685 1478 su-

499 1513 694 1557 nostra:
749 1505 986 1558 natalem
1017 1507 1163 1572 diem
1208 1508 1472 1578 repetebat
1527 1510 1591 1564 ab
1663 1513 1728 1567 iis
1773 1513 2066 1577 Parilibus,
2179 1522 2408 1586 persunt
2445 1514 2619 1579 libris,
2647 1515 2764 1568 sive
2799 1513 2990 1576 editis,
3022 1515 3137 1567 sive
3168 1525 3304 1567 mss.
3343 1513 3477 1567 inter
3519 1529 3568 1568 se
3597 1511 3684 1569 dis-

497 1594 686 1660 qnibus
715 1611 833 1649 eam
889 1613 922 1650 α
959 1596 1183 1652 Romulo
1215 1598 1486 1654 conditam
1535 1604 1854 1672 accepimus.
1905 1605 2066 1660 Vides
2174 1606 2560 1670 sentientibus,
2589 1609 2740 1661 certo
2771 1603 3031 1660 constitui
3064 1619 3244 1672 posse.
3264 1604 3414 1674 Apud
3438 1601 3686 1658 Pontacunt

501 1687 616 1740 haec
643 1685 896 1743 Ciceroni
935 1689 1148 1744 Parilia
1177 1687 1285 1746 dici
1315 1691 1776 1762 quemadmodum
1819 1706 1874 1751 et
1917 1695 2064 1751 Fasti
2175 1709 2336 1769 quem
2393 1698 2692 1766 sequimur,
2728 1695 2820 1766 qui
2875 1692 3115 1752 Milesios
3165 1703 3490 1760 ettceperunt
3534 1693 3687 1760 Cares,

500 1778 814 1845 Marmorei,
847 1779 1067 1848 Festus,
1110 1783 1426 1846 Athenaeus.
1478 1784 1676 1840 Snidas
1739 1787 2062 1856 appellant;
2099 1779 2142 1835 Β
2169 1790 2328 1846 annis
2364 1789 2431 1843 ab
2455 1789 2582 1844 hinc
2616 1788 2838 1855 triginta
2863 1788 3080 1842 duobus
3113 1787 3339 1841 distant.
3385 1783 3455 1840 De
3483 1783 3689 1840 Nancrati

495 1884 620 1936 qua
642 1879 838 1939 prater
869 1871 1119 1928 laudatos
1149 1876 1310 1929 modo
1341 1875 1590 1930 Ovidium
1623 1888 1676 1932 et
1696 1875 2065 1949 Propertium,
2167 1887 2334 1946 porm
2376 1877 2493 1945 ipsa
2527 1874 2720 1930 iisdem
2776 1873 2948 1929 ferme
2999 1882 3166 1942 atque
3236 1871 3495 1928 Eusebius
3545 1874 3690 1927 verbis

503 1958 701 2023 Varro,
730 1961 976 2030 inquam,
1007 1963 1112 2019 lib.
1182 1979 1236 2019 tv
1289 1965 1356 2020 de
1401 1967 1556 2039 Ling.
1605 1967 1751 2036 Lat.,
1813 1971 2066 2029 Tibullus

2169 1962 2478 2037 Stephanus
2517 1961 2876 2036 ςΝαῦκρατις
2916 1964 3072 2028 πόλις
3098 1963 3378 2030 Δὶγύπτου
3407 1963 3508 2016 ὰπδ
3550 1962 3688 2033 Μιλη-

499 2049 596 2106 lib.
643 2064 706 2113 ιι,
755 2048 955 2119 aliique
985 2054 1336 2118 vetustiores,
1373 2056 1602 2125 Palilia,
1651 2073 1776 2114 cum
1825 2061 2064 2118 Eusebio

2169 2059 2304 2113 σίων
2327 2059 2450 2113 τότε
2504 2055 3124 2127 θαλασσοκρατούντων.
3161 2053 3362 2109 Strabo
3419 2062 3600 2118 autem,
3642 2067 3689 2108 es

498 2149 554 2194 et
586 2139 922 2212 Hieronymo
942 2153 1143 2200 vocant
1183 2159 1199 2197 :
1235 2148 1366 2216 quin
1417 2150 1584 2204 etiam
1637 2166 1668 2206 a
1695 2151 1844 2219 Pale,
1879 2161 2066 2225 pasto-
2166 2150 2326 2220 cujus
2355 2149 2668 2205 testimonio
2697 2147 2949 2217 Scaliger
2973 2148 3273 2202 immanem
3326 2144 3550 2200 Eusebio
3587 2157 3692 2198 ana-

499 2243 623 2286 rum
655 2233 777 2297 dea,
817 2235 1057 2290 nominis
1111 2239 1498 2309 etymologiam
1562 2243 1816 2298 derivant
1847 2285 1864 2310 ,
1917 2246 2063 2315 quod
2166 2241 2541 2298 chronismum
2573 2242 2924 2310 improperat,
2948 2239 3114 2294 tradit
3146 2239 3248 2294 lib.
3277 2252 3537 2308 xvu,pag.
3563 2237 3686 2302 1153,

499 2323 727 2393 propius
751 2323 820 2378 ad
848 2325 1008 2379 ﬁdem
1028 2335 1135 2394 est,
1173 2320 1336 2397 quam
1383 2331 1526 2401 quod
1584 2330 1782 2390 Festus
1835 2335 2064 2402 indicat,
2166 2335 2271 2388 sub
2299 2331 2678 2398 Psammitico,
2717 2341 2774 2388 et
2813 2331 3098 2404 Cyasaris,
3151 2331 3256 2401 qui
3316 2328 3572 2384 Medorum
3618 2342 3690 2383 res

497 2415 835 2484 exponitque
891 2416 1211 2474 Victorinus
1265 2420 1418 2487 Afer,
1472 2421 1687 2478 Parilia
1721 2437 1754 2478 α
1783 2427 2062 2493 pariendo.
2165 2422 2293 2490 fuit,
2335 2433 2514 2491 aetate,
2553 2423 2792 2480 Milesios
2830 2438 2956 2479 cum
2998 2421 3349 2493 appulissent
3401 2421 3464 2475 ad
3507 2418 3692 2475 Bolbiti-

501 2500 653 2569 Quod
685 2513 894 2574 spectat
943 2505 1236 2564 lectionem
1289 2517 1488 2576 textus,
1559 2511 1809 2585 Scaliger
1871 2517 2062 2588 verba,
2165 2529 2290 2573 cum
2321 2516 2544 2583 ostium,
2581 2515 2768 2586 ibique
2819 2522 3240 2570 monumentum
3278 2512 3693 2576 construxissent,

499 2593 715 2650 condita
745 2599 945 2666 (nunc,
980 2599 1202 2666 omittit,
1248 2611 1366 2657 tum
1399 2605 1544 2660 serie
1597 2607 1881 2673 continua,
1916 2616 1978 2662 ut
2003 2605 2066 2664 et
2113 2623 2141 2655 ο
2167 2620 2420 2680 tempore
2445 2616 2568 2676 post
2597 2607 2654 2663 in
2677 2605 2940 2662 Saiticam
2976 2603 3361 2676 praefecturam
3398 2602 3686 2672 navigantes.

501 2683 558 2740 in
599 2683 971 2746 Palatinoms.
1026 2687 1278 2761 habetur,
1314 2693 1763 2768 subjungit,quae
1793 2699 1937 2770 apud
1960 2709 2064 2758 nos
2169 2698 2330 2756 lnaro
2356 2696 2540 2754 navali
2602 2697 2788 2769 prieiio
2839 2705 3118 2768 superato,
3179 2694 3491 2750 Naucratim
3541 2693 3692 2748 urbem

508 2777 649 2834 infra
677 2789 761 2834 est
784 2782 1118 2849 periocham,
1151 2785 1342 2841 Remus
1368 2796 1520 2843 rutro
1559 2790 1660 2858 (al.
1712 2792 1913 2863 rastro)
1963 2807 2064 2861 ραι
2163 2787 2498 2857 condidisse.
2523 2789 2894 2860 Consequitur
2931 2802 3084 2859 ergo,
3147 2797 3212 2843 ut
3271 2786 3453 2852 citius,
3486 2786 3548 2841 ab
3576 2797 3692 2838 anno

507 2871 702 2927 storali
739 2891 771 2926 a
802 2871 975 2930 Fabio
1007 2874 1228 2931 Romuli
1250 2878 1383 2934 duce
1427 2881 1654 2946 occisus,
1685 2881 1748 2936 ob
1779 2886 2066 2940 transmise
2167 2883 2583 2937 Abrahamitico
2620 2880 2780 2946 i390,
2805 2881 2858 2936 id
2885 2889 2990 2946 est,
3031 2887 3155 2950 post
3179 2875 3361 2934 ferme
3389 2877 3506 2935 130.
3529 2892 3556 2930 a
3580 2890 3694 2943 pra:-

497 2974 616 3014 suns
643 2960 791 3014 saltu
822 2960 1019 3018 vallum
1054 2979 1074 3019 :
1118 2979 1238 3034 quae
1277 2973 1551 3034 postrema
1585 2971 1748 3027 verba
1805 2973 1927 3029 libri
1973 2973 2064 3030 alii
2165 2979 2308 3027 sentt
2353 2982 2603 3036 numero,
2663 2983 2784 3025 esse
2835 2977 3110 3025 conditum
3146 2983 3276 3037 ejus
3309 2966 3454 3023 urbis
3486 2976 3695 3036 repeten-

499 3049 1075 3169 pleriqueaignorant.
1100 3053 1359 3111 Dicemus
1391 3053 1491 3169 bac
1519 3057 1589 3113 de
1630 3073 1691 3115 re
1719 3059 1918 3117 iterum
1962 3076 2063 3118 suo
2091 3099 2138 3169 ο
2167 3063 2320 3126 dum.
2356 3062 2559 3120 Verum
2597 3071 2688 3117 aut
2716 3058 2784 3116 de
2820 3059 3230 3115 instauratione
3256 3060 3439 3128 aliqua
3467 3057 3695 3169 putandus

499 3143 617 3169 ΙΑΑΑ
782 3144 893 3169 ιιι-..ιι
941 3143 1172 3169 --2....μ
1219 3145 1435 3169 h-.....-:
1499 3160 1599 3169 -.__
1694 3163 1750 3169 ,Α
1799 3168 1803 3169 ,
1873 3154 1890 3169 ι
1940 3154 1956 3169 ι
1987 3166 1997 3169 _
2047 3153 2060 3168 ο
2177 3161 2245 3169 μ.
2300 3151 2486 3169 Λμηικ-
2528 3151 2674 3169 .-ἓμο
2759 3158 2844 3169 _-_.
2894 3149 3114 3169 .._:_2_..-
3167 3157 3248 3169 Α-.
3300 3148 3377 3169 an:
3437 3163 3458 3169 _
3537 3148 3636 3169 ι.--
3674 3161 3692 3169 -

499 3143 640 3198 loco.
692 3141 895 3198 Adbaec
941 3143 1172 3213 primum
1219 3143 1436 3202 Romuli
1496 3160 1628 3205 ann.
1686 3163 1808 3205 cum
1862 3153 2063 3208 Achazi
2091 3141 2138 3169 ¹⁴
2166 3161 2252 3208 est
2300 3151 2497 3210 Strabo
2528 3151 2701 3221 loqui,
2755 3158 2850 3204 aut
2893 3149 3118 3203 minime
3159 3157 3254 3204 est
3299 3148 3380 3204 illi
3435 3143 3695 3200 adhibenda

494 3241 676 3297 sexto,
697 3244 750 3288 et
777 3232 960 3290 Romae
974 3236 1254 3291 conditum
1287 3251 1409 3293 cum
1442 3241 1636 3310 quinto
1674 3252 1819 3298 recte
1844 3243 2062 3300 demum
2166 3244 2330 3300 lides:
2366 3253 2577 3299 tantum
2603 3243 2779 3309 abest,
2815 3251 2876 3297 ut
2901 3244 3105 3296 contra
3132 3240 3432 3296 Eusebium
3459 3237 3595 3293 locus
3626 3237 3698 3292 ille

397 3381 401 3385 .
503 3342 859 3394 concurrere,
885 3329 1027 3386 intra
1067 3335 1416 3392 ostendemus
1456 3336 1522 3391 ad
1581 3335 1771 3394 Numae
1817 3340 2062 3408 initium,
2163 3337 2272 3391 vim
2308 3335 2530 3390 habent.
2569 3333 2726 3389 Enim
2761 3345 2892 3388 vero
2926 3345 3088 3388 alim!
3126 3332 3194 3387 ab
3224 3333 3355 3387 hinc
3377 3331 3692 3400 septuaginta.

498 3429 552 3475 et
577 3420 642 3475 ad
667 3421 734 3474 l7
764 3420 1002 3478 Hostilii:
1298 3436 1308 3445 '
1962 3443 1966 3447 Α
2163 3434 2223 3479 ιιι
2245 3435 2541 3486 summum.
2574 3421 2689 3478 sive
2715 3421 3024 3493 olympiade
3062 3423 3320 3474 vicesima
3345 3423 3512 3483 tertia,
3537 3417 3692 3472 urbem

504 908 574 966 Et
598 909 865 984 Propertii
886 915 986 971 lib.
1020 932 1074 972 iv
1095 905 1283 988 Elegg.
1318 932 1373 971 v.
1416 911 1478 973 l9
1522 932 1541 973 :

569 3505 692 3565 Col.
719 3509 844 3567 355.
871 3511 1208 3568 Circensibus
1229 3511 1508 3569 adornatis
1543 3511 1918 3574 Consualibus.
1949 3511 2063 3576 Ex-
2164 3515 2312 3570 illam
2337 3513 2504 3571 fuisse
2530 3509 2857 3584 jampridem
2877 3520 3183 3567 mercatura
3221 3512 3508 3582 insignem,
3533 3520 3693 3564 litem

498 3609 720 3672 aggerat
749 3603 816 3658 de
835 3617 958 3670 suo,
991 3613 1052 3659 ut
1077 3605 1322 3671 videtur,
1389 3605 1634 3680 Scaliger
1660 3610 1752 3674 ita,
1791 3609 2062 3666 Circensi-
2163 3622 2330 3662 naves
2364 3622 2393 3661 e
2419 3607 2605 3662 multis
2643 3605 2958 3675 regionibus
2993 3605 3237 3669 adirent,
3273 3603 3430 3659 testis
3467 3610 3544 3656 est
3575 3598 3694 3654 omni

498 3692 592 3746 lius
626 3687 982 3748 Consualibus
1009 3694 1147 3750 ludis
1211 3695 1512 3764 adornatis,
1565 3699 1802 3766 Sabinas,
1847 3712 1955 3758 etc.
2002 3703 2062 3758 S.
2163 3701 2487 3770 exceptibne
2537 3699 2713 3770 major
2746 3696 3103 3754 'Nsucratites
3159 3699 3284 3770 ipse
3315 3699 3589 3753 Athenaeus
3614 3695 3690 3748 lib.

498 3776 884 3854 Hieronymus,
913 3785 978 3838 de
1029 3787 1187 3855 cujus
1233 3801 1377 3857 penu
1412 3791 1551 3845 hanc
1589 3805 1710 3847 esse
1751 3796 2058 3862 periocham
2164 3801 2253 3861 xv.
2285 3803 2404 3858 cap.
2434 3785 2490 3856 ὅ,
2547 3797 2614 3844 es
2652 3787 2989 3859 Poiycharrni
3031 3788 3219 3844 itidem
3264 3785 3576 3842 Naucratitis
3618 3796 3692 3835 auo

498 3889 596 3942 par
615 3875 838 3932 credere
867 3886 969 3942 est,
1004 3880 1058 3932 in
1101 3878 1214 3934 Vita
1243 3880 1304 3934 s.
1341 3881 1636 3938 Hilarionis
1661 3893 1795 3938 tom.
1834 3885 1900 3951 Il,
1933 3899 2060 3956 pag.
2163 3877 2337 3931 ctoris
2392 3876 2538 3941 libri.
2579 3889 2741 3946 quem
2777 3876 2844 3930 de
2870 3875 3078 3931 Venere
3137 3877 3510 3946 Inscripserat-
3560 3871 3696 3941 Isim

497 3963 608 4018 32:
684 3965 819 4033 Hoc,
862 3969 1060 4037 inquit,
1101 3971 1153 4024 in
1210 3971 1461 4025 Romanis
1510 3973 1726 4028 urbibus
1772 3975 1888 4044 jam
1942 3979 2063 4030 inde
2162 3976 2287 4021 ante
2309 3982 2485 4021 annos
2509 3965 2682 4021 ferme
2712 3966 3018 4036 sexaginta,
3051 3981 3219 4036 quam
3278 3963 3528 4019 Straboni
3583 3972 3692 4015 eon-

501 4055 814 4108 seruabatur
853 4074 885 4110 a
939 4056 1186 4126 Romulo,
1226 4070 1283 4113 ut
1335 4073 1547 4130 propter
1596 4063 1797 4132 felicem
1831 4064 2063 4123 Sabina-
2162 4059 2275 4113 dita
2337 4057 2572 4122 dicatur,
2630 4057 2858 4114 ﬂOrebut
2909 4059 3177 4128 emporio,
3233 4069 3340 4113 nec
3386 4072 3513 4112 sane
3551 4059 3696 4124 potest

497 4157 616 4197 runt
666 4155 876 4212 raptum
910 4147 1116 4214 Conso,
1169 4153 1324 4220 quasi
1383 4152 1728 4208 Consiliorum
1759 4155 1874 4223 deo,
1928 4174 2063 4228 qua-
2163 4163 2273 4204 non
2309 4147 2782 4204 verositniliimum
2842 4147 3035 4208 videri.
3075 4147 3223 4218 quod
3268 4148 3382 4202 abit
3435 4147 3576 4217 juxta
3603 4139 3695 4193 Bu-

497 4235 662 4305 drigat
679 4245 927 4304 septenno
957 4252 1171 4296 currant
1200 4245 1505 4308 circumitu,
1535 4245 1806 4316 etc..Vide
1840 4248 1894 4302 in
1919 4251 2062 4306 hunc

2161 4236 2298 4293 sebii
2379 4234 2625 4292 rationes
2697 4240 2962 4307 temporis
3027 4237 3382 4290 intervallum
3458 4234 3523 4288 ab
3599 4230 3697 4304 ejus

497 4320 681 4378 locum
715 4341 836 4394 qua:
859 4338 1118 4384 annotata
1154 4335 1366 4399 pridem
1423 4347 1549 4390 sunt,
1582 4337 1746 4395 nobis
1808 4353 1874 4394 ex
1924 4340 2063 4394 var-
2161 4331 2406 4396 conditu,
2461 4329 2530 4384 ad
2637 4344 2759 4384 eam
2809 4331 2974 4408 urbis.
3027 4328 3411 4383 celebritatem
3458 4320 3694 4378 Herodem

498 4423 648 4516 rone',
676 4415 994 4488 Plutarcho,
1020 4421 1378 4489 Tertulliano,
1407 4437 1568 4497 atque
1586 4429 1731 4485 aliis.
1767 4427 1886 4484 Mox
1911 4431 2054 4487 idem
2088 4457 2136 4516 ο
2161 4424 2258 4479 Ιὶὶ).
2292 4438 2354 4492 ΙΙ.
2373 4436 2496 4493 cap-
2524 4422 2733 4488 υΙιίωον
2761 4427 2877 4477 801³
2899 4421 3102 4477 dicm"
3133 4420 3268 4474 Olim
3300 4416 3512 4490 Εειριί
3535 4423 3694 4482 ⁸¹ὉΡ⁰⁶

498 4505 744 4576 Scaliger
780 4507 1091 4564 Thalasium
1121 4513 1272 4584 legit,
1297 4528 1394 4584 pro
1424 4515 1708 4583 Thalasso,
1745 4519 1894 4588 quod
1925 4521 2057 4576 libri
2088 4505 2130 4516 ⁷
2163 4515 2327 4572 rium.
3047 4547 3064 4562 -

497 4596 743 4666 plerique
799 4601 892 4652 alii
944 4601 1142 4656 habent
1206 4621 1220 4656 :
1263 4609 1510 4660 nonnulli
1563 4607 1924 4664 Thalassium.
1966 4611 2062 4669 Est
2230 4609 2350 4665 Col.
2383 4606 2508 4665 565.
2550 4607 2736 4664 Thales
2787 4608 3052 4665 Milesius.
3085 4607 3242 4662 Haud
3285 4604 3444 4661 facile
3491 4598 3694 4658 credam.

498 4682 627 4738 huic
653 4686 899 4755 geminus
935 4687 1210 4744 Plutarchi
1240 4692 1467 4748 lncusin
1496 4695 1612 4750 Vita
1653 4693 1892 4762 Romuli,
1935 4699 2057 4770 Ἀφ’
2164 4699 2407 4755 additum
2458 4696 2696 4756 Milesius
2738 4700 2806 4756 ab
2863 4708 3084 4756 auctore
3149 4707 3343 4754 nostra
3409 4697 3519 4751 sive
3547 4694 3688 4746 inter-

498 4777 562 4831 οὗ
597 4779 652 4832 ds
670 4781 762 4834 τδν
791 4778 1060 4848 Ταλάσιον
1099 4786 1228 4856 ἄχρι
1257 4787 1380 4853 νῦν,
1421 4806 1474 4842 κ.
1509 4806 1556 4843 τ.
1588 4789 1663 4855 λ..
1695 4805 1816 4860 illius
1879 4792 2062 4848 laudat

2162 4801 2356 4862 prete:
2410 4793 2505 4862 qui
2558 4776 2711 4848 enim‘
2765 4793 2927 4848 domo
2975 4791 3231 4846 Milesius
3265 4789 3388 4853 fuit,
3417 4786 3599 4842 Thales
3620 4780 3691 4835 ille

505 4867 1020 4942 Schnrzlleischius,
1059 4876 1256 4948 jubens
1287 4888 1542 4948 praeterea
1569 4882 1778 4936 consuli
1829 4883 2059 4939 aliorum
2162 4884 2569 4952 celeberrimus,
2595 4883 2756 4954 longo
2791 4884 2860 4940 ab
2889 4884 2993 4940 hoc
3025 4883 3287 4952 temperis
3335 4880 3509 4951 spatio
3552 4883 3689 4930 natus

389 4977 394 4982 ·
499 4959 604 5056 hac
647 4961 714 5016 de
743 4978 801 5018 re
829 4973 1148 5034 sententias,
1169 4983 1272 5025 nec
1319 4985 1428 5026 non
1465 4970 1706 5038 Livium,
1761 4974 2061 5042 Catullum,
2163 4987 2266 5056 est,
2302 4976 2633 5048 olymp.56;
2656 4977 2747 5047 qui
2776 4985 2957 5032 autem
3000 4976 3109 5030 huc
3137 4975 3392 5046 pertinet,
3448 4982 3501 5026 et
3539 4963 3696 5023 ﬂoruit

499 5047 743 5119 Festum,
771 5063 933 5127 atque
961 5061 1364 5118 recensioribus
1387 5063 1452 5118 ad
1498 5063 1772 5134 Anonymi
1822 5066 1890 5121 de
1911 5064 2062 5121 Viris
2163 5047 2310 5124 circa
2331 5047 2699 5139 olynipiadum
2735 5069 2910 5134 initia,
2945 5067 3220 5122 Cretensis
3259 5074 3344 5120 est
3372 5061 3576 5123 Thales,
3598 5056 3692 5111 sive

501 5143 810 5201 illustribus
881 5163 932 5202 c.
981 5150 1051 5217 2,
1109 5153 1380 5208 Andream
1457 5147 1786 5220 schottum,
1857 5169 1921 5212 ac
1983 5155 2053 5212 M.
2162 5161 2442 5216 Thaletas.
2476 5159 2612 5215 Vide
2667 5155 2972 5214 Fabricium
3017 5155 3271 5212 Biblioth.
3327 5152 3495 5208 ϐιαιο.
3549 5149 3689 5206 Ιὶιιοιν

499 5234 774 5290 Mantuam
817 5236 1187 5305 Benavidium,
1233 5243 1540 5316 Polymath.
1589 5244 1685 5302 lib.
1714 5259 1810 5313 vn,
1851 5261 1902 5301 c.
1955 5243 2046 5299 12.
2163 5267 2214 5310 c.
2244 5253 2335 5310 55,

573 5323 694 5380 Col.
727 5327 854 5384 561.
923 5330 1161 5386 Athenis.
1211 5335 1368 5403 Apud
1407 5337 1753 5408 Scaiigerum
1785 5339 2065 5393 antecedit
2235 5343 2502 5402 Col.355.
2543 5343 2735 5399 Remus
2783 5354 2932 5398 rutro
2990 5341 3088 5413 (al.
3131 5337 3331 5408 rastro)
3383 5339 3574 5389 occisus
3606 5333 3686 5380 est.

501 5414 618 5472 hac
646 5419 892 5487 proxime
921 5423 1256 5491 superiorem
1298 5427 1613 5497 periocham
1649 5444 1664 5481 :
1703 5427 1903 5498 legitur
1923 5443 2063 5498 quo-
2166 5433 2406 5504 Scaliger
2437 5441 2608 5498 rutro,
2649 5432 2796 5502 quod
2827 5431 3011 5486 verius
3072 5439 3220 5500 puto.
3263 5421 3402 5493 Quid
3437 5419 3586 5477 hic?"
3623 5415 3690 5470 ίυ·

499 5522 630 5576 que,
664 5510 754 5580 qui
779 5526 941 5582 usque
967 5514 1037 5568 ad
1058 5525 1280 5570 mortem
1333 5534 1508 5584 suam,
1547 5517 1891 5588 Reipublicae,
1951 5525 2060 5574 etc.

2164 5503 2529 5582 strumentum
2557 5524 2701 5580 istud
2736 5523 3024 5586 rusticum,
3053 5521 3230 5576 disces
3251 5533 3315 5573 ex
3336 5515 3535 5570 Catone
3553 5510 3611 5563 de
3627 5503 3688 5606 lle

500 5599 558 5654 id
589 5602 764 5670 ipsum
797 5604 1091 5664 Pausanias
1145 5608 1202 5664 in
1237 5609 1562 5668 Messenicis
1595 5628 1716 5680 cap.
1742 5613 1774 5668 5
1811 5614 2062 5670 luculen-
2166 5616 2322 5672 ntust.
2370 5631 2491 5686 cap.
2541 5617 2628 5690 ll,
2687 5627 2796 5685 quo
2852 5615 3106 5669 nimirum
3140 5615 3257 5669 loco
3305 5617 3504 5663 rutraa
3527 5599 3687 5698 rastris

500 5691 710 5752 tissime
734 5705 983 5767 testatur,
1029 5710 1248 5759 cautum
1287 5702 1468 5762 «luisse
1495 5706 1563 5761 ab
1607 5705 1928 5763 Atheniensi
1965 5721 2062 5778 po-
2166 5710 2466 5780 distinguit.
2512 5688 2712 5777 Rutra,
2764 5707 3230 5778 ittqttit,qualuor,
3265 5688 3676 5765 rastros'quadri-

3515 5917 3528 5968 i
