3964 6186
293 292 401 357 893

1555 292 1964 360 VALLARSII
1996 299 2235 368 ΝΟΤΕ.

3436 325 3548 389 894
3609 273 3613 276 .

290 410 492 472 dentes,
545 413 654 461 etc.
687 403 821 461 ltem
855 401 1094 486 Palladio
1139 402 1234 460 lib.
1264 419 1451 478 t,.cap,
1480 406 1570 472 l5,
1597 405 1865 473 Vitruvio,
1901 412 1943 470 Δ
1973 423 2252 481 arrogare.
2289 414 2402 471 Nec
2433 424 2598 486 porro
2627 417 2780 478 locus
2805 419 3094 481 dubitandi
3155 437 3260 494 est,
3310 446 3436 486 ηιιηι
3469 437 3545 488 na

292 509 455 570 atque
485 498 632 554 aliis.
659 497 795 564 Quae
826 499 1109 568 subiungit
1139 497 1406 570 Scaliger,
1460 499 1524 554 ob
1578 502 1867 555 transmis-

289 609 408 645 sunt
432 591 574 645 saltu
599 589 820 657 saltum,
845 590 903 645 in
938 591 1081 657 aliis,
1107 592 1308 662 quibus
1327 592 1556 661 utimur,
1580 593 1738 649 libris
1756 605 1866 648 non

288 693 437 742 sunt.

359 796 479 852 Col.
502 795 628 853 355.
665 794 892 851 Romani
938 813 972 852 α
1017 793 1243 851 Curibus
1294 793 1526 862 Quirites
1587 794 1866 864 appellati.

287 889 543 946 Concinit
571 891 789 945 demum
824 890 953 944 huic
977 889 1356 945 allitterationi
1387 887 1615 944 Ovidius
1646 887 1862 944 Faster.

288 980 385 1036 lib.
419 997 480 1048 Il,
510 995 655 1036 vers.
686 979 818 1036 180:

539 1097 638 1147 Seu
670 1096 786 1158 quia
806 1095 1040 1147 Romanis
1054 1097 1293 1158 junxerat
1327 1095 1416 1145 ille
1441 1093 1618 1145 Cures.

284 1196 500 1253 Catera
554 1198 758 1254 videsis
805 1198 1191 1262 Plutarchum,
1220 1197 1326 1264 Qu.
1371 1197 1530 1252 Bom.
1596 1203 1732 1251 sect.
1773 1193 1864 1262 86,

292 1288 617 1357 Dionysium
687 1289 966 1345 Halicarn.
1028 1290 1125 1347 lib.
1183 1306 1247 1353 ιι,
1310 1289 1561 1344 Servium
1615 1290 1681 1341 ad
1714 1288 1866 1340 lib.t

283 1377 666 1436 Eneidmers.
683 1380 812 1448 296,
834 1390 890 1436 et
917 1379 1089 1437 Vetus
1116 1380 1457 1438 Glossarium
1508 1381 1563 1436 in
1589 1379 1866 1446 Quirinus.

285 1471 480 1528 Graece
516 1473 803 1536 Ἐνιάλιος.

359 1585 478 1642 Col.
507 1589 632 1643 355.
670 1586 1045 1656 Sennnclterib,
1077 1589 1166 1659 qui
1192 1598 1239 1642 et
1261 1585 1668 1643 Salmanassar.
1690 1585 1864 1642 Unam

1973 506 2237 573 scriptum
2282 509 2631 572 abEnsebio
2681 513 2896 572 fuerit:
2950 534 3266 590 quanquam
3331 525 3546 583 codices

1973 595 2226 684 Delatini.
2265 606 2401 654 teste
2445 599 2925 672 Schurzlleischio,
2981 610 3144 665 verba
3201 613 3291 669 illa
3343 615 3434 684 qui
3497 626 3548 670 et

1975 683 2375 752 Safmattassur,
2411 692 2707 759 ignorant:
2733 706 2878 750 esset
2899 702 3229 769 econtrario,
3268 705 3313 760 si
3345 683 3546 763 tacuis-

1971 787 2091 833 sent
2116 776 2608 839 Sennacheribum.
2639 785 2758 842 Jam
2786 801 2940 855 vero,
2973 793 3120 860 quod
3154 807 3336 864 regem
3380 797 3545 853 611³1-

1971 868 2213 924 daeorum
2246 869 2519 930 Eusebius
2538 885 2717 943 vocat,
2752 892 2850 947 pro
2879 881 3256 954 Assyriorum,
3279 903 3386 942 non
3405 891 3546 946 adeo

1972 959 2114 1013 male
2147 971 2251 1024 est,
2289 973 2346 1016 ut
2371 962 2616 1034 Scaliger
2665 968 2834 1036 priori
2868 970 3292 1033 hallucinationi-
3313 979 3543 1034 alterum

1971 1057 2283 1116 pcrtentum
2309 1053 2554 1109 adhiberi
2577 1056 2742 1111 dicat;
2770 1057 2880 1115 Nos
2897 1063 3057 1129 paulo
3077 1069 3328 1131 superius
3360 1078 3544 1125 osten-

1970 1138 2176 1204 dimIIs,
2230 1151 2501 1210 quatenus
2561 1148 2804 1218 Assyriis
2866 1152 3086 1222 regibus
3114 1154 3356 1212 Chaldaei
3381 1173 3544 1228 pareo

1970 1245 2068 1285 ren
2114 1247 2132 1284 :
2159 1231 2474 1306 Babylonia
2500 1249 2683 1294 autem
2733 1244 3026 1310 quamdam
3076 1256 3289 1313 partem
3329 1248 3544 1322 Satma;

1971 1338 2249 1417 nassarem
2287 1331 2555 1397 tenuisse,
2590 1342 2757 1404 atque
2787 1337 2928 1392 adeo
2975 1354 3042 1395 ex
3093 1350 3249 1412 parte
3277 1345 3547 1402 Chaldaeus

1968 1420 2247 1489 regionem
2281 1464 2297 1490 ,
2362 1425 2481 1494 ipse
2550 1430 2775 1485 minime
2843 1432 3102 1490 difiitetur
3177 1433 3424 1508 Scaliger
3481 1443 3548 1497 de

1970 1509 2200 1568 Emend.
2262 1523 2495 1586 temper.
2539 1532 2592 1589 p.
2623 1519 2750 1585 370,
2783 1524 2908 1577 cum
2939 1537 3095 1596 neget
3138 1537 3316 1584 tamen
3374 1528 3546 1586 fuisse

1967 1617 2092 1658 eum
2113 1620 2299 1677 regem
2323 1609 2632 1680 Babylonis,
2659 1614 2892 1686 velitque
2921 1618 3087 1687 (quod
3110 1619 3230 1690 ejus
3254 1621 3542 1678 commen-

283 1689 455 1782 διαξιε
480 1682 730 1782 fueram}
794 1682 1018 1738 Eusebii
1074 1682 1579 1782 ίιδηυείῐξεξῑίοηθωο
1605 1680 1866 1782 (Ιυεεῇδπ
1895 1777 1933 1782 _
1970 1707 2085 1752 tum
2124 1699 2358 1770 videtur)
2389 1701 2536 1758 aliud
2570 1719 2694 1762 esse
2722 1680 2866 1776 quod
3023 1680 3322 1782 Babylonia
3377 1713 3536 1769 aiunt

285 1775 546 1842 periocha
579 1776 954 1841 continentur,
981 1782 1036 1830 et
1062 1789 1201 1853 quas
1231 1774 1440 1844 pridem
1473 1785 1706 1842 magnus
1731 1769 1856 1825 Sca-

1970 1803 2144 1844 sacraa
2177 1769 2418 1857 Littera,
2443 1794 2590 1851 aliud
2622 1769 2766 1867 quod
2823 1800 2890 1855 de
2932 1801 3068 1856 urbe
3122 1769 3417 1872 Babylone.
3485 1803 3544 1860 In

282 1863 442 1932 liger,
504 1865 702 1920 deinde
748 1865 956 1922 chorus
979 1865 1322 1920 eruditorum
1377 1864 1560 1920 omnis
1628 1862 1864 1932 notavit,

281 1956 640 2010 dissimulare
665 1957 778 2026 jam
815 1969 924 2010 non
971 1955 1118 2010 licet.
1165 1953 1328 2018 Rem,
1365 1961 1426 2008 ut
1461 1951 1631 2022 probe
1657 1960 1863 2014 teneas,

281 2047 656 2117 paucissimis,
690 2048 869 2117 quoad
910 2045 1030 2101 ﬁeri
1087 2053 1290 2114 potest,
1321 2057 1616 2114 exponam.
1653 2042 1868 2098 Salma-

281 2155 482 2195 nassar
508 2139 834 2202 Samariam,
866 2150 1030 2208 quam
1064 2151 1157 2207 per
1188 2137 1360 2192 ferme
1409 2135 1706 2191 triennium
1761 2137 1865 2190 ob-

277 2229 519 2294 sidebat,
549 2231 770 2284 tandem
823 2241 969 2283 anno
1007 2227 1154 2295 regis
1210 2225 1365 2282 Oscae
1418 2225 1453 2280 9
1483 2225 1862 2295 expugnavit:

277 2338 394 2394 quo
419 2338 551 2377 casu
585 2322 921 2376 destructum
959 2329 1044 2375 est
1076 2333 1301 2387 regnum
1338 2318 1527 2384 Israel,
1554 2332 1620 2372 ac
1673 2317 1864 2373 decem

278 2415 466 2471 tribus
490 2413 546 2468 in
583 2412 958 2482 captivitatem
991 2411 1248 2476 redactae,
1279 2411 1473 2480 partim
1500 2409 1554 2463 in
1581 2409 1861 2480 Assyriam

277 2507 403 2564 sive
458 2507 780 2563 remotiorcs
837 2504 1078 2575 Assyria:
1129 2504 1503 2574 praefecturas,
1549 2503 1746 2572 partim
1805 2501 1861 2556 in

278 2598 517 2655 Mediam
544 2599 806 2654 traducta
830 2607 980 2653 sunt.
1026 2597 1159 2652 Post
1188 2595 1431 2667 quinque
1480 2604 1576 2650 aut
1622 2610 1717 2650 sex
1759 2610 1861 2649 an-

276 2705 409 2754 nos,
466 2700 684 2745 mortuo
742 2689 1181 2750 Salmanassare,
1235 2683 1679 2742 Scnnacheribus
1739 2687 1861 2756 ejus

277 2784 430 2838 titius
466 2783 520 2836 in
555 2781 796 2853 Assyriae
839 2787 1063 2851 regnum
1111 2779 1402 2843 successit,
1463 2779 1558 2848 qui
1610 2792 1734 2832 cum
1790 2779 1860 2834 de

275 2875 583 2946 subigenda
613 2875 780 2930 ctiam
815 2873 1000 2929 Judaa
1032 2871 1317 2942 cogitaret,
1364 2869 1592 2940 jamque
1644 2871 1857 2939 aliquot

275 2969 531 3030 civitates
550 2977 891 3038 occupasset,
924 2976 1146 3034 accepta
1170 2963 1240 3019 ab
1268 2963 1502 3019 Ezechia
1534 2977 1659 3034 rege
1689 2977 1857 3033 pecu-

275 3055 394 3120 ni'a,
420 3056 682 3112 aliorsum
713 3070 864 3109 arma
893 3055 1092 3120 vertit;
1129 3054 1225 3109 sed
1271 3053 1473 3108 iterum
1526 3052 1726 3110 Judara:
1768 3054 1856 3106 i'n—

275 3139 494 3207 tensus,
537 3157 601 3198 ac
648 3140 1102 3212 Hierosolymam
1131 3147 1565 3212 oppugnaturus.
1623 3138 1854 3195 terribili
1883 3124 1933 3196 ο

273 3235 436 3291 clade
492 3234 583 3290 illa
637 3249 932 3304 percussus
962 3243 1046 3289 est
1100 3232 1169 3287 ab
1214 3233 1409 3304 angelo
1454 3232 1693 3300 Domini,
1730 3244 1855 3301 qua

274 3340 500 3382 centum
535 3328 812 3396 octoginta
844 3326 1087 3396 quinque
1118 3325 1290 3380 millia
1323 3325 1604 3380 hominum
1657 3325 1711 3378 in
1747 3339 1855 3380 una

280 3430 444 3473 nocte
472 3421 775 3487 perierunt.
807 3418 928 3488 lpse
959 3433 1018 3474 se
1056 3416 1182 3488 fuga
1213 3417 1484 3486 recipiens
1515 3415 1762 3470 Ninivem
1798 3416 1853 3469 in

275 3509 483 3581 regiam
511 3513 718 3578 sedem,
751 3511 822 3564 ibi
859 3511 1096 3565 adorans
1142 3511 1197 3564 in
1252 3510 1455 3579 templo
1511 3507 1766 3573 Nisroch,
1823 3523 1855 3562 a

273 3603 496 3658 duobus
549 3603 675 3659 ﬁliis
727 3603 1022 3658 occiditur.
1086 3601 1304 3656 Tertius
1361 3609 1491 3655 natu
1538 3599 1717 3654 minor
1751 3601 1852 3653 As-

272 3696 588 3752 sarhaddon
646 3697 824 3767 patrio
872 3711 1036 3765 regno
1091 3695 1336 3764 potitur:
1379 3701 1433 3747 et
1485 3701 1607 3761 post
1648 3691 1856 3763 aliquot

271 3804 474 3852 annos,
518 3804 643 3844 cum
675 3789 784 3858 jam
820 3787 1066 3842 Ezechia:
1101 3786 1154 3840 in
1185 3783 1340 3840 inda:
1379 3799 1605 3854 regnum
1634 3783 1854 3838 Manas-

274 3897 368 3938 ses
390 3886 768 3947 successisset,
805 3878 1227 3950 Babyloniorum
1271 3877 1539 3932 coloniam
1573 3875 1628 3932 in
1659 3875 1854 3931 Sama-

277 3975 414 4028 riam
447 3973 618 4039 misit,
675 3989 839 4044 quam
887 3988 1022 4028 avus
1087 3971 1465 4026 Salmanassar
1520 3977 1851 4026 vastaverat.

272 4067 810 4136 Complectiturhaec
847 4081 1030 4121 rerum
1059 4067 1249 4130 series,
1282 4074 1340 4118 ut
1363 4065 1534 4130 vides,
1557 4079 1734 4119 annos
1775 4063 1851 4133 pl.

275 4159 414 4214 min.
446 4159 807 4229 quadraginta
836 4176 849 4211 :
878 4174 1084 4229 perque
1105 4167 1214 4212 tres
1250 4165 1652 4223 consequentes
1682 4157 1851 4226 Assy-

274 4255 375 4309 riae
402 4269 558 4324 reges
601 4261 731 4308 sunt
781 4262 967 4323 gesta).
1030 4251 1302 4306 Eusebius
1353 4249 1538 4304 omnia
1589 4255 1849 4318 tanquam

275 4360 388 4397 uno
425 4346 724 4415 eodemque
742 4357 888 4398 anno
915 4353 1034 4397 acta
1071 4341 1273 4396 refert:
1303 4350 1358 4396 et
1387 4342 1527 4394 male
1559 4341 1612 4394 in
1659 4341 1852 4409 primis

1970 1879 2079 1935 ﬁne
2111 1883 2257 1951 quod
2288 1885 2364 1940 sit
2392 1884 2683 1954 Eusebius,
2718 1900 3007 1960 regnatum
3040 1908 3163 1950 esse
3199 1894 3250 1948 in
3295 1893 3547 1952 Samaria

1968 1972 2132 2028 annis
2165 1974 2294 2043 250,
2322 1987 2450 2046 puta
2477 1991 2508 2033 a
2533 1979 2721 2035 decem
2751 1982 2993 2038 tribuum
3037 1983 3326 2052 divisione,
3363 1986 3481 2041 sive
3516 2001 3546 2041 a

1967 2059 2318 2131 Jcroboamo,
2366 2066 2432 2121 ι]
2492 2067 2712 2130 Oscam,
2763 2069 2955 2126 confer
2983 2087 3106 2126 cum
3143 2072 3376 2142 Syncelli
3427 2075 3548 2129 ani.-

1967 2154 2352 2211 madversione
2383 2174 2440 2228 p.
2473 2159 2580 2214 165
2602 2169 2658 2214 et
2686 2159 2851 2216 Goari
2886 2163 3060 2218 notis.
3091 2162 3225 2218 Vide
3281 2173 3336 2217 et
3383 2163 3544 2218 Peta-

1969 2242 2121 2299 vium
2155 2246 2225 2302 de
2274 2249 2460 2306 Doctr.
2521 2261 2689 2322 temp.
2744 2253 2844 2308 lib.
2902 2270 2978 2317 ut,
3018 2269 3071 2310 c.
3123 2254 3216 2324 ΒΞ,
3264 2253 3542 2322 Fullerum

1966 2353 2186 2410 quoque
2215 2337 2441 2395 Miscell.
2469 2340 2561 2396 lib.
2593 2356 2658 2409 ιι,
2678 2357 2729 2398 c.
2769 2342 2826 2411 5,
2861 2341 3166 2410 Usserium,
3195 2354 3300 2400 etc.

2036 2514 2155 2572 Col.
2179 2516 2308 2572 355.
2330 2516 2710 2584 Sennacherib,
2730 2536 2823 2575 rea:
2848 2514 3244 2576 Chaldaeorum.
3274 2520 3542 2587 Diximus,

1963 2620 2075 2676 quo
2136 2623 2302 2662 sensu
2353 2607 2740 2665 Chaldaeorum
2791 2624 2974 2680 regem
3049 2609 3540 2678 Salmanassarem,

1962 2701 2078 2756 sive
2112 2699 2603 2770 Sennacheribum,
2628 2702 2901 2772 putandus
2924 2704 2996 2758 sit
3019 2703 3305 2765 Eusebius
3349 2704 3543 2774 appet—

1965 2793 2145 2849 lasse:
2197 2809 2377 2863 neque
2421 2796 2593 2858 enim,
2623 2805 2684 2851 ut
2714 2795 3051 2853 recentiores
3103 2797 3323 2865 quidam
3356 2796 3546 2851 crimi-

1961 2893 2187 2952 nuntur,
2209 2901 2304 2941 eos
2355 2901 2482 2941 cum
2512 2886 2914 2964 Nabunassare,
2955 2903 3098 2942 novo
3150 2877 3360 2954 errore,
3407 2902 3544 2941 cmi-

1960 2975 2161 3040 fundit,
2223 2979 2369 3047 quod
2421 2988 2569 3033 certe
2608 2979 2828 3048 quidem
2899 2979 3182 3050 Syncelius
3261 2979 3410 3034 fecit.
3471 2979 3540 3034 Et

1963 3077 2207 3136 perstant
2240 3077 2419 3124 tamen
2443 3069 2497 3124 in
2526 3085 2590 3125 ea
2618 3071 2875 3140 opinione
2925 3071 3260 3140 Conringius
3286 3078 3344 3126 et
3396 3068 3544 3125 Gou-

1962 3175 2078 3226 rus,
2110 3158 2205 3230 qui
2234 3173 2298 3216 ex
2329 3160 2398 3216 IV
2422 3160 2556 3232 Reg.
2581 3177 2741 3224 xvul.
2779 3164 2870 3230 14,
2911 3165 3004 3219 ubi
3048 3165 3167 3219 sine
3194 3163 3402 3234 proprii
3435 3177 3539 3217 no-

1963 3242 2130 3308 minis
2189 3253 2474 3308 notatione
2532 3270 2625 3309 rex
2671 3251 2896 3325 quidam
2955 3256 3193 3327 Assyria:
3261 3255 3534 3310 coloniam

1960 3340 2119 3398 istam
2171 3360 2237 3398 ex
2272 3343 2572 3416 Babylonia
2629 3346 2683 3400 in
2733 3356 2910 3404 terras
2966 3347 3321 3403 Samariticas
3368 3342 3542 3404 dedu-

1959 3433 2106 3488 xisse
2135 3429 2380 3499 dicitur,
2409 3438 2749 3492 contendunt
2801 3437 3004 3494 factum
3034 3484 3040 3490 .
3065 3440 3120 3494 id
3165 3440 3384 3509 quidem
3437 3441 3538 3496 sub

1960 3522 2369 3580 Salmanassare
2423 3525 2578 3594 juxta
2656 3538 2928 3599 receptam
2966 3530 3130 3600 vulgo
3186 3533 3535 3601 antiquorum

1958 3617 2306 3683 sententiam,
2335 3617 2427 3673 sed
2454 3619 2522 3673 ab
2549 3619 2666 3690 ipso
2695 3629 2873 3675 tamen
2907 3619 3319 3686 Nabonassare,
3369 3637 3535 3690 quem

1957 3715 2230 3775 satrapam
2282 3708 2544 3776 principis
2574 3710 2814 3778 supremi
2876 3709 3304 3766 Saimanassaris
3368 3711 3537 3766 fuisse

1957 3798 2131 3866 aiunt,
2161 3807 2325 3868 atquc
2357 3801 2478 3868 ejus
2507 3800 2770 3856 militasse
2795 3803 3311 3871 stipendiis.Verum
3347 3802 3534 3859 Esdrte

1958 3894 2328 3950 testimonium
2357 3913 2481 3966 cap.
2509 3911 2584 3960 tv.
2611 3913 2762 3953 vers.
2816 3900 2872 3962 2,
2911 3899 3005 3952 ubi
3057 3899 3211 3954 aiunt
3253 3900 3534 3967 conceptis

1954 3987 2136 4044 verbis
2166 3988 2442 4052 Samaria,
2468 3991 2873 4046 Asar-Haddatt
2925 4009 3018 4047 rex
3053 3996 3216 4047 Assur
3248 3993 3533 4046 adduxerit

1955 4093 2051 4132 nos
2081 4079 2207 4145 huc,
2241 4082 2424 4150 plane,
2465 4090 2524 4136 ut
2587 4082 2722 4137 mihi
2778 4084 2998 4152 quidem
3047 4099 3370 4154 persuasum
3420 4096 3529 4151 est,

1954 4171 2178 4236 evincit,
2208 4188 2317 4227 non
2349 4175 2417 4226 ab
2442 4174 2551 4228 alio
2585 4172 2756 4230 fuisse
2781 4175 3064 4230 deductam
3091 4192 3211 4231 eam
3234 4177 3531 4241 coloniam,

1954 4276 2116 4331 quam
2153 4263 2221 4318 ab
2248 4265 2689 4330 Assarhaddone,
2719 4282 2880 4334 quem
2917 4267 3157 4323 diximus
3189 4280 3321 4322 natu
3367 4267 3532 4322 mini-

1955 4369 2102 4408 mum
2129 4355 2298 4410 [ilium
2347 4351 2767 4419 Sennacheribi.
2803 4358 3034 4426 ejusque
3073 4373 3447 4414 successorem
3475 4358 3528 4412 in

277 4437 751 4493 Salmanassarem
784 4452 910 4492 cum
948 4433 1060 4490 filio
1085 4434 1499 4490 Scnnacheribo
1537 4432 1847 4500 confundit,
1881 4467 1929 4526 υ
1954 4458 2143 4516 regno.
2169 4445 2273 4513 Qui
2303 4448 2520 4516 quidem
2571 4459 2626 4504 ει
2653 4449 3050 4515 λριιεωωοτυω
3101 4466 3190 4505 rex
3245 4450 3532 4506 verissime

273 4544 415 4600 quos
444 4540 589 4586 recte
617 4528 928 4598 diserteque
957 4527 1248 4598 distinguit
1305 4526 1492 4582 Tobiae
1581 4523 1848 4590 Historia,

274 4624 432 4690 ι,18.
462 4625 520 4679 ln
551 4640 659 4694 qua
687 4621 1117 4678 hallucinatione
1149 4621 1315 4676 habet
1347 4620 1568 4690 quidem
1606 4633 1854 4688 prmeun-

276 4729 386 4775 tem
429 4716 764 4773 Demetrium
816 4713 964 4784 apud
1019 4709 1359 4767 Clementem
1397 4710 1850 4777 Alexandrinum,

275 4827 438 4882 quem
480 4809 725 4880 Scaliger
749 4807 936 4863 laudat
966 4821 982 4860 :
1013 4806 1155 4862 haud
1203 4806 1319 4861 scio
1359 4815 1540 4859 tamen
1581 4815 1848 4873 quantum

273 4908 414 4976 ejus,
445 4913 540 4959 aut
577 4905 834 4964 aliorum,
867 4902 912 4956 si
944 4899 1036 4970 qui
1098 4908 1244 4963 sunt,
1279 4895 1524 4967 exempla
1588 4890 1852 4968 momenti

277 4976 770 5053 habeant..Fucum
809 4992 1040 5047 fortasse
1069 4991 1195 5054 illis,
1219 5000 1369 5044 certe
1396 4985 1622 5059 quidem
1656 5003 1852 5044 recen-

275 5087 508 5145 tioribus
543 5085 820 5141 nonnullis
857 5083 1180 5138 Eusebiana:
1237 5083 1606 5152 liypotlieseos
1663 5089 1852 5151 patro-

276 5183 388 5244 nis,
420 5178 549 5234 fecit
576 5191 860 5248 perperam
886 5183 1144 5243 acceptus
1167 5174 1321 5230 locus
1353 5172 1424 5226 lll
1452 5171 1659 5243 Regum
1697 5187 1850 5236 mu,

276 5275 369 5333 55.
404 5273 494 5327 ubi
533 5252 694 5324 manu
730 5285 826 5324 sua
851 5270 1023 5340 jactat
1071 5266 1515 5322 Sennachcribus
1545 5281 1610 5319 ex
1649 5263 1850 5319 Orato-

276 5363 354 5419 ris
387 5363 474 5418 sui
500 5377 618 5427 ore,
653 5359 959 5416 Samariam
1012 5358 1065 5413 in
1119 5358 1489 5427 captivitatem
1537 5356 1845 5426 redegisse;

275 5457 371 5511 sed
397 5454 471 5509 ibi
505 5470 696 5508 manus
721 5450 1018 5524 potentiam
1048 5448 1399 5520 Assyriorum
1433 5447 1486 5501 in
1525 5447 1846 5501 universum

277 5556 452 5601 notat.
484 5545 693 5600 Caetera
741 5557 841 5597 nec
888 5540 934 5596 si
978 5540 1153 5610 patris
1215 5537 1622 5607 expeditionum
1664 5536 1849 5592 socius

272 5639 420 5694 torte
477 5637 596 5706 ipse
664 5631 850 5695 fuerit,
911 5631 1033 5686 ideo
1067 5637 1248 5700 potest
1297 5628 1680 5684 Salmanassar
1713 5627 1844 5692 dici,

275 5745 453 5802 neque
482 5743 570 5784 res
596 5726 714 5782 eius
762 5728 935 5784 vitute
982 5736 1146 5800 atque
1202 5727 1467 5799 auspiciis
1507 5736 1688 5800 gestas
1739 5727 1844 5783 sibi

1956 4534 2176 4602 dicitur,
2208 4545 2435 4606 eratque
2471 4553 2529 4593 re
2563 4539 2680 4608 ipsa
2711 4539 2958 4594 decimus
3020 4549 3216 4594 sextus
3238 4555 3273 4612 pa
3309 4538 3529 4604 Beloso,

1954 4637 2246 4700 postquam
2283 4628 2637 4700 Babyloniam
2687 4633 2744 4685 in
2779 4631 3041 4686 ditionem
3096 4646 3251 4686 suam
3300 4632 3528 4700 recepit,

1954 4733 2184 4788 eamque
2242 4721 2480 4790 Assyriae
2542 4737 2712 4792 regno
2761 4724 2954 4788 iterum
3005 4721 3208 4789 junxit.
3272 4721 3529 4774 Attamen

1955 4807 2356 4881 subsequentes
2389 4811 2506 4879 ejus
2543 4814 2619 4866 rei
2651 4812 3085 4867 circumstantia:
3123 4813 3308 4868 minus
3359 4827 3527 4866 accu-

1954 4908 2070 4954 rate
2093 4899 2162 4953 ab
2196 4909 2420 4956 auctore
2454 4912 2642 4954 nostro
2695 4909 3068 4970 exponuntur,
3106 4901 3177 4956 ob
3209 4917 3372 4971 quam
3405 4903 3532 4958 cul-

1955 5003 2077 5059 pam
2153 4989 2286 5045 satis
2342 4991 2536 5046 acerbe
2600 4994 2820 5061 vapulat
2876 4991 2945 5046 ab
3005 4992 3312 5063 Scaligero.
3364 4994 3527 5065 Enim

1952 5096 2084 5134 vero
2115 5095 2224 5135 non
2260 5082 2326 5136 ad
2360 5083 2758 5137 custodiendam
2782 5086 3064 5154 regionem,
3097 5087 3191 5142 sed
3219 5086 3289 5142 ad
3312 5088 3526 5155 replen-

1951 5172 2098 5238 dam,
2136 5174 2258 5228 novi
2314 5175 2510 5229 incola:
2567 5193 2629 5230 ex
2669 5177 2987 5248 Babylonia,
3033 5178 3254 5246 Cuthia,
3297 5180 3526 5248 aliisque

1950 5265 2087 5320 locis
2119 5266 2337 5321 deducti
2369 5276 2520 5321 sunt.
2559 5266 2706 5323 Satis
2741 5269 2910 5325 etiam
2949 5269 3253 5339 incongrue
3277 5278 3332 5324 et
3382 5283 3524 5338 prte-

1953 5367 2036 5413 ter
2066 5373 2177 5412 rem
2207 5357 2398 5413 Judwu
2455 5359 2656 5414 dicitur
2719 5362 2868 5433 regio
2920 5363 3034 5426 illa,
3085 5377 3206 5432 quae
3260 5362 3526 5432 peculiari

1953 5451 2220 5507 vocabulo
2287 5451 2533 5506 Samaria
2586 5455 2845 5523 appellari
2905 5454 3199 5508 debuerat:
3251 5467 3524 5522 nusquam

1951 5545 2118 5610 enim,
2151 5552 2208 5597 ut
2241 5544 2319 5598 ait
2345 5543 2610 5616 Scaliger,
2642 5546 2951 5616 religiosius
2974 5545 3242 5616 servanda
3276 5542 3376 5596 fuit
3408 5543 3524 5597 dis-

1951 5639 2141 5692 tinctio
2169 5637 2430 5693 Samaria:
2467 5655 2497 5694 a
2526 5637 2733 5707 JUdiﬂl,
2773 5655 2934 5711 quam
2992 5639 3082 5694 hic
3125 5638 3212 5693 ubi
3243 5637 3421 5707 agitur
3454 5636 3526 5692 de

1949 5729 2256 5786 Samaritis.
2284 5729 2525 5798 Denique
2554 5733 2751 5791 frustra
2777 5735 3011 5790 nominis
3038 5732 3372 5790 Samaritani
3394 5729 3526 5788 hinc
