3964 6186
286 368 387 434 897

1553 355 1958 424 VALLARSII
1991 315 2231 416 noris.

3419 356 3524 418 £98

285 485 470 540 Naxus
506 492 553 536 et
578 483 795 552 Megara
837 471 958 534 sunt
986 477 1234 534 conditae.
1271 475 1354 532 Ab
1378 475 1504 532 hinc
1526 475 1687 530 annis
1721 488 1854 544 qua-
1885 489 1925 547 Α
1953 469 2054 541 git.
2085 467 2195 522 Nec
2240 472 2496 536 praestare
2539 471 2720 521 tamen
2774 472 3085 521 commento
3140 465 3245 523 hoc
3327 470 3528 539 potuit,

286 586 406 631 tuor
435 575 628 628 abesse
652 571 873 626 Catana:
905 567 1159 623 conditus
1182 567 1346 623 debet
1373 583 1389 633 ;
1421 566 1686 620 Tlieocles
1705 565 1849 620 enim

281 674 336 722 et
394 664 802 727 Chalcidenses,
853 658 952 723 aui
993 658 1203 712 Naxum
1275 656 1656 724 condiderant,
1714 657 1853 709 hanc

281 756 443 812 etiam
477 763 884 818 exstruxerunt,
932 769 1070 807 anno
1103 753 1284 823 quinto
1309 761 1423 820 post
1459 749 1725 802 habitatas
1755 746 1856 816 Sy-

283 862 526 910 racusas,
565 846 638 896 ita
681 843 784 898 [ide
835 843 1058 912 jubente
1101 843 1291 896 eodem
1349 839 1682 910 Thucydide,
1744 836 1856 889 ἐπει

283 938 524 1008 πέμπτῳ
559 924 698 1005 μετᾶ
725 934 1078 1004 Συρακούσας
1100 932 1461 995 οἰκισθείσας.
1487 928 1855 985 Reformanda

286 1040 377 1084 est
410 1031 574 1098 igitur
605 1026 906 1082 Eusebiana
936 1025 1320 1092 Clironologia,
1357 1039 1464 1077 non
1497 1022 1560 1074 ad
1595 1018 1856 1089 Scaligeri

283 1119 502 1190 quidem
536 1119 802 1182 rationes,
831 1115 1165 1171 autﬂnberti
1195 1113 1389 1170 Goltzii
1423 1115 1477 1167 in
1515 1111 1700 1167 Sicilia
1731 1124 1854 1178 pag.

283 1214 390 1267 εις
434 1211 527 1266 sed
548 1211 704 1280 juxta
735 1208 1127 1280 Thucydidem,
1162 1215 1213 1263 et
1253 1216 1528 1262 auctorem
1569 1202 1859 1260 marmorei

284 1304 570 1368 Cbronici,
635 1303 725 1371 qui
754 1309 974 1355 centum
1023 1299 1418 1370 quinquaginta
1451 1296 1673 1353 circiter
1702 1295 1860 1350 annis

286 1405 410 1467 post
434 1393 804 1465 Thucydidem
832 1392 1070 1459 epochas
1103 1392 1224 1446 illas
1251 1391 1494 1459 digessit.

363 1488 478 1544 Col.
544 1485 671 1541 359.
737 1484 1041 1539 Sabachon.
1102 1482 1252 1536 Hunc
1315 1479 1653 1535 Marsliamus
1704 1491 1864 1550 atque

287 1580 545 1636 Usserius
573 1592 698 1631 eum
731 1576 917 1629 volunt
947 1588 1069 1629 esse
1097 1571 1279 1636 Soum,
1314 1587 1474 1641 quem
1509 1580 1772 1626 memorat
1802 1569 1860 1627 S.

288 1675 569 1740 Scriptura
605 1666 672 1723 IV
729 1669 934 1737 Regum
975 1681 1134 1736 capp.
1173 1681 1283 1721 xvu
1334 1675 1388 1721 et
1435 1680 1590 1728 xvm,
1627 1678 1863 1734 quocum

287 1763 364 1814 ait
397 1761 560 1814 inisse
619 1757 844 1812 consilia
916 1771 1100 1822 regem
1152 1760 1340 1810 decem
1398 1757 1634 1810 tribuum
1667 1754 1861 1811 Oscam

1956 559 2087 629 quin
2122 557 2286 625 hujus
2335 555 2600 627 dynastiae
2673 557 2931 612 terminos
2998 559 3533 628 praetergrederetur.

1956 649 2116 706 Plura
2149 657 2337 708 contra
2370 663 2496 702 eum
2531 648 2852 704 Perizonius
2886 664 3008 719 cap.
3057 650 3158 705 1οε
3185 667 3304 720 (με
3324 653 3532 718 videas,

1955 742 1999 796 si
2026 741 2193 795 lubet.
2223 739 2341 808 ipse
2388 740 2533 793 aliud
2580 754 2646 794 ex
2693 741 2880 794 eodem
2921 740 3194 798 llerodoto
3242 747 3532 798 commini-

1967 832 2143 887 scitur
2175 842 2366 885 contra
2409 830 2624 885 Eusebii
2659 840 2822 900 atque
2852 833 3082 887 aliorum
3107 845 3346 888 veterum
3378 852 3534 889 men-

1959 933 2088 978 tem.
2120 923 2499 978 Sabachonein
2529 937 2633 976 non
2656 925 2821 976 alium
2845 923 3013 978 fuisse
3030 926 3340 991 contendit,
3367 933 3531 997 qitam

1967 1013 2276 1067 Taraclium
2303 1011 2674 1087 rege'm,idqne
2691 1011 2773 1064 his
2791 1012 3134 1079 potissimum
3159 1019 3532 1081 argumentis:

1961 1107 2156 1175 primo,
2186 1107 2330 1176 quod
2360 1107 2499 1158 inter
2533 1103 2751 1158 nomina
2785 1102 3126 1158 Sabachonis
3192 1114 3246 1158 et
3295 1106 3536 1160 Taraeo-

1962 1195 2048 1248 nis
2077 1194 2267 1264 exigua
2326 1207 2548 1260 prorsus
2577 1191 2647 1245 sit
2670 1189 2974 1244 dill‘erentia
3016 1205 3032 1245 :
3059 1191 3279 1258 deinde,
3305 1194 3448 1262 quod
3481 1195 3534 1247 in

1963 1285 2105 1340 idem
2135 1295 2345 1354 tempus
2373 1282 2766 1338 Sennacheribi
2799 1297 2894 1337 seu
2921 1282 3164 1337 Ezechiae
3197 1286 3535 1340 referantur:

1964 1376 2210 1438 demum,
2243 1375 2386 1443 quod
2421 1374 2622 1437 nullus,
2662 1383 2856 1442 prmtcr
2879 1371 3286 1436 Manethonem,
3318 1383 3536 1429 utrum-

1965 1482 2072 1537 que
2101 1466 2283 1530 simul,
2317 1473 2576 1533 tanquam
2609 1465 2747 1519 duos
2799 1464 3067 1525 diversos,
3100 1475 3364 1518 memoret
3394 1482 3408 1518 :
3443 1466 3539 1520 sed

1965 1568 2176 1618 omnes,
2229 1552 2319 1622 qui
2396 1569 2558 1605 unum
2609 1553 2918 1615 nominant,
2988 1553 3216 1606 alterum
3264 1555 3536 1621 ignorent.

1965 1646 2172 1712 Quibus
2205 1660 2465 1712 reponere
2499 1655 2602 1708 est,
2634 1644 2809 1712 primo
2831 1660 2938 1698 non
2963 1660 3082 1699 eam
3106 1659 3223 1699 esse
3254 1646 3536 1700 nominum

1967 1735 2407 1799 similitudinem,
2435 1735 2566 1803 quin
2626 1734 2836 1802 possint
2865 1734 2991 1809 duc,
3031 1734 3281 1789 liciniues
3313 1751 3376 1788 ex
3418 1734 3540 1803 ipso

285 1860 476 1905 contra
501 1849 784 1919 Assyrium
819 1865 833 1901 :
869 1862 989 1915 qua:
1039 1846 1373 1916 liypothesis,
1438 1856 1496 1899 ut
1554 1845 1676 1898 aliis
1754 1860 1860 1899 non

1974 1828 2155 1882 statim
2207 1826 2482 1881 vocabulo
2510 1831 2793 1894 utriusque
2823 1826 3109 1894 distingui.
3137 1827 3361 1893 Deinde,
3405 1842 3538 1881 con—

283 1951 542 2010 urgeatur
564 1938 996 2000 diﬂicultatibus,
1039 1947 1185 1992 certe
1213 1938 1280 1991 ad
1341 1936 1557 1991 Eusebii
1603 1947 1861 2002 mentem,

283 2034 379 2101 qui
452 2029 605 2084 Oscae
631 2027 839 2083 cladem
874 2037 926 2082 et
957 2027 1155 2081 decem‘
1205 2026 1440 2079 tribuum
1501 2025 1865 2094 captivitatem

281 2131 413 2176 ante
457 2135 633 2174 annos
691 2119 879 2173 decem
942 2117 1236 2182 recensuit,
1285 2131 1446 2186 quam
1488 2116 1588 2170 iste
1641 2130 1864 2182 regnum

279 2212 526 2274 iniverit,
551 2207 808 2263 accedere
864 2207 952 2260 vix
1008 2214 1204 2275 potest,
1258 2214 1350 2259 aut
1403 2219 1473 2258 ne
1505 2205 1590 2256 vix
1623 2203 1864 2271 quidem.

283 2301 557 2355 Praiterea
583 2300 649 2353 de
680 2313 804 2368 rege
834 2298 926 2350 illo
956 2295 1359 2366 Egyptiorum,
1387 2310 1492 2349 non
1529 2294 1864 2362 jEihiopum,

283 2395 358 2446 ita
398 2391 606 2459 passim
657 2389 977 2459 chronolngi
1032 2389 1174 2443 sacri
1199 2388 1253 2442 in
1272 2387 1485 2441 diversa
1511 2389 1616 2440 alia
1646 2387 1866 2451 abeunt,

283 2494 343 2539 ut
366 2499 518 2553 neque
553 2483 739 2537 omnia
797 2483 1004 2536 incerta
1040 2480 1211 2534 videri
1248 2479 1502 2533 debeant.
1548 2478 1868 2541 Perizonius

281 2591 410 2631 eum
461 2575 585 2629 fecit
615 2574 864 2636 Zethum,
924 2574 1175 2626 ultimum
1238 2570 1644 2642 dynast.xxiu,
1706 2587 1868 2640 quem

282 2683 448 2738 porro
473 2666 719 2720 eumdem
742 2679 862 2718 esse
887 2678 1010 2716 cum
1034 2660 1288 2717 llerodoti
1313 2660 1550 2715 Setlione
1569 2660 1866 2716 contendit.

283 2759 607 2816 Perizonius
644 2759 697 2814 in
730 2756 1048 2812 Herodmeo
1078 2756 1295 2826 quidem
1329 2755 1569 2811 Sethone
1607 2756 1869 2821 concinit,

284 2869 472 2909 verum
532 2854 680 2907 hunc
740 2852 916 2920 ipsum
1008 2849 1305 2904 arbitratur
1384 2864 1508 2904 esse
1569 2847 1874 2904 Sevechum

286 2944 656 3010 Manetlionis,
689 2941 1031 2998 Sabachonis
1080 2956 1478 3008 successorem,
1510 2942 1563 2995 in
1594 2958 1701 3012 quo
1730 2941 1872 2998 Sous

285 3039 474 3093 lateat.
500 3038 627 3100 Alii,
697 3051 834 3104 quos
891 3035 1033 3090 inter
1083 3035 1411 3100 Simsonius,
1475 3035 1618 3090 hunc
1681 3035 1874 3090 existi-

287 3141 440 3186 maut
469 3130 784 3186 Bocchorim
819 3129 1022 3184 Saitem
1048 3143 1077 3181 a
1130 3129 1303 3198 patria
1360 3128 1431 3182 So
1463 3128 1544 3183 vel
1576 3127 1673 3193 Sa,
1705 3127 1873 3200 ngy-

1968 1927 2115 1973 stare
2131 1933 2195 1971 ex
2213 1916 2470 1970 Herodmi
2493 1916 2710 1984 quidem
2743 1919 3029 1979 sententia,
3059 1929 3176 1984 post
3202 1916 3540 1972 Sabachonis

1967 2009 2294 2073 discessum,
2330 2008 2503 2063 fuisse
2533 2007 2601 2060 ab
2632 2008 2818 2076 Anyso
2869 2020 3140 2077 receptum
3195 2008 3480 2078 imperium
3523 2027 3538 2063 :

1968 2112 2032 2153 ac
2055 2099 2274 2152 detnum
2313 2097 2610 2151 Setlionem
2642 2113 2866 2167 regnum
2890 2099 3212 2164 obtinuisse,
3251 2115 3362 2164 quo
3404 2112 3543 2154 tem-

1968 2205 2098 2259 pore
2119 2187 2554 2254 Sennaclieribns,
2584 2188 2810 2242 Arabum
2827 2190 3261 2261 Assyriorumque
3285 2208 3541 2262 rexhcunt

1969 2283 2180 2348 magnis
2211 2278 2371 2347 capiis
2399 2277 2690 2350 1Egyptunt
2715 2281 2927 2344 invasit,
2949 2290 3005 2334 ut
3039 2296 3209 2336 annos
3235 2283 3377 2336 haud
3410 2299 3542 2339 sane

1971 2387 2172 2442 paucos
2201 2384 2326 2426 ante
2362 2373 2852 2438 Senuacheribuin,
2902 2389 3130 2442 regnare
3185 2375 3415 2430 desiisse
3437 2375 3542 2431 Sa-

1971 2464 2298 2528 bachonem,
2335 2476 2430 2530 par
2467 2476 2685 2530 quoque
2738 2464 2809 2516 sit
2842 2464 3080 2532 opinari.
3110 2465 3187 2518 Eo
3212 2477 3392 2520 autem
3423 2483 3540 2520 ma-

1971 2555 2226 2608 nifestius
2279 2555 2333 2608 id
2387 2553 2582 2607 conliei
2659 2570 2724 2607 ex
2806 2556 3049 2609 Ali-ieani
3111 2568 3272 2627 atque
3325 2558 3542 2613 Eusebii

1971 2647 2220 2710 calculis,
2251 2650 2343 2716 qui
2377 2661 2474 2714 pro
2519 2647 2930 2716 quinquaginta,
2965 2650 3109 2706 solos
3136 2661 3258 2704 oeto
3290 2658 3382 2703 aut
3410 2656 3546 2705 duo-

1972 2737 2150 2793 decim
2192 2752 2369 2792 annos
2388 2738 2436 2792 ei
2463 2741 2732 2795 tribuunt.
2771 2738 3014 2810 Denique
3045 2756 3144 2796 nec
3186 2743 3349 2797 tertio
3375 2759 3544 2814 argu-

1974 2838 2160 2881 mento
2225 2828 2520 2896 quidquam
2567 2828 2764 2892 evinci,
2820 2844 2944 2884 cuin
3020 2839 3166 2886 tanta
3216 2834 3272 2886 in
3327 2835 3547 2903 reliquis

1973 2919 2201 2974 aliorum
2257 2931 2564 2985 auctorum,
2598 2934 2723 2991 puta
2768 2921 3076 2989 Strabonis,
3106 2925 3384 2991 Herodoti,
3416 2925 3548 2982 Dio-

1974 3011 2117 3076 dori,
2171 3028 2350 3082 pugna
2376 3026 2440 3067 ac
2536 3012 2803 3069 dissensio
2861 3015 2952 3081 sit,
3016 3025 3076 3072 ut
3119 3033 3224 3071 non
3273 3020 3410 3073 satis
3433 3028 3548 3073 tuto

1979 3103 2160 3186 liceat,
2184 3119 2250 3158 ex
2276 3119 2460 3159 eorum
2487 3107 2792 3161 rationibus
2821 3105 3120 3176 disputare,
3149 3110 3396 3180 duosque
3422 3109 3548 3166 illos

286 3224 365 3292 pti
399 3223 679 3293 provincia
717 3222 790 3277 ita
839 3187 1165 3292 appellatum
1205 3236 1220 3276 :
1252 3221 1303 3273 in
1351 3235 1511 3290 quam
1544 3187 1870 3276 sententiain
1897 3187 1945 3251 ο
1977 3194 2222 3293 “mis”
2289 3209 2448 3293 rfges
2513 3197 2799 3293 P°°_‘_'“a"i_
2858 3196 3202 3255 Μδηθίυουίδ
3238 3210 3549 3256 θοιυωθηιο

290 3319 515 3371 trahunt
537 3314 932 3384 etJoseplmrn.
965 3314 1070 3367 Alii
1106 3314 1236 3367 alia.
1273 3314 1377 3368 Sed
1409 3323 1465 3367 et
1491 3314 1558 3368 de
1615 3314 1735 3384 ipso
1777 3313 1874 3366 Sa-

287 3412 556 3474 bachone,
580 3409 738 3477 juxta
760 3422 880 3461 eam
914 3409 1075 3462 modo
1103 3408 1396 3472 rationem,
1423 3422 1582 3476 quam
1604 3407 1658 3461 in
1685 3421 1870 3475 regmn

290 3499 679 3570 Egyptiorum
712 3501 854 3552 serie
886 3507 1056 3562 tenet,
1088 3498 1421 3552 dissentiunt
1446 3499 1693 3568 plerique
1731 3499 1873 3551 inter

287 3606 372 3656 se.
407 3589 676 3644 Diodorus
701 3605 824 3643 eum
865 3601 979 3655 post
1010 3589 1207 3642 multas
1267 3603 1296 3641 a
1348 3587 1625 3642 Boccliore
1672 3598 1871 3658 tempe-

291 3690 451 3734 states
470 3695 634 3751 regno
657 3679 873 3750 Egypti
898 3679 1198 3750 pra-luisse,
1221 3689 1510 3749 priestassc
1531 3679 1696 3733 etiam
1719 3679 1872 3734 beni—

293 3772 499 3841 gnitate
550 3771 994 3826 antecessoribus
1035 3771 1271 3838 cunctis,
1306 3771 1491 3824 tradit.
1541 3767 1864 3824 Econtrario

290 3863 606 3928 Africanus,
681 3873 871 3916 uester
932 3863 1203 3918 Eusebius
1253 3873 1307 3917 et
1370 3863 1658 3933 Syncellus
1718 3863 1870 3916 illum

293 3955 604 4020 signiﬁcant
639 3954 898 4008 Bocchori
934 3955 1196 4010 continuo
1223 3955 1584 4019 successisse,
1624 3969 1786 4023 quem
1823 3955 1873 4008 in

297 4048 667 4114 captivitatem
697 4046 1006 4110 redactum,
1037 4061 1133 4117 per
1168 4062 1438 4102 summam
1493 4047 1752 4102 saevitiam
1794 4047 1876 4101 vi-

297 4151 424 4190 vum
449 4133 827 4192 combusserit.
865 4137 945 4192 Ab
998 4138 1254 4192 erunibus
1288 4137 1543 4191 dissentit
1571 4135 1878 4192 Herodotus

296 4226 391 4278 lib.
428 4241 489 4289 ιι,
518 4241 637 4294 cap.
669 4225 768 4278 157
792 4234 845 4278 et
893 4240 1070 4293 seqq,
1133 4225 1222 4278 tibi
1257 4241 1379 4279 eum
1420 4226 1597 4290 docet,
1621 4241 1713 4294 per
1770 4229 1876 4291 vim

298 4331 505 4385 perque
546 4315 800 4383 injuriam
835 4315 1125 4385 ngyptum
1181 4315 1464 4384 irrupisse,
1493 4329 1615 4369 cum
1654 4333 1877 4386 regnum

265 4445 273 4452 -
305 4417 514 4462 teneret
548 4408 745 4477 Anysis
777 4422 976 4472 camus,
1010 4423 1118 4476 quo
1149 4407 1336 4476 fugato
1367 4409 1419 4460 in
1462 4409 1708 4476 paludes,
1743 4409 1880 4463 soli-

1975 3285 2269 3340 ascribere.
2301 3287 2568 3343 Caeterum
2593 3291 2753 3360 digna
2787 3291 2932 3346 lectu
2960 3302 3109 3357 sunt,
3138 3309 3258 3362 quae
3291 3294 3548 3350 doctissi-

1974 3393 2097 3432 mus
2130 3380 2214 3431 vir
2250 3382 2524 3449 congessit
2555 3370 2622 3435 eo
2686 3383 2819 3446 loci,
2859 3385 3035 3452 iisque
3057 3387 3396 3454 adjungenda
3425 3403 3548 3452 cum

1977 3466 2169 3534 primis
2205 3483 2324 3535 qua:
2351 3468 2604 3537 disputat
2633 3471 2957 3542 Catnpegius
2999 3472 3239 3544 Vttt‘inga
3279 3477 3344 3530 ad
3377 3477 3553 3531 Esaia:

1975 3571 2095 3624 cap.
2130 3573 2240 3611 χιχ.

2053 3649 2190 3704 ibid.
2223 3651 2468 3704 Messena
2529 3671 2559 3705 a
2612 3652 3023 3710 Laredwmoniis
3076 3659 3303 3726 capitur.
3330 3659 3554 3714 Miratur

1979 3742 2241 3813 Scaliger,
2275 3745 2365 3812 qui
2393 3747 2492 3798 hoc
2527 3745 2639 3814 ﬁeri
2673 3750 2868 3816 potuit,
2907 3753 2951 3804 si
2985 3752 3182 3806 bellum
3214 3752 3371 3808 inivit
3405 3768 3549 3807 anno

1973 3835 2130 3906 juxta
2163 3838 2282 3904 ejus
2324 3837 2562 3891 rationes
2608 3842 2784 3908 primo
2818 3841 2850 3896 9
2913 3843 3258 3912 Olympiadis,
3294 3857 3365 3909 et,
3406 3849 3551 3914 quod

1981 3946 2141 3989 nemo
2206 3937 2484 4004 diditetur,
2550 3937 2654 3992 fuit
2719 3934 3024 3996 Vicennale,
3095 3934 3344 3990 Messena
3395 3947 3552 4004 capta

1981 4040 2011 4078 a
2047 4024 2476 4084 Lacedaemoniis
2539 4032 2757 4086 dicatur
2811 4048 2955 4085 anno
2991 4033 3180 4087 ultimo
3236 4035 3554 4102 Olympiadis

1983 4115 2310 4185 undecimae;
2341 4120 2442 4174 fuit
2496 4126 2642 4198 enim
2682 4123 2768 4178 hic
2787 4123 2907 4176 belli
2941 4125 3086 4178 linis.
3120 4125 3263 4189 Alia,
3292 4135 3350 4178 ut
3383 4125 3552 4191 vides,

1982 4218 2067 4262 est
2117 4209 2170 4262 in
2227 4210 2567 4279 Pontacena,
2617 4228 2781 4284 atque
2833 4217 2971 4271 adeo
3017 4227 3201 4272 nostra
3239 4221 3556 4274 recensione

1985 4303 2318 4368 supputandi
2358 4304 2494 4356 ratio
2535 4318 2550 4357 :
2585 4305 2754 4358 nihilo
2787 4316 2962 4360 tamen
2990 4309 3169 4361 secius
3191 4324 3256 4362 cx
3286 4310 3553 4362 vicennali

1985 4393 2185 4445 factum
2218 4406 2338 4448 esse
2377 4395 2576 4448 bellum
2614 4396 2759 4451 istud
2793 4399 2864 4466 pl.
2927 4398 3060 4453 min.
3121 4401 3553 4456 duodeceimale.

299 4501 386 4553 dis
407 4499 794 4568 quinquaginta
825 4500 976 4552 annis
1009 4499 1248 4567 regnarit
1283 4512 1300 4552 :
1329 4498 1549 4554 demum
1593 4499 1877 4554 admonitu
1914 4529 1955 4583 ο
1988 4481 2150 4540 Amm
2182 4487 2271 4540 me
2296 4487 2363 4541 ad
2398 4487 2474 4539 "ei
2509 4489 2821 4556 augendum
2859 4491 3202 4555 miraculum.
3238 4494 3554 4548 VRI‘ielalem

299 4589 527 4642 deorum
557 4598 752 4656 sponte
783 4586 1016 4658 Egypto
1085 4588 1377 4652 decedens,
1419 4586 1754 4655 Aitliiopiam
1793 4605 1877 4644 re-

301 4681 544 4748 petierit.
580 4679 644 4733 Et
675 4680 931 4748 probatur
987 4687 1164 4732 tamen
1214 4680 1468 4734 immanis
1527 4681 1714 4734 istliatc
1749 4695 1880 4750 sup-

302 4773 511 4837 putatio
541 4785 811 4825 annorum
842 4770 1176 4824 Sabachonis
1207 4768 1515 4835 l‘erizonio,
1548 4771 1762 4826 tametsi
1793 4785 1881 4825 so-

302 4864 384 4916 los
437 4863 512 4914 illi
569 4863 862 4915 Alricanus
935 4873 1083 4924 octo,
1155 4861 1424 4915 Eusebius
1485 4870 1538 4915 ct
1594 4860 1878 4931 Syncellus

305 4954 597 5008 duodecim
632 4955 896 5018 tribuant,
940 4955 1072 5024 quin
1107 4954 1267 5008 etiam
1307 4954 1439 5008 solis
1495 4955 1876 5024 quadraginta,

302 5053 397 5097 aut
452 5046 811 5116 quadraginta
874 5054 1109 5115 quatuor
1133 5047 1288 5116 juxta
1343 5034 1440 5098 eos
1495 5053 1606 5099 tota
1629 5045 1876 5117 dynasda

303 5145 539 5191 constet.
579 5137 770 5191 Verum
809 5137 1034 5191 includit
1062 5137 1150 5191 ille
1179 5137 1233 5190 in
1284 5137 1680 5206 quinquaginta
1721 5139 1880 5192 annis

304 5227 646 5281 Sabachonis
677 5217 791 5280 tuin
822 5229 969 5297 ipsos
1035 5226 1322 5282 duodecim
1360 5227 1514 5297 juxta
1556 5227 1875 5289 Eusebium,

307 5328 420 5372 tum
467 5319 693 5372 chechl
725 5312 868 5388 ejus,
906 5330 964 5374 ut
987 5323 1100 5389 ipse
1137 5321 1233 5386 ait,
1271 5320 1365 5372 ﬁlii
1399 5319 1647 5386 totidem,
1681 5318 1877 5372 deinde

307 5411 498 5479 viginti
526 5411 648 5465 illos
669 5411 896 5465 Taraclii
932 5412 1144 5481 nepotis
1181 5411 1305 5482 (hos
1326 5410 1471 5465 enim
1504 5412 1669 5466 sentit
1709 5411 1879 5479 patris

308 5520 371 5556 ac
413 5504 588 5570 patrui
649 5505 891 5558 absentis
939 5504 1085 5558 vices
1141 5505 1192 5557 in
1244 5519 1410 5573 regno
1450 5504 1878 5558 adtiiitiistrando

291 5581 781 5665 ~egisse),denique
810 5610 902 5649 sex
936 5597 1072 5650 alios
1114 5595 1180 5649 ad
1235 5595 1554 5664 explendam
1586 5612 1876 5661 summam,

309 5689 514 5752 quibus
541 5696 918 5756 post'mortem
954 5685 1210 5751 Taraclii,
1247 5688 1624 5740 Sabachnnem
1658 5703 1718 5740 ex
1747 5687 1880 5741 Ara-

296 5780 396 5855 ‘bia
431 5780 684 5833 reduzem
713 5794 807 5848 per
839 5795 894 5834 se
926 5780 1117 5833 iterum
1141 5795 1396 5849 regnasse
1418 5780 1470 5831 in
1501 5777 1757 5849 rEgypto,
1783 5778 1882 5834 litt-

1983 4593 2115 4632 mss.
2152 4577 2454 4647 :Bongars.
2489 4579 2657 4640 enim,
2694 4579 2888 4649 inquit,
2917 4584 3070 4649 ponit
3103 4580 3170 4634 ad
3197 4597 3398 4635 annum
3447 4585 3559 4652 pri-

1985 4683 2130 4721 mum
2160 4668 2453 4738 olympiad.
2487 4667 2571 4735 12,
2613 4667 2839 4725 Freher.
2869 4672 2933 4723 ad
2965 4672 3200 4739 primum
3237 4671 3301 4726 l0
3328 4675 3556 4742 olymp.,

1983 4758 2169 4813 Petav.
2199 4774 2343 4812 anno
2365 4759 2607 4814 secundi
2631 4763 2946 4816 undecimae.
2981 4764 3110 4832 ligo,
3140 4764 3184 4816 si
3215 4765 3381 4831 probe
3405 4779 3560 4818 men-

1986 4857 2090 4903 tem
2124 4849 2338 4904 Eusebii
2362 4866 2482 4905 sum
2503 4862 2821 4915 assecutus,
2841 4856 3017 4906 varias
3037 4853 3292 4907 exiSIimo
3318 4855 3418 4908 hac
3445 4857 3558 4925 ipsa

1986 4942 2314 4994 recensione
2370 4955 2653 4995 auctorum
2676 4950 2870 5012 apponi
2904 4945 3202 4999 sen'entias
3227 4961 3242 5003 ;
3267 4947 3443 5015 primo
3469 4963 3559 5001 eo-

1986 5048 2125 5097 rum,
2152 5034 2244 5101 qui
2279 5034 2348 5088 ab
2378 5049 2441 5088 eo
2476 5035 2740 5102 temporis
2768 5035 2892 5089 belli
2927 5036 3076 5090 initia
3105 5039 3554 5107 auspicabanﬁur;

1982 5126 2178 5181 deinde
2207 5141 2421 5188 eorum,
2443 5127 2535 5195 qui
2563 5143 2684 5180 cum
2713 5129 3024 5195 impositum
3047 5146 3190 5184 nunc
3221 5133 3360 5186 bello
3393 5134 3555 5185 linem

1987 5235 2049 5274 ex
2085 5220 2207 5297 aliis
2255 5222 2625 5274 monumentis
2659 5229 2904 5275 veterum
2970 5234 3350 5293 supputarent,
3390 5226 3557 5278 aldus

1935 5370 1938 5372 ,
1989 5313 2214 5365 exordia
2250 5298 2580 5378 repetebant.
2607 5312 2762 5378 Quod
2793 5331 2891 5386 rgo
2927 5317 2992 5370 ad
3025 5332 3242 5371 rectoris
3293 5325 3556 5371 erudiun-

1986 5417 2109 5456 nem
2151 5416 2279 5456 Cum
2309 5403 2498 5472 piiinis
2516 5406 2822 5460 conducere
2843 5409 3102 5464 existimo
3131 5427 3145 5462 :
3171 5409 3384 5463 tametsi
3418 5409 3555 5479 ejns,

1986 5510 2147 5566 quam
2206 5495 2431 5563 apponit
2476 5494 2766 5564 Eusebius,
2817 5502 3101 5554 sentcntiae
3129 5481 3554 5556 anctorcs‘non

1985 5587 2187 5642 laudet.
2229 5585 2396 5641 Velim
2442 5599 2648 5653 tamen,
2679 5599 2739 5644 ut
2769 5592 3003 5654 recolas,
3040 5606 3159 5660 qua:
3199 5592 3454 5659 superius
3486 5611 3552 5648 ex

1986 5684 2257 5740 Dodello
2285 5685 2380 5739 lib.
2414 5685 2482 5741 de
2512 5687 2709 5760 Cyclis,
2739 5704 2861 5759 pag.
2902 5689 3026 5754 694,
3059 5689 3343 5745 retulimus
3373 5707 3386 5742 :
3414 5689 3559 5745 Pau-

1985 5777 2194 5833 saniam
2229 5792 2442 5846 quoque
2485 5778 2536 5831 in
2588 5778 2900 5835 Messeniris
2927 5795 3045 5848 cap.
3084 5781 3169 5848 l5,
3218 5780 3309 5834 tibi
3342 5793 3556 5852 captam
