3964 6186
463 281 570 348 sas
1384 289 1392 296 ·
1588 236 1594 241 ’
1720 282 2118 346 VALLtnsn
2161 281 2406 346 uorti.
3545 289 3629 351 900

466 395 766 452 Messanam
791 397 954 453 refert
986 410 1130 450 anno
1177 395 1356 467 primo
1382 395 1717 467 oiympiadis
1766 398 1852 451 14.
1920 398 2028 452 De-
2059 410 2103 465 Α
2202 394 2319 450 Col.
2369 393 2495 446 557.
2541 391 2776 446 ϐιὶἀῐειιι
2805 408 2894 448 an.
2930 391 3018 446 to.
3072 392 3208 458 Qui!
3231 392 3338 449 huc
3382 397 3630 468 Pertimui,

473 487 634 556 uique
663 484 1199 564 Sehurzﬂeischium,
1230 486 1390 556 cujus
1414 487 1527 540 haec
1567 498 1693 542 sunt
1722 504 1736 540 :
1776 489 2028 557 Ephorus
2132 487 2530 559 praeoccupavit
2551 484 3036 542 Schurzlleisehius
3065 486 3380 551 :Clidicum,
3403 489 3637 559 inquiens,

474 580 614 649 apud
643 579 983 642 Strabonem,
1027 579 1122 632 lib.
1160 594 1232 643 Vt,
1269 595 1389 648 pag.
1435 579 1562 646 279,
1594 588 1872 634 certamen
1905 579 2024 645 hoc,
2131 579 2277 633 hunc
2326 577 2629 632 Melidicum
2676 587 2870 632 vocant
2907 586 3015 632 tres
3061 579 3387 646 posteriores
3425 579 3637 638 Palatini.

473 670 540 724 ob
562 670 802 723 occisum
829 684 859 722 a
896 668 1175 742 Messeniis
1219 667 1518 730 Teleelum,
1550 680 1731 723 ortum
1765 685 1882 724 esse
1917 677 2030 724 tra-
2134 672 2398 726 Elidieum
2425 671 2556 724 dicit
2579 670 2908 726 Sicbardina
2933 669 3121 736 editio,
3148 670 3292 724 facili
3315 673 3646 730 uniuslitlera

471 759 572 826 dit,
599 743 1130 826 viceslmoque'post
1159 761 1357 814 eadem
1403 761 1520 830 ejus
1551 776 1694 814 anno
1729 761 2030 816 Messenatn
2135 765 2310 834 lapsu.
2355 763 2591 818 Clidicus
2629 771 2772 816 ret-te
2817 763 3079 815 scribitur
3117 762 3172 815 in
3214 763 3382 830 primo
3417 763 3646 821 Palatino.

469 865 592 906 esse
618 863 856 920 captam.
894 852 1018 906 ila'e
1042 854 1086 907 si
1146 868 1273 906 vera
1295 863 1452 917 sunt,
1495 853 1777 908 referenda
1807 854 2034 909 historia
2136 857 2421 910 Κλείδικον
2460 857 2606 909 enim
2650 870 2772 909 cum
2801 855 3038 910 Eusebio
3085 865 3247 910 vocat
3274 858 3431 910 etiam
3477 857 3650 914 Pausa-

469 943 678 996 eratad
710 959 992 997 numerum
1032 944 1190 998 1'223.
1230 947 1303 999 At
1331 946 1602 1014 Tyrtaeus.
1643 945 1910 1001 referente
1939 962 2033 1000 eo-
2139 948 2277 1010 nias,
2309 947 2474 1001 Attic.
2510 962 2629 1015 cap.
2678 947 2731 1000 3.
2775 946 3142 1002 Nihilominus
3193 947 3246 1000 in
3293 947 3481 1016 eclogis
3513 947 3652 1003 Euse-

470 1035 590 1089 dem
619 1035 907 1100 Strabone,
941 1037 1032 1088 lib;
1064 1052 1174 1101 vnt,
1198 1052 1318 1106 pag.
1346 1035 1472 1100 ὅδὲ,
1494 1036 1592 1106 τὴν
1614 1035 1840 1106 πρώτην
1869 1035 2035 1090 κατά-

2139 1041 2318 1095 bianis
2347 1027 2686 1094 nominatur
2733 1039 3048 1104 Κλεόδικος,
3119 1039 3393 1108 quomodo
3443 1041 3669 1096 videlicet

470 1143 663 1194 κτησιν
691 1128 889 1200 Evt-oi;
929 1129 1200 1198 ποιήμασι
1234 1129 1376 1180 κατὰ
1422 1129 1549 1191 τοὺς
1603 1129 1716 1180 τῶν
1777 1129 2035 1197 πατέρων

2140 1141 2320 1187 exstat
2359 1132 2524 1186 etiam
2559 1131 2702 1201 apud
2755 1131 3093 1203 Syncellum.
3125 1129 3184 1183 In
3225 1130 3407 1185 eodem
3445 1130 3652 1186 Palatino

473 1219 716 1286 πατέρας
746 1218 999 1284 γενέσθαι
1051 1220 1208 1273 dixit.
1268 1218 1414 1275 Vixit
1445 1219 1690 1291 Tyrtatus
1746 1220 2038 1290 σύγχρονος

2143 1223 2318 1290 primo
2359 1221 2751 1291 Syracusarum
2803 1221 3059 1275 conditus
3109 1219 3178 1274 ad
3231 1235 3501 1274 numerum
3545 1221 3653 1275 “87

473 1309 586 1370 τοῖς
615 1306 660 1372 ζ’
692 1308 937 1376 κληθεϊάι
974 1314 1177 1378 σοφοῖς,
1213 1311 1434 1381 ἤκμαζε
1495 1312 1551 1364 δὲ
1607 1311 1750 1364 κατὰ
1803 1313 1904 1380 τὴν
1967 1312 2038 1364 λε’

2143 1313 2454 1381 apponitur,
2494 1312 2560 1366 ad
2594 1327 2753 1381 quem
2787 1326 2918 1366 sane
2970 1326 3177 1365 annum
3212 1310 3439 1366 refertur
3461 1315 3651 1382 etiam:

473 1397 804 1468 ὀλυμπιάδα,
837 1402 978 1455 circa
1001 1419 1121 1470 quae
1147 1414 1409 1472 tempora,
1443 1405 1486 1457 si
1531 1414 1639 1458 tres
1663 1406 2042 1474 generationes
2143 1404 2395 1459 Cluverio
2423 1405 2477 1458 in
2525 1405 2648 1459 Ital.
2685 1407 2858 1474 antiq.
2891 1403 3025 1459 Vide
3055 1413 3112 1458 et
3149 1403 3490 1471 Stephanum,
3535 1409 3660 1476 cujus

478 1498 629 1543 retro
657 1504 1037 1556 numerentur,
1073 1505 1125 1547 et
1159 1511 1497 1564 unaquaeque
1526 1511 1715 1549 earum
1757 1496 1828 1550 50
1885 1496 2044 1549 annis
2147 1493 2301 1548 locus
2347 1495 2652 1549 secundum
2697 1495 2959 1564 Scaligeri
2997 1504 3238 1549 mentem
3275 1510 3305 1549 a
3340 1496 3542 1564 nuperis
3570 1497 3661 1551 edi-

477 1583 866 1648 constituatur,
903 1583 1145 1638 Messena
1183 1586 1400 1639 videtur
1432 1602 1589 1656 posse
1613 1588 1720 1640 dici
1754 1596 1935 1656 capta.
2148 1585 2359 1639 toribus
2390 1586 2548 1653 plane
2576 1594 2694 1639 erat
2729 1587 3109 1656 eorrigemlus.

547 1672 664 1727 Col.
692 1675 823 1728 557.
861 1672 1143 1735 Perdiccas
1179 1693 1270 1730 an.
1308 1678 1396 1732 51.
1439 1678 1596 1732 Solos
1642 1686 1838 1730 tamen
1873 1693 2046 1732 annos
2077 1740 2118 1752 __
2223 1676 2358 1730 ibid.
2395 1676 2702 1752 Cardie-eas.
2739 1677 2894 1732 Hunc
2921 1678 3136 1734 Ctesias
3161 1678 3386 1742 Artium,
3426 1677 3660 1748 Syncellus

476 1769 839 1836 quadraginta
899 1779 1024 1822 octo
1084 1755 1392 1837 Syneellus,
1433 1780 1670 1825 etvetus
1723 1771 1866 1842 apud
1917 1785 2040 1824 eum
2077 1740 2121 1798 Β
2149 1769 2402 1837 Artycam
2453 1749 2684 1837 appellat
2715 1785 2728 1821 :
2761 1770 2845 1822 cui
2885 1769 2972 1824 ille
3005 1785 3187 1824 annos
3238 1740 3384 1840 regni
3435 1740 3662 1841 q'uinq'us-

476 1858 798 1911 laterculnm
841 1861 1052 1913 tribuit.
1085 1860 1166 1914 Ad
1207 1862 1319 1914 haec
1363 1859 1585 1917 Solinus
1633 1863 1868 1931 primum
1918 1876 2040 1915 eum
2149 1857 2318 1925 ginta,
2349 1857 2434 1911 hic
2458 1859 2676 1928 triginta
2725 1859 3005 1926 elargitur.
3041 1846 3271 1913 Videtur
3297 1859 3528 1915 illeidem
3547 1875 3659 1928 esse,

471 1948 611 2003 dicit
657 1950 982 2005 Macedoniae
1030 1967 1209 2021 regem
1255 1953 1636 2018 constitutum,
1684 1955 1829 2022 quod
1880 1953 2044 2008 etiam
2148 1964 2312 2018 quem
2341 1949 2647 2004 Melodacus
2681 1949 2990 2019 Babyloniae
3021 1967 3119 2005 rex
3151 1953 3466 2024 proﬂigavit.

471 2038 791 2095 llerodOIus
837 2042 1041 2096 indicat
1087 2043 1182 2097 lib.
1224 2059 1319 2098 vm
1367 2044 1452 2099 his
1481 2045 1682 2107 verbis,
1719 2045 1990 2115 Περδίκης
2018 2045 2047 2097 ὁ
2207 2027 2340 2096 Ἐοι.
2369 2040 2496 2096 359.
2527 2040 2801 2096 Sebicltus.
2830 2043 3101 2108 Diximus,
3126 2044 3231 2098 sub
3257 2043 3465 2101 Seuechi
3489 2044 3665 2101 nomine

472 2133 824 2201 ,κτησάμενος
846 2133 948 2204 τὴν
969 2135 1165 2205 ἀρχήν.
1192 2135 1354 2191 Plura
1382 2137 1583 2192 ibidem
1606 2137 1673 2192 de
1695 2139 1813 2206 ejus
1837 2137 2046 2208 origine
2150 2131 2321 2186 videri
2367 2133 2653 2187 Perlzonio
2683 2135 2853 2189 latere
2891 2135 3061 2190 Soum
3101 2135 3281 2203 illum,
3323 2137 3469 2207 cujus
3503 2139 3666 2192 mentio

466 2238 545 2277 est
597 2222 860 2291 Temeno,
910 2227 1084 2296 deque
1138 2227 1400 2284 fratribus
1450 2215 1670 2285 Gavane
1716 2239 1772 2285 et
1816 2231 2044 2300 Eropo,
2148 2234 2231 2280 est
2261 2223 2326 2277 Ν
2361 2225 2566 2293 Regum
2599 2240 2718 2295 cap.
2755 2241 2866 2280 xvu
2901 2237 2952 2282 et
2983 2228 3262 2295 sequenti.
3298 2228 3366 2282 At
3407 2242 3501 2282 non
3531 2225 3665 2283 Seve-

468 2315 802 2385 quibnscum
836 2318 995 2388 Argis
1029 2320 1346 2390 profugiens
1376 2322 1442 2376 ad
1476 2320 1708 2392 Illyrios,
1739 2333 1796 2378 et
1827 2324 1953 2378 inde
1991 2325 2046 2379 in
2149 2317 2286 2372 chus
2323 2319 2412 2372 ille
2444 2317 2648 2373 dicitur
2690 2317 2836 2386 apud
2881 2318 3219 2374 Herodotum
3266 2321 3356 2390 qui
3409 2318 3662 2379 Sabacboni

469 2410 814 2478 superiorem
846 2409 1213 2466 Macedoniam
1243 2421 1634 2484 transgressus,
1659 2430 1717 2469 se
1745 2416 1810 2470 ad
1841 2429 2051 2470 merce-
2151 2409 2418 2478 succedit,
2465 2411 2559 2465 sed
2599 2409 2804 2466 Sethon
2840 2426 2854 2464 :
2888 2425 2999 2481 quo
3037 2412 3257 2481 quidem
3303 2414 3507 2470 nomine
3552 2415 3662 2469 haud

469 2499 688 2552 .nariam
733 2514 960 2570 operam
1014 2503 1124 2572 regi
1177 2503 1395 2558 locavit.
1453 2504 1654 2560 Mentio
1705 2520 1922 2577 quoque
1965 2517 2052 2564 est
2151 2503 2274 2557 seio
2297 2517 2368 2556 an
2419 2502 2542 2557 aliis
2583 2504 2929 2573 antiquorum
2983 2503 3269 2572 innotuit;
3311 2521 3427 2560 nam
3470 2509 3549 2576 qui
3591 2507 3668 2559 Σέ-

465 2589 600 2657 ejus
635 2591 777 2658 apud
817 2591 1186 2663 Thucydidem
1221 2595 1316 2648 lib.
1349 2610 1410 2649 ιι.
2152 2592 2258 2655 οως
2286 2592 2537 2663 Syncello
2568 2594 2872 2662 appellatur
2900 2608 2969 2648 ex
3000 2592 3352 2661 Manethone,
3383 2594 3511 2650 alius
3537 2600 3662 2664 plane

551 2681 666 2735 Col.
703 2683 828 2738 357.
863 2683 1137 2740 Sabachon
1175 2686 1486 2741 Bocchorim
1512 2689 1695 2758 pmlio
1732 2701 1942 2759 captum
1977 2693 2052 2746 υἱ-
2153 2691 2258 2749 est,
2309 2691 2370 2737 et
2409 2681 2666 2752 Troianis
2713 2685 3051 2754 temporibus
3106 2686 3394 2742 vetustior.
3445 2686 3668 2742 Diodorus

469 2791 600 2831 mum
636 2779 852 2831 exussit.
896 2778 956 2832 In
995 2780 1301 2836 Pontacena
1349 2781 1587 2838 editione
1619 2782 1736 2838 haec
1774 2784 1840 2837 ad
1891 2785 2050 2840 ﬁnem
2156 2773 2295 2828 lib.|
2327 2775 2511 2828 statim
2539 2788 2568 2827 a
2603 2772 2926 2847 Sabaehone
2951 2776 3272 2832 anarchiam
3300 2779 3513 2833 duorum
3536 2791 3672 2832 anno-

471 2871 636 2938 ‘regni
689 2871 1048 2937 Sabaehonis,
1095 2875 1210 2929 sive
1249 2873 1314 2928 ad
1349 2889 1555 2928 annum
1612 2876 1730 2947 ejus
1776 2877 2036 2930 decimuu

2157 2880 2278 2919 rum
2341 2873 2456 2919 tum
2499 2866 2983 2932 duodeearchiam,
3031 2866 3150 2923 sive
3183 2867 3459 2924 duodecim
3503 2869 3673 2938 regulo-

467 2959 891 3023 -dill‘erebantur,
929 2978 1052 3033 quae
1081 2979 1179 3018 nos
1216 2965 1282 3018 ad
1313 2972 1563 3019 veterum
1595 2966 1860 3021 librorum
1894 2969 2032 3022 fiden

2163 2972 2283 3011 rum
2339 2958 2420 3012 vel
2458 2960 2878 3012 monarcbarum
2912 2974 3143 3030 regnum
3174 2961 3421 3016 collocat.
3449 2961 3502 3016 In
3525 2960 3673 3016 (imo

473 3059 593 3106 huc
648 3055 1044 3109 remeavimus.
1094 3055 1453 3111 Restitnimus
1505 3071 1730 3125 quoque
1779 3074 1841 3112 ea
1891 3061 2038 3112 vcrb:

2109 3081 2127 3138 Ξ
2160 3048 2424 3116 scriptum
2469 3049 2714 3103 invenire
2751 3056 2833 3103 est
2868 3048 3134 3120 Σεύηχος,
3175 3064 3234 3107 et
3271 3051 3512 3124 Σεῆήχων
3539 3069 3550 3105 :
3579 3066 3674 3120 per-

471 3157 606 3210 quae
639 3145 881 3210 deemnt,
907 3157 958 3198 et
998 3146 1170 3199 vivum
1193 3149 1412 3206 exussit.
1448 3164 1511 3202 ex
1547 3149 1822 3203 Parmensi
1862 3165 1965 3204 ms.
1999 3160 2055 3204 et
2167 3157 2352 3212 peram
2391 3143 2616 3196 omnino
2650 3141 2902 3204 Secucus.
2939 3141 2994 3196 in
3025 3151 3228 3211 quarto
3263 3143 3512 3207 Palatino.
3540 3154 3584 3200 et
3607 3159 3677 3197 re-

467 3239 719 3298 .quatuor
759 3232 1039 3300 Palatinis,
1083 3233 1273 3290 Graeco
1304 3236 1358 3291 id
1384 3237 1547 3292 etiam
1581 3239 1830 3307 exigente
1876 3249 2046 3294 textu.
2164 3236 2406 3290 celltiOI'e
2439 3235 2546 3289 alio
2575 3236 2718 3303 31)υά
2751 3248 2851 3296 νος
2888 3249 3016 3299 ωει.
3059 3234 3385 3304 appellati"-
3434 3234 3676 3290 Africani!

469 3323 745 3393 "Scaliger,
785 3334 920 3380 utet
944 3343 1135 3383 rerens
1168 3345 1270 3384 ms.
1313 3331 1403 3400 qui
1442 3331 1493 3384 in
1528 3343 1748 3387 nostras
1776 3349 1919 3388 nunc
1961 3334 2056 3387 dr-
2165 3331 2580 3397 quattuordecim
2606 3326 2654 3380 ei
2679 3341 2852 3381 annos
2882 3326 3030 3396 regni
3052 3324 3386 3394 impertitur,
3409 3341 3506 3380 non
3524 3324 3678 3380 sexde-

480 3430 635 3468 suum
663 3431 852 3473 manus
877 3419 1114 3485 devenit,
1148 3421 1460 3489 periocham
1480 3423 1643 3478 istam
1671 3427 1887 3492 penitus
1909 3425 2045 3494 igno-

1548 3435 1643 3478 :am
1671 3427 1887 3492 penitus
1909 3425 2062 3494 igno-
2167 3424 2295 3487 cim,
2324 3430 2380 3476 ut
2413 3419 3113 3487 Sclmrzlleischiusmutat.

477 3515 630 3562 rant.
676 3508 924 3579 Βόχορις,
958 3519 1180 3566 notante
1217 3513 1284 3567 ad
1320 3515 1461 3570 hunc
1493 3517 1671 3570 locum
1725 3516 2060 3573 Schurzﬂei~
2237 3514 2372 3569 Ibid.
2406 3517 2758 3582 Hippomenes
2798 3529 2888 3566 an.
2928 3512 3018 3567 10.
3067 3512 3242 3567 Totus
3275 3514 3328 3568 in
3373 3527 3436 3568 eo
3469 3521 3541 3568 est
3575 3510 3679 3565 Sca-

488 3598 894 3663 schio,dicitur
919 3604 1084 3657 etiam
1124 3604 1356 3660 Diodoro
1393 3607 1485 3661 lib.
1519 3624 1554 3662 ι.
1577 3608 1838 3664 Athenaeo
1870 3612 1963 3664 lib.
2001 3626 2054 3678 χ,
2166 3607 2333 3675 ligor,
2389 3614 2450 3659 ut
2495 3605 2960 3658 metachronismo
3017 3619 3291 3660 annorum
3351 3613 3565 3675 quatuor
3609 3610 3681 3657 snt

485 3691 781 3748 Plutarcho
861 3696 991 3765 περὶ
1074 3698 1388 3762 Δυσωπίας.
1456 3702 1628 3754 Aliter
1690 3702 2059 3757 Constantino
2166 3699 2404 3764 quinque
2452 3694 2706 3748 laborare
2752 3694 3118 3749 Eusebianam
3167 3694 3494 3765 bypothesim
3540 3689 3678 3760 signi.

487 3782 721 3842 Manassi
761 3787 1054 3856 Βῦκχορος.
1089 3787 1526 3845 νὶὼ-ιιιιδαιιιιξιιι
1561 3793 1768 3846 librarii
1799 3794 2052 3848 mendum

2166 3787 2294 3840 ﬁcet
2337 3801 2401 3840 ex
2442 3785 2728 3841 Pausanias
2778 3785 3096 3840 testimonio
3149 3786 3203 3839 in
3251 3785 3546 3840 Messenicis
3583 3798 3677 3838 can.

479 3876 631 3943 quod
685 3879 948 3932 scribitur
995 3882 1137 3950 apud
1179 3881 1402 3936 Suidam
1458 3883 1754 3954 Βάκχυρις,
1820 3900 1924 3940 nec
1970 3901 2044 3942 re-

2165 3879 2254 3942 15,
2303 3892 2414 3947 quo
2466 3877 2588 3930 loco
2625 3877 2722 3942 ait,
2777 3876 2938 3931 linem
2979 3877 3236 3932 habuisse
3289 3877 3478 3932 bellum
3516 3875 3679 3928 Messe-

479 3975 658 4032 sctum,
693 3970 836 4037 quod
871 3971 1028 4025 habet
1060 3972 1294 4036 Goarus,
1331 3975 1632 4044 Βόγλωρις.
2170 3976 2389 4026 ιιξιιοιιιιι
2443 3986 2581 4024 anno
2638 3971 2810 4038 primo
2861 3970 3085 4023 decima!
3137 3970 3344 4041 quartis
3394 3965 3682 4038 Olympiadis.

565 4059 684 4114 Col.
737 4061 868 4116 555.
921 4062 1161 4130 Tarpeia.
1219 4063 1386 4119 Multo
1435 4067 1640 4133 pridem
1700 4079 1813 4120 haec
1874 4069 2062 4124 retulit
2171 4081 2296 4121 cum
2327 4063 2470 4132 apud
2514 4062 2876 4118 Athenienses
2925 4062 3250 4116 Medontida:
3279 4063 3386 4132 jam
3433 4062 3681 4120 decimum,

479 4149 760 4220 Scaliger,
817 4156 932 4208 sive
970 4155 1038 4209 sd
1095 4171 1311 4211 numer.
1359 4158 1516 4213 1270.
1571 4157 1844 4214 Pontacus
1891 4175 2062 4215 econ-
2171 4171 2444 4213 summum
2501 4155 2775 4224 cepissent
2821 4155 3060 4209 civitatis
3109 4156 3406 4218 honorem,
3446 4163 3495 4207 et
3519 4151 3684 4219 Hippo-

481 4256 664 4300 trario
686 4264 808 4302 cum
836 4250 902 4301 ad
935 4251 1251 4303 vicesimum
1285 4249 1498 4305 [tantuli
1533 4262 1690 4305 antea
1713 4253 2058 4316 collocasset.
2173 4253 2309 4303 mani
2335 4247 2548 4318 quidem
2576 4255 2800 4316 quartus
2821 4245 2941 4314 jam
2971 4253 3192 4298 exactus
3235 4254 3364 4298 esset
3397 4241 3579 4310 imperii
3605 4253 3682 4290 att-

489 4355 605 4393 uno
625 4342 804 4396 adhuc
834 4357 978 4397 anno
1013 4345 1280 4412 postponi,
1311 4352 1369 4397 ut
1401 4343 1488 4398 hic
1534 4346 1782 4411 habetur,
1824 4346 1878 4400 in
1914 4346 2057 4402 notis
2175 4359 2295 4396 nus.
2332 4341 2530 4396 Verum
2563 4355 2630 4393 ne
2658 4337 2984 4392 vindicando
3013 4341 3080 4392 ab
3107 4337 3314 4392 erroris
3347 4348 3465 4391 nata
3491 4328 3695 4388 Eusebio'

491 4436 674 4502 jussit.
718 4435 1015 4489 Hister-iam
1064 4447 1247 4506 repete
1278 4453 1344 4491 ex
1393 4436 1549 4491 Livio
1599 4439 1694 4492 lib.
1732 4452 1770 4502 ι,
1824 4437 2063 4492 Varrone
2098 4427 2140 4482 Ι)
2167 4437 2505 4497 laboremus,
2550 4447 2656 4502 quo
2695 4442 2855 4502 pacto
2891 4431 2943 4484 in
2985 4429 3337 4486 concordiam
3367 4429 3552 4498 optime
3579 4435 3677 4478 cum

499 4527 592 4579 lib.
614 4543 662 4580 tv
682 4528 748 4580 de
772 4527 980 4596 Lingua
1009 4527 1220 4593 Latina,
1247 4529 1437 4582 Servio
1465 4530 1518 4582 in
1537 4528 1801 4584 1Eneidos
1822 4531 1914 4585 lib.
1942 4547 2062 4595 vm,
2171 4524 2442 4581 Pausania
2473 4523 2676 4587 veniat,
2708 4521 2896 4576 docuit
2936 4521 3147 4591 pridem
3182 4520 3431 4575 eruditis.
3475 4514 3680 4571 Dodwel-

498 4617 678 4683 Floro,
718 4619 936 4673 Aurelio
967 4618 1206 4684 Victore,
1233 4632 1396 4689 atque
1431 4620 1574 4675 aliis.
2167 4621 2255 4675 ius
2288 4622 2352 4673 de
2380 4618 2560 4690 Cyclis
2594 4633 2716 4688 pag.
2772 4616 2899 4679 694,
2933 4617 3092 4685 cujus
3143 4617 3304 4670 verba
3345 4624 3398 4669 et
3422 4613 3562 4681 paulo
3589 4617 3685 4661 ante

563 4711 681 4766 Col.
736 4713 862 4767 557.
921 4712 1175 4766 Romulus
1230 4715 1453 4782 primus.
1491 4711 1616 4767 [Lee
1669 4728 1797 4768 vero
1831 4731 1858 4767 a
1887 4716 2062 4785 primo
2170 4714 2388 4768 laudata
2429 4711 2687 4765 hiciubct
2717 4711 3023 4779 replicare:
3054 4707 3175 4763 Non
3207 4724 3313 4770 me,
3347 4707 3528 4776 inquit,
3554 4702 3679 4772 fugit,

492 4805 678 4856 statim
717 4803 930 4858 Ποιιιιιῐί
956 4820 1122 4870 anno,
1153 4808 1296 4872 quod
1331 4793 1465 4860 sane
1495 4821 1604 4860 non
1637 4807 1905 4861 modicum
1946 4808 2064 4862 dis-
2171 4811 2394 4873 propter
2433 4801 2808 4856 testimonium
2840 4801 3128 4856 Pausania:
3153 4800 3428 4854 dubitasse
3468 4798 3682 4850 hactenus

495 4895 702 4948 eritnen
770 4905 894 4962 est,
974 4897 1027 4950 in
1089 4896 1346 4968 SealEgeri
1413 4897 1652 4953 editione
1713 4899 2068 4954 collocantur.
2170 4894 2437 4958 eruditos,
2492 4909 2621 4948 num
2679 4892 2947 4947 decennis
3005 4893 3218 4962 integra
3271 4887 3576 4959 expleverint
3613 4895 3683 4935 sr-

515 4986 594 5038 Atl
627 4986 739 5038 ha-e
763 4988 920 5053 plane
954 4989 1228 5042 omittitur
1260 4990 1511 5059 periocha
1549 4991 1637 5045 illa
1667 4993 1956 5047 verborum
1983 4993 2072 5047 ιιι-
2172 4989 2400 5041 chontes
2434 4985 2782 5040 decennales.
2822 4983 2917 5039 Est
2952 4998 3132 5038 autem
3175 4992 3366 5051 praeter
3413 4975 3681 5035 Eusebium.

499 5079 654 5141 tima.
709 5078 1146 5150 Templa‘quoque
1179 5093 1226 5136 ει
1261 5099 1462 5151 muros,
1497 5093 1602 5138 etc,
1636 5082 1936 5139 Pomacum
1973 5101 2073 5141 nos
2173 5094 2378 5149 eosque
2411 5078 2504 5148 qui
2536 5093 2601 5132 ex
2629 5077 2847 5142 iisdem,
2892 5077 3038 5130 unde
3094 5073 3382 5137 Eusebius,
3426 5066 3681 5138 originibus

498 5175 796 5241 sequimur,
842 5189 1073 5242 quocum
1132 5176 1342 5229 faciunt
1403 5191 1535 5232 mss.
1581 5177 1822 5246 plerique
1873 5177 1963 5231 alii
2013 5188 2068 5232 et
2175 5190 2275 5230 sua
2324 5173 2626 5234 hauserint,
2687 5171 2858 5236 testis,
2895 5170 3000 5225 hac
3047 5168 3102 5223 in
3134 5182 3301 5222 causa
3345 5158 3680 5220 disertissimus

503 5265 836 5320 Parmensis.
901 5265 954 5319 In
988 5265 1198 5331 Gr‘mco,
1257 5269 1404 5337 quod
1434 5269 1597 5324 habet
1642 5271 1928 5340 Syncellus
1965 5272 2077 5324 Πα-
2180 5265 2439 5332 Velleius,
2471 5266 2562 5335 qui
2592 5263 2968 5342 decennalium
3013 5261 3339 5316 srehontum
3362 5269 3522 5309 annos
3546 5261 3676 5317 agno.

499 5357 742 5422 τρικίους
772 5372 868 5426 pro
897 5357 1165 5429 ﬂnépaq,
1190 5363 1332 5428 quod
1362 5361 1520 5415 facile
1547 5363 1809 5417 Eusebius
1838 5365 2073 5434 scripse-
2177 5361 2282 5416 scit
2321 5359 2378 5414 in
2419 5359 2731 5413 universum
2780 5356 2870 5421 70,
2903 5356 3000 5410 lib.
3036 5369 3076 5421 ι,
3120 5368 3244 5422 cap.
3275 5350 3327 5404 8.
3363 5346 3554 5404 Fefellit
3580 5349 3678 5434 ergo

500 5448 571 5502 rit
594 5450 766 5520 (certe
786 5451 1001 5518 quidem
1034 5426 1220 5506 Patres
1245 5450 1606 5525 Hieronymus
1629 5455 1835 5525 vertit),
1867 5426 2070 5513 factum
2179 5452 2352 5523 ipsos,
2385 5451 2440 5505 ni
2475 5451 2636 5504 fallor
2677 5451 2814 5520 ipse.
2852 5446 3133 5504 Pausaniae
3167 5442 3329 5500 lectio
3359 5426 3676 5525 tantummodo

501 5519 735 5607 videtur,
781 5541 848 5594 ad
884 5543 1000 5612 ejus
1034 5543 1320 5614 dignitatis
1343 5519 1762 5612 expiimendnm
1793 5519 2064 5600 rationem
2178 5519 2216 5600 a—
2239 5542 2474 5598 librariis
2500 5519 2709 5596 vitiata.
2739 5538 3024 5596 Messenici
3061 5535 3188 5594 belli
3227 5535 3380 5590 finem
3401 5525 3564 5583 statuit
3595 5519 3674 5614 ἔξει

504 5643 570 5683 ac
619 5646 856 5693 nomen.
911 5609 1056 5701 quod
1096 5609 1230 5690 vsuis
1289 5634 1628 5701 temporibus
1687 5632 1958 5703 praecipua
2020 5633 2069 5686 in

2179 5635 2386 5706 πρώτῳ
2409 5637 2508 5702 τῆς
2531 5634 2800 5703 τετάρτης
2835 5632 2931 5686 καὶ
2978 5629 3214 5697 δεκάτης
3261 5609 3672 5706 ὀλυμπιάδοςν--ἧν

507 5721 698 5774 Graeco
727 5725 952 5790 imperio
983 5735 1150 5780 esset.

2183 5699 2418 5798 Δᾶσμῷν
2452 5699 2766 5797 Κορίνθιος-
2797 5726 2951 5781 ἐνίκα
3012 5722 3245 5786 στάδιον,
3314 5716 3542 5786 Ἀθήνῃσι
3581 5699 3667 5756 Mt‘
