3964 6186
305 319 400 384 901

1557 324 1645 384 VA
1657 324 1961 386 LLARSII
2004 326 2244 391 NOTIE.
2598 337 2625 356 '

3426 337 3536 401 902

297 433 548 490 δοντιδῶν
575 433 674 505 τὴν
703 433 878 508 ἀρχὴν
925 432 1006 490 ἔτι
1039 433 1275 505 ἑχόντων
1316 435 1417 504 τὴν
1469 435 1712 504 δεκέτιν,
1763 442 1843 493 ua‘

1969 439 2292 498 Panvinium
2349 437 2403 495 in
2456 439 2828 502 Commentar.
2889 444 2959 501 ad
3031 444 3225 502 Festos
3301 446 3535 505 Roman.

299 525 450 589 ἔτους
519 525 834 595 Ἱππομένει
877 527 1146 598 τετάρτου
1202 530 1302 598 τῆς
1377 529 1556 600 ἀρχῆς
1618 532 1862 602 ἠνυσμέ-

298 637 389 672 νου
409 635 426 674 :
446 618 599 672 Anno
629 620 799 688 primo
826 619 1041 675 decimae
1069 620 1231 689 (falso
1255 621 1312 675 in
1349 623 1561 690 vulgata
1612 625 1864 680 versione

292 711 572 780 vicesima)
616 721 822 782 quartis
873 713 1212 784 olympiadis,
1266 728 1373 782 qua
1410 711 1645 768 Dasmon
1676 714 1863 772 Corin-

293 804 430 867 thius
466 803 520 857 in
550 803 722 857 stadio
753 804 908 870 vicit,
943 819 1064 857 cum
1097 803 1239 872 apud
1265 804 1606 864 Athenienses
1638 805 1861 862 Medon-

290 895 416 949 tida:
437 895 552 964 jam
578 894 860 957 decimum,
891 910 1155 949 sumntum
1181 897 1436 966 cepissent
1479 896 1714 954 civitatis
1760 899 1862 953 ho-

289 1005 494 1051 norem,
549 997 597 1041 et
644 984 965 1060 Hippomeni
1009 988 1216 1057 quidem
1243 998 1468 1058 quartus
1489 989 1610 1059 jam
1645 998 1862 1046 exactus

287 1091 421 1138 esset
454 1083 659 1150 imperii
694 1099 887 1145 annus.
941 1082 1044 1138 Sed
1097 1097 1193 1152 pro
1240 1082 1504 1153 τετάρτου
1565 1093 1861 1152 reponatur

287 1175 559 1246 τετάρτῳ,
586 1186 642 1230 et
671 1185 980 1230 nostrarum
1009 1173 1342 1234 Tabularum
1372 1176 1742 1246 clironologiae
1781 1177 1855 1232 ita

287 1282 394 1322 non
427 1265 721 1328 obstabunt
751 1267 913 1322 verba
976 1267 1282 1333 Pausaniae,
1327 1277 1386 1322 ut
1440 1276 1628 1323 contra
1677 1269 1861 1337 potius

291 1359 437 1417 illam
460 1359 574 1416 sint
605 1347 834 1418 miriﬁce
863 1362 1278 1420 confirmatum.
1315 1360 1442 1416 Erat
1471 1361 1618 1417 enim
1650 1359 1856 1430 Hippo-

284 1465 476 1508 mones
502 1452 879 1507 decennalium
909 1452 1232 1510 archontntn
1259 1466 1448 1508 revera
1477 1459 1728 1520 quartus.
1788 1449 1858 1506 Et

284 1547 499 1610 primus
519 1542 628 1596 erit
657 1541 802 1598 illius
819 1558 998 1599 annus
1028 1558 1187 1612 quem
1219 1557 1342 1600 cum
1364 1541 1565 1613 olymp.
1599 1542 1682 1607 id,
1708 1557 1855 1597 anno

282 1634 460 1703 primo
505 1633 779 1686 commisit
824 1633 1145 1688 Pausanias.

357 1726 493 1789 Ibid.
526 1723 708 1782 Meles.
747 1725 803 1784 lu
840 1723 1122 1782 Parmensi
1166 1732 1346 1782 autem
1380 1738 1480 1778 ms.
1517 1724 1745 1793 propius
1780 1723 1849 1778 ad

1967 533 2063 590 lib.
2096 549 2137 589 ι.

2035 653 2284 724 Ῑῠίιι.”¹1ὴ
2335 668 2524 726 Sicilia
2573 671 2921 729 Chersonesus
2977 676 3214 730 condita.
3259 675 3532 732 Nimirum

1967 767 2260 816 annotaute
2296 759 2598 833 Scaligero,
2626 764 2756 820 urbs
2797 765 2852 820 in
2891 779 2952 820 ea
2985 768 3225 832 condita,
3272 785 3390 837 qua:
3419 771 3536 824 Μύ-

1963 848 2054 903 λαι
2072 850 2361 907 dicebatur
2385 870 2399 907 :
2427 852 2480 907 in
2505 867 2668 922 quam
2697 869 2809 908 rem
2838 847 3026 910 laudat
3053 866 3107 911 et
3134 857 3351 913 Scholia
3372 860 3534 929 Apol-

1963 940 2093 996 lonii
2125 942 2219 998 lib.
2243 959 2298 998 tv
2329 958 2345 998 :
2375 943 2557 998 Μύλαι
2605 945 2662 998 δὲ
2707 944 3055 1019 Χερρόνησον
3101 948 3352 1015 Σικελίας
3385 971 3401 1008 :
3444 953 3532 1008 cui

1963 1033 2182 1102 quidem
2217 1035 2530 1091 testimonio
2550 1037 2693 1092 haud
2721 1038 2858 1103 scio,
2905 1054 3036 1094 num
3069 1043 3306 1110 reperire
3340 1046 3411 1100 sit
3441 1062 3534 1117 ge-

1964 1125 2168 1178 minum
2203 1126 2348 1195 apud
2402 1135 2650 1190 veteres;
2702 1143 2828 1182 nam
2881 1130 2984 1186 etsi
3039 1131 3193 1202 Myla:
3239 1137 3535 1192 aptissima:

1960 1217 2101 1286 apud
2150 1216 2462 1288 Polybium,
2510 1217 2771 1284 Plinium,
2827 1219 3178 1286 Strabonem,
3227 1223 3532 1295 Scylacem,

1959 1306 2337 1370 Ptolemazum,
2367 1321 2530 1380 atque
2576 1312 2734 1376 alios,
2773 1327 2932 1369 nemo
2973 1322 3154 1369 tamen
3199 1316 3318 1386 ejus
3358 1317 3534 1374 Cher-

1962 1401 2142 1453 ronesi
2175 1402 2447 1456 meminit.
2495 1401 2766 1476 Cancrum
2815 1415 2938 1473 post
2967 1405 3146 1460 adhuc
3175 1408 3315 1464 duos
3360 1425 3534 1466 annos

1957 1488 2141 1545 dill’ert
2171 1492 2478 1560 periocham
2509 1494 2651 1548 hanc
2686 1493 2967 1566 Scaliger:
2995 1498 3198 1566 primus
3220 1510 3401 1555 autem
3434 1501 3535 1556 Pa-

1955 1572 2113 1636 latin.
2136 1598 2271 1652 ms.,
2303 1594 2438 1641 teste
2470 1584 2955 1656 Schurzﬂeischio,
2989 1590 3149 1661 longo
3167 1591 3236 1646 ab
3260 1592 3384 1648 hinc
3411 1608 3535 1664 spa-

1955 1675 2053 1740 tio,
2092 1677 2208 1730 sive
2243 1675 2311 1730 ad
2343 1677 2594 1732 ultimum
2628 1681 2777 1749 regni
2812 1681 3130 1739 Candaulis.

277 1816 525 1874 Graecam
559 1818 870 1882 lectionem,
899 1816 1052 1871 Miles
1087 1817 1408 1886 appellatur.
1447 1815 1654 1876 Cretera
1679 1816 1846 1873 altum
1880 1833 1924 1889 Β
2024 1811 2167 1868 Ibid.
2199 1811 2410 1867 Bellum
2439 1816 2580 1884 quod
2611 1816 2667 1869 in
2701 1815 2927 1887 Thyrea.
2978 1819 3195 1886 Thyrea
3224 1822 3379 1877 locus
3423 1832 3532 1888 est,

275 1913 350 1966 de
370 1911 462 1966 illo
495 1910 774 1970 silentium
801 1916 887 1967 est
911 1909 1054 1977 apud
1089 1917 1320 1964 veteres.

350 2002 467 2059 Col.
493 2002 622 2060 357.
653 2001 803 2056 Mare
830 2002 1163 2058 obtinuerunt
1208 1997 1393 2056 Cares.
1422 1999 1718 2058 Duodecim
1745 2015 1849 2056 aa-

269 2109 378 2152 nos
408 2103 535 2151 ante
584 2094 730 2163 apud
762 2093 1107 2163 .Scaligerum
1145 2093 1318 2161 posita
1354 2093 1467 2148 haec
1499 2102 1645 2151 sunt.
1677 2092 1848 2150 Nota-

271 2199 504 2262 tumque
548 2186 624 2242 illi
661 2202 726 2242 ex
773 2185 1091 2255 Thucydide
1129 2185 1224 2239 lib.
1256 2200 1274 2241 ι
1304 2187 1502 2242 iterum
1550 2187 1653 2239 hoc
1701 2199 1844 2250 esse,

268 2283 422 2353 quod
450 2296 600 2339 mare
624 2279 960 2338 obtinuerint
982 2278 1174 2342 Cares.
1211 2293 1336 2333 nam
1371 2279 1521 2346 prius
1549 2278 1841 2348 imperium

279 2375 394 2431 illis
425 2372 631 2431 ademit
669 2371 866 2429 Minos.
913 2370 1047 2429 Vide
1069 2369 1440 2433 Strabonem,
1468 2368 1516 2425 si
1545 2369 1716 2433 lubet,
1750 2369 1846 2423 lib.

270 2481 390 2534 XIV,
425 2481 546 2536 pag.
575 2463 696 2519 754.

348 2557 463 2613 Col.
488 2555 614 2612 359.
637 2553 889 2612 Romulus
916 2551 1056 2622 apud
1077 2551 1322 2621 paludem
1343 2552 1580 2620 Capreae.
1621 2551 1847 2607 Rectius

273 2657 440 2719 puto,
479 2646 548 2701 ad
571 2639 812 2712 paludem
852 2643 1060 2713 Capra,
1099 2642 1410 2701 Parmensis
1440 2658 1547 2702 ms.
1589 2644 1738 2714 legit.
1768 2643 1844 2698 Ita

265 2751 330 2796 et
353 2741 536 2799 Livius
565 2741 665 2800 lib.
693 2756 734 2804 ι,
767 2755 888 2810 cap.
926 2739 989 2802 16
1022 2755 1040 2796 ξ
1070 2737 1205 2794 Cum
1236 2737 1308 2792 ad
1340 2740 1625 2794 exercitum
1669 2755 1846 2792 ream.

264 2834 491 2890 sendum
529 2831 782 2891 Romulus
807 2830 1108 2889 concionem
1135 2831 1188 2883 in
1215 2847 1400 2900 campo
1422 2830 1491 2885 ad
1519 2830 1712 2885 Caras:
1743 2848 1844 2898 pa-

269 2925 452 2982 ludem
488 2925 726 2988 haberet,
760 2924 933 2982 subito
966 2935 1147 2982 coorta
1191 2931 1496 2989 tempestas,
1550 2937 1655 2979 etc.
1712 2924 1846 2979 Vide

263 3025 328 3071 et
365 3014 718 3077 Plutarchum
755 3015 806 3068 in
843 3012 1062 3067 Romuli
1102 3010 1246 3071 Vit'a.
1280 3014 1339 3068 In
1377 3015 1554 3083 primo
1606 3014 1840 3070 Palatio.

271 3106 489 3174 (Σιφνίων
509 3107 634 3176 legi,
665 3114 894 3164 testatur
923 3105 1437 3180 Schursﬂeiscbtus,
1465 3107 1557 3178 qui
1577 3115 1632 3162 et
1653 3105 1842 3163 Graece

1953 1904 2020 1958 de
2048 1919 2158 1974 quo
2199 1906 2602 1962 contenderunt
2636 1907 2780 1964 inter
2811 1924 2870 1964 se
2923 1909 3338 1968 Lacedremones
3368 1925 3535 1984 atque

1951 1997 2159 2068 Argivi.
2181 1996 2367 2070 Pugna
2398 1999 2542 2071 apud
2560 2009 2772 2068 veteres
2800 2001 3043 2066 omnium
3075 2002 3532 2064 celebratissima.

1951 2088 2188 2148 Interest
2238 2106 2366 2146 vero
2419 2092 2522 2145 hoc
2571 2094 2765 2148 sedulo
2816 2093 3278 2162 animadvertere,
3333 2097 3532 2156 iterum

1951 2179 2122 2237 fuisse
2155 2173 2433 2237 Certamen
2472 2181 2614 2237 istud
2654 2190 2774 2252 post
2828 2185 3029 2242 multos
3081 2201 3257 2242 annos
3289 2189 3534 2245 redinte-

1950 2279 2197 2341 gratum;
2230 2284 2353 2324 cum
2387 2271 2533 2326 enim
2564 2272 2786 2342 Argivi,
2818 2276 2910 2342 qui
2955 2275 3183 2330 trecenti
3242 2292 3367 2331 cum
3404 2278 3532 2333 toti-

1950 2360 2074 2414 dem
2111 2357 2538 2415 Lacedaemoniis
2566 2372 2959 2430 pugnaverant,
2980 2365 3083 2420 sibi
3119 2367 3405 2423 victoriam
3438 2383 3533 2423 ar-

1951 2460 2232 2521 rogarent,
2264 2451 2411 2522 quod
2465 2467 2533 2508 ex
2597 2454 2730 2522 ipsis
2785 2452 2896 2509 duo
2953 2457 3280 2524 superstites
3339 2460 3528 2529 praelia

1952 2539 2214 2604 fuissent,
2247 2541 2401 2597 casis
2441 2542 2877 2599 Lacedzemoniis
2914 2545 2980 2599 ad
3013 2562 3184 2601 unum
3225 2550 3480 2605 omnibus
3509 2565 3527 2606 :

1948 2650 2014 2689 ex
2047 2634 2132 2690 his
2159 2633 2489 2707 Othryades,
2533 2637 2747 2691 tametsi
2795 2638 2984 2691 multis
3034 2639 3353 2696 vulneribus
3392 2641 3528 2697 sau-

1951 2725 2091 2792 cius,
2130 2735 2425 2794 antequam
2457 2727 2784 2795 exspiraret,
2836 2710 3017 2785 (ultu?
3035 2729 3324 2786 hastilibus
3361 2733 3532 2786 semi-

1953 2815 2163 2883 fractis,
2198 2827 2541 2874 mortuorum
2586 2820 2828 2875 hostium
2857 2831 3012 2876 scuta
3044 2822 3289 2887 abstulit,
3310 2824 3377 2880 de
3406 2825 3535 2894 qui.

1951 2910 2054 2968 bus
2089 2919 2351 2981 tropxum
2403 2916 2600 2977 erexit,
2659 2929 2996 2983 suorumque
3052 2916 3340 2972 vulnerum
3393 2932 3532 2973 sano-

1950 3003 2136 3072 gnine,
2163 3001 2280 3058 Jovi
2312 3007 2672 3076 τροπαιούχῳ
2702 3007 3005 3078 inscripsit.
3032 3009 3240 3065 Exinde
3267 3025 3391 3065 cum
3415 3011 3533 3066 duo

1949 3095 2025 3149 illi
2058 3099 2384 3166 superstites
2439 3113 2506 3154 ex
2558 3089 2776 3170 Argivis
2809 3100 2960 3158 litem
3001 3102 3362 3174 integrarent,
3396 3105 3532 3158 Am-

267 3199 445 3257 scribi
471 3206 698 3258 aagaotat
740 3198 880 3266 apud
936 3206 1146 3257 veteres
1184 3199 1433 3268 Καπρια,
1480 3209 1537 3255 et
1565 3199 1838 3270 Καπρίαι,
1869 3182 1912 3242 C
1946 3187 2355 3272 phictyones'in
2391 3205 2505 3246 rem
2538 3204 2864 3261 praesentem
2900 3187 3210 3261 "venerunt,
3260 3196 3532 3266 litemque

265 3302 330 3348 et
364 3291 622 3359 Καπρέα,
657 3289 798 3348 adde
825 3298 880 3345 et
906 3290 1182 3360 Kmpéat.
1217 3289 1338 3346 Mox
1373 3291 1482 3346 duo
1509 3291 1676 3346 verba
1703 3291 1844 3357 apud

265 3396 416 3446 suos,
445 3380 560 3438 sive
609 3395 640 3434 a
680 3380 814 3445 suis,
848 3387 912 3432 ut
941 3379 1104 3434 habet
1142 3379 1394 3436 laudatus
1437 3380 1674 3436 Palatio.
1711 3397 1840 3445 ωε..

269 3471 519 3542 Scaliger
551 3481 716 3528 tacet.
749 3471 1082 3530 Plutarchus
1132 3473 1258 3527 loco
1291 3473 1538 3536 laudato,
1596 3472 1844 3538 Proclus,

271 3564 475 3633 inquit,
512 3563 701 3618 nobilis
752 3565 854 3629 vir,
890 3564 1075 3617 uidisse
1105 3562 1382 3618 sublimem
1421 3579 1477 3618 se
1515 3578 1634 3617 cum
1680 3564 1845 3617 armis

269 3665 486 3723 raptum
542 3655 827 3710 Romulum
879 3655 1173 3724 adjurauit,
1222 3671 1500 3725 vocemque
1554 3657 1843 3719 audivisse,

268 3747 555 3815 Quirinum
581 3747 850 3818 appellari
881 3764 938 3804 se
952 3748 1212 3815 iubentis.
1250 3747 1375 3802 Ηεεο
1402 3763 1564 3815 porro
1597 3755 1649 3802 et
1705 3747 1842 3802 sub.

268 3853 512 3908 sequens
555 3839 810 3909 periocha
851 3839 920 3894 de
949 3839 1205 3902 Romulo.
1253 3838 1533 3893 luxatione
1558 3848 1718 3893 antea
1759 3838 1844 3892 la-

270 3931 543 3986 boraba'nt
573 3947 588 3988 :
622 3941 677 3986 et
707 3932 854 4001 prior
881 3932 1100 4001 quidem
1136 3930 1205 3986 ad
1248 3930 1368 4000 ejus
1397 3945 1602 3984 annum
1641 3930 1729 3994 36,
1763 3930 1841 3984 al—

265 4034 382 4081 tera
407 4035 530 4095 post
556 4025 786 4095 primum
814 4023 1002 4080 Numa:
1031 4022 1425 4080 referebantur.

339 4117 475 4175 Ibid.
503 4118 689 4171 Annus
707 4131 843 4169 unus
863 4115 1124 4183 expletus.
1141 4112 1531 4172 Accensendus
1554 4113 1641 4169 hic
1663 4128 1842 4170 annus

261 4218 351 4265 est
386 4206 546 4264 annis
578 4203 791 4268 Numae,
820 4205 974 4270 cuius
999 4205 1135 4261 adeo
1172 4205 1366 4259 tertius
1383 4214 1692 4273 opponatur
1720 4204 1838 4260 Ma-

260 4299 444 4353 nassis
472 4298 673 4365 primo.
699 4294 760 4350 In
797 4293 1166 4364 Scaligeriana
1195 4294 1459 4358 editione,
1516 4304 1642 4364 post
1672 4296 1832 4350 verba

257 4391 616 4458 interregnum
643 4387 990 4456 appellatum,
1027 4392 1248 4456 ponitur
1282 4387 1549 4447 iumedio
1587 4399 1605 4444 ζ
1659 4387 1834 4453 Sena-

260 4492 401 4536 tores
433 4497 572 4534 anno
613 4497 739 4534 uno.
773 4480 910 4532 Tum
963 4479 1157 4534 ordine
1205 4480 1446 4546 inverso,
1476 4478 1834 4538 Romanorum

1947 3279 2248 3334 secundum
2282 3280 2736 3344 Lacedaemonios
2766 3283 3052 3341 dederunt.
3105 3285 3399 3341 Historiam
3449 3287 3525 3343 ita

1947 3373 2114 3428 refert
2149 3372 2471 3428 Plutarchus
2519 3387 2586 3428 ex
2635 3375 2972 3443 Cbrysermo
3006 3377 3061 3431 in
3098 3376 3401 3434 Parallelis.
3443 3379 3521 3434 Ea

1946 3464 2012 3519 de
2038 3479 2198 3518 causa
2235 3477 2458 3517 ventum
2487 3463 2688 3519 iterum
2745 3465 2914 3521 fuisse
2965 3467 3034 3520 ad
3081 3481 3256 3531 arma,
3290 3476 3525 3523 testatur

1947 3553 2164 3618 Snidas,
2197 3554 2515 3626 Othryades,
2551 3556 2828 3627 inquiens,
2857 3561 2911 3611 in
2947 3575 3112 3614 causa
3147 3561 3275 3627 fuit,
3306 3571 3362 3614 ut
3416 3561 3522 3615 La-

1945 3649 2252 3701 ccdwmonii
2283 3647 2490 3718 (πάλιν)
2523 3648 2714 3702 iterum
2733 3648 2798 3702 de
2822 3649 3024 3719 Thyrea
3055 3660 3319 3704 certamen
3349 3651 3524 3706 susci-

1943 3751 2150 3806 perent,
2203 3756 2266 3793 ac
2294 3740 2478 3807 prwlio
2529 3742 2808 3796 commisso
2840 3742 3118 3796 victoriam
3162 3751 3519 3810 reportarent.

1945 3829 2056 3885 [loc
2081 3840 2162 3885 cst
2193 3847 2359 3900 porro
2393 3832 2617 3898 bellum,
2637 3833 2784 3901 quod
2821 3833 3128 3889 Herodotus
3165 3835 3259 3890 lib.
3284 3851 3324 3900 t,
3349 3834 3518 3901 n.82,

1945 3935 2068 3976 Cum
2097 3919 2381 3990 superiore
2416 3938 2594 3993 pugna
2615 3924 2706 3978 illa
2741 3933 3109 3980 trecentorum
3137 3927 3355 3980 videtur
3384 3943 3518 3982 con-

1945 4014 2193 4080 l‘undcre,
2228 4017 2479 4073 scribens
2517 4017 2770 4072 Croesum
2795 4018 3059 4072 Sardibus
3089 4033 3121 4073 a
3153 4019 3292 4090 Cyro
3325 4021 3520 4075 obses-

1943 4123 2067 4164 sum
2105 4110 2378 4178 suppetias
2417 4125 2446 4163 a
2477 4107 2905 4166 Lacedaemoniis
2931 4112 3226 4180 impetrare
3277 4129 3387 4168 non
3424 4129 3520 4184 po-

1943 4203 2144 4263 tuisse,
2186 4203 2330 4270 quod
2381 4212 2567 4256 essent
2603 4203 2658 4257 id
2697 4205 2957 4272 temporis
2999 4205 3138 4259 bello
3187 4205 3520 4276 Thyreaticn

1943 4294 2220 4362 occupati.
2255 4293 2412 4360 Quod
2435 4309 2562 4348 cum
2597 4294 2844 4365 Scaliger
2872 4310 2982 4350 non
3017 4299 3514 4365 animadvertisset,

1942 4385 2195 4442 debuisse
2218 4387 2294 4440 ait
2317 4387 2798 4459 Eusebium,juxta
2831 4386 3089 4444 Herodoti
3117 4391 3514 4456 testimonium,

1946 4474 2145 4530 bellum
2181 4475 2328 4530 istud
2381 4475 2438 4530 in
2491 4477 2665 4531 Croesi
2726 4484 2973 4546 tempora
3013 4478 3310 4533 conferre:
3352 4495 3520 4549 quem-

255 4574 517 4628 secundus
551 4571 754 4640 Numa,
805 4572 895 4640 qui
941 4579 990 4625 et
1021 4571 1316 4640 Pompilius
1348 4574 1505 4628 annis
1543 4573 1651 4639 40;
1691 4573 1836 4628 unde
1868 4567 1908 4578 “’
1942 4583 2066 4623 cum
2101 4567 2308 4624 scribat
2334 4569 2496 4638 longo
2534 4568 2752 4624 abhinc
2778 4570 3066 4625 intervallo
3105 4582 3342 4641 captum,
3369 4587 3526 4626 anno

257 4678 312 4721 et
332 4668 621 4734 separatim
644 4674 960 4721 numeratur
985 4663 1312 4720 Senatorum
1341 4680 1540 4729 anuus,
1574 4676 1628 4719 et
1649 4664 1836 4719 Numa:

256 4759 362 4813 soli
384 4757 454 4811 40
493 4757 813 4815 tribuuntur
840 4772 857 4815 :
896 4756 1131 4825 denique
1163 4767 1216 4812 et
1243 4755 1366 4825 ejus
1389 4757 1692 4821 secundus,
1725 4771 1832 4810 non

259 4852 478 4915 tertius,
533 4851 710 4918 primo
758 4849 1023 4906 Manassis
1066 4849 1380 4918 opponitur.
1421 4848 1652 4917 Prosper
1706 4863 1833 4904 eum

256 4940 502 4996 Pontaco
547 4942 697 4998 facit.
740 4941 941 4998 Verum
977 4957 1043 4996 es
1108 4942 1365 5010 sequenti
1421 4928 1567 4995 'Tulli
1618 4939 1832 4996 Hostilii

256 5049 530 5090 annorum
559 5034 970 5103 supputatione,
999 5031 1094 5088 ubi
1113 5032 1231 5099 ejus
1251 5047 1428 5086 annus
1451 5030 1514 5084 17
1543 5033 1834 5101 opponitur

256 5125 437 5193 primo
478 5123 780 5188 Ammonis,
815 5123 909 5193 qui
943 5133 1025 5177 est
1059 5133 1286 5192 quartus
1312 5122 1639 5190 Olympiadis
1664 5122 1830 5178 trice-

255 5222 434 5280 simae,
482 5217 643 5284 plane
697 5216 1016 5272 econtrario
1049 5214 1426 5282 consequitur,
1463 5214 1700 5283 primum
1733 5229 1832 5268 an-

257 5325 385 5364 num
422 5307 608 5364 Numae
642 5323 708 5362 ne
735 5323 858 5362 cum
897 5310 1072 5376 primo
1109 5305 1328 5373 quidem
1374 5303 1643 5360 Manassis
1695 5320 1830 5362 con-

254 5413 504 5460 currere,
541 5398 636 5454 sed
669 5413 792 5452 cum
819 5397 891 5451 28
921 5397 1035 5451 sive
1077 5394 1380 5464 peuultimo
1418 5395 1688 5460 Ezechiae,
1735 5396 1828 5465 qui

253 5504 382 5546 eum
411 5489 715 5557 praecessit.
756 5488 822 5546 Et
870 5489 1138 5558 siquidem
1173 5486 1406 5542 Romulo
1438 5487 1509 5544 '58
1536 5489 1670 5545 anni
1697 5490 1828 5543 dan-

254 5591 366 5646 tur,
393 5583 516 5652 ejus
554 5583 761 5652 primus
823 5596 928 5636 non
962 5595 1086 5636 cum
1123 5580 1338 5650 quinto,
1373 5579 1468 5636 sed
1502 5595 1627 5635 cum
1676 5592 1830 5636 sexto

252 5675 462 5730 Achazi
492 5677 798 5733 conveniet.
843 5673 966 5730 Vid.
1020 5675 1162 5729 infra
1209 5676 1275 5730 ad
1307 5690 1435 5730 ann.
1488 5675 1550 5729 ΓΙ
1591 5673 1826 5729 Hostilii.

256 5767 330 5822 De
384 5766 476 5820 illo
533 5778 714 5823 autem
753 5768 1064 5837 interregno
1117 5777 1239 5838 post
1292 5767 1582 5823 Romulum
1628 5767 1829 5822 videsis

1941 4657 2120 4725 primo
2143 4657 2472 4729 Olympiadis
2516 4661 2989 4731 quinquagesimae
3025 4677 3204 4725 nonas,
3239 4662 3513 4733 ingentem

1940 4748 2430 4804 anachronismum
2482 4757 2692 4807 tantum
2722 4767 2831 4805 non
2877 4751 2925 4806 ei
2967 4751 3308 4820 singillatim,
3365 4762 3526 4808 certe

1937 4833 2157 4913 quidem
2191 4845 2507 4900 auctoribus
2553 4861 2692 4915 quos
2720 4855 2946 4900 secutus
2990 4852 3094 4911 est,
3120 4845 3292 4915 culpze
3321 4847 3513 4902 vertit.

1937 4935 2204 5006 Intelligis
2248 4946 2381 5005 pulo
2414 4951 2518 5004 qua
2549 4937 2748 5006 injuria
2783 4953 2799 4990 :
2833 4951 2992 5006 quem
3023 4936 3168 4991 enim
3195 4937 3313 5006 ipse
3337 4938 3524 4992 adrui-

1936 5027 2007 5081 sit
2036 5027 2088 5081 in
2122 5027 2536 5097 interpretando
2567 5027 2864 5096 Herodoto,
2912 5043 3157 5084 errorem
3201 5029 3327 5084 aliis
3351 5033 3519 5084 attri-

1937 5118 2074 5173 buit.
2102 5119 2370 5174 Caeterum
2414 5118 2558 5173 haud
2599 5119 2831 5174 multum
2875 5119 3131 5175 aberrant
3183 5123 3250 5177 ab
3288 5119 3517 5175 Eusebii

1936 5211 2256 5266 recensione
2287 5211 2402 5274 alii,
2431 5221 2485 5266 et
2507 5227 2630 5266 cum
2652 5213 2841 5280 primis
2871 5211 3168 5267 Pausanias
3193 5214 3244 5265 in
3277 5212 3515 5266 Laconi-

1937 5303 2017 5357 cis
2053 5321 2102 5357 c.
2128 5303 2177 5366 7,
2203 5302 2318 5368 ubi,
2345 5302 2634 5373 Regnantc,
2667 5304 2775 5368 ait,
2789 5301 3116 5369 Theopompo
3133 5305 3269 5357 inter
3289 5303 3514 5371 Argivos

1935 5405 1981 5448 et
2015 5395 2444 5451 Lacedaemonios
2477 5399 2540 5451 de
2579 5397 2901 5468 Thyreatum
2933 5399 3130 5468 ﬁnibus
3171 5400 3503 5452 dimicatunr.

1938 5487 2161 5543 Solinus
2207 5505 2262 5546 c.
2308 5490 2376 5544 l5
2428 5489 2678 5545 laudatus
2707 5492 2870 5545 etiam
2905 5490 3201 5558 Scaligero,
3259 5499 3510 5543 recenses

1936 5591 2063 5636 ante
2085 5596 2259 5636 annos
2282 5580 2450 5638 ferme
2482 5583 2776 5648 sexdecim,
2811 5585 2854 5638 si
2887 5583 3048 5636 modo
3081 5590 3274 5636 vacant
3306 5583 3515 5635 mendo

1937 5672 2232 5727 nurnerica:
2259 5681 2426 5735 notae,
2450 5674 2540 5728 ubi
2576 5675 2794 5744 legitur,
2827 5673 3173 5737 Cardamilw,
3218 5674 3306 5725 ubi
3333 5690 3509 5743 quon-

1935 5767 2060 5819 dam
2090 5767 2189 5838 fuit
2224 5763 2454 5837 Thyrea,
2489 5783 2624 5821 nunc
2656 5767 2797 5820 locus
2841 5765 3079 5818 dicitur;
3124 5764 3179 5816 in
3215 5781 3315 5832 quo
3363 5781 3510 5818 anno
