1982 3093
248 169 300 199 9η

877 170 1082 202 VALLARSII
1103 172 1223 203 NOTAE.
1792 182 1831 214 {Oi

250 225 284 255 Π
297 227 373 261 regni
390 226 496 254 Romuli
512 227 581 253 inter
594 225 714 253 Laconas
730 230 754 253 et
769 226 880 262 Argivos
903 235 1033 254 memora-
1048 228 1069 255 Α
1084 234 1113 254 se
1137 232 1226 255 tamen
1252 228 1390 264 Marpesso
1403 229 1519 258 Troadis
1535 231 1600 259 urbe
1622 236 1708 261 natam
1731 240 1831 267 testatur.

251 273 302 299 bile
317 273 365 307 fuit
383 273 490 299 bellum.

286 318 345 345 Col.
361 318 424 345 359.
441 318 601 346 Cundaules.
618 318 756 346 Herodoto
780 318 828 354 lib.
844 326 864 351 ι.
879 326 903 346 c.
915 319 946 352 ﬂ,
966 319 1035 346 dici-

251 368 319 391 tur:
340 363 468 390 Sardium
493 372 550 395 rex,
573 372 648 398 quem
679 364 763 390 (ἐνωεί
785 364 926 399 Myrsilum
949 365 1035 391 nomi-

251 416 328 442 nant,
347 411 431 437 tilium
446 411 551 437 scilicet
573 410 667 445 Myrsi.
686 410 785 437 Confer
802 410 935 438 Justinum
952 411 996 437 lib.
1013 419 1032 444 t,

250 463 275 482 c.
296 456 328 489 7;
343 455 501 483 Ciceronem
515 456 548 489 de
566 456 671 483 Ofﬁciis
686 456 732 483 lib.
751 464 794 487 tu,
808 463 870 490 eap.
885 455 912 488 9,
928 460 955 483 et
968 455 1034 482 Plu-

250 504 376 530 tarchum
394 504 419 530 in
436 503 595 539 Symposio.

287 548 354 576 ibid.
375 547 513 575 Manasses
529 549 622 583 impius
634 553 749 575 statuam
764 557 839 576 suam
848 549 946 581 “posuit
958 548 1035 583 quiu-

252 601 300 627 que
315 594 396 627 faciec
424 594 570 621 habentem.
601 594 784 621 Simulacrum
811 594 877 621 illud
906 599 1033 629 quatuor,

254 646 307 665 non
322 639 444 672 quinque
463 639 599 667 frontibus
616 641 779 667 instructum
798 640 892 672 fuisse,
910 645 938 667 ut
961 640 1036 667 scili-

253 689 295 711 cet
324 684 507 719 ingredientes
525 685 654 719 templutn
676 685 800 719 ‘undique
816 685 981 715 intueretur,
1003 692 1035 711 ac

254 739 349 757 omnes
363 736 470 764 cogeret
487 731 519 758 ad
544 732 725 764 adorandum,
748 732 856 758 tradunt
880 732 936 758 alii.
953 731 1035 758 Basil.

254 775 335 802 Hom.
354 775 388 802 de
403 776 499 810 posuit.
525 776 750 812 Τετραπρόσωπα
769 777 866 803 εἴδωλα
881 781 978 804 vocat:
1001 776 1036 803 ita

252 820 408 853 Cedrenus,
434 822 586 856 Synt‘ellus.
600 823 708 854 Suidas,
723 828 774 849 etc.

288 867 356 894 ibid.
369 867 486 894 Taranis
504 877 549 897 an.
559 868 604 895 90.
623 868 670 896 llic
685 870 728 896 ille
737 874 777 896 est
792 874 895 910 npm‘r,
912 869 1036 901 Tir/tace,

253 919 300 942 aut
308 915 438 947 Tliaraca,
452 915 498 948 qui
508 915 540 942 iV
555 915 656 947 Regum
672 923 732 950 cap.
743 924 788 943 xu
799 922 824 944 et
838 916 914 943 Isaiae
926 924 1017 943 xxxvtl
1028 936 1036 948 ,

254 960 308 987 Rea:
321 961 427 993 Cusclti,
454 958 510 988 sive
523 960 667 995 Ethiopim
692 962 802 993 dicitur,
827 968 854 989 et
868 963 1036 997 processisse,

255 1010 423 1041 utpngnarel
449 1011 541 1033 contra
569 1006 801 1039 Semmclteribum,
819 1008 920 1035 iasdere
943 1016 1038 1043 nempe

254 1053 321 1079 inito
347 1060 407 1079 cum
435 1059 497 1085 rege
525 1051 645 1087 Egypti.
674 1052 741 1079 Eum
772 1052 908 1087 Josepbns
935 1053 1036 1089 Θαρσι-

254 1106 306 1132 κην
326 1103 403 1123 vorat
417 1097 551 1131 Antiquit.
568 1098 614 1124 lib.
634 1106 661 1130 x,
678 1105 739 1132 cap.
754 1106 774 1130 ι,
792 1098 890 1125 mendo
918 1103 947 1125 ut
961 1099 1037 1125 vide-

254 1149 298 1170 tur
324 1143 447 1174 librario,
476 1151 524 1177 pro
552 1144 701 1179 Tapa'tqu;
733 1144 859 1171 Manctho
892 1144 1036 1176 Taracum,

246 1184 355 1214 ‘Slrabo
376 1187 545 1214 Tcareanem.
568 1188 682 1215 Pra‘stat
714 1196 777 1216 vero
803 1189 875 1217 hunc
896 1194 1036 1217 auctorem

256 1234 303 1260 lib.
321 1242 339 1266 t,
358 1242 417 1269 pag.
431 1234 493 1266 i06,
508 1240 589 1269 atque
609 1235 706 1261 iterum
725 1235 774 1262 lili.
799 1244 832 1262 xv
859 1236 909 1263 sub
929 1236 1036 1263 initium

253 1281 338 1311 adire,
361 1280 678 1318 qttandoqitideimhaitd
708 1282 765 1309 scio
780 1290 844 1309 num
868 1283 1037 1310 exoticorum

247 1326 416 1359 Scriptorum
435 1326 504 1353 alius
523 1331 604 1353 tantae
619 1327 697 1354 famze
724 1328 794 1362 regis
811 1328 975 1355 meminerit.
997 1328 1037 1355 ibi

254 1371 298 1397 ille
317 1371 475 1398 Tearconem
490 1371 639 1406 .Etln'opem
655 1381 734 1407 usque
746 1373 773 1399 in
789 1373 924 1408 Europam
934 1383 1038 1408 proces-

254 1416 318 1443 sisse
334 1417 435 1449 tradit;
448 1417 518 1451 quod
539 1422 627 1444 tamen
641 1425 702 1444 cum
721 1419 860 1446 strictttris
872 1420 975 1454 aliquot
990 1427 1038 1446 ac-

254 1463 408 1494 eipiendutit
427 1466 478 1494 est,
506 1461 754 1499 Schurzileisrhius
774 1463 822 1491 ait.
846 1463 921 1491 lianc
947 1465 1039 1499 perio-

255 1508 332 1533 cliain
351 1509 455 1541 primus
472 1507 610 1535 Palatinus
637 1508 744 1540 scribit,
763 1508 898 1536 Tarae/tu:
914 1518 924 1538 ε
947 1509 1037 1537 Sebico

255 1552 402 1585 interfecto,
427 1552 561 1588 Egyptiis
586 1555 704 1588 regnarit
731 1557 809 1581 annis
833 1555 878 1587 20,
896 1556 921 1583 in
938 1556 1038 1591 eclogis

254 1599 427 1630 Eusebianis,
446 1599 577 1634 Ταράκης
596 1606 718 1633 vocatur,
747 1606 826 1634 prout
841 1601 923 1628 etiam
940 1606 982 1629 est
1009 1603 1035 1629 in

256 1645 393 1678 Syncello.
419 1645 459 1670 Ab
474 1643 615 1677 Africano,
632 1646 702 1680 apud
729 1647 853 1673 eumdem
869 1647 1035 1682 Syncellum,

255 1690 363 1724 Τὰρκος
381 1694 562 1722 nuncupatur,
572 1697 653 1725 atque
667 1699 714 1725 per
729 1691 913 1727 duodeviginti
929 1698 1032 1721 tantum

256 1743 341 1762 annos
360 1736 507 1768 imperasse
526 1738 695 1770 perhibetur,
715 1742 743 1766 ut
768 1745 831 1772 pota
849 1740 1036 1767 rescinderen-

258 1785 301 1806 tur
322 1780 364 1806 liic
377 1781 429 1807 duo
442 1781 490 1813 illi,
507 1788 575 1815 quos
597 1782 720 1810 Set‘eclio
738 1791 820 1818 supra
842 1784 1036 1817 snperaddidc-

254 1831 307 1858 rat,
325 1828 399 1853 anni.

290 1871 360 1898 ibid.
377 1871 467 1898 Numa
484 1872 630 1907 Pompilius
645 1882 714 1901 anno
731 1875 795 1901 duos
812 1883 910 1902 menses
924 1876 1035 1910 addidit,

255 1915 322 1943 Jan.
349 1922 372 1943 et
392 1917 482 1949 μων..
496 1927 554 1944 eum
569 1924 631 1946 ante
653 1920 710 1947 ltoc.
727 1920 899 1948 Vetustiores
914 1923 980 1949 editi
1004 1924 1038 1949 li-

257 1963 309 1995 bri,
327 1967 352 1989 ct
369 1963 452 1990 Palat.
466 1965 568 1998 primtts
585 1973 636 1992 tus.
657 1972 718 1992 ante
731 1967 810 1998 hunc,
826 1967 928 1994 ferunt.
950 1968 1037 1997 Scali«

256 2015 304 2042 ger
317 2009 437 2038 antehac.
456 2012 502 2043 qui
518 2014 575 2036 tttm
598 2011 668 2038 male
685 2012 777 2043 verba,
796 2013 861 2039 adeo
878 2018 906 2039 ut
930 2014 1038 2042 ultimus

257 2052 398 2080 December
416 2054 558 2087 ditaretur,
577 2057 769 2089 praetermittit.
785 2057 922 2085 Postrema
947 2065 1037 2087 autem

256 2097 312 2129 illa,
329 2097 438 2124 Nullum
452 2106 509 2125 cum
523 2100 644 2133 ﬁnitimis
658 2100 755 2128 bellum
767 2103 853 2136 gessit,
872 2103 935 2130 hinc
945 2105 1038 2131 avulsa

257 2143 380 2177 proxime
397 2151 411 2170 a
428 2144 516 2178 primo
533 2144 627 2172 Numas
650 2154 722 2174 anno
735 2149 858 2175 ascribit.
876 2149 941 2181 Qua.-
957 2150 1039 2177 fuerit

256 2190 320 2216 anni
340 2191 373 2220 ali
392 2191 441 2217 hoc
458 2199 520 2226 rege
531 2193 646 2219 curret-ti
664 2197 744 2227 atque
759 2195 831 2221 aucti
850 2196 931 2227 ratio,
949 2195 1039 2224 disces

1085 272 1330 302 Scliurzlleiscbius
1347 274 1396 306 ait,
1423 274 1571 303 Historiam
1587 277 1619 305 de
1640 277 1772 314 lieropbila
1789 283 1833 316 pri-

1084 326 1146 345 mus
1161 319 1303 347 Palatinus
1317 320 1349 347 ad
1364 323 1562 360 praecedentem
1578 331 1651 351 num.
1668 325 1730 353 1504
1752 329 1834 361 retulit,

1085 365 1261 399 scripsitque,
1278 366 1381 401 Sibylla
1398 368 1503 401 Samia,
1516 369 1584 403 {qum
1597 375 1621 396 et
1637 371 1767 406 Herophile
1778 375 1837 403 dice.

1086 410 1174 440 batur,
1188 411 1298 445 insignis
1311 412 1431 440 habetur.
1447 412 1567 441 Samiam
1585 421 1658 449 putat
1670 416 1785 452 Sibyllam
1797 419 1838 446 Eu-

1085 454 1178 481 Sebius
1195 460 1222 482 et
1247 455 1437 489 Cassiodorus,
1456 454 1557 485 dictam
1574 459 1657 487 fuisse
1689 461 1838 496 Herophilen,

1086 496 1176 531 secus,
1189 508 1269 533 quam
1280 501 1325 527 alii
1336 502 1430 529 volunt
1447 511 1454 536 ;
1468 502 1567 531 Suidas
1577 505 1659 538 enim,
1669 506 1694 533 in
1704 507 1838 543 ΗΡΟΦΙΔΙΙ,

1085 545 1254 580 Erythrmant
1274 547 1310 574 ita
1329 548 1491 582 appellatam
1508 558 1569 578 esse
1584 553 1689 579 asserit.
1711 552 1756 580 Per
1769 554 1839 581 Hero-

1085 592 1186 625 philam
1207 592 1360 627 Delpliicam
1379 594 1514 622 intellexit
1530 596 1651 629 Solinus,
1668 598 1710 625 cui
1726 603 1841 629 consentit

1086 637 1247 670 Pausanias,
1259 638 1371 666 Phocic.
1381 647 1442 674 cap.
1460 641 1504 673 12,
1517 643 1563 676 qui
1580 650 1639 669 eam
1653 642 1763 677 Trojano
1775 646 1839 673 etiam

1085 681 1191 709 excidio
1205 683 1389 718 antiquiorem
1411 686 1486 713 fecit.
1503 686 1627 714 Addatur
1653 693 1680 714 et
1698 687 1804 722 Scaliger
1815 692 1840 717 ad

1086 726 1184 754 Tibulli
1200 728 1248 755 lib.
1269 737 1299 760 ιι,
1318 730 1387 765 eleg.
1403 731 1429 762 5,
1446 732 1492 758 ubi
1510 731 1653 760 Pausania:
1677 734 1746 761 locus
1767 743 1842 762 recen-

1085 778 1171 805 setur,
1186 779 1212 801 et
1232 782 1291 809 quae
1307 776 1339 803 ad
1366 777 1501 812 ἐπιτομὴν
1517 778 1621 813 χρόνων
1633 780 1841 808 Casaubonianam

1086 819 1215 847 diximus.
1229 821 1328 848 Eadem
1341 823 1398 849 haec
1410 819 1539 857 periocha
1556 824 1627 851 inira
1644 834 1745 860 quoque
1762 828 1789 854 ad
1803 836 1842 855 nu-

1088 872 1191 892 merum
1209 866 1276 894 1549
1302 867 1426 901 habetur,
1444 877 1523 903 quam
1545 874 1636 897 tamen
1650 871 1749 905 primus
1762 871 1842 899 Palati-

1053 902 1075 932 Β
1089 919 1141 938 nus
1157 912 1189 938 ad
1205 919 1281 939 num.
1300 913 1364 939 4551
1384 902 1535 941 transtulit.

1101 954 1106 960 ’
1122 957 1181 985 Col.
1198 957 1261 985 361.
1278 957 1444 997 Nicomedia
1459 960 1566 987 condita
1588 970 1646 996 quia
1671 964 1739 997 prius
1753 964 1842 992 Artaciis

1087 1004 1239 1030 vocabatur.
1261 1003 1365 1031 Dixisse
1382 1006 1512 1033 debuerat
1539 1007 1684 1041 Eusebius,
1712 1009 1771 1041 ρυω
1790 1019 1843 1037 nunc

1089 1048 1254 1080 Nicomedia,
1281 1054 1360 1077 antea
1381 1052 1496 1079 Actaeus
1521 1053 1670 1087 dicebatur,
1689 1055 1745 1081 urb:
1758 1056 1842 1081 condita

1088 1098 1138 1121 est.
1155 1094 1306 1122 Trebellius
1334 1096 1420 1123 Pollio
1445 1098 1470 1124 in
1504 1097 1631 1126 Gallieno
1657 1107 1680 1127 c.
1698 1099 1735 1128 ιε
1760 1100 1843 1135 Scytha

1088 1140 1224 1172 Astacum,
1243 1148 1302 1175 qua:
1317 1147 1405 1175 postea
1417 1142 1574 1170 Nicomedia
1588 1145 1658 1171 dicta
1672 1151 1716 1178 est,
1734 1146 1843 1172 incensam

1087 1186 1201 1220 graviter
1227 1192 1407 1215 vastaverunt.
1433 1189 1476 1221 Et,
1493 1190 1624 1217 Astacum
1654 1196 1735 1217 secuto
1751 1196 1844 1225 tempore

1089 1230 1270 1259 Nicomediam
1286 1241 1302 1260 a
1313 1242 1371 1268 rege
1395 1237 1621 1269 cognominatam.
1636 1236 1737 1265 Videsis
1760 1238 1844 1265 Salma-

1088 1277 1165 1314 siumv
1184 1278 1211 1305 in
1229 1279 1301 1306 hunc
1323 1280 1422 1308 locum.
1444 1280 1546 1309 Tamen
1565 1283 1620 1309 etsi
1651 1283 1743 1311 Strabo
1756 1283 1795 1310 lib.
1816 1291 1843 1310 lli

1088 1322 1211 1351 diversas
1227 1324 1309 1352 fuisse
1326 1326 1405 1354 urbes
1420 1326 1485 1354 istas
1502 1328 1604 1362 innuit,
1624 1329 1668 1356 ubi
1686 1320 1722 1357 ait
1734 1330 1839 1357 Astacum

1089 1370 1183 1399 urbem
1201 1378 1215 1397 a
1236 1371 1398 1406 Lysimacho
1423 1373 1553 1407 deletam,
1584 1380 1665 1410 atque
1686 1376 1741 1410 ejus
1763 1376 1845 1404 incolas

1089 1415 1275 1444 Nicomediam
1291 1419 1437 1446 translatos
1456 1427 1463 1446 :
1488 1420 1530 1447 cui
1548 1425 1576 1448 et
1597 1421 1781 1449 Constantinus
1795 1421 1845 1449 Por-

1089 1463 1272 1498 pltyrogeneta
1288 1464 1322 1492 de
1336 1464 1433 1493 Them.
1450 1466 1496 1493 lib.
1512 1474 1532 1498 ι,
1544 1475 1570 1494 c.
1587 1459 1614 1500 5,
1628 1468 1712 1496 i'ernte
1724 1467 1845 1496 consentit.

1090 1508 1278 1537 Conferendus
1291 1510 1360 1537 idem
1381 1504 1479 1539 Strabo
1491 1513 1547 1540 -lib.
1561 1521 1603 1546 vr,
1622 1519 1649 1541 et
1668 1514 1810 1542 Eustathius
1820 1514 1844 1540 ad

1091 1554 1250 1590 Dionysium
1266 1564 1291 1583 ν.
1318 1556 1382 1584 577.
1398 1558 1578 1586 Denominata
1604 1560 1703 1587 dicitur
1716 1560 1846 1588 Nicomedia

1092 1599 1265 1628 aNicomede
1287 1609 1359 1637 rege,
1385 1611 1439 1630 non
1464 1603 1566 1632 Prusiae
1591 1605 1709 1640 quidem,
1733 1610 1760 1632 ut
1783 1605 1846 1639 vulgo

1092 1651 1199 1681 putant,
1229 1652 1314 1681 patre,
1343 1649 1392 1675 sed
1419 1656 1497 1676 avo:
1528 1651 1663 1685 siquidem
1694 1659 1751 1678 vere
1774 1650 1847 1678 docuit

1093 1692 1255 1720 Vaillantius
1274 1693 1301 1719 in
1329 1693 1445 1721 istorum
1473 1701 1566 1729 regum
1595 1696 1706 1724 historia
1731 1704 1760 1723 ex
1783 1703 1846 1723 nunt-

1093 1739 1158 1769 mis,
1177 1738 1313 1773 docetque
1343 1739 1401 1774 ipse
1425 1740 1562 1773 Memnon,
1593 1750 1626 1769 ex
1654 1741 1796 1773 Nicomede,
1811 1740 1846 1776 qui

1093 1783 1206 1817 Zipmtze
1224 1784 1297 1812 illius
1314 1785 1375 1818 luit,
1397 1790 1487 1813 natum
1503 1786 1610 1821 Zelani,
1639 1789 1714 1823 cujus
1736 1788 1797 1815 ﬁlius
1816 1792 1847 1814 est

1092 1829 1205 1856 Prusias

1128 1875 1185 1902 Col.
1200 1875 1262 1902 56L
1283 1875 1383 1903 Diocles
1410 1875 1541 1913 [Dejoces]
1566 1877 1731 1906 Ecbatana»:
1744 1879 1847 1906 condidit.

1093 1921 1149 1948 illic
1169 1921 1277 1948 demum
1308 1929 1390 1949 verus
1423 1925 1582 1958 primusque
1599 1924 1733 1952 Medorum
1753 1933 1791 1952 rex
1807 1930 1847 1957 est,

1093 1976 1173 2003 quem
1198 1969 1249 1996 sibi
1271 1969 1340 1996 Medi
1358 1970 1546 2004 pra-iecerunt,
1561 1971 1625 1999 cum
1643 1981 1695 1999 non
1712 1974 1744 2000 ita
1767 1974 1848 2007 pridem

1093 2014 1119 2041 in
1136 2014 1287 2042 libertatem
1315 2022 1345 2042 se
1360 2015 1553 2044 vindicassent.
1573 2018 1613 2045 lla
1645 2018 1848 2053 locupletissimus

1093 2065 1190 2086 auctor
1214 2059 1367 2088 Herodotus
1392 2062 1476 2089 sentit
1500 2062 1548 2090 lib.
1570 2071 1589 2097 ι,
1604 2072 1631 2090 n.
1648 2064 1692 2098 96,
1714 2072 1785 2098 quem
1802 2069 1849 2091 lan-

1093 2105 1165 2136 dem,
1189 2105 1300 2132 Castore
1329 2114 1361 2133 ac
1387 2106 1477 2134 Ctesia
1505 2108 1597 2136 valere
1619 2110 1713 2144 jussis,
1738 2109 1848 2137 Eusebius

1092 2158 1201 2185 quoque
1216 2156 1311 2179 noster
1337 2152 1469 2185 sequitur.
1488 2153 1614 2182 Concinit
1640 2164 1672 2183 ex
1699 2160 1770 2192 parte
1784 2155 1848 2182 etiam

1093 2196 1236 2232 Polyaenus
1246 2198 1438 2233 Stratageinat.
1456 2200 1504 2228 lib.
1519 2208 1568 2232 vn,
1585 2210 1610 2229 c.
1630 2203 1655 2234 i,
1671 2210 1747 2237 quem
1758 2201 1847 2229 videsir.

258 2235 292 2261 :ib
304 2235 398 2262 Ovidio
419 2237 467 2263 lib.
483 2244 502 2263 ll
524 2237 629 2264 Fastor.
653 2243 735 2273 atque
754 2239 814 2273 ejus
834 2240 1036 2275 intrepretibus.
1054 2248 1076 2275 ι)
1091 2244 1163 2271 Nihil
1184 2253 1250 2273 sane
1272 2247 1455 2275 verosimilius
1482 2256 1513 2275 ac
1529 2250 1641 2284 propius
1659 2235 1692 2277 ad
1718 2249 1787 2276 ﬁdem
1808 2252 1847 2278 est.

259 2280 296 2307 De
312 2281 452 2314 congiario
468 2282 543 2316 plura
568 2282 689 2317 Scaliger
717 2285 743 2310 itt
762 2284 843 2315 notis,
865 2285 910 2311 ubi
931 2287 1038 2313 tertium

261 2334 345 2355 genus
362 2326 514 2360 ﬁglinoruni
531 2334 704 2354 nummorum
727 2329 858 2355 omissum
875 2330 923 2356 abs
943 2329 1040 2356 Hiero-

260 2378 341 2405 nymo
357 2372 482 2403 queritur
499 2382 506 2400 :
526 2373 572 2399 scd
591 2378 617 2400 et
634 2378 729 2401 auctor
742 2374 872 2402 Chronici
901 2375 1040 2404 Paschalis

258 2415 311 2442 duo
329 2421 432 2443 tantum
458 2423 599 2450 memorat,
626 2420 805 2453 praetermittit
829 2428 893 2448 vero
915 2422 1039 2450 σκύτινα.

257 2460 372 2488 Consiilc
385 2462 496 2489 Suidani
512 2463 540 2490 itt
557 2462 700 2500 Ἀσσάρια.

294 2501 351 2533 Col.
369 2507 432 2535 563.
449 2508 560 2544 Sibylla,
574 2518 632 2544 qua:
652 2515 676 2537 et
693 2512 846 2545 Herophilo.
861 2513 922 2542 Hice
946 2523 1038 2551 porro,

257 2551 280 2577 si
300 2553 364 2578 titlcs
384 2552 433 2585 ipsi
458 2561 499 2580 rcs
514 2562 577 2581 snas
595 2558 731 2583 enarranti
749 2559 901 2587 adhibenda
914 2566 966 2593 est,
993 2563 1038 2588 ditt

259 2602 321 2622 ante
340 2597 373 2623 de
399 2606 427 2624 se
452 2599 509 2632 ipsa
536 2605 650 2627 testatur
678 2603 787 2630 vixisse.
812 2604 946 2632 Nimirum
977 2614 1039 2635 ante

258 2641 373 2677 Txojntta
403 2650 545 2680 tempora;
570 2648 704 2681 siquidem
719 2650 847 2680 ilclenain
874 2653 943 2679 Asia:
959 2659 1040 2688 atque

260 2688 373 2723 Europae
399 2692 548 2725 perniciem
573 2694 631 2720 iure
650 2695 823 2728 praedixerat.
851 2697 936 2725 Aiunt
958 2700 1039 2726 etiam

259 2734 344 2762 fuisse
368 2744 427 2763 eam
455 2738 581 2764 milituam
596 2739 731 2773 Apollinis
747 2741 892 2778 Sminthei,
919 2750 945 2772 et
963 2753 1037 2773 soui-

259 2783 336 2807 nium’
361 2781 488 2815 llccnbze,
513 2784 548 2810 ita
573 2790 602 2811 ut
618 2786 656 2812 rei
669 2794 781 2815 eventus
804 2790 938 2824 probarit,
958 2791 1041 2819 fuisse

260 2826 476 2861 interpretatum.
499 2828 565 2857 Vide
583 2830 745 2860 Pausaniam
770 2835 796 2860 in
812 2835 937 2863 Pliocieis
952 2845 975 2864 c.
999 2838 1039 2866 I2.

262 2870 328 2897 Cum
343 2872 434 2899 Samia
457 2880 578 2908 vocetur,
597 2882 676 2911 atque
700 2879 726 2905 in
739 2879 821 2907 Sumo
837 2880 961 2916 insignis.
982 2883 1040 2917 ipsa

1091 2297 1174 2324 quam
1187 2290 1321 2318 defecisse
1334 2292 1426 2320 Medos
1439 2293 1473 2320 ab
1497 2293 1630 2329 Assyriis,
1647 2303 1706 2322 cum
1719 2295 1784 2322 illam
1796 2294 1847 2320 lior-

1092 2335 1197 2361 ribilem
1225 2335 1330 2362 cladem
1349 2336 1546 2365 Scnttaclieribi
1563 2337 1703 2367 audissent
1716 2347 1724 2367 :
1739 2347 1766 2366 ac
1783 2344 1849 2373 porro

1092 2379 1216 2408 Deiocetn
1246 2381 1385 2409 Pbraortm
1415 2383 1511 2416 lilium,
1539 2385 1596 2418 jam
1635 2387 1667 2412 ad
1701 2384 1846 2420 tyrannidem

1091 2426 1268 2460 aspirantem,
1299 2435 1388 2462 regem
1416 2430 1577 2463 appellasse.
1615 2430 1686 2457 Nihil
1716 2429 1845 2458 econtrario

1092 2473 1177 2507 magis
1194 2473 1365 2507 incredibile,
1383 2479 1412 2501 ut
1438 2476 1564 2509 superius
1588 2477 1762 2508 ostendimus,
1781 2482 1846 2510 quam

1092 2519 1163 2552 quod
1183 2519 1227 2545 alii
1249 2520 1369 2550 tradunt,
1385 2525 1410 2547 et
1422 2528 1483 2547 cunt
1500 2522 1595 2556 primis
1609 2522 1710 2550 Ctesias
1723 2522 1786 2557 apud
1799 2520 1848 2547 Dio-

1093 2565 1202 2596 dorum,
1220 2565 1266 2599 qui
1284 2573 1359 2600 rcges
1379 2566 1463 2594 Mcdis
1480 2573 1542 2595 ante
1563 2575 1650 2596 annos
1667 2573 1766 2595 centum
1779 2566 1844 2601 quin-

1091 2611 1221 2645 quaginta
1240 2616 1302 2638 octo
1318 2612 1401 2645 dedit,
1428 2617 1456 2639 et
1481 2614 1574 2642 decem
1594 2620 1723 2642 memorat
1737 2618 1792 2640 ante
1805 2612 1845 2646 Cy-

1092 2663 1162 2683 rum.
1181 2655 1238 2683 .lam
1256 2664 1321 2684 vero
1339 2659 1410 2692 quod
1427 2657 1533 2686 Diocles
1551 2660 1594 2686 liic
1606 2659 1742 2691 scribitur,
1759 2655 1844 2685 tametsi

1093 2702 1184 2729 minus
1198 2703 1294 2737 placet,
1308 2703 1378 2730 haud
1392 2705 1479 2730 ausim
1497 2710 1585 2731 tamen
1597 2706 1705 2732 omnino
1717 2704 1845 2738 improbare

1092 2753 1186 2775 contra
1203 2756 1269 2775 mss.
1288 2754 1369 2783 atque
1395 2750 1530 2776 editorum
1549 2751 1672 2777 codicum
1697 2756 1782 2784 magno
1805 2754 1845 2774 nu-

1094 2801 1168 2821 mero
1186 2802 1361 2827 consensum,
1372 2796 1473 2830 quibus
1486 2796 1650 2829 subiugatur
1659 2796 1745 2824 Graeca
1757 2799 1844 2829 quoque

1093 2840 1227 2874 scriptura
1248 2842 1318 2875 apud
1346 2841 1511 2876 Polymnum,
1541 2842 1682 2876 Δηῖοκλῆς.
1709 2841 1759 2869 Nec
1773 2845 1841 2868 ιπηιοιι

1094 2885 1199 2913 inlicias
1228 2887 1283 2919 ilio,
1320 2888 1422 2922 llejocis
1454 2895 1550 2916 nomen
1579 2889 1667 2916 notius
1691 2888 1768 2915 multo
1784 2890 1838 2912 esse.
