3932 6188
263 453 374 514 915

1541 459 1630 515 VA
1644 457 1955 518 LLARSII
1998 462 2238 526 ΝΟΤίΕ.

3407 479 3509 540 ἵΐϐ

261 577 456 642 Quoad
493 576 638 646 regni
662 591 864 641 annos,
891 591 998 629 uno
1021 576 1225 636 minus,
1262 575 1379 630 sive
1405 575 1549 631 solos
1571 576 1845 646 quinqua-
1874 577 1918 631 A
1948 575 2104 645 lium,
2152 593 2206 636 et
2259 585 2447 641 referri
2484 588 2634 643 aiunt
2667 588 2842 660 elligie
2879 590 2968 646 illa
3009 593 3226 662 juv'cnis
3257 595 3517 666 delphino

258 671 413 739 ginta
453 678 566 722 tres
605 668 911 721 Herodotus
947 668 1023 721 illi
1057 667 1387 737 impertitur.

341 762 483 816 Ibid.
513 761 820 824 Consentit,
849 776 1078 829 remque
1101 763 1271 827 ipsam
1306 766 1493 812 narrat
1530 757 1842 812 Herodotus

260 852 388 906 loco
446 853 651 906 dudum
715 853 983 905 laudato:
1053 849 1286 920 Imperio
1344 852 1541 919 politus
1606 849 1838 912 Deioccs,

258 945 442 999 Medos
469 944 722 1010 compulit
757 961 916 997 unum
963 944 1213 1012 oppidum
1249 943 1490 1006 condere,
1523 952 1578 994 ut
1613 944 1706 994 hoc
1735 959 1841 994 uno

259 1037 611 1099 Communito,
661 1036 892 1089 aliarum
940 1052 1045 1087 non
1078 1036 1154 1090 ita
1183 1051 1430 1104 magnam
1473 1049 1656 1086 curam
1683 1033 1843 1085 liabe-

256 1138 402 1181 rcnt.
438 1127 554 1180 Hac
585 1128 638 1180 in
672 1143 726 1180 rc
756 1127 1158 1196 obsequentibus
1186 1125 1371 1186 Medis,
1406 1128 1596 1178 ntarnia
1629 1124 1842 1193 Dejoces

254 1222 537 1276 constituit
560 1222 738 1292 ampla
769 1221 928 1276 simul
951 1228 1000 1275 et
1025 1220 1223 1282 ualida,
1250 1236 1367 1291 qua:
1396 1236 1532 1273 nunc
1569 1220 1842 1273 Ecbatana

257 1314 630 1381 appellantur.
667 1313 758 1369 Sic
786 1323 978 1366 neutro
1013 1328 1212 1382 genere
1239 1327 1302 1368 ac
1342 1313 1576 1382 plurium
1611 1323 1840 1365 numero

254 1405 436 1460 Graeci
467 1420 664 1460 vocare
696 1415 902 1459 amant.
942 1404 1331 1474 Cognominetn
1367 1404 1556 1458 urbem
1604 1403 1658 1457 in
1683 1400 1839 1473 Syria

257 1495 460 1560 fuisse,
493 1497 634 1551 idem
669 1496 976 1551 Herodotus
1002 1496 1207 1556 tradit;
1253 1495 1501 1548 meminit
1551 1493 1838 1563 utriusque

253 1586 594 1652 Stephanus,
625 1586 717 1654 qui
761 1600 791 1638 a
845 1585 1130 1640 Veteribus
1168 1583 1482 1651 ’Δγϐἀτανα
1521 1581 1623 1635 dici
1667 1589 1834 1635 testa-

255 1687 372 1731 tur.
407 1676 651 1744 Scaligcr
678 1675 868 1742 sentit,
898 1676 1262 1745 compositum
1309 1689 1504 1729 nomen
1558 1689 1679 1728 esse
1709 1689 1725 1727 :
1782 1685 1834 1728 et

253 1769 415 1836 prius
441 1771 772 1831 membrum,
802 1766 894 1829 Ec,
917 1767 998 1822 vel
1021 1767 1117 1831 Ac,
1143 1767 1603 1835 monosyllabum,
1636 1779 1830 1819 nomen

253 1859 491 1914 fortasse
522 1861 800 1928 proprium
832 1859 1110 1913 exstitisse
1144 1875 1158 1911 :
1199 1860 1428 1911 alterum
1462 1857 1682 1918 Bel/mn,
1715 1857 1829 1911 sive

251 1950 518 2009 Bait/ian.
549 1949 844 2014 Palatium,
889 1949 1003 2004 sive
1029 1950 1231 2017 regiam
1264 1949 1591 2016 signiticare.
1629 1947 1830 2002 Scribit

250 2043 416 2102 adeo.
477 2048 605 2126 Ini:
634 2049 715 2120 1N
751 2041 874 2107 sive
897 2047 1148 2128 inin-1st.
1206 2038 1339 2107 Conj
1366 2041 1437 2092 cit
1503 2039 1832 2092 econtratrio

252 2133 560 2187 Bochartus
597 2134 648 2186 in
691 2130 917 2201 Phaleg.
975 2133 1071 2184 lib.
1111 2146 1192 2194 III,
1256 2146 1305 2185 c.
1347 2131 1432 2192 H,
1490 2130 1763 2182 Ecbatana
1799 2146 1827 2183 a

248 2221 503 2274 colorum
537 2218 801 2272 varietate
851 2218 1137 2286 appellari,
1171 2219 1298 2286 quia
1344 2217 1556 2269 Persice
1599 2216 1827 2285 agbat/ia

250 2313 306 2364 id
336 2312 632 2381 signiticnt.
669 2310 832 2364 Addit
865 2325 932 2374 eo
963 2309 1166 2371 facere,
1220 2309 1363 2376 quod
1399 2308 1514 2375 ipsa
1547 2309 1828 2362 coloribus

250 2404 602 2458 interstincta
629 2402 854 2469 tiiwnia,
881 2401 1153 2455 Ecbatana
1175 2399 1508 2454 dicerentur.
1529 2399 1706 2452 Malim
1730 2414 1827 2470 ego

243 2493 514 2546 arbitrari
561 2504 667 2551 ΜΠ
717 2493 868 2562 prius
922 2491 1227 2544 menibium
1287 2505 1434 2550 esse,
1491 2488 1635 2558 quod
1676 2497 1828 2542 notat

241 2582 608 2650 splendidum,
641 2598 916 2651 magnum,
941 2579 1344 2640 admirandum,
1366 2580 1640 2641 eximium,
1669 2587 1826 2647 atque

251 2673 343 2725 bis
373 2673 597 2733 similia,
634 2672 852 2742 dicique
873 2672 1009 2725 adeo
1044 2672 1190 2724 illam
1220 2685 1288 2724 eo
1315 2671 1581 2725 vocabulo
1615 2673 1824 2742 magni-

242 2765 409 2831 ﬁcam
439 2764 659 2831 regiam.

319 2851 442 2906 Col.
475 2851 602 2906 559.
639 2849 859 2916 Croton,
888 2860 935 2904 et
973 2847 1192 2913 Parion,
1222 2862 1272 2902 et
1307 2849 1526 2921 Sybaris
1574 2851 1821 2907 conditio.

241 2937 458 2991 Nedum
493 2940 638 3008 quod
685 2939 761 2992 ait
794 2938 1065 3009 Scaliger,
1105 2948 1160 2992 et
1196 2939 1433 3005 vulgaris
1473 2937 1575 2992 t‘ert
1611 2941 1818 3007 opinio,

238 3031 442 3083 eodem
490 3029 663 3082 {crine
697 3035 940 3098 tempore
970 3043 1080 3098 quo
1132 3028 1440 3098 Syracusa',
1472 3030 1689 3082 condita
1737 3041 1821 3084 est

235 3120 446 3175 Croton
483 3134 499 3175 :
539 3120 633 3175 sed
666 3129 723 3174 et
755 3121 918 3190 paulo
954 3131 1101 3184 ante,
1136 3121 1181 3173 si
1209 3119 1463 3173 Straboni
1501 3120 1632 3174 tldes
1661 3120 1818 3174 adbi-

237 3211 422 3265 benda
451 3222 559 3276 est,
595 3211 684 3264 ubi
716 3211 792 3265 ait
825 3212 919 3265 lib.
949 3226 1022 3274 Vt,
1062 3226 1114 3278 p.
1148 3210 1275 3274 402,
1303 3226 1427 3264 cum
1451 3212 1680 3264 Archias
1709 3212 1818 3281 Sy-

240 3317 476 3357 racusas
511 3312 738 3371 peteret,
767 3302 877 3370 jam
921 3302 1202 3356 condenda
1231 3300 1809 3368 Crotone-Mysccttum

238 3392 416 3447 fuisse
445 3403 789 3462 occupatum.
834 3392 1033 3444 Parion
1093 3406 1311 3458 quoque
1349 3390 1443 3442 diu
1489 3401 1648 3442 antea
1681 3403 1812 3442 con-

229 3482 349 3536 dita
384 3482 604 3536 videtur
634 3481 936 3548 Sealigero,
970 3481 1062 3548 qui
1122 3483 1192 3534 de
1253 3481 1656 3533 instauratione
1694 3477 1831 3543 eius.

236 3575 396 3629 urbis
416 3588 726 3629 sermonem
758 3575 843 3626 hic
871 3587 1015 3636 esse,
1047 3571 1380 3634 arbitratur;
1423 3571 1640 3625 c0ndita
1663 3569 1808 3622 enim

235 3667 440 3721 dicitur
469 3663 766 3732 Stephano,
803 3662 1116 3724 Eustathio,
1154 3663 1465 3723 Ammiano,
1495 3672 1662 3729 atque
1687 3658 1812 3713 aliis

231 3773 264 3811 δ
325 3755 492 3811 Pario
540 3756 650 3810 tilio
701 3755 939 3810 Jasonis.
995 3755 1233 3824 Denique
1279 3765 1334 3807 et
1381 3752 1603 3822 Sybaris
1657 3749 1810 3806 initia

235 3854 425 3918 priora
455 3846 539 3900 bis
570 3848 840 3905 videntur,
891 3845 934 3897 si
993 3860 1178 3898 Verum
1225 3853 1332 3906 est,
1365 3842 1506 3912 quod
1560 3842 1810 3896 laudatus

232 3939 520 4014 Scaligero
573 3937 886 3991 Marcianus
941 3937 1246 4006 Pcriegetes
1309 3938 1520 4000 scribit,
1561 3949 1805 3989 eversam

237 4033 417 4095 [uisse
451 4044 483 4082 a
517 4027 875 4090 Croton’iatis,
911 4044 1033 4081 cum
1066 4031 1310 4081 Stetissct
1337 4027 1496 4081 annis
1525 4024 1652 4082 2l0.
1677 4025 1807 4095 Ejus

250 4092 358 4123 ulla

231 4113 418 4214 ᾑλίξέιιιη
448 4125 663 4176 eversio
699 4136 844 4175 anno
895 4130 1096 4189 quarto
1134 4113 1460 4190 Olympiadis
1514 4119 1581 4173 68
1629 4117 1806 4173 ascri-

235 4195 409 4284 illiti};
438 4226 469 4263 a
496 4226 606 4280 quo
653 4212 900 4263 deductis
953 4209 1058 4263 210
1094 4209 1395 4262 remanebit
1424 4217 1637 4276 tempus
1670 4221 1804 4260 con-

1946 666 2256 731 insidentis.
2297 690 2457 745 quam
2495 681 2700 733 nummi
2735 680 3160 737 Tarentinorum
3196 687 3512 754 prad‘erunt.

1943 761 2199 820 Justinus
2235 782 2326 832 eos
2371 772 2558 835 tradit,
2620 785 2874 840 occupata
2935 795 3056 830 arce
3088 777 3513 843 Tarentinorum.

1943 861 2360 930 expugnatisque
2379 866 2630 918 veteribus
2655 867 2864 930 incolis,
2891 871 3033 922 sedes
3061 870 3131 922 ibi
3155 876 3511 929 constituisse.

1946 947 2101 1003 Paria
2133 951 2292 1007 habet
2331 953 2630 1011 Pausanias
2684 959 2736 1011 in
2775 957 3047 1016 'Phoeicis
3083 979 3201 1031 cap.
3235 964 3320 1026 t0,
3349 977 3512 1035 atque

1944 1037 2058 1101 alii,
2089 1057 2229 1108 quos
2260 1043 2480 1099 laudare
2513 1048 2730 1114 longum
2765 1062 2865 1104 est.
2888 1049 3508 1115 Sclnn'zlleischiusait:

1943 1131 2271 1189 Conditores
2307 1136 2583 1193 Parthenii
2613 1152 2878 1195 vocantur
2907 1146 2956 1196 in
2997 1146 3254 1199 omnibus
3285 1149 3507 1217 scriptis

1942 1220 2118 1288 libris,
2157 1233 2210 1278 et.
2242 1226 2565 1285 Sichardiua
2591 1233 2854 1299 editione,
2889 1246 3054 1305 atque
3106 1238 3173 1290 ita
3209 1238 3512 1293 nominavit.

1941 1329 2039 1368 eos
2082 1315 2395 1374 Lactantius
2448 1322 2568 1377 libr.
2607 1339 2645 1389 ι,
2700 1341 2820 1395 cap.
2867 1326 2956 1394 ‘20,
2998 1327 3223 1392 Suidas,
3252 1339 3305 1384 et
3341 1325 3512 1401 l-lesyl-

1940 1406 2120 1470 chius.
2156 1407 2300 1464 Nihil
2333 1414 2478 1468 enim
2514 1416 2586 1470 ibi
2629 1418 3013 1485 corrigendum
3050 1433 3156 1487 est,
3188 1440 3503 1492 quanquam

1941 1499 1992 1554 id
2024 1502 2522 1562 tentetSimsonius
2542 1507 2749 1569 Chron.
2785 1514 2988 1568 cathol.
3012 1524 3154 1583 part.
3182 1532 3264 1570 ιιι.
3294 1517 3504 1587 Παρθε-

1937 1592 2083 1655 νίους
2113 1595 2256 1649 enim
2291 1599 2498 1666 spurio:
2549 1602 2843 1657 honestiori
2879 1609 3096 1659 nomine
3129 1609 3326 1671 notari,
3358 1610 3506 1677 jam-

1936 1682 2140 1738 dudum
2181 1702 2246 1741 ex
2275 1686 2510 1744 Homero
2534 1693 2926 1750 demonstravit
2957 1696 3054 1750 Dio
3080 1696 3503 1768 Chrysostomus

1934 1775 2079 1846 λόγῳ
2113 1778 2158 1843 ζ’
2201 1797 2362 1850 quem
2414 1785 2553 1840 vide.
2587 1786 2877 1858 Corcyram
2929 1791 3072 1856 quod
3104 1801 3337 1860 spectat,
3363 1794 3501 1846 satis

1860 1916 1906 1976 Β
1936 1870 2074 1925 bene
2095 1871 2328 1928 Eusebio
2351 1879 2604 1930 convenit
2628 1897 2748 1932 eum
2772 1880 3043 1936 Strabone
3069 1883 3163 1936 lih.
3195 1901 3265 1947 vr,
3292 1900 3340 1952 p.
3364 1883 3502 1940 ιιιε

1935 1961 2090 2026 Cum,
2126 1965 2325 2034 inquit,
2355 1969 2410 2020 in
2456 1967 2700 2022 Siciliam
2738 1972 3014 2040 navigaret
3049 1972 3349 2043 (Archias),
3387 1992 3504 2028 cum

1931 2063 2081 2121 parte
2103 2057 2364 2110 exercitus
2403 2058 2611 2126 reliquit
2646 2058 3058 2124 Chersicratem,
3086 2079 3246 2131 genus
3271 2065 3334 2117 ab
3367 2063 3501 2116 Iler-

1931 2147 2065 2199 culis
2105 2151 2415 2213 posteritate
2443 2149 2741 2214 ducentem,
2791 2163 2846 2204 ut
2890 2151 3202 2223 Corcyram,
3236 2171 3353 2224 ante
3380 2171 3502 2208 aute

1930 2238 2146 2292 Scheria
2179 2241 2279 2309 fuit
2320 2242 2614 2308 nominata,
2641 2254 2940 2308 occuparet.
2971 2244 3024 2298 It
3055 2246 3243 2312 igitur,
3268 2248 3498 2311 expulsis

1931 2328 2201 2394 Liburnis,
2231 2334 2466 2385 insulam
2517 2333 2769 2386 obtinuit.
2831 2333 3000 2403 Hujus
3026 2336 3252 2391 colonize
3284 2335 3500 2408 Thucy-

1926 2421 2079 2474 dides
2133 2437 2350 2490 quoque
2409 2423 2502 2476 lib.
2543 2439 2557 2477 ι
2590 2439 2698 2476 non
2733 2424 2894 2495 longe
2925 2425 2992 2479 ab
3031 2427 3187 2480 initio
3226 2431 3493 2484 meminit.

1926 2517 2062 2571 Cum
2122 2518 2314 2586 primis
2371 2533 2498 2574 Vero
2572 2519 2824 2574 laudatus
2899 2520 3178 2591 Scaligero
3233 2523 3498 2582 Diodorus

1927 2610 2106 2674 lib.v,
2143 2612 2232 2665 ubi
2284 2627 2314 2665 a
2372 2612 2724 2684 Carthaginis
2768 2613 2837 2668 ad
2893 2613 3146 2686 Corcyra:
3209 2619 3494 2672 conditum

1924 2718 2102 2756 annos
2132 2698 2327 2756 ὲκατδν
2375 2704 2640 2775 ἑξήκοντα
2677 2714 2952 2777 supputat,
2999 2723 3030 2761 a
3087 2723 3197 2777 quo
3227 2707 3496 2767 Eusebius

1841 2815 1845 2820 -
1923 2806 2128 2862 septem
2189 2805 2398 2850 tantum
2457 2797 2616 2852 anuis
2681 2798 2930 2855 abludit:
2997 2798 3263 2868 siquidem
3323 2800 3482 2869 juxta

1924 2886 2240 2942 Phoenicum
2283 2887 2523 2945 Annales
2565 2888 2840 2961 Carthago
2893 2891 3113 2946 condita
3145 2899 3228 2947 est
3261 2908 3494 2950 numero

1924 2975 2080 3034 1142.

1990 3066 2126 3124 lbid.
2155 3065 2344 3141 Gyges.
2383 3069 2538 3128 Hunc
2572 3071 2650 3128 ait
2676 3073 2986 3132 Herodotus
3002 3090 3261 3148 regnasse
3278 3078 3494 3137 duobus
3531 3059 3542 3069 ’

1920 3161 2358 3255 suprahEusebii
2415 3164 2657 3222 rationes
2711 3167 2912 3234 annis,
2966 3169 3116 3224 δυοῖν
3178 3170 3514 3255 oscitat-tt...

1839 3254 1888 3319 (ζ
1920 3253 2066 3309 ἔτεα.
2098 3253 2264 3310 Notat
2284 3270 2413 3311 vero
2436 3257 2688 3315 Clemens
2713 3259 3003 3315 Alexandr.
3034 3277 3100 3317 cx
3137 3242 3490 3334 Etiplio’r'ione

1917 3347 2335 3402 duodevicesimo
2364 3349 2662 3420 Olympiade
2711 3351 2884 3407 fuisse
2937 3354 3086 3407 illum
3128 3371 3293 3425 regno
3345 3359 3456 3426 poti
3485 3385 3510 3405 --

1918 3445 2065 3503 tum;
2099 3440 2244 3507 quod
2278 3439 2352 3494 ita
2385 3441 2594 3494 videtur
2619 3441 3012 3510 accipiendum,
3057 3453 3116 3497 ut
3141 3446 3313 3514 regni,
3341 3450 3509 3516 quod.

1917 3534 2211 3597 invaserat,
2241 3543 2352 3586 tum
2404 3531 2624 3586 demum
2673 3531 2797 3600 jure
2840 3535 3104 3588 donatum
3147 3521 3528 3628 signiﬁcatu."

1917 3624 2058 3680 Sunt
2092 3625 2350 3678 nimirum
2382 3623 2696 3693 cbronologi
2723 3625 2815 3694 qui
2851 3625 3041 3679 eodem
3073 3641 3181 3693 quo
3217 3625 3482 3685 Romulus

1916 3732 2060 3771 anno
2113 3717 2395 3781 occubuit,
2431 3715 2762 3771 Candaulem
2799 3715 2962 3788 Gygis
3019 3721 3362 3775 decessoqu
3416 3721 3486 3776 ab

1913 3811 2104 3864 eodem
2135 3809 2521 3862 obtruncatum
2559 3805 2730 3863 fuisse
2760 3816 2973 3876 putent.
3007 3807 3254 3877 Scaliger
3280 3809 3487 3882 Diony-

1915 3905 2054 3954 sium
2087 3901 2367 3956 Halicarn.
2398 3901 2601 3962 laudat.
2634 3902 2726 3971 qui
2757 3903 2895 3957 libro
2927 3906 3056 3972 πέρὶ
3083 3905 3194 3956 τῶν
3236 3905 3488 3960 Gaumit-

1911 3992 2004 4045 δου
2036 3992 2364 4062 ἰδιωμάτων,
2399 3993 2559 4046 annis
2593 3991 2743 4058 CCL,
2781 4002 2929 4063 putat
2953 3993 3022 4048 ab
3050 3993 3196 4066 Gyge
3213 3996 3280 4049 ad
3307 4006 3502 4052 trans»

1913 4085 2049 4137 itum
2076 4082 2292 4138 Xerxis.
2346 4084 2587 4153 Contigit
2629 4085 2718 4139 ille
2761 4099 2990 4139 numero
3020 4085 3181 4151 1557,
3214 4101 3246 4141 e
3272 4085 3504 4166 quibus;

1910 4176 2164 4231 dedecus
2183 4177 2310 4240 250,
2336 4190 2514 4229 annus
2542 4187 2787 4229 remanet
2837 4177 2993 4241 t297,
3026 4177 3118 4246 qui
3153 4188 3502 4246 praesentem:

226 4265 409 4356 ditus,
438 4265 582 4370 ejils,
634 4314 787 4352 num.
837 4297 999 4353 1218.
1037 4297 1233 4352 Verum
1283 4311 1407 4352 cum
1436 4265 1612 4350 deleta
1646 4304 1808 4365 atque
1905 4266 2062 4370 ξυλίίξ
2098 4266 2418 4370 Ε”ῗμίῖΙ-’ίυηξ
2453 4266 2644 4320 smmis
2668 4265 2732 4318 ει
2786 4266 3220 4370 pr‘rce‘m‘msed
3272 4267 3500 4370 linunt"

223 4399 533 4449 instaurata
569 4395 855 4464 pluSquam
889 4391 1124 4460 simplici
1147 4391 1264 4445 vice
1294 4389 1458 4443 fuerit
1490 4405 1551 4442 ea
1582 4388 1804 4452 civitas,

225 4504 394 4559 quam
429 4499 685 4542 accurate
711 4488 921 4555 possint
955 4486 1196 4539 rationes
1233 4485 1348 4538 istae
1381 4481 1636 4546 subduci,
1693 4495 1801 4535 non

222 4583 409 4636 video.
432 4578 717 4634 Postulant
742 4587 1002 4648 praeterea
1036 4577 1151 4630 haec
1173 4574 1374 4643 proprii
1399 4570 1792 4641 operislihros.
1823 4584 1879 4648 υ

224 4674 384 4737 Vide,
421 4677 468 4727 si
519 4671 684 4732 lubet,
738 4669 1072 4724 Simsonium
1119 4667 1188 4721 ad
1219 4682 1392 4720 annos
1442 4664 1604 4729 5387,
1632 4663 1794 4728 5497,

219 4765 447 4820 demum
483 4773 536 4818 et
555 4762 718 4817 5557.

290 4858 413 4917 Col.
441 4856 568 4911 36L
608 4854 658 4908 li
691 4853 780 4922 qui
826 4849 1109 4905 Parthenii
1160 4848 1481 4902 vocabantur
1516 4846 1798 4900 Tarentum

218 4951 601 5007 condiderunt.
653 4945 790 5000 Fere
847 4944 1065 5011 sacpius,
1103 4952 1160 4994 ut
1193 4954 1247 4993 et
1288 4943 1341 4993 in
1391 4938 1649 5006 Scaligeri
1685 4942 1799 4992 edi-

222 5045 374 5097 tione
405 5049 511 5104 est,
547 5037 876 5101 l’artltenite,
919 5032 1218 5102 Παρθενίαι
1255 5051 1301 5095 sq
1325 5033 1595 5098 pelautur
1628 5031 1794 5098 spurii

218 5137 325 5199 illi,
350 5147 584 5203 quorum
616 5128 924 5197 notissima,
952 5127 1166 5179 tametsi
1199 5127 1251 5178 in
1285 5122 1556 5191 aliquibus
1588 5123 1795 5176 discre-

219 5241 380 5297 pans,
417 5223 645 5278 historia
675 5231 759 5276 est
792 5219 933 5289 apud
993 5230 1227 5270 veteres.
1257 5211 1582 5268 Conferendi
1612 5222 1792 5297 tamen

220 5295 480 5388 Ephorus
523 5316 666 5384 apud
700 5311 1021 5365 Strabonem
1048 5308 1140 5360 lib.
1172 5321 1245 5367 vi,
1274 5303 1532 5357 Justinus
1568 5302 1662 5355 lib.
1700 5295 1788 5363 ιῖι,

219 5427 347 5480 cap.
375 5409 434 5471 4.
469 5417 630 5475 atque
660 5419 692 5458 e
727 5402 932 5458 nostris
955 5398 1271 5453 Lactantius
1299 5395 1605 5450 Firmianus
1631 5394 1721 5448 lib.
1751 5409 1790 5454 ι.

219 5519 348 5571 cap.
377 5502 472 5554 '20.
523 5498 791 5550 Dicuntur
829 5493 996 5547 etiam
1051 5488 1269 5558 Ephoro
1322 5485 1524 5540 dudum
1571 5484 1792 5538 laudato

219 5593 453 5662 profecti
484 5591 537 5644 itt
587 5587 818 5646 Italiam,
849 5581 1145 5636 Tarentum
1176 5577 1506 5639 condidisse,
1540 5576 1789 5638 κτίζουσι

220 5688 322 5755 τὴν
365 5685 623 5752 Τάραντα
675 5696 689 5733 :
729 5676 942 5730 tametsi
975 5671 1148 5728 Crirci
1195 5670 1282 5725 alii
1331 5670 1657 5738 sccriptores
1702 5671 1788 5721 diu

220 5791 351 5831 ante
385 5775 606 5828 illorum
639 5768 930 5821 adventum
969 5762 1251 5817 conditum
1291 5759 1441 5812 urbis
1485 5765 1734 5824 repetant
1760 5772 1790 5808 a

213 5871 456 5924 Tarante
487 5862 724 5931 quodam
762 5861 946 5916 heroe,
985 5869 1144 5918 quem
1207 5850 1426 5923 laciuntd
1462 5847 1692 5918 Neptuni
1725 5850 1785 5928 ti-

552 5956 826 6014 PA't'ttOL.
858 5947 1119 6012 XXVII.

1912 4359 2118 4427 inquit,
2183 4356 2419 4426 Dionysii
2476 4366 2792 4426 corruptum
2879 4372 2999 4412 esse
3068 4359 3226 4413 tidem
3286 4357 3499 4416 fecerit.‘

1909 4453 2050 4504 alius
2100 4450 2151 4501 in
2190 4449 2418 4518 epistola
2468 4448 2712 4516 ejusdem
2763 4450 2828 4501 ad
2869 4447 2969 4502 Cn.
3019 4447 3357 4518 Pompeium,
3419 4451 3476 4508 in

1912 4559 2018 4609 qua
2071 4557 2175 4594 non
2236 4546 2340 4610 pp!-
2383 4541 2598 4610 legitur,
2656 4540 2749 4595 sed
2790 4538 2892 4611 ρκ’,
2937 4555 3002 4595 ac
3031 4540 3234 4610 sa‘pius
3267 4546 3322 4610 μ’
3355 4548 3499 4600 θιιέ.

1907 4634 2046 4700 apud
2083 4631 2368 4686 Giwculos
2425 4633 2674 4686 librarios
2708 4632 3060 4697 commutari,
3121 4631 3473 4688 manifestum

1897 4738 2000 4778 «τρι.

1970 4817 2082 4869 Col.
2114 4817 2240 4870 561.
2278 4816 2475 4868 Midas.
2508 4816 2791 4870 lnnuiinus
2829 4830 3013 4884 supra,
3052 4814 3222 4868 videri
3273 4813 3474 4872 Midam

1900 4909 1999 4960 huc
2029 4918 2270 4975 tempore
2302 4908 2683 4975 antiquiorem.
2714 4905 2956 4972 Scaliger
2990 4904 3313 4959 Strabonem
3349 4904 3471 4959 lau-

1898 4999 2012 5057 dat.
2047 5002 2137 5065 qui
2197 5009 2423 5051 mortem
2478 4997 2598 5064 ejus
2640 4997 2779 5064 regis
2807 4996 2939 5048 dicit
2992 5005 3122 5049 tunc
3173 4998 3472 5064 contigisse

1898 5108 2020 5146 cum
2049 5090 2333 5146 Cinnncrii
2401 5090 2586 5145 Asiam
2651 5087 3010 5153 inundarunt,
3063 5091 3208 5159 quod
3257 5100 3470 5160 spectat

1896 5198 2052 5236 num.
2081 5181 2203 5236 959.
2234 5179 2520 5235 Contendit
2553 5193 2715 5249 porro
2746 5195 2846 5232 suo
2897 5181 3014 5250 ipse
3065 5196 3227 5236 sensu
3299 5181 3467 5238 fuisse

1897 5276 2091 5329 Midam
2127 5276 2362 5328 Homero
2393 5273 2659 5342 aequalem
2689 5286 2755 5327 ex
2777 5272 3066 5329 decantato
3120 5274 3213 5330 illo
3252 5287 3408 5328 versu
3446 5290 3463 5329 :

1895 5414 2088 5484 Χαλκῆ
2124 5411 2393 5481 παρθένος
2421 5407 2558 5479 εἰμι.
2603 5407 2749 5463 Μίδα
2781 5407 2827 5462 δ’
2858 5408 2952 5464 ἐπὶ
2981 5409 3188 5478 σήματι
3245 5408 3462 5477 κεῖμαι.

1892 5566 2052 5621 quem
2113 5550 2166 5602 in
2237 5547 2388 5600 Mida:
2412 5544 2714 5614 epitaphio,
2742 5545 3059 5616 rogantibus
3091 5544 3211 5613 ejus
3239 5543 3458 5611 amicis,

1896 5645 2162 5698 “OlttCt'tIS
2193 5641 2366 5695 fertur
2395 5639 2725 5692 condidisse.
2762 5637 2936 5705 Atque
2967 5637 3070 5690 hoc
3105 5636 3322 5703 quidem
3354 5633 3462 5692 He-

1895 5741 2121 5792 rodotus
2179 5735 2269 5788 lib.
2318 5734 2384 5786 de
2437 5729 2556 5786 Vita
2605 5729 2844 5792 llomeri,
2883 5743 3002 5796 cap.
3056 5727 3358 5793 ll,narrat
3390 5746 3460 5786 ex

1892 5845 2264 5898 Cuniauoru-n
2307 5828 2572 5880 relatione
2603 5841 2617 5879 ;
2647 5830 2934 5890 exstatque
2967 5833 3159 5874 versus
3193 5821 3280 5876 illo:
3315 5824 3457 5896 apud

3076 5919 3156 5974 2‘.)
