3964 6186
333 337 436 398 921

1616 327 2022 389 VALLARSII
2070 323 2307 385 NOTAE.

3469 317 3568 380 912

281 477 284 480 -
336 448 519 498 (lrwca
547 443 796 510 lectione,
876 441 967 497 mi
999 442 1194 511 ῥὰϋδον
1247 442 1528 509 κατέσχεν,
1559 440 1690 491 falsa
1727 437 1901 492 subti-
1933 439 1972 494 Α
2008 433 2250 501 Scaliger
2281 429 2510 499 Ardyso,
2541 428 2654 482 sive
2680 428 2841 482 annis
2863 429 2929 481 ab
2958 427 3085 482 hinc
3113 425 3332 483 duobus
3361 426 3528 480 rel’ert
3555 443 3576 488 ί

335 535 809 590 litatecontendit.
845 533 1166 602 Suspicatur
1223 533 1384 584 etiam
1451 529 1732 598 legendum
1804 527 1900 578 xz".

339 629 563 697 pacem,-
597 624 1042 695 κδέσχεν,’‹ιιιοᾱ
1101 621 1202 678 sibi
1231 622 1483 676 videatur
1542 618 1901 688 Hieronymus

334 721 406 773 ita
438 721 652 789 legisse.
683 718 835 772 Mitto
868 717 998 771 alias
1029 716 1166 783 apud
1223 730 1344 768 eum
1395 713 1596 766 Graeca:
1651 708 1899 764 lectionis

332 810 693 874 diversitates,
725 817 783 862 ut
815 819 920 870 est,
948 808 1046 877 τῆς
1073 805 1252 868 οἰκίας
1307 803 1476 858 αὑτοῦ
1534 799 1903 873 κεραυνωθεί-

334 917 432 971 σης
461 898 908 970 συγκατεφλέχοη
938 899 1100 968 αὐτῇ,
1129 895 1432 961 ἀπέθανεν,
1467 905 1574 950 etc.
1610 891 1906 948 Conferen-

332 993 434 1046 dus
466 994 563 1044 hac
590 991 655 1044 de
677 1007 736 1045 re
768 989 955 1044 Livius
981 1004 1033 1042 c.
1074 989 1166 1051 3i,
1198 1003 1320 1041 cum
1372 984 1606 1054 Dionysii
1629 981 1903 1035 Halicarn.

334 1085 429 1138 lib.
475 1099 554 1147 Ill,
606 1083 697 1136 ubi
765 1081 1053 1135 Hostilium
1125 1078 1338 1134 insidiis
1368 1077 1502 1131 Anci
1561 1074 1725 1128 Marci
1776 1087 1899 1127 cum

335 1191 503 1230 uxore
528 1191 591 1230 ac
611 1176 796 1228 liberis
825 1173 1194 1236 interfectum,
1221 1173 1380 1225 domo
1407 1169 1652 1233 incensa,
1717 1165 1902 1219 tradit.

403 1270 538 1323 Ibid.
585 1268 702 1338 Ipse
752 1274 866 1335 post
918 1268 1132 1334 longam
1181 1277 1384 1332 pacem.
1437 1257 1732 1313 Revocwit
1784 1257 1903 1311 haec

336 1361 572 1432 Scaliger
603 1357 668 1414 ad
703 1359 936 1428 primum
973 1356 1111 1410 Tulli
1147 1369 1386 1407 annum:
1424 1351 1554 1422 legit
1603 1365 1819 1420 quoque
1848 1347 1901 1401 in

337 1454 439 1506 line
467 1451 760 1521 periochae,
808 1447 992 1504 Urbem
1025 1445 1173 1504 valli
1217 1445 1419 1498 ambitu
1465 1441 1761 1511 ampliavit.
1785 1438 1905 1520 Pri-

333 1559 456 1597 mus
505 1541 790 1595 Palatinus
847 1547 976 1593 octo
1021 1537 1179 1591 annis
1245 1534 1561 1599 antevertit,
1630 1548 1694 1588 ac
1744 1544 1907 1599 porro

333 1635 481 1705 legit,
509 1634 714 1702 adjecto
748 1633 912 1686 monti
939 1629 1102 1685 (Ζωιῐο
1139 1627 1327 1682 Urbem
1383 1624 1692 1696 applicauit,
1746 1624 1904 1687 bene,

333 1724 986 1794 Schurzlleiscbiojudice
1023 1739 1036 1774 :
1068 1721 1161 1790 qui
1189 1729 1343 1772 notat
1393 1728 1659 1788 praeterea
1707 1719 1760 1770 id
1809 1717 1906 1776 tti-

2012 536 2152 577 ιειιειοι
2175 513 2390 594 quoque
2425 523 2674 586 Musicus,
2705 521 2850 591 quod
2890 521 3090 575 dicitur
3113 521 3180 576 de
3229 519 3575 576 Aristoxeno.

1985 613 2215 667 ‘Cactera
2240 613 2633 682 praeoccupavit
2658 611 3576 682 Schurzileischius,‘qui,Vocatur,

2008 704 2205 773 inquit,
2249 721 2341 759 rex
2375 704 2548 758 istein
2583 719 2665 773 pr.
2698 703 2944 758 Palatino
2969 703 3174 768 Ardiis,
3243 705 3299 758 in
3352 705 3580 774 reliquis

2012 799 2186 852 Ardis.
2216 797 2528 866 Legendum
2561 804 2667 864 est,
2702 807 2761 851 ut
2794 811 2957 864 supra
2995 798 3334 861 monuimus,
3387 799 3581 868 Ardys.

2011 887 2168 955 Apud
2214 886 2528 956 Syncellum
2558 931 2572 950 ,
2620 887 2707 941 ed.
2766 885 2943 942 Paris.
3000 901 3124 957 pag.
3163 886 3291 952 239,
3321 888 3584 957 ’Δρδυσος

2014 978 2269 1043 habetur,
2296 977 2387 1031 ubi
2435 978 2732 1053 etiampcr
2762 970 2936 1033 annos
2985 977 3056 1033 59
3114 979 3415 1047 imperasse
3451 978 3587 1034 dici-

2013 1079 2121 1121 tur.
2151 1068 2286 1124 Vide
2317 1083 2437 1136 quae
2469 1068 2705 1122 diximus
2729 1083 2892 1137 supra
2940 1068 3008 1124 ad
3034 1084 3247 1125 numer.
3308 1071 3464 1126 1259.
3490 1071 3589 1126 Pe»

2009 1159 2255 1214 riocham
2289 1161 2356 1214 de
2378 1160 2732 1224 Archilocho,
2771 1159 3075 1228 Simonide,
3122 1170 3177 1217 et
3223 1161 3584 1226 Aristoxeno,

2015 1250 2224 1320 primus
2249 1249 2530 1305 Palatinus
2585 1251 2654 1305 ad
2715 1265 2866 1305 num.
2909 1250 3049 1305 I355
3102 1251 3309 1314 retulit,
3341 1252 3396 1306 in
3451 1268 3587 1320 quo,

2011 1340 2470 1410 quemadmodum
2503 1341 2667 1396 etiam
2695 1341 2748 1396 in
2776 1341 2899 1398 aliis
2949 1341 3306 1412 editionibus,
3360 1344 3592 1398 ultimus

2022 1441 2249 1487 vocatur
2279 1432 2546 1487 Musicus.
2582 1432 2656 1488 De
2683 1435 3015 1489 Archilocho
3043 1436 3330 1490 Cornelius
3386 1435 3592 1504 Nepos,

2008 1523 2113 1580 lib.
2139 1541 2156 1578 ι
2186 1524 2467 1592 Chronici,
2504 1525 2574 1581 ab
2595 1525 2658 1580 A.
2681 1525 2875 1608 Gellio,
2899 1526 2964 1581 N.
3027 1527 3088 1582 A.
3120 1527 3216 1582 lib.
3280 1544 3413 1593 μνη,
3464 1543 3592 1596 cap.

2010 1615 2072 1670 21
2118 1615 2372 1670 laudatus
2407 1633 2419 1668 :
2457 1617 2825 1682 Archilochus,
2881 1617 3074 1686 inquit,
3141 1619 3298 1672 Tullo
3358 1619 3594 1672 llos-tilio

2009 1706 2191 1763 Roma:
2220 1719 2493 1778 regnante,
2519 1708 2639 1777 jam
2675 1719 2786 1762 tum
2821 1711 3079 1779 poematis
3113 1710 3289 1764 clarus
3349 1721 3400 1764 et
3434 1711 3592 1764 nobi-

335 1818 428 1873 bui
461 1819 611 1870 Anco
661 1786 859 1870 Marcio
889 1820 1029 1884 apud
1060 1786 1408 1867 Strabonem
1444 1811 1538 1864 lib.
1573 1827 1625 1875 v,
1666 1826 1717 1878 p.
1753 1809 1897 1862 358:
1936 1787 1978 1844 Β
2009 1801 2096 1854 lis.
2139 1799 2277 1876 Vide
2309 1801 2376 1854 de
2401 1816 2468 1856 e0
2503 1801 2625 1856 loco
2667 1801 2939 1856 Andream
2976 1801 3262 1856 Schouum
3326 1786 3394 1857 ad
3451 1803 3596 1857 Cor-

334 1912 511 1963 Ancus
537 1908 766 1961 Martius
789 1906 1009 1962 Cellium
1045 1916 1289 1966 montem,
1316 1911 1364 1955 et
1390 1903 1728 1966 Aventinum,
1753 1917 1902 1954 cam-

332 2014 559 2069 pumque
589 1999 667 2050 his
692 1997 1122 2064 interjectum....
1154 1992 1364 2058 adjecit.
1397 1990 1504 2044 Sed
1543 1999 1595 2043 et
1633 1991 1740 2044 duo
1805 1987 1904 2058 ipsi

335 2105 489 2158 reges
523 2088 650 2142 olim
685 2089 736 2141 in
759 2087 899 2141 serie
955 2085 1440 2154 permiseebantur,
1473 2083 1612 2152 quod
1675 2088 1906 2134 testatur

337 2180 663 2252 Syncellus:
703 2176 915 2231 Tullum
947 2177 1311 2229 historicorum
1359 2174 1604 2228 nonnulli
1642 2180 1904 2243 quartum

335 2294 366 2328 a
400 2273 624 2327 Romulo
647 2280 873 2339 ponunt,
907 2268 1000 2320 alii
1031 2269 1273 2335 quintum
1300 2283 1418 2320 eum
1463 2274 1761 2329 numerant,
1796 2273 1902 2318 etc.

338 2366 547 2420 Dicitur
569 2373 622 2419 et
655 2361 880 2431 Virgilio
905 2358 1132 2413 Eneid.
1163 2371 1211 2411 vt
1250 2373 1265 2410 ;

457 2497 566 2548 Otia
589 2495 674 2557 qui
705 2499 899 2553 rumpet
919 2495 1118 2557 patrue,
1140 2490 1429 2549 residesque
1451 2483 1667 2534 movebit

457 2555 634 2608 Tullus
654 2559 703 2604 in
729 2568 859 2602 arma
887 2569 902 2596 κ
915 2555 1033 2602 ires.

414 2659 552 2712 Ibid.
585 2655 862 2711 Nudorum
918 2651 1243 2706 exercitatio.
1285 2647 1468 2714 Recte,
1499 2649 1540 2700 si
1588 2645 1716 2715 quid
1751 2645 1905 2711 alias,

339 2759 585 2804 notatum
615 2745 913 2816 Scaligero,
949 2744 1132 2797 lucum
1166 2741 1359 2796 fecisse
1381 2738 1706 2810 Hieronymo
1754 2736 1908 2792 Cra:-

338 2856 460 2895 cam
492 2840 869 2908 scripturam,
927 2835 1073 2904 quod
1131 2831 1488 2901 Γυμνοπόδια
1540 2831 1730 2902 legerit
1810 2845 1910 2900 pro

340 2929 772 3001 Γυμνοπαιδεια,
801 2927 911 2987 vel,
941 2934 1001 2978 ut
1034 2933 1116 2978 est
1140 2925 1283 2992 apud
1317 2921 1388 2994 Sy
1403 2923 1666 2987 necllum,
1720 2922 1908 2991 Γυμνῆ

340 3021 602 3076 παιδεία.
642 3021 799 3074 Aliud
825 3018 1049 3086 proinde
1072 3025 1156 3070 est
1187 3016 1254 3070 ab
1283 3015 1498 3069 Eusebii
1527 3023 1729 3079 mente,
1764 3012 1910 3083 quod

342 3115 506 3170 vertit
571 3108 976 3179 Nudipedalia,
1041 3123 1160 3178 qute
1240 3107 1620 3177 paenitendum
1696 3103 1984 3183 propriac

339 3216 521 3270 erant,
542 3213 596 3261 et
630 3219 724 3274 pro
752 3204 934 3273 pluvia
968 3201 1328 3268 impetranda,
1360 3208 1498 3252 teste
1538 3195 1909 3261 Tertulliano,

341 3314 371 3352 a
402 3297 624 3369 paganis
665 3295 1068 3349 indicebantur.
1115 3293 1186 3346 De
1222 3291 1306 3344 Itis
1333 3297 1516 3343 monet
1562 3285 1915 3342 Sclturzlleis-

341 3389 521 3451 chius,
548 3387 758 3443 consuli
789 3385 1096 3440 Matthmum
1153 3382 1568 3449 Larroquanum
1599 3379 1654 3434 in
1709 3377 1916 3431 Adver-

344 3495 454 3536 sar.
486 3477 672 3534 Sacris
700 3478 796 3532 lib.
860 3491 920 3534 tl.
981 3490 1103 3543 cap.
1156 3474 1244 3539 lt),
1305 3485 1359 3526 et
1401 3471 1821 3528 Thomassinum
1847 3469 1916 3524 de

345 3567 600 3628 Donariis-
645 3584 767 3639 cap.
817 3569 874 3623 5.
919 3564 1306 3639 Gymnopaadia
1353 3573 1534 3618 autem
1601 3577 1763 3632 quam
1827 3561 1917 3616 hic

344 3675 494 3722 notat
523 3662 810 3727 Eusebius,
843 3662 1040 3714 festum
1074 3665 1214 3726 erat,
1259 3671 1323 3712 ac
1359 3657 1572 3712 saltatio
1628 3655 1682 3708 in
1725 3667 1916 3708 eorum

345 3757 684 3817 memoriam,
715 3768 747 3807 a
802 3749 1233 3806 Lacedaemoniis
1282 3748 1556 3810 instituta,
1614 3746 1706 3816 qui
1773 3744 1919 3812 Thy.

347 3851 548 3906 reatico
595 3847 737 3902 bello
787 3840 1209 3898 occubuerunt:
1255 3848 1418 3910 atque
1465 3842 1538 3896 ita
1586 3838 1850 3907 appellata
1886 3850 1917 3890 a

350 3945 520 4000 choro
545 3937 947 4013 puerorumqui
987 3935 1259 3991 saltabant
1314 3932 1468 3995 nudi,
1540 3931 1919 3998 canebantque
1998 3968 2004 3972 .

349 4039 493 4092 inter
514 4035 820 4090 saltandum
865 4029 970 4083 diis
994 4029 1246 4098 hymnos,
1291 4026 1584 4093 laudesque
1617 4022 1919 4089 Spartiata-

352 4143 504 4180 rum.
538 4124 774 4178 Historia
815 4121 957 4191 apud
995 4119 1260 4186 Antiquos
1297 4117 1480 4171 notior
1533 4129 1688 4182 quam
1720 4122 1778 4166 ut
1801 4113 1918 4165 Iau-

353 4218 472 4273 dari
507 4230 693 4284 eorum
729 4213 1038 4268 testimonia
1064 4219 1335 4280 oporteat.
1367 4205 1574 4261 Vidcsis
1602 4202 1918 4258 Pausaniam

354 4313 407 4366 in
433 4308 721 4365 Laeonicis
745 4321 864 4374 cap.
899 4305 984 4369 ll,
1026 4303 1349 4356 Athenaeum
1393 4299 1504 4352 ‘lib.
1564 4314 1628 4351 xv
1689 4311 1808 4366 cap.
1861 4293 1917 4358 6,

351 4401 597 4465 Suidam,
627 4396 980 4467 Hesychium,
1005 4402 1114 4448 etc.
1757 4400 1759 4402 ·
1879 4384 1888 4389 ’

423 4513 556 4569 Ibid.
587 4509 820 4580 Sibylla.
854 4507 1004 4560 Hanc
1029 4505 1192 4560 habet
1219 4503 1465 4573 Scaliger
1496 4500 1806 4569 periocham
1833 4497 1920 4550 hic

354 4603 458 4656 loci
481 4601 672 4660 semel,
706 4613 827 4668 qum
852 4598 1015 4649 etiam
1057 4602 1185 4647 ante
1215 4609 1390 4646 annos
1418 4590 1486 4645 46
1523 4589 1778 4657 superius
1831 4601 1922 4641 oc-

353 4693 525 4751 currit
553 4692 607 4744 in
634 4689 800 4744 editis
830 4702 984 4756 teque
1015 4695 1179 4754 atque
1210 4699 1342 4737 mss.
1373 4683 1555 4746 libris,
1587 4692 1656 4734 ex
1689 4679 1922 4733 aliorum

357 4799 549 4853 nempe
573 4783 664 4852 qui
683 4781 750 4836 de
779 4781 898 4849 ejus
921 4776 1142 4848 Sibylla:
1166 4783 1325 4828 mtate
1356 4782 1677 4837 tractarunt,
1707 4772 1922 4826 diversa

355 4885 646 4943 sententia.
681 4879 875 4937 Recole
905 4891 1028 4948 qua
1054 4876 1125 4931 ibi
1162 4884 1421 4930 annotata
1441 4881 1592 4926 sunt.

425 4997 546 5052 Col.
586 4994 714 5050 565.
743 4990 1008 5046 Nechaus.
1034 4989 1090 5042 In
1115 4986 1305 5043 Vetere
1327 4987 1606 5049 Chronico
1661 4982 1918 5037 Necltaab

356 5089 678 5160 appellatur.
709 5082 766 5138 In
797 5082 917 5152 ejus
946 5079 1097 5150 regni
1122 5079 1284 5134 annis
1317 5078 1558 5147 plerique
1583 5091 1770 5130 omnes
1797 5091 1926 5130 con-

358 5179 625 5236 sentiunt.

425 5271 545 5327 Col.
616 5267 742 5324 565.
807 5262 1227 5318 Psammeticbus
1285 5276 1376 5313 an.
1431 5257 1522 5311 4-4.
1585 5256 1928 5312 Dissentiunt

367 5373 625 5417 auctores
663 5361 899 5414 immane
922 5363 1183 5424 quantum
1214 5351 1267 5404 in
1294 5351 1450 5404 'dtIlIIS
1494 5349 1666 5418 regni.
1714 5348 1927 5400 Alrica-

366 5470 469 5510 nus
538 5467 711 5522 usque
788 5448 854 5502 ad
903 5443 1290 5516 quinquaginta
1346 5448 1580 5509 quatuor
1626 5446 1926 5510 exaggerat,

367 5543 534 5599 Vetus
556 5539 864 5596 Chronicon
895 5533 1034 5605 apud
1068 5530 1380 5602 Syneellum
1409 5529 1554 5583 solos
1579 5529 1626 5583 ei
1657 5537 1922 5598 quatuor-

361 5638 536 5691 decim
569 5632 784 5688 tribuit.

436 5721 940 5782 Ibid.Archilochus
970 5729 1016 5774 et
1080 5713 1397 5772 Simonides.
1463 5711 1748 5782 POSIponit
1815 5713 1928 5768 litec

2009 1890 2137 1946 nelii
2167 1891 2492 1962 fragmenta.
2558 1892 2869 1948 Herodotus
2930 1893 3026 1948 lib.
3089 1908 3150 1957 ll,
3189 1908 3309 1962 cap.
3371 1894 3463 1957 12,
3525 1895 3593 1946 ad

2007 1981 2304 2038 Candaulis
2333 1982 2574 2055 ctGygis
2621 1991 2864 2054 tempora
2928 1999 3052 2040 eum
3099 1985 3300 2040 retulit.
3349 1986 3424 2054 Ex
3486 1986 3594 2040 hoc

2007 2072 2126 2127 loco
2161 2071 2252 2126 alii
2289 2074 2356 2128 ad
2391 2073 2752 2144 Olympiadem
2813 2075 2906 2138 I5,
2951 2077 3068 2131 suis
3127 2077 3433 2132 rationibus
3481 2095 3591 2132 non

2008 2164 2280 2232 destituti,
2317 2181 2440 2222 eum
2466 2165 2756 2221 collocant.
2820 2165 3129 2222 Simonides
3183 2170 3352 2222 multo
3403 2172 3594 2234 junior

2007 2265 2109 2324 est,
2140 2263 2192 2312 et
2217 2255 2282 2312 ad
2301 2255 2654 2328 Olympiadem
2682 2257 2898 2312 circiter
2925 2257 2992 2312 56
3017 2258 3101 2312 vel
3128 2259 3196 2313 62
3223 2265 3590 2328 repono-uetus,

2013 2346 2142 2403 Vide
2175 2347 2380 2405 scholia
2415 2347 2622 2404 Comici
2645 2349 2710 2402 ad
2743 2349 2987 2420 Σφῆκας,
3022 2364 3162 2404 vers.
3192 2352 3350 2405 1561.
3378 2352 3591 2406 Aristo-

2008 2455 2207 2494 xenum
2239 2440 2530 2505 Musicum,
2567 2441 2734 2510 cujus
2792 2439 3233 2496 harmonicornm
3285 2442 3589 2497 elemento-

2010 2546 2129 2585 rum
2165 2531 2334 2586 libros
2366 2549 2425 2588 ιιι
2462 2533 2732 2601 hodieque
2762 2531 3046 2595 habemus,
3083 2534 3288 2589 reclins
3313 2535 3378 2588 ad
3411 2535 3586 2606 olym-

2015 2621 2228 2690 piadcm
2266 2621 2358 2675 III
2401 2637 2430 2674 a
2463 2621 2629 2676 Suida
2664 2620 2890 2675 relatum
2935 2637 3077 2685 esse,
3141 2623 3327 2677 nullus
3357 2635 3442 2678 est
3498 2627 3583 2693 qui

2015 2714 2241 2768 nesciat.
2280 2711 2398 2766 Mox
2430 2711 2632 2780 legitur
2665 2713 2720 2766 in
2749 2715 2923 2780 primo
2957 2713 3223 2778 Palatino,
3281 2714 3437 2782 Apud
3471 2715 3569 2768 Lo-

2011 2814 2127 2852 cros
2146 2799 2325 2852 crebro
2361 2815 2597 2852 sermone
2649 2799 2957 2865 celebratur,
3024 2816 3122 2870 pro
3155 2817 3289 2870 :quo
3347 2802 3589 2874 Scalzger

2014 2891 2201 2955 habet,
2249 2890 2604 2961 frequentibus
2658 2895 2960 2960 pra-coniis.
3031 2893 3189 2950 Locri
3249 2895 3590 2968 intelligendi

2015 2991 2143 3036 sunt
2171 2980 2538 3052 Epizephyrii,
2571 2985 2713 3052 quod
2748 2996 2800 3038 et
2821 2984 3000 3055 ipsum
3057 2987 3170 3057 jam
3224 2987 3587 3043 observarunt

2017 3073 2117 3128 viri
2158 3074 2328 3128 docti.

2099 3165 2232 3219 Ibid.
2271 3165 2522 3234 Cypselus
2581 3167 2633 3220 in
2683 3166 2933 3221 Corintho
2969 3170 3304 3238 tyrannidem
3337 3175 3591 3226 exercuit.

2017 3253 2240 3308 lnitium‘
2271 3255 2573 3325 tyrannidis
2611 3255 2851 3328 Scaliger
2885 3259 2954 3313 ab
2983 3274 3128 3315 anno
3146 3264 3388 3316 secundo
3417 3267 3594 3335 olym-

2017 3345 2195 3416 piadis
2227 3349 2291 3402 3t
2353 3348 2571 3417 repetit,
2631 3364 2696 3403 ex
2758 3365 2868 3420 quo
2925 3352 3376 3421 prochronismus
3435 3357 3593 3426 quin-

2018 3438 2242 3507 quennii
2276 3439 2846 3510 exsurgitllerodotus
2877 3444 2971 3500 lib.
3008 3461 3061 3509 ν,
3094 3461 3215 3518 cap.
3249 3450 3322 3504 9'2
3350 3463 3401 3506 et
3439 3468 3591 3521 seqq.

2018 3527 2362 3619 tyrannidem
2426 3544 2729 3601 occupasse
2793 3533 3083 3619 Cypselpm
3173 3540 3390 3605 tradit,
3462 3559 3584 3597 cunt

2019 3617 2200 3674 adhuc
2232 3619 2577 3688 Bacchiadae,
2613 3626 2915 3694 πρυτάνεις
2943 3617 3134 3693 annui,
3200 3631 3442 3688 civitatis
3501 3651 3593 3705 gu-

2019 3709 2314 3766 bernacula
2371 3722 2642 3767 tenerent.
2727 3713 2902 3786 Vulgo
2963 3727 3145 3772 autem
3202 3722 3446 3796 creditur
3500 3741 3595 3794 per

2017 3808 2234 3854 centum
2267 3801 2456 3871 viginti
2489 3804 2708 3861 circiter
2742 3821 2918 3864 annos
2985 3807 3316 3868 Bacchiadas
3362 3817 3592 3868 admini-

2020 3900 2226 3946 strasse
2283 3895 2676 3964 rempublicam
2716 3908 2820 3953 :at
2871 3898 3070 3955 Strabo
3124 3902 3219 3957 lib.
3279 3920 3402 3970 \‘ltl,
3467 3923 3588 3975 pag.

2020 3982 2146 4048 570,
2193 3985 2441 4062 Btaxdota
2470 3986 2563 4058 ἐτη
2629 3990 2815 4059 σχεδόν
2861 4009 2937 4056 τι,
2981 3992 3230 4048 ducentos
3271 3995 3380 4062 fere
3431 4014 3591 4050 annm

2022 4083 2292 4148 numerat.
2347 4073 2486 4131 Hinc
2516 4081 2780 4148 grandius
2826 4081 3174 4138 intervallum
3245 4086 3314 4139 ad
3383 4087 3591 4158 Cypseli

2025 4170 2292 4234 tempora.
2390 4167 2628 4238 Propius
2691 4170 2758 4225 ad
2809 4185 2994 4228 verum
3057 4174 3589 4232 Cicero'Tusculan.

2022 4249 2226 4317 Quasi.
2249 4255 2344 4310 lib.
2365 4275 2416 4324 v,
2451 4275 2568 4330 cap.
2595 4261 2664 4315 57
2687 4277 2701 4318 :
2726 4261 3062 4329 Demaratus,
3095 4266 3376 4337 Tarquinii
3431 4272 3590 4324 nostri

2022 4353 2192 4412 pater,
2233 4354 2517 4416 tyrannum
2557 4350 2861 4420 Cypselum,
2884 4357 3024 4422 quod
3050 4355 3189 4423 ferre
3239 4373 3339 4411 non
3367 4369 3585 4423 poterat,

1953 4456 1997 4510 ι)
2025 4436 2158 4506 fugit
2190 4436 2506 4508 Tarquinios
2529 4440 2802 4509 Corintho,
2849 4455 2896 4498 et
2922 4446 2993 4499 ibi
3033 4463 3159 4502 suas
3183 4449 3429 4517 fortunas
3467 4469 3587 4503 con-

2025 4529 2218 4594 stituit,
2245 4541 2353 4587 etc.
2383 4529 2690 4588 Herodotus
2720 4549 2844 4589 eum
2882 4537 3073 4592 scribit
3106 4555 3364 4610 regnasse
3424 4556 3587 4594 annuis

2027 4621 2266 4690 triginta.

2099 4713 2236 4769 Ibid.
2269 4714 2583 4784 Byzantium
2642 4719 2872 4775 condita.
2934 4719 3246 4777 Parmensis
3307 4732 3362 4778 et
3422 4703 3600 4778 Palat.

2030 4808 2236 4875 primus
2276 4824 2373 4861 ms.
2407 4809 2520 4862 tunc
2557 4809 2798 4865 referunt
2829 4813 3052 4867 biennio
3115 4824 3242 4866 ante
3275 4853 3292 4879 ,
3354 4816 3588 4884 Scaliger

2029 4898 2342 4951 eeontrario
2395 4902 2751 4968 subsequr-nti
2823 4903 3072 4972 ptoxime
3129 4919 3274 4957 anno
3337 4907 3589 4972 assignat.

2033 4985 2163 5037 Eum
2201 4989 2327 5040 olim
2387 5005 2723 5060 qua-cunque
2759 4991 2825 5047 de
2869 4992 3129 5064 Byzantio
3185 4997 3294 5049 dici
3328 5007 3595 5064 poterant,

2030 5077 2337 5146 compendii
2371 5079 2549 5133 facere
2574 5082 2738 5150 jussit
2773 5097 2909 5153 opus
2939 5084 3217 5154 egregium
3270 5087 3413 5140 I’etri
3446 5086 3592 5158 Gylii

2031 5167 2340 5232 Albtcensis
2375 5169 2740 5240 deliusphoro
2776 5173 3010 5228 Thracio
3039 5175 3232 5230 :nobis
3267 5177 3396 5227 nihil
3435 5179 3596 5229 l‘erme

2031 5261 2224 5331 reliqui
2257 5260 2576 5318 Dulresnius
2611 5265 2758 5320 fecit.
2797 5265 3252 5340 Hosadeantqni
3312 5268 3379 5322 de
3415 5281 3591 5320 rrtcra

2032 5370 2094 5407 ac
2156 5369 2290 5406 nova
2349 5355 2823 5426 Constantinopoli
2883 5358 3025 5411 scire
3090 5360 3292 5425 aliquid
3355 5360 3596 5427 cupiunt.

2033 5444 2256 5498 Interim
2293 5437 2881 5514 nonprazteremtduni,
2916 5448 3059 5517 quiid
3132 5459 3185 5502 et
3249 5447 3488 5517 Scaliger
3535 5463 3596 5501 ex

2033 5541 2187 5603 parte
2217 5541 2388 5595 notat,
2419 5534 2832 5597 Cassiodorum,
2886 5538 2976 5605 qui
3037 5539 3100 5590 ad
3155 5538 3376 5589 verbum
3430 5537 3592 5590 Euse-

2033 5625 2193 5681 biana
2231 5626 2536 5681 describere
2564 5627 2723 5693 solet,
2790 5628 2925 5682 hanc
2994 5631 3304 5699 perioebnm
3352 5645 3476 5682 cum
3537 5644 3594 5680 ra

2034 5717 2384 5788 conjungere,
2449 5732 2568 5786 quae
2617 5733 2778 5788 supra
2865 5734 3021 5775 num.
3070 5719 3206 5775 153%
3257 5721 3325 5774 de
3376 5720 3592 5774 conditu
