3932 6188
339 433 448 492 923

1613 421 2014 486 VALLARSII
2045 420 2289 483 NOTAE.

3370 417 3374 424 '
3466 413 3571 464 E711

336 539 694 595 (thalr'chnis
731 541 980 604 habetur,
1014 555 1073 593 ac
1108 539 1596 605 simul..ntramqtte
1619 539 1672 591 in
1695 550 1896 590 annum
1929 537 1975 594 Δ
2002 531 2074 586 sit
2104 531 2192 584 ille
2238 527 2406 584 codex
2454 525 2746 578 Bibliorum
2786 520 2922 574 LXX
2963 519 3272 582 Senior‘um,
3329 515 3420 586 qui
3475 515 3577 570 soii

342 631 604 684 Manassis
677 630 1006 687 tricesimum
1093 643 1342 684 octavum
1403 631 1692 696 conjicere.
1755 625 1905 680 Facti

339 735 560 772 causam
603 737 722 775 eam
760 732 913 790 puto,
942 722 1083 790 quod
1118 725 1351 776 senserit
1389 721 1555 774 fuisse
1586 718 1904 786 Byzantium

337 792 628 864 deductam
664 812 936 866 coloniam
971 828 999 864 a
1035 813 1285 882 Megaris.
1318 813 1461 880 quod
1490 819 1543 862 et
1605 808 1908 862 Marcianus

343 902 684 973 l’criegetes,
750 915 806 958 et
860 905 912 958 in
955 905 1281 974 Periegetem
1324 903 1639 973 Dionysium
1698 915 1753 955 v.
1805 899 1910 954 805

339 991 664 1048 Eustathius
695 1010 914 1063 quoque
945 997 1130 1052 tradit.
1192 995 1331 1048 Tum
1389 995 1655 1049 odoratus
1711 993 1784 1048 sil.
1841 990 1911 1045 ab

337 1084 591 1153 Hesychii
631 1085 770 1139 libro
796 1087 862 1138 de
894 1090 1057 1140 rebus
1110 1085 1300 1156 patriis
1331 1083 1908 1152 ConstantinOpoleos,

338 1176 566 1230 Dineum
602 1185 732 1231 tunc
773 1176 937 1232 fuisse
959 1175 1357 1246 Megarensium
1396 1178 1612 1239 ducem.
1646 1176 1736 1243 qui
1765 1183 1912 1229 certe

333 1276 390 1320 et
421 1265 740 1338 Byzantium
795 1269 1106 1334 occupavit.
1152 1280 1201 1323 et
1253 1268 1615 1323 Chalcedonis
1654 1267 1912 1321 dominus

333 1367 393 1412 et
421 1357 690 1421 conditor.
722 1358 883 1412 ducta
906 1374 936 1412 e
967 1358 1198 1428 Megaris
1237 1359 1472 1423 colonia,
1527 1358 1649 1421 fuit,
1688 1369 1746 1410 ut
1770 1359 1910 1410 idem

335 1444 644 1515 Hesychius
676 1446 889 1502 scribit.
952 1446 1203 1501 Attamen
1259 1444 1458 1502 Dineus
1509 1447 1619 1510 ille,
1677 1447 1722 1505 si
1781 1447 1913 1503 fides

341 1531 850 1601 llerodotolib.tv,
904 1550 955 1589 c.
994 1534 1116 1599 ΜΔ,
1165 1535 1353 1590 decem
1398 1543 1452 1588 et
1501 1544 1708 1603 septem
1755 1537 1914 1590 annis

339 1634 472 1677 ante
499 1623 823 1695 Byzantium
848 1624 1272 1690 Chalcedonem,
1302 1641 1424 1696 qua?
1451 1641 1482 1680 e
1531 1627 1749 1694 regione
1803 1637 1910 1691 est,

342 1715 534 1769 urbem
566 1725 934 1771 exstruxerat.
963 1718 1040 1769 Ad
1093 1717 1205 1771 haec
1230 1719 1503 1786 receptior
1566 1720 1724 1786 vulgo
1792 1734 1914 1771 scn-

341 1805 508 1858 tentia
539 1815 639 1872 est,
696 1808 972 1861 conditum
1019 1808 1335 1878 Byzantium
1369 1823 1398 1861 a
1433 1807 1688 1878 Byzante.
1747 1809 1904 1876 cujus

2015 622 2254 675 Eusebio
2291 629 2452 672 notus
2499 617 2684 677 fuerit,
2719 613 3106 668 Vt‘lUSllSSilnlS
3144 621 3323 663 autem
3349 606 3579 676 scripto-

2013 712 2164 765 ribus
2205 711 2438 779 ignotus,
2477 707 2530 760 in
2568 705 2803 759 medium
2840 704 3079 775 profero,
3115 712 3168 755 ct
3204 699 3424 753 licuisse
3459 697 3584 764 ejus

2013 799 2085 850 uti
2117 798 2343 851 (alCtlllS
2375 795 2667 850 contendo.

2081 889 2215 941 Ibid.
2275 888 2474 941 Recole
2521 901 2641 954 qua:
2689 886 2849 953 paulo
2915 885 3168 952 superius
3221 882 3286 935 ad
3350 879 3578 933 Numam

2011 979 2366 1032 observamus
2409 977 2477 1032 de
2529 976 2738 1031 decimo
2768 976 3000 1045 septimo
3032 974 3246 1028 Hostilii
3271 988 3415 1026 anno
3449 972 3580 1026 Arn-

2014 1072 2188 1124 monis
2213 1070 2388 1139 primo
2422 1077 2809 1124 concurrente.
2848 1065 3082 1132 Prosper
3109 1066 3174 1118 de
3215 1065 3333 1133 ipso
3363 1063 3443 1116 sic
3482 1062 3580 1114 ba-

2014 1163 2124 1223 bet.
2163 1162 2336 1229 Hujus
2380 1163 2708 1229 (Ammonis)
2758 1166 2908 1231 regni
2923 1161 3087 1230 initio
3125 1157 3306 1211 Tullus
3328 1155 3588 1209 Hostilius

2017 1255 2194 1308 Romw
2213 1257 2491 1321 septimum
2517 1256 2777 1307 decimum
2802 1254 3007 1322 imperii
3028 1253 3111 1306 sui
3132 1257 3339 1320 gerebat
3363 1265 3583 1308 annum,

2017 1346 2350 1414 regnavitque
2383 1345 2538 1398 annis
2577 1345 2665 1398 52.
2705 1345 2770 1397 Εῑ
2800 1359 2926 1397 vero
2965 1344 3008 1396 si
3037 1344 3286 1395 decimus
3317 1340 3584 1408 septimus

2015 1435 2381 1489 Hostiliicum
2443 1437 2725 1488 Ammonis
2786 1434 2964 1502 primo
3010 1435 3312 1496 concurrit,
3377 1433 3585 1499 primus

2015 1530 2254 1594 ejusdem
2303 1527 2513 1582 Hostilii
2552 1543 2674 1581 cum
2728 1527 2993 1580 Manassis
3032 1527 3472 1594 quadragesimo,
3533 1531 3588 1576 ut

2019 1619 2102 1672 hic
2134 1634 2352 1686 quoque
2389 1619 2686 1687 ascriptum
2719 1627 2822 1680 est,
2868 1618 3173 1672 conveniat.
3211 1616 3346 1683 llinc
3388 1624 3585 1667 retror-

2018 1728 2136 1765 sum
2163 1712 2497 1765 numerando
2545 1713 2750 1780 primus
2786 1709 2972 1763 Numze
3003 1726 3126 1763 cum
3163 1708 3406 1762 Ezecbize
3434 1706 3586 1760 vice-

2019 1800 2157 1853 simo
2181 1808 2393 1863 octavo,
2424 1809 2476 1852 et
2523 1801 2732 1868 primus
2774 1798 2988 1852 Romuli
3019 1813 3142 1851 cum
3185 1795 3384 1849 Achazi
3412 1801 3583 1856 sexto,

338 1903 395 1946 et
416 1893 680 1962 galeatum
721 1897 1008 1966 προτομὴν
1051 1874 1173 1950 eum
1222 1898 1376 1952 titulo
1425 1874 1645 1951 ΒῨΖΛΣ
1685 1874 1910 1951 ntnnmo
1946 1874 1986 1927 Β
2019 1892 2188 1944 Roma
2242 1891 2458 1945 condita
2502 1906 2625 1945 cum
2683 1890 2924 1957 ejusdem
2984 1889 3178 1957 quinto
3235 1896 3584 1945 concurrant.

338 1985 660 2054 impressam
691 1988 874 2042 videre
904 1988 1067 2042 estin
1095 1987 1292 2042 Goltzii
1319 1987 1523 2042 Graecia
1576 1989 1686 2042 tab.
1741 2003 1907 2050 xxvn,

337 2089 393 2132 et
421 2078 581 2144 Cujus
609 2087 871 2140 statuam,
904 2090 1034 2133 utet
1098 2080 1284 2134 uxoris
1345 2081 1462 2150 ejus
1515 2078 1807 2142 Phidatere,
1856 2083 1907 2132 in

336 2167 572 2224 Basilica
601 2169 880 2224 dedicasse
908 2170 1223 2238 perhibetur
1251 2169 1518 2225 Calliades
1570 2171 1622 2221 in
1652 2171 1914 2222 Anthelo—

337 2258 425 2326 gia
451 2257 547 2314 lib.
609 2273 684 2312 vr.
753 2257 996 2327 Denique
1055 2259 1358 2329 Hesychius
1420 2259 1739 2328 Argivorum
1787 2272 1908 2310 eam

343 2346 622 2401 coloniam
680 2345 852 2402 fuisse
892 2347 1074 2400 tradit.
1125 2346 1370 2402 Aliorum
1444 2348 1742 2402 sententias
1803 2361 1908 2400 non

337 2453 543 2494 moror.

409 2529 690 2585 Col.‘565.
748 2533 936 2586 Aman.
977 2531 1239 2601 Scaliger.
1292 2546 1410 2600 qua:
1455 2530 1574 2598 ejus
1609 2539 1694 2584 est
1739 2529 1911 2584 conli-

337 2618 548 2682 dentia.
597 2621 816 2690 perinde
863 2632 1027 2691 atque
1071 2637 1260 2676 omnes
1308 2637 1374 2674 ex
1427 2619 1568 2674 LXX
1620 2619 1910 2674 Seuiorum

337 2711 593 2763 versione
633 2709 850 2764 codices
902 2709 1188 2764 lustrasset
1246 2709 1438 2770 oculis,
1495 2715 1751 2775 pernegat
1811 2721 1912 2759 ex-

338 2800 544 2856 stitisse
575 2815 809 2867 unquam
834 2802 924 2868 qui
958 2816 1086 2854 ann.
1121 2801 1182 2853 l2
1206 2815 1337 2853 ann.
1367 2799 1614 2852 Ammoni
1638 2797 1909 2858 tribuerit.

340 2892 558 2944 mentiri
592 2901 771 2945 autent
823 2893 898 2944 ait
937 2892 1116 2945 dedita
1147 2907 1307 2959 opera
1345 2889 1659 2954 Eusebium,
1710 2901 1766 2942 ut
1797 2903 1912 2942 sum

341 2982 624 3049 hyputhesi
686 2982 966 3046 inserviat,
1013 2997 1135 3037 cum
1186 2983 1326 3050 apud
1367 2980 1506 3034 LXX
1559 2997 1626 3034 ne
1689 2980 1911 3034 minima

338 3072 560 3140 quidem
612 3074 733 3141 ejus
777 3075 852 3128 rei
883 3073 1123 3143 suspicio
1149 3083 1344 3127 exstet.
1375 3073 1526 3127 Mitto
1556 3073 1756 3140 quibus
1785 3087 1911 3125 eum

338 3165 637 3219 insectatur
663 3166 932 3226 convicia.
961 3175 1016 3218 ct
1045 3165 1448 3236 Syncellianurn
1471 3163 1914 3227 illud,‘i"ad&stat

336 3253 395 3305 δὲ
439 3253 721 3316 Εὐσέϐιος,
761 3255 905 3323 quod
941 3254 1213 3323 iniquiore
1241 3254 1418 3308 adhuc
1447 3269 1609 3306 sensu
1651 3253 1906 3322 explicat.

341 3343 398 3397 Si
433 3345 640 3397 nullum
673 3360 857 3399 revera
891 3345 1172 3416 exemplar
1212 3355 1522 3414 superesset
1554 3344 1755 3400 Grzecae
1789 3345 1910 3414 ejus

336 3436 625 3498 versionis.
673 3435 818 3504 quod
869 3435 1098 3502 δώδεκα,
1142 3451 1238 3506 pro
1266 3435 1367 3488 δύο
1399 3437 1491 3506 ἐτη
1534 3437 1601 3491 dc
1644 3437 1908 3491 Ammone

336 3513 566 3593 legeret.
589 3527 712 3594 jure
742 3535 920 3580 tamen
948 3527 1259 3596 deneganda
1299 3527 1430 3580 fides
1477 3543 1581 3580 non
1628 3537 1743 3580 erat
1775 3528 1909 3582 scri-

337 3617 474 3686 ptori
507 3626 717 3679 nostro,
758 3633 870 3670 rem
903 3617 1148 3686 prudenti
1179 3616 1259 3670 sui
1303 3618 1597 3682 temporis:
1643 3617 1690 3668 in
1721 3632 1825 3686 qua
1857 3615 1905 3670 si

337 3719 445 3761 tam
503 3710 753 3778 projectu:
801 3709 994 3763 frontis
1034 3709 1358 3772 temeritate,
1391 3724 1510 3778 quze
1541 3725 1607 3762 ne
1656 3711 1706 3761 in
1758 3707 1908 3762 sana:

334 3802 554 3870 quidem
583 3802 780 3856 mentis
817 3801 1115 3865 hominem,
1145 3815 1214 3855 ne
1240 3801 1415 3854 dicam
1466 3799 1778 3866 Eusebium,
1815 3814 1906 3852 ca-

335 3895 506 3956 deret,
570 3891 764 3946 fuisse!
813 3894 1092 3955 mentitus.
1151 3899 1360 3961 poterat
1416 3892 1596 3946 statim
1629 3908 1657 3944 a
1703 3893 1906 3946 lectore

335 3984 754 4051 qum'unquede
791 3981 1078 4036 mendacio
1127 3983 1472 4051 reprehendi,
1535 3983 1644 4036 imo
1700 3983 1904 4036 scelere

334 4072 699 4139 nefario,un
726 4085 910 4126 sacras
931 4071 1240 4139 Scripturas
1262 4071 1636 4126 adulterasset.
1670 4069 1905 4124 Omnino

335 4173 518 4216 autem
562 4178 669 4216 non
697 4163 893 4232 potuit,
928 4166 1058 4232 quin
1091 4164 1210 4217 falsi
1243 4174 1561 4231 argueretur
1583 4182 1610 4215 a
1647 4164 1704 4218 S.
1739 4165 1905 4218 inter-

335 4267 489 4324 prete
539 4254 888 4326 Hieronymo.
921 4271 1031 4324 quo
1061 4271 1221 4310 nemo
1262 4256 1541 4310 hominum
1593 4257 1900 4326 (dicendum

335 4353 424 4395 est
451 4343 623 4410 enim)
659 4343 963 4413 Scripturas
982 4344 1178 4398 melius
1214 4346 1383 4410 novit,
1413 4343 1906 4415 nemodiligentius

335 4433 562 4489 Hebraea
600 4451 721 4488 cum
755 4434 957 4490 Graecis
984 4435 1282 4488 contendit.
1312 4435 1380 4488 At
1413 4449 1540 4490 vero
1572 4433 1746 4506 quid?
1777 4449 1903 4490 cum

333 4538 557 4592 superet
610 4525 901 4580 hodienum
952 4540 1094 4580 unus
1160 4540 1226 4578 ex
1277 4525 1544 4595 ejusmodi
1599 4525 1906 4590 codicibus.
1940 4543 1986 4598 ι)

334 4633 476 4687 quos
525 4616 790 4673 Eusebius
819 4617 1035 4672 laudat:
1097 4628 1261 4686 atque
1285 4618 1374 4672 ille
1423 4617 1640 4687 quidem
1695 4618 1908 4674 cameris

337 4713 705 4779 pmstantior,
738 4719 884 4766 certe
912 4711 1188 4779 antiquior
1212 4710 1488 4764 omnibus.
1522 4708 1788 4764 Nimirum
1811 4709 1905 4779 qui

331 4801 737 4858 Alexandrinus
764 4803 922 4873 vulgo
951 4803 1124 4868 audit,
1158 4811 1210 4856 et
1235 4803 1299 4854 ad
1341 4803 1459 4871 ejus
1493 4802 1745 4857 Ecclesia:
1774 4816 1906 4858 usus

333 4895 681 4964 pertinebat:
709 4894 941 4949 fortasse
963 4906 1144 4948 autem
1174 4894 1365 4961 magis,
1398 4895 1451 4947 in
1483 4894 1690 4963 aliquot
1713 4894 1903 4948 saltem

334 4987 514 5051 libris,
550 4986 958 5041 Palestinorum
984 4985 1120 5040 ritus
1139 4995 1191 5040 et
1212 4986 1632 5041 consuetudines
1659 4985 1906 5056 respicit,

331 5089 397 5132 ut
435 5092 501 5130 ex
534 5077 858 5132 lectionibus
897 5077 1045 5140 aliis,
1093 5087 1258 5147 atque
1311 5077 1694 5148 hypethesibus
1733 5078 1903 5134 Euse-

337 5170 516 5224 bianis
537 5171 749 5222 ostendi
777 5180 972 5238 potest.
1027 5170 1250 5224 Prazfcrt
1277 5187 1440 5239 porro
1470 5171 1567 5223 istc
1623 5170 1902 5238 conceptis

334 5261 520 5314 verbis
549 5260 612 5314 IV
647 5260 780 5331 Reg.
812 5276 931 5329 cap.
963 5277 1073 5327 xxi,
1097 5277 1243 5316 vers.
1272 5263 1333 5314 19
1361 5277 1376 5317 :
1420 5259 1648 5330 Ἀμμὼν
1695 5259 1904 5312 δώδεκα

335 5353 436 5421 ἔτη
472 5350 822 5404 ὲὸασίλευσεν
857 5353 916 5404 ὲν
961 5350 1341 5420 Ἰερουσαλήμ.
1377 5351 1595 5404 Minime
1642 5351 1766 5403 hinc
1805 5363 1904 5418 ego

335 5443 658 5498 conclusum
713 5441 888 5505 ierim,
949 5452 1134 5495 contra
1203 5441 1408 5496 llebrrei
1490 5451 1667 5495 textus
1719 5441 1900 5504 fidem.

338 5537 503 5591 unice
555 5550 740 5591 veram
790 5535 928 5590 hanc
967 5548 1110 5595 esse.
1147 5550 1304 5601 quam
1353 5534 1521 5588 codex
1559 5533 1656 5586 iste
1689 5532 1903 5599 praefert

335 5627 648 5690 lectionem,
715 5626 843 5695 quin
901 5627 1008 5680 imo
1078 5623 1256 5677 malim
1295 5621 1624 5684 ccontrario,
1677 5619 1900 5675 rescribi

333 5719 500 5770 etiam
535 5734 598 5770 co
641 5719 740 5771 loci
770 5717 900 5784 δύος
944 5720 1036 5773 sed
1084 5721 1185 5771 hoc
1212 5716 1296 5769 aio
1332 5715 1542 5766 I'Lusebii
1573 5713 1728 5766 fidem
1763 5713 1899 5766 libe-

337 5812 444 5864 rari
470 5828 486 5876 ;
511 5821 563 5865 et
595 5813 846 5880 quoniam
871 5827 1110 5881 quaerere
1141 5826 1248 5864 non
1279 5816 1456 5861 cessat
1491 5805 1753 5875 Scaliger,
1775 5805 1900 5874 quis

2015 1997 2234 2036 necesse
2262 1994 2365 2038 CSl.
2876 2022 2877 2025 η

2079 2072 2194 2126 Col.
2220 2075 2344 2128 565.
2376 2072 2637 2128 Alcmwon
2661 2073 2836 2127 clarus
2861 2072 3100 2133 habetur.
3131 2071 3326 2124 lterqu
3351 2067 3588 2123 Sclmrz-

2012 2162 2308 2224 lleischius.
2385 2164 2691 2230 Alclrmeou,
2717 2163 2909 2231 inquit,
2937 2162 2990 2215 in
3023 2161 3195 2215 Palat.
3228 2175 3358 2215 mss.
3387 2160 3586 2228 primo,

2011 2266 2064 2310 et
2094 2258 2252 2308 tertio
2301 2254 2614 2318 Alchmeou.
2661 2257 2714 2309 in
2752 2253 2995 2310 secundo
3023 2252 3265 2316 Almeon,
3297 2251 3350 2304 in
3383 2259 3577 2320 quarto

2012 2344 2280 2402 Alcmeou.
2321 2345 2375 2397 in
2407 2343 2531 2400 aliis
2559 2344 2718 2398 libris
2746 2343 3016 2396 Alcimeon
3050 2350 3298 2398 vocatur.
3332 2340 3589 2394 Alcmeort

2014 2433 2066 2488 in
2097 2434 2316 2488 Alcman
2379 2434 2549 2504 igitur
2577 2444 2787 2489 mutare
2819 2433 3011 2496 nolim.
3066 2430 3336 2501 quidquid
3365 2431 3598 2485 tandem-

2013 2524 2081 2578 de
2115 2524 2439 2580 confusione
2474 2525 2668 2580 horum
2701 2525 2986 2579 nominum
3011 2533 3208 2592 prater
3243 2521 3582 2592 Scaligerqu

2012 2613 2158 2668 dicat
2221 2614 2474 2685 Egidius
2544 2615 2822 2684 Menagius
2877 2615 2943 2668 ad
3005 2611 3213 2668 Laertii
3287 2611 3386 2666 lib.
3462 2623 3584 2673 vnn,

2012 2721 2180 2772 segni.
2205 2707 2295 2762 83.
2317 2707 2470 2762 Alius
2499 2715 2683 2762 noster
2702 2715 2787 2760 est
2817 2706 2884 2758 ab
2913 2706 3211 2758 Alcmmone
3245 2703 3325 2774 τῷ
3352 2699 3588 2771 φυσικῷ,

2013 2798 2282 2867 Antigono
2338 2797 2584 2867 Carystio
2621 2811 2741 2866 cap.
2807 2795 2897 2862 92,
2947 2811 3068 2864 pag.
3109 2795 3202 2860 76,
3271 2791 3593 2863 παραδόξων

2017 2887 2361 2954 συναγωγῆς,
2396 2897 2715 2941 memorato.
2755 2885 2898 2940 Sine
2926 2888 2987 2937 τὸ
3034 2887 3281 2956 Ἀλκμὰν
3317 2885 3576 2939 Doricum

2014 2989 2114 3042 est,
2147 2989 2201 3034 et
2224 2994 2294 3034 ex
2324 2980 2636 3047 Ἀλκμαίων
2667 2979 2892 3034 factum.
2930 2978 3102 3033 Notus
3134 2990 3216 3034 est
3246 2981 3327 3032 vel
3379 2995 3408 3032 c
3441 2979 3580 3032 Pau-

2017 3071 2168 3126 sania
2230 3071 2507 3126 Alcmaeon
2567 3071 2737 3126 frater
2789 3072 3157 3140 Amphilochi.
3203 3071 3358 3126 Hunc
3395 3070 3587 3124 eodem

2017 3164 2198 3227 modo,
2225 3162 2418 3218 Dorica
2448 3162 2685 3218 dialecto
2713 3178 2848 3218 usus
2877 3162 3146 3216 Pindarus
3175 3162 3460 3230 ’Λλκμᾶνα
3496 3177 3590 3214 vo-

2019 3256 2164 3309 cavit
2196 3255 2330 3309 [Ιυθ.
2364 3254 2438 3324 η’,
2471 3271 2524 3311 v.
2558 3254 2648 3309 66.
2684 3255 2788 3309 Sed
2822 3270 2922 3310 nec
2953 3270 3077 3308 eum
3113 3255 3391 3323 Scaligero
3421 3253 3591 3308 Laco-

2019 3362 2139 3402 nem
2167 3364 2292 3402 eum
2327 3348 2492 3403 fuisse
2537 3348 2886 3414 crediderim,
2915 3363 3104 3402 verum
3138 3348 3344 3419 Lydum
3383 3347 3590 3416 potius.

2016 3438 2288 3494 Laconem
2313 3440 2458 3494 enim
2487 3440 2720 3494 dialecto
2751 3457 2882 3495 usus
2907 3451 3010 3503 est,
3041 3440 3169 3510 quia
3204 3439 3447 3495 Gmeam
3479 3439 3588 3493 lin-

2014 3547 2173 3602 gnam
2199 3538 2408 3602 Sparta:
2430 3535 2646 3587 dcnntm
2667 3535 2873 3588 didicit.
2901 3533 3036 3588 Nam
3053 3531 3221 3601 quod.
3245 3532 3372 3602 quia
3404 3532 3587 3600 Lydus

2017 3624 2142 3687 luit.
2183 3623 2364 3678 ionica
2397 3625 2575 3692 potius
2603 3624 2704 3692 ipsi
2749 3625 3015 3678 dialectos
3051 3623 3213 3677 fuerit
3241 3623 3584 3692 usurpanda,

2019 3717 2160 3783 unde
2212 3717 2431 3770 demum
2483 3715 2790 3784 probatur?
2838 3715 3022 3784 Neque
3062 3713 3197 3785 Lydi
3221 3715 3364 3767 enim
3397 3712 3588 3768 Gneco

2018 3804 2400 3873 loquebantur,
2451 3803 2571 3866 sed,
2609 3818 2731 3857 cum
2781 3802 3080 3873 Phrygibus
3129 3810 3184 3855 et
3239 3800 3426 3872 Mysis.
3459 3799 3589 3853 bar-

2017 3893 2164 3948 baris
2193 3897 2644 3950 accensebantur.
2675 3897 2948 3949 Hactenus
2971 3894 3060 3949 ille
3087 3911 3103 3960 ;
3129 3895 3422 3948 manifesto
3441 3893 3586 3946 enim

2016 3986 2068 4039 in
2099 4004 2165 4041 eo
2188 3987 2553 4043 hallucinatur
2581 3988 2720 4057 quod
2750 3987 2934 4043 subdit
2954 3997 3134 4041 vetere
3167 3987 3586 4057 epigrammate,

2015 4076 2068 4129 in
2097 4091 2204 4145 quo
2233 4078 2550 4132 Alcmanum
2585 4080 2816 4148 putatde
2845 4093 2903 4132 se
2928 4077 3112 4133 dicere
3133 4077 3339 4147 Sparta:
3362 4077 3584 4130 demum

2013 4168 2188 4221 civem
2225 4167 2450 4233 factum,
2487 4180 2542 4224 et
2574 4169 2780 4225 Graecis
2808 4170 3004 4225 litteris
3031 4170 3324 4224 eruditum.
3350 4169 3589 4222 llabctur

2015 4259 2144 4312 illud
2195 4262 2335 4330 apud
2374 4261 2720 4315 Plutarchum
2746 4261 2842 4315 lib.
2877 4260 2946 4315 de
2999 4261 3205 4316 Exsilio
3239 4261 3344 4315 sub
3387 4261 3579 4313 init.in

2015 4351 2131 4404 bare
2160 4352 2323 4406 verba
2351 4366 2366 4407 :

2014 4479 2126 4533 Καὶ
2161 4479 2367 4548 μούσας
2389 4479 2552 4549 ἐδάην
2583 4477 2914 4550 Ἑλληνίδας,
2957 4478 3018 4531 αἶ
3065 4496 3134 4550 με
3167 4481 3415 4550 τυρᾶννῳ
3450 4481 3580 4544 (non

2821 4563 2826 4570 ‘
3153 4551 3431 4602 ’τυράννουἲ

2077 4620 2266 4688 Θῆκαν
2289 4619 2640 4673 Δασκυλίδδω
2669 4619 2967 4689 κρείσσονα
2999 4621 3093 4672 καὶ
3115 4565 3586 4689 (εὗῖεῗξςοιέἐγεω.

2103 4733 2304 4796 Graecae,
2334 4747 2458 4796 quas
2477 4732 2612 4792 novi,
2634 4746 2789 4796 musae
2812 4733 2978 4782 fecere
3000 4737 3209 4790 tyranno

2164 4794 2228 4852 Ut
2248 4795 2340 4843 sim
2355 4794 2617 4856 'Dascylida
2638 4794 2788 4844 ditior
2811 4798 2918 4855 ipse
2965 4797 3126 4857 Gyge.

2007 4893 2079 4948 At
2116 4908 2220 4946 non
2269 4893 2337 4948 de
2382 4910 2442 4948 se
2488 4894 2558 4948 ibi
2589 4894 2812 4948 Alcman
2860 4894 3126 4961 loquitur,
3166 4910 3344 4966 neque
3375 4897 3426 4951 id
3454 4912 3585 4951 sane

2011 4982 2332 5037 Plutarchus
2353 4983 2517 5038 verbo
2533 4984 2874 5054 signiﬁcavit.
2910 4983 2950 5036 Ε
2965 4986 3242 5041 contrario
3261 4987 3448 5042 docuit
3469 4988 3586 5043 Sal-

2007 5073 2212 5129 masius
2270 5073 2337 5128 ad
2393 5074 2636 5129 Soliuum
2691 5089 2742 5142 p.
2781 5075 2906 5138 578,
2941 5090 3049 5146 quo
3081 5076 3207 5131 loco
3245 5079 3584 5150 epigramma

2006 5164 2263 5231 illustrat,
2312 5164 2442 5218 illud
2491 5180 2613 5220 esse
2657 5165 2948 5220 Alexandri
3011 5167 3204 5235 ΛΕιοΙί,
3256 5173 3348 5239 qui
3411 5171 3586 5226 ferme

2005 5255 2320 5326 quingentis
2370 5257 2440 5311 ab
2469 5257 2596 5312 hinc
2641 5260 2802 5314 anuis
2827 5261 2980 5324 vixit.
3006 5270 3062 5316 et
3091 5263 3204 5327 cui.
3238 5273 3424 5332 utpote
3452 5281 3578 5333 ger-

2008 5364 2165 5403 mano
2216 5348 2446 5412 auctori,
2484 5349 2537 5403 in
2582 5348 2811 5406 Sclredis
2853 5368 3069 5424 quoque
3103 5369 3234 5409 mss.
3299 5355 3579 5408 tribuitur.

2006 5439 2189 5510 Pergit
2222 5455 2386 5509 porro
2409 5441 2548 5496 idem
2577 5440 3091 5510 Sclmraﬂeiscbius,
3116 5445 3276 5510 Novi,
3301 5446 3579 5514 inquiens,

2009 5541 2210 5596 tamen,
2254 5529 2525 5586 Laconem
2581 5550 2706 5588 cum
2767 5539 2970 5600 vocari,
3026 5535 3302 5591 Demetrio
3335 5539 3582 5594 'l‘ricliuo

2007 5620 2071 5675 ad
2124 5621 2410 5690 Sophoclis
2456 5623 2677 5691 Ajacem
2719 5626 3124 5694 ματτιγοφὸρον
3155 5626 3284 5696 περὶ
3335 5627 3580 5699 μέτρων,

2003 5731 2122 5786 pag.
2183 5714 2307 5782 455,
2369 5716 2633 5773 Clementi
2688 5719 3051 5776 Alexandrino
3124 5718 3219 5776 lib.
3279 5736 3293 5775 l
3357 5722 3582 5794 Στρωμ,

2006 5820 2127 5876 pag.
2161 5804 2288 5871 508.
2327 5805 2530 5872 Suidre.
2557 5817 2612 5862 ct
2652 5806 2790 5861 aliis.
2825 5805 2979 5860 Plura
3009 5806 3076 5860 de
3112 5807 3216 5865 hac
3257 5822 3334 5874 re.
3367 5818 3419 5864 et
3447 5824 3572 5866 cex.
