3964 6186
380 377 584 432 tatioae
626 393 640 426 :

380 468 478 523 lib.
508 484 522 522 ι
547 506 561 531 ,
589 482 708 538 cap.
742 467 842 522 105
869 475 921 520 et
954 464 1079 520 t06.
1108 463 1322 536 Scylhre
1342 505 1357 527 ,
1386 463 1694 519 Cimmeriis
1726 466 1911 534 ejectis
1932 505 1947 530 ,

383 564 512 612 dum
553 558 819 627 fugientes
857 556 1240 626 insequuntur,
1281 556 1335 609 in
1374 555 1603 609 Mediam
1648 572 1818 625 usque
1858 573 1951 626 pe-

387 659 705 712 netrarunt,
744 656 908 716 atque
948 648 1074 701 hinc
1114 655 1258 700 recta
1303 646 1356 700 in
1395 645 1686 716 Egyptum
1730 658 1951 701 conten-

387 741 580 794 debant
605 779 618 800 ,
652 755 774 792 cum
802 738 916 809 jam
953 738 1161 809 Syriam
1193 737 1539 791 Palaestinam
1570 737 1831 805 ingressis
1862 753 1952 790 oc-

387 830 1046 895 currit.Psammitichus,
1087 836 1140 884 et
1180 846 1286 899 qua
1329 829 1603 897 precibus,
1645 845 1750 896 qua
1791 829 1951 884 donis

388 925 730 991 itttpett‘m‘it,
780 937 850 977 ne
900 923 1130 976 ulterius
1182 921 1658 990 progrederemur.
1709 920 1952 990 Scaliger

388 1016 527 1068 hunc
563 1026 681 1085 post
721 1016 1120 1082 subsequentes
1154 1023 1387 1083 quatuor
1423 1003 1708 1080 periochas
1747 1012 1950 1078 diti‘ert,

385 1118 447 1156 ac
485 1120 637 1157 num.
681 1104 816 1158 1586
853 1104 1135 1173 assignat;
1175 1103 1564 1174 Hieronymum
1609 1120 1825 1174 quoque
1864 1120 1952 1159 re-

346 1254 349 1258 ,
388 1191 668 1258 prehendit
715 1192 782 1246 de
830 1193 1105 1247 memoriae
1149 1193 1327 1261 lapsu,
1377 1194 1521 1260 quod
1573 1192 1851 1262 scripserit
1898 1195 1952 1246 in

389 1281 674 1352 Epitaphio
708 1281 979 1348 Fabiola},
1012 1284 1152 1352 epist
1189 1283 1256 1335 77
1290 1284 1342 1336 in
1379 1284 1694 1338 recensione
1729 1293 1914 1338 nostra
1936 1325 1952 1350 ,

389 1389 539 1429 num.
576 1375 610 1428 8
645 1392 660 1429 :
697 1373 850 1428 Hane
885 1382 1087 1444 gentem
1129 1375 1500 1444 (Scytharum)
1538 1373 1834 1427 Herodotus
1867 1391 1955 1428 re-

386 1467 488 1530 fert
514 1464 608 1519 sub
637 1463 802 1518 Dario
830 1480 947 1535 rege
973 1461 1273 1529 Medorum,
1304 1465 1484 1532 rigiuti
1509 1465 1660 1517 annis
1688 1461 1956 1518 Orientem

387 1557 616 1610 tenuisse
646 1556 928 1624 captivum,
957 1567 1113 1627 atque
1144 1558 1208 1610 ab
1243 1556 1508 1626 zEgyptiis
1538 1565 1586 1609 et
1616 1553 1956 1626 ﬁthiopibus

387 1664 617 1702 annuum
657 1648 886 1718 exegisse
926 1649 1152 1720 vectigal
1190 1666 1207 1704 :
1249 1665 1370 1715 quae
1407 1648 1628 1718 quidem
1671 1663 1808 1713 nos,
1848 1665 1954 1719 qua

1667 261 2059 322 VALLARSII
2104 263 2344 324 NUT/E.

686 382 975 445 repetenda
1017 384 1146 428 vero
1194 382 1276 427 est
1320 371 1529 440 integra
1561 380 1633 426 'cx
1676 373 1950 427 Herodoto
1981 383 2020 434 Α
2057 373 2148 428 tiis
2179 375 2431 444 Astyagis
2464 377 2644 436 anuis.
2679 376 2900 444 partim,
2933 385 2988 432 et
3017 377 3237 448 quidem
3282 375 3620 447 potissimum

3525 259 3625 323 9:7)

2056 466 2109 519 in
2145 481 2228 527 eo,
2267 467 2406 534 quod
2445 467 2686 536 Scaliger
2715 469 2834 523 loco
2865 469 3157 524 certissimi
3191 471 3499 536 argumenti
3530 469 3618 520 ba-

2056 558 2254 622 buerit,
2303 559 2596 630 Cyaxat‘etn
2645 559 2925 614 Medorum
2978 576 3156 630 regem
3208 562 3443 628 coepisse
3486 576 3623 614 anno

2052 654 2292 704 secundo
2324 653 2522 722 olymp.
2577 652 2821 720 septimae
2882 653 3216 708 tricesima:
3270 654 3485 714 Actum,
3543 653 3621 703 in-

2053 743 2191 808 quit,
2226 742 2315 796 lib.
2348 758 2402 796 tn
2437 741 2640 797 Cauon.
2668 741 2879 813 Isagog.
2903 760 2957 812 p.
3003 741 3128 806 3H,
3158 752 3268 795 tum
3319 744 3385 795 de
3435 743 3623 809 eporha

2054 831 2173 886 Beli
2203 843 2361 902 atque
2400 834 2606 900 regibus
2650 833 2815 887 Medis
2843 841 2994 896 esset,
3037 842 3148 886 tum
3172 833 3330 886 etiam
3387 833 3451 884 de
3505 847 3623 898 epo-

2055 925 2148 976 clta
2178 926 2417 983 Arbacis.
2446 927 2546 978 nisi
2578 927 2791 979 initium
2819 924 3080 994 Cyaxaris
3121 924 3452 982 haberemus,
3478 939 3620 990 quem

2057 1031 2195 1067 anno
2219 1015 2446 1068 secundo
2485 1017 2679 1087 olymp.
2706 1019 2770 1071 57
2816 1019 3093 1084 imperium
3142 1016 3341 1074 iniisse.
3369 1023 3422 1068 et
3459 1012 3622 1066 Euse-

2058 1108 2174 1160 bius
2209 1117 2400 1173 noster,
2427 1119 2474 1162 et
2504 1110 2598 1161 alii
2634 1119 2828 1162 veteres
2857 1117 3098 1160 auctores
3127 1116 3270 1160 sunt.
3305 1104 3621 1173 Deprehenso

2057 1201 2236 1268 itaque
2256 1198 2510 1268 Cyaxaris
2536 1200 2710 1261 initio,
2746 1216 2846 1254 non
2871 1198 3041 1256 solum
3072 1197 3313 1259 Arbacis,
3337 1195 3430 1251 sed
3473 1195 3621 1248 etiam

2057 1288 2171 1344 Beli
2202 1293 2417 1344 initium
2459 1293 2826 1355 adipiscimur.
2847 1289 3178 1344 Iamdudum
3206 1289 3472 1343 mendum.
3492 1288 3621 1356 apud

2064 1383 2357 1438 Diodorum
2393 1385 2709 1446 notavimus,
2771 1382 2915 1452 apud
2948 1397 3101 1453 quem
3149 1379 3370 1452 legimus
3417 1378 3615 1450 Cyam-

2057 1493 2166 1530 rem
2199 1492 2412 1546 regnum
2430 1478 2611 1530 iniisse
2647 1491 2787 1529 anno
2809 1475 2844 1527 2
2872 1473 3068 1544 olymp.
3099 1471 3186 1537 ΓΙ,
3214 1487 3330 1525 cum
3357 1469 3619 1542 legendum

2057 1567 2149 1630 sit,
2181 1565 2512 1636 ὀλυμπιάδος
2545 1565 2644 1630 λζ’,
2680 1582 2784 1619 non
2837 1575 3009 1619 autem
3041 1561 3130 1628 ιζ’,
3175 1571 3254 1618 est
3308 1565 3446 1617 enim
3487 1576 3622 1616 error

2059 1655 2408 1717 librarii,non
2440 1655 2692 1708 auctoris.
2735 1654 2957 1708 Videtur
2998 1654 3215 1723 quidem
3265 1651 3526 1708 Eusebius
3569 1654 3616 1705 id

385 1738 599 1793 defendi
647 1739 858 1794 ratione
897 1752 1165 1810 possunt,
1208 1741 1260 1794 iu
1301 1738 1456 1794 Notis
1497 1739 1565 1794 ad
1605 1755 1728 1795 eum
1775 1741 1952 1795 locmu
1987 1741 2032 1796 Β
2061 1747 2265 1810 dicere,
2309 1746 2452 1816 quod
2517 1747 2593 1800 ait
2658 1745 2935 1816 Scaliger;
2994 1746 3168 1817 possit
3226 1755 3406 1800 tamen
3463 1744 3622 1799 videri

386 1831 640 1886 diximus.

461 1923 594 1976 lbid.
646 1922 936 1994 Myrr/treus
983 1934 1156 1993 poeta.
1208 1923 1476 1977 Rescrilnit
1529 1924 1767 1994 Scaliger
1823 1925 1959 1994 Tyr-

388 2015 574 2078 thu'ns,
624 2015 764 2084 quod
814 2025 866 2068 et
915 2017 1072 2070 nobis
1119 2016 1336 2084 quidem
1389 2016 1646 2084 probatur
1695 2033 1804 2085 prae
1852 2017 1960 2070 Mi-

387 2110 605 2170 stlurus,
633 2117 686 2158 et
711 2107 940 2176 Mysteus
969 2117 1019 2162 et
1049 2107 1307 2178 Myrteus,
1334 2118 1387 2162 et
1415 2107 1666 2177 Myrieus.
1693 2119 1748 2163 et
1777 2109 1822 2162 si
1851 2125 1959 2178 qua

387 2197 490 2250 alia
536 2207 664 2251 sunt
705 2197 759 2251 in
807 2199 1047 2268 antiquis
1093 2200 1246 2255 libris
1291 2200 1570 2254 nominum
1617 2210 1958 2264 commenta,

387 2302 508 2357 quae
549 2303 648 2341 nec
686 2287 928 2343 Graecam
969 2289 1233 2359 originem
1275 2289 1513 2357 sapiunt.
1554 2286 1696 2342 Sane
1732 2296 1785 2343 et
1821 2287 1959 2360 Tyr-

389 2390 549 2434 taettltl
607 2391 764 2436 vocat
823 2380 1148 2436 Plutarchus
1185 2381 1237 2434 in
1273 2380 1874 2451 Apophthcgmatibus,
1908 2391 1963 2438 et

387 2469 645 2528 lioratius
678 2473 744 2528 de
774 2473 903 2528 Arte
933 2473 1148 2528 Poetica
1183 2489 1234 2529 ν.
1267 2473 1372 2528 402
1403 2492 1417 2530 :

511 2583 836 2646 Tyrtaeusque
858 2597 1017 2634 mares
1047 2584 1235 2635 animos
1260 2587 1310 2634 in
1334 2588 1505 2636 martia
1525 2587 1655 2638 bella

513 2644 544 2692 Ὗ
556 2643 766 2693 ὲιείὴιιέ
804 2648 1020 2697 exacuit.
1055 2657 1060 2666 '

392 2747 639 2816 Denique
687 2746 907 2812 Suidas,
949 2751 1039 2820 qui
1081 2751 1377 2820 Τηρσατος,
1419 2750 1525 2815 ait,
1557 2751 1774 2822 ἤκμαζε
1822 2751 1965 2806 κατὰ

391 2838 492 2909 τὴν
528 2838 602 2891 λε’
631 2838 979 2908 ὀλυμπιάδα,
1020 2853 1129 2908 quo
1173 2839 1292 2892 loco
1333 2852 1616 2907 perperam
1657 2837 1694 2891 S
1718 2838 1966 2892 msonius

395 2932 804 2987 rescribendum
836 2932 1114 2986 contendit
1145 2938 1245 2996 κε’,
1279 2932 1328 2994 id
1360 2941 1443 2986 est
1471 2932 1543 2985 25
1573 2931 1960 3002 olytrpiadem.

392 3024 472 3079 lbi
502 3026 645 3078 enim
677 3023 874 3079 Suldas
899 3025 1159 3096 aqualem
1187 3041 1310 3077 eum
1344 3024 1470 3078 facit
1496 3035 1699 3093 septem
1729 3024 1961 3092 Sapien-

393 3118 561 3181 tibus,
595 3133 825 3187 quorum
857 3116 1158 3186 olympiade
1189 3115 1257 3168 55
1290 3115 1524 3169 maxime
1556 3114 1754 3168 famam
1789 3114 1966 3168 incre-

398 3208 602 3272 buisse,
640 3217 982 3272 compertum
1017 3216 1119 3261 est.
1158 3205 1418 3273 Superest
1453 3201 1612 3271 hujus
1651 3213 1822 3274 poetae
1855 3219 1966 3258 non

399 3295 856 3349 contemnendum
910 3294 1272 3363 fragmentum
1324 3295 1375 3347 iu
1423 3291 1684 3348 Oratione
1734 3292 1966 3365 Lycurgi

402 3386 638 3440 rhetoris
670 3396 853 3440 contra
887 3385 1229 3441 Leocratem.
1257 3383 1394 3439 Vide
1425 3396 1481 3441 et
1512 3385 1835 3442 Strabonem
1875 3387 1968 3441 lib.

403 3494 529 3541 \‘tlt,
561 3477 836 3533 Justiuum
870 3495 962 3545 ιιι,
994 3488 1102 3534 etc.
1132 3477 1284 3544 Quod
1318 3495 1440 3532 eum
1472 3478 1857 3534 Atheniensem
1891 3479 1972 3534 fa-

403 3569 477 3624 eit
506 3571 798 3630 Eusebius.
825 3570 1140 3637 comprobat
1169 3578 1220 3620 et
1250 3568 1546 3624 Pausanias
1573 3569 1628 3623 in
1656 3568 1973 3626 MeSsenicis

403 3675 523 3730 cap.
568 3661 654 3716 15.
698 3661 895 3715 Suidas
935 3670 1112 3714 autem
1155 3660 1291 3714 falso
1329 3659 1636 3726 Laconem,
1681 3660 1760 3714 vel
1809 3662 1972 3716 etiam

403 3752 673 3806 Milesium
708 3753 860 3808 dicit.
898 3752 1052 3806 Adde
1083 3761 1138 3808 et
1173 3751 1430 3806 Scholion
1465 3749 1714 3807 Cir-etcum
1745 3751 1811 3807 ad
1848 3752 1974 3807 Dio-

403 3844 490 3898 nis
518 3845 676 3911 λόγον
707 3843 773 3913 β’.

479 3937 611 3991 ibid.
650 3937 840 3990 Battus
875 3935 1104 3989 condidit
1141 3935 1413 4006 Cyreuem.
1450 3937 1605 4008 Apud
1643 3936 1977 4004 Scaligerum

407 4037 738 4098 praepostero
773 4028 968 4081 Ordine
1003 4029 1236 4096 primum
1277 4029 1496 4098 Sinope,
1535 4029 1728 4082 deinde
1764 4028 1978 4096 Lipara,

409 4119 572 4172 tertio
607 4118 816 4188 Cyrene
853 4129 1223 4172 recensentur.
1261 4116 1334 4171 De
1371 4120 1474 4173 hac
1505 4119 1709 4174 dictttm
1746 4120 1879 4175 satis
1914 4123 1977 4173 ad

409 4210 768 4279 olympiadem
802 4211 866 4278 4,
902 4225 1014 4279 quo
1043 4211 1164 4264 loco
1193 4213 1381 4263 eadem
1419 4211 1581 4281 ῥῆσις
1611 4212 1875 4265 occurrit.
1908 4211 1981 4265 De

411 4299 616 4369 Sinope
636 4338 650 4362 ,
683 4313 844 4368 quam
879 4299 1079 4355 Critias
1111 4298 1256 4354 Cous
1291 4300 1608 4354 condidisse
1640 4299 1979 4369 perhibetur,

2063 1839 2276 1892 initium
2306 1838 2566 1906 Cyaxaris
2601 1839 2654 1889 in
2707 1837 2940 1908 primum
2994 1834 3317 1907 Olympiadis
3368 1835 3514 1889 illius
3561 1834 3622 1888 .31

2064 1930 2330 1985 Collocare
2366 1928 2546 1996 potius
2576 1943 2739 1997 quam
2764 1927 2817 1980 in
2854 1927 3106 1992 alterum,
3137 1926 3181 1981 si
3217 1925 3470 1980 Latinum
3501 1941 3622 1980 sane

2067 2021 2251 2076 videas
2285 2019 2592 2075 Chronicon
2625 2019 3016 2074 Ensebianum.
3051 2017 3259 2072 Dmerit
3293 2033 3418 2072 vero
3445 2018 3495 2071 id
3531 2015 3625 2068 Eu-

2067 2115 2272 2170 sebius.
2301 2112 2552 2167 Nondum
2608 2123 2760 2168 certo
2806 2121 2988 2166 tamen
3040 2120 3270 2176 constat,
3301 2124 3434 2164 vero
3477 2109 3627 2161 etiam

2067 2215 2490 2264 consentaneum
2523 2204 2574 2258 id
2607 2219 2747 2267 esse,
2774 2212 2868 2256 aut
2897 2203 3120 2258 omnino
3153 2205 3279 2264 tale,
3315 2202 3402 2255 cui
3451 2198 3622 2254 statim

2067 2308 2180 2353 tuto
2215 2297 2395 2368 possis
2425 2295 2668 2350 credere.
2707 2295 2867 2350 Certe
2921 2294 3152 2364 ipsemet
3195 2290 3436 2362 Scaliger
3476 2291 3630 2344 Euse-

2069 2389 2228 2444 biaua
2257 2389 2574 2458 plerumque
2602 2387 2740 2440 solet
2766 2381 3028 2440 accusare
3067 2383 3323 2452 neglecta:
3353 2383 3452 2452 τῆς
3479 2383 3630 2447 ἀκρε-

2067 2480 2246 2547 6είας,
2281 2488 2445 2548 atque
2486 2477 2761 2532 interdum
2812 2477 3134 2546 perstringit
3175 2474 3466 2530 acerrime.
3518 2472 3630 2526 Dio-

2070 2575 2239 2628 dorus
2273 2585 2400 2625 vero
2428 2586 2538 2625 non
2569 2571 2808 2640 loquitur
2839 2572 2906 2622 de
2943 2583 3074 2624 vero
3099 2566 3366 2638 Cyaxare,
3398 2565 3626 2633 Astyagis

2070 2674 2245 2735 patre,
2273 2664 2367 2718 sed
2398 2664 2464 2718 de
2499 2663 2716 2733 Dejoce,
2751 2678 2911 2733 quem
2943 2676 3040 2732 per
3077 2657 3414 2729 μνημονικὸν
3453 2657 3623 2726 ἁμάρ-

2068 2771 2243 2824 τημα,
2271 2763 2331 2807 ut
2371 2753 2632 2816 arbitror,
2663 2749 2926 2822 Cyaxaris
2951 2750 3187 2818 appellat
3210 2747 3452 2802 nomine.
3481 2747 3625 2800 Certe

2070 2842 2331 2899 Herodoti
2369 2841 2458 2897 ille
2487 2842 2814 2896 sententiam
2846 2839 3038 2893 recitat
3091 2840 3153 2890 de
3186 2845 3427 2906 tempore
3458 2833 3626 2888 Medo-

2072 2952 2190 2991 rum
2216 2933 2366 3003 regni
2403 2934 2540 2989 satis
2571 2940 2738 2995 recte,
2764 2941 2972 2984 tantum
3001 2927 3141 2998 quod
3185 2927 3418 2997 primum
3460 2938 3622 2992 regem

2073 3027 2306 3096 appellet
2334 3023 2762 3096 Cyaxarem,qui
2811 3021 3032 3091 Dejoces
3079 3030 3182 3072 est.
3225 3017 3472 3086 llejocetn
3511 3029 3626 3065 vero

2077 3134 2180 3173 non
2207 3115 2424 3186 quidem
2471 3114 2731 3180 secundo,
2759 3112 2920 3166 tertio
2979 3121 3156 3167 tamen
3199 3107 3522 3178 olympiadis
3567 3103 3625 3156 t7

2072 3209 2326 3276 cmpisse,
2378 3207 2600 3261 omnino
2661 3220 2846 3259 verum
2897 3215 2979 3258 est
3015 3222 3029 3257 :
3070 3219 3191 3256 cum
3240 3200 3366 3270 Cyri
3431 3198 3623 3254 initium

2073 3302 2344 3372 pertineat
2376 3299 2442 3352 ad
2469 3313 2668 3352 annum
2728 3296 2752 3350 1
2815 3293 3136 3366 Olympiadis
3181 3289 3627 3360 quinquagesinue

2076 3394 2302 3464 quintae,
2336 3402 2389 3446 et
2417 3389 2694 3444 Medorum
2723 3401 2951 3458 regnum
2993 3383 3310 3455 βασιλευτὸν
3367 3380 3628 3434 duraverit

2081 3499 2256 3538 annos
2288 3481 2431 3546 150;
2473 3480 2618 3549 quod
2657 3487 2988 3547 postremum
3004 3471 3626 3528 docttitnosllerudotus.

2147 3573 2280 3629 Ibid.
2314 3570 2620 3627 Periander.
2646 3567 2914 3623 Successit
2941 3564 3169 3636 Cypselo
3193 3565 3331 3632 patri
3368 3564 3419 3614 in
3463 3572 3631 3631 tyran-

2077 3667 2226 3731 nide,
2259 3681 2422 3735 quam
2449 3674 2501 3717 et
2533 3677 2628 3732 per
2661 3660 3013 3731 quadraginta
3061 3672 3236 3711 annos
3282 3658 3473 3708 tenuit.
3533 3656 3633 3706 Αιιο

2078 3767 2256 3814 ctores
2282 3754 2588 3808 Herodoms
2625 3752 2719 3807 lib.
2756 3765 2945 3817 v,cap.
2982 3748 3072 3814 93,
3104 3758 3159 3802 et
3200 3747 3450 3800 Laertius
3485 3745 3572 3796 lib.
3597 3758 3628 3805 ι,

2079 3844 2698 3904 sect.98.Consentitet
2724 3841 2984 3909 Scaliger,
3029 3847 3172 3891 recte
3204 3837 3293 3890 hic
3339 3836 3487 3888 initia
3545 3832 3635 3885 Pe-

2081 3936 2287 3992 riandri
2314 3935 2592 3990 collocari.
2620 3931 2844 3995 Confer,
2869 3931 2913 3985 si
2943 3929 3094 3994 libet,
3119 3927 3460 3983 Aristotelem
3507 3925 3634 3979 Poli-

2083 4029 2176 4083 tic.
2203 4028 2294 4081 lib.
2326 4041 2405 4088 nt,
2436 4039 2555 4094 cap.
2583 4025 2637 4080 9.

2152 4119 2290 4174 Ibid.
2320 4117 2602 4187 Sadyattes
2631 4135 2719 4171 an.
2757 4117 2844 4172 15.
2869 4115 3028 4171 Solos
3070 4113 3194 4168 huic
3225 4127 3400 4167 annos
3451 4111 3638 4164 duode-

2092 4213 2195 4267 cim
2236 4209 2546 4277 impertitur
2595 4210 2899 4262 Herodotus
2936 4207 3030 4261 lib.
3068 4221 3106 4270 ι,
3139 4220 3257 4274 Cap.
3290 4203 3378 4256 16.
3442 4199 3641 4256 Scribi-

2084 4311 2174 4356 tttr
2207 4311 2262 4356 ct
2292 4299 2535 4354 Sadlates
2567 4301 2619 4352 iu
2653 4301 2773 4353 aliis
2809 4298 2986 4353 libris.

407 4391 532 4447 vide
582 4391 954 4461 Stephanum,
1007 4391 1337 4447 Herodotum
1388 4406 1607 4462 quoque
1655 4391 1753 4447 lib.
1806 4407 1880 4457 tv,
1929 4401 1982 4446 et
2013 4419 2063 4481 ι)
2159 4391 2295 4447 Ibid.
2319 4390 2538 4446 Prusias
2557 4391 2787 4443 condita.
2810 4386 3071 4444 Codicum
3091 4386 3235 4441 varia
3260 4387 3642 4455 scripturaest,

411 4479 737 4537 Strabonem
767 4496 861 4539 xu.
892 4490 970 4542 et,
1000 4489 1058 4534 ut
1082 4481 1220 4534 alios
1245 4481 1518 4541 omittam,
1545 4479 1896 4534 Plutarchum
1925 4481 1979 4533 in

412 4572 532 4626 Vita
568 4571 802 4626 Luculli.
835 4571 1062 4624 Demum
1093 4581 1145 4624 et
1174 4571 1240 4623 de
1268 4570 1467 4638 Lipara
1489 4609 1505 4634 ,
1536 4569 1858 4625 Strabonem
1888 4569 1986 4630 lib,

410 4680 488 4729 vr,
518 4663 849 4716 Marcianum
883 4661 1240 4731 Periegetem,
1270 4672 1318 4713 et
1348 4677 1411 4713 ex
1439 4663 1836 4716 recentioribus
1863 4662 1990 4716 Cel-

411 4759 645 4822 lariutn;
681 4771 858 4824 neque
889 4756 1032 4809 enim
1068 4754 1151 4807 his
1183 4765 1336 4806 vacat
1369 4753 1670 4808 immorari.

483 4850 602 4903 Cal.
655 4847 782 4901 .567.
843 4846 1113 4916 Cyaxares
1188 4862 1278 4897 an.
1344 4845 1432 4898 5:2.
1473 4845 1610 4898 Huic
1665 4852 1847 4899 annos
1890 4861 1988 4900 su-

413 4957 509 5010 pra
568 4940 783 4994 Eusebii
850 4940 1090 4994 rationes
1153 4954 1298 4999 octo,
1365 4938 1482 4992 sive
1553 4939 1791 5006 integros
1854 4954 1989 5008 qua-

413 5032 661 5100 draginta
723 5030 910 5084 tribuit
974 5029 1285 5085 Herodotus
1342 5029 1435 5084 lib.
1495 5045 1533 5094 ι,
1587 5045 1638 5084 e.
1671 5030 1794 5093 102,
1825 5045 1986 5100 quem

413 5135 605 5180 auctor
663 5139 809 5188 sum,
872 5132 932 5177 ut
998 5122 1105 5176 huc
1169 5122 1399 5176 referas.
1439 5120 1782 5176 Hermannus
1841 5121 1986 5177 Con-

413 5218 626 5288 ringius
654 5217 708 5271 in
745 5214 1450 5285 Adversar.-Cbronologic.
1494 5229 1546 5268 c.
1592 5214 1628 5266 2
1687 5214 1986 5284 reprehen-

413 5310 494 5364 dit
521 5310 608 5364 hic
639 5309 739 5363 loci
781 5309 1142 5379 Scaligernm,
1173 5307 1314 5375 quod
1352 5306 1493 5360 male
1521 5307 1816 5361 contulerit
1863 5323 1984 5362 cum

415 5400 642 5474 periodo
678 5399 897 5455 Juliana
939 5399 1246 5455 Ctesianam
1300 5397 1578 5451 Medorum
1609 5413 1796 5453 teram.
1850 5399 1984 5454 Eam
2021 5455 2031 5464 _

416 5493 562 5547 docti
595 5491 696 5545 viri
751 5488 1302 5549 animadversionem,
1328 5501 1452 5540 cum
1501 5485 1734 5540 maxime
1777 5497 1988 5553 spectet

418 5592 704 5638 auctorem
745 5589 1013 5645 nostrum,
1039 5580 1349 5636 describere
1379 5591 1442 5630 ex
1477 5587 1632 5645 parte
1679 5593 1784 5631 non
1820 5578 1983 5649 piget.

417 5673 598 5738 Latet,
631 5674 829 5744 inquit,
867 5689 1024 5729 error
1051 5673 1248 5743 partim
1317 5670 1368 5722 in
1405 5667 1644 5738 quinque
1691 5672 1985 5738 suppOsiti-

2090 4485 2144 4537 in
2186 4483 2384 4551 quibus
2431 4490 2485 4536 et
2506 4481 2786 4544 Prusia,et
2811 4479 3049 4540 Prusias.
3076 4490 3131 4533 et
3171 4476 3645 4542 Prusina,demum

2090 4585 2142 4630 et
2184 4571 2443 4628 Perusina
2497 4572 2713 4641 legitur.
2769 4570 2832 4625 Et
2878 4567 3370 4626 Schurzlleischius
3436 4568 3646 4636 quidem

2090 4668 2370 4721 contendit
2402 4665 2771 4734 reponendum
2805 4679 2948 4728 esse,
2979 4663 3201 4718 Perusia
3256 4662 3491 4724 condita,
3524 4662 3649 4713 urbs

2088 4757 2295 4813 scilicet
2323 4756 2409 4808 illa
2438 4755 2667 4808 Etruria:
2693 4754 2976 4809 notissima
3003 4769 3020 4820 ;
3054 4753 3195 4822 quod
3231 4767 3362 4805 sane
3395 4752 3507 4804 veri
3539 4767 3652 4818 spe-
3747 4801 3757 4810 ,

2087 4847 2227 4901 ciem
2264 4847 2465 4898 nullam
2498 4847 2674 4906 habet,
2705 4852 2838 4898 utet
2891 4841 3023 4896 illud
3078 4840 3214 4894 nihil
3264 4843 3328 4893 ad
3379 4855 3492 4892 rem
3548 4849 3649 4901 est,

2086 4939 2228 5004 quod
2273 4936 2452 4989 laudat
2495 4935 2664 4989 Taciti
2699 4934 3065 4989 testimonium
3098 4932 3191 4987 lib.
3221 4948 3260 4994 t,
3285 4948 3404 5001 mp.
3458 4932 3650 4997 50,ubi

2086 5030 2305 5085 Pet-usis
2337 5030 2472 5082 inter
2499 5028 2728 5082 cladium
2767 5027 3097 5094 publicarum
3128 5024 3337 5077 nomina
3399 5039 3651 5078 recense-

2087 5131 2196 5175 tttr.
2250 5120 2472 5175 Minime
2540 5117 2894 5184 diiiitendum,
2942 5115 3207 5187 Bithyniae
3254 5116 3532 5170 civitatem
3590 5120 3655 5168 ab

2089 5213 2322 5269 Eusebio
2356 5213 2505 5266 innui
2546 5229 2561 5269 :
2596 5212 2711 5265 sire
2743 5220 2921 5263 autem
2955 5209 3046 5262 illa
3077 5208 3148 5262 sit
3197 5206 3369 5263 Prusa
3419 5206 3650 5278 Olympi,

2088 5307 2203 5360 sive
2225 5295 2330 5356 alia
2359 5301 2699 5370 cOguominis
2723 5301 2824 5355 sub
2856 5297 3031 5370 Hypio
3080 5307 3282 5362 monte,
3315 5312 3411 5350 seu
3439 5299 3650 5350 deruunt

2087 5395 2308 5450 Prusias
2343 5393 2412 5446 ad
2433 5393 2684 5458 Cianum,
2714 5401 2962 5463 quaerant
2991 5391 3051 5458 ii,
3079 5391 3278 5460 quibus
3309 5399 3519 5444 tantum
3558 5387 3650 5441 otii

2087 5485 2426 5556 suppetierit.

2157 5577 2241 5632 Cl.
2276 5577 2669 5641 Mazzocchius,
2716 5573 2955 5631 Diatriba
3008 5574 3076 5630 de
3119 5573 3160 5628 V
3193 5573 3380 5628 Prusis
3409 5575 3462 5628 in
3497 5571 3646 5627 Com-

2089 5667 2356 5723 tncutario
2377 5665 2442 5720 ad
2474 5665 2698 5722 Kalend.
2732 5665 2984 5721 Marmor.
3013 5681 3070 5735 p.
3107 5663 3234 5733 556,
3263 5663 3449 5719 Prusa:
3473 5660 3643 5718 condi-
