3964 6186
262 363 366 429 921

1547 387 1779 446 VALLA
1792 389 1946 449 RSII
1986 391 2231 456 ΝΟΤΑΞ.

3384 402 3494 444 (Ἶᾏο

3387 441 3494 467 iiii-£9

255 483 470 584 ltlnlnad
491 483 562 540 9.7
594 484 720 557 (nisi
777 488 849 584 sit
893 490 1184 561 typotheta:
1227 494 1356 550 vitio
1405 513 1503 565 pro
1533 501 1622 570 57)
1652 502 1826 572 olym-
1851 508 1896 568 Α
1928 514 2037 572 tur,
2068 507 2338 577 obtrudit,
2372 509 2440 566 ab
2471 509 2688 566 Eusebii
2723 521 2906 567 mente
2954 511 3192 567 alienum
3253 529 3500 584 apparet,

254 573 434 641 piadis
487 592 691 633 annum
752 580 1003 638 ultimum
1067 586 1252 642 refert.
1297 591 1618 661 Additque:
1665 595 1827 663 Atqui

257 668 534 726 limattrbs
589 671 805 747 diversa
851 676 920 731 ab
971 677 1236 750 olympica
1278 681 1463 739 .Prusa
1524 685 1658 751 fuit;
1717 688 1829 742 haec

251 760 402 816 enim
427 762 631 820 Prusia
651 766 798 824 illius
825 784 962 836 opus
992 774 1220 840 exstitit,
1253 778 1344 844 qui
1373 779 1486 832 sive
1518 794 1640 832 cum
1675 780 1829 834 Crte-

252 865 320 903 so
374 853 462 922 (ex
533 853 826 924 Strabone)
867 861 983 915 sive
1040 879 1163 918 cum
1232 865 1368 936 Cyro
1399 866 1482 936 (ex
1527 867 1825 940 Stephano)

246 941 453 997 bellum
483 949 674 1014 gessit.
706 950 822 1005 sive
850 953 1026 1020 ponus
1052 955 1257 1012 Prusia:
1291 959 1454 1019 illius.
1485 963 1576 1030 qui
1607 962 1815 1017 Cierum

254 1034 358 1102 (uti
398 1038 650 1094 emendat
682 1040 1004 1114 Paltnerius)
1033 1049 1382 1118 expugnavit.
1418 1053 1579 1120 Atqui
1630 1068 1826 1110 utcun-

248 1142 363 1196 que
385 1133 642 1187 statueris
666 1149 684 1200 ;
736 1147 884 1191 certe
917 1137 1169 1196 immanis
1197 1143 1298 1196 erit
1329 1144 1398 1198 ab
1422 1145 1728 1214 Olympiade
1757 1149 1826 1202 37

250 1219 380 1290 (fuit
419 1221 586 1292 igitur
619 1229 872 1296 superius
903 1231 1194 1301 typothetze
1257 1236 1538 1307 mendum)
1573 1240 1637 1291 ad
1691 1240 1824 1294 Pru-

250 1313 392 1368 siam
442 1313 627 1371 Prusae
677 1319 986 1390 Olympenae
1023 1324 1362 1381 conditorem
1429 1329 1628 1384 hiatus.
1675 1333 1821 1398 Quo-

245 1403 395 1458 circa
425 1420 535 1459 non
566 1407 671 1461 alia
707 1409 759 1463 in
825 1411 1061 1467 Eusebio
1092 1415 1222 1471 urbs
1276 1419 1620 1489 intelligenda
1657 1423 1823 1489 venit,

241 1508 410 1565 quam
433 1497 859 1556 relebratissima
901 1503 990 1558 illa
1013 1505 1080 1561 ad
1114 1504 1348 1578 Hypium
1380 1526 1592 1567 amnem
1628 1513 1826 1585 Prusa,

207 1665 212 1669 1
245 1587 409 1656 cujus
457 1592 710 1648 conditus
769 1594 849 1665 (a'
880 1598 1099 1654 nemine
1157 1612 1353 1668 praeter
1382 1602 1676 1660 Eusebium
1709 1618 1822 1662 tra-

243 1679 415 1751 ditus)
440 1683 853 1751 antiquissimus
887 1686 1009 1754 fuit,
1031 1692 1254 1760 aequalis
1299 1693 1435 1749 Anci
1477 1696 1650 1752 Martii
1683 1701 1824 1769 regis

245 1769 480 1826 Romani
515 1777 873 1844 temporibus.
932 1779 1126 1838 Subdit
1178 1784 1430 1844 laudatus
1482 1788 1822 1848 Mazzochius

1931 612 2090 666 quem
2122 613 2151 652 a
2181 600 2457 654 Paschalis
2497 599 2750 656 Chronici
2795 610 3018 656 auctore
3045 602 3328 664 disciums.
3359 604 3494 656 scri-

1930 688 2102 758 psisse
2147 693 2544 760 καταστήματι,
2579 693 2723 762 quod
2765 694 2982 764 proprie
3029 703 3212 758 sonat,
3264 698 3497 749 naturali

1929 784 2115 839 habitu
2143 787 2409 853 Corporis,
2435 788 2708 856 animique
2733 790 3122 846 constitutione
3169 805 3294 846 eum
3353 808 3499 844 mnr-

1929 885 2034 930 tem
2063 877 2262 932 abiisse
2291 895 2304 931 :
2336 879 2472 934 alias
2513 879 2718 933 dixeris
2757 883 2870 950 ἰδίῳ
2909 881 3147 951 θανάτῳ.

1997 968 2116 1024 Col.
2149 968 2274 1022 567.
2325 967 2643 1039 Tarquinius
2699 971 2910 1025 Priscus
2944 989 3036 1026 an.
3104 973 3195 1027 57.
3250 973 3498 1028 Totidem

1928 1055 2122 1124 Rufus,
2157 1060 2427 1122 Messalla.
2454 1062 2772 1132 EutrOpius,
2799 1074 2854 1116 et
2887 1065 3108 1120 Solinus
3145 1068 3294 1134 regni
3327 1083 3500 1120 annos

1928 1151 2054 1204 huic
2086 1153 2364 1216 tribuunt;
2411 1142 2700 1226 Dionysiu's
2723 1167 2900 1209 autem
2932 1167 2985 1211 et
3010 1157 3192 1211 Livius
3225 1175 3333 1211 uno
3375 1159 3498 1224 plus

1925 1240 2136 1308 dicunt,
2163 1244 2276 1298 sive
2311 1245 2528 1313 triginta
2556 1256 2704 1312 octo,
2729 1265 2867 1316 quos
2918 1247 3216 1302 Panvinius
3249 1258 3302 1302 et
3344 1247 3505 1301 Peta-

1924 1336 2048 1389 vius
2083 1335 2338 1405 probant,
2368 1353 2433 1392 ea
2479 1338 2738 1392 nimirum
2775 1340 2844 1393 de
2902 1355 3088 1406 causa,
3117 1341 3259 1409 quod
3333 1342 3500 1396 etiam

1929 1428 2092 1483 Urbis
2127 1429 2404 1484 conditum
2453 1429 2664 1500 integro
2711 1447 2859 1486 anno
2905 1442 3252 1500 praevertunt.
3302 1433 3507 1486 Subse-

1925 1522 2147 1588 quentis
2180 1522 2364 1574 statim
2418 1522 2693 1591 periocha:
2744 1523 2947 1589 verbis,
3001 1522 3328 1593 Capitolium
3373 1539 3503 1577 cou-

1923 1611 2141 1676 struxit,
2196 1609 2546 1681 subiungitur
2595 1611 2650 1667 in
2697 1611 3066 1682 Scaligeriana
3131 1614 3387 1678 editione,
3449 1624 3500 1666 et

1922 1697 2042 1754 Jovi
2079 1701 2354 1755 dedicavit.
2381 1701 2485 1758 Sed
2528 1711 2582 1757 et
2610 1719 2732 1772 qua:
2762 1704 2900 1758 infra
2941 1713 3026 1759 est
3090 1704 3157 1758 ad
3218 1703 3498 1772 Tarquinii

1924 1807 2055 1845 ann.
2084 1794 2426 1856 vicesimum,
2453 1794 2693 1850 hnicmet
2721 1795 2895 1864 primo
2936 1796 2990 1852 in
3019 1810 3082 1850 ea
3115 1797 3357 1851 editione
3400 1795 3498 1848 ad-

241 1877 298 1955 p.
335 1863 489 1919 360:
554 1865 816 1936 Equidem
877 1872 958 1926 sic
1009 1882 1191 1930 statuo
1245 1876 1470 1933 Prusam
1521 1881 1664 1936 illam
1708 1883 1824 1937 sive
1857 1884 1895 1939 Β
1926 1883 2091 1946 ditur,
2122 1883 2341 1940 Tacitus
2388 1883 2592 1941 Histor.
2642 1863 2734 1941 lib.
2768 1903 2850 1952 ιιι,
2899 1902 2951 1951 c,
2987 1887 3079 1950 72,
3113 1903 3271 1955 quem
3315 1887 3496 1938 locum

240 1953 584 2020 Prusiadem,
635 1958 785 2026 cujus
840 1962 1122 2018 conditum
1180 1965 1404 2022 Ovidius
1457 1970 1650 2038 refert,
1709 1989 1814 2028 non
1922 1973 2164 2044 Scaliger
2201 1975 2318 2044 ipse
2353 1977 2862 2041 laudaqconsentit
2909 1953 3216 2047 quideui,a
3268 1977 3499 2041 Tarqui-

237 2042 405 2097 aliam
450 2045 618 2101 fuisse
664 2065 826 2117 quam
885 2053 1031 2108 illam
1075 2071 1195 2124 quae
1251 2057 1422 2127 Hypio
1445 2062 1593 2115 amni
1623 2061 1820 2119 inside-
1921 2067 2013 2121 uio
2047 2042 2388 2122 exstructum
2423 2067 2774 2137 Capitolium,
2802 2042 3116 2123 dedicatum
3168 2084 3297 2121 vero
3325 2068 3400 2121 ait
3430 2069 3499 2121 ab

236 2134 354 2191 bat.
383 2134 453 2190 Ut
474 2139 554 2193 sic
581 2154 855 2207 censeam,
878 2159 986 2198 non
1012 2146 1099 2200 illa
1151 2155 1361 2205 tantum
1390 2167 1477 2206 me
1518 2166 1698 2208 movet
1728 2171 1816 2208 ra-
1921 2151 2144 2206 Horatio
2173 2153 2396 2209 Pulvillo
2420 2134 2615 2210 iterum
2657 2157 2908 2211 consule.
2943 2155 3145 2210 Confer
3173 2157 3494 2210 Strabonem

250 2227 346 2290 tio,
386 2230 530 2296 quod
558 2242 878 2289 ceterarum
906 2236 1122 2293 initium
1146 2251 1230 2295 est
1259 2243 1412 2297 valde
1449 2261 1661 2311 recens,
1693 2249 1820 2316 quia
1918 2241 2016 2297 lib.
2040 2259 2112 2308 ιι,
2140 2253 2196 2299 et
2236 2260 2358 2314 qua:
2398 2245 2562 2316 paulo
2593 2246 2851 2317 superius
2904 2248 2972 2300 ad
3023 2246 3254 2301 Numam
3302 2247 3496 2302 obser-

243 2320 313 2373 ad
339 2321 581 2390 aliquam
609 2337 674 2378 ex
713 2324 922 2382 Prusiis
958 2330 1058 2398 (uti
1118 2348 1280 2400 supra
1337 2338 1698 2405 ostendimus)
1730 2354 1819 2394 re-

169 2450 171 2452 .
240 2408 436 2473 fertur,
455 2426 636 2466 verum
670 2415 722 2469 id
749 2416 1092 2484 potissimum
1124 2422 1268 2491 quod
1305 2423 1358 2476 in
1389 2423 1614 2480 Eusebii
1648 2428 1821 2483 Chro-

239 2501 368 2555 nico
393 2504 640 2560 absolute
697 2506 922 2565 Prusias
972 2513 1092 2568 sine
1144 2516 1516 2574 additamenta
1567 2533 1815 2576 vocatur.

238 2592 405 2660 Atqui
432 2595 498 2650 de
524 2597 636 2651 sola
673 2597 758 2653 illa
783 2601 850 2655 ad
885 2601 1139 2672 Ilypinm,
1167 2607 1365 2676 quippe
1393 2619 1710 2664 caeterarum
1733 2625 1821 2667 co-

241 2688 564 2754 gnominum
591 2702 764 2746 mater
804 2693 966 2759 (unde
998 2695 1052 2748 in
1088 2695 1322 2752 Tristaui
1349 2701 1586 2755 Numtno
1615 2704 1819 2774 μητρό-

242 2780 403 2841 πολις
447 2782 750 2850 Προνείεων
779 2785 850 2840 01)
891 2788 1234 2857 antiquitatis
1268 2795 1676 2862 prarogativam
1734 2797 1818 2851 in-

239 2872 525 2939 scribitur)
553 2876 803 2932 absolute
853 2876 1030 2933 Prusa
1057 2882 1172 2936 sive
1228 2881 1447 2939 Prusias
1497 2888 1816 2946 vocabatur.

312 2965 435 3018 Col.
463 2965 590 3021 367.
623 2965 892 3038 Cyaxares
945 2975 1064 3026 adv.
1113 2975 1352 3044 Assyrios
1396 2978 1672 3042 dimicans.
1707 2980 1817 3035 Ni-

241 3074 367 3111 num
393 3059 558 3124 capit.
591 3060 829 3132 Scaliger
861 3074 980 3130 post
1010 3066 1252 3133 quinque
1273 3069 1449 3122 adhuc
1477 3086 1673 3134 annos,
1702 3072 1816 3126 sive

1921 2350 2134 2390 vamus.

1990 2425 2126 2479 Ibid.
2165 2425 2472 2496 Epidaurus
2509 2425 2614 2499 [gn
2660 2430 3034 2502 Ἐπίδαμνος].
3068 2432 3140 2485 De
3169 2431 3496 2499 Epidamno,

1918 2507 2076 2584 cuius
2096 2531 2239 2586 pone
2262 2519 2514 2588 sequitur
2546 2521 2821 2584 conditus,
2849 2522 3114 2577 videndus
3153 2521 3498 2592 Thucydides

1918 2608 2013 2662 lib.
2051 2625 2090 2671 t.
2117 2618 2171 2664 et
2199 2627 2318 2680 qme
2352 2614 2566 2682 gemina
2603 2624 2734 2669 sunt
2791 2614 3114 2670 Eusebianis
3176 2615 3496 2670 Scholiasta:

1916 2701 2104 2766 verba,
2146 2702 2472 2772 Ἐπίδαμνος
2504 2705 2565 2758 τὸ
2599 2706 2694 2759 νῦν
2755 2707 3081 2778 Δυρῤἀχιον.
3139 2707 3386 2760 Atlenndi
3443 2715 3497 2758 et

1919 2789 2180 2860 Stephani
2233 2793 2577 2865 interpretes,
2631 2797 2957 2852 admonente
3014 2796 3494 2858 Schurzfleischio.

1917 2881 2146 2940 Vossius
2184 2887 2252 2942 ad
2285 2887 2499 2954 Melam.
2527 2891 2833 2958 Cluverius,
2893 2894 3114 2963 aliique.
3161 2893 3318 2947 Nunc
3381 2892 3496 2946 Du-

1918 2991 2079 3030 rasso
2105 2993 2165 3033 ea
2191 2981 2390 3037 dicitur
2427 2998 2444 3037 :
2485 2999 2550 3038 ac
2575 3000 2710 3040 sane
2750 2996 2962 3041 veteres
3006 2986 3328 3040 Dnracliium
3393 2999 3493 3054 pro

1917 3066 2248 3136 Dyme/tium
2294 3074 2659 3142 appellabant.
2691 3077 2846 3141 Vide,
2881 3078 2925 3131 si
2958 3077 3111 3143 libet,
3145 3077 3309 3131 etiam
3362 3076 3496 3131 Sca-

238 3150 307 3203 ad
353 3150 587 3217 primum
623 3155 948 3223 olympiadis
988 3157 1420 3226 quadragesima:
1449 3171 1658 3228 gestum
1710 3161 1812 3216 hoc
1843 3211 1886 3235 η
1919 3158 2180 3230 ligcrum;
2238 3161 2324 3217 his
2352 3166 2494 3218 enim
2528 3175 2690 3234 prout
2729 3168 2921 3221 merita
2966 3182 3052 3221 res
3083 3175 3184 3231 est,
3213 3181 3495 3235 exponen-

237 3241 417 3296 diﬂ‘ert
445 3262 458 3296 :
490 3260 597 3313 quo
628 3211 844 3313 quidem
879 3211 1037 3316 pacto
1069 3248 1287 3327 frustra
1317 3211 1534 3307 Eusebii
1567 3255 1805 3311 rationes
1841 3211 1888 3272 ο
1923 3248 2031 3312 dis.
2064 3250 2257 3306 εοιὶάίε
2290 3251 2444 3308 libris
2473 3211 2611 3322 otius
2652 3266 2818 3309 esset-

237 3352 556 3404 prmnovt-re
586 3341 788 3406 studet,
811 3340 854 3394 si
883 3341 951 3396 de
980 3357 1106 3396 vera
1139 3342 1261 3397 Nini
1286 3346 1618 3413 captivitate.
1648 3358 1812 3416 atque

235 3427 452 3481 excidio
480 3442 574 3495 per
600 3429 896 3498 Cyaxarem
928 3433 1016 3486 hic
1053 3449 1176 3487 eum
1236 3435 1377 3505 loqui
1415 3439 1809 3492 exsistimabat.

237 3516 461 3584 Spectat
493 3519 580 3572 illa
608 3521 863 3576 inferiora
891 3523 1072 3578 adhuc
1129 3536 1392 3594 tempora,
1421 3539 1493 3594 et,
1560 3539 1617 3581 ιιι
1651 3529 1812 3582 mini-

239 3625 414 3672 mum,
448 3624 625 3664 annos
661 3612 891 3668 abhinc
935 3616 1148 3684 viginti.
1214 3616 1476 3671 Eusebius
1524 3623 1639 3687 ipse
1690 3634 1807 3672 eam

237 3702 654 3756 subversionettt
691 3704 829 3758 infra
878 3705 945 3759 ad
1005 3708 1307 3762 secundum
1374 3709 1695 3778 olympiadis
1743 3708 1811 3762 45

233 3809 439 3847 annum
473 3795 639 3850 refert
671 3813 687 3850 :
724 3798 789 3852 ad
818 3815 977 3868 quem
1019 3800 1196 3855 locum
1238 3802 1390 3870 plura
1423 3803 1582 3856 nobis
1619 3805 1807 3857 dicen-

231 3886 300 3940 da
332 3898 524 3942 contra
561 3888 818 3960 Scaligeri
845 3891 1168 3944 sententiam
1193 3903 1376 3945 erunt.
1411 3892 1510 3946 llic
1547 3910 1674 3947 eum
1711 3910 1810 3961 pti-

233 3989 289 4031 to
325 3982 560 4048 pritnttm
591 3979 850 4050 Cyaxaris
880 3991 1136 4036 conatum
1188 3984 1239 4037 in
1279 3985 1530 4054 Arsyrios
1585 3984 1804 4050 signifio

233 4083 385 4133 care,
419 4085 580 4138 quem
617 4070 924 4127 Ilerodotus
953 4089 1172 4141 quoque
1228 4083 1413 4126 narrat
1459 4075 1554 4128 lib.
1589 4091 1628 4141 i,
1682 4093 1802 4142 cap.

232 4157 509 4215 105.3am
559 4162 702 4216 enim
737 4179 830 4218 rex
886 4164 980 4219 ille
1030 4166 1285 4236 Assyrios
1334 4167 1519 4234 praclio
1571 4168 1804 4233 fuderat,

226 4247 543 4322 Ninumque
573 4252 874 4322 obsidebat,
904 4270 1029 4310 cum
1090 4256 1294 4326 ingruit
1337 4257 1529 4327 ingens
1577 4258 1810 4329 Scytha-

229 4355 359 4395 rum
412 4343 711 4407 exercitus.
757 4361 992 4416 quocum
1054 4348 1392 4416 improspere
1455 4365 1805 4418 congressus.

230 4433 437 4486 nedum
463 4443 687 4489 coactus
709 4447 788 4489 est
818 4435 961 4490 Nino
991 4439 1268 4503 recedere,
1306 4438 1401 4494 sed
1436 4448 1492 4494 et
1518 4441 1662 4495 Asia:
1704 4441 1796 4493 im.

1988 3340 2122 3396 Ibid.
2150 3341 2458 3398 Phalaridis
2484 3347 2728 3414 tyrannis
2752 3347 3040 3404 destructa.
3075 3347 3291 3403 Dictum
3326 3364 3493 3416 supe-

1917 3432 2030 3485 rius
2055 3436 2121 3488 de
2142 3433 2448 3490 Phalaridis
2479 3439 2783 3505 tyrannide,
2807 3455 2925 3507 quae
2956 3441 3024 3492 ad
3081 3444 3378 3508 posteriora
3411 3442 3495 3493 his

1916 3533 2158 3594 tempora
2188 3525 2411 3582 omnino
2443 3527 2633 3580 referri
2679 3528 2895 3582 debeat.
2955 3531 3106 3582 Adde
3151 3531 3235 3583 his
3296 3546 3414 3597 quae
3461 3547 3492 3582 a

1914 3613 2108 3670 Carolo
2142 3615 2347 3684 Boylio,
2376 3625 2429 3670 et
2451 3615 2728 3672 Richardo
2759 3620 2999 3673 Beutleio
3034 3621 3308 3688 disputata
3339 3633 3488 3676 sunt.

1919 3704 2129 3761 Vidcsis
2162 3717 2422 3777 pra-terea
2448 3707 2757 3762 Fabricium
2790 3710 2846 3764 in
2883 3710 3137 3766 Bibliotlt.
3179 3713 3362 3768 Graeca
3389 3717 3488 3770 λιιι.

1914 3814 1971 3862 ti,
1998 3813 2047 3852 c.
2092 3799 2175 3852 10.
2672 3856 2674 3858 ,

1984 3892 2123 3948 Ibid.
2151 3894 2322 3948 Draco
2351 3895 2686 3966 legumlator.
2710 3897 3023 3968 Olympiade
3052 3899 3324 3952 tricesima
3345 3914 3485 3954 nona

1917 3986 2213 4042 Draconem
2264 3989 2691 4043 Atheniensibus
2739 3991 2883 4057 leges
2930 3989 3272 4056 tulisse,uon
3295 3987 3488 4044 Tatia-

1913 4095 2017 4133 nus
2058 4079 2234 4138 modo.
2265 4093 2318 4132 et
2349 4080 2598 4134 Clemens
2628 4082 2889 4136 Stromat.
2920 4097 2960 4145 ι,
2988 4080 3268 4147 Sealigero
3300 4082 3486 4135 lauda-

1915 4171 1972 4232 ti,
2000 4170 2094 4224 sed
2129 4179 2182 4222 et
2213 4169 2418 4223 Suidas
2451 4171 2504 4223 iu
2529 4173 2759 4239 Δράκων
2813 4183 3062 4228 testatur.
3092 4171 3254 4226 Plura
3285 4173 3353 4225 de
3390 4173 3485 4225 illo

1909 4259 2198 4314 A.Ge|lins
2225 4261 2313 4314 lib.
2345 4277 2422 4320 XI.
2449 4277 2500 4315 c.
2545 4263 2630 4324 18,
2664 4273 2717 4316 et
2757 4263 3051 4317 Pausanias
3110 4265 3162 4316 in
3225 4263 3483 4318 Baeotieis

1907 4367 1958 4404 c.
1996 4351 2066 4404 '56
2088 4361 2251 4418 atque
2282 4351 2334 4404 in
2370 4351 2582 4406 Eleacis
2612 4367 2662 4404 c.
2702 4353 2791 4413 11,
2822 4369 2933 4420 quo
2985 4361 3040 4407 et
3100 4353 3301 4406 referas
3351 4354 3485 4408 iusi-

1907 4460 2064 4513 guem
2095 4443 2372 4497 Aﬁscbinis
2409 4445 2589 4497 lucum
2631 4442 2783 4498 Orat.
2818 4446 2871 4498 in
2899 4444 3334 4512 Ctesiphontem.

228 4527 444 4591 perium
472 4523 678 4581 amisit.
709 4525 862 4581 Istud
893 4527 1114 4582 interim
1151 4541 1278 4584 octo
1325 4540 1381 4584 et
1405 4531 1591 4599 viginti
1647 4534 1804 4586 annis
1837 4546 1882 4604 ι)
1977 4534 2095 4589 Col.
2128 4534 2251 4590 369.
2289 4532 2500 4590 Necliao
2527 4536 2806 4601 secundus,
2835 4539 2924 4606 qui
2955 4552 3003 4590 et
3037 4537 3367 4605 Nechepsus.
3387 4539 3476 4593 De

229 4613 450 4684 Scytha
516 4617 916 4684 obtinuerunt;
976 4634 1262 4690 quousque
1322 4621 1598 4690 Cyaxares
1668 4639 1811 4679 novo

229 4721 364 4758 usus
413 4717 824 4778 strategemate,
854 4709 1169 4781 iunctisque
1193 4728 1316 4766 cum
1373 4713 1812 4769 Nabuchodono-

226 4812 356 4853 sore
388 4799 618 4864 viribus,
649 4813 978 4874 receptoque
1039 4805 1294 4874 imperio,
1323 4804 1524 4859 Ninum
1576 4808 1722 4877 cepit
1747 4823 1810 4862 ac

229 4887 455 4942 delevit.

300 4977 420 5036 Col.
449 4978 574 5032 565.
600 4980 773 5034 Ancus
832 4980 1082 5047 Martius,
1119 4977 1314 5039 Numa}
1371 5001 1436 5039 ea:
1474 4988 1590 5054 [ilia
1627 5005 1803 5058 nepos.

229 5069 493 5138 Pompilia
525 5072 754 5136 scilicet,
789 5073 975 5130 Numa:
1010 5077 1139 5137 lilia.
1171 5093 1278 5131 non
1309 5092 1376 5131 ex
1404 5079 1554 5133 Talia
1588 5081 1804 5150 quidem

231 5163 484 5231 coniuge,
523 5165 616 5218 sed
665 5179 731 5218 ex
799 5166 1071 5232 Lucretia,
1131 5183 1294 5236 quam
1348 5185 1572 5224 uxorem
1629 5172 1804 5235 duxit,

197 5262 525 5323 postquam
557 5269 726 5325 regno
770 5256 976 5326 potitus
1011 5267 1113 5312 est.
1148 5258 1286 5313 Vide
1347 5259 1696 5316 Plutarchum
1747 5263 1803 5317 in

195 5383 200 5387 -
228 5346 428 5400 Numa.
462 5344 538 5401 De
563 5348 739 5416 Ostia,
773 5363 935 5417 quam
997 5349 1198 5404 dicitur
1233 5351 1418 5406 Ancus
1470 5353 1801 5418 condidisse.

224 5437 703 5509 videDionysium
740 5438 1011 5495 llalicarn.
1053 5441 1147 5499 lib.
1181 5458 1260 5506 ιιι,
1301 5452 1358 5498 et
1389 5443 1636 5509 Festum,
1667 5461 1799 5500 con-

228 5530 528 5586 sentientes
554 5532 871 5602 pervulgato
897 5541 1097 5604 etymo,
1130 5534 1272 5604 quod
1319 5535 1372 5589 in
1404 5534 1616 5591 Tiberis
1649 5537 1792 5589 ostio

225 5620 415 5684 fuerit,
449 5622 654 5677 idcirco
705 5622 915 5682 Ostiam
983 5625 1338 5680 nominatam.
1386 5625 1578 5681 Strabo
1619 5638 1798 5681 autem

226 5711 425 5768 scribit
457 5714 536 5768 Τὰ
565 5713 781 5772 Ὄστια.
814 5715 870 5772 lu
939 5716 1046 5772 Iino
1094 5716 1236 5787 quod
1304 5719 1378 5771 ait
1439 5717 1800 5789 Ilieronytntts

234 5805 439 5872 norb'o,
468 5815 523 5861 et
557 5806 740 5863 erce
766 5808 906 5878 νῖσῳ
931 5807 1170 5881 Scaliger
1203 5826 1270 5864 ex
1307 5809 1521 5876 Latino,
1553 5819 1613 5864 ut
1648 5811 1794 5868 vide-

1915 4627 2018 4682 huc
2043 4628 2264 4681 deruunt
2305 4626 2526 4698 ASgypti
2577 4645 2702 4697 rege
2747 4645 2870 4683 eum
2919 4629 3198 4700 Scriptura
3224 4671 3240 4692 ,
3276 4630 3333 4684 IV
3373 4630 3484 4685 lie-

1908 4733 2032 4785 gum
2076 4733 2230 4777 xxiii.
2269 4720 2362 4780 ἓξ),
2392 4720 2624 4772 aliorum
2656 4733 2940 4774 anetmum
2972 4721 3202 4774 maxima
3236 4738 3300 4773 ex
3331 4731 3483 4789 parte

1908 4823 2208 4861 consensus
2241 4820 2348 4866 est,
2385 4806 2622 4862 Tantum
2657 4811 2708 4861 in
2741 4825 3006 4862 annorum
3032 4849 3050 4870 ,
3089 4825 3183 4873 per
3211 4825 3350 4874 quos
3389 4825 3481 4864 re-

1908 4911 2070 4962 gnum
2121 4898 2357 4951 obtinuit
2381 4937 2398 4962 ,
2443 4915 2673 4953 numero
2701 4939 2715 4960 .
2751 4901 2977 4967 ejusque
3015 4901 3274 4968 peculiari
3318 4912 3480 4954 nota-

1908 4989 2077 5048 tione,
2109 5003 2218 5055 quo
2249 4989 2504 5056 pugnavit
2535 5005 2660 5042 cum
2693 4989 2862 5050 .lusia,
2902 4989 3237 5044 dissentiunt
3267 4995 3334 5044 ab
3363 4993 3473 5048 Ett-

1905 5080 2055 5132 sebio
2109 5077 2420 5134 Ilerodotus
2469 5089 2523 5132 et
2566 5091 2717 5133 vetus
2755 5080 3065 5132 Clu-uuieon
3115 5085 3256 5148 apml
3307 5084 3473 5151 Sync.

1909 5170 1998 5224 Ille
2034 5180 2212 5224 tamen
2240 5170 2334 5238 qui
2367 5171 2557 5224 decem
2590 5185 2753 5238 supra
2789 5171 3006 5224 EtlSeItii
3038 5173 3276 5224 rationes
3300 5186 3474 5224 annos

1907 5258 2032 5310 huic
2067 5258 2174 5326 regi
2207 5257 2417 5321 trilmit,
2445 5259 2560 5311 sive
2587 5257 2640 5311 in
2675 5259 2992 5313 universum
3023 5263 3320 5320 sexdecim,
3347 5275 3474 5327 pro-

1905 5350 2026 5417 pius
2060 5351 2228 5403 multo
2275 5350 2346 5403 ad
2398 5349 2599 5415 Iidem,
2640 5367 2933 5421 rerumque
2986 5353 3055 5408 ab
3098 5368 3162 5406 eo
3197 5364 3468 5419 gestarum

1907 5441 2192 5495 historiam
2239 5441 2391 5494 facit.
2427 5441 2748 5496 l‘lctmtrario
2792 5443 3055 5499 Eusebius
3079 5485 3093 5506 ,
3129 5459 3363 5512 cumque
3401 5457 3470 5496 eo

1903 5532 2186 5602 Syncellus
2211 5571 2226 5593 .
2271 5532 2471 5602 aliique
2505 5537 2834 5591 recentiores
2863 5536 3178 5605 chronolngi
3207 5575 3222 5600 ,
3263 5534 3359 5603 qui
3397 5550 3466 5590 ex

1904 5627 2216 5677 testimonio
2243 5622 2492 5678 Ieremia:
2523 5640 2644 5694 cap.
2680 5644 2802 5681 XLvl
2836 5630 3074 5683 occisum
3107 5630 3248 5682 hunc
3278 5644 3460 5698 regem

1901 5716 2086 5770 ferunt
2123 5733 2150 5768 a
2185 5715 2722 5772 Nabuchodonosore
2753 5735 2898 5772 anno
2926 5731 3120 5788 quarto
3148 5717 3416 5774 Inachimi
3444 5760 3464 5786 ,

1901 5808 2141 5877 dantque
2179 5809 2314 5864 ade"
2341 5809 2489 5864 ςἹΙυε
2514 5809 2592 5865 illi
2626 5827 2717 5864 sex
2750 5829 2943 5872 annos.
2979 5813 3229 5868 videntur
3266 5827 3468 5885 perpe-
