3964 6186
140 331 249 395 9%

1421 346 1509 406 VA
1521 347 1823 410 LLAI'iSII
1856 350 2101 417 ΝΟἸἺΕ.

3288 385 3390 443 930

139 451 289 504 hunc
312 447 383 503 ab
416 448 511 504 illo
534 447 902 522 di5tinguunt,
930 467 993 506 ac
1040 468 1238 509 novum
1271 471 1449 529 regem
1477 459 1717 527 fat-inut;
1748 469 1794 523 Α
1820 460 2045 532 Cylonio
2074 477 2330 537 purgatas
2355 467 2596 528 Athenas
2622 472 2765 527 κατᾶ
2800 474 2902 547 τὴν
2929 477 3031 553 μςζ
3053 479 3386 554 ὀλυμπιάδα,

136 538 231 595 ille
260 538 328 593 ad
370 539 695 610 explendum
743 542 1089 609 intervallum
1147 561 1176 600 a
1224 545 1532 605 Necbaonis
1562 552 1718 607 initio

136 645 319 700 usque
353 631 420 685 ad
467 630 671 703 Cyrum
705 649 720 686 :
759 647 862 688 iste
912 650 1004 688 sex
1032 652 1208 692 annos
1261 635 1494 709 Vaphris
1552 657 1718 712 regno

46 794 47 797 η
135 725 451 794 ademptos,
484 742 551 781 ex
581 726 856 798 corruptis
887 718 1126 784 Africani
1159 736 1422 799 numeris,
1457 738 1582 789 huic
1618 737 1719 790 tri-

135 817 338 882 buens,
369 819 526 888 cujus
556 834 658 876 nec
710 835 909 874 nomen
938 862 954 885 ,
985 839 1085 877 nec
1143 840 1366 896 regnum
1426 829 1719 882 Africanus

132 905 318 959 novit.
349 905 582 960 Gravior
614 923 777 976 porro
816 909 867 961 in
910 910 1032 979 ejus
1063 914 1210 982 regni
1247 917 1406 968 annis
1449 916 1719 972 dissensio

131 1007 246 1053 est.
296 995 566 1052 Diodorus
588 997 778 1068 viginti
818 999 955 1055 duos
986 1012 1159 1072 putat.
1225 1004 1518 1061 Africanus
1545 1013 1716 1063 unde-

129 1087 355 1158 viginti.
413 1088 578 1146 Vctus
604 1088 983 1162 Egyptiorum
1017 1093 1349 1162 Chronico",
1375 1114 1610 1168 cumque
1652 1116 1719 1155 eo

132 1178 453 1249 Synceltus,
484 1180 707 1254 triginta
734 1193 991 1253 quatuor.
1025 1185 1184 1242 Solus
1212 1204 1334 1243 cum
1370 1190 1606 1244 Eusebio
1636 1191 1719 1245 la-

130 1273 211 1325 cit
252 1268 583 1338 Herodotus,
611 1289 846 1342 quorum
871 1287 954 1331 est
985 1288 1241 1334 tamenet
1266 1283 1720 1355 caterisgravior

130 1365 457 1428 auctoritas,
476 1374 530 1417 et
556 1366 781 1435 propior
808 1367 873 1421 ad
906 1368 1209 1426 faciendam
1242 1372 1400 1428 [idem
1422 1377 1718 1440 sententia,

128 1466 200 1506 ex
250 1465 437 1506 rerum
492 1452 930 1510 dinumeratione
975 1472 1112 1528 quas
1166 1457 1409 1530 Vapbres
1449 1465 1640 1533 gessit,
1664 1472 1718 1521 et

130 1556 261 1610 quae
309 1542 478 1596 certis
532 1552 837 1613 temporum
882 1547 1032 1602 notis
1065 1551 1409 1608 commodius
1462 1552 1713 1610 denotari

128 1641 368 1701 queunt,
402 1640 460 1686 ιιι
488 1633 602 1686 suis
628 1632 773 1688 infra
808 1635 941 1689 locis
970 1638 1344 1697 ostendemus.

182 1722 307 1777 Col.
336 1723 462 1779 367.
489 1724 809 1795 Tarquinius
830 1726 1042 1783 Priscus
1066 1730 1261 1786 circum
1279 1726 1458 1790 Roma:
1478 1737 1715 1807 redi/ica-

1822 553 2122 623 olympiade
2145 559 2555 629 quadragesima
2582 573 2758 619 sexta.
2794 565 3031 626 Omnino
3062 553 3248 631 autum
3288 580 3387 634 ab-

1821 652 1968 695 errat
1996 643 2262 716 Scaliger,
2296 650 2386 718 qui
2419 660 2542 718 post
2568 666 2662 707 sex
2696 646 2889 718 annos.
2919 657 3035 714 sive
3067 662 3133 716 ad
3155 666 3386 732 primum

1820 733 2253 805 quadragesimae
2282 740 2531 807 septimze
2591 745 2915 814 Olympiadis
2966 751 3173 810 din‘ert.
3208 755 3385 824 Plato,

1819 824 1895 878 de
1909 824 2038 896 Leg.
2075 829 2166 882 lib.
2195 844 2231 896 t,
2259 830 2524 893 det-ennio
2542 844 2668 891 ante
2697 836 2971 897 Persicam
2990 846 3387 914 expeditionem

1825 918 1987 970 tradit
2022 921 2234 991 venisse
2257 921 2498 978 Athenas
2516 925 2888 995 Epimeniden)
2923 949 2942 1002 ;
2977 937 3202 1005 proinde
3222 954 3388 1008 esset,

1821 1018 2116 1064 annutante
2165 1010 2620 1073 Sclturzﬂeiscltio
2642 1058 2659 1082 ,
2693 1027 3093 1095 προχρονισμδς
3122 1044 3388 1089 annorum

1823 1094 1995 1152 ferme
2038 1113 2277 1157 centum.
2339 1103 2692 1184 Satius_adeo
2738 1121 2837 1187 est.
2878 1094 3151 1175 Platonem
3201 1136 3389 1192 cogere
3476 1129 3497 1152 '

1823 1197 1881 1241 ut
1935 1189 1989 1242 in
2042 1194 2394 1249 concordiam
2461 1213 2583 1254 cum
2634 1205 2958 1262 auctoribus
3018 1208 3141 1267 aliis
3188 1189 3389 1277 veniat.

1818 1288 1981 1367 quam
2032 1278 2180 1367 duos
2236 1281 2305 1335 ob
2356 1297 2480 1337 eam
2513 1301 2625 1340 rem
2660 1287 3030 1359 Epimenides,
3062 1297 3213 1367 quod
3263 1299 3392 1358 facit

1823 1364 2132 1422 Dodwcllus
2164 1371 2230 1425 de
2259 1371 2578 1444 Pythagora:
2605 1390 2785 1451 aetate.
2806 1364 3181 1449 comminisci.

1890 1456 2009 1513 Col.
2040 1460 2166 1519 37!.
2192 1461 2371 1529 Solon,
2401 1466 2658 1543 Draconis
2685 1464 2885 1542 legibus
2914 1481 3234 1550 antiquatis.
3262 1484 3391 1541 Sca-

1822 1546 1979 1618 liger,
2010 1567 2130 1606 cum
2168 1558 2511 1613 antecedenti
2546 1563 2793 1631 proxime
2823 1582 2967 1623 anno
3001 1546 3166 1645 ρἦιν
3187 1576 3257 1630 de
3291 1576 3391 1635 So.-

1822 1639 1945 1693 lone
1961 1644 2216 1713 assignat.
2242 1638 2591 1713 SCﬂlilbnitls
2616 1667 2794 1712 tamen
2811 1673 2933 1716 esse
2959 1638 3083 1717 anni
3108 1638 3391 1737 agama-

1814 1732 1979 1825 cndu,
2008 1736 2274 1801 siquidem
2328 1739 2418 1795 ille
2472 1746 2630 1798 tertio
2684 1747 2901 1803 demum
2960 1732 3282 1825 Olympiadis
3323 1760 3392 1821 46

128 1813 232 1868 uit.
264 1812 380 1868 Non
423 1819 836 1884 prattercundus
876 1820 1028 1878 locus
1063 1823 1201 1900 Livii
1246 1825 1341 1890 lib,
1373 1843 1414 1888 t.
1445 1843 1566 1897 cap.
1597 1830 1666 1884 38
1696 1849 1710 1885 :
1753 1813 1792 1866 Β
1822 1824 2023 1879 archon
2060 1825 2182 1886 fuit.
2216 1826 2426 1884 Laudat
2481 1845 2738 1900 pra-terea
2767 1812 3042 1896 Elianum
3078 1812 3213 1900 \;ar.
3248 1812 3390 1907 llist:

133 1900 287 1956 Nam
327 1914 374 1957 et
406 1921 554 1959 muro
578 1907 808 1977 lapideo,
836 1912 988 1979 cujus
1009 1915 1282 1968 exordium
1317 1917 1485 1984 operis
1511 1917 1712 1974 Sabino

127 1993 273 2048 bello
297 1997 566 2049 turbatum
592 2008 728 2064 erat,
764 1999 976 2068 Urbem,
1000 2020 1104 2070 qua
1128 2006 1361 2061 nondum
1386 2010 1710 2077 munierant,

126 2086 347 2156 cingere
394 2100 576 2155 parat,
623 2100 672 2143 et
723 2092 937 2161 inﬁrma
990 2095 1142 2151 Urbis
1185 2096 1302 2152 loca
1348 2100 1489 2154 circa
1535 2103 1713 2171 forum

125 2178 376 2248 aliasque
400 2181 713 2250 interjectas
742 2183 965 2241 collibus
1031 2189 1317 2256 convalles,
1346 2209 1463 2261 qua:
1488 2209 1553 2247 ea:
1580 2195 1705 2266 pla-

129 2268 222 2321 nis
249 2269 380 2325 locis
406 2270 550 2323 haud
575 2272 734 2340 facile
776 2277 1061 2332 evehebant
1102 2296 1290 2351 aquas,
1325 2283 1521 2339 cloacis
1551 2301 1578 2339 e
1624 2302 1714 2340 ve-
1745 2276 1750 2280 1

124 2362 292 2430 stigio
318 2363 371 2416 in
403 2362 631 2418 Tiberim
653 2366 849 2430 ductis,
876 2371 1057 2424 siccat.
1084 2370 1350 2427 Caeterum
1378 2391 1443 2431 eo
1466 2375 1525 2430 lit
1553 2393 1712 2432 vero-

122 2452 368 2509 siruilius
413 2453 584 2510 luisse
628 2457 818 2512 isthaec
866 2462 964 2515 abs
1024 2446 1358 2535 Hieronymo
1411 2468 1600 2522 adsuta
1647 2484 1710 2524 ex

123 2540 374 2598 Romana
400 2546 658 2611 Historia,
690 2552 832 2617 quod
856 2552 997 2605 nulla
1029 2553 1195 2607 l'ermt-
1220 2555 1324 2611 Gra
1343 2557 1390 2612 ci
1418 2568 1597 2614 texuts
1622 2573 1715 2614 ve-

120 2636 293 2705 stigia
316 2649 603 2694 Occurrant
628 2642 769 2709 apud
794 2650 1025 2710 veteres,
1066 2646 1157 2715 qui
1192 2648 1481 2703 Eusebium
1507 2650 1715 2705 descri-

121 2739 383 2796 pserunt.
410 2730 654 2819 Scaliger
675 2745 855 2791 tamen
881 2740 1134 2795 laciniam
1161 2744 1299 2797 hanc
1324 2744 1517 2813 ipSam,
1537 2763 1716 2817 quan.

118 2833 297 2886 quam
325 2821 431 2875 alio
451 2823 643 2879 ordine
663 2838 978 2892 conceptam
1002 2844 1064 2881 ex
1092 2829 1339 2884 Cetlreno
1363 2832 1666 2896 adcensuit,
1684 2847 1715 2888 a

116 2925 239 2981 quo
265 2926 365 2964 nos
398 2927 567 2981 pauca
587 2917 745 2969 modo
772 2917 858 2970 illa
886 2919 1070 2980 V-‘tbzt,
1098 2937 1215 2989 qum
1234 2921 1437 2977 Latinis
1458 2924 1719 2995 llicrony-
1758 2922 1763 2927 ’

118 3001 199 3054 ιιιί
234 3009 514 3070 utcunque
541 3006 889 3074 respondent,
917 3007 1077 3078 idque
1113 3012 1307 3077 obiter,
1333 3012 1681 3078 adscivimus,

1822 1916 1915 1969 lib.
1940 1924 2055 1982 vni,
2090 1932 2210 1989 Cap.
2246 1921 2338 1986 10,
2375 1926 2564 1978 eadem
2598 1942 2719 1995 qua:
2772 1930 3042 1989 Eusebius
3072 1935 3143 1991 de
3195 1939 3395 1997 Solone

1822 2010 2151 2073 tradentem,
2184 2030 2343 2081 quem
2367 2016 2587 2072 vidcsis.
3092 2092 3095 2093 ν
3268 2072 3273 2079 .
3360 2096 3363 2099 ἰ

1892 2101 2025 2157 Ibid.
2069 2104 2442 2176 Hierosolymis
2495 2112 2681 2175 captis.
2741 2112 3030 2183 Eusebius,
3066 2127 3127 2174 ut
3177 2120 3248 2177 ab
3290 2124 3395 2185 hoc

1820 2190 2096 2246 Sedet-him
2126 2196 2336 2259 ultimo,
2362 2193 2600 2252 Judaica’a
2627 2199 2964 2269 Captivitatis
2981 2220 3154 2263 annos
3175 2223 3394 2281 septua-

1820 2285 1964 2354 ginta
1994 2285 2302 2351 inchoaret,
2334 2286 2523 2341 habuit
2550 2301 2604 2342 et
2638 2307 2777 2358 quos
2828 2308 3172 2364 sequeretur,
3212 2305 3393 2373 magni

1822 2376 2060 2429 nominis
2095 2387 2365 2441 auctores,
2391 2389 2445 2433 et
2471 2382 2670 2449 quibus
2702 2398 2855 2438 suam
2889 2386 3232 2457 bypotbesim
3256 2407 3394 2450 con-

1822 2466 2087 2531 firmaret,
2142 2483 2250 2521 non
2304 2472 2703 2525 contemnenda
2756 2474 3029 2531 rationum
3090 2492 3389 2550 momenta,

1822 2571 1953 2641 quae
1974 2559 2312 2623 potissimum
2345 2559 2413 2614 ab
2435 2560 2687 2616 incendio
2713 2561 2917 2634 Templi
2947 2568 3124 2636 duxit,
3152 2573 3221 2627 ad
3245 2574 3395 2643 ejus-

1821 2636 2390 2714 demreparatimtent,
2423 2662 2587 2721 atque
2619 2669 2684 2707 ex
2709 2658 2888 2710 rerum
2938 2663 3104 2726 serie,
3136 2679 3258 2733 qua:
3287 2665 3392 2725 hoc

1824 2742 2087 2806 temporis
2120 2738 2402 2794 intervallo
2452 2743 2827 2808 continentur,
2863 2749 3097 2806 maxime
3149 2763 3332 2811 autem
3354 2771 3392 2813 ι

1824 2825 2174 2880 ιιθςοιιιιίιιιιίε
2250 2827 2377 2891 line,
2409 2843 2570 2898 quem
2625 2833 2738 2886 visa
2811 2844 2940 2889 sunt
2986 2836 3389 2912 Scripturarum

1822 2915 2077 2968 Vaticinia
2119 2916 2420 2985 imponere.
2451 2917 2728 2976 .Prol'erre
2784 2939 2930 2980 nunc
2962 2941 3026 2982 ea
3078 2931 3389 3001 singillatim

1824 3021 1930 3060 non
1969 3017 2146 3074 vacat,
2173 3022 2406 3076 suntque
2437 3012 2560 3066 aliis
2594 3013 2867 3083 disputata
2902 3022 3173 3075 sexcentis
3200 3023 3388 3093 libris;

192 3093 318 3145 Col.
345 3094 469 3148 571.
520 3095 756 3150 Massilia
809 3099 1045 3154 condita.
1104 3101 1346 3169 Scaliger
1394 3118 1502 3156 uno
1545 3105 1704 3160 citius

1822 3113 1982 3153 nemo
2007 3110 2088 3151 cst
2140 3102 2280 3153 enim
2313 3102 2789 3173 chronologornm,
2823 3123 2889 3162 ex
2925 3109 2990 3162 iis
3018 3111 3250 3167 maxime
3292 3116 3388 3185 qui

117 3196 272 3237 anno
300 3184 354 3236 in
390 3186 630 3240 editione
656 3204 753 3242 sua
792 3192 1073 3243 conditum
1117 3192 1376 3248 Massilia:
1408 3201 1609 3249 refert:
1655 3199 1707 3253 in

116 3277 711 3335 Animadversionibus
745 3296 874 3335 vero
901 3282 1083 3337 adhuc
1118 3284 1285 3340 altius
1324 3297 1543 3342 revocat
1566 3290 1707 3344 duo-

114 3365 227 3419 bus
251 3366 439 3428 annis,
470 3365 570 3421 hoc
595 3377 699 3429 est,
731 3368 798 3424 ad
834 3368 901 3421 l2
930 3368 1188 3441 Alyattis,
1218 3377 1362 3442 quod
1391 3390 1458 3430 ex
1506 3374 1707 3433 Timaei

115 3458 454 3511 testimonio
507 3458 736 3527 colligit.
768 3458 826 3514 ln
875 3477 992 3516 eam
1040 3477 1153 3517 rem
1184 3474 1240 3519 et
1268 3466 1536 3523 Pontacus
1568 3468 1709 3524 duos

112 3549 316 3604 hudat
341 3564 473 3604 mss.
507 3551 671 3604 libros
697 3570 710 3604 :
743 3554 985 3623 plerique
1003 3563 1185 3610 autem
1213 3557 1332 3623 alii,
1354 3570 1486 3613 utet
1517 3559 1707 3630 vulga-

115 3640 160 3691 ti
191 3653 391 3692 o'nncs
421 3639 549 3694 huic
576 3643 878 3709 recensioni
907 3641 1228 3699 Pontacente
1273 3644 1475 3702 lavent.
1528 3647 1602 3703 Ita
1654 3662 1709 3705 et

116 3729 388 3797 Prosper,
412 3731 502 3799 qui
533 3732 653 3801 ejus
684 3733 836 3788 urbis
862 3735 1158 3803 primordia
1187 3752 1334 3792 anno
1364 3738 1426 3792 2|
1469 3739 1707 3811 Tarqui-

112 3822 198 3875 nii
260 3820 433 3874 Prisci
482 3825 761 3892 conceptis
805 3824 985 3880 verbis
1036 3824 1321 3892 adscribit,
1367 3838 1531 3898 atque
1571 3833 1705 3884 adeo

102 3913 351 3984 Alyattis
371 3915 454 3968 Η.
473 3914 592 3970 Fuit
606 3914 696 3968 illa
710 3914 1113 3983 Phoceu-uitium
1130 3918 1360 3985 colonia,
1381 3925 1444 3975 de
1460 3936 1565 3991 qua
1588 3924 1704 3980 vide

105 4006 414 4060 Cellariuut
440 3992 962 4093 an‘tiq.
1000 4009 1094 4062 lib.
1127 4025 1324 4080 tt,cap.
1355 4014 1411 4064 ‘2.

170 4086 960 4243 Ἥὸηίὀιίλιῧρηω
987 4101 1288 4154 emundavit
1328 4102 1427 4173 [aL
1484 4104 1700 4159 subver-

170 4182 269 4243 ι1.“
386 4202 425 4241 II
480 4176 941 4243 ἰιιῖἰπῘῬὸιὶἱηοι
984 4191 1223 4243 itetttaue
1271 4196 1363 4243 alii
1419 4194 1699 4243 Scaligern

106 4176 450 4259 (idfm
480 4176 941 4267 ἰιιῖζπῗϋιῆποι
984 4191 1223 4262 itemque
1271 4196 1363 4247 alii
1419 4194 1699 4265 Scaligero

99 4277 327 4333 laudati
356 4292 489 4333 mss.
517 4277 614 4349 qui
644 4278 902 4333 subvertit
926 4296 1024 4351 pro
1044 4283 1348 4336 amandavit
1376 4285 1578 4353 legunt.
1616 4287 1695 4340 Ac

101 4380 255 4423 sane
306 4366 548 4437 Scaliger
579 4368 811 4434 erudite,
845 4381 1133 4441 utramque
1185 4374 1470 4427 lectionem
1506 4377 1574 4426 ab
1605 4390 1695 4429 eo-

1812 3205 2021 3245 sacratn
2075 3193 2484 3265 clnronologiam
2506 3189 2761 3261 tradunt,
2799 3202 2888 3267 qtti
2923 3201 2973 3255 in
3007 3189 3105 3258 hac
3148 3207 3388 3271 perdidi-

1811 3282 1901 3336 cili
1932 3287 2232 3352 quastione
2269 3302 2375 3340 non
2409 3288 2480 3340 sit
2509 3300 2777 3344 versatus.
2829 3293 2940 3347 Nec
2974 3302 3150 3350 tamen
3191 3296 3389 3352 diliitc-

1811 3388 1955 3437 mur,
1998 3375 2159 3427 malle
2187 3376 2375 3441 utique
2402 3391 2504 3431 nos
2532 3376 2689 3445 juxta
2723 3385 3076 3446 recentiores.
3103 3401 3166 3440 ac
3210 3391 3385 3459 magis

1809 3476 2115 3529 accuratos,
2148 3468 2381 3534 primum
2412 3467 2755 3536 Captivitatis
2777 3487 2978 3526 ammm
3019 3476 3183 3533 altius
3213 3492 3371 3547 repe-

1809 3565 1944 3620 tere,
1972 3557 2040 3610 ab
2070 3557 2330 3611 Jechonia
2365 3559 2573 3612 scilicet
2610 3560 2846 3615 abducto
2893 3561 3220 3634 Babylonem
3252 3583 3375 3622 cum

1808 3647 1990 3716 populi
2051 3647 2203 3713 ﬂore,
2263 3664 2406 3701 anno
2457 3648 2931 3704 Nebucadnt-zaris
2972 3652 3140 3710 lenne
3165 3666 3380 3724 octavo,

1808 3738 1967 3791 itaut
2018 3740 2337 3792 undet-imus
2379 3741 2490 3809 jam
2544 3741 2663 3811 ejus
2708 3741 3049 3812 Captivitatis
3102 3759 3376 3817 ageretur,

1807 3828 1928 3884 cu'm
1963 3827 2332 3901 Hierosolyma
2409 3842 2713 3904 expugnata
2785 3846 2888 3897 est.
2966 3853 3032 3892 ac
3094 3837 3379 3910 Templum

1800 3922 2133 3976 incensum:
2197 3933 2359 3991 atque
2420 3925 2557 3978 adeo
2630 3938 2960 3996 postremus,
2992 3944 3114 3984 cum
3181 3929 3377 4003 Cyrus,

1800 4010 1993 4078 junCto
2037 4012 2198 4065 Dario
2265 4014 2442 4076 Medo,
2483 4015 2831 4087 Babyloniam
2879 4018 3045 4087 cepit.
3106 4018 3380 4077 Scutimus

1804 4100 2179 4168 nihilosecius,
2240 4103 2376 4158 bene
2440 4107 2540 4160 sibi
2608 4107 2660 4160 in
2726 4107 3031 4162 Eusebiana
3087 4111 3375 4182 Itypotbesi

1800 4194 2041 4247 rationes
2064 4208 2338 4258 cons'are,
2373 4212 2438 4250 ac
2469 4198 2673 4251 tmllum
2702 4199 2860 4267 plane
2888 4215 3030 4263 esse,
3056 4218 3216 4271 quem
3244 4205 3380 4259 Sca-

1802 4283 1938 4349 liger
1998 4284 2465 4351 comminiscitur,
2512 4288 2781 4354 duplicem
2838 4288 3053 4345 Eusebii
3082 4305 3376 4350 errorem:

1802 4374 2052 4437 alterum,
2082 4375 2219 4437 qttod
2246 4376 2450 4429 solidos
2476 4377 2724 4431 undecim
2750 4394 2921 4432 annos
2949 4382 3193 4435 attribuit
3212 4380 3381 4438 Sede-

97 4460 240 4515 deut
266 4457 460 4515 Graeco
488 4461 671 4528 verbo,
694 4461 810 4516 sine
832 4474 1154 4517 accentuum
1185 4465 1453 4532 apicibus,
1478 4476 1533 4518 ut
1561 4467 1690 4519 olim
1728 4463 1770 4518 D
1800 4466 1955 4525 Chiae.
1978 4468 2207 4522 alterum
2239 4468 2383 4538 quod
2421 4469 2540 4540 ejus
2581 4481 2910 4538 pos'tremutn
2934 4487 3136 4533 annum
3162 4474 3248 4529 hic
3268 4487 3380 4532 sta-

94 4552 282 4607 scribi
315 4565 696 4617 consueverat,
727 4570 1042 4624 expressam
1077 4565 1248 4612 notat.
1278 4556 1371 4627 Est
1408 4557 1552 4611 enim
1589 4576 1685 4611 κα-

92 4644 321 4714 θαιρεῖ,
359 4647 609 4699 subuertit
636 4662 657 4712 ;
690 4646 970 4715 καθαίρει,
1004 4649 1279 4700 emundat.
1308 4646 1372 4700 Et
1402 4653 1561 4702 etiam
1595 4664 1688 4700 Vr-

88 4738 445 4801 rosimilius,
504 4729 736 4808 utroque
764 4753 928 4793 sensu
955 4738 1342 4808 Hieronymum
1400 4739 1568 4794 fuisse
1605 4740 1689 4792 in-

90 4839 495 4901 terpretatum,
521 4831 688 4886 altera
720 4831 952 4887 lectione
973 4834 1039 4886 ad
1072 4832 1192 4885 libri
1225 4846 1378 4885 oratu
1414 4834 1686 4899 appos-ito,

85 4938 276 4995 quam
302 4937 402 4991 pro
446 4926 563 4993 ejus
591 4923 760 4979 verbo
789 4922 1067 4987 subvertit,
1088 4923 1228 4977 alius
1261 4932 1470 4991 postea,
1495 4924 1689 4992 quilms

79 5027 237 5072 nota
278 5015 506 5069 historia
530 5023 669 5077 erat,
695 5016 1047 5085 supposuisse
1094 5016 1420 5071 emendavit.
1461 5014 1526 5069 Ut
1550 5024 1607 5068 ut
1633 5029 1691 5068 se

79 5123 195 5163 res
231 5106 451 5170 habeat,
491 5120 669 5175 neque
692 5108 798 5163 hoc
854 5107 1031 5177 ipsum
1086 5107 1221 5162 satis
1271 5108 1406 5161 bene
1460 5116 1543 5161 est
1594 5122 1691 5177 pro

76 5199 382 5264 lustravit,
408 5200 662 5267 expiavit,
691 5199 883 5268 bisque
910 5200 1203 5254 similibus.
1230 5197 1372 5254 Nulli
1399 5215 1508 5254 non
1563 5213 1687 5255 nota

80 5290 342 5346 historia
363 5291 584 5354 sceleris
607 5292 661 5346 in
688 5291 833 5346 caede
866 5289 1082 5361 Cylonis
1127 5292 1373 5356 admissi,
1403 5291 1546 5360 quod
1595 5307 1689 5345 an-

74 5386 254 5438 citus
283 5381 445 5435 Cri-ta
479 5382 844 5452 Epimenides,
880 5382 1123 5438 lustratis
1150 5383 1400 5449 Athenis,
1425 5383 1683 5452 expiavit.

81 5474 235 5530 Uno
266 5474 457 5526 saltem
491 5474 557 5528 ab
582 5473 714 5529 hinc
751 5490 896 5529 anno
922 5474 1048 5530 facti
1099 5475 1470 5531 recensionem
1524 5475 1690 5530 Euse—

73 5565 234 5618 bius
269 5563 572 5619 distulisset
606 5581 622 5631 ;
659 5565 1013 5621 consentiunt
1043 5565 1188 5621 enim
1247 5567 1298 5619 in
1355 5567 1460 5621 ltoc
1518 5564 1685 5620 ferme

68 5660 316 5711 Auctor
342 5655 660 5728 Anonymus
687 5655 1021 5728 Olympiad.,
1052 5657 1322 5727 Diogenes
1355 5656 1604 5712 Laertius
1631 5656 1683 5712 in

72 5747 228 5802 Vita
286 5744 619 5815 Epitncniuts
678 5753 813 5805 sect.
860 5747 994 5819 llo,
1028 5759 1083 5804 et
1134 5748 1353 5818 Suidas,
1388 5762 1419 5803 a
1479 5750 1686 5806 scelere

1793 4560 2011 4624 tuit,qni
2031 4560 2084 4613 in
2105 4571 2419 4629 sequentem
2448 4563 2663 4615 tertium
2683 4563 3005 4633 Olympiadis
3020 4565 3087 4620 47
3104 4565 3381 4625 debuisset

1795 4648 2102 4707 incurrere.
2161 4654 2451 4708 Eninn'ero
2517 4654 2783 4710 EliSl'blllS
2832 4657 3046 4712 nonnisi
3097 4658 3373 4714 ineuntem

1799 4743 2149 4797 undecimum
2203 4742 2482 4797 Sedecbisa
2535 4754 2708 4814 putat,
2745 4747 2882 4814 quod
2932 4754 2983 4799 et
3035 4749 3194 4815 paulo
3249 4758 3376 4806 ante

1797 4833 2292 4889 demonstravimus
2329 4851 2345 4893 ς
2382 4847 2435 4890 et
2469 4838 2561 4905 qui
2604 4854 2723 4891 cum
2778 4853 2845 4890 eo
2890 4837 3134 4905 jungitur
3165 4840 3372 4908 primus

1797 4925 2159 4995 Captivitatis,
2205 4928 2368 4992 bene,
2405 4940 2465 4983 ut
2492 4946 2558 4983 ex
2590 4932 2730 4983 serie
2780 4930 2894 4998 ipsa
2948 4931 3143 4999 liquet,
3168 4932 3234 4986 ad
3264 4941 3372 4988 ter-

1797 5018 1931 5072 tium
1964 5018 2120 5073 diem
2142 5020 2464 5088 Olympiadis
2504 5020 2738 5076 devenit.
2798 5021 2999 5076 Caetera
3033 5038 3192 5092 quam
3212 5038 3371 5080 'rt'Cte

1793 5110 2019 5165 exitium
2058 5112 2175 5179 ejus
2210 5113 2351 5180 regis
2385 5112 2494 5168 huc
2521 5113 2786 5167 Eusebius
2821 5114 3223 5176 contulerit.ne
3253 5118 3368 5184 ipse

1792 5202 2007 5273 quidem
2047 5200 2286 5274 Scaliger
2308 5203 2587 5269 dillitetur,
2608 5205 2821 5258 tametsi
2845 5220 2973 5259 casu
2997 5205 3210 5286 ‘l‘actum
3242 5208 3363 5270 hoc,

1792 5309 1899 5349 non
1939 5295 2162 5363 judicio,
2199 5297 2346 5350 velit.
2390 5294 2555 5349 ἵει-ειη
2603 5308 2781 5351 autem
2842 5314 2948 5349 non
2989 5296 3209 5366 indigna
3232 5297 3361 5364 .cjus

1791 5394 1875 5439 est
1898 5389 2177 5445 aunotatio
2210 5389 2263 5439 in
2307 5387 2452 5441 bunc
2487 5389 2690 5442 locum.
2746 5386 3051 5443 (Ζιιιυιιὶνοιι
3082 5386 3359 5453 Fusci-ale,

1792 5485 1852 5531 ut
1881 5476 2054 5541 vides,
2085 5477 2443 5548 Olympiadem
2473 5477 2542 5531 44
2575 5479 2726 5532 dicit.

1864 5570 2001 5625 Ibid.
2059 5567 2297 5624 Clemens
2329 5569 2382 5623 in
2412 5571 2584 5639 primo
2635 5569 2923 5625 Stromate.
2976 5568 3375 5651 Subnectunus

1786 5660 2082 5716 Clementis
2137 5660 2302 5716 verba
2355 5662 2472 5732 ipsa
2522 5662 2726 5719 Graecis
2760 5662 3079 5732 fragmentis
3128 5671 3187 5714 ιιι
3235 5676 3365 5725 cum,

1788 5750 2116 5809 Eusebiauis
2149 5753 2440 5809 contendas
2482 5768 2499 5809 :
2532 5768 2706 5826 neque
2744 5752 2889 5810 enim
2916 5752 3132 5808 videtur
3160 5747 3367 5833 Noster.
