3964 6186
264 391 376 457 933

1549 391 1949 453 \‘ALLARSII
1990 397 2232 459 ΝΟΤι-Ε.

3392 398 3501 462 9ἒέ4

264 501 435 563 disse.
486 498 632 570 Quod
670 507 729 556 et
782 498 1114 592 conﬁrmant
1157 498 1370 592 Tullius
1432 501 1496 556 de
1559 500 1790 556 Divinat.
1824 545 1839 566 .
1873 511 1914 566 Α
1948 506 2018 561 lla
2055 506 2223 565 fuisse
2244 460 2880 592 conjecimusipropius
2921 509 3157 580 quoque
3207 508 3272 563 ad
3312 460 3498 562 ver—tuo

263 594 490 652 Solinus
508 608 558 649 c.
582 592 674 653 20.
730 601 785 646 et
817 591 1084 647 Eusebius
1106 592 1161 646 in
1196 591 1468 647 Chronico
1519 592 1585 644 ad
1621 608 1825 647 annum

264 685 562 741 Abrahami
589 683 729 739 {430
757 692 812 738 et
837 683 1196 761 olympiadem
1225 684 1317 748 λεδ
1350 699 1486 752 quos
1538 693 1592 738 rt
1648 684 1833 751 sequi-

267 791 355 833 tur
383 776 707 835 Hermolaus
740 776 1036 832 Barbarus.
1071 778 1306 832 Eusebio
1339 788 1522 831 autem
1570 780 1832 832 adversa-

266 876 355 922 tur
376 867 651 929 Petavius,
678 871 736 920 et
766 879 951 921 errore
972 865 1181 934 lapsum
1207 881 1329 921 esse
1359 876 1530 935 putat,
1561 867 1654 920 lib.
1707 883 1740 921 χ
1770 869 1835 922 de

264 957 525 1015 Doctrina
557 962 851 1022 umorum
875 972 926 1012 c.
961 959 1014 1020 1,
1071 973 1124 1025 p.
1177 957 1300 1012 155.
1352 955 1603 1026 Idemque
1650 957 1830 1013 defec-

265 1051 472 1109 tionem
500 1051 633 1103 solis
658 1047 725 1102 a'l
785 1049 988 1124 olymp.
1040 1048 1109 1104 48
1163 1048 1294 1103 anui
1338 1051 1544 1118 quarti,
1600 1049 1834 1103 conuitze

262 1156 396 1195 vero
425 1139 584 1197 Urbis
613 1154 814 1194 animm
839 1154 973 1194 cur
1004 1137 1170 1194 refert
1193 1138 1437 1207 quidem,
1495 1139 1653 1194 sed9
1696 1139 1836 1210 digi-

269 1238 477 1293 torum.
508 1230 581 1285 22
611 1229 965 1292 minutorum,
990 1244 1108 1287 eam
1169 1238 1379 1283 tantum
1428 1228 1619 1293 fuisse,
1695 1229 1836 1283 baud

264 1321 501 1377 obscure
532 1308 796 1376 declarat.
840 1318 945 1375 Sed
977 1335 1086 1387 quo
1111 1320 1291 1375 minus
1310 1321 1451 1375 hanc
1477 1320 1678 1374 Petavii
1710 1335 1839 1374 seno

267 1410 496 1467 tentiam
525 1410 805 1480 amplecti.
832 1420 888 1465 et
918 1412 1148 1479 probare
1176 1426 1400 1478 queam,
1429 1413 1612 1467 miiltm
1666 1411 1832 1465 ratio~

264 1517 367 1557 nes
396 1517 481 1555 me
506 1502 800 1568 impellunt.
867 1501 1139 1555 llactenus
1195 1502 1303 1567 ille,
1332 1516 1362 1555 a
1393 1516 1503 1571 quo
1529 1513 1585 1555 et
1633 1500 1839 1569 reliqua

264 1602 503 1662 repetas,
529 1593 573 1646 si
598 1590 749 1646 libet.
784 1591 1040 1648 USSerius
1067 1594 1211 1646 enim
1240 1596 1306 1647 ad
1338 1608 1429 1646 an.
1450 1592 1634 1648 mundi
1701 1592 1842 1649 15ιό

264 1700 334 1740 ex
357 1684 555 1741 tabulis
581 1684 855 1739 Ptolomaei
882 1685 1103 1754 probat.
1127 1684 1355 1755 eclipsin
1385 1686 1619 1740 solarem
1645 1700 1839 1740 novent

262 1777 562 1845 digitorum
583 1777 634 1831 in
659 1791 717 1831 se
741 1776 877 1831 satis
906 1790 1157 1847 magnam
1204 1777 1306 1831 sub
1332 1775 1578 1846 Cyam-are
1613 1777 1782 1834 fuisse
1820 1793 1837 1831 :

1935 597 2334 665 existimamus,
2354 602 2490 656 duas
2512 602 2674 655 etiam
2734 600 3010 656 exstitisse
3063 600 3193 655 solis
3250 598 3499 667 cclipscs,

1932 689 2157 743 alteram
2197 702 2433 747 exeunte
2491 705 2637 746 anno
2668 692 2828 746 tertio
2855 690 3174 762 olympiadls
3226 689 3316 755 t8,
3364 690 3499 744 alte.

1936 794 2048 833 ram
2083 791 2202 850 post
2224 795 2460 850 quatuor
2493 797 2687 848 annos,
2717 783 2890 837 Martii
2939 783 3152 838 decimo
3184 793 3354 848 sexto,
3394 797 3501 850 quo

1933 886 2053 926 eam
2080 872 2246 928 refert
2301 873 2467 928 etiam
2529 873 2837 943 Cappellus.
2906 872 3017 927 ilac
3084 882 3245 928 certe
3296 876 3501 926 ratione

1934 964 2123 1019 venire
2153 972 2407 1019 auctores
2440 965 2513 1018 illi
2572 966 2626 1019 in
2682 966 3025 1019 concordiam
3086 977 3310 1030 possunt
3356 979 3502 1029 ;ucc

1933 1054 2080 1107 enim
2134 1065 2426 1124 utramque
2508 1056 2639 1111 solis
2693 1054 3051 1110 defectionem
3118 1054 3281 1125 (quod
3336 1055 3503 1109 altera

1935 1159 2037 1199 nec
2071 1144 2233 1199 fuerit
2259 1160 2289 1200 a
2321 1144 2542 1201 Thalete
2584 1145 2860 1216 prmdirta,
2910 1161 3008 1200 nec
3074 1154 3154 1201 tot
3213 1146 3502 1215 digitorum

1939 1236 2378 1299 obscurationis)
2404 1253 2632 1293 necesse
2658 1237 2764 1293 fuit
2833 1248 2893 1292 ut
2947 1238 3233 1299 Eusebius,
3279 1248 3370 1290 aut
3416 1237 3505 1290 alii

1934 1340 2452 1383 commemorarent.
2485 1327 2692 1383 Caetera
2715 1343 2835 1399 qua
2870 1327 3116 1397 Scaliger
3184 1342 3386 1393 magno
3413 1342 3501 1379 co-

1939 1429 2089 1483 natu,
2114 1419 2380 1473 instructa
2421 1421 2587 1473 etiam
2637 1434 2826 1489 regum
2873 1419 3290 1488 Babyloniorum
3346 1419 3510 1472 chro-

1940 1509 2186 1580 nologica
2216 1511 2591 1580 synopsi,huc
2619 1510 2887 1581 congerit,
2938 1519 2993 1563 ut
3069 1510 3278 1578 probet,
3330 1508 3509 1563 Nubo-

1940 1602 2123 1655 niduot
2153 1602 2364 1671 origine
2387 1601 2599 1656 Medum
2627 1602 2923 1665 exstitisse,
2952 1601 3298 1667 electumque
3333 1600 3507 1666 Babyo

1940 1693 2080 1747 iouis
2105 1707 2287 1762 regem
2339 1702 2460 1763 post
2495 1700 2857 1762 perpetratam
2918 1690 3242 1746 Baltassaris
3299 1702 3509 1754 ιιρεθιη,

1939 1784 2086 1838 docti
2115 1783 2215 1837 viri
2246 1798 2344 1853 pro
2376 1783 2542 1838 meris
2570 1786 2896 1839 commentis
2951 1785 3170 1861 habent,
3222 1786 3349 1850 quin
3408 1784 3510 1849 ipsi

264 1869 437 1940 quod.
482 1869 620 1924 adeo
663 1883 861 1923 nomen
916 1866 1258 1925 retinendum
1320 1870 1460 1936 apud
1509 1867 1837 1923 Herodotum
1874 1900 1913 1951 Β
1944 1873 2135 1929 Vossio
2171 1874 2424 1928 dicuntur
2441 1875 2652 1929 somnia
2691 1883 2841 1928 tanto
2873 1876 2995 1928 viro
3047 1877 3290 1942 indigna.
3354 1873 3511 1937 Vide,

264 1961 570 2021 contendit.
593 1968 654 2013 ut
680 1971 730 2014 et
756 1960 1002 2029 Astyagis
1038 1961 1092 2013 in
1120 1958 1316 2014 Plinio.
1343 1958 1478 2014 Vide
1507 1971 1561 2015 et
1590 1962 1832 2017 Marsha-r

266 2065 402 2106 num
433 2050 488 2104 in
526 2051 749 2105 Canone
775 2050 1031 2104 Chronic.
1068 2066 1122 2117 p.
1156 2051 1282 2105 603.
1322 2052 1424 2105 Pro
1445 2060 1565 2105 ante
1588 2054 1828 2121 dixisset,

264 2155 389 2211 qua
412 2155 547 2196 mss.
581 2141 741 2195 lectio
766 2150 869 2205 cst,
902 2142 1142 2210 Scaliger
1189 2142 1350 2197 habet
1406 2144 1756 2209 prwdiziaset.

339 2232 461 2286 Coi.
481 2230 608 2286 373.
639 2228 877 2285 Senius.
908 2231 983 2284 Ex
1032 2230 1171 2286 Livii
1235 2232 1453 2301 quidem
1503 2248 1568 2287 ac
1596 2232 1834 2304 Dionysii

269 2321 549 2377 llabcarn.
596 2323 928 2376 testimoniis
1012 2335 1256 2391 apparet,
1337 2324 1593 2378 Servium
1656 2341 1833 2383 annos

270 2413 636 2483 regnasse“.
696 2412 991 2483 Eutropius
1050 2423 1228 2469 tamen
1251 2416 1397 2472 solos
1450 2417 1525 2471 illi
1560 2418 1626 2471 37
1678 2420 1836 2472 attri-

274 2508 412 2570 buit,
435 2505 795 2561 Cassiodorus
843 2503 1180 2560 adamussim
1233 2522 1356 2562 cum
1411 2505 1644 2562 Eusobio
1689 2508 1835 2563 facit.

272 2599 327 2653 lu
369 2599 467 2654 hac
486 2606 666 2653 autem
701 2596 1065 2665 Antiquorum
1098 2599 1487 2669 supputatione
1511 2611 1620 2655 tam
1660 2601 1836 2668 varia,

277 2693 443 2745 lector
470 2689 755 2758 dijudicet,
781 2687 996 2757 jure-ne,
1032 2703 1100 2742 an
1124 2689 1323 2765 injuria
1361 2687 1605 2757 Scaliger
1667 2692 1840 2747 Ense-

275 2778 420 2833 bium
446 2778 786 2840 criminetur,
806 2776 981 2831 solido
1010 2777 1271 2831 decennio
1292 2793 1465 2833 annos
1497 2778 1670 2835 Servii
1704 2787 1844 2852 regis

276 2867 571 2935 mutilasse,
598 2869 875 2924 mutilasse
893 2878 1074 2923 autem
1098 2869 1212 2925 ideo
1233 2869 1345 2924 sine
1369 2869 1548 2933 dubio,
1572 2872 1696 2940 quia
1724 2888 1847 2941 qua

274 2974 304 3014 a
352 2958 675 3030 quibusdam
707 2959 1067 3029 scriptoribus
1090 2967 1275 3013 notata
1299 2960 1533 3023 videbat,
1554 2963 1656 3015 sub
1704 2965 1845 3032 regi—

275 3051 377 3109 bus
413 3049 674 3107 Romanis
698 3065 760 3106 ea
785 3065 890 3106 non
915 3060 1166 3123 poterant
1204 3053 1523 3116 convenire,
1582 3055 1688 3109 nisi
1743 3071 1877 3109 au.-

267 3134 384 3197 nos
406 3142 637 3198 aliorum
698 3157 884 3212 regum
943 3151 1249 3208 truncaret,
1300 3143 1536 3200 aliorum
1588 3146 1844 3200 extende-

1936 1967 2170 2030 silubet,
2197 1966 2465 2021 Pridcavx
2498 1976 2629 2022 tom.
2652 1965 2712 2020 'll
2747 1965 2901 2020 liist.‘
2941 1966 3107 2021 llebr.
3135 1982 3189 2035 p.
3232 1965 3360 2019 228.
3411 1965 3513 2017 Pa.

1934 2055 2086 2112 latini
2105 2070 2239 2111 mss.
2264 2058 2443 2112 minus
2462 2068 2608 2111 recte
2628 2058 2880 2127 Astyagis
2901 2073 3133 2126 pugnam
3163 2072 3281 2111 cum
3305 2058 3513 2127 Alyatte

1937 2158 2061 2218 post
2121 2149 2259 2203 duos
2318 2163 2511 2214 annos,
2572 2159 2735 2218 atque
2794 2151 2930 2205 adeo
2976 2150 3193 2204 Isthmia
3239 2160 3359 2216 post
3407 2161 3513 2204 tres

1937 2238 2074 2291 alios
2101 2237 2385 2292 diiierunt.

2008 2327 2152 2382 Ibid.
2187 2326 2419 2382 Isthmia
2439 2338 2555 2394 post
2581 2327 2921 2383 Melicertem.
2955 2327 3120 2383 Recte
3149 2329 3255 2384 huc
3315 2330 3511 2384 referri

1940 2414 2285 2473 Isthmiorum
2354 2417 2801 2472 instaurationem
2847 2420 3010 2487 (quod
3048 2434 3148 2472 nec
3178 2400 3450 2489 Scaliger.
3475 2425 3511 2473 it

1941 2502 2174 2570 inﬁcias)
2200 2512 2393 2558 auctor
2424 2516 2509 2559 est
2531 2505 2599 2559 de
2622 2507 2688 2559 iis
2712 2508 2941 2576 loqui-ns
2971 2507 3193 2561 Solinus
3225 2526 3344 2578 cap.
3395 2511 3461 2562 13
3497 2525 3510 2564 :

1942 2591 2079 2656 Hoc,
2113 2594 2312 2664 inquit,
2369 2598 2728 2665 spectaculum
2786 2615 2878 2665 per
2904 2598 3179 2668 Cypselum
3231 2610 3511 2667 tyrannum

1944 2684 2329 2752 intermissum,
2359 2686 2624 2742 Corinthii
2657 2689 2853 2758 olymp.
2883 2692 2952 2743 49
2981 2690 3305 2742 solemnitati
3327 2691 3512 2752 pristi-

1945 2791 2027 2829 na:
2050 2777 2393 2831 reddiderunt
2425 2778 2626 2833 :annis
2658 2779 2828 2833 ferme
2887 2774 3246 2849 septingentis
3276 2793 3513 2851 septua—

1945 2865 2094 2935 ginta
2124 2875 2249 2920 octo
2265 2873 2546 2936 postquam
2578 2867 2796 2922 fuerant
2834 2885 2863 2921 a
2899 2868 3193 2923 Glauco-in
3250 2871 3513 2924 honorem

1948 2957 2211 3023 patruelis
2242 2956 2533 3013 Melicertis
2564 2960 2834 3014 instituta.
2892 2960 3118 3024 Notum,
3162 2976 3222 3014 ea
3276 2962 3516 3015 secundo

1946 3064 2169 3118 quoque
2190 3062 2335 3105 anno
2360 3058 2557 3103 exacto
2605 3049 2866 3104 celebrari
2892 3050 3049 3104 solita
3076 3069 3098 3113 δ,
3160 3051 3515 3118 ψιεηιηιιηιοο

1954 3144 2081 3196 dum
2113 3151 2169 3195 et
2190 3140 2416 3196 Nemea.
2461 3139 2739 3195 Videndus
2771 3155 2882 3208 prae
2927 3144 3140 3195 caeteris
3180 3140 3398 3195 Pindari
3433 3141 3516 3192 iuo

274 3244 374 3289 ret.
412 3236 595 3304 Apage
650 3232 911 3288 ridiculas
966 3233 1290 3289 calumnias.
1354 3235 1501 3290 Idem
1553 3229 1913 3306 DionysiusC
1947 3234 2282 3301 lerpretibus
2332 3232 2550 3286 Erasm.
2597 3233 2914 3286 Schmidius
2972 3234 3026 3285 in
3092 3231 3516 3298 Prolegomenis.

277 3326 369 3379 lib.
394 3340 468 3389 tr,
500 3324 677 3388 initio,
712 3339 940 3395 regnare
959 3326 1193 3394 coepisse
1242 3326 1520 3391 Servium,
1580 3343 1689 3383 non
1739 3329 1844 3382 hu-

273 3416 503 3486 ξας.ωά
553 3416 934 3486 subsequentis
996 3417 1321 3488 Olympiadis
1372 3420 1844 3489 quinquagesimae

279 3522 421 3561 anno
443 3514 661 3574 quarto.
716 3504 901 3572 tradit,
934 3509 1197 3565 archonte
1251 3508 1480 3564 Athenis
1515 3509 1847 3563 Archestra—

280 3600 403 3652 tide.
424 3597 616 3653 Cicero
636 3610 758 3650 eum
789 3596 979 3653 Soloni
1032 3606 1088 3650 et
1137 3596 1423 3652 Pisistrato
1480 3602 1846 3670 synchronum

277 3688 447 3747 fuisse
466 3689 639 3745 .docet
673 3688 726 3741 in
746 3685 915 3766 Bruto
944 3702 1067 3756 cap.
1102 3687 1190 3741 10.
1214 3688 1271 3742 In
1294 3687 1483 3744 Graeco
1507 3707 1792 3759 perperam
1818 3692 1847 3744 ὀ

277 3782 372 3835 καὶ
405 3776 638 3840 Τοῦλλος
681 3775 900 3845 dicitur,
928 3776 1020 3835 ubi
1068 3778 1260 3834 saltem
1282 3776 1536 3841 Τούλλιος
1561 3781 1850 3836 emendare

275 3870 450 3927 licuit.
1595 3911 1608 3925 .

344 3960 484 4017 ibid.
550 3952 784 4032 Alyattes
835 3967 887 4016 et
936 3958 1196 4030 Astyages
1272 3959 1676 4019 dimicaverunt.
1730 3963 1850 4020 Alia

276 4055 390 4111 haec
445 4051 660 4107 videtur
723 4065 903 4122 pugna
971 4060 1134 4121 atque
1191 4050 1281 4106 illa
1330 4067 1496 4122 quam
1538 4052 1848 4108 Herodotus

278 4152 461 4199 narrat
480 4143 575 4200 lib.
609 4158 650 4208 t,
679 4157 803 4214 cap.
830 4141 924 4207 7i,
957 4141 1047 4197 ubi
1108 4142 1187 4198 ait
1227 4142 1493 4215 Alyattem
1525 4151 1579 4197 ct
1641 4144 1854 4214 Cyam-

276 4252 388 4290 rem
414 4239 544 4305 (non
562 4232 872 4305 Astyagem)
914 4248 1038 4289 cum
1101 4235 1153 4286 iu
1210 4233 1494 4304 procinctu
1545 4248 1732 4289 essent
1780 4236 1851 4291 ad

276 4326 702 4398 conﬂigendum,
738 4325 827 4380 die
850 4325 1146 4394 derepente
1176 4326 1230 4380 in
1289 4335 1450 4380 nocte
1509 4338 1794 4388 converso,
1823 4340 1853 4377 a

276 4420 465 4489 praelia
483 4418 870 4475 committendo
896 4417 1190 4473 destitisse.
1225 4415 1483 4490 Scaliger,
1537 4418 1627 4487 qui
1686 4433 1852 4475 unum

1944 3326 2247 3379 instaurata
2281 3339 2502 3394 quoque
2556 3334 2683 3377 sont
2733 3323 2947 3393 Pythia,
2994 3324 3110 3386 sed,
3163 3335 3221 3376 ut
3252 3350 3257 3355 -
3285 3325 3518 3387 videtur,

1956 3415 2120 3482 paulo
2140 3426 2286 3480 ante,
2341 3406 2487 3467 anno
2541 3416 2751 3468 scilicet
2796 3417 2958 3467 tertio
3005 3415 3331 3484 Olympiadis
3388 3431 3517 3484 quae

1946 3507 2267 3573 dragcsimae
2292 3515 2518 3561 octavas.
2542 3503 2739 3556 Eorum
2804 3505 2954 3557 fuere
3001 3506 3258 3572 prmsides
3299 3507 3520 3569 Amphi.

1951 3607 2208 3667 ctyones,
2238 3608 2297 3649 ut
2319 3595 2567 3650 laudatus
2596 3594 2814 3648 Pindari
2843 3596 3115 3662 interpres
3136 3606 3311 3647 notat;
3346 3595 3518 3647 Habe~

1952 3689 2109 3740 batur
2138 3686 2454 3739 solemnitas
2479 3693 2673 3752 quarto
2695 3698 2912 3753 quoque
2973 3697 3118 3736 anno
3177 3684 3383 3750 elapso,
3443 3687 3519 3739 *μ

1952 3776 2064 3833 mili
2087 3791 2208 3831 cum
2244 3774 2649 3845 olympiadibus
2709 3774 2943 3829 ratione.
2995 3774 3173 3828 Monet
3225 3789 3353 3827 vero
3414 3774 3519 3828 Do-

1953 3866 2191 3922 dwcllus'
2231 3866 2459 3921 Dissert.
2518 3882 2572 3931 ν,
2633 3864 2701 3920 de
2745 3864 2925 3935 Cyclis
2981 3873 3226 3919 veterum
3272 3875 3407 3920 sect.
3462 3865 3521 3930 9,

1958 3958 2247 4029 Pythiades
2278 3995 2297 4022 ,
2342 3958 2502 4013 annis
2552 3957 2753 4026 olymp.
2853 3956 3106 4010 secundis
3157 3958 3477 4009 exeuntibus
3505 3995 3521 4023 ,

1953 4050 2319 4118 respondisse,
2343 4051 2487 4118 quod
2527 4047 2717 4117 Pythia
2767 4047 2907 4116 ipsa,
2936 4065 2966 4102 a
3016 4047 3219 4116 quibus
3268 4055 3521 4101 tetrante.

1955 4142 2091 4196 ridis
2110 4141 2395 4197 exordium
2459 4141 2784 4203 ducebatur,
2837 4148 3053 4193 constet
3076 4154 3142 4192 ex
3188 4137 3523 4207 Thucydidis

1959 4233 2265 4288 certissimo
2325 4234 2667 4297 testimonio,
2726 4248 2835 4285 non
2882 4232 3108 4284 alterius
3153 4231 3319 4310 fuisse
3350 4233 3522 4294 .auni,

1957 4339 2119 4393 quam
2153 4322 2377 4379 secundi
2404 4322 2690 4392 Olympici.
2740 4322 3038 4390 Eapropter
3095 4320 3431 4389 Scaligerum
3470 4321 3523 4377 in

1958 4415 2111 4474 Notis
2158 4417 2225 4471 ad
2259 4414 2405 4474 hunc
2452 4416 2659 4473 locum,
2710 4424 2875 4482 atque
2923 4429 2954 4467 e
3006 4414 3275 4466 veteribus
3323 4412 3523 4466 Pausa-

276 4511 529 4581 idemque
556 4520 768 4581 gestum
799 4509 914 4563 vult
946 4523 1090 4570 esse,
1127 4507 1282 4563 miris
1311 4524 1370 4565 se
1405 4508 1581 4562 modis
1605 4517 1852 4578 torquet:
1886 4548 1933 4608 θ
1959 4510 2108 4569 niam
2129 4518 2183 4561 et
2215 4506 2507 4565 Diodorum
2535 4506 2742 4561 erroris
2796 4504 3101 4565 insimulat.
3146 4504 3292 4572 quod
3325 4503 3437 4556 iure
3457 4502 3524 4554 ab

271 4610 333 4657 et
365 4600 524 4656 modo
556 4598 848 4655 Eusebium
908 4596 1275 4667 reprehendit,
1336 4600 1479 4667 quod
1536 4606 1660 4671 post
1721 4601 1852 4655 solis
1886 4594 1929 4608 ⁷
1958 4614 2100 4659 anno
2130 4598 2293 4657 tertio
2319 4597 2673 4666 reprticruut.
2723 4594 3005 4663 Praecipue
3064 4596 3117 4648 in
3162 4610 3229 4648 eo
3281 4594 3525 4661 Scaliger

192 4725 203 4735 ι
272 4692 633 4751 defectionem
661 4692 773 4745 haec
837 4689 1057 4754 referat,
1101 4705 1220 4759 quae
1271 4704 1336 4745 ex
1388 4688 1646 4747 Herodmi
1705 4690 1855 4744 testi.

276 4786 464 4839 monio
494 4798 615 4839 eam
672 4782 978 4852 prmctedcre
1030 4780 1398 4844 debuissent;
1461 4783 1625 4835 modo
1674 4781 1850 4850 ipsum

274 4875 636 4938 Herodotum.
660 4890 818 4943 quem
850 4874 1047 4945 fugerit
1102 4873 1240 4929 ratio
1283 4872 1349 4925 de
1397 4872 1662 4942 Cyaxare,
1720 4870 1854 4925 Soli-

275 4986 407 5023 num
438 4978 621 5023 autem
656 4966 870 5023 caneris
890 4964 1144 5019 acerbius
1170 4964 1354 5026 habet,
1381 4965 1524 5033 quod
1551 4963 1696 5019 dicat
1722 4979 1853 5015 con.

273 5055 460 5124 tigisse
488 5054 590 5111 hoc
623 5053 823 5111 bellum
876 5067 1019 5105 anno
1076 5060 1196 5120 post
1255 5051 1407 5106 llium
1434 5060 1691 5120 .captutu,
1723 5051 1848 5117 60.5,

272 5147 373 5217 qui
428 5148 637 5219 primus
673 5153 757 5201 est
825 5142 1150 5216 Olympiadis
1209 5144 1687 5213 quinquagesimtc,
1751 5159 1851 5201 nec

272 5238 385 5294 sibi
409 5237 546 5294 adeo
571 5247 804 5299 constet.
833 5252 957 5291 cum
989 5233 1355 5306 Olympiadem
1378 5234 1850 5305 quadragesimam

270 5344 477 5385 nouam
516 5328 717 5395 refert;
747 5327 1006 5383 continuo
1037 5328 1197 5380 etiam
1223 5333 1392 5387 erret,
1425 5334 1479 5378 et
1535 5339 1658 5380 cum
1717 5339 1850 5378 coo-

272 5431 361 5478 tra
385 5423 744 5494 bypothcsim,
797 5417 1267 5489 quadragesimam
1304 5431 1505 5471 nonam
1538 5430 1635 5485 pro
1690 5417 1848 5486 quin-

271 5515 587 5586 quagesi'ma
617 5514 792 5582 prima
818 5510 1127 5580 olympiade
1150 5508 1327 5578 ponit,
1356 5517 1410 5561 et
1464 5521 1584 5561 cum
1644 5523 1844 5561 annum

272 5603 457 5658 dicita
497 5613 653 5674 Capto
678 5603 773 5658 llio
807 5600 932 5664 604,
964 5614 1060 5670 pro
1125 5597 1249 5653 598.
1315 5597 1391 5651 lta
1442 5596 1684 5667 Scaliger
1724 5598 1842 5651 lon-

272 5696 403 5766 gius
444 5696 511 5750 ab
542 5711 850 5756 :«umorum,
883 5694 973 5762 qui
1002 5692 1113 5745 haec
1150 5690 1388 5751 tradunt,
1422 5689 1525 5742 fide
1561 5689 1844 5743 discedere

272 5795 504 5843 coactus
526 5795 631 5846 est.
656 5785 788 5854 Nos,
814 5784 1080 5853 siquidem
1118 5791 1264 5837 recte
1293 5780 1403 5835 duo
1446 5782 1660 5837 diversa
1711 5796 1847 5849 pra:-

1958 4688 2346 4749 liallucinatur,
2403 4686 2544 4752 quod
2596 4698 2831 4743 mensem
2888 4683 3205 4751 Delphicum
3279 4682 3525 4743 Battum,

1958 4781 2049 4846 qui
2075 4781 2254 4835 Attico
2289 4777 2628 4846 Hunychioni
2654 4776 3036 4844 respoudebm,
3084 4786 3264 4847 etquo
3304 4774 3527 4844 Pythia-

1954 4871 2050 4925 des
2081 4868 2406 4938 agebantur,
2442 4866 2649 4935 putavit
2711 4881 2835 4925 cum
2886 4865 3243 4933 Tbargelione
3295 4879 3529 4920 coucur-w

1956 4974 2096 5013 rere.
2135 4957 2265 5010 Vide
2292 4956 2564 5011 laudatam
2595 4953 2849 5009 Dodwelli
2879 4953 3348 5013 Dissertationum.

2021 5047 2138 5102 Col.
2185 5045 2311 5101 5T5.
2372 5045 2584 5099 Mortuo
2640 5042 2957 5098 Nabuchod.
3028 5045 3523 5103 ScburzﬂeiSrltius

1951 5142 2048 5205 ait,
2081 5140 2141 5195 Si
2188 5141 2429 5195 secundo
2478 5152 2622 5191 atuto
2676 5136 3248 5199 Nabuchodonosoris,
3300 5138 3391 5207 qui
3440 5148 3523 5191 est

1950 5232 2190 5288 Joachim
2222 5232 2468 5301 quintus,
2515 5228 2729 5284 Pharao
2778 5228 2981 5295 Necho,
3039 5233 3112 5290 uti
3147 5228 3433 5299 Syncellus
3465 5245 3514 5299 p_

1947 5322 2048 5378 221
2084 5322 2269 5386 tradit,
2324 5321 2392 5375 ab
2439 5335 2505 5374 eo
2542 5319 2719 5375 victus
2767 5318 2890 5383 fuit,
2937 5324 3157 5390 ipseque
3209 5319 3298 5397 ille
3358 5317 3493 5375 Chal

1948 5415 2185 5467 decorum
2239 5426 2358 5476 rex,
2408 5420 2463 5463 ut
2512 5410 2798 5479 Syncellus
2842 5427 2895 5474 p.
2931 5410 3038 5465 220
3069 5410 3250 5474 tradit,
3293 5424 3386 5476 per
3429 5426 3526 5461 an-

1947 5518 2049 5559 nos‘
2076 5503 2147 5556 23
2178 5503 2444 5571 regnarit,
2469 5502 2738 5575 sequitur,
2766 5504 2905 5558 hanc
2936 5502 3248 5571 periocbam
3276 5502 3340 5555 ad
3370 5516 3521 5554 uuxn.

1950 5590 2086 5648 15i8
2124 5606 2245 5646 esse
2302 5589 2665 5647 referendam.
2717 5590 2964 5646 Totidem
3028 5605 3159 5645 sane
3214 5606 3389 5645 annos
3442 5606 3529 5644 re-

1948 5697 2143 5754 gnasse
2198 5696 2414 5752 quoque
2461 5698 2611 5749 eum,
2659 5684 2735 5737 ait
2774 5683 3027 5747 Berosus,
3056 5682 3196 5753 apud
3228 5678 3526 5749 .loscpbtun

1945 5778 2041 5837 tib.
2064 5791 2078 5829 l
2098 5784 2286 5831 contra
2311 5774 2545 5844 Appiou.
2572 5774 2683 5845 Ego
2713 5784 2891 5830 tamen
2913 5773 3048 5829 nihil
3067 5773 3382 5830 mutandum
3405 5789 3529 5833 esse
