3964 6186
440 343 548 409 9.5

1700 336 2109 397 VALLARSII
2152 336 2391 398 NOTAE.

3586 338 3683 399 036

442 470 660 514 censeo.
706 454 897 511 Mulala
941 452 1086 509 enim
1142 468 1196 524 p.
1246 451 1341 508 l9l
1394 451 1466 506 ita
1493 452 1562 508 de
1613 465 1676 507 ea
1727 451 2014 508 rescribit:
2047 458 2088 512 Α
2193 449 2329 506 Ibid.
2371 450 2516 519 Agon
2549 449 2862 505 Nemetas.
2898 447 3028 505 Post
3061 457 3266 520 septem
3295 464 3475 504 annos
3496 448 3685 507 Nemea

441 547 535 605 Ἐν
567 547 643 618 τῷ
682 548 919 615 πέμπτῳ
957 544 1068 598 ἔτει
1097 545 1194 613 τῆς
1229 542 1511 612 βασιλείας
1548 541 2015 612 Ναϐουχοδονόσοο

447 659 539 712 ρος
558 643 706 695 πᾶσα
730 640 763 709 ἡ
789 638 1141 709 αιχμαλωσια
1158 638 1267 689 τῶν
1291 636 1566 689 Ἰουδαίων
1587 636 1803 703 ἐγένετο
1829 637 1885 686 ἐν
1912 633 2017 687 Βα-

445 733 668 793 ϐυλῶνι,
691 729 871 794 καθὼς
886 728 1142 791 Εὐσέὸιος
1165 731 1193 782 ὁ
1219 727 1500 797 [quenes
1518 726 2016 796 ὲχρονογράφησεν.
2043 718 2047 722 ’

442 825 628 880 Obiter
681 823 892 889 corrige
948 822 1003 875 in
1043 822 1254 884 Malitia,
1310 820 1508 891 πρώτην
1553 821 1585 889 ἡ
1642 816 2015 889 αἱχμαλωσία.

440 919 577 972 Nam
615 919 769 971 πᾶσα
812 917 904 970 illa
943 915 1173 984 contigit
1204 915 1423 967 demum
1457 927 1602 967 anno
1630 910 1874 981 ejusdem
1911 912 2018 963 im-

439 1008 696 1074 perii25.
745 1008 864 1064 Iam
913 1008 956 1060 si
1010 1006 1256 1076 regnavit
1299 1003 1803 1058 Nabuchodonosor
1847 1015 2019 1058 annos

441 1102 533 1163 45,
562 1100 896 1168 ultimusque
920 1097 1039 1168 ejus
1072 1097 1220 1167 regni
1244 1112 1422 1151 annus
1448 1093 1857 1149 Abrabatnitico
1883 1091 2020 1147 HM

442 1192 757 1260 respondet,
785 1194 1032 1260 sequitur
1066 1205 1199 1244 sane
1227 1198 1419 1257 sponte
1457 1202 1579 1252 sua,
1632 1188 1865 1257 primum
1912 1182 2021 1238 Na-

446 1283 919 1338 bttcbodonosoris
976 1281 1192 1350 imperii
1249 1295 1378 1334 ann.
1443 1279 1496 1332 in
1553 1275 2019 1334 Abrahamiticum

446 1373 585 1428 10ιὲ
620 1373 893 1434 inridere;
947 1382 1111 1440 atque
1143 1374 1245 1425 hoc
1292 1370 1453 1424 modo
1489 1370 1675 1423 Mala’a
1706 1376 1851 1422 recte
1881 1366 2019 1423 scri-

446 1467 573 1533 psit,
608 1465 902 1518 Eusebium
945 1466 996 1518 in
1030 1465 1279 1532 quintum
1330 1459 1880 1525 Nabm-bodonosoris
1923 1473 2022 1512 an-

445 1571 576 1610 num
630 1557 866 1624 primam
923 1556 1233 1611 Juda‘orum
1304 1554 1672 1620 captivitatem
1727 1548 2016 1618 contjicere.

446 1648 630 1703 Possis
662 1642 840 1702 tamen
892 1648 1056 1701 etiam
1099 1656 1335 1699 vetet-ctu
1388 1645 1590 1697 Malalae
1622 1644 1904 1697 lectionem
1932 1655 2022 1696 re-

446 1743 642 1803 tinere,
683 1741 728 1794 si
768 1740 1020 1793 excidere
1062 1738 1346 1791 arbitreris
1396 1747 1517 1789 ante
1547 1751 1730 1789 vocem
1776 1734 1887 1787 ἔτει
1924 1732 2020 1786 καὶ

445 1831 697 1900 εἰκοστῷ.
757 1831 849 1884 Sic
908 1831 1268 1895 Clironologia
1307 1829 1500 1892 eodem
1558 1812 1769 1882 redibit.
1814 1825 1884 1880 At
1915 1825 2018 1878 lle-

446 1940 630 1988 rosus,
662 1940 689 1978 a
719 1923 970 1993 Syncello
1002 1940 1053 1990 p.
1090 1921 1195 1973 2ἓο
1230 1930 1282 1972 et
1321 1918 1556 1986 Joscpbo
1587 1920 1690 1973 loc.
1723 1917 1871 1972 laud.
1921 1918 2019 1970 ad-

447 2014 669 2077 ductus,
701 2015 909 2067 rectius
933 2013 1109 2080 primo
1139 2028 1284 2063 anno
1321 2012 1629 2064 Necboncm
1676 2025 1704 2062 a
1732 2008 2023 2064 Nabucho-

446 2105 720 2158 donosore
775 2103 1126 2167 debellatum,
1205 2105 1519 2167 Vit‘lttlttqtle
1571 2115 1709 2164 (δερ,
1766 2101 2020 2155 asseruit.

447 2195 524 2248 De
551 2194 1088 2247 Nabucbmlonosore
1127 2192 1244 2245 vide
1288 2202 1342 2245 et
1394 2191 1641 2245 Suidam.
1685 2191 1882 2246 Strabo
1924 2191 2020 2245 lib.

448 2301 541 2347 xv,
568 2301 597 2339 e
637 2285 982 2347 Mcgztstbene
1014 2285 1199 2343 tradit,
1251 2287 1341 2335 τὴν
1390 2283 1887 2352 Ναυςκοδρόσορον,
1935 2284 2024 2337 τὸν

449 2377 600 2448 παρὰ
645 2377 933 2439 Χαλδαίοις
960 2374 1766 2445 εὐδοκιμήσαντα,Ἦκακ).έους
1803 2375 2022 2443 μᾶλλον,
2053 2359 2060 2365 ”

452 2471 551 2523 καὶ
607 2469 711 2531 ἓως
759 2468 996 2538 στηλῶν,
1041 2467 1252 2522 sidunt.
1313 2467 1672 2522 Casaubouus
1732 2466 1805 2520 ibi
1853 2469 2026 2532 addit,

450 2557 937 2613 Nabuchodonosor
969 2558 1052 2611 hic
1082 2568 1159 2611 est
1181 2556 1416 2623 Iosephi,
1454 2574 1604 2626 quem
1634 2573 1803 2627 regem
1827 2574 1855 2611 ε
1881 2555 2027 2612 στω-

448 2650 522 2701 ct's
568 2657 762 2716 printer
791 2645 1103 2701 Strabonem
1160 2662 1328 2706 nemo,
1372 2648 1509 2714 quod
1551 2647 1738 2708 sciam,
1769 2648 2026 2700 nominat.

450 2736 816 2809 Megastbeuis
847 2739 1027 2793 locum
1063 2737 1290 2791 adduxit
1321 2746 1500 2791 tamen
1528 2738 1690 2792 etiam
1723 2739 2026 2809 Syncellns,

447 2828 725 2900 Josepbus
760 2832 798 2885 I.
832 2829 887 2885 d.
923 2840 977 2884 et
1009 2829 1106 2883 lib.
1140 2845 1193 2890 χ,
1223 2844 1275 2884 c.
1310 2830 1399 2889 ll.
1435 2841 1599 2899 atque
1624 2830 1895 2887 Eusebius
1928 2832 2028 2887 lib.

452 2938 508 2988 ι,
537 2937 590 2976 c.
623 2921 708 2984 ll,
741 2921 978 2989 l’raipar.
1021 2918 1225 2987 Evang.
1282 2918 1570 2987 Receptior
1613 2921 1882 2975 sententia
1926 2932 2029 2987 est,

452 3025 710 3081 regnasse
743 3009 1337 3064 Nabuchodonosorem
1389 3009 1550 3065 annis
1582 3010 1686 3074 £5;
1734 3010 2035 3067 Evilmero—

2050 1793 2092 1848 Β

2119 543 2174 597 in
2218 543 2482 612 Scaligeri
2539 542 2777 597 editione
2833 550 3210 596 recensentur.
3285 539 3520 595 Fiebant
3579 544 3688 597 lucc

2115 634 2305 696 etiam,
2342 633 2567 702 perinde
2597 644 2758 703 atque
2779 633 3025 697 Isthmia,
3063 635 3130 687 de
3158 634 3362 703 quibus
3388 636 3553 701 paulo
3573 647 3689 691 ante

2115 726 2379 789 diximus,
2412 726 2656 780 secundo
2708 739 2926 794 quoque
2976 740 3123 779 anno
3167 736 3381 789 exat-to,
3437 736 3494 778 et
3540 729 3688 781 tertio

2116 818 2359 872 ineunte.
2427 817 2659 879 Scitum,
2706 817 2970 871 celebrari
3021 817 3177 871 solita
3229 817 3406 885 primo
3450 826 3506 869 et
3538 821 3686 872 tertio

2118 911 2481 981 olytupiatlis:
2522 908 2681 978 primi
2739 907 2999 975 Hiberna,
3056 910 3199 963 tertii
3256 900 3469 963 Estiva
3520 918 3684 964 erant.

2120 1003 2352 1057 Fallitur
2407 1001 2620 1055 Petitus
2647 1014 2711 1054 ex
2744 1014 3024 1071 perperam
3058 1010 3282 1069 accepto
3314 999 3530 1054 Diodori
3559 1000 3685 1067 loro,

2118 1109 2241 1148 cum
2293 1092 2504 1161 primis,
2545 1091 2834 1160 tertiisque
2878 1090 3251 1161 olympiadum
3300 1092 3458 1144 annis
3501 1088 3685 1145 Nemea

2119 1186 2330 1242 statuit.
2361 1182 2516 1252 Quod
2545 1198 2644 1238 nos
2696 1194 2926 1253 spectat,
2958 1183 3172 1237 tametsi
3199 1197 3305 1235 non
3336 1182 3592 1250 exiguum
3624 1181 3686 1235 il-

2118 1271 2235 1337 lud,
2269 1271 2411 1340 quod
2455 1281 2732 1332 notamus.
2787 1271 2932 1326 inter
2991 1270 3398 1339 Scaliger-auaro
3460 1279 3515 1324 et
3553 1270 3685 1324 Poo-

2120 1377 2390 1428 tac-enam,
2439 1375 2604 1435 atque
2640 1366 2777 1418 adeo
2811 1374 3057 1417 nostram
3093 1364 3472 1417 recensiuuem
3531 1364 3689 1417 inter-

2118 1459 2318 1511 vallum
2360 1457 2623 1526 temporis
2656 1458 2966 1516 intercedit,
3000 1458 3136 1508 bene
3173 1462 3353 1509 tamen
3385 1456 3443 1509 in
3470 1465 3688 1524 utraque

2118 1565 2243 1604 cum
2279 1549 2456 1616 primo
2487 1548 2811 1617 Olympiadis
2840 1559 3201 1604 com-orrum.

2190 1640 2329 1695 Ibid.
2363 1639 2594 1704 Amasis,
2627 1656 2718 1694 an.
2765 1640 2853 1694 Η.
2894 1637 3047 1693 llnne
3081 1640 3218 1691 miro
3254 1655 3525 1693 consensu
3551 1651 3688 1695 retr-

2120 1746 2230 1796 res,
2264 1731 2539 1793 Manctbo,
2572 1730 2900 1796 Herodotus,
2934 1722 3180 1792 Ctesias,
3215 1732 3505 1794 Diodorus,
3538 1742 3690 1801 atque

2121 1822 2237 1885 alii,
2280 1820 2483 1891 Vapbri
2517 1824 2855 1877 successisse
2882 1823 3125 1886 tradunt,
3160 1823 3213 1875 in
3252 1821 3510 1894 Egyptio
3537 1839 3690 1892 regno

2122 1918 2481 1969 constitutum
2531 1931 2561 1967 a
2592 1914 3093 1970 Neburbadnezare
3144 1914 3463 1985 Babylonio,
3504 1913 3690 1985 qui'il-

2126 2006 2215 2061 Iud
2251 2022 2386 2076 pene
2414 2006 2660 2060 funditus
2689 2008 3086 2060 devastaverat.
3127 2005 3311 2061 Fuerit
3342 2023 3469 2060 vero
3504 2007 3691 2076 prtere-

2123 2107 2244 2152 ctus
2294 2097 2520 2164 reliquis
2580 2096 2820 2168 Egypti,
2869 2113 2978 2151 non
3027 2100 3245 2168 proprie
3300 2115 3416 2162 rex,
3458 2101 3689 2168 quando

2122 2190 2314 2245 Saltem
2344 2192 2447 2244 sub
2478 2188 2974 2244 Nebuchadnezare
3003 2190 3429 2257 Babyloniorum
3462 2191 3691 2257 potentia

2126 2278 2312 2334 stetit:
2343 2282 2463 2346 post
2512 2281 2630 2349 ejus
2658 2281 2855 2350 quippe.
2884 2291 3136 2346 mortem,
3170 2291 3224 2335 et
3254 2282 3457 2351 regiam
3503 2282 3695 2349 niajrs-

2127 2383 2292 2426 tatem
2350 2372 2512 2426 bomo
2564 2372 2811 2440 plebeius
2858 2373 3123 2440 arripere,
3172 2382 3227 2426 et
3284 2387 3525 2439 regnum
3549 2375 3696 2428 resti-

2128 2473 2284 2519 tuere
2336 2465 2388 2519 in
2445 2466 2732 2533 pristinum
2775 2466 2984 2535 ‘potuit.
3021 2466 3364 2536 Exaggerant
3399 2465 3694 2521 Herodotus

2129 2565 2183 2612 et
2216 2557 2500 2619 Diodorus,
2532 2570 2656 2610 eum
2687 2540 2816 2611 eum
2864 2563 3001 2612 adeo
3033 2556 3245 2613 felicem
3302 2559 3598 2625 praedicant
3638 2573 3696 2611 ac

2130 2658 2427 2719 potentem.
2465 2658 2519 2701 ut
2553 2649 2743 2719 viginti
2777 2649 2940 2704 millia
2966 2652 3183 2703 urbium
3217 2650 3546 2718 possederit.
3569 2650 3694 2706 Vide

2135 2742 2473 2796 Po-rizonittm
2500 2741 2649 2810 Orig.
2680 2740 2900 2812 Egypt.
2947 2757 2998 2795 c.
3030 2740 3125 2802 24,
3171 2741 3277 2795 sub
3304 2742 3489 2796 tinent.
3518 2740 3696 2809 Quoad

2131 2834 2283 2903 regni
2316 2848 2511 2898 annos,
2566 2832 2876 2888 Herodouts
2922 2845 3082 2902 atque
3126 2830 3419 2888 Africanus
3450 2833 3697 2897 -quadra-

2134 2928 2282 2996 ginta
2310 2934 2547 2993 quatuor
2569 2925 2620 2979 ei
2649 2925 2917 2989 tribuunt,
2946 2924 3090 2995 quod
3119 2924 3377 2994 exiguum
3408 2923 3696 2978 diserimen

2132 3027 2220 3073 cst
2246 3018 2314 3072 ab
2342 3017 2563 3072 Eusebii
2600 3026 2881 3088 computo,
2908 3018 3049 3087 apud
3076 3032 3237 3083 quem
3282 3015 3554 3070 Pontaeus
3594 3014 3698 3083 ipse

457 3103 721 3163 ἀλοδιιιηι
753 3100 844 3171 qui
892 3099 941 3154 ei
980 3099 1270 3162 ευυυεεεῖιο
1317 3097 1491 3154 Ῑυίεεθ
1521 3108 1639 3168 Ροει
1670 3100 1808 3155 duos
1856 3116 2030 3155 annos
2058 3134 2104 3194 ο
2136 3110 2261 3162 οΙίιη
2293 3108 2653 3180 quadraginta
2692 3119 2805 3162 tres
2832 3108 3174 3162 numerabat.
3204 3106 3371 3161 Recte
3399 3116 3583 3159 autem
3614 3106 3699 3157 ha-
3793 3160 3802 3168 ,

452 3193 696 3249 occisum
730 3209 759 3245 a
789 3191 1186 3261 Neriglissore;
1220 3192 1367 3243 hunc
1391 3201 1512 3257 post
1539 3203 1775 3261 quatuor
1806 3192 1860 3246 in
1887 3194 2028 3248 bello

452 3298 643 3342 contra
674 3283 875 3355 Cyrum
905 3294 959 3336 et
1012 3283 1197 3338 Medos
1250 3282 1497 3351 periisse,
1551 3285 1883 3338 successisse
1928 3297 2030 3335 au-

456 3387 564 3433 tem
594 3375 1110 3431 Laborosachodum
1156 3373 1323 3427 tilium
1359 3374 1545 3441 paucis
1591 3373 1891 3440 mensibus,
1922 3389 2032 3444 quo

453 3483 487 3526 θ
518 3469 654 3523 vivis
681 3465 1233 3530 sublato,Baltassar
1265 3467 1408 3519 Illius
1431 3465 1879 3529 Evilmerodacbi,
1922 3479 2033 3534 prt-

454 3573 576 3615 inus
622 3556 926 3624 Nabonida,
960 3557 1246 3627 imperium
1291 3557 1453 3612 annis
1503 3559 1688 3612 decem
1738 3567 1793 3610 et
1825 3566 2031 3624 septem

455 3653 712 3707 tenuerit.

522 3744 662 3799 Ibid.
698 3741 913 3800 Servius
958 3742 1189 3806 ancillae,
1238 3742 1329 3796 sed
1372 3740 1564 3796 nobilis
1592 3740 1770 3809 ﬁlius.
1810 3740 1932 3794 llaec
1968 3756 2032 3794 ex

456 3831 719 3901 Eutropio
770 3832 1164 3904 Hieronymum
1216 3833 1519 3895 addidisse,
1569 3835 1814 3900 Scaliger
1863 3845 2032 3885 inurat.

454 3922 611 3983 Paria
639 3932 819 3977 autem
856 3923 1060 3978 habent
1087 3923 1296 3990 Livius,
1331 3925 1642 3994 Dionysius.
1678 3923 1891 3989 Fletus,
1919 3925 2039 3979 alii-

464 4032 592 4081 que.
633 4016 863 4076 Montes,
921 4014 1269 4081 Exquilinum
1316 4015 1536 4083 quidem
1586 4025 1641 4069 et
1696 4014 2037 4089 Viminalem,

461 4105 594 4160 Urbi
631 4107 876 4172 adjectus
903 4119 932 4157 a
969 4104 1183 4171 Servio,
1213 4108 1485 4159 consentit
1512 4107 1674 4160 etiam
1711 4108 1908 4162 Strabo
1945 4111 2037 4164 lib.

459 4211 511 4262 ν,
545 4212 597 4265 p.
631 4196 759 4250 358.
790 4195 1124 4262 Quirinalem
1154 4211 1281 4250 vero
1307 4208 1463 4251 antea
1498 4200 1764 4252 nutuitutn
1787 4213 1910 4252 cum
1936 4199 2043 4255 Ca-

458 4290 650 4360 pitolio
676 4299 730 4344 et
760 4287 990 4343 Palatio.
1018 4288 1285 4358 Censum,
1310 4305 1471 4360 quem
1503 4289 1578 4346 illi
1614 4306 1849 4361 primum
1899 4296 2041 4348 scri-

466 4394 678 4454 ptorum
706 4384 948 4437 omnium
986 4398 1292 4439 consensus
1338 4386 1534 4447 defert,
1585 4383 1839 4439 Petavius
1893 4387 2040 4456 regni

2135 3199 2225 3251 bet
2251 3213 2358 3252 uno
2383 3198 2583 3258 minus.
2619 3211 2669 3249 ut
2693 3214 2757 3250 ex
2788 3197 2977 3253 Gra-co
3000 3196 3141 3266 apud
3174 3196 3490 3268 Syncellum
3520 3197 3694 3265 liquet.

2137 3291 2416 3344 Laudatus
2448 3289 2771 3344 Perizonius
2798 3291 2959 3358 paulo
2989 3290 3146 3343 aliter
3183 3290 3422 3343 rationes
3449 3286 3695 3347 instituit.

2133 3383 2357 3451 vultque
2390 3382 2745 3451 quadraginta
2799 3392 3037 3449 quatuor
3083 3378 3203 3433 illos
3253 3378 3469 3432 initium
3515 3389 3697 3445 capere

2135 3476 2204 3528 ab
2235 3488 2380 3527 anno
2411 3473 2817 3528 undevicesimo
2850 3474 3136 3525 destructa:
3165 3469 3572 3539 Hierosolyma;
3597 3465 3697 3521 Na-

2136 3565 2568 3620 buehadnezaris
2614 3563 2895 3617 tricesimo
2933 3570 3166 3615 octavo:
3224 3560 3476 3615 desinere
3528 3567 3691 3611 autem

2139 3658 2192 3711 iu
2228 3674 2356 3711 ann.
2398 3669 2653 3726 quartum
2684 3664 2975 3727 exeuntem
3012 3652 3320 3723 Cambysis,
3362 3665 3472 3718 quo
3498 3647 3695 3703 Amasis

2141 3758 2388 3802 mortuus
2417 3748 2508 3802 sit.
2546 3746 2838 3815 Comparat
2864 3759 2992 3799 vero
3022 3758 3146 3797 cum
3184 3752 3308 3797 octo
3334 3743 3497 3795 annis
3522 3753 3698 3807 super.

2090 3820 2111 3829 ί
2140 3841 2284 3894 stitis
2303 3838 2842 3899 Nebut-badnctaris,
2870 3837 3084 3889 duobus
3105 3832 3697 3899 Evilnierodaebi.qtta-

2140 3943 2268 3988 tuor
2298 3930 2698 3999 Neriglissoris.
2729 3930 2918 3983 decem
2947 3936 3000 3981 et
3027 3938 3234 3996 septem
3259 3923 3583 3984 Nabonadii,
3610 3934 3698 3973 no-

2141 4037 2261 4074 νριιι
2293 4021 2419 4091 Cyri
2447 4036 2512 4075 ex
2541 4021 2765 4074 (latione
2798 4018 3155 4080 Ptolemaico,
3207 4017 3439 4085 denique
3479 4023 3697 4083 quatuor

2141 4113 2427 4185 Cambysis
2455 4131 2471 4169 :
2506 4129 2570 4168 ex
2594 4111 2793 4183 quibus
2822 4111 2959 4182 ὁμοῦ
2988 4109 3230 4166 collectis
3253 4123 3466 4165 summa
3504 4108 3589 4160 illa
3610 4122 3696 4159 es-

2143 4206 2335 4273 surgit.

2218 4298 2352 4350 Ibin.
2405 4293 2597 4350 Abaris
2630 4296 2695 4349 de
2742 4293 2981 4363 Scythia.
3024 4295 3195 4350 Palat.
3230 4306 3363 4349 mss.
3405 4302 3534 4363 post
3577 4293 3701 4346 duos

2146 4402 2340 4454 annos,
2372 4387 2612 4457 Scaliger
2642 4399 2764 4458 post
2795 4398 2921 4441 octo
2948 4388 3201 4441 Abaridis
3229 4390 3283 4441 in
3321 4385 3586 4440 Gmciam
3613 4383 3701 4437 ad-

465 4475 586 4544 rjus
615 4490 760 4528 anno
789 4474 1115 4529 duodecimo
1161 4476 1442 4539 adscribit,
1475 4476 1567 4530 alii
1606 4478 1673 4529 ad
1722 4474 2041 4531 vicesimum
2077 4480 2119 4535 D
2142 4493 2365 4537 .ventutn
2396 4483 2689 4537 collocant.
2728 4484 2862 4536 Eum
2914 4478 3233 4552 Pyth-agone
3265 4466 3555 4549 suppar'em
3586 4476 3704 4531 facit

466 4580 638 4632 usque
672 4563 946 4622 dtﬂ‘crunt.
983 4578 1103 4623 ιιιιιε
1145 4561 1393 4617 Pauvinii
1445 4563 1717 4618 sententia
1755 4571 1861 4618 est.
1907 4562 2040 4618 Vide

462 4657 508 4710 si
540 4655 671 4710 libet
710 4655 885 4710 Valer.
927 4651 1144 4708 Maxitn.
1179 4654 1274 4708 lib.
1317 4669 1398 4708 ιιι.

537 4749 671 4804 Ibid.
709 4752 964 4818 Astyages
992 4755 1175 4801 contra
1204 4745 1376 4818 Lydos
1400 4756 1622 4818 pugnat.
1657 4746 1857 4803 Eadem
1893 4747 2039 4801 vide-

463 4857 572 4906 tur,
613 4843 679 4896 de
707 4857 812 4910 qua
850 4840 1013 4894 modo
1041 4840 1241 4894 dictum
1291 4845 1395 4903 esi,
1431 4854 1641 4910 pugna:
1691 4856 1758 4895 ex
1804 4840 2035 4896 aliorum

464 4944 644 4990 autem
706 4935 1010 4990 rationibus
1063 4932 1330 4989 Eusebius
1387 4934 1556 5004 loqui.
1609 4934 1850 5004 Scaliger
1897 4934 2040 4991 hanc

465 5037 586 5097 post
620 5037 731 5081 tres
759 5040 932 5081 annos
956 5026 1269 5096 periocham
1297 5025 1499 5081 ditiert.

538 5117 675 5174 Ibid.
711 5117 1132 5172 Anaximander.
1179 5118 1356 5186 Atque
1402 5119 1543 5172 bane
1587 5126 1708 5186 post
1755 5116 2033 5171 biennium

466 5210 709 5280 Scaliger
737 5210 937 5266 dilfert.
965 5209 1211 5265 Natalem
1241 5209 1634 5264 Anaximandri
1670 5211 1812 5264 diem
1844 5222 2039 5264 auctor

463 5306 840 5378 Olympiadum
876 5318 1182 5375 auonymus
1236 5302 1393 5357 tertio
1425 5303 1746 5374 ofympiadis
1790 5303 1861 5357 ιε
1891 5316 2035 5355 anno

462 5400 735 5468 assignat;
764 5400 970 5453 obitum
1011 5412 1141 5453 vero
1170 5398 1411 5452 secundo
1463 5403 1665 5468 olymp.
1712 5396 1781 5451 58
1811 5397 2037 5450 ascribit

464 5490 711 5545 Laertius
778 5490 872 5545 lib.
933 5506 994 5552 tt,
1054 5499 1192 5544 sect.
1241 5490 1297 5552 2,
1360 5488 1631 5557 doct-tque
1683 5503 1806 5542 eum
1860 5488 2038 5542 tctatis

466 5597 576 5639 sua
606 5582 1004 5653 Sexageslmum
1039 5594 1291 5649 quartum
1348 5591 1477 5634 tunc
1522 5582 1718 5651 egisse.
1766 5580 2036 5636 Eusebius

470 5672 558 5727 hic
587 5674 923 5730 tricesimum
953 5684 1211 5748 quartum
1240 5683 1332 5729 aut
1363 5684 1598 5741 sextum,
1633 5690 1739 5745 quo
1770 5666 2034 5739 ﬂoruerit,

466 5772 638 5817 notat.
1957 5764 1962 5769 ’

2140 4571 2481 4628 Jamblichus
2515 4573 2582 4628 de
2629 4572 2746 4642 ejus
2805 4571 3117 4639 Philosophi
3162 4568 3285 4625 Vita
3334 4585 3386 4625 c.
3422 4568 3512 4635 l9,
3545 4577 3619 4634 et,
3653 4575 3708 4619 ut

2141 4664 2375 4729 videtur,
2408 4663 2662 4719 Clemens
2695 4664 2933 4718 Stromat
2968 4679 3004 4715 ι.
3059 4662 3367 4719 Siutsonius
3404 4660 3533 4714 hinc
3562 4658 3707 4713 colli-

2140 4752 2239 4822 git,
2287 4752 2451 4807 alium
2503 4751 2672 4808 fuisse
2722 4752 3011 4806 Aharidcm
3067 4754 3241 4816 illum,
3286 4751 3380 4820 qui
3414 4747 3707 4821 Olympiade

2143 4846 2296 4899 tertia
2330 4846 2538 4916 legatus
2564 4846 2632 4901 de
2662 4845 2882 4917 Scythia
2933 4845 3147 4899 venisse
3199 4846 3251 4899 in
3284 4842 3552 4899 Graeciam
3578 4838 3706 4895 dici-

2142 4949 2250 4992 tur.
2294 4936 2449 4994 IIunc
2499 4948 2647 4993 certe
2679 4938 2746 4993 de
2794 4952 2905 5006 quo
2955 4935 3241 4999 Eusebius,
3288 4934 3453 4987 tradit
3505 4942 3708 5003 quoque

2138 5030 2432 5091 Pindarus.
2466 5040 2606 5085 teste
2656 5029 3105 5097 llarpocratione,
3153 5026 3295 5080 κατὰ
3341 5026 3579 5095 Κροῖσον
3622 5022 3710 5076 ad-

2137 5124 2380 5178 venisse.
2436 5121 2703 5192 Tempora
2739 5120 3110 5175 couveninnt:
3162 5117 3353 5174 confer
3376 5129 3433 5170 et
3480 5114 3713 5182 Scalige-

2138 5230 2284 5276 rum,
2315 5212 2358 5266 si
2389 5213 2557 5266 lubet.
2605 5212 2876 5279 Corrupto
2917 5208 2970 5263 in
3012 5206 3288 5260 Parmensi
3342 5219 3449 5259 ms.
3498 5204 3707 5274 legitur,

2137 5304 2364 5359 Barbari
2390 5306 2453 5358 de
2486 5303 2702 5374 Scythia
2730 5311 2976 5357 venerunt
3012 5302 3066 5354 in
3094 5298 3379 5354 Gmciam.

2206 5399 2346 5452 Ibid.
2392 5394 2666 5451 Phalaris.
2721 5394 2916 5449 Recole
2956 5409 3073 5462 quae
3121 5391 3375 5457 superius
3421 5403 3522 5442 nec
3552 5385 3706 5442 setrcl

2138 5491 2205 5545 de
2271 5490 2577 5544 Phalaridis
2640 5499 2796 5543 aetate
2862 5488 3235 5542 observamus.
3305 5484 3554 5552 Scaliger
3590 5491 3705 5550 post

2139 5583 2378 5652 quinque
2429 5595 2601 5635 annos
2649 5581 2874 5647 teliquis
2928 5578 3203 5647 plerisque
3252 5576 3512 5628 utituibus
3559 5562 3701 5626 libris

2139 5674 2657 5736 contradicentibus,
2691 5672 3003 5740 pelice-ham
3051 5672 3194 5725 hanc
3226 5668 3428 5724 ditl'crt.

2217 5762 2356 5819 Ibid.
2404 5760 2702 5833 Eugamou.
2746 5761 3014 5818 Eusebius
3041 5762 3265 5833 ipsemet
3293 5761 3444 5828 alibi,
3475 5758 3692 5828 Prtepar.
