3932 6188
247 295 354 362 937

1537 292 1953 360 VALLARSII
1990 249 2232 360 nor/si.

3389 296 3498 362 938

246 415 452 485 Evang.
474 377 652 479 lib..x,
683 426 735 471 c.
759 411 814 478 i,
839 409 1280 484 Eugrammonem
1301 411 1450 468 hunc
1476 418 1650 466 vocat.
1679 409 1826 465 Lau-
1855 422 1902 480 Α
1933 409 2125 466 barum
2160 408 2382 474 mendo,
2434 407 2651 466 factam.
2700 407 2906 466 Auctor
2952 408 3154 481 quippe
3190 407 3529 468 Herodotus“

247 503 414 558 datus
443 502 610 557 etiam
663 499 942 572 Scaligero
989 500 1244 558 Clemens
1289 499 1554 557 Stromat'.
1605 515 1658 554 vt
1703 513 1829 555 eum

249 594 422 650 tradit
478 593 748 664 integrum
799 593 996 648 librum
1041 592 1112 648 de
1162 592 1507 663 Thesprotiis
1555 606 1586 646 e
1629 590 1832 646 Μυεωο

247 689 688 760 transcripsisse.
722 687 1217 756 Schurzllcischius
1271 689 1368 753 ait,
1412 687 1466 743 Itt
1501 687 1678 758 primo
1722 685 1831 741 Pa-

240 781 341 836 lat.
373 794 482 838 ms.
534 785 764 834 vocatur
808 775 1142 850 Eugamnon.
1177 776 1380 833 Eodem
1415 777 1597 844 modo,
1631 791 1830 847 quam-

237 875 322 931 vis
373 882 658 940 corrupte,
715 871 1015 928 Sichardus
1053 871 1203 943 legit.
1259 870 1409 926 Idem
1473 870 1828 940 Theogoniam

234 965 452 1023 scribit.
501 963 730 1021 Palatini
769 964 1014 1030 codices,
1044 971 1106 1018 ut
1136 977 1322 1032 supra,
1356 959 1712 1032 Tegeloniam,
1742 959 1828 1015 vel

236 1059 599 1129 Tegoteniam,
630 1056 853 1113 habent.
885 1055 1018 1112 Vide
1091 1071 1212 1126 quae
1252 1056 1488 1111 diximus
1515 1054 1584 1110 ad
1628 1067 1824 1108 nume-

234 1168 358 1208 rum
393 1149 553 1206 £359.
584 1148 727 1215 Quin
754 1163 882 1204 vera
925 1147 1091 1203 lectio
1142 1146 1429 1219 Telegon‘ia
1468 1146 1561 1211 sit,
1592 1161 1700 1201 non
1740 1145 1824 1200 vi-

232 1243 396 1298 detur
426 1240 811 1307 dubitandum,
863 1239 1056 1296 Gneco
1098 1239 1267 1296 etiam
1303 1247 1454 1294 textu
1488 1235 1825 1307 Τηλεγονίαν

232 1332 578 1402 praetereunte.
623 1329 839 1386 Videsis
889 1327 1204 1384 Fabricium
1254 1327 1393 1384 Bibl.
1425 1327 1602 1384 Graec.
1655 1326 1753 1382 lib.
1785 1341 1825 1387 ιι

230 1439 360 1494 cap.
408 1423 499 1487 i6,
527 1431 583 1478 et
607 1421 704 1476 lib.
743 1436 809 1486 tl,
851 1435 971 1492 cap.
1006 1421 1059 1476 7.
1107 1419 1260 1477 Hanc
1284 1435 1504 1500 quoque
1537 1419 1831 1491 periochen

234 1516 486 1585 Scaliger
513 1527 637 1585 post
663 1514 802 1569 duos
831 1528 1008 1570 annos
1040 1513 1233 1569 refert.

304 1609 448 1665 Ibid.
475 1608 624 1678 Agon
655 1606 953 1678 gymnicus.
984 1605 1148 1660 Plura
1178 1604 1245 1659 de
1269 1606 1457 1676 Agone
1495 1604 1602 1660 isto
1648 1603 1828 1660 Scali—

229 1719 352 1775 ger,
389 1717 514 1773 quae
544 1715 670 1756 cum
703 1711 892 1771 postea
933 1698 1128 1756 solidis
1157 1698 1332 1764 libris,
1389 1701 1673 1769 multoque
1706 1698 1832 1753 dili-

1931 510 2018 557 est
2047 502 2142 558 lib.
2182 518 2218 567 l,
2266 501 2322 557 in
2357 500 2622 558 Eretriam
2673 503 2804 574 (non
2835 502 3130 560 Thessaliae
3167 503 3413 574 quidem,
3445 510 3506 559 ut

1930 590 2200 646 Pontacus
2249 600 2422 661 putat,
2467 593 2562 648 sed
2610 593 2835 648 Euboeae
2875 594 3067 649 insulae
3116 595 3305 651 urbem
3352 595 3502 650 cele-

1931 683 2254 755 herrimam)
2279 684 2623 740 Pisistratum
2646 687 2875 743 Athenis
2901 688 3134 756 ejectum
3179 689 3498 744 secessisse.

1927 776 2032 829 Alii
2088 775 2321 844 malunt,
2363 776 2656 832 Eusebium
2711 788 2968 850 corrupto
3018 796 3175 836 usum
3231 779 3498 838 Herodoti

1928 867 2118 924 codice
2167 868 2222 922 in
2268 883 2510 925 errorem
2565 871 2818 940 lapsum,
2852 882 2906 926 et
2939 888 3037 942 pro
3077 874 3135 937 ἐς
3185 873 3499 945 Ἐρετρίαν,

1929 959 2128 1033 legisse
2157 961 2215 1025 ἐς
2255 961 2537 1032 Ἐχτέραν,
2573 971 2737 1033 atque
2767 963 2907 1018 hanc
2945 973 3168 1034 putasse
3201 965 3368 1022 Italiae
3400 981 3500 1020 υτ-

1928 1053 2050 1110 hem
2086 1053 2409 1126 signiﬁcari.
2454 1055 2697 1124 Scaliger
2742 1055 2881 1111 hanc
2913 1071 3131 1127 quoque
3180 1059 3497 1127 periocham

1929 1155 2055 1215 post
2100 1145 2240 1202 duos
2275 1160 2450 1201 annos
2495 1146 2699 1203 lectore
2750 1163 2858 1202 non
2908 1148 3212 1215 admonito,
3268 1151 3504 1206 distulit.

1930 1237 2148 1312 Optime
2178 1241 2421 1296 omnium
2452 1240 2763 1297 Gronovius
2784 1240 3001 1297 Praefat.
3035 1242 3168 1298 tomi
3192 1243 3234 1298 V
3261 1243 3502 1300 (ἕτερον.

1931 1331 2226 1403 Antiquitt.
2271 1332 2419 1387 visus
2455 1332 2609 1388 nobis
2643 1341 2726 1388 est
2769 1348 2884 1388 rem
2933 1334 3239 1390 edisserere
3273 1352 3288 1389 :
3320 1335 3501 1401 Italia,

1933 1423 2131 1494 inquit,
2171 1424 2257 1478 vel
2301 1424 2480 1479 simile
2520 1440 2718 1480 nomen
2755 1424 2859 1480 fuit
2891 1426 2945 1480 in
2985 1425 3212 1498 Eubtea,
3259 1434 3314 1482 et
3349 1427 3498 1482 circa

1932 1517 2074 1572 hanc
2104 1516 2273 1586 ipsam
2304 1516 2524 1573 Euboea:
2551 1517 2722 1585 ipsius
2753 1529 2985 1588 partem.
3016 1519 3209 1574 Nobile
3237 1527 3323 1573 est
3351 1519 3505 1572 testi-

1935 1607 2175 1662 monium
2210 1607 2470 1678 Antigoni
2524 1607 2746 1664 Caristii
2777 1610 2832 1664 in
2887 1625 3113 1666 numero
3144 1610 3268 1672 πδ’;
3303 1609 3416 1665 Καὶ
3446 1610 3510 1681 ἐκ).

1935 1701 2002 1770 τῇ
2033 1699 2236 1770 Εὐϐοίᾳ
2257 1699 2315 1753 δὲ
2342 1697 2484 1753 κατὰ
2512 1701 2610 1770 τὴν
2641 1701 2914 1774 Ἰταλικὴν
2952 1703 3053 1774 τὴν
3111 1703 3506 1772 συνορίζουσαν

230 1796 455 1868 gentius
472 1801 802 1864 pertractata
819 1793 948 1858 sint,
971 1789 1230 1860 temporis
1249 1791 1628 1861 compendium
1649 1789 1825 1845 facere

1933 1792 2000 1860 τῇ
2057 1791 2288 1844 Χαλκίδι
2340 1791 2446 1860 (vel
2497 1791 2725 1863 Κολχίδι
2778 1803 2838 1847 ut
2882 1794 3084 1864 editur)
3115 1793 3208 1847 δύο
3262 1793 3508 1865 ποταμοὶ

230 1903 335 1944 nos
358 1886 573 1956 jubent.
608 1885 771 1941 Adito
793 1883 1114 1950 Meursium,
1149 1890 1206 1938 et
1230 1881 1537 1946 Potterum,
1570 1879 1819 1936 Marsha-

229 1995 384 2035 mum
413 1991 634 2049 quoque
660 1975 718 2031 in
748 1975 976 2033 Canone
1005 1975 1304 2031 Chronico.
1343 1974 1482 2030 Cum
1512 1973 1706 2042 primis
1733 1987 1823 2027 ve-

228 2087 296 2128 ro
325 2071 520 2127 confer
576 2069 874 2125 Seldenum
948 2069 1016 2123 ad
1067 2067 1305 2123 Marmor
1370 2065 1823 2121 Arundellianum

231 2165 487 2236 pluribus
515 2162 675 2228 locis,
703 2161 943 2232 itemque
971 2159 1236 2215 Thomam
1262 2156 1550 2228 Lydiatum
1583 2155 1652 2211 ad
1678 2155 1821 2210 idem

229 2258 496 2323 Marmor,
531 2262 640 2312 etc.
674 2251 1176 2310 Schurzlleischius
1206 2250 1306 2314 ait,
1356 2249 1415 2304 In
1446 2249 1624 2319 primo
1666 2245 1826 2302 Pala-

232 2355 358 2408 tino
420 2361 475 2408 et
507 2349 759 2406 Sichardi
791 2348 1037 2404 editione
1085 2346 1304 2417 legitur,
1349 2361 1500 2416 quem
1553 2343 1826 2399 Panathe-

234 2448 456 2502 naicnm
487 2456 695 2511 vocant,
725 2442 941 2499 Athenis
957 2450 1141 2496 actus.
1165 2438 1396 2506 Quidam
1433 2438 1654 2493 codices
1685 2437 1828 2491 scri-

238 2541 379 2594 hnnt
408 2535 654 2592 Panaton
695 2551 714 2591 :
750 2533 912 2588 male.
967 2531 1316 2587 Marcellinus
1351 2529 1455 2585 sub
1508 2526 1827 2598 lIippoclide

232 2633 501 2687 archonte
548 2629 603 2684 id
650 2627 852 2684 factum
903 2625 1094 2680 tradit.
1145 2625 1306 2678 Hunc
1354 2636 1485 2693 ergo
1537 2631 1824 2690 praetorem

234 2722 631 2778 Atheniensem
682 2718 811 2774 huic
879 2732 1026 2772 anno
1073 2714 1319 2783 assignat
1376 2711 1704 2774 Dodwellus,
1759 2709 1828 2764 de

244 2813 457 2885 Cyclls,
511 2825 636 2882 pag.
673 2810 798 2864 715.
843 2807 999 2864 Adde
1043 2807 1112 2862 de
1156 2803 1576 2860 Panathenaicis
1607 2800 1827 2858 Pindari

249 2906 616 2962 Scholiastam
659 2901 806 2971 Νεμ.
837 2906 868 2952 ι’
884 2895 1048 2964 εἶδος.
1089 2897 1356 2964 Scaliger,
1389 2895 1484 2964 qui
1531 2894 1672 2950 hanc
1693 2907 1830 2962 quo-

235 3013 352 3070 que
373 2995 687 3066 periocham
734 3002 855 3064 post
885 2992 1024 3047 duos
1070 3003 1248 3045 annos
1281 2987 1488 3052 dilIert,
1521 2986 1736 3042 videtur
1764 2999 1830 3038 eo

240 3102 429 3147 tamen
484 3087 713 3159 propius
788 3085 856 3142 ad
909 3099 1094 3140 verum
1147 3081 1448 3146 accedere,
1498 3080 1644 3150 quod
1702 3077 1830 3133 facit

239 3182 556 3253 Panegyrin
618 3195 741 3236 cum
792 3179 954 3233 tertio
1007 3173 1332 3246 Olympiadis
1379 3184 1729 3237 concurrere,
1762 3184 1829 3224 eo

239 3274 512 3344 siquidem
545 3286 689 3326 anno
715 3269 931 3326 solebat
960 3265 1281 3322 instaurari.
1317 3263 1612 3334 Propterea
1660 3261 1716 3316 in
1764 3261 1830 3316 li-

244 3368 364 3424 bris
392 3367 460 3421 de
483 3364 875 3418 Emendatione
916 3359 1251 3430 Temporurn
1279 3356 1546 3428 praecipit,
1600 3354 1822 3424 periodo

245 3457 549 3529 Olympicae
581 3455 782 3511 addere
805 3453 898 3518 58,
919 3459 1038 3518 aut,
1077 3452 1222 3522 quod
1253 3449 1394 3505 idem
1424 3456 1530 3512 est,
1551 3447 1617 3501 de
1638 3445 1826 3501 eadem

244 3550 520 3605 deducere
554 3546 803 3604 eumdem
841 3559 1156 3610 numerum,
1202 3553 1266 3598 ut
1292 3541 1495 3597 habeas
1542 3536 1826 3608 periodum

243 3643 508 3698 Atticam.

316 3733 439 3790 Col.
488 3732 614 3788 375.
659 3730 896 3800 {Esopus
941 3728 1268 3789 interimitur
1318 3743 1352 3780 a
1395 3725 1636 3792 Delphis.
1685 3721 1829 3778 Pon-

244 3834 409 3880 tacns
437 3824 769 3890 ascripserat
811 3818 1080 3882 superiori
1115 3817 1359 3886 proxime
1389 3829 1533 3870 anno
1571 3830 1585 3867 :
1647 3813 1827 3866 minus

246 3921 424 3976 recte,
465 3910 659 3967 saltem
712 3909 779 3965 ad
812 3906 992 3964 Suida:
1046 3906 1446 3968 testimonium,
1497 3905 1588 3971 qui
1631 3901 1825 3970 Esopi

245 4019 442 4060 necem
481 4003 626 4057 κατὰ
652 4001 751 4072 τὴν
792 4000 862 4053 νδ⁹
903 3999 1232 4069 ὀλυμπιάδα,
1277 3998 1346 4050 ad
1373 3996 1724 4066 Olympiadem
1759 3993 1828 4048 54

244 4095 440 4153 refert.
493 4095 700 4149 Dicitur
753 4092 847 4147 ille
899 4106 929 4144 a
981 4089 1204 4160 Delphis
1244 4103 1275 4140 e
1321 4103 1457 4156 rupe.
1508 4085 1826 4140 Phanlriadc

247 4184 644 4257 prmcipitatus,
701 4181 843 4249 quod
900 4179 1172 4234 immerito
1217 4176 1464 4246 Scaliger
1518 4185 1701 4242 negat,
1749 4188 1812 4228 ea

247 4289 466 4333 tantum
502 4277 570 4331 de
615 4291 782 4331 causa
813 4272 982 4343 quod,
1031 4273 1222 4327 eodem
1269 4269 1435 4326 Suida
1478 4278 1636 4335 teste,
1679 4283 1824 4323 anno

243 4372 416 4426 tertio
462 4367 756 4440 olympiad.
807 4367 875 4422 40
921 4365 1274 4434 descripserit
1310 4361 1553 4432 Esopus
1600 4361 1820 4416 duobus

1925 1883 2120 1953 Κέρων
2145 1882 2244 1936 καὶ
2274 1883 2515 1954 Νηλεύς,
2547 1902 2605 1938 κ.
2634 1884 2758 1940 τ.λ.
2789 1884 2856 1939 Et
2885 1887 2940 1940 in
2971 1886 3172 1941 Euboea
3211 1903 3329 1941 vero
3358 1887 3500 1941 circa

1933 1973 2157 2030 Italiam
2207 1976 2467 2044 conﬁnem
2516 1975 2758 2031 Chalcidi
2792 1977 2897 2032 duo
2945 1979 3204 2047 ﬂumina,
3252 1977 3421 2034 Cerea
3455 1988 3507 2032 et

1929 2063 1984 2120 Ν
1985 2065 2146 2121 eleus.

1999 2155 2138 2212 Ibid.
2173 2156 2406 2213 Crwsus.
2443 2158 2598 2214 Ilunc
2623 2175 2791 2216 annos
2815 2169 3000 2214 natum
3030 2161 3251 2231 triginta
3277 2162 3508 2232 quinque

1929 2251 2128 2323 Alyatti
2164 2252 2304 2322 patri
2341 2252 2697 2316 successisse,
2733 2267 2992 2324 regnasse
3038 2263 3219 2308 autem
3261 2269 3372 2308 uno
3403 2255 3506 2308 mi-

1930 2360 2034 2399 nus
2055 2354 2223 2416 atque
2260 2345 2528 2401 Eusebius
2563 2346 2746 2411 habet,
2779 2346 2895 2401 sive
2922 2361 3100 2402 annos
3125 2354 3336 2400 tantum
3368 2361 3506 2416 qua-

1930 2434 2256 2502 tuordecim,
2303 2434 2468 2490 tradit
2507 2435 2818 2492 Herodotus
2860 2435 2957 2491 lib.
2990 2451 3030 2502 t,
3062 2450 3182 2506 cap.
3217 2435 3310 2502 26,
3337 2451 3502 2508 quem

1927 2525 2034 2580 erit
2067 2541 2248 2596 operai
2287 2528 2523 2597 pretium
2565 2528 2934 2584 consuluisse.
3175 2594 3181 2601 .

1999 2618 2136 2673 Ibid.
2171 2618 2542 2675 Anaximenes.
2574 2619 2958 2690 Apollodorus.
2987 2621 3143 2690 cujus
3169 2620 3501 2677 sententiam

1891 2775 1896 2780 _
1930 2710 2223 2780 descripsit
2255 2711 2454 2768 Suidas
2485 2711 2741 2768 laudatus
2773 2711 3075 2782 Scaligern,
3108 2713 3275 2768 tradit
3309 2719 3498 2768 natum

1930 2802 2322 2857 Anaximenem
2344 2803 2490 2858 circa
2515 2813 2730 2874 tempus
2762 2819 2875 2873 quo
2897 2803 3119 2860 Sardeis
3142 2815 3316 2873 captae
3349 2814 3504 2870 sunt,

1931 2902 2204 2948 mortuum
2240 2909 2371 2949 vero
2408 2909 2533 2950 esse
2569 2895 2877 2966 olympiade
2917 2895 3262 2967 sexagesima
3315 2896 3502 2952 tertia.

1933 2983 2146 3039 Mallem
2185 2985 2373 3056 utique
2413 2985 2704 3051 dixissent,
2751 2997 2883 3042 tunc
2923 2988 3184 3058 temporis
3227 2988 3504 3052 floruisse,

1934 3093 2044 3148 quo
2074 3090 2262 3134 natum
2296 3077 2505 3134 dicunt.
2541 3077 2775 3133 Interim
2812 3095 2934 3134 cum
2970 3079 3118 3135 locus
3147 3080 3249 3136 iste
3285 3080 3507 3150 Apollo-

1933 3170 2050 3226 dori
2098 3170 2240 3240 apud
2301 3169 2580 3226 Laertium
2632 3172 2685 3226 in
2727 3171 2849 3227 Vita
2905 3171 3260 3228 Anaximenis
3306 3172 3404 3227 lib.
3439 3187 3502 3237 ιι.

1929 3271 2065 3318 sect.
2098 3265 2155 3328 5,
2198 3263 2632 3334 transpositioue
2666 3264 2952 3318 verborum
2987 3273 3195 3334 peccet,
3230 3263 3503 3336 Scaliger,

1927 3359 2020 3424 qui
2074 3355 2384 3409 scribarum
2423 3355 2612 3409 vitium
2665 3370 2776 3408 non
2825 3355 3231 3422 animadvertit,
3296 3356 3501 3412 frustra

1905 3446 2031 3500 sibi
2061 3444 2337 3516 (Edipum
2379 3456 2553 3516 optat.
2586 3446 2691 3501 Sed
2724 3460 2779 3501 et
2816 3457 2939 3516 post
2975 3463 3069 3500 sex
3108 3463 3304 3513 annos,
3357 3450 3506 3519 quod

1927 3551 2036 3590 non
2066 3537 2322 3607 exiguum
2353 3537 2647 3593 discrimen
2685 3546 2791 3603 est,
2829 3539 3140 3607 periocham
3173 3541 3315 3595 hanc
3335 3541 3503 3598 locat.

1997 3628 2136 3682 Ihid.
2177 3627 2511 3684 Stesichorus
2541 3636 2699 3695 poeta
2743 3629 2991 3683 moritur.
3025 3630 3317 3701 Receptior
3346 3633 3507 3703 vulgo

1927 3721 2197 3776 sententia
2244 3729 2351 3786 est,
2396 3721 2572 3790 primo
2617 3721 3008 3791 subsequentis
3055 3722 3384 3794 Olympiadis
3435 3727 3506 3794 56

1927 3828 2072 3868 anno
2101 3828 2133 3868 e
2178 3815 2313 3870 vivis
2361 3801 2664 3869 excessisse
2697 3813 3102 3881 Stesichorum,
3153 3817 3374 3872 tametsi
3411 3791 3504 3873 alii

1927 3905 1995 3959 de
2022 3914 2267 3974 tempore
2302 3903 2648 3968 dissentiant,
2687 3919 2798 3974 quo
2827 3915 2988 3962 natus
3017 3914 3122 3971 est,
3155 3915 3319 3975 atque
3345 3909 3504 3963 annis

1927 3999 2128 4068 quibus
2175 3996 2331 4055 vixit.
2365 3994 2565 4053 Sttitlas
2603 4007 2789 4051 natum
2825 3996 2960 4052 dixit
2996 3998 3306 4068 Olympiade
3337 3999 3503 4058 trice~
3561 4051 3564 4056 .

1927 4091 2064 4146 sima
2121 4089 2392 4156 septima,
2441 4097 2502 4142 ut
2551 4105 2724 4147 annos
2783 4089 2978 4146 vixerit
3028 4091 3248 4146 circiter
3305 4108 3401 4148 sex
3451 4101 3507 4151 et

1927 4183 2285 4254 septuaginta.
2339 4182 2615 4256 Lu‘cianus
2656 4183 2932 4250 octoginta
2983 4185 3246 4254 quinque,
3280 4201 3373 4241 seu
3407 4202 3508 4255 po.

1929 4276 2040 4331 tius
2096 4275 2389 4344 nonaginta
2416 4275 2654 4345 quinque
2677 4276 2799 4330 vitae
2831 4291 3004 4329 annos
3025 4277 3072 4331 ei
3100 4277 3312 4345 tribuit.
3344 4277 3504 4344 Vide,

1928 4365 1972 4420 si
2007 4365 2181 4430 lubet,
2213 4362 2543 4418 Dodwellum
2571 4344 2650 4420 ide
2681 4373 2842 4419 aetate
2874 4344 3184 4423 Phalaridis
3223 4384 3272 4420 γ.
3307 4369 3398 4423 25.

243 4461 408 4517 libris
451 4460 639 4514 omnia
710 4474 831 4528 qua:
880 4458 985 4512 sibi
1035 4457 1375 4527 contigerant
1421 4469 1544 4510 cum
1599 4452 1818 4521 Delphis
1850 4461 1895 4518 Ι)
1995 4455 2136 4511 Ibid.
2161 4455 2488 4511 Simonides.
2523 4455 2676 4511 Diem
2701 4457 2835 4514 obiit
2860 4474 3175 4528 supremum
3200 4463 3507 4519 Simonides

240 4564 420 4608 esset.
470 4543 750 4619 humquid
799 4549 947 4604 enim
983 4561 1043 4602 sc
1083 4548 1280 4601 iterum
1317 4559 1382 4600 eo
1410 4543 1658 4602 conferre
1710 4555 1820 4600 non

239 4645 464 4717 potuit?
502 4646 665 4714 inque
700 4644 768 4700 iis
809 4643 962 4698 libris
1005 4641 1258 4711 (quorum
1291 4649 1474 4694 tamen
1515 4637 1674 4692 fama:
1718 4652 1816 4706 pa-

240 4754 371 4794 rum
403 4737 522 4808 ipse
563 4736 841 4792 tribuebat
892 4735 1116 4805 Suidas)
1145 4733 1212 4788 de
1241 4732 1409 4803 priori
1447 4744 1548 4786 suo
1596 4743 1821 4785 accessu

237 4827 488 4882 dixisse?
533 4827 716 4880 Movet
766 4840 852 4880 me
895 4828 1086 4895 magis,
1140 4823 1284 4893 quod
1339 4819 1459 4891 ejus
1510 4819 1820 4890 philosophi

238 4931 414 4972 mors.
456 4919 524 4971 ab
580 4915 813 4972 Eusebio
866 4913 1088 4983 ponitur
1134 4907 1259 4968 ante
1309 4911 1681 4972 Pisistratum,
1728 4908 1822 4977 qui

235 5006 644 5076 subsequentis
681 5005 1010 5078 Olympiadis
1043 5019 1191 5058 anno
1247 5003 1425 5073 primo
1483 4999 1822 5073 tyrannidem

235 5098 560 5168 occupavit,
593 5113 660 5153 ex
688 5098 844 5166 cujus
873 5102 1057 5152 tamen
1098 5095 1240 5152 facto
1293 5095 1560 5150 Phaedrus
1596 5101 1825 5147 testatur

235 5193 265 5247 ι’
269 5194 419 5247 uisse
445 5189 687 5246 fabulam
711 5191 780 5246 de
801 5191 952 5245 ranis
977 5203 1157 5261 regem
1183 5189 1494 5258 petentibus
1519 5187 1586 5240 ab
1612 5185 1821 5254 Aisopo

235 5286 597 5340 adornatam.
635 5283 744 5338 Sed
777 5297 884 5338 non
915 5283 1041 5337 ideo
1065 5281 1361 5340 dubitarim
1402 5295 1528 5336 cum
1561 5277 1825 5335 Michaele

232 5377 524 5442 Neandro,
560 5377 616 5432 in
664 5377 807 5432 notis
844 5376 910 5431 ad
959 5374 1270 5446 apocrypha
1319 5373 1385 5430 V.
1430 5373 1484 5430 I‘.
1524 5388 1644 5444 pag.
1693 5373 1822 5438 479,

237 5484 314 5525 an
347 5482 593 5537 unquam
626 5466 864 5535 .‘EsOpus
895 5465 1091 5535 aliquis
1120 5465 1307 5522 fuerit.
1573 5527 1585 5539 ,

317 5561 465 5617 Ibid.
523 5560 912 5616 Pisistratus...
961 5561 1016 5615 in
1063 5558 1306 5616 Italiam.
1378 5557 1498 5615 Non
1556 5558 1826 5616 inerudite

235 5651 528 5707 Pnntacus
582 5653 852 5721 conjerit,
905 5651 1124 5710 Italiam
1181 5666 1369 5707 errore
1428 5651 1515 5706 hic
1563 5651 1670 5704 dici
1726 5665 1824 5718 pro

239 5743 557 5810 Etruriam,
595 5743 870 5800 Etruriam
900 5753 1078 5804 autem
1101 5759 1165 5799 ex
1201 5744 1413 5806 Eretria
1472 5744 1644 5799 altero
1680 5742 1820 5800 scri-

614 5839 887 5901 ΡΑτιιοι..
923 5837 1188 5902 XXVII.

1931 4548 2237 4620 Olympiade
2256 4549 2348 4613 78,
2374 4563 2499 4604 cum
2529 4564 2706 4606 annos
2732 4552 3010 4622 octoginta
3035 4568 3226 4609 novem
3254 4555 3507 4623 vixisset,

1930 4639 2072 4707 quod
2122 4638 2454 4694 Scholiastes
2501 4640 2890 4709 Aristophanis
2919 4643 2984 4696 ad
3021 4644 3244 4713 Σφῆκας
3274 4662 3325 4699 v.
3367 4645 3505 4708 M03

1931 4741 1986 4786 et
2017 4730 2216 4787 Suidas
2240 4731 2481 4788 tradunt.
2518 4731 2688 4790 Natus
2723 4749 2854 4803 ergo
2891 4733 3076 4799 fuerit,
3125 4745 3183 4792 ut
3217 4748 3268 4790 et
3296 4747 3508 4794 veteres

1932 4824 2134 4891 passim
2183 4825 2394 4886 notant,
2454 4823 2548 4876 ἐπὶ
2592 4823 2690 4891 τῆς
2764 4823 2932 4893 ἕκτης
2990 4825 3086 4877 καὶ
3131 4829 3507 4898 πεντηκοστῆς

1931 4914 2291 4984 ὀλυμπιάδος,
2347 4928 2457 4983 quo
2509 4922 2752 4984 tempore
2807 4913 3059 4974 ﬂoruisse
3112 4931 3258 4980 eum,
3315 4929 3508 4975 COIlll‘a

1933 5004 2164 5058 aliorum
2209 5003 2452 5063 omnium
2490 5003 2734 5063 rationes
2785 5002 3056 5061 Eusebius
3100 5006 3405 5078 hicjdocet.
3438 5013 3508 5070 At

1936 5111 2062 5151 vero
2093 5095 2295 5150 cubare
2321 5095 2498 5149 locum
2527 5095 2749 5152 Eusebii
2778 5096 2834 5151 in
2865 5098 3084 5164 mendo,
3115 5109 3172 5155 et
3207 5117 3306 5170 pro
3333 5103 3508 5170 ὲγνωο

1943 5187 2152 5257 pia-ro,
2190 5187 2475 5257 legendum
2529 5187 2764 5254 ἐγένετο,
2810 5203 2930 5258 que
2967 5189 3069 5245 fuit
3114 5191 3244 5250 olim
3286 5192 3505 5248 Seldeni

1931 5278 1999 5333 ad
2038 5278 2272 5332 blarmur
2306 5296 2321 5334 ι
2356 5276 2805 5337 Arundellianum
2854 5281 3192 5351 conjectura,
3226 5297 3322 5353 pro
3353 5294 3503 5339 certo

1932 5370 2135 5431 habeo,
2166 5367 2460 5426 Enimvero
2479 5385 2583 5439 qua
2612 5371 2958 5438 postmodum
2981 5383 3137 5430 aetate
3159 5376 3500 5440 inclaruerit,

1935 5457 2099 5514 refert
2140 5458 2371 5530 ipsemet
2395 5457 2661 5514 Eusebius
2699 5458 2841 5520 infra
2875 5463 2941 5516 ad
2974 5479 3124 5518 num.
3158 5464 3315 5531 I478,
3343 5467 3503 5524 anuis

1931 5552 1999 5606 ab
2030 5550 2158 5605 hinc
2194 5551 2414 5605 duobus
2447 5560 2501 5605 et
2539 5551 2754 5622 viginti.
2796 5553 3051 5611 Dicemus
3099 5556 3168 5610 ibi
3213 5557 3316 5612 hac
3350 5559 3416 5614 de
3447 5575 3505 5615 re

1933 5645 2154 5700 iterum.
2190 5641 2400 5699 Caetera
2447 5644 2513 5698 de
2547 5643 2828 5704 Simonide
2879 5656 3022 5716 pete,
3053 5647 3098 5702 si
3135 5648 3301 5715 lubet,
3341 5665 3370 5706 a
3397 5649 3503 5708 Fs-

1934 5739 2100 5794 bricio
2143 5735 2402 5794 Bibliotlt.
2436 5736 2610 5793 Graec.
2642 5737 2736 5791 lib.
2767 5752 2826 5805 tt,
2863 5755 2982 5817 cap.
3029 5741 3111 5792 lii.

3069 5833 3148 5894 30
