  <div class='ocr_page' id='page_1' title='image "/cluster/home/n/w/nwhite01/storage/ocr_20150623/27/hvd.32044096580501/476.png"; bbox 0 0 3964 6186; ppageno 0'>
   <div class='ocr_carea' id='block_1_1' title="bbox 197 344 310 408">
    <p class='ocr_par' dir='ltr' id='par_1_1' title="bbox 197 344 310 408">
     <span class='ocr_line' id='line_1_1' title="bbox 197 344 310 408; baseline -0.018 0"><span class='ocrx_word' id='word_1_1' title='bbox 197 344 310 408; x_wconf 66' lang='grc'><strong>945</strong></span> 
     </span>
    </p>
   </div>
   <div class='ocr_carea' id='block_1_2' title="bbox 1478 337 2180 398">
    <p class='ocr_par' dir='ltr' id='par_1_2' title="bbox 1478 337 2180 398">
     <span class='ocr_line' id='line_1_2' title="bbox 1478 337 2180 398; baseline -0.006 0"><span class='ocrx_word' id='word_1_2' title='bbox 1478 338 1880 398; x_wconf 76' lang='lat' dir='ltr'><strong>VALLAHSII</strong></span> <span class='ocrx_word' id='word_1_3' title='bbox 1942 337 2180 396; x_wconf 68' lang='grc' dir='ltr'><strong>ΝΟΤΑΞ.</strong></span> 
     </span>
    </p>
   </div>
   <div class='ocr_carea' id='block_1_3' title="bbox 3349 342 3458 406">
    <p class='ocr_par' dir='ltr' id='par_1_3' title="bbox 3349 342 3458 406">
     <span class='ocr_line' id='line_1_3' title="bbox 3349 342 3458 406; baseline 0 -1"><span class='ocrx_word' id='word_1_4' title='bbox 3349 342 3458 406; x_wconf 67' lang='grc'><strong>946</strong></span> 
     </span>
    </p>
   </div>
   <div class='ocr_carea' id='block_1_4' title="bbox 193 443 3454 526">
    <p class='ocr_par' dir='ltr' id='par_1_4' title="bbox 193 443 3454 526">
     <span class='ocr_line' id='line_1_4' title="bbox 193 443 3454 526; baseline -0.002 -15"><span class='ocrx_word' id='word_1_5' title='bbox 193 471 483 526; x_wconf 79' lang='lat' dir='ltr'><strong>accepisse</strong></span> <span class='ocrx_word' id='word_1_6' title='bbox 511 457 581 512; x_wconf 91' lang='lat' dir='ltr'><strong>ab</strong></span> <span class='ocrx_word' id='word_1_7' title='bbox 605 471 888 520; x_wconf 75' lang='lat' dir='ltr'><strong>Atrlcano,</strong></span> <span class='ocrx_word' id='word_1_8' title='bbox 921 463 1012 525; x_wconf 84' lang='lat' dir='ltr'><strong>qui</strong></span> <span class='ocrx_word' id='word_1_9' title='bbox 1047 460 1120 508; x_wconf 90' lang='lat' dir='ltr'><strong>ita</strong></span> <span class='ocrx_word' id='word_1_10' title='bbox 1157 448 1326 506; x_wconf 84' lang='lat' dir='ltr'><strong>sentit</strong></span> <span class='ocrx_word' id='word_1_11' title='bbox 1367 446 1510 520; x_wconf 87' lang='lat' dir='ltr'><strong>apud</strong></span> <span class='ocrx_word' id='word_1_12' title='bbox 1561 445 1784 501; x_wconf 73' lang='lat' dir='ltr'><strong>Suitlam</strong></span> <span class='ocrx_word' id='word_1_13' title='bbox 1813 445 1862 506; x_wconf 75' lang='grc' dir='ltr'><strong>Δ</strong></span> <span class='ocrx_word' id='word_1_14' title='bbox 1889 443 2148 515; x_wconf 77' lang='lat' dir='ltr'><strong>suffragio</strong></span> <span class='ocrx_word' id='word_1_15' title='bbox 2176 461 2276 502; x_wconf 90' lang='lat' dir='ltr'><strong>suo</strong></span> <span class='ocrx_word' id='word_1_16' title='bbox 2301 447 2643 515; x_wconf 78' lang='lat' dir='ltr'><strong>comprobat.</strong></span> <span class='ocrx_word' id='word_1_17' title='bbox 2688 447 2931 519; x_wconf 75' lang='lat' dir='ltr'><strong>Scaliger</strong></span> <span class='ocrx_word' id='word_1_18' title='bbox 2953 463 2982 504; x_wconf 92' lang='lat' dir='ltr'><strong>e</strong></span> <span class='ocrx_word' id='word_1_19' title='bbox 3008 452 3285 505; x_wconf 89' lang='lat' dir='ltr'><strong>contrario</strong></span> <span class='ocrx_word' id='word_1_20' title='bbox 3333 463 3454 524; x_wconf 84' lang='lat' dir='ltr'><strong>post</strong></span> 
     </span>
    </p>
   </div>
   <div class='ocr_carea' id='block_1_5' title="bbox 191 542 1775 613">
    <p class='ocr_par' dir='ltr' id='par_1_5' title="bbox 191 542 1775 613">
     <span class='ocr_line' id='line_1_5' title="bbox 191 542 1775 613; baseline -0.004 -10"><span class='ocrx_word' id='word_1_21' title='bbox 191 549 263 603; x_wconf 90' lang='lat' dir='ltr'><strong>ad</strong></span> <span class='ocrx_word' id='word_1_22' title='bbox 298 564 501 605; x_wconf 87' lang='lat' dir='ltr'><strong>nomen</strong></span> <span class='ocrx_word' id='word_1_23' title='bbox 531 549 741 604; x_wconf 71' lang='lat' dir='ltr'><strong>Iudith.</strong></span> <span class='ocrx_word' id='word_1_24' title='bbox 780 547 1118 604; x_wconf 84' lang='lat' dir='ltr'><strong>Concessere</strong></span> <span class='ocrx_word' id='word_1_25' title='bbox 1173 554 1354 600; x_wconf 91' lang='lat' dir='ltr'><strong>autem</strong></span> <span class='ocrx_word' id='word_1_26' title='bbox 1428 542 1775 613; x_wconf 74' lang='lat' dir='ltr'><strong>postmodum</strong></span> 
     </span>
    </p>
   </div>
   <div class='ocr_carea' id='block_1_6' title="bbox 193 634 1772 706">
    <p class='ocr_par' dir='ltr' id='par_1_6' title="bbox 193 634 1772 706">
     <span class='ocr_line' id='line_1_6' title="bbox 193 634 1772 706; baseline -0.004 -11"><span class='ocrx_word' id='word_1_27' title='bbox 193 645 250 696; x_wconf 93' lang='lat' dir='ltr'><strong>in</strong></span> <span class='ocrx_word' id='word_1_28' title='bbox 282 657 406 698; x_wconf 83' lang='lat' dir='ltr'><strong>eam</strong></span> <span class='ocrx_word' id='word_1_29' title='bbox 431 642 756 698; x_wconf 85' lang='lat' dir='ltr'><strong>sententiam</strong></span> <span class='ocrx_word' id='word_1_30' title='bbox 791 655 910 694; x_wconf 90' lang='lat' dir='ltr'><strong>cum</strong></span> <span class='ocrx_word' id='word_1_31' title='bbox 972 638 1169 694; x_wconf 89' lang='lat' dir='ltr'><strong>Suidas</strong></span> <span class='ocrx_word' id='word_1_32' title='bbox 1224 637 1364 706; x_wconf 89' lang='lat' dir='ltr'><strong>ipse,</strong></span> <span class='ocrx_word' id='word_1_33' title='bbox 1412 645 1526 691; x_wconf 92' lang='lat' dir='ltr'><strong>tum</strong></span> <span class='ocrx_word' id='word_1_34' title='bbox 1579 634 1723 690; x_wconf 82' lang='lat' dir='ltr'><strong>Beda</strong></span> <span class='ocrx_word' id='word_1_35' title='bbox 1755 677 1772 702; x_wconf 91' lang='lat'><strong>,</strong></span> 
     </span>
    </p>
   </div>
   <div class='ocr_carea' id='block_1_7' title="bbox 191 729 1775 800">
    <p class='ocr_par' dir='ltr' id='par_1_7' title="bbox 191 729 1775 800">
     <span class='ocr_line' id='line_1_7' title="bbox 191 729 1775 800; baseline -0.003 -11"><span class='ocrx_word' id='word_1_36' title='bbox 191 735 522 800; x_wconf 75' lang='lat' dir='ltr'><strong>Rbsbanus,</strong></span> <span class='ocrx_word' id='word_1_37' title='bbox 579 733 723 790; x_wconf 83' lang='lat' dir='ltr'><strong>Otho</strong></span> <span class='ocrx_word' id='word_1_38' title='bbox 773 731 1185 800; x_wconf 77' lang='lat' dir='ltr'><strong>Frisingensis,</strong></span> <span class='ocrx_word' id='word_1_39' title='bbox 1242 730 1397 798; x_wconf 82' lang='lat' dir='ltr'><strong>llugo</strong></span> <span class='ocrx_word' id='word_1_40' title='bbox 1451 729 1775 792; x_wconf 87' lang='lat' dir='ltr'><strong>cardinalis,</strong></span> 
     </span>
    </p>
   </div>
   <div class='ocr_carea' id='block_1_8' title="bbox 190 821 1774 897">
    <p class='ocr_par' dir='ltr' id='par_1_8' title="bbox 190 821 1774 897">
     <span class='ocr_line' id='line_1_8' title="bbox 190 821 1774 897; baseline -0.003 -15"><span class='ocrx_word' id='word_1_41' title='bbox 190 828 475 897; x_wconf 83' lang='lat' dir='ltr'><strong>Lyraous,</strong></span> <span class='ocrx_word' id='word_1_42' title='bbox 507 828 710 881; x_wconf 81' lang='lat' dir='ltr'><strong>Auctor</strong></span> <span class='ocrx_word' id='word_1_43' title='bbox 743 825 999 881; x_wconf 71' lang='lat' dir='ltr'><strong>Historize</strong></span> <span class='ocrx_word' id='word_1_44' title='bbox 1056 823 1432 886; x_wconf 73' lang='lat' dir='ltr'><strong>Scholasticte,</strong></span> <span class='ocrx_word' id='word_1_45' title='bbox 1463 825 1629 891; x_wconf 85' lang='lat' dir='ltr'><strong>atque</strong></span> <span class='ocrx_word' id='word_1_46' title='bbox 1657 821 1774 878; x_wconf 88' lang='lat' dir='ltr'><strong>alii.</strong></span> 
     </span>
    </p>
   </div>
   <div class='ocr_carea' id='block_1_9' title="bbox 190 913 1778 989">
    <p class='ocr_par' dir='ltr' id='par_1_9' title="bbox 190 913 1778 989">
     <span class='ocr_line' id='line_1_9' title="bbox 190 913 1778 989; baseline -0.004 -14"><span class='ocrx_word' id='word_1_47' title='bbox 190 920 378 975; x_wconf 79' lang='lat' dir='ltr'><strong>Etiam</strong></span> <span class='ocrx_word' id='word_1_48' title='bbox 407 916 944 989; x_wconf 82' lang='lat' dir='ltr'><strong>S.Augustinuslib.</strong></span> <span class='ocrx_word' id='word_1_49' title='bbox 973 931 1126 981; x_wconf 70' lang='lat' dir='ltr'><strong>svnt,</strong></span> <span class='ocrx_word' id='word_1_50' title='bbox 1161 915 1229 970; x_wconf 91' lang='lat' dir='ltr'><strong>de</strong></span> <span class='ocrx_word' id='word_1_51' title='bbox 1273 914 1434 969; x_wconf 87' lang='lat' dir='ltr'><strong>Civit.</strong></span> <span class='ocrx_word' id='word_1_52' title='bbox 1504 913 1598 968; x_wconf 86' lang='lat' dir='ltr'><strong>Dei</strong></span> <span class='ocrx_word' id='word_1_53' title='bbox 1652 926 1778 982; x_wconf 88' lang='lat' dir='ltr'><strong>cap.</strong></span> 
     </span>
    </p>
   </div>
   <div class='ocr_carea' id='block_1_10' title="bbox 191 1005 1776 1078">
    <p class='ocr_par' dir='ltr' id='par_1_10' title="bbox 191 1005 1776 1078">
     <span class='ocr_line' id='line_1_10' title="bbox 191 1005 1776 1078; baseline -0.003 -14"><span class='ocrx_word' id='word_1_54' title='bbox 191 1011 292 1075; x_wconf 66' lang='lat'><strong>26,</strong></span> <span class='ocrx_word' id='word_1_55' title='bbox 336 1010 552 1066; x_wconf 79' lang='lat' dir='ltr'><strong>tametsi</strong></span> <span class='ocrx_word' id='word_1_56' title='bbox 610 1023 806 1063; x_wconf 90' lang='lat' dir='ltr'><strong>nomen</strong></span> <span class='ocrx_word' id='word_1_57' title='bbox 862 1008 1149 1078; x_wconf 87' lang='lat' dir='ltr'><strong>principis,</strong></span> <span class='ocrx_word' id='word_1_58' title='bbox 1217 1007 1318 1062; x_wconf 88' lang='lat' dir='ltr'><strong>sub</strong></span> <span class='ocrx_word' id='word_1_59' title='bbox 1383 1021 1493 1075; x_wconf 89' lang='lat' dir='ltr'><strong>quo</strong></span> <span class='ocrx_word' id='word_1_60' title='bbox 1544 1005 1776 1061; x_wconf 78' lang='lat' dir='ltr'><strong>historia</strong></span> 
     </span>
    </p>
   </div>
   <div class='ocr_carea' id='block_1_11' title="bbox 191 1099 1778 1171">
    <p class='ocr_par' dir='ltr' id='par_1_11' title="bbox 191 1099 1778 1171">
     <span class='ocr_line' id='line_1_11' title="bbox 191 1099 1778 1171; baseline -0.001 -15"><span class='ocrx_word' id='word_1_61' title='bbox 191 1101 515 1171; x_wconf 73' lang='lat' dir='ltr'><strong>contigerit,</strong></span> <span class='ocrx_word' id='word_1_62' title='bbox 573 1101 698 1156; x_wconf 85' lang='lat' dir='ltr'><strong>silet</strong></span> <span class='ocrx_word' id='word_1_63' title='bbox 729 1118 744 1152; x_wconf 91' lang='lat'><strong>:</strong></span> <span class='ocrx_word' id='word_1_64' title='bbox 781 1100 886 1153; x_wconf 92' lang='lat' dir='ltr'><strong>huc</strong></span> <span class='ocrx_word' id='word_1_65' title='bbox 929 1109 1111 1154; x_wconf 88' lang='lat' dir='ltr'><strong>tamen</strong></span> <span class='ocrx_word' id='word_1_66' title='bbox 1139 1116 1199 1156; x_wconf 88' lang='lat' dir='ltr'><strong>se</strong></span> <span class='ocrx_word' id='word_1_67' title='bbox 1242 1099 1448 1154; x_wconf 88' lang='lat' dir='ltr'><strong>referre</strong></span> <span class='ocrx_word' id='word_1_68' title='bbox 1475 1099 1608 1156; x_wconf 83' lang='lat' dir='ltr'><strong>satis</strong></span> <span class='ocrx_word' id='word_1_69' title='bbox 1635 1099 1778 1154; x_wconf 91' lang='lat' dir='ltr'><strong>indi-</strong></span> 
     </span>
    </p>
   </div>
   <div class='ocr_carea' id='block_1_12' title="bbox 189 1192 1779 1264">
    <p class='ocr_par' dir='ltr' id='par_1_12' title="bbox 189 1192 1779 1264">
     <span class='ocr_line' id='line_1_12' title="bbox 189 1192 1779 1264; baseline -0.001 -18"><span class='ocrx_word' id='word_1_70' title='bbox 189 1203 306 1258; x_wconf 89' lang='lat' dir='ltr'><strong>cat,</strong></span> <span class='ocrx_word' id='word_1_71' title='bbox 334 1193 480 1262; x_wconf 89' lang='lat' dir='ltr'><strong>quod</strong></span> <span class='ocrx_word' id='word_1_72' title='bbox 509 1192 659 1262; x_wconf 90' lang='lat' dir='ltr'><strong>ponit</strong></span> <span class='ocrx_word' id='word_1_73' title='bbox 695 1192 914 1247; x_wconf 81' lang='lat' dir='ltr'><strong>Darium</strong></span> <span class='ocrx_word' id='word_1_74' title='bbox 952 1192 1093 1247; x_wconf 92' lang='lat' dir='ltr'><strong>inter</strong></span> <span class='ocrx_word' id='word_1_75' title='bbox 1119 1202 1172 1245; x_wconf 85' lang='lat' dir='ltr'><strong>et</strong></span> <span class='ocrx_word' id='word_1_76' title='bbox 1211 1192 1438 1264; x_wconf 80' lang='lat' dir='ltr'><strong>Cyrum,</strong></span> <span class='ocrx_word' id='word_1_77' title='bbox 1492 1207 1630 1262; x_wconf 88' lang='lat' dir='ltr'><strong>quos</strong></span> <span class='ocrx_word' id='word_1_78' title='bbox 1694 1192 1779 1245; x_wconf 85' lang='lat' dir='ltr'><strong>in-</strong></span> 
     </span>
    </p>
   </div>
   <div class='ocr_carea' id='block_1_13' title="bbox 195 1285 1778 1357">
    <p class='ocr_par' dir='ltr' id='par_1_13' title="bbox 195 1285 1778 1357">
     <span class='ocr_line' id='line_1_13' title="bbox 195 1285 1778 1357; baseline 0 -19"><span class='ocrx_word' id='word_1_79' title='bbox 195 1297 285 1338; x_wconf 89' lang='lat' dir='ltr'><strong>ter</strong></span> <span class='ocrx_word' id='word_1_80' title='bbox 323 1301 464 1341; x_wconf 90' lang='lat' dir='ltr'><strong>unus</strong></span> <span class='ocrx_word' id='word_1_81' title='bbox 492 1285 790 1357; x_wconf 82' lang='lat' dir='ltr'><strong>Cambyses</strong></span> <span class='ocrx_word' id='word_1_82' title='bbox 821 1287 1088 1357; x_wconf 76' lang='lat' dir='ltr'><strong>regnavit.</strong></span> <span class='ocrx_word' id='word_1_83' title='bbox 1116 1285 1227 1341; x_wconf 85' lang='lat' dir='ltr'><strong>Nec</strong></span> <span class='ocrx_word' id='word_1_84' title='bbox 1266 1293 1449 1340; x_wconf 88' lang='lat' dir='ltr'><strong>tamen</strong></span> <span class='ocrx_word' id='word_1_85' title='bbox 1521 1287 1778 1340; x_wconf 88' lang='lat' dir='ltr'><strong>dissimu-</strong></span> 
     </span>
    </p>
   </div>
   <div class='ocr_carea' id='block_1_14' title="bbox 191 1375 1788 1448">
    <p class='ocr_par' dir='ltr' id='par_1_14' title="bbox 191 1375 1788 1448">
     <span class='ocr_line' id='line_1_14' title="bbox 191 1375 1788 1448; baseline 0.001 -20"><span class='ocrx_word' id='word_1_86' title='bbox 191 1376 401 1441; x_wconf 89' lang='lat' dir='ltr'><strong>lamns,</strong></span> <span class='ocrx_word' id='word_1_87' title='bbox 426 1375 627 1445; x_wconf 85' lang='lat' dir='ltr'><strong>quibus</strong></span> <span class='ocrx_word' id='word_1_88' title='bbox 663 1376 751 1430; x_wconf 92' lang='lat' dir='ltr'><strong>illa</strong></span> <span class='ocrx_word' id='word_1_89' title='bbox 811 1377 1150 1445; x_wconf 89' lang='lat' dir='ltr'><strong>potissimum</strong></span> <span class='ocrx_word' id='word_1_90' title='bbox 1211 1387 1436 1448; x_wconf 76' lang='lat' dir='ltr'><strong>urgetur</strong></span> <span class='ocrx_word' id='word_1_91' title='bbox 1483 1376 1788 1432; x_wconf 79' lang='lat' dir='ltr'><strong>diflicnlta-.</strong></span> 
     </span>
    </p>
   </div>
   <div class='ocr_carea' id='block_1_15' title="bbox 192 1466 1774 1539">
    <p class='ocr_par' dir='ltr' id='par_1_15' title="bbox 192 1466 1774 1539">
     <span class='ocr_line' id='line_1_15' title="bbox 192 1466 1774 1539; baseline 0.003 -20"><span class='ocrx_word' id='word_1_92' title='bbox 192 1466 392 1534; x_wconf 82' lang='lat' dir='ltr'><strong>tibus;</strong></span> <span class='ocrx_word' id='word_1_93' title='bbox 451 1481 576 1520; x_wconf 86' lang='lat' dir='ltr'><strong>nam</strong></span> <span class='ocrx_word' id='word_1_94' title='bbox 629 1469 806 1536; x_wconf 92' lang='lat' dir='ltr'><strong>primo</strong></span> <span class='ocrx_word' id='word_1_95' title='bbox 857 1469 1075 1539; x_wconf 82' lang='lat' dir='ltr'><strong>quidem</strong></span> <span class='ocrx_word' id='word_1_96' title='bbox 1139 1469 1243 1524; x_wconf 90' lang='lat' dir='ltr'><strong>sub</strong></span> <span class='ocrx_word' id='word_1_97' title='bbox 1311 1469 1579 1538; x_wconf 83' lang='lat' dir='ltr'><strong>Cambyse</strong></span> <span class='ocrx_word' id='word_1_98' title='bbox 1623 1470 1774 1538; x_wconf 89' lang='lat' dir='ltr'><strong>regni</strong></span> 
     </span>
    </p>
   </div>
   <div class='ocr_carea' id='block_1_16' title="bbox 196 1559 1780 1633">
    <p class='ocr_par' dir='ltr' id='par_1_16' title="bbox 196 1559 1780 1633">
     <span class='ocr_line' id='line_1_16' title="bbox 196 1559 1780 1633; baseline 0.004 -22"><span class='ocrx_word' id='word_1_99' title='bbox 196 1559 522 1627; x_wconf 83' lang='lat' dir='ltr'><strong>metropolis</strong></span> <span class='ocrx_word' id='word_1_100' title='bbox 545 1574 650 1614; x_wconf 90' lang='lat' dir='ltr'><strong>non</strong></span> <span class='ocrx_word' id='word_1_101' title='bbox 679 1559 891 1624; x_wconf 85' lang='lat' dir='ltr'><strong>Ninive.</strong></span> <span class='ocrx_word' id='word_1_102' title='bbox 955 1559 1050 1616; x_wconf 91' lang='lat' dir='ltr'><strong>sed</strong></span> <span class='ocrx_word' id='word_1_103' title='bbox 1112 1561 1353 1633; x_wconf 83' lang='lat' dir='ltr'><strong>Babylon</strong></span> <span class='ocrx_word' id='word_1_104' title='bbox 1402 1563 1504 1616; x_wconf 84' lang='lat' dir='ltr'><strong>luit</strong></span> <span class='ocrx_word' id='word_1_105' title='bbox 1533 1577 1549 1619; x_wconf 90' lang='lat'><strong>:</strong></span> <span class='ocrx_word' id='word_1_106' title='bbox 1581 1562 1780 1617; x_wconf 86' lang='lat' dir='ltr'><strong>deinde</strong></span> 
     </span>
    </p>
   </div>
   <div class='ocr_carea' id='block_1_17' title="bbox 193 1649 1774 1720">
    <p class='ocr_par' dir='ltr' id='par_1_17' title="bbox 193 1649 1774 1720">
     <span class='ocr_line' id='line_1_17' title="bbox 193 1649 1774 1720; baseline 0.004 -20"><span class='ocrx_word' id='word_1_107' title='bbox 193 1649 346 1717; x_wconf 84' lang='lat' dir='ltr'><strong>quod</strong></span> <span class='ocrx_word' id='word_1_108' title='bbox 375 1649 578 1704; x_wconf 85' lang='lat' dir='ltr'><strong>dicitur</strong></span> <span class='ocrx_word' id='word_1_109' title='bbox 633 1649 1133 1708; x_wconf 78' lang='lat' dir='ltr'><strong>Nabuchodonosor</strong></span> <span class='ocrx_word' id='word_1_110' title='bbox 1155 1655 1310 1706; x_wconf 84' lang='lat' dir='ltr'><strong>tertio</strong></span> <span class='ocrx_word' id='word_1_111' title='bbox 1367 1651 1569 1706; x_wconf 78' lang='lat' dir='ltr'><strong>decimo</strong></span> <span class='ocrx_word' id='word_1_112' title='bbox 1623 1652 1774 1720; x_wconf 86' lang='lat' dir='ltr'><strong>regni</strong></span> 
     </span>
    </p>
   </div>
   <div class='ocr_carea' id='block_1_18' title="bbox 195 1741 1775 1813">
    <p class='ocr_par' dir='ltr' id='par_1_18' title="bbox 195 1741 1775 1813">
     <span class='ocr_line' id='line_1_18' title="bbox 195 1741 1775 1813; baseline 0.002 -18"><span class='ocrx_word' id='word_1_113' title='bbox 195 1741 285 1795; x_wconf 91' lang='lat' dir='ltr'><strong>sui</strong></span> <span class='ocrx_word' id='word_1_114' title='bbox 315 1755 461 1794; x_wconf 90' lang='lat' dir='ltr'><strong>anno</strong></span> <span class='ocrx_word' id='word_1_115' title='bbox 488 1741 890 1810; x_wconf 76' lang='lat' dir='ltr'><strong>expeditionem</strong></span> <span class='ocrx_word' id='word_1_116' title='bbox 917 1742 970 1795; x_wconf 91' lang='lat' dir='ltr'><strong>iu</strong></span> <span class='ocrx_word' id='word_1_117' title='bbox 992 1743 1381 1812; x_wconf 80' lang='lat' dir='ltr'><strong>Arpbaxadum</strong></span> <span class='ocrx_word' id='word_1_118' title='bbox 1443 1744 1775 1813; x_wconf 84' lang='lat' dir='ltr'><strong>suscepisse,</strong></span> 
     </span>
    </p>
   </div>
   <div class='ocr_carea' id='block_1_19' title="bbox 195 1829 1778 1901">
    <p class='ocr_par' dir='ltr' id='par_1_19' title="bbox 195 1829 1778 1901">
     <span class='ocr_line' id='line_1_19' title="bbox 195 1829 1778 1901; baseline 0.004 -17"><span class='ocrx_word' id='word_1_119' title='bbox 195 1829 454 1900; x_wconf 86' lang='lat' dir='ltr'><strong>Cambysi</strong></span> <span class='ocrx_word' id='word_1_120' title='bbox 485 1829 627 1884; x_wconf 90' lang='lat' dir='ltr'><strong>haud</strong></span> <span class='ocrx_word' id='word_1_121' title='bbox 668 1830 962 1895; x_wconf 84' lang='lat' dir='ltr'><strong>convenit,</strong></span> <span class='ocrx_word' id='word_1_122' title='bbox 990 1833 1082 1901; x_wconf 88' lang='lat' dir='ltr'><strong>qui</strong></span> <span class='ocrx_word' id='word_1_123' title='bbox 1115 1832 1248 1887; x_wconf 91' lang='lat' dir='ltr'><strong>solis</strong></span> <span class='ocrx_word' id='word_1_124' title='bbox 1292 1843 1450 1898; x_wconf 90' lang='lat' dir='ltr'><strong>octo,</strong></span> <span class='ocrx_word' id='word_1_125' title='bbox 1511 1845 1572 1888; x_wconf 94' lang='lat' dir='ltr'><strong>ut</strong></span> <span class='ocrx_word' id='word_1_126' title='bbox 1619 1848 1778 1890; x_wconf 57' lang='lat' dir='ltr'><strong>sum.</strong></span> 
     </span>
    </p>
   </div>
   <div class='ocr_carea' id='block_1_20' title="bbox 197 1922 1777 1995">
    <p class='ocr_par' dir='ltr' id='par_1_20' title="bbox 197 1922 1777 1995">
     <span class='ocr_line' id='line_1_20' title="bbox 197 1922 1777 1995; baseline 0.006 -22"><span class='ocrx_word' id='word_1_127' title='bbox 197 1937 375 1985; x_wconf 89' lang='lat' dir='ltr'><strong>mum,</strong></span> <span class='ocrx_word' id='word_1_128' title='bbox 407 1936 573 1990; x_wconf 84' lang='lat' dir='ltr'><strong>regno</strong></span> <span class='ocrx_word' id='word_1_129' title='bbox 599 1922 804 1990; x_wconf 89' lang='lat' dir='ltr'><strong>potitus</strong></span> <span class='ocrx_word' id='word_1_130' title='bbox 837 1932 924 1978; x_wconf 89' lang='lat' dir='ltr'><strong>est</strong></span> <span class='ocrx_word' id='word_1_131' title='bbox 955 1937 971 1978; x_wconf 87' lang='lat'><strong>:</strong></span> <span class='ocrx_word' id='word_1_132' title='bbox 1008 1925 1240 1995; x_wconf 89' lang='lat' dir='ltr'><strong>denique</strong></span> <span class='ocrx_word' id='word_1_133' title='bbox 1271 1935 1329 1980; x_wconf 89' lang='lat' dir='ltr'><strong>ut</strong></span> <span class='ocrx_word' id='word_1_134' title='bbox 1368 1927 1472 1980; x_wconf 88' lang='lat' dir='ltr'><strong>alia</strong></span> <span class='ocrx_word' id='word_1_135' title='bbox 1505 1928 1777 1993; x_wconf 91' lang='lat' dir='ltr'><strong>omittam,</strong></span> 
     </span>
    </p>
   </div>
   <div class='ocr_carea' id='block_1_21' title="bbox 198 2011 1774 2089">
    <p class='ocr_par' dir='ltr' id='par_1_21' title="bbox 198 2011 1774 2089">
     <span class='ocr_line' id='line_1_21' title="bbox 198 2011 1774 2089; baseline 0.006 -25"><span class='ocrx_word' id='word_1_136' title='bbox 198 2011 318 2066; x_wconf 91' lang='lat' dir='ltr'><strong>loca</strong></span> <span class='ocrx_word' id='word_1_137' title='bbox 341 2027 459 2082; x_wconf 82' lang='lat' dir='ltr'><strong>quae</strong></span> <span class='ocrx_word' id='word_1_138' title='bbox 493 2013 752 2068; x_wconf 87' lang='lat' dir='ltr'><strong>scribitur</strong></span> <span class='ocrx_word' id='word_1_139' title='bbox 782 2013 1154 2085; x_wconf 81' lang='lat' dir='ltr'><strong>Hol0pbernes</strong></span> <span class='ocrx_word' id='word_1_140' title='bbox 1177 2016 1288 2088; x_wconf 89' lang='lat' dir='ltr'><strong>regi</strong></span> <span class='ocrx_word' id='word_1_141' title='bbox 1324 2032 1424 2072; x_wconf 89' lang='lat' dir='ltr'><strong>suo</strong></span> <span class='ocrx_word' id='word_1_142' title='bbox 1450 2019 1774 2089; x_wconf 78' lang='lat' dir='ltr'><strong>subiecisse,</strong></span> 
     </span>
    </p>
   </div>
   <div class='ocr_carea' id='block_1_22' title="bbox 192 2097 1776 2182">
    <p class='ocr_par' dir='ltr' id='par_1_22' title="bbox 192 2097 1776 2182">
     <span class='ocr_line' id='line_1_22' title="bbox 192 2097 1776 2182; baseline 0.008 -25"><span class='ocrx_word' id='word_1_143' title='bbox 192 2103 310 2173; x_wconf 85' lang='lat' dir='ltr'><strong>jam</strong></span> <span class='ocrx_word' id='word_1_144' title='bbox 347 2105 608 2174; x_wconf 86' lang='lat' dir='ltr'><strong>parebant</strong></span> <span class='ocrx_word' id='word_1_145' title='bbox 655 2114 814 2162; x_wconf 87' lang='lat' dir='ltr'><strong>antea</strong></span> <span class='ocrx_word' id='word_1_146' title='bbox 873 2107 1145 2179; x_wconf 87' lang='lat' dir='ltr'><strong>Cambysi,</strong></span> <span class='ocrx_word' id='word_1_147' title='bbox 1185 2125 1253 2164; x_wconf 92' lang='lat' dir='ltr'><strong>ne</strong></span> <span class='ocrx_word' id='word_1_148' title='bbox 1311 2110 1496 2167; x_wconf 74' lang='lat' dir='ltr'><strong>Judtea</strong></span> <span class='ocrx_word' id='word_1_149' title='bbox 1558 2097 1776 2182; x_wconf 80' lang='lat' dir='ltr'><strong>quidem</strong></span> 
     </span>
    </p>
   </div>
   <div class='ocr_carea' id='block_1_23' title="bbox 197 2197 1776 2272">
    <p class='ocr_par' dir='ltr' id='par_1_23' title="bbox 197 2197 1776 2272">
     <span class='ocr_line' id='line_1_23' title="bbox 197 2197 1776 2272; baseline 0.006 -22"><span class='ocrx_word' id='word_1_150' title='bbox 197 2203 446 2266; x_wconf 74' lang='lat' dir='ltr'><strong>excepta.</strong></span> <span class='ocrx_word' id='word_1_151' title='bbox 479 2197 546 2250; x_wconf 89' lang='lat' dir='ltr'><strong>At</strong></span> <span class='ocrx_word' id='word_1_152' title='bbox 575 2197 781 2255; x_wconf 91' lang='lat' dir='ltr'><strong>scimus</strong></span> <span class='ocrx_word' id='word_1_153' title='bbox 840 2208 1148 2256; x_wconf 88' lang='lat' dir='ltr'><strong>nostrarum</strong></span> <span class='ocrx_word' id='word_1_154' title='bbox 1202 2203 1431 2270; x_wconf 83' lang='lat' dir='ltr'><strong>partium</strong></span> <span class='ocrx_word' id='word_1_155' title='bbox 1476 2221 1583 2258; x_wconf 91' lang='lat' dir='ltr'><strong>non</strong></span> <span class='ocrx_word' id='word_1_156' title='bbox 1635 2221 1776 2272; x_wconf 90' lang='lat' dir='ltr'><strong>esse,</strong></span> 
     </span>
    </p>
   </div>
   <div class='ocr_carea' id='block_1_24' title="bbox 197 2287 1778 2366">
    <p class='ocr_par' dir='ltr' id='par_1_24' title="bbox 197 2287 1778 2366">
     <span class='ocr_line' id='line_1_24' title="bbox 197 2287 1778 2366; baseline 0.008 -26"><span class='ocrx_word' id='word_1_157' title='bbox 197 2287 364 2342; x_wconf 86' lang='lat' dir='ltr'><strong>latius</strong></span> <span class='ocrx_word' id='word_1_158' title='bbox 405 2287 520 2343; x_wconf 70' lang='lat' dir='ltr'><strong>haec</strong></span> <span class='ocrx_word' id='word_1_159' title='bbox 552 2291 802 2361; x_wconf 88' lang='lat' dir='ltr'><strong>persequi</strong></span> <span class='ocrx_word' id='word_1_160' title='bbox 841 2310 856 2346; x_wconf 89' lang='lat'><strong>:</strong></span> <span class='ocrx_word' id='word_1_161' title='bbox 901 2307 966 2347; x_wconf 91' lang='lat' dir='ltr'><strong>ac</strong></span> <span class='ocrx_word' id='word_1_162' title='bbox 1004 2307 1170 2362; x_wconf 91' lang='lat' dir='ltr'><strong>porro</strong></span> <span class='ocrx_word' id='word_1_163' title='bbox 1221 2293 1604 2350; x_wconf 84' lang='lat' dir='ltr'><strong>difficillimum</strong></span> <span class='ocrx_word' id='word_1_164' title='bbox 1661 2300 1778 2366; x_wconf 89' lang='lat' dir='ltr'><strong>ejus</strong></span> 
     </span>
    </p>
   </div>
   <div class='ocr_carea' id='block_1_25' title="bbox 201 2381 1774 2457">
    <p class='ocr_par' dir='ltr' id='par_1_25' title="bbox 201 2381 1774 2457">
     <span class='ocr_line' id='line_1_25' title="bbox 201 2381 1774 2457; baseline 0.006 -25"><span class='ocrx_word' id='word_1_165' title='bbox 201 2381 460 2446; x_wconf 63' lang='lat' dir='ltr'><strong>historia,</strong></span> <span class='ocrx_word' id='word_1_166' title='bbox 495 2382 543 2438; x_wconf 89' lang='lat' dir='ltr'><strong>si</strong></span> <span class='ocrx_word' id='word_1_167' title='bbox 574 2384 642 2436; x_wconf 90' lang='lat' dir='ltr'><strong>ad</strong></span> <span class='ocrx_word' id='word_1_168' title='bbox 659 2383 1000 2439; x_wconf 79' lang='lat' dir='ltr'><strong>esoticorum</strong></span> <span class='ocrx_word' id='word_1_169' title='bbox 1023 2399 1374 2443; x_wconf 90' lang='lat' dir='ltr'><strong>monumenta</strong></span> <span class='ocrx_word' id='word_1_170' title='bbox 1404 2397 1774 2457; x_wconf 76' lang='lat' dir='ltr'><strong>comparetur,</strong></span> 
     </span>
    </p>
   </div>
   <div class='ocr_carea' id='block_1_26' title="bbox 199 2473 1778 2540">
    <p class='ocr_par' dir='ltr' id='par_1_26' title="bbox 199 2473 1778 2540">
     <span class='ocr_line' id='line_1_26' title="bbox 199 2473 1778 2540; baseline 0.007 -16"><span class='ocrx_word' id='word_1_171' title='bbox 199 2480 418 2540; x_wconf 80' lang='lat' dir='ltr'><strong>tempus</strong></span> <span class='ocrx_word' id='word_1_172' title='bbox 481 2473 840 2539; x_wconf 87' lang='lat' dir='ltr'><strong>perscribere.</strong></span> <span class='ocrx_word' id='word_1_173' title='bbox 918 2475 1234 2532; x_wconf 85' lang='lat' dir='ltr'><strong>Doetissimi</strong></span> <span class='ocrx_word' id='word_1_174' title='bbox 1291 2493 1325 2533; x_wconf 88' lang='lat' dir='ltr'><strong>e</strong></span> <span class='ocrx_word' id='word_1_175' title='bbox 1375 2479 1778 2535; x_wconf 89' lang='lat' dir='ltr'><strong>recentioribus</strong></span> 
     </span>
    </p>
   </div>
   <div class='ocr_carea' id='block_1_27' title="bbox 198 2561 1777 2639">
    <p class='ocr_par' dir='ltr' id='par_1_27' title="bbox 198 2561 1777 2639">
     <span class='ocr_line' id='line_1_27' title="bbox 198 2561 1777 2639; baseline 0.008 -23"><span class='ocrx_word' id='word_1_176' title='bbox 198 2561 468 2618; x_wconf 85' lang='lat' dir='ltr'><strong>dissident</strong></span> <span class='ocrx_word' id='word_1_177' title='bbox 503 2565 602 2619; x_wconf 90' lang='lat' dir='ltr'><strong>hac</strong></span> <span class='ocrx_word' id='word_1_178' title='bbox 629 2565 696 2620; x_wconf 91' lang='lat' dir='ltr'><strong>de</strong></span> <span class='ocrx_word' id='word_1_179' title='bbox 726 2582 784 2620; x_wconf 94' lang='lat' dir='ltr'><strong>re</strong></span> <span class='ocrx_word' id='word_1_180' title='bbox 805 2567 1063 2632; x_wconf 81' lang='lat' dir='ltr'><strong>invicem,</strong></span> <span class='ocrx_word' id='word_1_181' title='bbox 1091 2568 1478 2636; x_wconf 89' lang='lat' dir='ltr'><strong>Bellarminus,</strong></span> <span class='ocrx_word' id='word_1_182' title='bbox 1499 2572 1777 2639; x_wconf 85' lang='lat' dir='ltr'><strong>Petavius,</strong></span> 
     </span>
    </p>
   </div>
   <div class='ocr_carea' id='block_1_28' title="bbox 202 2651 1323 2729">
    <p class='ocr_par' dir='ltr' id='par_1_28' title="bbox 202 2651 1323 2729">
     <span class='ocr_line' id='line_1_28' title="bbox 202 2651 1323 2729; baseline 0.008 -21"><span class='ocrx_word' id='word_1_183' title='bbox 202 2651 476 2720; x_wconf 80' lang='lat' dir='ltr'><strong>Usserius,</strong></span> <span class='ocrx_word' id='word_1_184' title='bbox 513 2653 979 2724; x_wconf 79' lang='lat' dir='ltr'><strong>Montfauconius,</strong></span> <span class='ocrx_word' id='word_1_185' title='bbox 1012 2669 1174 2729; x_wconf 86' lang='lat' dir='ltr'><strong>atque</strong></span> <span class='ocrx_word' id='word_1_186' title='bbox 1205 2662 1323 2718; x_wconf 92' lang='lat' dir='ltr'><strong>alii.</strong></span> 
     </span>
    </p>
   </div>
   <div class='ocr_carea' id='block_1_29' title="bbox 271 2743 1776 2813">
    <p class='ocr_par' dir='ltr' id='par_1_29' title="bbox 271 2743 1776 2813">
     <span class='ocr_line' id='line_1_29' title="bbox 271 2743 1776 2813; baseline 0.009 -14"><span class='ocrx_word' id='word_1_187' title='bbox 271 2743 390 2800; x_wconf 89' lang='lat' dir='ltr'><strong>Col.</strong></span> <span class='ocrx_word' id='word_1_188' title='bbox 423 2746 547 2802; x_wconf 76' lang='lat'><strong>577.</strong></span> <span class='ocrx_word' id='word_1_189' title='bbox 573 2747 744 2804; x_wconf 88' lang='lat' dir='ltr'><strong>Samii</strong></span> <span class='ocrx_word' id='word_1_190' title='bbox 781 2753 1162 2808; x_wconf 69' lang='lat' dir='ltr'><strong>Dicaarchiam</strong></span> <span class='ocrx_word' id='word_1_191' title='bbox 1205 2757 1458 2811; x_wconf 85' lang='lat' dir='ltr'><strong>condunt.</strong></span> <span class='ocrx_word' id='word_1_192' title='bbox 1520 2756 1678 2812; x_wconf 86' lang='lat' dir='ltr'><strong>Varia</strong></span> <span class='ocrx_word' id='word_1_193' title='bbox 1724 2759 1776 2813; x_wconf 93' lang='lat' dir='ltr'><strong>in</strong></span> 
     </span>
    </p>
   </div>
   <div class='ocr_carea' id='block_1_30' title="bbox 200 2839 1779 2910">
    <p class='ocr_par' dir='ltr' id='par_1_30' title="bbox 200 2839 1779 2910">
     <span class='ocr_line' id='line_1_30' title="bbox 200 2839 1779 2910; baseline 0.01 -18"><span class='ocrx_word' id='word_1_194' title='bbox 200 2852 336 2894; x_wconf 87' lang='lat' dir='ltr'><strong>mss.</strong></span> <span class='ocrx_word' id='word_1_195' title='bbox 367 2839 638 2910; x_wconf 79' lang='lat' dir='ltr'><strong>editisque</strong></span> <span class='ocrx_word' id='word_1_196' title='bbox 673 2842 828 2898; x_wconf 87' lang='lat' dir='ltr'><strong>libris</strong></span> <span class='ocrx_word' id='word_1_197' title='bbox 857 2845 1015 2900; x_wconf 88' lang='lat' dir='ltr'><strong>sedes</strong></span> <span class='ocrx_word' id='word_1_198' title='bbox 1073 2845 1187 2901; x_wconf 66' lang='lat' dir='ltr'><strong>haec</strong></span> <span class='ocrx_word' id='word_1_199' title='bbox 1247 2848 1516 2902; x_wconf 91' lang='lat' dir='ltr'><strong>obtinent.</strong></span> <span class='ocrx_word' id='word_1_200' title='bbox 1565 2851 1779 2908; x_wconf 85' lang='lat' dir='ltr'><strong>Primus</strong></span> 
     </span>
    </p>
   </div>
   <div class='ocr_carea' id='block_1_31' title="bbox 203 2932 1774 3009">
    <p class='ocr_par' dir='ltr' id='par_1_31' title="bbox 203 2932 1774 3009">
     <span class='ocr_line' id='line_1_31' title="bbox 203 2932 1774 3009; baseline 0.008 -21"><span class='ocrx_word' id='word_1_201' title='bbox 203 2932 375 2990; x_wconf 79' lang='lat' dir='ltr'><strong>Palat.</strong></span> <span class='ocrx_word' id='word_1_202' title='bbox 401 2935 570 2990; x_wconf 83' lang='lat' dir='ltr'><strong>refert</strong></span> <span class='ocrx_word' id='word_1_203' title='bbox 603 2937 827 2992; x_wconf 89' lang='lat' dir='ltr'><strong>biennio</strong></span> <span class='ocrx_word' id='word_1_204' title='bbox 865 2947 1012 3006; x_wconf 89' lang='lat' dir='ltr'><strong>ante,</strong></span> <span class='ocrx_word' id='word_1_205' title='bbox 1038 2955 1160 2994; x_wconf 89' lang='lat' dir='ltr'><strong>cum</strong></span> <span class='ocrx_word' id='word_1_206' title='bbox 1189 2938 1430 2998; x_wconf 83' lang='lat' dir='ltr'><strong>Pontaco</strong></span> <span class='ocrx_word' id='word_1_207' title='bbox 1452 2942 1774 3009; x_wconf 88' lang='lat' dir='ltr'><strong>Sicbardus,</strong></span> 
     </span>
    </p>
   </div>
   <div class='ocr_carea' id='block_1_32' title="bbox 204 3026 1778 3107">
    <p class='ocr_par' dir='ltr' id='par_1_32' title="bbox 204 3026 1778 3107">
     <span class='ocr_line' id='line_1_32' title="bbox 204 3026 1778 3107; baseline 0.01 -32"><span class='ocrx_word' id='word_1_208' title='bbox 204 3026 636 3094; x_wconf 85' lang='lat' dir='ltr'><strong>vetustioresque</strong></span> <span class='ocrx_word' id='word_1_209' title='bbox 663 3029 793 3084; x_wconf 89' lang='lat' dir='ltr'><strong>editi</strong></span> <span class='ocrx_word' id='word_1_210' title='bbox 829 3029 1057 3087; x_wconf 90' lang='lat' dir='ltr'><strong>faciunt.</strong></span> <span class='ocrx_word' id='word_1_211' title='bbox 1110 3033 1422 3088; x_wconf 85' lang='lat' dir='ltr'><strong>Parmensis</strong></span> <span class='ocrx_word' id='word_1_212' title='bbox 1481 3051 1607 3090; x_wconf 89' lang='lat' dir='ltr'><strong>cum</strong></span> <span class='ocrx_word' id='word_1_213' title='bbox 1669 3043 1778 3107; x_wconf 82' lang='lat' dir='ltr'><strong>plc-</strong></span> 
     </span>
    </p>
   </div>
   <div class='ocr_carea' id='block_1_33' title="bbox 1882 539 3319 612">
    <p class='ocr_par' dir='ltr' id='par_1_33' title="bbox 1882 539 3319 612">
     <span class='ocr_line' id='line_1_33' title="bbox 1882 539 3319 612; baseline 0.004 -21"><span class='ocrx_word' id='word_1_214' title='bbox 1882 546 1991 592; x_wconf 91' lang='lat' dir='ltr'><strong>tres</strong></span> <span class='ocrx_word' id='word_1_215' title='bbox 2015 552 2192 593; x_wconf 88' lang='lat' dir='ltr'><strong>annos</strong></span> <span class='ocrx_word' id='word_1_216' title='bbox 2244 539 2358 594; x_wconf 90' lang='lat' dir='ltr'><strong>sive</strong></span> <span class='ocrx_word' id='word_1_217' title='bbox 2387 539 2453 594; x_wconf 90' lang='lat' dir='ltr'><strong>ad</strong></span> <span class='ocrx_word' id='word_1_218' title='bbox 2486 541 2719 611; x_wconf 87' lang='lat' dir='ltr'><strong>primum</strong></span> <span class='ocrx_word' id='word_1_219' title='bbox 2749 542 2954 612; x_wconf 86' lang='lat' dir='ltr'><strong>olymp.</strong></span> <span class='ocrx_word' id='word_1_220' title='bbox 2991 543 3060 597; x_wconf 88' lang='lat'><strong>65</strong></span> <span class='ocrx_word' id='word_1_221' title='bbox 3088 543 3319 598; x_wconf 87' lang='lat' dir='ltr'><strong>distulit.</strong></span> 
     </span>
    </p>
   </div>
   <div class='ocr_carea' id='block_1_34' title="bbox 1947 629 3450 706">
    <p class='ocr_par' dir='ltr' id='par_1_34' title="bbox 1947 629 3450 706">
     <span class='ocr_line' id='line_1_34' title="bbox 1947 629 3450 706; baseline 0.003 -20"><span class='ocrx_word' id='word_1_222' title='bbox 1947 629 2062 686; x_wconf 93' lang='lat' dir='ltr'><strong>Col.</strong></span> <span class='ocrx_word' id='word_1_223' title='bbox 2093 631 2216 688; x_wconf 83' lang='lat'><strong>580.</strong></span> <span class='ocrx_word' id='word_1_224' title='bbox 2241 632 2516 705; x_wconf 83' lang='lat' dir='ltr'><strong>Olympias</strong></span> <span class='ocrx_word' id='word_1_225' title='bbox 2549 651 2672 690; x_wconf 76' lang='lat' dir='ltr'><strong>va.</strong></span> <span class='ocrx_word' id='word_1_226' title='bbox 2707 636 2884 705; x_wconf 80' lang='lat' dir='ltr'><strong>Hujus</strong></span> <span class='ocrx_word' id='word_1_227' title='bbox 2928 636 3118 706; x_wconf 90' lang='lat' dir='ltr'><strong>utique</strong></span> <span class='ocrx_word' id='word_1_228' title='bbox 3158 635 3450 706; x_wconf 81' lang='lat' dir='ltr'><strong>Hystaspi-</strong></span> 
     </span>
    </p>
   </div>
   <div class='ocr_carea' id='block_1_35' title="bbox 1879 718 3454 797">
    <p class='ocr_par' dir='ltr' id='par_1_35' title="bbox 1879 718 3454 797">
     <span class='ocr_line' id='line_1_35' title="bbox 1879 718 3454 797; baseline 0.004 -20"><span class='ocrx_word' id='word_1_229' title='bbox 1879 723 1980 788; x_wconf 71' lang='lat' dir='ltr'><strong>dze,</strong></span> <span class='ocrx_word' id='word_1_230' title='bbox 2037 728 2388 792; x_wconf 86' lang='lat' dir='ltr'><strong>quantumvis</strong></span> <span class='ocrx_word' id='word_1_231' title='bbox 2448 727 2694 797; x_wconf 76' lang='lat' dir='ltr'><strong>Scaliger</strong></span> <span class='ocrx_word' id='word_1_232' title='bbox 2729 729 3046 796; x_wconf 86' lang='lat' dir='ltr'><strong>relnctetur,</strong></span> <span class='ocrx_word' id='word_1_233' title='bbox 3077 738 3132 784; x_wconf 93' lang='lat' dir='ltr'><strong>et</strong></span> <span class='ocrx_word' id='word_1_234' title='bbox 3153 718 3454 785; x_wconf 52' lang='lat' dir='ltr'><strong>sub‘Dario</strong></span> 
     </span>
    </p>
   </div>
   <div class='ocr_carea' id='block_1_36' title="bbox 1879 813 3446 888">
    <p class='ocr_par' dir='ltr' id='par_1_36' title="bbox 1879 813 3446 888">
     <span class='ocr_line' id='line_1_36' title="bbox 1879 813 3446 888; baseline 0.007 -20"><span class='ocrx_word' id='word_1_235' title='bbox 1879 813 2080 880; x_wconf 84' lang='lat' dir='ltr'><strong>Notbo,</strong></span> <span class='ocrx_word' id='word_1_236' title='bbox 2132 819 2358 888; x_wconf 78' lang='lat' dir='ltr'><strong>ejusque</strong></span> <span class='ocrx_word' id='word_1_237' title='bbox 2396 834 2540 876; x_wconf 89' lang='lat' dir='ltr'><strong>anno</strong></span> <span class='ocrx_word' id='word_1_238' title='bbox 2569 830 2747 886; x_wconf 80' lang='lat' dir='ltr'><strong>sexto,</strong></span> <span class='ocrx_word' id='word_1_239' title='bbox 2779 837 3010 878; x_wconf 88' lang='lat' dir='ltr'><strong>numero</strong></span> <span class='ocrx_word' id='word_1_240' title='bbox 3033 822 3241 879; x_wconf 87' lang='lat' dir='ltr'><strong>scilicet</strong></span> <span class='ocrx_word' id='word_1_241' title='bbox 3278 823 3446 888; x_wconf 64' lang='grc'><strong>1594,</strong></span> 
     </span>
    </p>
   </div>
   <div class='ocr_carea' id='block_1_37' title="bbox 1881 907 3455 984">
    <p class='ocr_par' dir='ltr' id='par_1_37' title="bbox 1881 907 3455 984">
     <span class='ocr_line' id='line_1_37' title="bbox 1881 907 3455 984; baseline 0.006 -22"><span class='ocrx_word' id='word_1_242' title='bbox 1881 907 1986 962; x_wconf 88' lang='lat' dir='ltr'><strong>hoc</strong></span> <span class='ocrx_word' id='word_1_243' title='bbox 2013 907 2233 964; x_wconf 89' lang='lat' dir='ltr'><strong>demum</strong></span> <span class='ocrx_word' id='word_1_244' title='bbox 2273 911 2403 966; x_wconf 89' lang='lat' dir='ltr'><strong>velit</strong></span> <span class='ocrx_word' id='word_1_245' title='bbox 2445 920 2657 982; x_wconf 89' lang='lat' dir='ltr'><strong>gestum</strong></span> <span class='ocrx_word' id='word_1_246' title='bbox 2703 912 2933 970; x_wconf 87' lang='lat' dir='ltr'><strong>referri:</strong></span> <span class='ocrx_word' id='word_1_247' title='bbox 2966 925 3020 970; x_wconf 91' lang='lat' dir='ltr'><strong>et</strong></span> <span class='ocrx_word' id='word_1_248' title='bbox 3057 930 3182 983; x_wconf 66' lang='lat' dir='ltr'><strong>qua:</strong></span> <span class='ocrx_word' id='word_1_249' title='bbox 3216 915 3336 984; x_wconf 90' lang='lat' dir='ltr'><strong>ejus</strong></span> <span class='ocrx_word' id='word_1_250' title='bbox 3365 927 3455 972; x_wconf 88' lang='lat' dir='ltr'><strong>est</strong></span> 
     </span>
    </p>
   </div>
   <div class='ocr_carea' id='block_1_38' title="bbox 1879 999 3444 1077">
    <p class='ocr_par' dir='ltr' id='par_1_38' title="bbox 1879 999 3444 1077">
     <span class='ocr_line' id='line_1_38' title="bbox 1879 999 3444 1077; baseline 0.004 -24"><span class='ocrx_word' id='word_1_251' title='bbox 1879 999 2231 1065; x_wconf 75' lang='lat' dir='ltr'><strong>conﬁdentia,</strong></span> <span class='ocrx_word' id='word_1_252' title='bbox 2267 1002 2492 1070; x_wconf 90' lang='lat' dir='ltr'><strong>perinde</strong></span> <span class='ocrx_word' id='word_1_253' title='bbox 2523 1018 2586 1060; x_wconf 88' lang='lat' dir='ltr'><strong>ac</strong></span> <span class='ocrx_word' id='word_1_254' title='bbox 2617 1015 2794 1060; x_wconf 90' lang='lat' dir='ltr'><strong>ratum</strong></span> <span class='ocrx_word' id='word_1_255' title='bbox 2817 1004 3142 1076; x_wconf 86' lang='lat' dir='ltr'><strong>firmumque</strong></span> <span class='ocrx_word' id='word_1_256' title='bbox 3181 1007 3271 1068; x_wconf 89' lang='lat' dir='ltr'><strong>sit.</strong></span> <span class='ocrx_word' id='word_1_257' title='bbox 3299 1007 3444 1077; x_wconf 90' lang='lat' dir='ltr'><strong>quod</strong></span> 
     </span>
    </p>
   </div>
   <div class='ocr_carea' id='block_1_39' title="bbox 1881 1089 3444 1166">
    <p class='ocr_par' dir='ltr' id='par_1_39' title="bbox 1881 1089 3444 1166">
     <span class='ocr_line' id='line_1_39' title="bbox 1881 1089 3444 1166; baseline 0.005 -23"><span class='ocrx_word' id='word_1_258' title='bbox 1881 1089 1956 1150; x_wconf 81' lang='lat' dir='ltr'><strong>illi</strong></span> <span class='ocrx_word' id='word_1_259' title='bbox 1997 1093 2146 1146; x_wconf 88' lang='lat' dir='ltr'><strong>venit</strong></span> <span class='ocrx_word' id='word_1_260' title='bbox 2191 1093 2242 1146; x_wconf 89' lang='lat' dir='ltr'><strong>in</strong></span> <span class='ocrx_word' id='word_1_261' title='bbox 2297 1106 2559 1163; x_wconf 85' lang='lat' dir='ltr'><strong>mentem,</strong></span> <span class='ocrx_word' id='word_1_262' title='bbox 2599 1096 2667 1151; x_wconf 89' lang='lat' dir='ltr'><strong>de</strong></span> <span class='ocrx_word' id='word_1_263' title='bbox 2715 1099 3132 1166; x_wconf 89' lang='lat' dir='ltr'><strong>procbronismo</strong></span> <span class='ocrx_word' id='word_1_264' title='bbox 3193 1113 3322 1152; x_wconf 87' lang='lat' dir='ltr'><strong>ann.</strong></span> <span class='ocrx_word' id='word_1_265' title='bbox 3373 1097 3444 1152; x_wconf 78' lang='lat'><strong>95</strong></span> 
     </span>
    </p>
   </div>
   <div class='ocr_carea' id='block_1_40' title="bbox 1883 1180 3454 1260">
    <p class='ocr_par' dir='ltr' id='par_1_40' title="bbox 1883 1180 3454 1260">
     <span class='ocr_line' id='line_1_40' title="bbox 1883 1180 3454 1260; baseline 0.007 -26"><span class='ocrx_word' id='word_1_266' title='bbox 1883 1180 2176 1238; x_wconf 82' lang='lat' dir='ltr'><strong>Eusebium</strong></span> <span class='ocrx_word' id='word_1_267' title='bbox 2216 1199 2474 1241; x_wconf 85' lang='lat' dir='ltr'><strong>accusare</strong></span> <span class='ocrx_word' id='word_1_268' title='bbox 2505 1188 2722 1242; x_wconf 87' lang='lat' dir='ltr'><strong>audeat.</strong></span> <span class='ocrx_word' id='word_1_269' title='bbox 2764 1189 2832 1242; x_wconf 85' lang='lat' dir='ltr'><strong>At</strong></span> <span class='ocrx_word' id='word_1_270' title='bbox 2858 1190 3003 1244; x_wconf 90' lang='lat' dir='ltr'><strong>enim</strong></span> <span class='ocrx_word' id='word_1_271' title='bbox 3043 1192 3182 1260; x_wconf 89' lang='lat' dir='ltr'><strong>ipse,</strong></span> <span class='ocrx_word' id='word_1_272' title='bbox 3215 1204 3454 1260; x_wconf 86' lang='lat' dir='ltr'><strong>cumque</strong></span> 
     </span>
    </p>
   </div>
   <div class='ocr_carea' id='block_1_41' title="bbox 1879 1275 3462 1352">
    <p class='ocr_par' dir='ltr' id='par_1_41' title="bbox 1879 1275 3462 1352">
     <span class='ocr_line' id='line_1_41' title="bbox 1879 1275 3462 1352; baseline 0.006 -24"><span class='ocrx_word' id='word_1_273' title='bbox 1879 1289 1945 1328; x_wconf 90' lang='lat' dir='ltr'><strong>eo</strong></span> <span class='ocrx_word' id='word_1_274' title='bbox 1972 1275 2062 1330; x_wconf 87' lang='lat' dir='ltr'><strong>alii</strong></span> <span class='ocrx_word' id='word_1_275' title='bbox 2092 1285 2288 1332; x_wconf 66' lang='lat' dir='ltr'><strong>caetera</strong></span> <span class='ocrx_word' id='word_1_276' title='bbox 2324 1279 2467 1333; x_wconf 89' lang='lat' dir='ltr'><strong>docti</strong></span> <span class='ocrx_word' id='word_1_277' title='bbox 2532 1281 2847 1351; x_wconf 83' lang='lat' dir='ltr'><strong>cbronologi</strong></span> <span class='ocrx_word' id='word_1_278' title='bbox 2910 1292 3103 1336; x_wconf 90' lang='lat' dir='ltr'><strong>contra</strong></span> <span class='ocrx_word' id='word_1_279' title='bbox 3149 1290 3462 1352; x_wconf 87' lang='lat' dir='ltr'><strong>temporum</strong></span> 
     </span>
    </p>
   </div>
   <div class='ocr_carea' id='block_1_42' title="bbox 1881 1369 3456 1444">
    <p class='ocr_par' dir='ltr' id='par_1_42' title="bbox 1881 1369 3456 1444">
     <span class='ocr_line' id='line_1_42' title="bbox 1881 1369 3456 1444; baseline 0.006 -22"><span class='ocrx_word' id='word_1_280' title='bbox 1881 1369 2124 1425; x_wconf 88' lang='lat' dir='ltr'><strong>rationes</strong></span> <span class='ocrx_word' id='word_1_281' title='bbox 2187 1383 2436 1440; x_wconf 82' lang='lat' dir='ltr'><strong>peccant.</strong></span> <span class='ocrx_word' id='word_1_282' title='bbox 2486 1387 2587 1428; x_wconf 90' lang='lat' dir='ltr'><strong>nec</strong></span> <span class='ocrx_word' id='word_1_283' title='bbox 2633 1375 2988 1444; x_wconf 84' lang='lat' dir='ltr'><strong>sane-potuit</strong></span> <span class='ocrx_word' id='word_1_284' title='bbox 3040 1377 3180 1431; x_wconf 89' lang='lat' dir='ltr'><strong>alius</strong></span> <span class='ocrx_word' id='word_1_285' title='bbox 3240 1376 3456 1440; x_wconf 87' lang='lat' dir='ltr'><strong>Darius,</strong></span> 
     </span>
    </p>
   </div>
   <div class='ocr_carea' id='block_1_43' title="bbox 1880 1460 3456 1537">
    <p class='ocr_par' dir='ltr' id='par_1_43' title="bbox 1880 1460 3456 1537">
     <span class='ocr_line' id='line_1_43' title="bbox 1880 1460 3456 1537; baseline 0.006 -24"><span class='ocrx_word' id='word_1_286' title='bbox 1880 1475 2041 1529; x_wconf 91' lang='lat' dir='ltr'><strong>quam</strong></span> <span class='ocrx_word' id='word_1_287' title='bbox 2084 1460 2364 1532; x_wconf 85' lang='lat' dir='ltr'><strong>Hystaspis</strong></span> <span class='ocrx_word' id='word_1_288' title='bbox 2419 1465 2562 1520; x_wconf 75' lang='lat' dir='ltr'><strong>[ilius</strong></span> <span class='ocrx_word' id='word_1_289' title='bbox 2595 1467 2810 1520; x_wconf 91' lang='lat' dir='ltr'><strong>veniam</strong></span> <span class='ocrx_word' id='word_1_290' title='bbox 2875 1466 3082 1523; x_wconf 63' lang='lat' dir='ltr'><strong>ludatis</strong></span> <span class='ocrx_word' id='word_1_291' title='bbox 3113 1469 3294 1537; x_wconf 90' lang='lat' dir='ltr'><strong>templi</strong></span> <span class='ocrx_word' id='word_1_292' title='bbox 3331 1469 3456 1522; x_wconf 82' lang='lat' dir='ltr'><strong>ardi-</strong></span> 
     </span>
    </p>
   </div>
   <div class='ocr_carea' id='block_1_44' title="bbox 1882 1550 3456 1628">
    <p class='ocr_par' dir='ltr' id='par_1_44' title="bbox 1882 1550 3456 1628">
     <span class='ocr_line' id='line_1_44' title="bbox 1882 1550 3456 1628; baseline 0.006 -24"><span class='ocrx_word' id='word_1_293' title='bbox 1882 1550 2079 1606; x_wconf 80' lang='lat' dir='ltr'><strong>ticandi</strong></span> <span class='ocrx_word' id='word_1_294' title='bbox 2134 1553 2353 1610; x_wconf 89' lang='lat' dir='ltr'><strong>fecisse.</strong></span> <span class='ocrx_word' id='word_1_295' title='bbox 2391 1557 2547 1623; x_wconf 81' lang='lat' dir='ltr'><strong>Quod</strong></span> <span class='ocrx_word' id='word_1_296' title='bbox 2587 1566 2643 1612; x_wconf 91' lang='lat' dir='ltr'><strong>ut</strong></span> <span class='ocrx_word' id='word_1_297' title='bbox 2672 1573 2781 1612; x_wconf 90' lang='lat' dir='ltr'><strong>uno</strong></span> <span class='ocrx_word' id='word_1_298' title='bbox 2815 1568 3138 1628; x_wconf 89' lang='lat' dir='ltr'><strong>argnroento</strong></span> <span class='ocrx_word' id='word_1_299' title='bbox 3165 1561 3456 1614; x_wconf 82' lang='lat' dir='ltr'><strong>evineam:</strong></span> 
     </span>
    </p>
   </div>
   <div class='ocr_carea' id='block_1_45' title="bbox 1880 1643 3457 1718">
    <p class='ocr_par' dir='ltr' id='par_1_45' title="bbox 1880 1643 3457 1718">
     <span class='ocr_line' id='line_1_45' title="bbox 1880 1643 3457 1718; baseline 0.005 -21"><span class='ocrx_word' id='word_1_300' title='bbox 1880 1643 2096 1712; x_wconf 80' lang='lat' dir='ltr'><strong>Darius,</strong></span> <span class='ocrx_word' id='word_1_301' title='bbox 2145 1647 2236 1717; x_wconf 91' lang='lat' dir='ltr'><strong>qui</strong></span> <span class='ocrx_word' id='word_1_302' title='bbox 2277 1646 2466 1704; x_wconf 72' lang='lat' dir='ltr'><strong>Esdrm</strong></span> <span class='ocrx_word' id='word_1_303' title='bbox 2506 1663 2556 1704; x_wconf 92' lang='lat' dir='ltr'><strong>c.</strong></span> <span class='ocrx_word' id='word_1_304' title='bbox 2588 1665 2620 1704; x_wconf 94' lang='lat' dir='ltr'><strong>v</strong></span> <span class='ocrx_word' id='word_1_305' title='bbox 2646 1659 2701 1704; x_wconf 91' lang='lat' dir='ltr'><strong>et</strong></span> <span class='ocrx_word' id='word_1_306' title='bbox 2732 1667 2784 1704; x_wconf 81' lang='grc' dir='ltr'><strong>νι</strong></span> <span class='ocrx_word' id='word_1_307' title='bbox 2829 1651 3198 1718; x_wconf 86' lang='lat' dir='ltr'><strong>captivitatem</strong></span> <span class='ocrx_word' id='word_1_308' title='bbox 3255 1651 3457 1706; x_wconf 89' lang='lat' dir='ltr'><strong>dicitur</strong></span> 
     </span>
    </p>
   </div>
   <div class='ocr_carea' id='block_1_46' title="bbox 1879 1739 3454 1815">
    <p class='ocr_par' dir='ltr' id='par_1_46' title="bbox 1879 1739 3454 1815">
     <span class='ocr_line' id='line_1_46' title="bbox 1879 1739 3454 1815; baseline 0.003 -21"><span class='ocrx_word' id='word_1_309' title='bbox 1879 1740 2028 1795; x_wconf 90' lang='lat' dir='ltr'><strong>edito</strong></span> <span class='ocrx_word' id='word_1_310' title='bbox 2061 1739 2287 1796; x_wconf 90' lang='lat' dir='ltr'><strong>decreto</strong></span> <span class='ocrx_word' id='word_1_311' title='bbox 2312 1743 2615 1807; x_wconf 89' lang='lat' dir='ltr'><strong>remisisse,</strong></span> <span class='ocrx_word' id='word_1_312' title='bbox 2647 1743 2787 1799; x_wconf 89' lang='lat' dir='ltr'><strong>idem</strong></span> <span class='ocrx_word' id='word_1_313' title='bbox 2815 1744 2906 1798; x_wconf 89' lang='lat' dir='ltr'><strong>ille</strong></span> <span class='ocrx_word' id='word_1_314' title='bbox 2935 1744 3090 1815; x_wconf 85' lang='lat' dir='ltr'><strong>juxta</strong></span> <span class='ocrx_word' id='word_1_315' title='bbox 3131 1743 3305 1812; x_wconf 91' lang='lat' dir='ltr'><strong>ipsum</strong></span> <span class='ocrx_word' id='word_1_316' title='bbox 3348 1745 3454 1798; x_wconf 85' lang='lat' dir='ltr'><strong>Es-</strong></span> 
     </span>
    </p>
   </div>
   <div class='ocr_carea' id='block_1_47' title="bbox 1882 1832 3456 1906">
    <p class='ocr_par' dir='ltr' id='par_1_47' title="bbox 1882 1832 3456 1906">
     <span class='ocr_line' id='line_1_47' title="bbox 1882 1832 3456 1906; baseline 0.003 -20"><span class='ocrx_word' id='word_1_317' title='bbox 1882 1832 2032 1886; x_wconf 89' lang='lat' dir='ltr'><strong>dram</strong></span> <span class='ocrx_word' id='word_1_318' title='bbox 2063 1834 2288 1888; x_wconf 88' lang='lat' dir='ltr'><strong>omnino</strong></span> <span class='ocrx_word' id='word_1_319' title='bbox 2316 1842 2420 1900; x_wconf 91' lang='lat' dir='ltr'><strong>est,</strong></span> <span class='ocrx_word' id='word_1_320' title='bbox 2459 1835 2551 1901; x_wconf 90' lang='lat' dir='ltr'><strong>qui</strong></span> <span class='ocrx_word' id='word_1_321' title='bbox 2582 1849 2631 1890; x_wconf 93' lang='lat' dir='ltr'><strong>c.</strong></span> <span class='ocrx_word' id='word_1_322' title='bbox 2683 1851 2702 1889; x_wconf 85' lang='grc' dir='ltr'>ι</span> <span class='ocrx_word' id='word_1_323' title='bbox 2745 1836 2948 1906; x_wconf 75' lang='lat' dir='ltr'><strong>Aggzei,</strong></span> <span class='ocrx_word' id='word_1_324' title='bbox 2989 1837 3227 1903; x_wconf 89' lang='lat' dir='ltr'><strong>itemque</strong></span> <span class='ocrx_word' id='word_1_325' title='bbox 3263 1846 3356 1890; x_wconf 88' lang='lat' dir='ltr'><strong>tet</strong></span> <span class='ocrx_word' id='word_1_326' title='bbox 3385 1850 3456 1890; x_wconf 85' lang='lat' dir='ltr'><strong>vn</strong></span> 
     </span>
    </p>
   </div>
   <div class='ocr_carea' id='block_1_48' title="bbox 1880 1925 3459 1998">
    <p class='ocr_par' dir='ltr' id='par_1_48' title="bbox 1880 1925 3459 1998">
     <span class='ocr_line' id='line_1_48' title="bbox 1880 1925 3459 1998; baseline 0.001 -20"><span class='ocrx_word' id='word_1_327' title='bbox 1880 1925 2156 1979; x_wconf 69' lang='lat' dir='ltr'><strong>Zachariae</strong></span> <span class='ocrx_word' id='word_1_328' title='bbox 2203 1937 2561 1982; x_wconf 86' lang='lat' dir='ltr'><strong>memoratur.</strong></span> <span class='ocrx_word' id='word_1_329' title='bbox 2609 1927 2784 1997; x_wconf 83' lang='lat' dir='ltr'><strong>Atque</strong></span> <span class='ocrx_word' id='word_1_330' title='bbox 2848 1929 2949 1982; x_wconf 87' lang='lat' dir='ltr'><strong>iste</strong></span> <span class='ocrx_word' id='word_1_331' title='bbox 3013 1927 3238 1982; x_wconf 91' lang='lat' dir='ltr'><strong>minime</strong></span> <span class='ocrx_word' id='word_1_332' title='bbox 3278 1936 3459 1998; x_wconf 84' lang='lat' dir='ltr'><strong>potest</strong></span> 
     </span>
    </p>
   </div>
   <div class='ocr_carea' id='block_1_49' title="bbox 1880 2015 3456 2090">
    <p class='ocr_par' dir='ltr' id='par_1_49' title="bbox 1880 2015 3456 2090">
     <span class='ocr_line' id='line_1_49' title="bbox 1880 2015 3456 2090; baseline 0.003 -20"><span class='ocrx_word' id='word_1_333' title='bbox 1880 2015 2221 2085; x_wconf 79' lang='lat' dir='ltr'><strong>cognominis</strong></span> <span class='ocrx_word' id='word_1_334' title='bbox 2251 2016 2463 2072; x_wconf 82' lang='lat' dir='ltr'><strong>Notbus</strong></span> <span class='ocrx_word' id='word_1_335' title='bbox 2493 2021 2817 2083; x_wconf 85' lang='lat' dir='ltr'><strong>existimari,</strong></span> <span class='ocrx_word' id='word_1_336' title='bbox 2846 2020 3119 2089; x_wconf 89' lang='lat' dir='ltr'><strong>siquidem</strong></span> <span class='ocrx_word' id='word_1_337' title='bbox 3192 2035 3221 2073; x_wconf 90' lang='lat' dir='ltr'><strong>a</strong></span> <span class='ocrx_word' id='word_1_338' title='bbox 3267 2021 3456 2090; x_wconf 86' lang='lat' dir='ltr'><strong>templi</strong></span> 
     </span>
    </p>
   </div>
   <div class='ocr_carea' id='block_1_50' title="bbox 1880 2110 3459 2182">
    <p class='ocr_par' dir='ltr' id='par_1_50' title="bbox 1880 2110 3459 2182">
     <span class='ocr_line' id='line_1_50' title="bbox 1880 2110 3459 2182; baseline 0.001 -16"><span class='ocrx_word' id='word_1_339' title='bbox 1880 2111 2252 2166; x_wconf 87' lang='lat' dir='ltr'><strong>destructione</strong></span> <span class='ocrx_word' id='word_1_340' title='bbox 2274 2110 2342 2163; x_wconf 90' lang='lat' dir='ltr'><strong>ad</strong></span> <span class='ocrx_word' id='word_1_341' title='bbox 2388 2111 2441 2166; x_wconf 89' lang='lat' dir='ltr'><strong>id</strong></span> <span class='ocrx_word' id='word_1_342' title='bbox 2480 2112 2762 2181; x_wconf 88' lang='lat' dir='ltr'><strong>temporis,</strong></span> <span class='ocrx_word' id='word_1_343' title='bbox 2789 2126 2899 2180; x_wconf 92' lang='lat' dir='ltr'><strong>quo</strong></span> <span class='ocrx_word' id='word_1_344' title='bbox 2936 2125 3162 2182; x_wconf 89' lang='lat' dir='ltr'><strong>regnum</strong></span> <span class='ocrx_word' id='word_1_345' title='bbox 3193 2112 3459 2178; x_wconf 85' lang='lat' dir='ltr'><strong>obtinuit,</strong></span> 
     </span>
    </p>
   </div>
   <div class='ocr_carea' id='block_1_51' title="bbox 1880 2201 3456 2274">
    <p class='ocr_par' dir='ltr' id='par_1_51' title="bbox 1880 2201 3456 2274">
     <span class='ocr_line' id='line_1_51' title="bbox 1880 2201 3456 2274; baseline 0.001 -16"><span class='ocrx_word' id='word_1_346' title='bbox 1880 2204 2010 2259; x_wconf 82' lang='lat' dir='ltr'><strong>anni</strong></span> <span class='ocrx_word' id='word_1_347' title='bbox 2069 2201 2420 2258; x_wconf 90' lang='lat' dir='ltr'><strong>intercedunt</strong></span> <span class='ocrx_word' id='word_1_348' title='bbox 2464 2203 2612 2268; x_wconf 73' lang='lat'><strong>165;</strong></span> <span class='ocrx_word' id='word_1_349' title='bbox 2666 2202 2813 2259; x_wconf 88' lang='lat' dir='ltr'><strong>solos</strong></span> <span class='ocrx_word' id='word_1_350' title='bbox 2870 2212 3053 2258; x_wconf 88' lang='lat' dir='ltr'><strong>autem</strong></span> <span class='ocrx_word' id='word_1_351' title='bbox 3111 2204 3456 2274; x_wconf 84' lang='lat' dir='ltr'><strong>septuaginta</strong></span> 
     </span>
    </p>
   </div>
   <div class='ocr_carea' id='block_1_52' title="bbox 1884 2291 3456 2366">
    <p class='ocr_par' dir='ltr' id='par_1_52' title="bbox 1884 2291 3456 2366">
     <span class='ocr_line' id='line_1_52' title="bbox 1884 2291 3456 2366; baseline 0.003 -19"><span class='ocrx_word' id='word_1_352' title='bbox 1884 2294 2244 2350; x_wconf 86' lang='lat' dir='ltr'><strong>Desolationis</strong></span> <span class='ocrx_word' id='word_1_353' title='bbox 2292 2302 2588 2366; x_wconf 90' lang='lat' dir='ltr'><strong>supputant</strong></span> <span class='ocrx_word' id='word_1_354' title='bbox 2627 2311 2752 2350; x_wconf 92' lang='lat' dir='ltr'><strong>cum</strong></span> <span class='ocrx_word' id='word_1_355' title='bbox 2802 2305 3047 2350; x_wconf 86' lang='lat' dir='ltr'><strong>veterum</strong></span> <span class='ocrx_word' id='word_1_356' title='bbox 3102 2291 3456 2352; x_wconf 78' lang='lat' dir='ltr'><strong>monumenta</strong></span> 
     </span>
    </p>
   </div>
   <div class='ocr_carea' id='block_1_53' title="bbox 1880 2385 3458 2456">
    <p class='ocr_par' dir='ltr' id='par_1_53' title="bbox 1880 2385 3458 2456">
     <span class='ocr_line' id='line_1_53' title="bbox 1880 2385 3458 2456; baseline 0.001 -16"><span class='ocrx_word' id='word_1_357' title='bbox 1880 2387 2084 2453; x_wconf 89' lang='lat' dir='ltr'><strong>omnia,</strong></span> <span class='ocrx_word' id='word_1_358' title='bbox 2121 2397 2233 2442; x_wconf 87' lang='lat' dir='ltr'><strong>tum</strong></span> <span class='ocrx_word' id='word_1_359' title='bbox 2281 2387 2500 2441; x_wconf 89' lang='lat' dir='ltr'><strong>divinus</strong></span> <span class='ocrx_word' id='word_1_360' title='bbox 2555 2388 2671 2456; x_wconf 88' lang='lat' dir='ltr'><strong>ipse</strong></span> <span class='ocrx_word' id='word_1_361' title='bbox 2730 2385 3048 2448; x_wconf 86' lang='lat' dir='ltr'><strong>Zacharias.</strong></span> <span class='ocrx_word' id='word_1_362' title='bbox 3103 2388 3170 2441; x_wconf 92' lang='lat' dir='ltr'><strong>ab</strong></span> <span class='ocrx_word' id='word_1_363' title='bbox 3229 2389 3458 2443; x_wconf 85' lang='lat' dir='ltr'><strong>incenso</strong></span> 
     </span>
    </p>
   </div>
   <div class='ocr_carea' id='block_1_54' title="bbox 1889 2477 3458 2548">
    <p class='ocr_par' dir='ltr' id='par_1_54' title="bbox 1889 2477 3458 2548">
     <span class='ocr_line' id='line_1_54' title="bbox 1889 2477 3458 2548; baseline 0 -14"><span class='ocrx_word' id='word_1_364' title='bbox 1889 2479 2100 2534; x_wconf 81' lang='lat' dir='ltr'><strong>scilicet</strong></span> <span class='ocrx_word' id='word_1_365' title='bbox 2149 2477 2354 2548; x_wconf 90' lang='lat' dir='ltr'><strong>templo</strong></span> <span class='ocrx_word' id='word_1_366' title='bbox 2393 2477 2458 2531; x_wconf 90' lang='lat' dir='ltr'><strong>ad</strong></span> <span class='ocrx_word' id='word_1_367' title='bbox 2511 2478 2629 2547; x_wconf 89' lang='lat' dir='ltr'><strong>ejus</strong></span> <span class='ocrx_word' id='word_1_368' title='bbox 2659 2493 2724 2532; x_wconf 79' lang='lat' dir='ltr'><strong>ex</strong></span> <span class='ocrx_word' id='word_1_369' title='bbox 2761 2477 2906 2531; x_wconf 88' lang='lat' dir='ltr'><strong>Darii</strong></span> <span class='ocrx_word' id='word_1_370' title='bbox 2939 2477 3098 2533; x_wconf 86' lang='lat' dir='ltr'><strong>venia</strong></span> <span class='ocrx_word' id='word_1_371' title='bbox 3151 2480 3458 2547; x_wconf 74' lang='lat' dir='ltr'><strong>reparatio-</strong></span> 
     </span>
    </p>
   </div>
   <div class='ocr_carea' id='block_1_55' title="bbox 1883 2567 3540 2641">
    <p class='ocr_par' dir='ltr' id='par_1_55' title="bbox 1883 2567 3540 2641">
     <span class='ocr_line' id='line_1_55' title="bbox 1883 2567 3540 2641; baseline -0.001 -14"><span class='ocrx_word' id='word_1_372' title='bbox 1883 2588 2027 2627; x_wconf 89' lang='lat' dir='ltr'><strong>nem.</strong></span> <span class='ocrx_word' id='word_1_373' title='bbox 2061 2571 2178 2626; x_wconf 83' lang='lat' dir='ltr'><strong>Non</strong></span> <span class='ocrx_word' id='word_1_374' title='bbox 2207 2571 2371 2641; x_wconf 90' lang='lat' dir='ltr'><strong>igitur</strong></span> <span class='ocrx_word' id='word_1_375' title='bbox 2396 2570 2628 2633; x_wconf 80' lang='lat' dir='ltr'><strong>Notbus,</strong></span> <span class='ocrx_word' id='word_1_376' title='bbox 2660 2567 2751 2637; x_wconf 90' lang='lat' dir='ltr'><strong>qui</strong></span> <span class='ocrx_word' id='word_1_377' title='bbox 2787 2578 2908 2638; x_wconf 91' lang='lat' dir='ltr'><strong>post</strong></span> <span class='ocrx_word' id='word_1_378' title='bbox 2933 2585 3108 2623; x_wconf 92' lang='lat' dir='ltr'><strong>annos</strong></span> <span class='ocrx_word' id='word_1_379' title='bbox 3137 2571 3207 2624; x_wconf 85' lang='lat'><strong>95</strong></span> <span class='ocrx_word' id='word_1_380' title='bbox 3227 2573 3444 2626; x_wconf 72' lang='lat' dir='ltr'><strong>demum</strong></span> <span class='ocrx_word' id='word_1_381' title='bbox 3517 2610 3540 2638; x_wconf 59' lang='grc' dir='ltr'><em>κ</em></span> 
     </span>
    </p>
   </div>
   <div class='ocr_carea' id='block_1_56' title="bbox 1883 2661 3519 2739">
    <p class='ocr_par' dir='ltr' id='par_1_56' title="bbox 1883 2661 3519 2739">
     <span class='ocr_line' id='line_1_56' title="bbox 1883 2661 3519 2739; baseline 0.001 -21"><span class='ocrx_word' id='word_1_382' title='bbox 1883 2665 2146 2733; x_wconf 85' lang='lat' dir='ltr'><strong>regnavit,</strong></span> <span class='ocrx_word' id='word_1_383' title='bbox 2181 2661 2277 2718; x_wconf 88' lang='lat' dir='ltr'><strong>sed</strong></span> <span class='ocrx_word' id='word_1_384' title='bbox 2315 2661 2637 2733; x_wconf 82' lang='lat' dir='ltr'><strong>ilystaspida</strong></span> <span class='ocrx_word' id='word_1_385' title='bbox 2672 2663 2890 2726; x_wconf 88' lang='lat' dir='ltr'><strong>Darius,</strong></span> <span class='ocrx_word' id='word_1_386' title='bbox 2944 2665 3036 2730; x_wconf 93' lang='lat' dir='ltr'><strong>qui</strong></span> <span class='ocrx_word' id='word_1_387' title='bbox 3082 2663 3336 2734; x_wconf 79' lang='lat' dir='ltr'><strong>Cambysi</strong></span> <span class='ocrx_word' id='word_1_388' title='bbox 3397 2665 3450 2720; x_wconf 89' lang='lat' dir='ltr'><strong>in</strong></span> <span class='ocrx_word' id='word_1_389' title='bbox 3511 2711 3519 2739; x_wconf 52' lang='grc' dir='ltr'><strong>ι</strong></span> 
     </span>
    </p>
   </div>
   <div class='ocr_carea' id='block_1_57' title="bbox 1889 2755 3458 2826">
    <p class='ocr_par' dir='ltr' id='par_1_57' title="bbox 1889 2755 3458 2826">
     <span class='ocr_line' id='line_1_57' title="bbox 1889 2755 3458 2826; baseline 0.001 -16"><span class='ocrx_word' id='word_1_390' title='bbox 1889 2757 2180 2810; x_wconf 82' lang='lat' dir='ltr'><strong>Persarum</strong></span> <span class='ocrx_word' id='word_1_391' title='bbox 2237 2769 2402 2822; x_wconf 87' lang='lat' dir='ltr'><strong>regno</strong></span> <span class='ocrx_word' id='word_1_392' title='bbox 2456 2755 2745 2820; x_wconf 85' lang='lat' dir='ltr'><strong>successit,</strong></span> <span class='ocrx_word' id='word_1_393' title='bbox 2799 2755 2890 2810; x_wconf 90' lang='lat' dir='ltr'><strong>ille</strong></span> <span class='ocrx_word' id='word_1_394' title='bbox 2922 2764 3027 2820; x_wconf 88' lang='lat' dir='ltr'><strong>est,</strong></span> <span class='ocrx_word' id='word_1_395' title='bbox 3086 2757 3178 2826; x_wconf 88' lang='lat' dir='ltr'><strong>qui</strong></span> <span class='ocrx_word' id='word_1_396' title='bbox 3231 2758 3458 2826; x_wconf 85' lang='lat' dir='ltr'><strong>captivi-</strong></span> 
     </span>
    </p>
   </div>
   <div class='ocr_carea' id='block_1_58' title="bbox 1885 2835 3453 2918">
    <p class='ocr_par' dir='ltr' id='par_1_58' title="bbox 1885 2835 3453 2918">
     <span class='ocr_line' id='line_1_58' title="bbox 1885 2835 3453 2918; baseline 0.003 -16"><span class='ocrx_word' id='word_1_397' title='bbox 1885 2858 2053 2903; x_wconf 86' lang='lat' dir='ltr'><strong>tatem</strong></span> <span class='ocrx_word' id='word_1_398' title='bbox 2095 2848 2376 2904; x_wconf 82' lang='lat' dir='ltr'><strong>Judaicam</strong></span> <span class='ocrx_word' id='word_1_399' title='bbox 2407 2849 2590 2902; x_wconf 88' lang='lat' dir='ltr'><strong>solvit.</strong></span> <span class='ocrx_word' id='word_1_400' title='bbox 2627 2849 2744 2903; x_wconf 88' lang='lat' dir='ltr'><strong>Alia</strong></span> <span class='ocrx_word' id='word_1_401' title='bbox 2814 2850 2866 2903; x_wconf 88' lang='lat' dir='ltr'><strong>id</strong></span> <span class='ocrx_word' id='word_1_402' title='bbox 2914 2835 3086 2918; x_wconf 61' lang='lat' dir='ltr'><strong>genus</strong></span> <span class='ocrx_word' id='word_1_403' title='bbox 3127 2862 3453 2917; x_wconf 84' lang='lat' dir='ltr'><strong>argumenta</strong></span> 
     </span>
    </p>
   </div>
   <div class='ocr_carea' id='block_1_59' title="bbox 1883 2939 3456 3013">
    <p class='ocr_par' dir='ltr' id='par_1_59' title="bbox 1883 2939 3456 3013">
     <span class='ocr_line' id='line_1_59' title="bbox 1883 2939 3456 3013; baseline 0.001 -18"><span class='ocrx_word' id='word_1_404' title='bbox 1883 2943 2025 3011; x_wconf 88' lang='lat' dir='ltr'><strong>apud</strong></span> <span class='ocrx_word' id='word_1_405' title='bbox 2062 2943 2195 2996; x_wconf 87' lang='lat' dir='ltr'><strong>alios</strong></span> <span class='ocrx_word' id='word_1_406' title='bbox 2222 2941 2451 2997; x_wconf 91' lang='lat' dir='ltr'><strong>recolas.</strong></span> <span class='ocrx_word' id='word_1_407' title='bbox 2522 2939 2689 2995; x_wconf 79' lang='lat' dir='ltr'><strong>Nobis</strong></span> <span class='ocrx_word' id='word_1_408' title='bbox 2749 2951 2834 2996; x_wconf 88' lang='lat' dir='ltr'><strong>est</strong></span> <span class='ocrx_word' id='word_1_409' title='bbox 2889 2943 3086 2996; x_wconf 91' lang='lat' dir='ltr'><strong>iterum</strong></span> <span class='ocrx_word' id='word_1_410' title='bbox 3140 2944 3456 3013; x_wconf 84' lang='lat' dir='ltr'><strong>castiganda</strong></span> 
     </span>
    </p>
   </div>
   <div class='ocr_carea' id='block_1_60' title="bbox 1885 3031 3458 3104">
    <p class='ocr_par' dir='ltr' id='par_1_60' title="bbox 1885 3031 3458 3104">
     <span class='ocr_line' id='line_1_60' title="bbox 1885 3031 3458 3104; baseline 0.001 -17"><span class='ocrx_word' id='word_1_411' title='bbox 1885 3032 2148 3103; x_wconf 85' lang='lat' dir='ltr'><strong>Scaligeri</strong></span> <span class='ocrx_word' id='word_1_412' title='bbox 2185 3031 2510 3087; x_wconf 81' lang='lat' dir='ltr'><strong>confidentia</strong></span> <span class='ocrx_word' id='word_1_413' title='bbox 2543 3074 2558 3099; x_wconf 93' lang='lat'><strong>,</strong></span> <span class='ocrx_word' id='word_1_414' title='bbox 2589 3033 2680 3101; x_wconf 89' lang='lat' dir='ltr'><strong>qui</strong></span> <span class='ocrx_word' id='word_1_415' title='bbox 2736 3034 2886 3088; x_wconf 90' lang='lat' dir='ltr'><strong>nullo</strong></span> <span class='ocrx_word' id='word_1_416' title='bbox 2911 3042 3158 3100; x_wconf 90' lang='lat' dir='ltr'><strong>auctore,</strong></span> <span class='ocrx_word' id='word_1_417' title='bbox 3196 3035 3458 3104; x_wconf 87' lang='lat' dir='ltr'><strong>nulloque</strong></span> 
     </span>
    </p>
   </div>
   <div class='ocr_carea' id='block_1_61' title="bbox 201 3116 3459 3199">
    <p class='ocr_par' dir='ltr' id='par_1_61' title="bbox 201 3116 3459 3199">
     <span class='ocr_line' id='line_1_61' title="bbox 201 3116 3459 3199; baseline 0.004 -32"><span class='ocrx_word' id='word_1_418' title='bbox 201 3116 385 3184; x_wconf 86' lang='lat' dir='ltr'><strong>risque</strong></span> <span class='ocrx_word' id='word_1_419' title='bbox 410 3118 531 3173; x_wconf 89' lang='lat' dir='ltr'><strong>aliis</strong></span> <span class='ocrx_word' id='word_1_420' title='bbox 560 3133 694 3174; x_wconf 88' lang='lat' dir='ltr'><strong>mss.</strong></span> <span class='ocrx_word' id='word_1_421' title='bbox 742 3129 866 3189; x_wconf 87' lang='lat' dir='ltr'><strong>post</strong></span> <span class='ocrx_word' id='word_1_422' title='bbox 899 3122 1060 3177; x_wconf 71' lang='lat' dir='ltr'><strong>&#39;duoa</strong></span> <span class='ocrx_word' id='word_1_423' title='bbox 1117 3139 1310 3189; x_wconf 88' lang='lat' dir='ltr'><strong>annos,</strong></span> <span class='ocrx_word' id='word_1_424' title='bbox 1359 3127 1600 3195; x_wconf 71' lang='lat' dir='ltr'><strong>Scaliger</strong></span> <span class='ocrx_word' id='word_1_425' title='bbox 1662 3141 1777 3199; x_wconf 87' lang='lat' dir='ltr'><strong>post</strong></span> <span class='ocrx_word' id='word_1_426' title='bbox 1809 3130 1849 3188; x_wconf 90' lang='lat' dir='ltr'><strong>C</strong></span> <span class='ocrx_word' id='word_1_427' title='bbox 1886 3133 2041 3186; x_wconf 85' lang='lat' dir='ltr'><strong>teste,</strong></span> <span class='ocrx_word' id='word_1_428' title='bbox 2102 3123 2454 3192; x_wconf 80' lang='lat' dir='ltr'><strong>pronuntiat,</strong></span> <span class='ocrx_word' id='word_1_429' title='bbox 2511 3122 2901 3194; x_wconf 84' lang='lat' dir='ltr'><strong>Hieronymum</strong></span> <span class='ocrx_word' id='word_1_430' title='bbox 2943 3139 3008 3178; x_wconf 86' lang='lat' dir='ltr'><strong>ex</strong></span> <span class='ocrx_word' id='word_1_431' title='bbox 3062 3126 3161 3179; x_wconf 88' lang='lat' dir='ltr'><strong>bac</strong></span> <span class='ocrx_word' id='word_1_432' title='bbox 3201 3127 3459 3196; x_wconf 88' lang='lat' dir='ltr'><strong>pericope</strong></span> 
     </span>
    </p>
   </div>
   <div class='ocr_carea' id='block_1_62' title="bbox 198 3207 1767 3287">
    <p class='ocr_par' dir='ltr' id='par_1_62' title="bbox 198 3207 1767 3287">
     <span class='ocr_line' id='line_1_62' title="bbox 198 3207 1767 3287; baseline 0.007 -27"><span class='ocrx_word' id='word_1_433' title='bbox 198 3215 321 3262; x_wconf 89' lang='lat' dir='ltr'><strong>octo</strong></span> <span class='ocrx_word' id='word_1_434' title='bbox 354 3207 589 3279; x_wconf 87' lang='lat' dir='ltr'><strong>integros</strong></span> <span class='ocrx_word' id='word_1_435' title='bbox 623 3210 825 3266; x_wconf 83' lang='lat' dir='ltr'><strong>ditl&#39;ert.</strong></span> <span class='ocrx_word' id='word_1_436' title='bbox 854 3212 928 3268; x_wconf 91' lang='lat' dir='ltr'><strong>De</strong></span> <span class='ocrx_word' id='word_1_437' title='bbox 976 3215 1186 3270; x_wconf 85' lang='lat' dir='ltr'><strong>colonia</strong></span> <span class='ocrx_word' id='word_1_438' title='bbox 1233 3217 1347 3285; x_wconf 87' lang='lat' dir='ltr'><strong>ipsa</strong></span> <span class='ocrx_word' id='word_1_439' title='bbox 1395 3218 1719 3275; x_wconf 66' lang='lat' dir='ltr'><strong>Dicmarcnia</strong></span> <span class='ocrx_word' id='word_1_440' title='bbox 1751 3263 1767 3287; x_wconf 84' lang='lat'><strong>,</strong></span> 
     </span>
    </p>
   </div>
   <div class='ocr_carea' id='block_1_63' title="bbox 203 3298 1766 3378">
    <p class='ocr_par' dir='ltr' id='par_1_63' title="bbox 203 3298 1766 3378">
     <span class='ocr_line' id='line_1_63' title="bbox 203 3298 1766 3378; baseline 0.012 -27"><span class='ocrx_word' id='word_1_441' title='bbox 203 3313 360 3366; x_wconf 91' lang='lat' dir='ltr'><strong>quam</strong></span> <span class='ocrx_word' id='word_1_442' title='bbox 387 3298 553 3355; x_wconf 90' lang='lat' dir='ltr'><strong>Samii</strong></span> <span class='ocrx_word' id='word_1_443' title='bbox 581 3301 883 3374; x_wconf 83' lang='lat' dir='ltr'><strong>Polycratis</strong></span> <span class='ocrx_word' id='word_1_444' title='bbox 914 3307 1253 3377; x_wconf 86' lang='lat' dir='ltr'><strong>tyrannidem</strong></span> <span class='ocrx_word' id='word_1_445' title='bbox 1309 3309 1578 3378; x_wconf 78' lang='lat' dir='ltr'><strong>fugientes</strong></span> <span class='ocrx_word' id='word_1_446' title='bbox 1629 3329 1766 3368; x_wconf 76' lang='lat' dir='ltr'><strong>con-</strong></span> 
     </span>
    </p>
   </div>
   <div class='ocr_carea' id='block_1_64' title="bbox 201 3391 1768 3476">
    <p class='ocr_par' dir='ltr' id='par_1_64' title="bbox 201 3391 1768 3476">
     <span class='ocr_line' id='line_1_64' title="bbox 201 3391 1768 3476; baseline 0.01 -31"><span class='ocrx_word' id='word_1_447' title='bbox 201 3391 459 3457; x_wconf 84' lang='lat' dir='ltr'><strong>diderint,</strong></span> <span class='ocrx_word' id='word_1_448' title='bbox 493 3395 704 3464; x_wconf 84' lang='lat' dir='ltr'><strong>gemina</strong></span> <span class='ocrx_word' id='word_1_449' title='bbox 747 3397 1073 3455; x_wconf 80' lang='lat' dir='ltr'><strong>Ettsebianis</strong></span> <span class='ocrx_word' id='word_1_450' title='bbox 1112 3400 1275 3456; x_wconf 85' lang='lat' dir='ltr'><strong>habet</strong></span> <span class='ocrx_word' id='word_1_451' title='bbox 1322 3401 1584 3474; x_wconf 88' lang='lat' dir='ltr'><strong>Stephani</strong></span> <span class='ocrx_word' id='word_1_452' title='bbox 1644 3406 1768 3476; x_wconf 83' lang='lat' dir='ltr'><strong>Epi-</strong></span> 
     </span>
    </p>
   </div>
   <div class='ocr_carea' id='block_1_65' title="bbox 201 3492 1769 3571">
    <p class='ocr_par' dir='ltr' id='par_1_65' title="bbox 201 3492 1769 3571">
     <span class='ocr_line' id='line_1_65' title="bbox 201 3492 1769 3571; baseline 0.01 -28"><span class='ocrx_word' id='word_1_453' title='bbox 201 3497 366 3552; x_wconf 86' lang='lat' dir='ltr'><strong>tome.</strong></span> <span class='ocrx_word' id='word_1_454' title='bbox 400 3492 758 3562; x_wconf 65' lang='grc' dir='ltr'><strong>Δικαιάρχεια</strong></span> <span class='ocrx_word' id='word_1_455' title='bbox 789 3495 944 3560; x_wconf 78' lang='grc' dir='ltr'><strong>πόλις</strong></span> <span class='ocrx_word' id='word_1_456' title='bbox 984 3498 1237 3562; x_wconf 78' lang='grc' dir='ltr'><strong>Ἰταλίας.</strong></span> <span class='ocrx_word' id='word_1_457' title='bbox 1264 3500 1486 3569; x_wconf 79' lang='grc' dir='ltr'><strong>Ταύτην</strong></span> <span class='ocrx_word' id='word_1_458' title='bbox 1503 3503 1560 3556; x_wconf 65' lang='grc' dir='ltr'><strong>δέ</strong></span> <span class='ocrx_word' id='word_1_459' title='bbox 1602 3522 1769 3571; x_wconf 74' lang='grc' dir='ltr'>φασιν</span> 
     </span>
    </p>
   </div>
   <div class='ocr_carea' id='block_1_66' title="bbox 201 3580 1772 3662">
    <p class='ocr_par' dir='ltr' id='par_1_66' title="bbox 201 3580 1772 3662">
     <span class='ocr_line' id='line_1_66' title="bbox 201 3580 1772 3662; baseline 0.01 -30"><span class='ocrx_word' id='word_1_460' title='bbox 201 3580 500 3647; x_wconf 69' lang='grc' dir='ltr'><strong>κεκλῆσθαι</strong></span> <span class='ocrx_word' id='word_1_461' title='bbox 540 3583 849 3647; x_wconf 83' lang='grc' dir='ltr'><strong>Ποτιόλους.</strong></span> <span class='ocrx_word' id='word_1_462' title='bbox 903 3587 1038 3642; x_wconf 87' lang='lat' dir='ltr'><strong>Vide</strong></span> <span class='ocrx_word' id='word_1_463' title='bbox 1105 3603 1160 3644; x_wconf 90' lang='lat' dir='ltr'><strong>et</strong></span> <span class='ocrx_word' id='word_1_464' title='bbox 1218 3590 1508 3646; x_wconf 87' lang='lat' dir='ltr'><strong>Cellarium</strong></span> <span class='ocrx_word' id='word_1_465' title='bbox 1564 3593 1656 3647; x_wconf 92' lang='lat' dir='ltr'><strong>lib.</strong></span> <span class='ocrx_word' id='word_1_466' title='bbox 1709 3611 1772 3662; x_wconf 82' lang='lat' dir='ltr'><strong>ll,</strong></span> 
     </span>
    </p>
   </div>
   <div class='ocr_carea' id='block_1_67' title="bbox 201 3672 1061 3740">
    <p class='ocr_par' dir='ltr' id='par_1_67' title="bbox 201 3672 1061 3740">
     <span class='ocr_line' id='line_1_67' title="bbox 201 3672 1061 3740; baseline 0.016 -16"><span class='ocrx_word' id='word_1_467' title='bbox 201 3686 256 3740; x_wconf 75' lang='grc' dir='ltr'><strong>ι).</strong></span> <span class='ocrx_word' id='word_1_468' title='bbox 309 3672 435 3727; x_wconf 80' lang='lat'><strong>673.</strong></span> <span class='ocrx_word' id='word_1_469' title='bbox 1053 3735 1061 3738; x_wconf 91' lang='lat'><em>_</em></span> 
     </span>
    </p>
   </div>
   <div class='ocr_carea' id='block_1_68' title="bbox 272 3762 1773 3846">
    <p class='ocr_par' dir='ltr' id='par_1_68' title="bbox 272 3762 1773 3846">
     <span class='ocr_line' id='line_1_68' title="bbox 272 3762 1773 3846; baseline 0.011 -28"><span class='ocrx_word' id='word_1_470' title='bbox 272 3762 438 3820; x_wconf 88' lang='lat' dir='ltr'><strong>Idem.</strong></span> <span class='ocrx_word' id='word_1_471' title='bbox 483 3764 832 3837; x_wconf 76' lang='lat' dir='ltr'><strong>Pythagoras.</strong></span> <span class='ocrx_word' id='word_1_472' title='bbox 869 3769 950 3824; x_wconf 87' lang='lat' dir='ltr'><strong>Ad</strong></span> <span class='ocrx_word' id='word_1_473' title='bbox 984 3772 1217 3840; x_wconf 90' lang='lat' dir='ltr'><strong>primum</strong></span> <span class='ocrx_word' id='word_1_474' title='bbox 1245 3788 1418 3844; x_wconf 87' lang='lat' dir='ltr'><strong>usque</strong></span> <span class='ocrx_word' id='word_1_475' title='bbox 1441 3777 1644 3846; x_wconf 82' lang='lat' dir='ltr'><strong>olymp.</strong></span> <span class='ocrx_word' id='word_1_476' title='bbox 1702 3779 1773 3836; x_wconf 84' lang='lat'><strong>65</strong></span> 
     </span>
    </p>
   </div>
   <div class='ocr_carea' id='block_1_69' title="bbox 200 3856 1770 3937">
    <p class='ocr_par' dir='ltr' id='par_1_69' title="bbox 200 3856 1770 3937">
     <span class='ocr_line' id='line_1_69' title="bbox 200 3856 1770 3937; baseline 0.011 -31"><span class='ocrx_word' id='word_1_477' title='bbox 200 3871 398 3908; x_wconf 74' lang='lat' dir='ltr'><strong>artuum</strong></span> <span class='ocrx_word' id='word_1_478' title='bbox 419 3856 598 3910; x_wconf 85' lang='lat' dir='ltr'><strong>differt</strong></span> <span class='ocrx_word' id='word_1_479' title='bbox 630 3857 951 3932; x_wconf 60' lang='lat' dir='ltr'><strong>Pythagora;</strong></span> <span class='ocrx_word' id='word_1_480' title='bbox 985 3864 1314 3917; x_wconf 86' lang='lat' dir='ltr'><strong>mentionem</strong></span> <span class='ocrx_word' id='word_1_481' title='bbox 1349 3864 1610 3937; x_wconf 72' lang='lat' dir='ltr'><strong>Scaliger.</strong></span> <span class='ocrx_word' id='word_1_482' title='bbox 1644 3869 1770 3924; x_wconf 74' lang='lat' dir='ltr'><strong>Cm-</strong></span> 
     </span>
    </p>
   </div>
   <div class='ocr_carea' id='block_1_70' title="bbox 201 3949 1765 4029">
    <p class='ocr_par' dir='ltr' id='par_1_70' title="bbox 201 3949 1765 4029">
     <span class='ocr_line' id='line_1_70' title="bbox 201 3949 1765 4029; baseline 0.014 -35"><span class='ocrx_word' id='word_1_483' title='bbox 201 3949 348 4016; x_wconf 80' lang='lat' dir='ltr'><strong>pisse</strong></span> <span class='ocrx_word' id='word_1_484' title='bbox 391 3955 571 4002; x_wconf 82' lang='lat' dir='ltr'><strong>autem</strong></span> <span class='ocrx_word' id='word_1_485' title='bbox 631 3963 756 4004; x_wconf 90' lang='lat' dir='ltr'><strong>eum</strong></span> <span class='ocrx_word' id='word_1_486' title='bbox 815 3949 1190 4010; x_wconf 81' lang='lat' dir='ltr'><strong>inclarescere</strong></span> <span class='ocrx_word' id='word_1_487' title='bbox 1247 3957 1392 4011; x_wconf 88' lang='lat' dir='ltr'><strong>circa</strong></span> <span class='ocrx_word' id='word_1_488' title='bbox 1440 3959 1645 4029; x_wconf 88' lang='lat' dir='ltr'><strong>olymp.</strong></span> <span class='ocrx_word' id='word_1_489' title='bbox 1694 3961 1765 4016; x_wconf 72' lang='lat'><strong>62</strong></span> 
     </span>
    </p>
   </div>
   <div class='ocr_carea' id='block_1_71' title="bbox 203 4039 1766 4118">
    <p class='ocr_par' dir='ltr' id='par_1_71' title="bbox 203 4039 1766 4118">
     <span class='ocr_line' id='line_1_71' title="bbox 203 4039 1766 4118; baseline 0.008 -27"><span class='ocrx_word' id='word_1_490' title='bbox 203 4045 431 4092; x_wconf 89' lang='lat' dir='ltr'><strong>testatur</strong></span> <span class='ocrx_word' id='word_1_491' title='bbox 450 4047 504 4092; x_wconf 90' lang='lat' dir='ltr'><strong>et</strong></span> <span class='ocrx_word' id='word_1_492' title='bbox 532 4039 786 4096; x_wconf 76' lang='lat' dir='ltr'><strong>Clemens</strong></span> <span class='ocrx_word' id='word_1_493' title='bbox 818 4041 1080 4099; x_wconf 88' lang='lat' dir='ltr'><strong>Stromat.</strong></span> <span class='ocrx_word' id='word_1_494' title='bbox 1111 4060 1150 4109; x_wconf 84' lang='grc' dir='ltr'><strong>ι,</strong></span> <span class='ocrx_word' id='word_1_495' title='bbox 1182 4062 1343 4116; x_wconf 89' lang='lat' dir='ltr'><strong>quem</strong></span> <span class='ocrx_word' id='word_1_496' title='bbox 1399 4053 1603 4118; x_wconf 86' lang='lat' dir='ltr'><strong>passim</strong></span> <span class='ocrx_word' id='word_1_497' title='bbox 1656 4051 1766 4105; x_wconf 85' lang='lat' dir='ltr'><strong>En-</strong></span> 
     </span>
    </p>
   </div>
   <div class='ocr_carea' id='block_1_72' title="bbox 201 4125 1769 4200">
    <p class='ocr_par' dir='ltr' id='par_1_72' title="bbox 201 4125 1769 4200">
     <span class='ocr_line' id='line_1_72' title="bbox 201 4125 1769 4200; baseline 0.012 -21"><span class='ocrx_word' id='word_1_498' title='bbox 201 4125 384 4179; x_wconf 90' lang='lat' dir='ltr'><strong>sebius</strong></span> <span class='ocrx_word' id='word_1_499' title='bbox 414 4125 680 4194; x_wconf 86' lang='lat' dir='ltr'><strong>sequitur.</strong></span> <span class='ocrx_word' id='word_1_500' title='bbox 716 4127 773 4182; x_wconf 91' lang='lat' dir='ltr'><strong>lo</strong></span> <span class='ocrx_word' id='word_1_501' title='bbox 819 4129 1136 4200; x_wconf 14' lang='lat' dir='ltr'><strong>.Pontaceua</strong></span> <span class='ocrx_word' id='word_1_502' title='bbox 1204 4136 1332 4191; x_wconf 88' lang='lat' dir='ltr'><strong>edit.</strong></span> <span class='ocrx_word' id='word_1_503' title='bbox 1393 4139 1575 4196; x_wconf 89' lang='lat' dir='ltr'><strong>minus</strong></span> <span class='ocrx_word' id='word_1_504' title='bbox 1623 4153 1769 4198; x_wconf 89' lang='lat' dir='ltr'><strong>recte</strong></span> 
     </span>
    </p>
   </div>
   <div class='ocr_carea' id='block_1_73' title="bbox 197 4217 1766 4294">
    <p class='ocr_par' dir='ltr' id='par_1_73' title="bbox 197 4217 1766 4294">
     <span class='ocr_line' id='line_1_73' title="bbox 197 4217 1766 4294; baseline 0.013 -26"><span class='ocrx_word' id='word_1_505' title='bbox 197 4225 316 4270; x_wconf 85' lang='lat' dir='ltr'><strong>erat</strong></span> <span class='ocrx_word' id='word_1_506' title='bbox 357 4217 602 4287; x_wconf 79' lang='lat' dir='ltr'><strong>physicus</strong></span> <span class='ocrx_word' id='word_1_507' title='bbox 655 4221 833 4275; x_wconf 82' lang='lat' dir='ltr'><strong>clarus</strong></span> <span class='ocrx_word' id='word_1_508' title='bbox 903 4223 1260 4294; x_wconf 85' lang='lat' dir='ltr'><strong>philosophus.</strong></span> <span class='ocrx_word' id='word_1_509' title='bbox 1313 4227 1447 4284; x_wconf 85' lang='lat' dir='ltr'><strong>Vide</strong></span> <span class='ocrx_word' id='word_1_510' title='bbox 1493 4231 1766 4289; x_wconf 89' lang='lat' dir='ltr'><strong>Laertium</strong></span> 
     </span>
    </p>
   </div>
   <div class='ocr_carea' id='block_1_74' title="bbox 200 4312 583 4374">
    <p class='ocr_par' dir='ltr' id='par_1_74' title="bbox 200 4312 583 4374">
     <span class='ocr_line' id='line_1_74' title="bbox 200 4312 583 4374; baseline 0.021 -9"><span class='ocrx_word' id='word_1_511' title='bbox 200 4312 292 4365; x_wconf 93' lang='lat' dir='ltr'><strong>lib.</strong></span> <span class='ocrx_word' id='word_1_512' title='bbox 319 4326 435 4374; x_wconf 81' lang='lat' dir='ltr'><strong>vui,</strong></span> <span class='ocrx_word' id='word_1_513' title='bbox 476 4324 583 4373; x_wconf 92' lang='lat' dir='ltr'><strong>etc.</strong></span> 
     </span>
    </p>
   </div>
   <div class='ocr_carea' id='block_1_75' title="bbox 271 4401 1768 4482">
    <p class='ocr_par' dir='ltr' id='par_1_75' title="bbox 271 4401 1768 4482">
     <span class='ocr_line' id='line_1_75' title="bbox 271 4401 1768 4482; baseline 0.007 -21"><span class='ocrx_word' id='word_1_514' title='bbox 271 4407 438 4466; x_wconf 83' lang='lat' dir='ltr'><strong>Idem.</strong></span> <span class='ocrx_word' id='word_1_515' title='bbox 474 4409 844 4480; x_wconf 80' lang='lat' dir='ltr'><strong>Hypparclttts.</strong></span> <span class='ocrx_word' id='word_1_516' title='bbox 871 4412 1046 4482; x_wconf 89' lang='lat' dir='ltr'><strong>Atque</strong></span> <span class='ocrx_word' id='word_1_517' title='bbox 1074 4413 1174 4469; x_wconf 87' lang='lat' dir='ltr'><strong>hos</strong></span> <span class='ocrx_word' id='word_1_518' title='bbox 1213 4412 1408 4470; x_wconf 84' lang='lat' dir='ltr'><strong>fratres</strong></span> <span class='ocrx_word' id='word_1_519' title='bbox 1433 4453 1449 4479; x_wconf 89' lang='lat'><strong>,</strong></span> <span class='ocrx_word' id='word_1_520' title='bbox 1503 4401 1768 4473; x_wconf 80' lang='lat' dir='ltr'><strong>Pisistrati</strong></span> 
     </span>
    </p>
   </div>
   <div class='ocr_carea' id='block_1_76' title="bbox 1883 3215 3458 3286">
    <p class='ocr_par' dir='ltr' id='par_1_76' title="bbox 1883 3215 3458 3286">
     <span class='ocr_line' id='line_1_76' title="bbox 1883 3215 3458 3286; baseline 0 -14"><span class='ocrx_word' id='word_1_521' title='bbox 1883 3231 1946 3272; x_wconf 90' lang='lat' dir='ltr'><strong>ea</strong></span> <span class='ocrx_word' id='word_1_522' title='bbox 1976 3216 2279 3278; x_wconf 90' lang='lat' dir='ltr'><strong>mutilasse,</strong></span> <span class='ocrx_word' id='word_1_523' title='bbox 2320 3215 2438 3269; x_wconf 89' lang='lat' dir='ltr'><strong>sine</strong></span> <span class='ocrx_word' id='word_1_524' title='bbox 2477 3217 2674 3281; x_wconf 72' lang='lat' dir='ltr'><strong>mnibus</strong></span> <span class='ocrx_word' id='word_1_525' title='bbox 2703 3217 3045 3286; x_wconf 74' lang='grc' dir='ltr'><strong>ἐπιχείρημα</strong></span> <span class='ocrx_word' id='word_1_526' title='bbox 3101 3216 3316 3271; x_wconf 86' lang='lat' dir='ltr'><strong>Eusebii</strong></span> <span class='ocrx_word' id='word_1_527' title='bbox 3375 3219 3458 3272; x_wconf 84' lang='lat' dir='ltr'><strong>in-</strong></span> 
     </span>
    </p>
   </div>
   <div class='ocr_carea' id='block_1_77' title="bbox 1885 3309 3459 3380">
    <p class='ocr_par' dir='ltr' id='par_1_77' title="bbox 1885 3309 3459 3380">
     <span class='ocr_line' id='line_1_77' title="bbox 1885 3309 3459 3380; baseline 0.004 -20"><span class='ocrx_word' id='word_1_528' title='bbox 1885 3309 2053 3377; x_wconf 86' lang='lat' dir='ltr'><strong>telligi</strong></span> <span class='ocrx_word' id='word_1_529' title='bbox 2086 3318 2404 3380; x_wconf 89' lang='lat' dir='ltr'><strong>nonpotest.</strong></span> <span class='ocrx_word' id='word_1_530' title='bbox 2435 3324 2544 3378; x_wconf 90' lang='lat' dir='ltr'><strong>quo</strong></span> <span class='ocrx_word' id='word_1_531' title='bbox 2594 3324 2818 3380; x_wconf 81' lang='lat' dir='ltr'><strong>magnas</strong></span> <span class='ocrx_word' id='word_1_532' title='bbox 2846 3311 3017 3364; x_wconf 87' lang='lat' dir='ltr'><strong>moles</strong></span> <span class='ocrx_word' id='word_1_533' title='bbox 3067 3311 3344 3376; x_wconf 75' lang='lat' dir='ltr'><strong>excitavit,</strong></span> <span class='ocrx_word' id='word_1_534' title='bbox 3398 3321 3459 3366; x_wconf 91' lang='lat' dir='ltr'><strong>ut</strong></span> 
     </span>
    </p>
   </div>
   <div class='ocr_carea' id='block_1_78' title="bbox 1888 3399 3460 3460">
    <p class='ocr_par' dir='ltr' id='par_1_78' title="bbox 1888 3399 3460 3460">
     <span class='ocr_line' id='line_1_78' title="bbox 1888 3399 3460 3460; baseline 0.004 -6"><span class='ocrx_word' id='word_1_535' title='bbox 1888 3399 2051 3454; x_wconf 88' lang='lat' dir='ltr'><strong>linem</strong></span> <span class='ocrx_word' id='word_1_536' title='bbox 2082 3415 2214 3456; x_wconf 85' lang='lat' dir='ltr'><strong>ann.</strong></span> <span class='ocrx_word' id='word_1_537' title='bbox 2246 3402 2353 3457; x_wconf 63' lang='grc'><strong>185</strong></span> <span class='ocrx_word' id='word_1_538' title='bbox 2379 3402 2535 3455; x_wconf 90' lang='lat' dir='ltr'><strong>initio</strong></span> <span class='ocrx_word' id='word_1_539' title='bbox 2591 3401 2822 3454; x_wconf 83' lang='lat' dir='ltr'><strong>Herodis</strong></span> <span class='ocrx_word' id='word_1_540' title='bbox 2875 3401 3215 3458; x_wconf 86' lang='lat' dir='ltr'><strong>terminaret.</strong></span> <span class='ocrx_word' id='word_1_541' title='bbox 3271 3405 3460 3460; x_wconf 85' lang='lat' dir='ltr'><strong>Potest</strong></span> 
     </span>
    </p>
   </div>
   <div class='ocr_carea' id='block_1_79' title="bbox 1883 3493 3444 3562">
    <p class='ocr_par' dir='ltr' id='par_1_79' title="bbox 1883 3493 3444 3562">
     <span class='ocr_line' id='line_1_79' title="bbox 1883 3493 3444 3562; baseline 0 -16"><span class='ocrx_word' id='word_1_542' title='bbox 1883 3493 2164 3547; x_wconf 89' lang='lat' dir='ltr'><strong>enimvero</strong></span> <span class='ocrx_word' id='word_1_543' title='bbox 2185 3494 2298 3547; x_wconf 87' lang='lat' dir='ltr'><strong>sola</strong></span> <span class='ocrx_word' id='word_1_544' title='bbox 2331 3493 2502 3547; x_wconf 57' lang='lat' dir='ltr'><strong>Grani</strong></span> <span class='ocrx_word' id='word_1_545' title='bbox 2535 3501 2715 3548; x_wconf 81' lang='lat' dir='ltr'><strong>textus</strong></span> <span class='ocrx_word' id='word_1_546' title='bbox 2767 3493 2857 3559; x_wconf 89' lang='lat' dir='ltr'><strong>qui</strong></span> <span class='ocrx_word' id='word_1_547' title='bbox 2913 3505 3163 3562; x_wconf 85' lang='lat' dir='ltr'><strong>superest</strong></span> <span class='ocrx_word' id='word_1_548' title='bbox 3221 3509 3444 3561; x_wconf 83' lang='lat' dir='ltr'><strong>compa-</strong></span> 
     </span>
    </p>
   </div>
   <div class='ocr_carea' id='block_1_80' title="bbox 1883 3583 3448 3653">
    <p class='ocr_par' dir='ltr' id='par_1_80' title="bbox 1883 3583 3448 3653">
     <span class='ocr_line' id='line_1_80' title="bbox 1883 3583 3448 3653; baseline 0 -15"><span class='ocrx_word' id='word_1_549' title='bbox 1883 3584 2042 3648; x_wconf 87' lang='lat' dir='ltr'><strong>ratio,</strong></span> <span class='ocrx_word' id='word_1_550' title='bbox 2096 3583 2531 3653; x_wconf 73' lang='lat' dir='ltr'><strong>Hieronymlanm</strong></span> <span class='ocrx_word' id='word_1_551' title='bbox 2600 3583 2865 3636; x_wconf 87' lang='lat' dir='ltr'><strong>versionis</strong></span> <span class='ocrx_word' id='word_1_552' title='bbox 2946 3584 3305 3650; x_wconf 81' lang='lat' dir='ltr'><strong>integritatem</strong></span> <span class='ocrx_word' id='word_1_553' title='bbox 3359 3600 3448 3638; x_wconf 82' lang='lat' dir='ltr'><strong>as-</strong></span> 
     </span>
    </p>
   </div>
   <div class='ocr_carea' id='block_1_81' title="bbox 1881 3671 3455 3737">
    <p class='ocr_par' dir='ltr' id='par_1_81' title="bbox 1881 3671 3455 3737">
     <span class='ocr_line' id='line_1_81' title="bbox 1881 3671 3455 3737; baseline -0.003 -9"><span class='ocrx_word' id='word_1_554' title='bbox 1881 3687 2088 3729; x_wconf 85' lang='lat' dir='ltr'><strong>serere.</strong></span> <span class='ocrx_word' id='word_1_555' title='bbox 2129 3673 2540 3726; x_wconf 82' lang='lat' dir='ltr'><strong>Asseritautem</strong></span> <span class='ocrx_word' id='word_1_556' title='bbox 2593 3687 2658 3724; x_wconf 90' lang='lat' dir='ltr'><strong>eo</strong></span> <span class='ocrx_word' id='word_1_557' title='bbox 2686 3671 2994 3726; x_wconf 87' lang='lat' dir='ltr'><strong>evidentius</strong></span> <span class='ocrx_word' id='word_1_558' title='bbox 3057 3672 3231 3724; x_wconf 87' lang='lat' dir='ltr'><strong>sancti</strong></span> <span class='ocrx_word' id='word_1_559' title='bbox 3285 3671 3455 3737; x_wconf 76' lang='lat' dir='ltr'><strong>ipsius</strong></span> 
     </span>
    </p>
   </div>
   <div class='ocr_carea' id='block_1_82' title="bbox 1891 3761 3454 3833">
    <p class='ocr_par' dir='ltr' id='par_1_82' title="bbox 1891 3761 3454 3833">
     <span class='ocr_line' id='line_1_82' title="bbox 1891 3761 3454 3833; baseline -0.002 -15"><span class='ocrx_word' id='word_1_560' title='bbox 1891 3763 2208 3833; x_wconf 87' lang='lat' dir='ltr'><strong>interpretis</strong></span> <span class='ocrx_word' id='word_1_561' title='bbox 2252 3763 2411 3817; x_wconf 86' lang='lat' dir='ltr'><strong>locus</strong></span> <span class='ocrx_word' id='word_1_562' title='bbox 2455 3763 2508 3815; x_wconf 92' lang='lat' dir='ltr'><strong>in</strong></span> <span class='ocrx_word' id='word_1_563' title='bbox 2563 3761 2878 3832; x_wconf 67' lang='lat' dir='ltr'><strong>prmfatione</strong></span> <span class='ocrx_word' id='word_1_564' title='bbox 2920 3762 3454 3816; x_wconf 87' lang='lat' dir='ltr'><strong>Commentariorum</strong></span> 
     </span>
    </p>
   </div>
   <div class='ocr_carea' id='block_1_83' title="bbox 1884 3836 3454 3924">
    <p class='ocr_par' dir='ltr' id='par_1_83' title="bbox 1884 3836 3454 3924">
     <span class='ocr_line' id='line_1_83' title="bbox 1884 3836 3454 3924; baseline -0.001 -16"><span class='ocrx_word' id='word_1_565' title='bbox 1884 3855 1940 3908; x_wconf 94' lang='lat' dir='ltr'><strong>in</strong></span> <span class='ocrx_word' id='word_1_566' title='bbox 1971 3836 2224 3924; x_wconf 61' lang='lat' dir='ltr'><strong>Aggmum</strong></span> <span class='ocrx_word' id='word_1_567' title='bbox 2254 3862 2402 3908; x_wconf 92' lang='lat' dir='ltr'><strong>tomo</strong></span> <span class='ocrx_word' id='word_1_568' title='bbox 2433 3868 2659 3924; x_wconf 90' lang='lat' dir='ltr'><strong>operum</strong></span> <span class='ocrx_word' id='word_1_569' title='bbox 2709 3853 2829 3921; x_wconf 87' lang='lat' dir='ltr'><strong>ejus</strong></span> <span class='ocrx_word' id='word_1_570' title='bbox 2896 3853 2983 3916; x_wconf 83' lang='lat' dir='ltr'><strong>Vl,</strong></span> <span class='ocrx_word' id='word_1_571' title='bbox 3015 3870 3068 3923; x_wconf 92' lang='lat' dir='ltr'><strong>p.</strong></span> <span class='ocrx_word' id='word_1_572' title='bbox 3119 3854 3223 3908; x_wconf 77' lang='lat'><strong>735</strong></span> <span class='ocrx_word' id='word_1_573' title='bbox 3253 3873 3267 3908; x_wconf 88' lang='lat'><strong>:</strong></span> <span class='ocrx_word' id='word_1_574' title='bbox 3303 3863 3454 3910; x_wconf 91' lang='lat' dir='ltr'><strong>certo</strong></span> 
     </span>
    </p>
   </div>
   <div class='ocr_carea' id='block_1_84' title="bbox 1882 3947 3454 4016">
    <p class='ocr_par' dir='ltr' id='par_1_84' title="bbox 1882 3947 3454 4016">
     <span class='ocr_line' id='line_1_84' title="bbox 1882 3947 3454 4016; baseline -0.002 -14"><span class='ocrx_word' id='word_1_575' title='bbox 1882 3948 2087 4004; x_wconf 89' lang='lat' dir='ltr'><strong>certius</strong></span> <span class='ocrx_word' id='word_1_576' title='bbox 2119 3963 2184 4002; x_wconf 81' lang='lat' dir='ltr'><strong>ex</strong></span> <span class='ocrx_word' id='word_1_577' title='bbox 2219 3948 2323 4004; x_wconf 88' lang='lat' dir='ltr'><strong>isto</strong></span> <span class='ocrx_word' id='word_1_578' title='bbox 2348 3947 2656 4004; x_wconf 86' lang='lat' dir='ltr'><strong>Eusebiano</strong></span> <span class='ocrx_word' id='word_1_579' title='bbox 2683 3961 3000 4016; x_wconf 82' lang='lat' dir='ltr'><strong>expressus,</strong></span> <span class='ocrx_word' id='word_1_580' title='bbox 3063 3963 3224 4016; x_wconf 86' lang='lat' dir='ltr'><strong>quem</strong></span> <span class='ocrx_word' id='word_1_581' title='bbox 3277 3962 3454 4016; x_wconf 82' lang='lat' dir='ltr'><strong>opera:</strong></span> 
     </span>
    </p>
   </div>
   <div class='ocr_carea' id='block_1_85' title="bbox 1884 4039 3449 4114">
    <p class='ocr_par' dir='ltr' id='par_1_85' title="bbox 1884 4039 3449 4114">
     <span class='ocr_line' id='line_1_85' title="bbox 1884 4039 3449 4114; baseline -0.001 -19"><span class='ocrx_word' id='word_1_582' title='bbox 1884 4041 2117 4112; x_wconf 88' lang='lat' dir='ltr'><strong>pretium</strong></span> <span class='ocrx_word' id='word_1_583' title='bbox 2149 4050 2232 4114; x_wconf 74' lang='lat' dir='ltr'><strong>est</strong></span> <span class='ocrx_word' id='word_1_584' title='bbox 2263 4041 2351 4096; x_wconf 91' lang='lat' dir='ltr'><strong>hic</strong></span> <span class='ocrx_word' id='word_1_585' title='bbox 2375 4055 2675 4111; x_wconf 89' lang='lat' dir='ltr'><strong>apponere,</strong></span> <span class='ocrx_word' id='word_1_586' title='bbox 2707 4055 2769 4094; x_wconf 93' lang='lat' dir='ltr'><strong>ea</strong></span> <span class='ocrx_word' id='word_1_587' title='bbox 2797 4042 2960 4094; x_wconf 87' lang='lat' dir='ltr'><strong>etiam</strong></span> <span class='ocrx_word' id='word_1_588' title='bbox 2989 4041 3058 4094; x_wconf 89' lang='lat' dir='ltr'><strong>dc</strong></span> <span class='ocrx_word' id='word_1_589' title='bbox 3084 4055 3270 4100; x_wconf 87' lang='lat' dir='ltr'><strong>causa.</strong></span> <span class='ocrx_word' id='word_1_590' title='bbox 3302 4039 3449 4108; x_wconf 84' lang='lat' dir='ltr'><strong>quod</strong></span> 
     </span>
    </p>
   </div>
   <div class='ocr_carea' id='block_1_86' title="bbox 1881 4132 3455 4204">
    <p class='ocr_par' dir='ltr' id='par_1_86' title="bbox 1881 4132 3455 4204">
     <span class='ocr_line' id='line_1_86' title="bbox 1881 4132 3455 4204; baseline -0.004 -15"><span class='ocrx_word' id='word_1_591' title='bbox 1881 4150 2044 4204; x_wconf 87' lang='lat' dir='ltr'><strong>quam</strong></span> <span class='ocrx_word' id='word_1_592' title='bbox 2081 4135 2184 4190; x_wconf 89' lang='lat' dir='ltr'><strong>sibi</strong></span> <span class='ocrx_word' id='word_1_593' title='bbox 2218 4135 2341 4190; x_wconf 89' lang='lat' dir='ltr'><strong>inde</strong></span> <span class='ocrx_word' id='word_1_594' title='bbox 2372 4137 2545 4190; x_wconf 89' lang='lat' dir='ltr'><strong>lucem</strong></span> <span class='ocrx_word' id='word_1_595' title='bbox 2580 4145 2878 4196; x_wconf 89' lang='lat' dir='ltr'><strong>mutuatur,</strong></span> <span class='ocrx_word' id='word_1_596' title='bbox 2906 4135 3008 4204; x_wconf 93' lang='lat' dir='ltr'><strong>ipsi</strong></span> <span class='ocrx_word' id='word_1_597' title='bbox 3048 4134 3278 4187; x_wconf 89' lang='lat' dir='ltr'><strong>invicem</strong></span> <span class='ocrx_word' id='word_1_598' title='bbox 3348 4132 3455 4184; x_wconf 83' lang='lat' dir='ltr'><strong>Eu-</strong></span> 
     </span>
    </p>
   </div>
   <div class='ocr_carea' id='block_1_87' title="bbox 1881 4225 3453 4296">
    <p class='ocr_par' dir='ltr' id='par_1_87' title="bbox 1881 4225 3453 4296">
     <span class='ocr_line' id='line_1_87' title="bbox 1881 4225 3453 4296; baseline -0.003 -13"><span class='ocrx_word' id='word_1_599' title='bbox 1881 4229 2033 4283; x_wconf 86' lang='lat' dir='ltr'><strong>sebio</strong></span> <span class='ocrx_word' id='word_1_600' title='bbox 2063 4226 2251 4281; x_wconf 72' lang='lat' dir='ltr'><strong>aﬂ‘erat</strong></span> <span class='ocrx_word' id='word_1_601' title='bbox 2299 4225 2605 4292; x_wconf 85' lang='lat' dir='ltr'><strong>:Secundo,</strong></span> <span class='ocrx_word' id='word_1_602' title='bbox 2669 4227 2864 4296; x_wconf 82' lang='lat' dir='ltr'><strong>in‘quit.</strong></span> <span class='ocrx_word' id='word_1_603' title='bbox 2927 4243 3066 4278; x_wconf 87' lang='lat' dir='ltr'><strong>anno</strong></span> <span class='ocrx_word' id='word_1_604' title='bbox 3131 4226 3284 4278; x_wconf 82' lang='lat' dir='ltr'><strong>Darii</strong></span> <span class='ocrx_word' id='word_1_605' title='bbox 3322 4227 3453 4294; x_wconf 81' lang='lat' dir='ltr'><strong>regis</strong></span> 
     </span>
    </p>
   </div>
   <div class='ocr_carea' id='block_1_88' title="bbox 1883 4316 3447 4386">
    <p class='ocr_par' dir='ltr' id='par_1_88' title="bbox 1883 4316 3447 4386">
     <span class='ocr_line' id='line_1_88' title="bbox 1883 4316 3447 4386; baseline -0.003 -15"><span class='ocrx_word' id='word_1_606' title='bbox 1883 4317 2190 4373; x_wconf 81' lang='lat' dir='ltr'><strong>Persarum.</strong></span> <span class='ocrx_word' id='word_1_607' title='bbox 2224 4316 2324 4384; x_wconf 80' lang='lat' dir='ltr'><strong>ﬁlii</strong></span> <span class='ocrx_word' id='word_1_608' title='bbox 2387 4317 2696 4386; x_wconf 84' lang='lat' dir='ltr'><strong>Hystaspis,</strong></span> <span class='ocrx_word' id='word_1_609' title='bbox 2743 4317 3183 4385; x_wconf 76' lang='lat' dir='ltr'><strong>septuagesimum</strong></span> <span class='ocrx_word' id='word_1_610' title='bbox 3247 4332 3447 4369; x_wconf 82' lang='lat' dir='ltr'><strong>annum</strong></span> 
     </span>
    </p>
   </div>
   <div class='ocr_carea' id='block_1_89' title="bbox 1876 4407 3448 4477">
    <p class='ocr_par' dir='ltr' id='par_1_89' title="bbox 1876 4407 3448 4477">
     <span class='ocr_line' id='line_1_89' title="bbox 1876 4407 3448 4477; baseline -0.001 -15"><span class='ocrx_word' id='word_1_611' title='bbox 1876 4407 2215 4462; x_wconf 79' lang='lat' dir='ltr'><strong>desolationis</strong></span> <span class='ocrx_word' id='word_1_612' title='bbox 2254 4408 2433 4477; x_wconf 82' lang='lat' dir='ltr'><strong>templi</strong></span> <span class='ocrx_word' id='word_1_613' title='bbox 2468 4409 2632 4474; x_wconf 79' lang='lat' dir='ltr'><strong>fuisse</strong></span> <span class='ocrx_word' id='word_1_614' title='bbox 2692 4409 3030 4476; x_wconf 87' lang='lat' dir='ltr'><strong>completum,</strong></span> <span class='ocrx_word' id='word_1_615' title='bbox 3090 4425 3240 4477; x_wconf 86' lang='lat' dir='ltr'><strong>quem</strong></span> <span class='ocrx_word' id='word_1_616' title='bbox 3299 4409 3448 4462; x_wconf 78' lang='lat' dir='ltr'><strong>Jere-</strong></span> 
     </span>
    </p>
   </div>
   <div class='ocr_carea' id='block_1_90' title="bbox 199 4498 3451 4574">
    <p class='ocr_par' dir='ltr' id='par_1_90' title="bbox 199 4498 3451 4574">
     <span class='ocr_line' id='line_1_90' title="bbox 199 4498 3451 4574; baseline -0.001 -18"><span class='ocrx_word' id='word_1_617' title='bbox 199 4498 362 4564; x_wconf 67' lang='lat'><strong>“&quot;08,</strong></span> <span class='ocrx_word' id='word_1_618' title='bbox 395 4499 639 4573; x_wconf 79' lang='lat' dir='ltr'><strong>Scaliger</strong></span> <span class='ocrx_word' id='word_1_619' title='bbox 689 4502 854 4558; x_wconf 89' lang='lat' dir='ltr'><strong>refert</strong></span> <span class='ocrx_word' id='word_1_620' title='bbox 910 4513 1034 4574; x_wconf 88' lang='lat' dir='ltr'><strong>post</strong></span> <span class='ocrx_word' id='word_1_621' title='bbox 1079 4514 1316 4574; x_wconf 90' lang='lat' dir='ltr'><strong>quatuor</strong></span> <span class='ocrx_word' id='word_1_622' title='bbox 1369 4522 1565 4562; x_wconf 86' lang='lat' dir='ltr'><strong>annos.</strong></span> <span class='ocrx_word' id='word_1_623' title='bbox 1640 4507 1774 4563; x_wconf 79' lang='lat' dir='ltr'><strong>Vide</strong></span> <span class='ocrx_word' id='word_1_624' title='bbox 1808 4501 1849 4555; x_wconf 89' lang='lat' dir='ltr'><strong>D</strong></span> <span class='ocrx_word' id='word_1_625' title='bbox 1885 4503 2021 4556; x_wconf 78' lang='lat' dir='ltr'><strong>mins</strong></span> <span class='ocrx_word' id='word_1_626' title='bbox 2069 4502 2396 4556; x_wconf 74' lang='lat' dir='ltr'><strong>vaticinatus</strong></span> <span class='ocrx_word' id='word_1_627' title='bbox 2449 4509 2544 4564; x_wconf 87' lang='lat' dir='ltr'><strong>est,</strong></span> <span class='ocrx_word' id='word_1_628' title='bbox 2611 4499 2904 4554; x_wconf 83' lang='lat' dir='ltr'><strong>Zacharias</strong></span> <span class='ocrx_word' id='word_1_629' title='bbox 2951 4516 3155 4570; x_wconf 83' lang='lat' dir='ltr'><strong>quoque</strong></span> <span class='ocrx_word' id='word_1_630' title='bbox 3199 4503 3451 4570; x_wconf 81' lang='lat' dir='ltr'><strong>propheta</strong></span> 
     </span>
    </p>
   </div>
   <div class='ocr_carea' id='block_1_91' title="bbox 196 4593 1776 4669">
    <p class='ocr_par' dir='ltr' id='par_1_91' title="bbox 196 4593 1776 4669">
     <span class='ocr_line' id='line_1_91' title="bbox 196 4593 1776 4669; baseline 0.006 -21"><span class='ocrx_word' id='word_1_631' title='bbox 196 4593 478 4649; x_wconf 63' lang='lat' dir='ltr'><strong>Elianum</strong></span> <span class='ocrx_word' id='word_1_632' title='bbox 519 4596 642 4651; x_wconf 87' lang='lat' dir='ltr'><strong>Var.</strong></span> <span class='ocrx_word' id='word_1_633' title='bbox 680 4597 816 4653; x_wconf 81' lang='lat' dir='ltr'><strong>Hist.</strong></span> <span class='ocrx_word' id='word_1_634' title='bbox 843 4599 939 4655; x_wconf 89' lang='lat' dir='ltr'><strong>lib.</strong></span> <span class='ocrx_word' id='word_1_635' title='bbox 978 4614 1100 4665; x_wconf 87' lang='lat' dir='ltr'><strong>vm,</strong></span> <span class='ocrx_word' id='word_1_636' title='bbox 1151 4599 1380 4669; x_wconf 89' lang='lat' dir='ltr'><strong>ejusque</strong></span> <span class='ocrx_word' id='word_1_637' title='bbox 1401 4601 1776 4657; x_wconf 85' lang='lat' dir='ltr'><strong>doctissimum</strong></span> 
     </span>
    </p>
   </div>
   <div class='ocr_carea' id='block_1_92' title="bbox 197 4685 959 4753">
    <p class='ocr_par' dir='ltr' id='par_1_92' title="bbox 197 4685 959 4753">
     <span class='ocr_line' id='line_1_92' title="bbox 197 4685 959 4753; baseline 0.007 -15"><span class='ocrx_word' id='word_1_638' title='bbox 197 4685 554 4753; x_wconf 88' lang='lat' dir='ltr'><strong>interpretem</strong></span> <span class='ocrx_word' id='word_1_639' title='bbox 590 4687 959 4743; x_wconf 85' lang='lat' dir='ltr'><strong>Perizonium.</strong></span> 
     </span>
    </p>
   </div>
   <div class='ocr_carea' id='block_1_93' title="bbox 270 4774 1770 4850">
    <p class='ocr_par' dir='ltr' id='par_1_93' title="bbox 270 4774 1770 4850">
     <span class='ocr_line' id='line_1_93' title="bbox 270 4774 1770 4850; baseline 0.004 -20"><span class='ocrx_word' id='word_1_640' title='bbox 270 4774 390 4830; x_wconf 90' lang='lat' dir='ltr'><strong>Col.</strong></span> <span class='ocrx_word' id='word_1_641' title='bbox 423 4776 546 4834; x_wconf 78' lang='lat'><strong>378.</strong></span> <span class='ocrx_word' id='word_1_642' title='bbox 586 4779 1041 4850; x_wconf 69' lang='lat' dir='ltr'><strong>ApudJIebrwos.</strong></span> <span class='ocrx_word' id='word_1_643' title='bbox 1078 4780 1232 4836; x_wconf 84' lang='lat' dir='ltr'><strong>Hanc</strong></span> <span class='ocrx_word' id='word_1_644' title='bbox 1287 4796 1416 4835; x_wconf 91' lang='lat' dir='ltr'><strong>vero</strong></span> <span class='ocrx_word' id='word_1_645' title='bbox 1461 4781 1770 4850; x_wconf 86' lang='lat' dir='ltr'><strong>perioeham</strong></span> 
     </span>
    </p>
   </div>
   <div class='ocr_carea' id='block_1_94' title="bbox 192 4864 1778 4941">
    <p class='ocr_par' dir='ltr' id='par_1_94' title="bbox 192 4864 1778 4941">
     <span class='ocr_line' id='line_1_94' title="bbox 192 4864 1778 4941; baseline 0.006 -22"><span class='ocrx_word' id='word_1_646' title='bbox 192 4865 266 4920; x_wconf 87' lang='lat' dir='ltr'><strong>de</strong></span> <span class='ocrx_word' id='word_1_647' title='bbox 318 4864 449 4922; x_wconf 69' lang='lat' dir='ltr'><strong>Iesu</strong></span> <span class='ocrx_word' id='word_1_648' title='bbox 513 4869 786 4939; x_wconf 81' lang='lat' dir='ltr'><strong>pontifice,</strong></span> <span class='ocrx_word' id='word_1_649' title='bbox 838 4879 970 4934; x_wconf 88' lang='lat' dir='ltr'><strong>etc..</strong></span> <span class='ocrx_word' id='word_1_650' title='bbox 1003 4873 1242 4941; x_wconf 88' lang='lat' dir='ltr'><strong>Scaliger</strong></span> <span class='ocrx_word' id='word_1_651' title='bbox 1277 4872 1452 4928; x_wconf 92' lang='lat' dir='ltr'><strong>tribus</strong></span> <span class='ocrx_word' id='word_1_652' title='bbox 1493 4876 1648 4928; x_wconf 82' lang='lat' dir='ltr'><strong>annis</strong></span> <span class='ocrx_word' id='word_1_653' title='bbox 1680 4891 1778 4928; x_wconf 88' lang='lat' dir='ltr'><strong>an-</strong></span> 
     </span>
    </p>
   </div>
   <div class='ocr_carea' id='block_1_95' title="bbox 190 4959 1778 5036">
    <p class='ocr_par' dir='ltr' id='par_1_95' title="bbox 190 4959 1778 5036">
     <span class='ocr_line' id='line_1_95' title="bbox 190 4959 1778 5036; baseline 0.006 -24"><span class='ocrx_word' id='word_1_654' title='bbox 190 4959 441 5026; x_wconf 80' lang='lat' dir='ltr'><strong>teponit;</strong></span> <span class='ocrx_word' id='word_1_655' title='bbox 496 4969 608 5016; x_wconf 89' lang='lat' dir='ltr'><strong>tum</strong></span> <span class='ocrx_word' id='word_1_656' title='bbox 657 4963 821 5018; x_wconf 82' lang='lat' dir='ltr'><strong>verba</strong></span> <span class='ocrx_word' id='word_1_657' title='bbox 846 5006 861 5029; x_wconf 92' lang='lat'><strong>,</strong></span> <span class='ocrx_word' id='word_1_658' title='bbox 908 4965 998 5032; x_wconf 86' lang='lat' dir='ltr'><strong>qui</strong></span> <span class='ocrx_word' id='word_1_659' title='bbox 1025 4981 1110 5018; x_wconf 90' lang='lat' dir='ltr'><strong>eos</strong></span> <span class='ocrx_word' id='word_1_660' title='bbox 1142 4965 1417 5033; x_wconf 81' lang='lat' dir='ltr'><strong>regnabat,</strong></span> <span class='ocrx_word' id='word_1_661' title='bbox 1447 4981 1566 5036; x_wconf 79' lang='lat' dir='ltr'><strong>qua:</strong></span> <span class='ocrx_word' id='word_1_662' title='bbox 1593 4977 1645 5021; x_wconf 89' lang='lat' dir='ltr'><strong>et</strong></span> <span class='ocrx_word' id='word_1_663' title='bbox 1677 4982 1778 5021; x_wconf 92' lang='lat' dir='ltr'><strong>no-</strong></span> 
     </span>
    </p>
   </div>
   <div class='ocr_carea' id='block_1_96' title="bbox 189 5050 1776 5124">
    <p class='ocr_par' dir='ltr' id='par_1_96' title="bbox 189 5050 1776 5124">
     <span class='ocr_line' id='line_1_96' title="bbox 189 5050 1776 5124; baseline 0.004 -20"><span class='ocrx_word' id='word_1_664' title='bbox 189 5050 294 5104; x_wconf 88' lang='lat' dir='ltr'><strong>stri</strong></span> <span class='ocrx_word' id='word_1_665' title='bbox 352 5065 483 5106; x_wconf 82' lang='lat' dir='ltr'><strong>mss.</strong></span> <span class='ocrx_word' id='word_1_666' title='bbox 528 5051 749 5119; x_wconf 83' lang='lat' dir='ltr'><strong>habent,</strong></span> <span class='ocrx_word' id='word_1_667' title='bbox 785 5055 1101 5111; x_wconf 90' lang='lat' dir='ltr'><strong>omittit.&#39;S.</strong></span> <span class='ocrx_word' id='word_1_668' title='bbox 1126 5054 1358 5124; x_wconf 90' lang='lat' dir='ltr'><strong>Prosper</strong></span> <span class='ocrx_word' id='word_1_669' title='bbox 1388 5071 1508 5109; x_wconf 87' lang='lat' dir='ltr'><strong>cum</strong></span> <span class='ocrx_word' id='word_1_670' title='bbox 1576 5055 1776 5110; x_wconf 87' lang='lat' dir='ltr'><strong>Ponta-</strong></span> 
     </span>
    </p>
   </div>
   <div class='ocr_carea' id='block_1_97' title="bbox 186 5145 1684 5218">
    <p class='ocr_par' dir='ltr' id='par_1_97' title="bbox 186 5145 1684 5218">
     <span class='ocr_line' id='line_1_97' title="bbox 186 5145 1684 5218; baseline 0.004 -22"><span class='ocrx_word' id='word_1_671' title='bbox 186 5156 330 5196; x_wconf 78' lang='lat' dir='ltr'><strong>cena</strong></span> <span class='ocrx_word' id='word_1_672' title='bbox 365 5153 527 5213; x_wconf 87' lang='lat' dir='ltr'><strong>atque</strong></span> <span class='ocrx_word' id='word_1_673' title='bbox 546 5145 678 5200; x_wconf 85' lang='lat' dir='ltr'><strong>adeo</strong></span> <span class='ocrx_word' id='word_1_674' title='bbox 719 5154 902 5201; x_wconf 88' lang='lat' dir='ltr'><strong>nostra</strong></span> <span class='ocrx_word' id='word_1_675' title='bbox 945 5149 1264 5202; x_wconf 89' lang='lat' dir='ltr'><strong>recensione</strong></span> <span class='ocrx_word' id='word_1_676' title='bbox 1299 5148 1510 5218; x_wconf 85' lang='lat' dir='ltr'><strong>penitus</strong></span> <span class='ocrx_word' id='word_1_677' title='bbox 1541 5148 1684 5202; x_wconf 82' lang='lat' dir='ltr'><strong>facit.</strong></span> 
     </span>
    </p>
   </div>
   <div class='ocr_carea' id='block_1_98' title="bbox 263 5232 1774 5309">
    <p class='ocr_par' dir='ltr' id='par_1_98' title="bbox 263 5232 1774 5309">
     <span class='ocr_line' id='line_1_98' title="bbox 263 5232 1774 5309; baseline 0.006 -23"><span class='ocrx_word' id='word_1_678' title='bbox 263 5232 380 5287; x_wconf 88' lang='lat' dir='ltr'><strong>Col.</strong></span> <span class='ocrx_word' id='word_1_679' title='bbox 415 5235 538 5290; x_wconf 77' lang='lat'><strong>380.</strong></span> <span class='ocrx_word' id='word_1_680' title='bbox 597 5235 712 5290; x_wconf 90' lang='lat' dir='ltr'><strong>Duo</strong></span> <span class='ocrx_word' id='word_1_681' title='bbox 753 5238 947 5306; x_wconf 75' lang='lat' dir='ltr'><strong>fratres</strong></span> <span class='ocrx_word' id='word_1_682' title='bbox 1015 5236 1158 5307; x_wconf 68' lang='lat' dir='ltr'><strong>Hegi</strong></span> <span class='ocrx_word' id='word_1_683' title='bbox 1209 5249 1586 5309; x_wconf 77' lang='lat' dir='ltr'><strong>regnaverunt.</strong></span> <span class='ocrx_word' id='word_1_684' title='bbox 1629 5240 1774 5296; x_wconf 87' lang='lat' dir='ltr'><strong>Vitio</strong></span> 
     </span>
    </p>
   </div>
   <div class='ocr_carea' id='block_1_99' title="bbox 189 5329 1773 5401">
    <p class='ocr_par' dir='ltr' id='par_1_99' title="bbox 189 5329 1773 5401">
     <span class='ocr_line' id='line_1_99' title="bbox 189 5329 1773 5401; baseline 0.006 -22"><span class='ocrx_word' id='word_1_685' title='bbox 189 5335 384 5380; x_wconf 85' lang='lat' dir='ltr'><strong>tamen</strong></span> <span class='ocrx_word' id='word_1_686' title='bbox 417 5329 580 5382; x_wconf 89' lang='lat' dir='ltr'><strong>vertit</strong></span> <span class='ocrx_word' id='word_1_687' title='bbox 619 5329 858 5386; x_wconf 83' lang='lat' dir='ltr'><strong>Eusebio</strong></span> <span class='ocrx_word' id='word_1_688' title='bbox 907 5330 1219 5401; x_wconf 89' lang='lat' dir='ltr'><strong>Syncellus,</strong></span> <span class='ocrx_word' id='word_1_689' title='bbox 1251 5333 1396 5400; x_wconf 75' lang='lat' dir='ltr'><strong>quod</strong></span> <span class='ocrx_word' id='word_1_690' title='bbox 1431 5343 1640 5400; x_wconf 89' lang='lat' dir='ltr'><strong>septem</strong></span> <span class='ocrx_word' id='word_1_691' title='bbox 1675 5335 1773 5388; x_wconf 89' lang='lat' dir='ltr'><strong>bos</strong></span> 
     </span>
    </p>
   </div>
   <div class='ocr_carea' id='block_1_100' title="bbox 189 5423 1768 5496">
    <p class='ocr_par' dir='ltr' id='par_1_100' title="bbox 189 5423 1768 5496">
     <span class='ocr_line' id='line_1_100' title="bbox 189 5423 1768 5496; baseline 0.007 -26"><span class='ocrx_word' id='word_1_692' title='bbox 189 5433 416 5476; x_wconf 85' lang='lat' dir='ltr'><strong>menses</strong></span> <span class='ocrx_word' id='word_1_693' title='bbox 447 5437 544 5490; x_wconf 91' lang='lat' dir='ltr'><strong>pro</strong></span> <span class='ocrx_word' id='word_1_694' title='bbox 569 5437 714 5479; x_wconf 88' lang='lat' dir='ltr'><strong>anno</strong></span> <span class='ocrx_word' id='word_1_695' title='bbox 746 5423 1094 5491; x_wconf 91' lang='lat' dir='ltr'><strong>computarit.</strong></span> <span class='ocrx_word' id='word_1_696' title='bbox 1129 5423 1262 5478; x_wconf 85' lang='lat' dir='ltr'><strong>Vide</strong></span> <span class='ocrx_word' id='word_1_697' title='bbox 1293 5425 1442 5480; x_wconf 91' lang='lat' dir='ltr'><strong>illum</strong></span> <span class='ocrx_word' id='word_1_698' title='bbox 1475 5441 1599 5496; x_wconf 72' lang='lat' dir='ltr'><strong>pag.</strong></span> <span class='ocrx_word' id='word_1_699' title='bbox 1646 5426 1768 5481; x_wconf 86' lang='grc'><strong>181.</strong></span> 
     </span>
    </p>
   </div>
   <div class='ocr_carea' id='block_1_101' title="bbox 185 5507 1772 5584">
    <p class='ocr_par' dir='ltr' id='par_1_101' title="bbox 185 5507 1772 5584">
     <span class='ocr_line' id='line_1_101' title="bbox 185 5507 1772 5584; baseline 0.006 -22"><span class='ocrx_word' id='word_1_700' title='bbox 185 5507 357 5573; x_wconf 80' lang='lat' dir='ltr'><strong>Quod</strong></span> <span class='ocrx_word' id='word_1_701' title='bbox 409 5512 702 5568; x_wconf 88' lang='lat' dir='ltr'><strong>subsecuto</strong></span> <span class='ocrx_word' id='word_1_702' title='bbox 732 5512 896 5568; x_wconf 91' lang='lat' dir='ltr'><strong>Dario</strong></span> <span class='ocrx_word' id='word_1_703' title='bbox 924 5528 1098 5569; x_wconf 90' lang='lat' dir='ltr'><strong>annos</strong></span> <span class='ocrx_word' id='word_1_704' title='bbox 1129 5515 1489 5584; x_wconf 90' lang='lat' dir='ltr'><strong>quadraginta</strong></span> <span class='ocrx_word' id='word_1_705' title='bbox 1522 5532 1613 5571; x_wconf 81' lang='lat' dir='ltr'><strong>sex</strong></span> <span class='ocrx_word' id='word_1_706' title='bbox 1647 5516 1772 5571; x_wconf 83' lang='lat' dir='ltr'><strong>Cle-</strong></span> 
     </span>
    </p>
   </div>
   <div class='ocr_carea' id='block_1_102' title="bbox 187 5605 1625 5671">
    <p class='ocr_par' dir='ltr' id='par_1_102' title="bbox 187 5605 1625 5671">
     <span class='ocr_line' id='line_1_102' title="bbox 187 5605 1625 5671; baseline 0.005 -15"><span class='ocrx_word' id='word_1_707' title='bbox 187 5617 355 5658; x_wconf 89' lang='lat' dir='ltr'><strong>mens</strong></span> <span class='ocrx_word' id='word_1_708' title='bbox 390 5605 600 5671; x_wconf 88' lang='lat' dir='ltr'><strong>tribuit,</strong></span> <span class='ocrx_word' id='word_1_709' title='bbox 631 5606 865 5662; x_wconf 90' lang='lat' dir='ltr'><strong>fortasse</strong></span> <span class='ocrx_word' id='word_1_710' title='bbox 891 5607 1195 5662; x_wconf 87' lang='lat' dir='ltr'><strong>scribarum</strong></span> <span class='ocrx_word' id='word_1_711' title='bbox 1237 5617 1318 5662; x_wconf 88' lang='lat' dir='ltr'><strong>est</strong></span> <span class='ocrx_word' id='word_1_712' title='bbox 1345 5609 1625 5663; x_wconf 86' lang='lat' dir='ltr'><strong>mendum.</strong></span> 
     </span>
    </p>
   </div>
   <div class='ocr_carea' id='block_1_103' title="bbox 263 5694 1771 5770">
    <p class='ocr_par' dir='ltr' id='par_1_103' title="bbox 263 5694 1771 5770">
     <span class='ocr_line' id='line_1_103' title="bbox 263 5694 1771 5770; baseline 0.004 -20"><span class='ocrx_word' id='word_1_713' title='bbox 263 5694 389 5753; x_wconf 87' lang='lat' dir='ltr'><strong>Col.</strong></span> <span class='ocrx_word' id='word_1_714' title='bbox 417 5699 542 5754; x_wconf 77' lang='lat'><strong>377.</strong></span> <span class='ocrx_word' id='word_1_715' title='bbox 573 5700 816 5770; x_wconf 71' lang='lat' dir='ltr'><strong>Aggmus,</strong></span> <span class='ocrx_word' id='word_1_716' title='bbox 846 5699 1134 5754; x_wconf 79' lang='lat' dir='ltr'><strong>Zacharias</strong></span> <span class='ocrx_word' id='word_1_717' title='bbox 1153 5709 1201 5754; x_wconf 90' lang='lat' dir='ltr'><strong>et</strong></span> <span class='ocrx_word' id='word_1_718' title='bbox 1221 5699 1513 5755; x_wconf 79' lang='lat' dir='ltr'><strong>Malachias</strong></span> <span class='ocrx_word' id='word_1_719' title='bbox 1545 5703 1771 5769; x_wconf 89' lang='lat' dir='ltr'><strong>prophe-</strong></span> 
     </span>
    </p>
   </div>
   <div class='ocr_carea' id='block_1_104' title="bbox 183 5789 1762 5862">
    <p class='ocr_par' dir='ltr' id='par_1_104' title="bbox 183 5789 1762 5862">
     <span class='ocr_line' id='line_1_104' title="bbox 183 5789 1762 5862; baseline 0.005 -22"><span class='ocrx_word' id='word_1_720' title='bbox 183 5795 337 5845; x_wconf 80' lang='lat' dir='ltr'><strong>tant.</strong></span> <span class='ocrx_word' id='word_1_721' title='bbox 380 5789 569 5846; x_wconf 88' lang='lat' dir='ltr'><strong>Denuo</strong></span> <span class='ocrx_word' id='word_1_722' title='bbox 613 5791 672 5848; x_wconf 89' lang='lat' dir='ltr'><strong>S.</strong></span> <span class='ocrx_word' id='word_1_723' title='bbox 719 5792 953 5862; x_wconf 86' lang='lat' dir='ltr'><strong>Prosper</strong></span> <span class='ocrx_word' id='word_1_724' title='bbox 1011 5791 1384 5848; x_wconf 85' lang='lat' dir='ltr'><strong>recensioncm</strong></span> <span class='ocrx_word' id='word_1_725' title='bbox 1438 5792 1603 5862; x_wconf 86' lang='lat' dir='ltr'><strong>hujus</strong></span> <span class='ocrx_word' id='word_1_726' title='bbox 1659 5792 1762 5848; x_wconf 90' lang='lat' dir='ltr'><strong>loci</strong></span> 
     </span>
    </p>
   </div>
   <div class='ocr_carea' id='block_1_105' title="bbox 1884 4588 3450 4662">
    <p class='ocr_par' dir='ltr' id='par_1_105' title="bbox 1884 4588 3450 4662">
     <span class='ocr_line' id='line_1_105' title="bbox 1884 4588 3450 4662; baseline -0.004 -16"><span class='ocrx_word' id='word_1_727' title='bbox 1884 4593 2032 4647; x_wconf 88' lang='lat' dir='ltr'><strong>testis</strong></span> <span class='ocrx_word' id='word_1_728' title='bbox 2057 4603 2134 4645; x_wconf 90' lang='lat' dir='ltr'><strong>est</strong></span> <span class='ocrx_word' id='word_1_729' title='bbox 2173 4606 2193 4646; x_wconf 89' lang='lat'><strong><em>:</em></strong></span> <span class='ocrx_word' id='word_1_730' title='bbox 2236 4592 2463 4662; x_wconf 87' lang='lat' dir='ltr'><strong>quicum</strong></span> <span class='ocrx_word' id='word_1_731' title='bbox 2496 4588 2721 4644; x_wconf 84' lang='lat' dir='ltr'><strong>Visionis</strong></span> <span class='ocrx_word' id='word_1_732' title='bbox 2752 4606 2859 4644; x_wconf 79' lang='lat' dir='ltr'><strong>sua&#39;</strong></span> <span class='ocrx_word' id='word_1_733' title='bbox 2883 4590 3095 4643; x_wconf 85' lang='lat' dir='ltr'><strong>titulum</strong></span> <span class='ocrx_word' id='word_1_734' title='bbox 3131 4591 3185 4643; x_wconf 88' lang='lat' dir='ltr'><strong>in</strong></span> <span class='ocrx_word' id='word_1_735' title='bbox 3215 4595 3450 4643; x_wconf 80' lang='lat' dir='ltr'><strong>secunda</strong></span> 
     </span>
    </p>
   </div>
   <div class='ocr_carea' id='block_1_106' title="bbox 1880 4682 3443 4754">
    <p class='ocr_par' dir='ltr' id='par_1_106' title="bbox 1880 4682 3443 4754">
     <span class='ocr_line' id='line_1_106' title="bbox 1880 4682 3443 4754; baseline 0 -16"><span class='ocrx_word' id='word_1_736' title='bbox 1880 4701 2020 4738; x_wconf 89' lang='lat' dir='ltr'><strong>anno</strong></span> <span class='ocrx_word' id='word_1_737' title='bbox 2050 4685 2286 4754; x_wconf 84' lang='lat' dir='ltr'><strong>ejusdem</strong></span> <span class='ocrx_word' id='word_1_738' title='bbox 2315 4683 2477 4752; x_wconf 84' lang='lat' dir='ltr'><strong>regis,</strong></span> <span class='ocrx_word' id='word_1_739' title='bbox 2521 4684 2793 4738; x_wconf 87' lang='lat' dir='ltr'><strong>undecimo</strong></span> <span class='ocrx_word' id='word_1_740' title='bbox 2832 4699 3004 4736; x_wconf 90' lang='lat' dir='ltr'><strong>mense</strong></span> <span class='ocrx_word' id='word_1_741' title='bbox 3053 4682 3240 4748; x_wconf 85' lang='lat' dir='ltr'><strong>Sabat,</strong></span> <span class='ocrx_word' id='word_1_742' title='bbox 3304 4685 3443 4738; x_wconf 79' lang='lat' dir='ltr'><strong>vice-</strong></span> 
     </span>
    </p>
   </div>
   <div class='ocr_carea' id='block_1_107' title="bbox 1879 4776 3456 4846">
    <p class='ocr_par' dir='ltr' id='par_1_107' title="bbox 1879 4776 3456 4846">
     <span class='ocr_line' id='line_1_107' title="bbox 1879 4776 3456 4846; baseline -0.001 -16"><span class='ocrx_word' id='word_1_743' title='bbox 1879 4778 2014 4830; x_wconf 82' lang='lat' dir='ltr'><strong>sinta</strong></span> <span class='ocrx_word' id='word_1_744' title='bbox 2036 4786 2232 4842; x_wconf 85' lang='lat' dir='ltr'><strong>quarta</strong></span> <span class='ocrx_word' id='word_1_745' title='bbox 2275 4777 2360 4830; x_wconf 88' lang='lat' dir='ltr'><strong>die</strong></span> <span class='ocrx_word' id='word_1_746' title='bbox 2393 4777 2784 4846; x_wconf 63' lang='lat' dir='ltr'><strong>praeposuisset,</strong></span> <span class='ocrx_word' id='word_1_747' title='bbox 2834 4776 3026 4844; x_wconf 76' lang='lat' dir='ltr'><strong>adjecit</strong></span> <span class='ocrx_word' id='word_1_748' title='bbox 3085 4777 3264 4830; x_wconf 81' lang='lat' dir='ltr'><strong>dicens</strong></span> <span class='ocrx_word' id='word_1_749' title='bbox 3297 4792 3314 4829; x_wconf 91' lang='lat'><strong><em>:</em></strong></span> <span class='ocrx_word' id='word_1_750' title='bbox 3346 4777 3456 4829; x_wconf 85' lang='lat' dir='ltr'><strong>Da-</strong></span> 
     </span>
    </p>
   </div>
   <div class='ocr_carea' id='block_1_108' title="bbox 1879 4865 3448 4936">
    <p class='ocr_par' dir='ltr' id='par_1_108' title="bbox 1879 4865 3448 4936">
     <span class='ocr_line' id='line_1_108' title="bbox 1879 4865 3448 4936; baseline 0.001 -19"><span class='ocrx_word' id='word_1_751' title='bbox 1879 4867 2015 4919; x_wconf 87' lang='lat' dir='ltr'><strong>mine</strong></span> <span class='ocrx_word' id='word_1_752' title='bbox 2027 4867 2372 4928; x_wconf 77' lang='lat' dir='ltr'><strong>exercituum,</strong></span> <span class='ocrx_word' id='word_1_753' title='bbox 2399 4881 2660 4936; x_wconf 85' lang='lat' dir='ltr'><strong>usquequo</strong></span> <span class='ocrx_word' id='word_1_754' title='bbox 2686 4883 2788 4919; x_wconf 86' lang='lat' dir='ltr'><strong>non</strong></span> <span class='ocrx_word' id='word_1_755' title='bbox 2847 4865 3172 4919; x_wconf 84' lang='lat' dir='ltr'><strong>misereberis</strong></span> <span class='ocrx_word' id='word_1_756' title='bbox 3229 4865 3448 4919; x_wconf 85' lang='lat' dir='ltr'><strong>Jerusa-</strong></span> 
     </span>
    </p>
   </div>
   <div class='ocr_carea' id='block_1_109' title="bbox 1880 4955 3450 5026">
    <p class='ocr_par' dir='ltr' id='par_1_109' title="bbox 1880 4955 3450 5026">
     <span class='ocr_line' id='line_1_109' title="bbox 1880 4955 3450 5026; baseline -0.001 -15"><span class='ocrx_word' id='word_1_757' title='bbox 1880 4957 1982 5011; x_wconf 87' lang='lat' dir='ltr'><strong>lem</strong></span> <span class='ocrx_word' id='word_1_758' title='bbox 2017 4967 2068 5010; x_wconf 91' lang='lat' dir='ltr'><strong>et</strong></span> <span class='ocrx_word' id='word_1_759' title='bbox 2095 4957 2302 5010; x_wconf 81' lang='lat' dir='ltr'><strong>urbium</strong></span> <span class='ocrx_word' id='word_1_760' title='bbox 2332 4955 2497 5018; x_wconf 79' lang='lat' dir='ltr'><strong>Iuda,</strong></span> <span class='ocrx_word' id='word_1_761' title='bbox 2528 4959 2712 5026; x_wconf 88' lang='lat' dir='ltr'><strong>quibus</strong></span> <span class='ocrx_word' id='word_1_762' title='bbox 2739 4958 2908 5010; x_wconf 87' lang='lat' dir='ltr'><strong>iratus</strong></span> <span class='ocrx_word' id='word_1_763' title='bbox 2937 4971 2990 5009; x_wconf 88' lang='lat' dir='ltr'><strong>es</strong></span> <span class='ocrx_word' id='word_1_764' title='bbox 3010 4956 3035 5008; x_wconf 76' lang='lat'><strong>2’</strong></span> <span class='ocrx_word' id='word_1_765' title='bbox 3076 4955 3186 5010; x_wconf 79' lang='lat' dir='ltr'><strong>Iste</strong></span> <span class='ocrx_word' id='word_1_766' title='bbox 3233 4971 3450 5025; x_wconf 66' lang='lat' dir='ltr'><strong>septum</strong></span> 
     </span>
    </p>
   </div>
   <div class='ocr_carea' id='block_1_110' title="bbox 1876 5043 3451 5116">
    <p class='ocr_par' dir='ltr' id='par_1_110' title="bbox 1876 5043 3451 5116">
     <span class='ocr_line' id='line_1_110' title="bbox 1876 5043 3451 5116; baseline 0.001 -18"><span class='ocrx_word' id='word_1_767' title='bbox 1876 5046 2103 5116; x_wconf 85' lang='lat' dir='ltr'><strong>gesimus</strong></span> <span class='ocrx_word' id='word_1_768' title='bbox 2138 5061 2308 5099; x_wconf 88' lang='lat' dir='ltr'><strong>annus</strong></span> <span class='ocrx_word' id='word_1_769' title='bbox 2341 5055 2440 5099; x_wconf 86' lang='lat' dir='ltr'><strong>est.</strong></span> <span class='ocrx_word' id='word_1_770' title='bbox 2465 5043 2568 5099; x_wconf 81' lang='lat' dir='ltr'><strong>Sed</strong></span> <span class='ocrx_word' id='word_1_771' title='bbox 2599 5043 2783 5105; x_wconf 79' lang='lat' dir='ltr'><strong>Ezras.</strong></span> <span class='ocrx_word' id='word_1_772' title='bbox 2822 5054 3094 5099; x_wconf 71' lang='lat' dir='ltr'><strong>exstructo</strong></span> <span class='ocrx_word' id='word_1_773' title='bbox 3132 5057 3344 5100; x_wconf 86' lang='lat' dir='ltr'><strong>tantum</strong></span> <span class='ocrx_word' id='word_1_774' title='bbox 3365 5051 3451 5102; x_wconf 78' lang='lat' dir='ltr'><strong>al-</strong></span> 
     </span>
    </p>
   </div>
   <div class='ocr_carea' id='block_1_111' title="bbox 1879 5137 3448 5214">
    <p class='ocr_par' dir='ltr' id='par_1_111' title="bbox 1879 5137 3448 5214">
     <span class='ocr_line' id='line_1_111' title="bbox 1879 5137 3448 5214; baseline 0.001 -24"><span class='ocrx_word' id='word_1_775' title='bbox 1879 5137 2239 5214; x_wconf 70' lang='lat' dir='ltr'><strong>tarietjactis</strong></span> <span class='ocrx_word' id='word_1_776' title='bbox 2261 5137 2615 5207; x_wconf 74' lang='lat' dir='ltr'><strong>fundamentis</strong></span> <span class='ocrx_word' id='word_1_777' title='bbox 2646 5137 2848 5206; x_wconf 78' lang='lat' dir='ltr'><strong>templi,</strong></span> <span class='ocrx_word' id='word_1_778' title='bbox 2906 5137 2974 5189; x_wconf 81' lang='lat' dir='ltr'><strong>ad</strong></span> <span class='ocrx_word' id='word_1_779' title='bbox 3032 5138 3244 5194; x_wconf 83' lang='lat' dir='ltr'><strong>litteras</strong></span> <span class='ocrx_word' id='word_1_780' title='bbox 3315 5141 3448 5209; x_wconf 86' lang='lat' dir='ltr'><strong>regis</strong></span> 
     </span>
    </p>
   </div>
   <div class='ocr_carea' id='block_1_112' title="bbox 1878 5227 3448 5297">
    <p class='ocr_par' dir='ltr' id='par_1_112' title="bbox 1878 5227 3448 5297">
     <span class='ocr_line' id='line_1_112' title="bbox 1878 5227 3448 5297; baseline 0.003 -16"><span class='ocrx_word' id='word_1_781' title='bbox 1878 5229 2192 5282; x_wconf 71' lang='lat' dir='ltr'><strong>Artaxerxis</strong></span> <span class='ocrx_word' id='word_1_782' title='bbox 2216 5227 2532 5297; x_wconf 86' lang='lat' dir='ltr'><strong>prohibitum</strong></span> <span class='ocrx_word' id='word_1_783' title='bbox 2555 5245 2684 5297; x_wconf 89' lang='lat' dir='ltr'><strong>opus</strong></span> <span class='ocrx_word' id='word_1_784' title='bbox 2719 5229 2900 5297; x_wconf 78' lang='lat' dir='ltr'><strong>refert.</strong></span> <span class='ocrx_word' id='word_1_785' title='bbox 2970 5229 3114 5285; x_wconf 81' lang='lat' dir='ltr'><strong>Tunc</strong></span> <span class='ocrx_word' id='word_1_786' title='bbox 3180 5233 3448 5286; x_wconf 88' lang='lat' dir='ltr'><strong>intermis-</strong></span> 
     </span>
    </p>
   </div>
   <div class='ocr_carea' id='block_1_113' title="bbox 1875 5319 3446 5390">
    <p class='ocr_par' dir='ltr' id='par_1_113' title="bbox 1875 5319 3446 5390">
     <span class='ocr_line' id='line_1_113' title="bbox 1875 5319 3446 5390; baseline -0.001 -15"><span class='ocrx_word' id='word_1_787' title='bbox 1875 5337 1993 5375; x_wconf 83' lang='lat' dir='ltr'><strong>sum</strong></span> <span class='ocrx_word' id='word_1_788' title='bbox 2015 5332 2234 5388; x_wconf 87' lang='lat' dir='ltr'><strong>estopus</strong></span> <span class='ocrx_word' id='word_1_789' title='bbox 2265 5319 2358 5373; x_wconf 84' lang='lat' dir='ltr'><strong>Dei</strong></span> <span class='ocrx_word' id='word_1_790' title='bbox 2398 5319 2454 5372; x_wconf 85' lang='lat' dir='ltr'><strong>in</strong></span> <span class='ocrx_word' id='word_1_791' title='bbox 2480 5319 2808 5384; x_wconf 82' lang='lat' dir='ltr'><strong>Jerusalem,</strong></span> <span class='ocrx_word' id='word_1_792' title='bbox 2836 5329 2884 5373; x_wconf 88' lang='lat' dir='ltr'><strong>et</strong></span> <span class='ocrx_word' id='word_1_793' title='bbox 2943 5338 3046 5374; x_wconf 84' lang='lat' dir='ltr'><strong>non</strong></span> <span class='ocrx_word' id='word_1_794' title='bbox 3085 5323 3242 5390; x_wconf 79' lang='lat' dir='ltr'><strong>[iebat</strong></span> <span class='ocrx_word' id='word_1_795' title='bbox 3289 5336 3446 5389; x_wconf 85' lang='lat' dir='ltr'><strong>usque</strong></span> 
     </span>
    </p>
   </div>
   <div class='ocr_carea' id='block_1_114' title="bbox 1874 5411 3438 5482">
    <p class='ocr_par' dir='ltr' id='par_1_114' title="bbox 1874 5411 3438 5482">
     <span class='ocr_line' id='line_1_114' title="bbox 1874 5411 3438 5482; baseline -0.001 -17"><span class='ocrx_word' id='word_1_796' title='bbox 1874 5413 1943 5466; x_wconf 83' lang='lat' dir='ltr'><strong>ad</strong></span> <span class='ocrx_word' id='word_1_797' title='bbox 1973 5428 2171 5465; x_wconf 88' lang='lat' dir='ltr'><strong>annum</strong></span> <span class='ocrx_word' id='word_1_798' title='bbox 2192 5413 2478 5466; x_wconf 83' lang='lat' dir='ltr'><strong>secundum</strong></span> <span class='ocrx_word' id='word_1_799' title='bbox 2535 5413 2680 5478; x_wconf 86' lang='lat' dir='ltr'><strong>regni</strong></span> <span class='ocrx_word' id='word_1_800' title='bbox 2733 5411 2884 5464; x_wconf 90' lang='lat' dir='ltr'><strong>Darii</strong></span> <span class='ocrx_word' id='word_1_801' title='bbox 2929 5415 3059 5482; x_wconf 85' lang='lat' dir='ltr'><strong>regis</strong></span> <span class='ocrx_word' id='word_1_802' title='bbox 3121 5411 3438 5463; x_wconf 79' lang='lat' dir='ltr'><strong>Persarum.</strong></span> 
     </span>
    </p>
   </div>
   <div class='ocr_carea' id='block_1_115' title="bbox 1877 5501 3443 5576">
    <p class='ocr_par' dir='ltr' id='par_1_115' title="bbox 1877 5501 3443 5576">
     <span class='ocr_line' id='line_1_115' title="bbox 1877 5501 3443 5576; baseline -0.003 -15"><span class='ocrx_word' id='word_1_803' title='bbox 1877 5503 2187 5576; x_wconf 87' lang='lat' dir='ltr'><strong>Statimque</strong></span> <span class='ocrx_word' id='word_1_804' title='bbox 2214 5505 2426 5559; x_wconf 82' lang='lat' dir='ltr'><strong>addidit</strong></span> <span class='ocrx_word' id='word_1_805' title='bbox 2483 5520 2502 5560; x_wconf 85' lang='lat'><strong>.&#39;</strong></span> <span class='ocrx_word' id='word_1_806' title='bbox 2554 5501 2952 5574; x_wconf 87' lang='lat' dir='ltr'><strong>Prophetarunt</strong></span> <span class='ocrx_word' id='word_1_807' title='bbox 2987 5512 3160 5558; x_wconf 84' lang='lat' dir='ltr'><strong>autem</strong></span> <span class='ocrx_word' id='word_1_808' title='bbox 3219 5504 3443 5573; x_wconf 73' lang='lat' dir='ltr'><strong>Aggu‘us</strong></span> 
     </span>
    </p>
   </div>
   <div class='ocr_carea' id='block_1_116' title="bbox 1874 5597 3441 5668">
    <p class='ocr_par' dir='ltr' id='par_1_116' title="bbox 1874 5597 3441 5668">
     <span class='ocr_line' id='line_1_116' title="bbox 1874 5597 3441 5668; baseline -0.002 -16"><span class='ocrx_word' id='word_1_809' title='bbox 1874 5599 2155 5668; x_wconf 85' lang='lat' dir='ltr'><strong>propheta.</strong></span> <span class='ocrx_word' id='word_1_810' title='bbox 2181 5609 2228 5654; x_wconf 87' lang='lat' dir='ltr'><strong>et</strong></span> <span class='ocrx_word' id='word_1_811' title='bbox 2250 5597 2547 5652; x_wconf 83' lang='lat' dir='ltr'><strong>Zacharias</strong></span> <span class='ocrx_word' id='word_1_812' title='bbox 2571 5599 2716 5668; x_wconf 80' lang='lat' dir='ltr'><strong>ﬁlius</strong></span> <span class='ocrx_word' id='word_1_813' title='bbox 2743 5600 2914 5661; x_wconf 81' lang='lat' dir='ltr'><strong>Addo,</strong></span> <span class='ocrx_word' id='word_1_814' title='bbox 2974 5599 3342 5666; x_wconf 81' lang='lat' dir='ltr'><strong>prophetantes</strong></span> <span class='ocrx_word' id='word_1_815' title='bbox 3372 5597 3441 5649; x_wconf 81' lang='lat' dir='ltr'><strong>ad</strong></span> 
     </span>
    </p>
   </div>
   <div class='ocr_carea' id='block_1_117' title="bbox 1872 5688 3445 5762">
    <p class='ocr_par' dir='ltr' id='par_1_117' title="bbox 1872 5688 3445 5762">
     <span class='ocr_line' id='line_1_117' title="bbox 1872 5688 3445 5762; baseline -0.004 -15"><span class='ocrx_word' id='word_1_816' title='bbox 1872 5693 2118 5755; x_wconf 68' lang='lat' dir='ltr'><strong>Iudicas,</strong></span> <span class='ocrx_word' id='word_1_817' title='bbox 2148 5693 2238 5762; x_wconf 86' lang='lat' dir='ltr'><strong>qui</strong></span> <span class='ocrx_word' id='word_1_818' title='bbox 2260 5699 2411 5745; x_wconf 90' lang='lat' dir='ltr'><strong>erant</strong></span> <span class='ocrx_word' id='word_1_819' title='bbox 2436 5691 2487 5745; x_wconf 89' lang='lat' dir='ltr'><strong>in</strong></span> <span class='ocrx_word' id='word_1_820' title='bbox 2505 5688 2698 5746; x_wconf 74' lang='lat' dir='ltr'><strong>Iudaea</strong></span> <span class='ocrx_word' id='word_1_821' title='bbox 2731 5701 2779 5744; x_wconf 90' lang='lat' dir='ltr'><strong>et</strong></span> <span class='ocrx_word' id='word_1_822' title='bbox 2829 5690 3126 5743; x_wconf 81' lang='lat' dir='ltr'><strong>Jerusalem</strong></span> <span class='ocrx_word' id='word_1_823' title='bbox 3152 5691 3203 5742; x_wconf 89' lang='lat' dir='ltr'><strong>in</strong></span> <span class='ocrx_word' id='word_1_824' title='bbox 3235 5690 3445 5741; x_wconf 85' lang='lat' dir='ltr'><strong>nomine</strong></span> 
     </span>
    </p>
   </div>
   <div class='ocr_carea' id='block_1_118' title="bbox 1875 5784 3443 5854">
    <p class='ocr_par' dir='ltr' id='par_1_118' title="bbox 1875 5784 3443 5854">
     <span class='ocr_line' id='line_1_118' title="bbox 1875 5784 3443 5854; baseline -0.003 -10"><span class='ocrx_word' id='word_1_825' title='bbox 1875 5788 2087 5844; x_wconf 81' lang='lat' dir='ltr'><strong>Domini</strong></span> <span class='ocrx_word' id='word_1_826' title='bbox 2108 5785 2304 5843; x_wconf 88' lang='lat' dir='ltr'><strong>Israel.</strong></span> <span class='ocrx_word' id='word_1_827' title='bbox 2359 5785 2504 5841; x_wconf 86' lang='lat' dir='ltr'><strong>Tunc</strong></span> <span class='ocrx_word' id='word_1_828' title='bbox 2553 5795 2896 5842; x_wconf 76' lang='lat' dir='ltr'><strong>surrexerunt</strong></span> <span class='ocrx_word' id='word_1_829' title='bbox 2951 5784 3242 5840; x_wconf 84' lang='lat' dir='ltr'><strong>Zurobabel</strong></span> <span class='ocrx_word' id='word_1_830' title='bbox 3298 5784 3443 5854; x_wconf 80' lang='lat' dir='ltr'><strong>ﬁlius</strong></span> 
     </span>
    </p>
   </div>
  </div>
