3964 6186
434 306 534 375 951

1721 314 2137 380 VALLARSII
2177 309 2418 381 NOTIE.

3578 313 3676 377 952

501 433 618 490 Col.
653 433 772 490 382.
803 436 1107 492 Hellanicus
1129 436 1602 509 historiographus.
1637 435 1899 504 Equidem
1950 447 2016 489 ex
2042 432 2096 494 Α
2124 431 2317 487 bemus
2342 438 2485 486 uotae
2516 444 2624 500 qua
2653 404 2723 485 ad
2759 428 3048 487 consulum
3087 428 3307 486 initium
3337 429 3393 484 in
3418 427 3678 500 plerisque

433 525 723 599 Pamphilae
747 529 1076 593 testimonio,
1138 529 1284 600 quod
1337 528 1524 586 laudat
1561 529 1627 585 A.
1663 529 1873 612 Gellius
1905 526 2004 612 lib:

433 633 526 683 xv,
559 631 683 686 cap.
737 617 829 682 23,
874 618 1184 686 coniicitur,
1244 617 1584 676 liellanicum
1644 611 2006 690 Mitylenaeum

433 708 933 779 historiographum
999 712 1396 782 septuagesima
1478 712 1652 781 prima
1703 709 2009 782 Olympiade

433 808 651 866 uatum,
692 802 852 857 anuis
917 811 1046 858 ante
1106 803 1438 861 Herodotum
1487 803 1814 875 duodecim;
1848 802 2010 873 idque

434 901 540 955 est,
570 892 715 962 quod
749 894 988 950 Eusebio
1026 897 1201 968 culpae
1234 898 1393 954 vertit
1417 897 1679 966 Scaliger.
1707 894 1856 965 quod
1877 907 2004 949 eum

431 983 591 1039 annis
643 986 814 1041 ferme
866 986 1111 1058 quinque
1163 997 1294 1046 ante
1337 988 1481 1044 diem
1536 987 1769 1044 natalem
1809 985 2012 1041 dixerit

432 1073 706 1130 ﬂoruisse.
736 1078 802 1130 At
824 1092 954 1132 vero
983 1080 1126 1133 unde
1164 1078 1369 1137 scimus
1398 1080 1466 1134 de
1516 1079 1821 1151 Mitylenazo
1861 1077 2010 1148 loqui

435 1167 780 1223 Eusebium?
805 1168 959 1226 Alius
994 1169 1099 1226 fuit
1156 1171 1407 1241 Lesbius,
1439 1174 1803 1243 Agntbemero
1833 1171 2012 1227 dictus

433 1259 791 1330 πολυίστωρε
853 1261 992 1317 alius
1033 1263 1277 1320 Milesius
1321 1276 1374 1319 et
1427 1265 1544 1336 ipse
1593 1264 1893 1320 historicus
1944 1278 2012 1318 ex

439 1349 608 1406 Snida
643 1362 846 1421 notus;
879 1371 1114 1424 quorum
1146 1373 1257 1413 non
1299 1361 1435 1415 satis
1477 1357 1693 1429 cognita
1729 1365 1810 1414 est
1841 1364 2010 1412 retas:

436 1456 538 1496 nec
568 1441 615 1497 si
648 1446 876 1498 alterum
900 1462 966 1501 ex
1002 1448 1087 1504 his
1117 1457 1270 1504 notat
1305 1449 1596 1516 Eusebius,
1652 1449 1878 1504 scimus.
1936 1448 2012 1504 De

437 1533 666 1604 reliquis
702 1536 836 1592 nihil
871 1546 959 1594 est
1009 1539 1263 1606 dubium,
1305 1541 1439 1610 quin
1467 1541 1756 1610 σύγχρονοι
1787 1539 2012 1608 iuerint,

435 1626 651 1680 tametsi
687 1628 1030 1686 Democritus
1065 1631 1439 1703 Anaxagoram
1471 1633 1664 1698 audiit,
1696 1647 1872 1703 eoque
1912 1615 2020 1686 an;

435 1715 523 1770 nis
556 1715 729 1773 ferme
749 1717 820 1774 40
854 1720 1040 1788 jnnior
1075 1722 1198 1778 fuit.

503 1807 751 1866 Col.58l.
792 1811 977 1868 Volsci.
1003 1809 1230 1871 Factum
1261 1817 1476 1873 videtur
1490 1824 1832 1888 quarto,non
1849 1819 2025 1889 primo

451 1897 784 1968 Olympiadis
818 1916 999 1971 anno;
1040 1903 1285 1975 Scaliger
1346 1915 1470 1976 post
1507 1923 1676 1962 unum
1712 1908 1892 1964 adhuc
1925 1924 2026 1962 an-

435 2003 590 2051 num,
615 1991 732 2047 sive
758 1991 825 2046 ad
874 2010 1088 2051 numer.
1121 1995 1284 2062 1525,
1335 1998 1678 2055 referendum
1719 2002 2022 2062 contendit.

435 2077 644 2137 Caetera
668 2091 796 2138 nota
829 2099 892 2140 ex
936 2085 1180 2144 Romana
1219 2089 1484 2147 historia.
1534 2091 1786 2150 Secessio
1838 2103 2022 2150 tamen

440 2173 616 2243 plebis
669 2189 698 2229 a
749 2174 1000 2236 Patribus
1047 2182 1247 2238 rectius
1281 2185 1346 2238 ad
1385 2184 1759 2255 insequentem
1815 2203 2019 2246 annum

439 2277 558 2324 erat
585 2269 913 2327 diﬁ'erenda:
943 2285 1278 2340 nontamen,
1331 2286 1392 2332 ut
1443 2278 1686 2352 Scaliger
1730 2283 1916 2348 sentit,
1953 2286 2019 2337 A.

443 2355 693 2430 Virginio
751 2361 1002 2419 Tricosto
1063 2374 1120 2421 et
1172 2365 1396 2423 Veturio
1455 2368 1854 2442 Gemino,lsed
1923 2375 2020 2447 Sp.

437 2451 629 2508 Cassio
691 2453 988 2511 Viscellino
1045 2465 1101 2512 et
1153 2456 1418 2516 Postumo
1470 2461 1726 2519 Cominio
1759 2467 2022 2525 Aurunco

439 2559 590 2601 coss.
983 2557 992 2568 ‘

506 2637 647 2694 Ibid.
686 2635 914 2696 Marcius
947 2642 1186 2700 Coriolos
1209 2648 1372 2715 capit.
1405 2646 1567 2706 Notat
1641 2649 1732 2706 hic
1780 2649 2024 2720 Scaliger

442 2729 919 2796 prochronismum
954 2751 1222 2807 annorum
1253 2739 1305 2794 6.
1339 2739 1384 2795 A
1408 2752 1583 2796 matre
1619 2743 1790 2806 enim,
1819 2742 2018 2812 inquit,

437 2823 657 2878 Veturia
682 2822 918 2880 Marcius
951 2835 1212 2885 exoratus
1242 2840 1324 2884 est
1357 2847 1510 2888 num.
1541 2832 2022 2902 1550,,Sp.Nautio

438 2912 644 2982 Rutilo,
673 2916 804 2971 Sex.
838 2916 1004 2973 Fusio
1038 2921 1205 2977 Fu-io
1235 2921 1530 2979 Medullino
1563 2939 1714 2981 coss.

509 3005 648 3061 Ibid.
675 3006 881 3062 Bellum
914 3009 1223 3065 Marathone
1250 3023 1478 3081 gestum.
1527 3016 1784 3087 Antiquis
1825 3033 2018 3074 recen-

2109 523 2415 591 codicibus,
2450 525 2566 579 haec
2599 537 2700 593 per
2718 531 2967 593 tempora
2996 522 3192 594 digeri,
3215 535 3326 578 non
3357 536 3457 590 per
3483 536 3668 588 annos,

2110 631 2414 672 monemur.
2448 613 2574 685 Legi
2615 623 2798 670 autem
2823 623 3103 673 merentur
3128 630 3252 686 quin
3271 615 3340 671 de
3361 614 3550 671 Fabiis
3564 629 3681 670 eru-

2109 708 2223 765 dite
2241 707 2484 779 disputat
2516 708 2570 764 in
2587 706 2974 765 Animadvers.
3014 707 3227 765 Histor.
3256 723 3384 780 cap.
3426 708 3462 764 ι
3481 705 3682 763 Perizo-

2111 813 2269 854 ntus.

2183 893 2335 961 Ibid.}
2366 893 2616 959 Quintius
2665 893 3041 951 Cincinnatus.
3074 874 3480 952 Accidit‘anno
3536 894 3676 950 tertio

2113 983 2446 1057 Olympiadis
2474 985 2543 1041 89
2576 986 2692 1042 sive
2724 986 2792 1043 ab
2823 986 2969 1042 Urbe
2994 986 3214 1043 condita
3268 985 3400 1042 295.
3437 985 3585 1054 Quod
3617 1002 3671 1043 ex

2119 1076 2382 1134 Romanae
2431 1078 2676 1134 historias
2703 1078 3070 1149 scriptoribus
3097 1086 3337 1135 constat.
3373 1077 3515 1134 Vere
3549 1078 3669 1134 adeo

2117 1180 2338 1227 notatur
2356 1171 2633 1242 Scaligero
2647 1173 2838 1244 ingens
2855 1172 3310 1243 proehronismus
3321 1187 3580 1227 annorum
3593 1172 3671 1228 52.

2186 1263 2324 1320 Ibid.
2353 1263 2552 1318 Hieron
2579 1273 2861 1334 tyrannus.
2908 1264 3138 1334 Decepit
3185 1261 3518 1335 Scaligerum
3548 1264 3674 1318 Pau-

2119 1356 2307 1412 sanias
2340 1355 2394 1410 in
2431 1356 2633 1429 Eliaeis
2667 1355 2765 1410 lib.
2805 1372 2867 1420 η,
2898 1370 3021 1426 cap.
3069 1355 3126 1420 9,
3177 1355 3429 1411 scribens
3451 1354 3672 1410 secundo

2114 1464 2260 1506 anno
2299 1449 2622 1522 olympiadls
2662 1449 2752 1514 72,
2811 1465 2936 1506 cum
2988 1448 3197 1504 archon
3259 1448 3494 1504 Athenis
3550 1455 3675 1503 esset

2123 1541 2458 1613 Hybrilides,
2492 1541 2756 1600 Gelonem
2793 1542 3087 1614 Syracusis
3112 1541 3366 1612 potitum.
3401 1539 3675 1596 Enimvero

2117 1649 2214 1706 per
2245 1635 2299 1690 id
2330 1635 2589 1706 temporis
2619 1633 2765 1691 Gelae
2793 1634 2973 1691 adhuc
2995 1646 3284 1707 tyrannum
3319 1633 3522 1704 egisse,
3555 1632 3671 1703 quin

2127 1727 2238 1782 imo
2263 1734 2394 1784 tunc
2417 1742 2612 1784 recens
2646 1728 3029 1790 constitutum,
3061 1726 3259 1782 νεωστὶ
3284 1725 3679 1796 παρειληφότα,

2130 1821 2203 1875 ibi
2237 1836 2362 1876 eum
2392 1819 2584 1888 fuisse,
2609 1827 2803 1877 auctor
2825 1830 2910 1878 est
2939 1819 3232 1891 Dionysius
3248 1819 3346 1876 lib.
3375 1833 3476 1884 vn,
3507 1816 3674 1874 initio.

2129 1915 2320 1972 Serius
2375 1917 2561 1987 igitur,
2602 1926 2658 1972 et
2705 1931 2819 1986 quo
2874 1915 3138 1971 nimirum
3180 1913 3464 1980 Eusebius
3528 1919 3681 1974 notat,

2123 2023 2274 2066 anno
2295 2007 2599 2080 Syracusas
2639 2007 2896 2063 obtinuit.
2937 2007 3115 2062 Etiam
3145 2005 3223 2067 Β.
3271 2003 3579 2061 Dodvrellus
3633 2001 3680 2058 is

2127 2100 2378 2156 Annalib.
2406 2116 2528 2172 pag.
2551 2101 2644 2165 42,
2673 2099 2870 2157 falsum
2895 2099 3067 2156 fuisse
3089 2097 3420 2157 Pausaniam
3440 2097 3678 2160 ostendit.

2125 2193 2263 2249 Vide
2295 2208 2416 2262 qua:
2443 2193 2672 2249 inferius
2707 2193 2772 2248 ad
2798 2191 3092 2248 Hieronem
3132 2193 3523 2248 observamus.

2194 2286 2315 2343 Col.
2347 2287 2474 2343 ass.
2512 2286 2652 2344 Olim
2688 2288 2743 2342 in
2781 2270 3034 2359 antiquis.
3063 2287 3205 2342 Olim
3241 2287 3296 2342 in
3355 2286 3592 2364 antiquis
3622 2284 3681 2341 li-

2123 2381 2239 2436 bris
2291 2381 2421 2435 anni
2451 2379 2579 2435 huic
2609 2379 2882 2436 dabantur
2909 2381 3097 2451 uiginti
3132 2383 3402 2452 quinque:
3427 2380 3554 2450 quin
3587 2379 3680 2434 imo

2121 2472 2375 2528 Clemens
2407 2470 2759 2528 Alexandria.
2799 2471 3006 2528 solidus
3058 2471 3248 2542 viginti
3297 2487 3395 2528 sex
3422 2471 3680 2541 elargitur.

2124 2561 2260 2618 Eum
2287 2563 2534 2633 Scaliger
2563 2577 2662 2633 pro
2690 2562 2934 2619 Assuero
2956 2562 3205 2618 Estheris
3234 2561 3353 2618 viro
3388 2562 3567 2627 habet,
3591 2576 3682 2632 qus

2124 2655 2190 2711 de
2218 2670 2278 2710 re
2311 2670 2436 2710 mox
2467 2655 2736 2711 dicemus.
3153 2642 3159 2648 ’

2192 2746 2310 2804 Col.
2341 2747 2467 2804 584.
2501 2746 2794 2803 Pindarus.
2826 2747 3008 2804 Suidaa
3035 2789 3052 2815 ,
3088 2747 3230 2818 apud
3263 2763 3428 2819 quem
3463 2747 3681 2803 numeri-

2123 2855 2217 2896 cas
2247 2849 2409 2896 notas
2436 2839 2489 2894 in
2519 2840 2718 2896 mendo
2747 2841 2952 2898 cubare
2981 2841 3223 2913 Scaliger
3254 2857 3362 2896 non
3393 2841 3685 2919 animaverf

2126 2939 2210 3002 tit,
2240 2935 2443 2991 dicitur
2477 2927 2744 2990 Pindarus
2776 2944 2939 2990 natus
2967 2935 3277 3006 Olympiade
3333 2933 3403 2990 65
3427 2974 3443 2996 ,
3475 2933 3688 2988 donatus

2121 3029 2231 3098 86;
2269 3025 2558 3099 legendum
2591 3037 2674 3081 est
2703 3026 2848 3080 enim
2876 3027 2970 3094 ἐτη
3000 3033 3110 3094 πε’,
3142 3041 3317 3082 annos
3339 3025 3586 3080 videlicet
3608 3022 3687 3087 85.

437 3096 650 3154 ίίεδῖπιθ
678 3101 947 3154 sementi“
974 3112 1090 3174 θείι
1111 3119 1270 3172 ί1¹¹²¹η
1321 3105 1497 3162 Aulus
1544 3123 1759 3178 quoque
1806 3107 2015 3165 Gellius
2041 3121 2086 3182 ο
2122 3096 2221 3190 pro
2252 3096 2492 3188 eo'quod
2512 3114 2795 3184 scribitur,
2822 3123 2915 3171 vs'.
2947 3116 3025 3172 De
3053 3115 3343 3172 Simonide
3364 3114 3488 3170 vide
3515 3112 3690 3170 Fabri-

345 3217 354 3222 -
436 3189 535 3245 lib.
571 3205 702 3258 xvtt,
747 3207 869 3262 cap.
929 3205 1225 3264 postremo,
1267 3197 1475 3252 refert:
1544 3199 1914 3257 Ducentesimo
1966 3216 2016 3258 et

436 3284 763 3353 sexagesimo
802 3302 944 3340 anno
975 3296 1093 3355 past
1143 3288 1364 3344 Romam
1427 3294 1719 3360 conditam,
1777 3306 1870 3350 aut
1917 3311 2021 3351 non

437 3375 590 3446 longe
620 3376 869 3446 amplius,
899 3381 1058 3435 victos
1089 3398 1201 3436 esse
1225 3383 1290 3436 ab
1315 3386 1722 3441 Atheniensibus
1750 3387 2016 3444 Persas...

438 3483 616 3539 pugna
645 3469 744 3524 illa
774 3470 976 3543 inclyta
1005 3473 1367 3542 Marathonia,
1399 3474 1646 3531 Miltiade
1672 3478 1827 3534 duce.
1863 3479 2019 3534 Hunc

441 3559 621 3616 locum
657 3562 876 3618 videtur
912 3565 1078 3619 etiam
1139 3566 1408 3636 Sulpitius
1464 3566 1722 3634 Severus,
1771 3571 2022 3639 apposito

438 3654 738 3712 Macherini
806 3667 864 3714 et
924 3659 1196 3731 Augurini
1252 3663 1572 3725 consulatu,
1635 3664 2017 3734 descripsisse,

437 3759 599 3813 quem
631 3748 909 3805 immerito
931 3750 1173 3823 Scaliger
1203 3751 1425 3810 biennio
1453 3755 1628 3811 solido
1656 3771 1842 3812 errare
1865 3757 2018 3824 dicit;

438 3850 622 3895 annus
651 3839 797 3894 enim
825 3841 893 3894 ab
934 3839 1002 3896 U.
1038 3842 1100 3896 C.
1126 3841 1223 3896 261
1262 3841 1401 3897 idem
1436 3842 1530 3899 ille
1557 3854 1659 3908 est,
1697 3860 2022 3915 qunconsu-

441 3929 610 3984 ia’um
636 3941 923 3999 gesserunt
954 3931 1018 3988 T.
1050 3931 1324 4003 Geganius
1353 3933 1660 3990 Macerinus
1681 3946 1733 3991 et
1756 3936 1818 3992 P.
1842 3937 2021 3991 Minu—

443 4024 560 4078 cius
601 4023 962 4092 Augurinus:
1017 4040 1256 4095 cumque
1317 4027 1426 4084 isto
1495 4029 1702 4098 optime
1724 4033 2022 4094 concurrit,

442 4129 605 4182 quem
689 4115 964 4171 Eusebius
1035 4124 1211 4185 notat,
1286 4120 1706 4190 septuagesima;
1768 4122 2027 4177 secunda:

444 4205 770 4277 olympiadis
800 4207 1000 4278 primo.
1052 4209 1325 4266 Caeterum
1353 4213 1461 4268 alia
1509 4213 1741 4269 aliorum
1769 4223 1850 4268 est
1885 4215 2026 4269 ratio

446 4299 514 4355 de
546 4297 900 4357 Marathonius
925 4302 1152 4367 hujusce
1182 4320 1376 4376 pugnae
1405 4321 1573 4370 anno,
1626 4321 1787 4377 quem
1821 4307 2027 4380 Diony-

443 4397 562 4452 sius
595 4395 771 4454 Haiic.
796 4398 892 4455 Iih.
916 4413 970 4463 v.
1007 4399 1176 4456 fuisse
1204 4403 1281 4456 ait
1305 4403 1577 4457 decimum
1629 4415 1848 4458 sextum
1905 4411 2027 4472 post

2122 3226 2288 3268 Clllm.

2193 3303 2329 3358 Ibid.
2363 3302 2542 3358 Romae
2576 3302 2844 3373 Pompilia
2875 3301 3044 3373 uirgo.
3099 3299 3271 3356 Tacet
3314 3296 3540 3354 Vestalis
3570 3293 3688 3350 Sca-

2125 3393 2277 3463 liger,
2334 3395 2428 3464 qui
2467 3403 2520 3451 et
2577 3404 2742 3450 totam
2777 3393 3086 3462 perioeham
3144 3392 3200 3446 in
3236 3392 3446 3462 aliquot
3503 3403 3627 3443 mss.
3657 3401 3684 3441 e

2125 3488 2349 3556 regione
2408 3487 2624 3542 numeri
2659 3486 2797 3542 1515
2858 3484 3086 3542 invenit.
3121 3483 3268 3539 idem
3326 3489 3480 3536 notat
3506 3477 3685 3536 Orosio

2123 3577 2393 3646 Popilium
2448 3578 2715 3650 virginem
2769 3577 2898 3640 dici,
2931 3576 3086 3630 Livio
3138 3574 3392 3645 Oppiam,
3449 3569 3686 3641 Dionysio

2124 3667 2393 3739 Ὀπιμίαν
2436 3670 2530 3740 qui
2579 3679 2636 3725 et
2678 3669 2989 3724 damnatam
3036 3681 3154 3722 eam
3213 3665 3383 3720 refert
3433 3662 3502 3718 Μ.
3543 3661 3686 3720 Fabio

2132 3759 2396 3816 Vibulano
2426 3748 2498 3818 iet
2526 3759 2592 3814 L.
2641 3758 2858 3814 Valerio
2895 3756 3076 3812 Potito
3114 3771 3286 3819 coss.,
3319 3769 3464 3810 anno
3495 3751 3678 3806 scilicet

2128 3849 2371 3906 secundo
2418 3848 2746 3918 olympiadls
2789 3847 2877 3913 74,
2925 3846 3072 3902 unde
3104 3844 3310 3904 biennii
3340 3843 3532 3900 saltem
3573 3853 3682 3911 pro-

2128 3941 2445 3997 chrouismo
2477 3949 2759 4011 peccatum
2792 3939 2883 3996 hic
2916 3941 2996 3995 tit.

2198 4033 2337 4088 Ibid.
2409 4032 2692 4089 Aristides.
2743 4030 2849 4086 Per
2903 4030 3293 4086 ostracismum
3351 4029 3594 4093 scilicet.
3638 4027 3683 4080 in

2129 4142 2239 4195 quo
2267 4126 2402 4181 nihil
2443 4125 2616 4181 fuisse
2653 4124 3027 4196 ignominiosi,
3069 4123 3316 4194 Scaliger
3370 4133 3541 4178 notat.
3571 4117 3686 4175 Vide

2127 4219 2477 4275 Plutarchum
2508 4219 2561 4273 in
2601 4217 2718 4286 ejus
2741 4217 2900 4272 ducis
2929 4217 3077 4274 Vita.

2203 4313 2340 4370 Ibid.
2373 4313 2653 4368 Choerilus.
2687 4309 2906 4366 Primus
2927 4308 3206 4364 Palatinus
3255 4318 3313 4365 et
3333 4320 3576 4375 quartus,
3599 4306 3690 4376 Cy-

2133 4407 2286 4461 rillus
2320 4414 2367 4458 et
2401 4403 2668 4464 Frinicus.
2697 4400 2970 4458 secundus
2999 4401 3286 4460 Cherulus.
3323 4401 3520 4456 tertius
3551 4398 3685 4455 Clio-

447 4499 678 4545 mortem
709 4491 886 4558 Bruti,
921 4493 1084 4561 primi
1145 4492 1517 4549 Romanorum
1570 4495 1859 4550 consulis:
1896 4495 2028 4547 Plu—
2065 4495 2110 4551 ι)
2140 4498 2284 4557 ratus
2321 4495 2543 4550 habent.
2573 4491 2894 4559 lntelligitur
2921 4489 3178 4546 Cherilus
3203 4491 3464 4560 tragicus.
3495 4504 3596 4543 non
3623 4485 3691 4552 al—

447 4582 670 4636 tarchus
700 4582 754 4636 in
816 4581 1057 4636 Aristide
1103 4583 1353 4640 proxime
1402 4584 1781 4652 insequentem
1853 4592 2026 4652 putat.

445 4669 584 4726 Vide
615 4669 959 4742 Cappellutn.

521 4763 642 4819 Col.
677 4763 802 4820 585.
838 4767 1075 4820 Trecenti
1113 4765 1315 4820 nobiles
1371 4767 1516 4822 cmi.
1575 4766 2030 4822 Prochronismus

451 4855 540 4910 hic
573 4865 659 4913 est
706 4871 1001 4937 annorum,
1061 4867 1121 4913 ut
1168 4858 1482 4922 minimum,
1531 4857 1744 4921 decem,
1795 4859 1840 4912 si
1887 4857 2028 4926 quod

453 4947 750 5020 Eutropius
779 4949 948 5004 tradit
980 4949 1075 5004 lib.
1123 4967 1162 5014 ι,
1196 4965 1317 5019 cap.
1351 4950 1441 5014 i5,
1475 4950 1589 5005 haec
1628 4949 1808 5006 Fabia:
1855 4951 2031 5021 gentis

450 5041 638 5097 clades
668 5042 895 5114 contigit
922 5043 1151 5100 Caesone
1187 5042 1356 5098 Fabio
1392 5053 1448 5098 et
1478 5041 1543 5097 T.
1576 5040 1828 5113 Virginio
1856 5057 2027 5107 coss.,

454 5134 600 5204 quod
629 5134 887 5189 Aurelius
917 5150 1134 5205 quoque
1166 5135 1354 5190 Victor
1405 5150 1469 5189 ex
1533 5143 1684 5201 parte
1732 5134 2030 5202 significat.

453 5227 654 5283 Verum
685 5238 740 5284 et
772 5227 1060 5294 Diodorus,
1103 5228 1158 5284 et
1207 5231 1271 5282 A.
1321 5228 1530 5284 Gellius
1566 5227 1663 5282 lib.
1734 5241 1844 5282 xvn
1904 5243 2028 5296 cap.

453 5331 748 5392 postremo,
789 5337 931 5375 anno
960 5321 1067 5391 fere
1112 5332 1302 5391 quarto
1361 5331 1482 5391 post
1531 5321 1724 5375 navale
1784 5319 2031 5389 praelium

452 5416 517 5470 ad
570 5415 873 5478 Salamina,
932 5414 1168 5470 Menenio
1227 5417 1460 5485 Agrippa
1499 5422 1555 5467 et
1607 5413 1790 5468 Marco
1833 5413 2030 5484 (rescr.

452 5509 604 5578 Caio)
642 5509 868 5564 Horatio
906 5510 1131 5566 Pulvilio
1159 5526 1320 5574 coss.,
1370 5509 1461 5579 qni
1522 5523 1723 5562 annum
1781 5520 2032 5576 quartum

453 5601 679 5656 denotat
709 5600 1004 5672 olympiad.
1030 5600 1128 5666 75,
1165 5598 1486 5654 interiectos
1534 5598 1731 5652 Fabios
1787 5605 2031 5651 narrant.

453 5689 575 5748 Non
637 5695 822 5764 itaque
882 5693 1090 5749 omittit
1160 5691 1406 5762 Scaliger
1435 5691 1523 5759 {ad
1573 5690 1829 5746 tredecim
1863 5704 2036 5758 usque

399 5769 401 5771 ’
463 5797 637 5840 annuos
667 5784 1147 5856 prochsonismum
1184 5798 1531 5857 exaggerare.
1552 5773 1876 5839 Meminisse
1935 5781 2036 5837 dc-

2138 4600 2217 4642 ter
2240 4587 2473 4649 Samius,
2497 4585 2590 4654 qui
2618 4582 2816 4639 Xerxis
2840 4582 3098 4638 διάϐασιν
3125 4583 3375 4638 versibus
3401 4578 3691 4649 descripsit,

2137 4678 2308 4731 multo
2340 4675 2632 4737 recentior,
2657 4682 2712 4728 et
2737 4671 2982 4726 Horatio.
3015 4670 3274 4740 losepho,
3305 4671 3568 4740 aliisque}
3591 4681 3692 4722 me-

2135 4778 2400 4824 moratus.
2450 4765 2740 4836 Phrynichi
2777 4780 2973 4820 nomen
3022 4777 3278 4834 corrupte
3313 4763 3481 4818 etiam
3518 4760 3695 4827 legitur

2135 4863 2274 4930 apud
2305 4859 2574 4916 Joannem
2605 4857 2860 4912 Tzetzem
2895 4856 2960 4911 ad
3007 4854 3325 4916 Hesiodum,
3356 4871 3418 4925 p.
3468 4853 3587 4918 I27,
3618 4850 3695 4906 ed.

2135 4953 2320 5016 Basil.,
2378 4951 2466 5006 ubi
2525 4965 2624 5021 pro
2667 4949 2960 5020 Φερένικον
3009 4949 3170 5017 plane
3218 4945 3320 5014 legi
3365 4945 3526 5000 debet
3568 4940 3697 5012 Φρύο

2135 5061 2304 5114 νιχον.
2354 5043 2487 5098 Vide
2518 5041 2585 5098 de
2628 5057 2707 5105 re,
2759 5055 2882 5110 quae
2924 5039 2998 5094 ibi
3051 5047 3342 5102 tractatur,
3386 5036 3698 5101 Strabonem

2136 5135 2230 5189 lib.
2262 5149 2375 5199 amr,
2409 5148 2462 5204 p.
2496 5132 2621 5188 655.
2647 5130 2917 5186 Discimus
2944 5145 3007 5185 ex
3032 5127 3259 5183 (Ihmrili
3279 5126 3551 5186 vorsibus,
3576 5136 3700 5192 quos

2136 5229 2320 5282 laudat
2349 5225 2618 5296 Iosephus
2646 5225 2740 5279 lib.
2775 5241 2792 5278 ι
2823 5231 3011 5278 contra
3049 5222 3334 5292 Apionem,
3370 5213 3700 5284 Judteosisub

2139 5319 2319 5374 Xerxe
2352 5318 2622 5388 stipendia
2652 5317 2864 5373 fecisse.

2208 5411 2346 5466 Ibid.
2371 5409 2650 5479 Diagoras.
2679 5408 2847 5464 Recte
2873 5415 3117 5462 notatum
3141 5400 3636 5472 Scaligero.Grieca
3657 5395 3700 5449 oi

2137 5505 2268 5574 περὶ
2292 5502 2560 5570 Διαγόραν
2587 5495 2622 5567 ,’
2653 5517 2717 5556 ex
2779 5498 3069 5555 notissimo
3129 5494 3406 5550 idiotismo
3457 5487 3697 5546 vertenda

2139 5596 2325 5659 fuisse,
2367 5593 2654 5664 Diagoras,
2700 5608 2808 5647 non
2837 5599 3118 5682 sectatpres
3164 5587 3432 5658 Diagora.
3485 5583 3561 5637 Ad
3599 5583 3698 5634 hac

2142 5688 2437 5742 immanem
2470 5685 2945 5755 procbronismum
2986 5677 3108 5739 esse
3134 5695 3405 5737 annorum
3437 5677 3506 5733 66
3539 5693 3554 5732 ι
3585 5683 3694 5725 nam

2141 5793 2286 5836 anno
2316 5777 2560 5836 secundo
2590 5775 2882 5850 olympiad.
2914 5775 3007 5843 91,
3055 5773 3419 5831 Athenienses
3448 5769 3691 5826 talentum
