3932 6188
339 333 446 397 953

1617 338 1910 403 VALLAH
1920 343 2022 403 SII
2053 340 2299 410 ΝΟΤΕ.
2367 351 2370 354 ’

3491 349 3598 412 954

336 457 528 528 ei,qni
558 457 841 528 Diagoram
889 467 1181 527 ἀθεότητος
1229 465 1546 514 accusatum
1601 458 1910 516 interfecis-
1939 460 2310 533 ADionysius
2371 478 2635 534 quoque,
2691 478 2746 524 et
2814 465 3143 528 Herodotus,
3192 463 3479 531 Diodorus,
3540 477 3596 520 et

337 557 439 618 set,
464 551 1201 610 constitueruntNidendunt
1227 552 1430 622 itaque,
1454 568 1582 608 num
1626 554 1691 610 de
1709 569 1915 624 cogno-

339 645 482 702 mine
542 645 648 700 allo
706 647 962 716 quopiam
1003 648 1228 718 Diagora
1283 647 1557 704 Eusebius
1615 647 1712 704 hic
1741 649 1911 706 dicat.

408 737 548 794 Ibid.
588 737 804 796 Xerxes.
858 739 1085 808 Respuit
1119 741 1260 797 hanc
1298 739 1615 811 periocitam
1645 740 1911 812 Scaliger,

335 839 527 900 utpote
579 829 649 885 ab
697 831 897 900 ineptis
935 833 1248 887 hominibus
1300 831 1649 889 inculcatam.
1701 831 1913 887 Habent

309 936 465 981 -vero
494 938 618 979 cum
663 931 877 979 veteres
921 923 1189 978 editiones
1219 938 1433 989 omnes,
1473 933 1587 978 tum
1619 938 1752 980 mss.
1802 938 1913 979 non

332 1014 492 1083 pauci
522 1032 538 1070 :
580 1016 896 1070 nominatim
927 1012 1262 1080 Parmensis,
1293 1023 1346 1071 et
1377 1015 1586 1086 primus
1607 1010 1911 1080 Palatinus,

330 1112 472 1162 teste
505 1104 985 1163 Schurslleischio.

403 1199 544 1254 Ibid.
574 1197 779 1255 Xerxes
812 1200 1041 1256 Athenas
1070 1202 1232 1256 venit.
1271 1200 1456 1257 Palam
1490 1215 1631 1267 esse,
1667 1199 1745 1256 ait
1775 1199 1910 1256 Sca-

329 1291 488 1361 liger,
521 1307 672 1348 anno
702 1293 880 1362 primo
906 1296 1187 1363 sequentis
1221 1295 1545 1367 olympiadis
1580 1295 1686 1350 hoc
1731 1291 1910 1355 conti-

326 1385 499 1452 gisse,
542 1383 716 1440 fuisse
750 1386 917 1441 etiam
948 1399 979 1440 e
1015 1400 1073 1440 re
1120 1387 1361 1453 Eusebii,
1390 1381 1466 1442 'ut
1488 1387 1544 1440 i‘n
1587 1396 1906 1455 sequentem

214 1470 221 1476 ’
325 1491 532 1530 annum
581 1475 851 1543 diﬂ'erret,
896 1493 1020 1534 cum
1051 1477 1240 1536 Galliae
1271 1479 1536 1549 ἄρχοντος
1570 1479 1906 1536 meminerit.

325 1569 579 1632 Occurrit
599 1567 861 1642 Lydiatus
888 1573 953 1627 ad
982 1571 1240 1629 Marmor.
1265 1573 1291 1628 I
1321 1571 1695 1628 Arundellian.
1721 1587 1772 1640 p.
1801 1571 1901 1626 27I

277 1667 285 1676 ’
325 1669 380 1717 et
409 1649 551 1733 seq},
574 1663 730 1733 cujus
758 1673 813 1720 et
841 1678 1024 1734 operae
1053 1661 1284 1734 pretium
1309 1675 1394 1720 est
1421 1655 1585 1720 verba
1612 1677 1904 1734 apponere:

322 1755 397 1822 Is,
425 1757 625 1828 inquit,
667 1772 843 1814 annus
869 1766 951 1814 est
993 1767 1226 1828 quartus
1276 1758 1602 1830 olympiadis
1656 1757 1746 1828 τι,
1799 1773 1908 1829 quo

323 1848 453 1904 item
503 1850 559 1906 in
601 1848 912 1908 Eusebiano
959 1849 1256 1920 Chronico,
1287 1850 1497 1908 Xerxes
1531 1863 1641 1908 tum
1678 1863 1896 1924 pontem

323 1943 377 1998 In
433 1942 866 2015 Hellespontiaco
905 1944 1040 2000 mari
1083 1943 1230 2009 fecit,
1284 1956 1397 1999 tum
1436 1943 1681 2000 Athenas
1728 1944 1898 2012 venit,

322 2035 630 2105 urbemque
658 2037 904 2093 incendit
925 2038 1027 2094 sub
1050 2039 1294 2110 principe
1313 2038 1503 2104 Callia,
1526 2037 1677 2108 juxta
1699 2038 1901 2097 editio-

319 2145 445 2184 nem
483 2125 729 2194 Pontaci,
765 2131 924 2186 simul
967 2131 1020 2186 in
1050 2127 1207 2187 Notis
1232 2133 1600 2202 agnoscentis,
1625 2132 1898 2203 praecipua

319 2220 715 2292 manuscripta,
743 2220 1178 2295 transcriptaque
1209 2240 1317 2281 una
1346 2241 1470 2281 cum
1518 2225 1748 2298 vulgatis
1783 2227 1900 2280 edi-

318 2313 560 2369 tionibus
602 2313 657 2368 in
711 2313 962 2371 eumdem
1011 2330 1216 2371 annum
1264 2325 1516 2386 quartum
1573 2315 1899 2389 olympiadis

318 2400 390 2461 74
414 2405 747 2462 consentire.
785 2405 926 2475 Quin
964 2407 1127 2464 etiam
1161 2408 1213 2462 in
1248 2406 1597 2478 Scaligerana
1634 2408 1896 2474 editione,

317 2512 636 2568 quanquam
689 2499 837 2553 nulla
869 2498 1106 2556 habetur
1135 2501 1344 2556 mentio
1372 2501 1557 2572 pontis
1585 2502 1638 2557 in
1675 2502 1893 2558 Helles-

316 2599 488 2658 ponto
519 2588 667 2654 facti,
692 2588 1049 2646 nihilominus
1089 2591 1280 2647 eodem
1322 2607 1468 2648 anno
1509 2589 1742 2654 Xerxes.
1772 2608 1898 2648 cum

315 2679 560 2736 Athenas
607 2690 866 2750 venisset,
923 2683 1167 2738 Incendit
1210 2683 1399 2740 urbem
1427 2725 1444 2750 ,
1499 2686 1900 2758 subprincipe

316 2773 524 2838 Callia;
561 2775 679 2844 ipso
709 2790 926 2845 quoque
955 2771 1229 2846 Scaligero
1251 2777 1305 2831 in
1339 2777 1789 2833 annotationibus
1820 2776 1890 2831 fa-

317 2872 490 2929 tente,
531 2865 930 2934 quantumlibet
970 2866 1336 2936 improbante,
1388 2875 1502 2923 tum
1544 2868 1744 2938 prioris
1786 2869 1904 2924 sive

316 2957 648 3027 antiquioris
675 2956 907 3029 exempli
946 2960 1164 3017 codices
1209 2975 1337 3017 cum
1387 2949 1563 3029 spatio
1613 2961 1898 3030 historico,

316 3059 436 3107 tum
478 3051 816 3121 posterioris,
853 3052 972 3108 sine
1012 3067 1098 3120 co,
1150 3063 1262 3109 tum
1295 3054 1531 3124 denique
1566 3055 1761 3122 editos,
1794 3055 1900 3110 hoc

318 3153 530 3213 gestum
564 3159 880 3214 comparare
908 3160 1029 3201 cum
1063 3161 1209 3201 anno
1232 3155 1432 3217 quarto
1458 3135 1784 3218 olympiadis
1808 3148 1898 3215 τι,
1931 3172 1974 3233 c

321 3239 408 3294 bis
455 3247 632 3295 autem
667 3239 1012 3309 thjit-iente,
1051 3257 1169 3294 cum
1203 3251 1376 3297 tamen
1417 3242 1597 3312 palam
1627 3245 1716 3309 sit,
1760 3260 1900 3298 anno

317 3333 493 3402 primo
518 3333 780 3402 sequentis
823 3333 1148 3402 olympiadis
1181 3333 1277 3388 hoc
1315 3335 1619 3404 contigisse.
1659 3334 1726 3388 At
1771 3349 1900 3390 vero

320 3425 600 3494 quomodo
646 3425 874 3493 palam?
928 3425 1368 3495 quandoquidem
1423 3435 1621 3494 praeter
1670 3425 1898 3496 eclipsin

319 3512 455 3568 solis
519 3512 878 3570 Herodoteam
937 3513 1304 3570 vindicantem
1361 3514 1560 3571 Xerxis
1611 3516 1898 3572 transitum

319 3601 593 3659 Sardibus
614 3619 711 3672 per
741 3601 1152 3675 Hellespontum
1180 3603 1576 3675 Thermopylas
1598 3604 1775 3659 eidem
1805 3620 1901 3660 ve-

318 3697 388 3760 ri,
420 3691 769 3768 Thucydides
797 3697 960 3752 etiam
1001 3696 1055 3752 in
1084 3695 1351 3768 procemio
1383 3695 1638 3751 Historias
1663 3695 1900 3751 reditum

317 3783 517 3842 Xerxis
544 3803 574 3843 e
619 3781 852 3854 Graecia,
909 3796 1031 3856 post
1074 3787 1320 3843 navalem
1364 3787 1574 3843 cladem
1621 3799 1898 3858 acceptam

316 3879 384 3933 ad
436 3877 794 3942 Salaminam,
839 3886 1040 3936 statuat
1091 3895 1236 3936 anno
1281 3881 1737 3952 quinquagesimo
1772 3889 1902 3937 ante

319 3972 538 4027 initium
597 3973 720 4040 belli
774 3973 1249 4044 Peloponnesiaci,
1289 3975 1532 4045 suscepti
1582 3989 1710 4030 vere
1757 3973 1902 4030 desi-

318 4065 500 4122 nantis
546 4066 674 4122 anni
721 4067 882 4137 primi
930 4067 1257 4138 olympiadis
1300 4067 1390 4129 87.
1415 4066 1671 4122 nimirum
1694 4067 1903 4122 exactis

317 4157 463 4213 inter
508 4169 804 4227 utrumque
851 4161 1010 4216 annis
1036 4162 1395 4231 quadraginta
1429 4175 1624 4228 novem
1655 4169 1710 4216 et
1742 4159 1902 4214 dimi-

320 4251 429 4307 dio.
461 4249 752 4307 Concludit
791 4251 932 4306 enim
970 4253 1231 4324 digeriem
1272 4269 1450 4308 rerum
1498 4254 1565 4308 ah
1605 4253 1902 4310 Athenien—

319 4341 473 4396 sibus
499 4342 705 4398 interea
733 4352 1006 4414 gestarum
1037 4344 1122 4400 his
1153 4344 1339 4401 verbis
1376 4361 1391 4398 :
1421 4343 1609 4400 Tatii-ra
1646 4345 1703 4398 δὲ
1758 4345 1900 4414 ξύμ-

320 4454 542 4492 παντα..
590 4437 808 4504 ἐγένετο
828 4439 886 4492 ὲν
915 4439 1059 4494 ἔτεσι
1079 4439 1417 4510 πεντήκοντα
1436 4441 1670 4508 μάλιστα
1697 4440 1898 4508 μεταξὺ

2018 550 2259 610 Thomas
2325 553 2581 625 Magister
2644 557 2699 612 in
2766 557 2888 613 Vita
2954 557 3279 624 Euripidis.
3350 555 3595 626 Denique

2014 656 2141 698 cum
2194 646 2334 716 apud
2377 650 2719 717 Athenarum,
2754 651 2846 706 lib.
2901 666 3024 718 xm,
3074 650 3376 707 Καλλιάδου
3412 667 3594 716 κωμι-

2013 738 2112 789 κοῦ
2159 741 2365 794 mentio
2412 740 2504 805 sit,
2539 756 2604 796 ac
2648 758 2814 812 porro
2859 743 3108 799 videatur
3133 741 3422 813 legendum
3453 738 3597 794 Καλ-

2011 828 2149 892 λίου.
2203 830 2402 886 nullam
2457 831 2628 888 fuisse
2670 833 2921 889 Fabricio
2958 849 3203 899 causam,
3239 849 3346 890 cur
3367 847 3432 888 ex
3468 831 3590 886 solo

2012 923 2257 985 Athenzei
2295 923 2414 978 loco
2441 925 2718 981 diversum
2751 927 2986 997 aliquem
3027 944 3053 982 a
3086 927 3257 984 Callia
3289 927 3585 992 comicum,

2011 1013 2303 1073 Calliadem
2333 1019 2562 1085 dictum,
2591 1019 2842 1076 ﬂoruisse
2867 1030 3152 1076 statueret.

2082 1108 2200 1165 Col.
2251 1110 2374 1165 585.
2421 1108 2776 1181 Principium,
2829 1112 3014 1181 Neque
3061 1113 3116 1166 in
3153 1111 3432 1168 Parmensi
3482 1124 3588 1167 ms.

2013 1200 2130 1254 haec
2172 1208 2254 1256 est
2287 1200 2562 1270 periocha,
2615 1217 2794 1271 neque
2841 1203 2894 1258 in
2949 1203 3187 1273 vulgatis
3230 1201 3406 1256 libris.
3455 1199 3586 1254 Eam

2011 1293 2286 1350 Pontacus
2327 1294 2379 1348 in
2415 1294 2563 1350 curis
2583 1295 2982 1364 posterioribus
3015 1295 3102 1348 hic
3123 1295 3285 1365 jussit
3307 1291 3544 1346 describi
3569 1305 3590 1346 :

2014 1385 2261 1457 Scaliger
2295 1402 2418 1442 cum
2448 1387 2502 1442 in
2527 1387 2768 1444 editione
2794 1403 2894 1443 sua
2930 1386 3390 1459 praetermisisset,
3421 1381 3594 1438 refert

2011 1487 2192 1534 tamen
2220 1479 2273 1534 in
2296 1479 2451 1536 Notis
2477 1480 2544 1535 ad
2579 1495 2734 1534 num.
2760 1480 2923 1543 1547,
2954 1479 3115 1534 tertio
3139 1478 3344 1533 scilicet
3389 1475 3592 1531 abhinc

2011 1587 2155 1628 anno
2192 1591 2209 1639 ;
2262 1573 2327 1628 ad
2360 1575 2478 1631 haec
2516 1575 2705 1630 multis
2757 1575 3039 1630 contendit
3082 1572 3250 1629 scribi
3309 1572 3590 1635 debuisse,

2012 1667 2336 1732 Principium
2369 1682 2540 1731 usu,
2567 1676 2675 1722 etc.
2703 1666 2816 1738 Ego
2847 1667 2916 1723 de
2940 1667 3105 1738 hujus
3132 1667 3310 1723 adhuc
3337 1665 3441 1722 loci
3464 1680 3590 1734 ger-

2014 1762 2275 1816 manitate
2308 1763 2625 1818 subdubito.

2082 1851 2198 1908 Col.
2254 1853 2380 1908 585.
2415 1854 2780 1912 Athenienses.
2812 1853 2890 1908 Ex
2923 1852 3183 1915 Diodoro,
3221 1851 3384 1916 libro,
3411 1859 3470 1904 ut
3503 1848 3590 1902 vi-

2007 1944 2190 2009 detur,
2239 1960 2316 2009 ιι,
2356 1945 2638 2001 contendit
2689 1945 2952 2015 Scaliger,
3007 1946 3113 1999 hoc
3143 1953 3361 2014 gestum
3411 1942 3586 1997 fuisse

2007 2051 2152 2090 anno
2182 2039 2344 2092 tertio
2403 2038 2700 2110 olympiad.
2761 2039 2850 2102 75.
2921 2039 3171 2092 archonte
3226 2034 3584 2092 Timoslhene.

2007 2125 2325 2198 Anonymus
2354 2141 2484 2182 vero
2516 2127 2568 2181 in
2603 2129 2849 2197 proxime
2901 2134 3220 2196 sequentem
3255 2125 3464 2190 diil‘ert,
3499 2136 3588 2178 ar—

2007 2214 2206 2271 chonte
2255 2215 2462 2273 scilicet
2486 2219 2780 2272 Adimanto
2827 2234 2843 2273 :
2878 2217 3232 2287 Ἀδείμαντος
3271 2212 3582 2287 (ᾶρχοννος)

2009 2309 2290 2378 Ἀθηναῖοι
2313 2309 2373 2363 se
2425 2311 2682 2379 Πειραῖον
2737 2310 3090 2380 τειχίζουσιν.
3167 2309 3372 2374 Potuit,
3437 2308 3584 2378 quod

2007 2398 2316 2456 Simsonius
2367 2415 2577 2466 monet,
2624 2411 2800 2470 coepta
2861 2417 3006 2457 anno
3059 2402 3340 2469 superiore
3388 2399 3582 2456 Piraeei

2006 2494 2388 2563 communitio,
2409 2495 2512 2552 hoc
2542 2495 2763 2551 demum
2785 2496 3015 2552 absolvi.
3047 2493 3180 2550 Vide
3194 2493 3572 2566 Thucydidem

2007 2586 2102 2642 lib.
2136 2603 2198 2641 il.
2644 2638 2649 2641 _

2077 2677 2458 2736 lbid.Ilieron.
2503 2681 2733 2752 Scripsit
2781 2680 3042 2753 Lydiatus
3095 2679 3424 2748 singularem
3477 2677 3587 2732 dis-

2007 2775 2358 2842 qttisittonem
2394 2776 2461 2832 de
2492 2785 2737 2846 tempore
2764 2775 3026 2846 dynastiae
3059 2783 3112 2831 et
3145 2771 3336 2828 mortis
3360 2771 3587 2828 Gelonis

2008 2862 2366 2935 Syracusani,
2413 2867 2466 2922 in
2499 2883 2604 2935 qua
2639 2866 2706 2921 de
2740 2866 3046 2922 Eusebiano
3079 2867 3205 2930 isto,
3264 2873 3429 2934 atque
3471 2863 3583 2919 alio

2007 2965 2132 3026 post
2190 2956 2486 3012 triennium
2533 2956 2751 3024 gemino
2783 2956 2911 3011 huic
2943 2955 3061 3010 loco
3088 2971 3350 3026 perquam
3372 2955 3587 3010 erudite

2007 3047 2231 3104 disserit
2265 3066 2280 3108 :
2315 3059 2477 3116 atque
2509 3065 2574 3104 ex
2612 3063 2680 3104 eo
2724 3063 2848 3104 cum
2886 3047 3100 3116 primis,
3139 3048 3282 3117 quod
3317 3049 3587 3102 Pontacus

2009 3149 2181 3207 notat,
2237 3141 2610 3196 vetustissima
2672 3141 3027 3210 exemplaria,
3077 3140 3398 3195 nominatim
3455 3154 3585 3194 vero

2007 3233 2274 3302 Fuxense,
2311 3233 2533 3290 Gelonis
2562 3249 2786 3306 regnum
2820 3234 3108 3308 Syracusis
3147 3235 3200 3289 in
3230 3235 3413 3290 Sicilia
3465 3243 3584 3290 sta-

2006 3336 2158 3382 tuere
2189 3327 2410 3382 demum
2434 3343 2579 3382 anno
2603 3329 2844 3383 secundo
2871 3327 3197 3399 olympiadis
3222 3327 3311 3394 75,
3337 3342 3438 3383 nec
3457 3335 3583 3382 ante

2005 3421 2363 3492 olympiadem
2397 3421 2463 3476 76
2493 3422 2825 3476 mentionem
2852 3420 3105 3477 Hieronis
3141 3421 3362 3478 habere.
3393 3419 3488 3475 Est
3511 3436 3575 3475 ea

2003 3515 2214 3568 ratione
2235 3526 2358 3566 cum
2384 3513 2677 3567 marmorei
2707 3512 3080 3567 Arundelliani
3105 3512 3362 3566 Chronici
3385 3522 3578 3566 aucto-

2005 3619 2064 3660 re
2092 3613 2416 3659 consensus.
2451 3602 2754 3657 Conveniet
2781 3613 2830 3656 et
2875 3601 3180 3658 Scholiasta
3214 3601 3433 3657 Pindari
3469 3602 3575 3673 Py-

2005 3697 2149 3752 thica
2205 3697 2310 3752 oda
2357 3695 2390 3751 7
2420 3695 2712 3751 referentis
2750 3696 2964 3749 initium
3030 3696 3177 3765 regni
3229 3695 3482 3750 Hieronis
3512 3695 3579 3750 ad

2003 3787 2365 3861 olympiadem
2394 3788 2482 3852 76.
2513 3788 2772 3859 pythiade
2811 3787 2900 3845 28.
2924 3803 3044 3857 quae
3081 3803 3204 3842 cum
3247 3802 3389 3842 anno
3416 3788 3582 3842 tertio

2003 3883 2247 3953 ejusdem
2303 3882 2631 3954 olympiadis
2664 3879 2964 3937 concurrit.
2990 3880 3070 3934 Ad
3099 3879 3215 3935 haec
3269 3878 3582 3935 Aristotelis

2003 3977 2282 4034 Politicor.
2321 3975 2418 4034 lib.
2444 3992 2497 4040 v,
2525 3987 2582 4031 et
2632 3974 2848 4029 Diodori
2890 3974 2988 4032 lib.
3029 3988 3108 4036 xt,
3133 3988 3188 4042 p.
3219 3971 3324 4026 266
3351 3980 3402 4026 et
3432 3969 3565 4034 276,

2005 4069 2342 4132 testimonia.
2387 4068 2607 4146 quibus.
2641 4081 2912 4122 annorum
2966 4080 3180 4119 summa
3238 4063 3576 4123 continetur,

2003 4179 2102 4233 per
2126 4179 2265 4234 quos
2283 4170 2584 4233 regnarunt
2607 4175 2753 4216 unus
2782 4169 2904 4230 post
2921 4159 3085 4213 alium
3111 4158 3220 4212 duo
3251 4157 3326 4212 illi
3353 4157 3578 4221 fratres,

2001 4257 2259 4326 explicari
2317 4253 2603 4310 commode
2656 4245 3230 4322 possunt,‘attrihntis
3287 4249 3459 4304 ferme
3489 4264 3581 4303 sc-

2002 4360 2146 4418 ptem
2182 4345 2397 4411 Geloni,
2425 4343 2645 4400 Hieroni
2672 4356 2854 4398 autem
2886 4342 3241 4405 undecim,et
3287 4341 3428 4410 quod
3484 4355 3581 4396 ex-

2003 4440 2196 4496 currit.
2231 4437 2366 4492 Nam
2406 4447 2458 4492 et
2484 4435 2746 4506 Scaliger,
2789 4435 2882 4500 qui
2928 4435 3057 4488 huic
3083 4449 3258 4488 annos
3287 4433 3474 4487 decem
3523 4439 3579 4486 et

317 4529 488 4598 τῆς’τε
511 4528 716 4600 Ξέρξου
731 4531 1137 4601 ἀναχωρήσεως
1159 4531 1253 4584 καὶ
1278 4532 1377 4598 τῆς
1408 4533 1586 4602 ἀρχῆς
1613 4531 1766 4588 τοῦδε
1798 4529 1894 4584 τοῦ

2012 4541 2210 4600 septem
2242 4530 2525 4600 elargitur,
2560 4538 2747 4585 contra
2784 4526 3082 4582 Diodorum
3135 4524 3263 4580 facit
3297 4544 3313 4581 :
3353 4531 3408 4578 et
3459 4523 3581 4578 fru-

318 4620 584 4690 πολέμου.
637 4620 761 4676 Hac
806 4623 986 4676 omnia
1029 4633 1176 4693 gesta
1203 4634 1326 4678 sunt
1357 4623 1412 4677 in
1448 4625 1602 4679 annis
1635 4641 1900 4681 summum

317 4713 726 4784 quinquaginta,
782 4716 920 4770 inter
965 4715 1161 4771 Xerxis
1215 4725 1561 4772 retrocessum
1598 4734 1662 4772 ac
1687 4720 1900 4775 initium

317 4806 540 4874 hujusce
586 4807 728 4863 belli.
765 4807 908 4864 Idem
943 4819 1121 4863 autem
1170 4823 1386 4864 annuus
1425 4809 1682 4878 princeps
1727 4812 1900 4868 Athe-

317 4898 533 4956 niensis
584 4900 701 4955 sive
751 4902 981 4968 archon,
1022 4901 1090 4956 ab
1120 4902 1240 4956 aliis
1272 4902 1586 4959 Graecorum
1622 4904 1899 4963 historicis

318 4993 642 5050 nominatur
682 4993 906 5062 Callias,
965 4995 1034 5051 ab
1082 4997 1205 5051 aliis
1231 4997 1542 5063 Calliades;
1578 4997 1720 5054 sicut
1749 4999 1899 5056 inse-

315 5087 534 5158 quentis
589 5089 742 5154 anni,
770 5090 838 5143 ah
865 5089 987 5145 aliis
1017 5087 1434 5160 Xanthippides,
1472 5090 1582 5146 imo
1611 5107 1742 5148 vero
1773 5093 1902 5148 sub-

318 5180 447 5234 inde
466 5181 532 5232 ah
563 5180 778 5243 iisdem,
811 5190 868 5236 ut
897 5196 926 5236 a
958 5180 1172 5236 Lacrtio
1203 5183 1367 5244 idem,
1399 5183 1450 5236 in
1481 5182 1600 5237 Vita
1634 5183 1897 5247 Sorratis,

314 5269 611 5335 Calliades,
649 5272 701 5324 in
730 5268 850 5324 Vita
884 5270 1241 5336 Anaxagorm,
1265 5271 1503 5340 Callias;
1539 5273 1696 5338 cujus
1731 5258 1901 5330 nimi-

315 5377 442 5417 rum
480 5362 621 5416 ratio
653 5362 893 5428 videtur,
924 5363 1070 5432 quod
1114 5363 1274 5418 iidem
1306 5364 1503 5419 fuerint
1537 5366 1630 5420 lilii
1675 5375 1771 5420 aut
1799 5383 1897 5420 ne-

317 5463 476 5522 potes
505 5463 742 5524 patrum,
791 5463 886 5510 aut
910 5471 1133 5510 avorum
1165 5472 1562 5526 proavorumve
1600 5457 1895 5513 celebrium

318 5543 516 5599 iisdem
551 5543 888 5600 nominibus.
924 5541 1198 5600 Hactenus
1223 5545 1334 5599 ille.
1362 5546 1465 5601 Sed
1493 5557 1546 5601 et
1575 5545 1897 5602 Schurzflei-

316 5634 507 5690 schius
541 5634 593 5689 in
619 5633 806 5704 primo
841 5642 894 5688 et
923 5644 1119 5703 quarto
1163 5627 1430 5690 Palatinis
1483 5650 1614 5690 mss.
1653 5636 1897 5690 Calliade

317 5726 421 5796 legi
464 5735 641 5793 notat,
676 5728 730 5783 in
764 5726 924 5783 tertio
960 5741 1238 5804 perperam
1279 5726 1345 5782 P.
1379 5726 1579 5784 Gallia.
1613 5727 1669 5781 in
1701 5726 1898 5784 Graeco

317 5819 485 5874 etiam
536 5817 725 5876 haberi
759 5816 1082 5885 Καλλιάδου,
1129 5820 1272 5890 quod
1305 5834 1501 5875 nomen
1548 5819 1620 5874 ita
1667 5818 1897 5876 cﬂ'erunt

2001 4635 2111 4678 stra
2142 4621 2433 4693 Cappellus
2463 4619 2773 4676 Aristotelis
2807 4619 2986 4674 locum
3031 4617 3316 4673 sollicitat.
3353 4615 3575 4670 Certum

2001 4717 2129 4771 hinc
2175 4729 2342 4786 porro
2385 4725 2492 4782 est,
2525 4712 2820 4769 Hieronem
2873 4712 2981 4770 huc
3027 4712 3254 4785 minime
3305 4721 3576 4779 spectare,

2000 4825 2109 4879 quo
2167 4809 2236 4864 ab
2277 4807 2514 4864 Eusebio
2571 4807 2804 4875 primum
2865 4805 2984 4860 loco
3019 4813 3370 4858 memoratur.
3421 4801 3577 4858 Haud

2000 4899 2114 4955 scio
2146 4893 2353 4957 autem,
2383 4911 2512 4949 num
2551 4895 2826 4960 conjicere
2856 4893 3040 4960 liccat,
3074 4892 3337 4962 sériptum
3391 4891 3460 4947 ab
3511 4907 3580 4948 eo

2000 4992 2092 5048 hic
2121 4990 2288 5046 fuisse
2321 4988 2507 5045 Gelon.
2532 5003 2632 5058 pro
2684 4986 2908 5040 Hieron.

2069 5083 2188 5140 Col.
2207 5083 2332 5139 58‘.
2361 5080 2563 5136 Bellum
2591 5078 2916 5134 in'Plataais.
2951 5077 3197 5133 Tradunt
3225 5078 3574 5158 commissam

1999 5187 2288 5247 utramque
2341 5189 2578 5246 pugnam
2637 5187 2783 5228 anno
2845 5175 3084 5229 secundo
3139 5174 3436 5244 olympiad.
3479 5171 3571 5235 75,

1999 5280 2160 5340 atque
2177 5269 2368 5324 eodem
2402 5267 2520 5336 ipso
2555 5265 2644 5320 die
2663 5265 3073 5320 Boedromionis
3109 5269 3269 5320 tertio
3304 5264 3383 5318 vel
3407 5278 3578 5330 quar-

2002 5374 2078 5422 to.
2118 5372 2177 5418 ttt
2222 5362 2548 5417 Plutarchus
2579 5366 2732 5412 notat
2764 5358 2816 5412 in
2841 5356 3094 5422 Camillo,
3129 5357 3351 5427 Augusti
3381 5355 3450 5410 28
3477 5363 3574 5409 aut

1999 5453 2090 5518 29,
2125 5462 2184 5508 ut
2231 5452 2408 5506 innuit
2461 5449 2752 5504 Cornelius
2808 5447 3012 5520 Nepos.
3061 5447 3297 5506 Proinde
3333 5447 3575 5514 Scaliger

2003 5543 2221 5600 triennii
2249 5541 2773 5598 metachronismum
2807 5551 2958 5619 notat
2985 5541 3051 5616 ab
3079 5539 3314 5595 Eusebio
3363 5537 3573 5592 admis-

1999 5655 2141 5694 sum.
2174 5636 2245 5690 Ea
2281 5635 2444 5692 fuerit
2484 5634 2748 5702 auctoris,
2799 5649 2960 5706 quem
3017 5641 3204 5686 noster
3253 5637 3416 5695 tacet,
3443 5643 3575 5685 sen-

2001 5730 2192 5785 tentia.

2070 5822 2208 5879 lhid.
2239 5819 2528 5879 Pindarus.
2560 5820 2679 5878 Non
2709 5819 2926 5876 additur
2959 5817 3186 5873 musicus
3217 5817 3270 5873 in
3305 5813 3567 5881 Scaligcri
