3964 6186
364 297 470 362 959

1639 273 2050 368 VALLARSII
2091 305 2331 374 NOT/E.
3450 327 3535 390 920

433 409 570 468 Ibid.
625 408 946 472 Herodotus.
997 415 1216 490 chisse
1265 421 1549 494 Olympiae,
1588 439 1684 480 seu
1742 425 1926 496 potius
1955 419 2004 477 Δ
2034 427 2270 488 potuerit
2323 427 2393 484 ab
2427 417 2669 487 Eusebio
2717 423 2933 488 referri.
2959 431 3158 528 Caetera
3208 432 3391 488 videsis
3423 439 3538 507 apud

357 505 590 563 Athenis
621 509 674 564 in
705 507 1193 568 Panathenteorum
1229 518 1482 589 panegyri
1504 559 1519 584 ,
1555 519 1797 588 Scaliger
1827 532 1924 573 no-

359 606 438 651 tat
469 613 485 650 :
516 599 744 668 proinde
781 616 889 657 non
922 604 975 657 in
1003 606 1244 670 concilio,
1273 609 1598 665 siv’esenatu
1623 610 1926 670 Athenien-

359 689 503 744 sium
541 691 710 761 legit;
757 694 875 756 sed,
903 705 962 749 ut
1000 697 1054 752 in
1103 698 1306 756 Graecis
1364 701 1585 767 dicitur,
1630 703 1733 758 fuit
1761 706 1830 759 ab
1860 720 1927 760 eo

359 790 555 836 senatu
607 793 762 852 pater
787 785 1044 844 historia:
1079 789 1401 848 honoratus.
1457 792 1666 850 Cietera
1715 795 1926 851 n0tiora

362 880 511 936 sunt,
564 888 728 942 quam
776 887 835 931 ut
875 878 942 934 iis
983 885 1302 938 enarrandis
1354 885 1734 943 immoremur.
1795 888 1929 943 Vide

361 964 638 1028 Vossium.
671 969 1004 1039 Fabricium,
1045 983 1209 1044 atque
1251 978 1427 1046 ipsum
1482 981 1525 1034 si
1577 981 1711 1038 libet
1750 981 1930 1037 Scali-

363 1070 574 1123 gerum.
609 1057 751 1114 Idem
779 1061 848 1118 de
892 1063 1134 1132 Melisso,
1180 1067 1457 1138 Euripide,
1495 1070 1812 1142 Protagora,
1844 1083 1930 1129 at-

358 1163 468 1217 que
491 1151 614 1206 aliis
637 1153 952 1221 dicendum,
983 1172 1215 1226 quorum
1257 1158 1401 1214 Vitas
1435 1171 1488 1216 et
1523 1161 1737 1234 Scripta
1767 1166 1932 1219 uber-

360 1241 516 1296 rimis
552 1241 974 1303 Commentariis
1005 1250 1334 1307 recentiores
1366 1253 1511 1308 docti
1549 1256 1650 1310 viri
1690 1256 1933 1312 illustra-

360 1341 512 1388 ruut.
1682 1353 1685 1356 ’

431 1425 550 1482 Col.
579 1429 705 1486 588.
742 1430 923 1489 Romae
973 1451 1182 1491 rursum
1238 1439 1478 1495 consules
1525 1443 1711 1499 creati.
1741 1442 1932 1509 Notat,

362 1523 424 1570 ut
469 1521 687 1585 sentio,
727 1523 999 1582 Eusebius
1048 1528 1100 1584 id
1150 1533 1435 1600 temporis,
1497 1549 1608 1602 quo
1659 1535 1934 1606 abrogatis

359 1609 597 1664 tribunis
639 1613 895 1679 militum,
953 1634 1039 1674 res
1098 1621 1296 1676 iterum
1350 1625 1415 1679 ad
1477 1626 1636 1681 binos
1681 1629 1934 1685 consules

2029 518 2364 578 Fabricium.

2027 621 2078 663 ε-
2097 611 2217 668 Col.
2240 615 2365 670 591.
2391 615 2638 674 Socrates
2669 617 2767 692 [al.
2787 617 3092 689 Isocrates].
3124 616 3301 673 Nescit
3318 617 3542 675 Parmen-

2029 703 2109 757 sis
2135 720 2241 761 ms.
2282 707 2442 763 verba
2494 712 2584 780 qui
2634 711 2869 766 scholam
2918 715 3274 782 congregavit,
3322 730 3429 784 quae
3450 716 3546 784 ipsa

2029 797 2196 852 etiam
2239 796 2504 870 Scaligeri
2532 803 2704 858 editio
2730 804 2963 874 ignorat.
2995 804 3206 867 Graeca.
3247 821 3355 874 quae
3389 807 3449 861 iis
3475 823 3549 862 re-

2030 885 2302 954 spondent
2335 904 2351 945 :
2382 890 2674 962 Φιλόσοφος
2708 893 3062 963 καθαρτικὸς,
3102 894 3241 950 aliud
3273 898 3441 966 utique
3485 912 3553 952 so-

2031 993 2164 1036 nant
2204 1000 2218 1038 ε
2254 1000 2391 1056 quas
2439 1003 2633 1057 nempe
2685 989 3045 1059 proﬁtebatur
3113 989 3420 1045 initiationes
3469 990 3540 1044 lu-

2033 1075 2460 1145 strationesque.
2505 1078 2571 1134 Et
2603 1091 2788 1135 monet
2824 1080 3306 1135 Schurzﬂeischius
3328 1123 3341 1144 ,
3371 1080 3554 1150 Epime-

2033 1164 2215 1218 nidem
2251 1182 2471 1238 quoque
2497 1179 2552 1224 et
2583 1162 2946 1242 Pythagoram
2974 1179 3030 1225 et
3059 1171 3193 1225 alios
3226 1171 3412 1226 multos
3439 1177 3556 1223 καυ-

2035 1256 2296 1324 αρτικοὺς
2324 1259 2680 1331 philosophos
2713 1263 3034 1331 appellatos.
3068 1261 3207 1329 Quin
3245 1278 3406 1330 neque
3422 1263 3557 1317 scho-

2034 1347 2142 1403 lam
2178 1349 2369 1405 habuit
2400 1351 2680 1421 Socrates,
2723 1356 2816 1410 sed
2851 1371 2976 1411 cum
3029 1353 3256 1421 amicis,
3283 1363 3334 1410 et
3374 1355 3454 1424 qui
3503 1353 3556 1408 ad

2035 1452 2161 1494 eum
2195 1442 2537 1507 accederent.
2569 1455 2653 1500 est
2694 1445 3126 1514 philosophatus.

2107 1532 2226 1588 Col.
2269 1534 2396 1590 587.
2428 1534 2733 1592 Nehemias.
2783 1537 3130 1616 Manifestum
3162 1546 3259 1598 est.
3296 1539 3401 1592 hac
3435 1551 3562 1590 acce-

2036 1624 2186 1695 pisse
2243 1624 2542 1683 Eusebium
2597 1630 2665 1683 ab
2715 1621 3207 1698 Africanopquem
3247 1628 3564 1698 Hieronymus

362 1700 523 1757 rediit
546 1717 563 1760 :
585 1708 677 1774 qui
721 1708 941 1777 quidem
970 1715 1316 1782 octogesima;
1359 1729 1569 1788 quartae
1597 1721 1803 1792 olymp.
1849 1736 1937 1777 se-
1965 1759 2013 1820 Β
2040 1717 2447 1776 Commentario
2481 1721 2534 1776 in
2568 1721 2808 1776 Danielis
2827 1738 2878 1779 c.
2910 1741 2963 1779 IX
2992 1723 3200 1787 laudat,
3235 1723 3567 1820 multisii_sqne

362 1793 576 1820 nam,“
622 1796 704 1820 Μ,
755 1799 946 1820 ,μά-η
1001 1819 1011 1820 ί
1266 1817 1274 1820 Α
1378 1818 1386 1820 _
1439 1811 1488 1820 ..
1609 1811 1644 1820 -.
1731 1813 1743 1820 .
2046 1809 2061 1820 .
2177 1810 2191 1820 .
2275 1812 2306 1820 _.
2374 1811 2387 1820 .
2452 1813 2464 1820 .
2574 1815 2625 1820 __
2729 1815 2742 1820 _
2933 1815 2947 1820 -

362 1793 576 1850 cundus
622 1796 704 1852 vel
755 1799 952 1858 tertius
992 1819 1172 1860 annus
1199 1817 1300 1876 est,
1333 1818 1394 1864 ut
1439 1811 1646 1867 biennii
1678 1813 1745 1868 ad
1781 1828 1934 1868 sum-

362 1896 509 1938 mum
543 1889 1008 1947 metachrouismo
1044 1895 1292 1952 laborent
1333 1898 1593 1966 iauctoris
1643 1904 1814 1959 nostri
1846 1920 1940 1960 ra-

363 1971 562 2038 tiones,
603 1975 648 2028 si
674 1991 799 2032 cum
830 1972 1083 2047 aliorum,
1117 1986 1210 2053 qui
1253 2001 1568 2058 supersunt,
1605 1995 1938 2065 scriptorum

361 2062 583 2120 calculis
629 2067 984 2127 conferantur
1027 2090 1044 2129 :
1089 2093 1197 2132 non
1254 2078 1524 2148 duarum,
1571 2092 1634 2138 ut
1703 2062 1940 2158 scaliger

363 2159 700 2228 pronuntiat,
766 2165 1066 2224 solidarum
1119 2171 1516 2243 olympiadum.
1588 2177 1726 2234 Vide
1779 2179 1941 2250 διεο-

429 2343 546 2444 Col.
583 2345 708 2404 387.
736 2349 976 2408 Phidias.
1010 2353 1309 2428 Scaligero,
1337 2364 1431 2433 qui
1467 2367 1937 2444 duarumfolymp.

360 2436 833 2502 prochronismum
871 2444 924 2498 in
952 2445 1192 2504 Eusebio
1228 2455 1690 2526 comminiscitur,
1708 2436 1938 2531 top-pone

357 2527 734 2585 doctissimam
769 2533 1026 2591 Dodwelli
1056 2537 1504 2601 Dissertationem
1540 2550 1594 2604 in
1630 2527 1937 2611 Annalibus

359 2617 730 2692 Thucydideis
773 2625 841 2680 ad
883 2643 975 2685 an.
1008 2630 1040 2684 6
1075 2631 1198 2688 belli
1233 2631 1695 2707 Peloponnesiaci
1732 2660 1785 2713 p.
1822 2646 1928 2702 135

360 2717 416 2764 et
453 2725 638 2782 seqq.,
671 2730 835 2785 quam
866 2719 972 2775 huc
1003 2721 1207 2780 referre
1249 2736 1502 2784 notarum
1541 2734 1794 2802 angustia
1825 2752 1934 2792 non

362 2803 588 2869 patitur.

429 2913 567 2972 Ibid.
604 2918 928 2982 Thetetatus.
969 2925 1260 2997 Perperam
1297 2942 1414 2988 erat
1450 2933 1503 2989 in
1540 2936 1772 2993 Pontaci
1820 2939 1936 2995 edi-

360 3003 508 3096 tione
534 3008 893 3071 Tlteatlzecus':
913 3033 1009 3073 nec
1038 3030 1184 3075 recte
1207 3021 1451 3096 Scaliger
1481 3026 1764 3086 Thtrtetus.
1799 3029 1934 3088 Vide

2046 1809 2497 1868 luculentissimis
2523 1815 2774 1870 adductis
2804 1831 2868 1870 ex
2900 1815 3019 1884 ejus
3049 1815 3189 1869 libro
3222 1814 3398 1884 quinto
3435 1811 3568 1867 Tem-

2046 1915 2241 1970 porum
2267 1901 2424 1959 locis.
2455 1904 2560 1960 Sed
2581 1907 2694 1961 haec
2717 1909 3000 1978 persequi,
3023 1922 3148 1976 quae
3162 1905 3416 1961 sescentis
3441 1903 3568 1958 libris

2046 1989 2320 2064 disputata
2351 2006 2479 2052 sunt
2527 1997 2579 2051 in
2631 2008 2920 2068 utramque
2976 2008 3223 2068 partem,
3273 1995 3563 2066 propositum

2045 2095 2295 2142 nostrum
2341 2105 2445 2143 nou
2487 2092 2710 2159 patitur.
2774 2091 3055 2147 Monemus
3087 2099 3266 2145 tamen
3289 2130 3302 2152 ,
3332 2087 3396 2140 iis
3425 2084 3570 2140 omni-

2046 2178 2170 2245 bus,
2211 2196 2328 2248 qute
2363 2184 2532 2238 multa
2583 2183 2693 2239 huc
2746 2183 2986 2254 Scaliger
3030 2181 3326 2251 congessit,
3357 2178 3416 2234 ad
3439 2175 3568 2231 ﬁdem

2047 2274 2257 2329 auctori
2291 2283 2482 2330 nostro
2519 2291 2675 2342 aeque
2727 2287 2890 2345 atque
2923 2273 3206 2343 interpreti
3228 2269 3571 2339 derogandsm,

2046 2364 2204 2420 docte
2236 2367 2371 2422 satis
2407 2367 2721 2436 reposuisse
2762 2366 2884 2422 Pet.
2916 2364 3057 2420 Dan.
3095 2364 3344 2418 Huctium
3376 2360 3574 2414 Demon-

2046 2465 2202 2512 strat.
2230 2459 2435 2527 Evang.
2479 2460 2844 2529 Propositus,
2888 2473 3007 2527 cap.
3035 2457 3102 2522 8,
3155 2473 3212 2511 ιι.
3245 2454 3276 2507 7
3318 2466 3368 2510 et
3413 2465 3572 2520 seqq.,

2046 2549 2136 2603 ubi
2171 2549 2410 2606 Africani
2462 2553 2787 2607 sententiam
2814 2550 3072 2611 illustrat,
3107 2557 3160 2603 et
3193 2562 3291 2618 pro
3329 2544 3456 2600 virili
3481 2555 3575 2598 tue-

2045 2651 2157 2700 tur.
2186 2643 2396 2698 tametsi
2434 2643 2631 2698 alicubi
2667 2644 2735 2698 ab
2758 2633 2824 2698 eo
2846 2641 3158 2699 dissentiat.

2063 2777 2073 2786 .
2113 2731 2230 2791 Col.
2266 2736 2391 2792 390.
2429 2737 2511 2792 Ex
2553 2737 2722 2791 Etim
2777 2748 2952 2793 monte
3005 2739 3147 2806 ignis
3193 2735 3378 2806 erupit.
3439 2730 3575 2786 Recte

2044 2827 2261 2893 quidem
2297 2828 2538 2897 Scaliger
2577 2846 2683 2884 non
2727 2829 2872 2884 aliud
2914 2840 3071 2901 putat
3100 2829 3275 2886 IEtua:
3305 2823 3573 2883 incendium

2045 2919 2151 2976 hoc
2181 2921 2361 2986 innui,
2393 2937 2554 2991 quam
2586 2923 2730 2991 quod
2766 2923 3078 2978 secundum
3131 2918 3454 2990 Thucydides
3482 2927 3576 2968 meo

2043 3020 2242 3077 morat,
2272 3023 2428 3068 sexto
2459 3023 2692 3066 exeunte
2723 3012 2849 3068 belli
2891 3009 3339 3082 Peloponnesiaci
3368 3021 3511 3061 anno.
3530 3003 3576 3056 lu

357 3091 535 3153 Procli
571 3101 835 3172 insignem
871 3107 939 3162 de
982 3123 1048 3163 eo
1111 3111 1291 3166 locum
1340 3087 1406 3171 εἶά
1441 3117 1540 3174 ιη),
1592 3136 1632 3176 η
1670 3119 1936 3192 Euclidis’
1966 3109 2014 3175 ο
2042 3102 2187 3157 hunc
2221 3119 2351 3158 vero
2377 3105 2553 3173 ipsum
2596 3121 2801 3160 annum
2862 3120 2985 3160 cum
3041 3105 3251 3174 pariter
3280 3087 3578 3192 Eusebiira-

384 3192 641 3248 sudatum
691 3191 948 3254 Fabricio
978 3199 1116 3256 Bibl.
1153 3203 1332 3261 Graec.
1369 3215 1506 3263 tom.
1535 3208 1602 3278 ιι,
1646 3226 1704 3281 ι).
1740 3213 1868 3270 585.
1945 3245 1961 3298 λ

429 3308 550 3364 Col.
589 3310 715 3366 39L
749 3313 1058 3372 Archelaus.
1084 3316 1374 3389 Syncellus
1410 3322 1558 3378 solos
1585 3325 1941 3398 tribuitqua-

357 3400 668 3456 tuordecim.
703 3403 955 3460 Archelai
976 3416 1110 3463 aetas
1135 3426 1162 3462 a
1189 3410 1465 3468 Perdiccae
1486 3417 1678 3485 patris.
1700 3419 1786 3474 cui
1815 3435 1944 3476 suc-

368 3492 536 3547 cessit
566 3493 620 3549 in
661 3510 847 3566 regno,
879 3501 1037 3555 annis
1069 3504 1286 3572 pendet.
1321 3505 1397 3562 De
1423 3523 1489 3563 eo
1519 3519 1701 3566 autem
1735 3512 1942 3570 incerta

360 3583 587 3640 nimium
642 3597 813 3656 sunt,
867 3605 988 3659 quae
1033 3587 1277 3652 veteres.
1322 3597 1683 3658 tradiderunt.
1743 3602 1941 3660 Ultima

358 3675 480 3745 ejus
512 3681 715 3736 mentio
762 3689 850 3738 est
876 3684 1020 3752 apud
1050 3674 1422 3759 Thucydidem
1453 3707 1598 3747 anno
1624 3693 1751 3750 belli
1783 3694 1944 3753 Pelo-

359 3773 676 3840 ponnesiaci
715 3775 926 3832 decimo
965 3777 1124 3836 sexto
1153 3799 1167 3836 :
1205 3781 1374 3852 cujus
1396 3785 1666 3842 vicesimo
1697 3791 1942 3846 secundo

361 3877 509 3934 anno
537 3866 790 3922 Archelai
817 3868 930 3938 jam
981 3872 1122 3943 regis
1177 3871 1446 3932 Diodorus
1479 3877 1574 3934 lib.
1612 3895 1712 3935 xm
1743 3883 1942 3937 memi-

364 3956 467 4010 nit.
501 3957 566 4011 Et
603 3958 753 4015 solos
793 3970 975 4017 tamen
1030 3964 1080 4018 ei
1118 3981 1297 4022 annos
1347 3970 1502 4038 regni
1543 3982 1750 4038 septem
1782 3975 1941 4030 attri-

365 4045 507 4110 buit,
554 4063 695 4118 quos
730 4051 1042 4122 Olympiade
1070 4053 1143 4111 95
1173 4057 1395 4112 ineunte
1435 4059 1584 4127 fixit;
1625 4062 1720 4116 sed
1754 4074 1838 4118 est
1868 4065 1941 4119 ibi

361 4140 612 4203 omnino,
649 4152 870 4200 notatus
899 4153 955 4201 et
981 4135 1109 4202 ante
1144 4162 1246 4205 nos
1277 4149 1453 4207 doctis
1475 4153 1630 4221 viris,
1663 4153 1943 4213 innume-

364 4228 494 4286 ricis
525 4232 669 4288 notis
695 4248 892 4296 error-

431 4345 551 4403 Col.
586 4349 712 4407 388.
740 4349 878 4411 Gens
945 4330 1362 4428 Campanorum.
1411 4363 1635 4434 Accepit
1675 4364 1943 4421 Eusebius

2053 3195 2230 3252 tiones
2263 3197 2332 3250 ab
2369 3196 2491 3266 ejus
2537 3197 2662 3252 belli
2703 3197 2860 3252 initio
2912 3197 3270 3255 conveniant.
3319 3209 3415 3246 non
3454 3189 3582 3242 video

2049 3303 2150 3344 cur
2174 3287 2293 3358 ejus
2331 3287 2774 3366 hypothesim'de
2808 3288 3016 3343 biennii
3066 3283 3467 3359 prochronismo
3511 3293 3581 3332 ro-

2050 3381 2355 3450 prehendat
2408 3378 2668 3449 Scaliger,
2715 3395 2838 3446 cum
2886 3390 3032 3434 recte
3088 3380 3159 3435 ab
3208 3393 3273 3434 eo
3301 3375 3580 3431 collocatum

2048 3474 2173 3529 belli
2201 3474 2414 3529 initium
2447 3474 2501 3527 in
2535 3473 2711 3541 primo
2737 3472 3028 3544 olympiad.
3065 3473 3163 3540 87,
3199 3467 3492 3543 Pythodoro
3513 3479 3582 3519 sr-

2048 3564 2266 3644 chonte.
2291 3581 2404 3644 non
2428 3564 2749 3644 diﬂiteatur._
2943 3632 2983 3644 ﬂ
3219 3630 3234 3644 ο
3457 3624 3516 3644 μ,

2120 3633 2258 3690 Ibid.
2291 3634 2454 3689 Terra
2485 3645 2627 3688 motu
2673 3635 2910 3689 scissa...
2943 3632 3264 3686 Parmensis
3301 3644 3424 3693 ms.,
3449 3632 3585 3678 scisso

2049 3726 2316 3790 Athlante.
2359 3727 2504 3796 quod
2557 3736 2611 3782 et
2653 3727 2897 3796 plerique
2930 3727 3060 3782 editi
3096 3726 3222 3781 libri
3270 3723 3580 3794 praeferunt:

2051 3831 2163 3876 tum
2205 3822 2350 3892 facta
2404 3832 2483 3878 est
2517 3824 2711 3890 insula,
2771 3821 2937 3878 etiam
2987 3819 3354 3891 praetermisso
3389 3816 3584 3870 civitas:

2049 3930 2170 3983 quae
2217 3926 2394 3971 tamen
2439 3915 2667 3970 minime
2714 3914 2992 3984 probanda
3029 3913 3198 3969 lectio
3251 3919 3355 3968 est.
3387 3907 3458 3964 Ad
3491 3905 3585 3958 haec

2051 4007 2300 4063 laudatus
2321 4007 2484 4062 etiam
2518 4005 2796 4077 Scaligero
2817 4004 3173 4077 Thucydides
3193 4004 3289 4088 lib.
3321 4019 3398 4061 ιιι.
3424 3997 3584 4055 Atlan-

2049 4107 2161 4152 tam
2215 4098 2375 4163 dixit,
2406 4112 2518 4152 non
2569 4096 2858 4166 abruptam
2895 4113 2923 4150 a
2974 4097 3316 4155 continente.
3346 4089 3434 4147 sed
3479 4102 3582 4142 cum

2043 4191 2154 4259 jam
2209 4201 2366 4244 antea
2418 4198 2566 4245 esset
2624 4187 2843 4253 insula,
2877 4187 3039 4256 νῆσος
3104 4187 3196 4239 ἐπὶ
3245 4184 3464 4250 Λόκροις
3493 4178 3583 4238 τοῖς

2049 4282 2388 4346 Ὀπουντίοις
2415 4282 2467 4336 vi
2495 4280 2759 4338 ﬂuctuum
2791 4278 3156 4352 ἑπικλυθῆναι
3194 4294 3209 4331 :
3242 4285 3295 4331 et
3327 4284 3382 4329 ut
3409 4272 3584 4324 Seneca

2050 4374 2467 4442 interpretatur,
2516 4369 2707 4426 Natur.
2751 4368 2956 4436 Quaest.
2995 4367 3090 4422 lib.
3129 4382 3209 4432 vt,
3234 4380 3353 4434 cap.
3399 4362 3482 4418 ει.
3508 4365 3582 4409 an!

361 4440 432 4495 ab
486 4441 751 4512 Diodoro,
800 4448 961 4517 cujus
1010 4452 1177 4506 verba
1227 4453 1472 4524 Scaliger
1518 4457 1723 4512 laudat.
1774 4458 1943 4512 Notat
1975 4467 2019 4523 ι)
2047 4440 2233 4527 solani,
2265 4475 2358 4518 aut
2392 4475 2532 4519 certe
2562 4465 2797 4519 maxima
2835 4477 2901 4516 ex
2927 4471 3079 4530 parte
3100 4459 3445 4528 superfusam.
3472 4452 3585 4507 Cum

362 4547 495 4588 vero
523 4536 636 4598 ille.
666 4539 929 4596 archonte
959 4542 1188 4599 Athenis
1211 4543 1528 4614 Theodoro,
1558 4563 1708 4602 anno
1730 4549 1943 4606 scilicet

364 4625 528 4679 tertio
561 4627 765 4698 olymp.
794 4629 884 4695 85,
902 4647 1028 4686 .uno
1083 4634 1270 4689 minus
1307 4651 1487 4703 quam
1536 4648 1738 4704 noster,
1775 4638 1939 4695 Cam-

364 4730 632 4784 panorum
662 4729 878 4790 gentem
913 4738 944 4778 e
973 4724 1223 4794 pluribus
1271 4727 1407 4783 vicis
1458 4727 1511 4783 in
1545 4745 1706 4784 unam
1737 4746 1940 4787 conve-

362 4809 513 4864 nisse
547 4811 734 4868 urbem
783 4812 1027 4886 Capuam
1064 4833 1079 4871 :
1111 4817 1255 4888 quod
1301 4828 1359 4874 et
1413 4831 1562 4877 recte
1605 4823 1783 4891 habet,
1815 4839 1940 4879 cum

362 4903 554 4961 Velleii
597 4909 931 4976 testimonio,
978 4913 1064 4968 cui
1095 4925 1275 4969 tamen
1317 4915 1446 4971 urbs
1471 4915 1561 4972 illa
1584 4915 1783 4971 dicitur
1815 4927 1943 4974 ante

359 5013 539 5053 annos
573 4999 742 5055 ferme
779 5003 992 5073 triginta
1022 5013 1134 5061 tres
1158 5020 1186 5060 a
1216 5005 1516 5077 Tyrrhenis
1552 5009 1792 5065 condita.

435 5093 722 5171 Col:'590.
761 5115 1109 5182 Democritus.
1144 5129 1248 5176 etc.
1282 5121 1536 5192 Gorgiam
1570 5125 1646 5177 ait
1673 5122 1940 5191 Scaliger,

362 5217 432 5258 eo
459 5203 607 5273 quod
655 5203 958 5274 discipulus
985 5206 1148 5263 fuerit
1175 5210 1523 5280 Empedoclis
1546 5253 1563 5278 ,
1601 5228 1708 5268 non
1745 5214 1936 5269 eodem

365 5304 613 5365 tempore
669 5292 864 5354 ﬂorere
915 5299 1183 5369 potuisse,
1224 5311 1386 5374 atque
1419 5306 1556 5360 adeo
1608 5319 1732 5362 esse
1796 5300 1936 5362 inira

363 5388 508 5442 hanc
566 5392 761 5445 seriem
815 5393 1148 5462 ponendum.
1187 5393 1418 5452 Constat
1470 5413 1624 5466 vero,
1668 5415 1791 5455 eum
1831 5415 1937 5454 non

365 5482 486 5549 plus
510 5499 672 5553 quam
705 5487 864 5540 annis
895 5486 964 5540 ab
1000 5486 1129 5541 hinc
1162 5497 1302 5556 octo,
1340 5489 1411 5544 ob
1454 5501 1661 5546 tantam
1694 5492 1938 5548 nominis

377 5573 768 5643 celebritatem,
799 5579 1025 5634 missum
1056 5596 1084 5634 a
1125 5579 1405 5656 Leontinjs
1448 5583 1725 5649 Athenas,
1773 5599 1936 5653 quam

376 5665 594 5721 volebat
674 5670 990 5734 societatem
1091 5671 1510 5734 Atheniensibus
1579 5673 1936 5742 persuasisse.

368 5755 623 5812 Clarchat
654 5759 818 5828 igitur
844 5763 954 5833 jam
987 5761 1054 5819 ab
1103 5762 1307 5835 aliquot
1336 5764 1495 5846 annis
1518 5806 1533 5833 ,
1565 5774 1624 5821 ut
1668 5764 1790 5835 jure
1828 5765 1943 5820 huc

2048 4557 2285 4614 Eusebio
2314 4555 2551 4612 maxime
2583 4553 2714 4609 facit
2748 4553 3018 4609 Diodorus
3048 4552 3146 4607 lib.
3179 4567 3278 4606 xu.

2115 4648 2232 4703 Col.
2269 4648 2394 4704 ⁸590.
2428 4647 2586 4702 Plato
2628 4646 2890 4701 nascitur.
2922 4643 3096 4699 Natus
3128 4648 3214 4698 est
3242 4641 3466 4710 quinque
3493 4633 3586 4686 fere

2045 4741 2329 4795 mensibus
2367 4750 2494 4794 ante
2533 4738 2740 4793 obitum
2777 4735 3042 4801 Periclis,
3081 4749 3257 4812 quem
3298 4732 3409 4800 ipse
3435 4727 3560 4826 Ense

2044 4832 2168 4887 hius
2199 4840 2347 4887 recte
2374 4831 2428 4885 in
2455 4839 2651 4899 quarto
2687 4827 2994 4898 superioris
3024 4827 3272 4893 proxime
3295 4815 3584 4891 olyntpiatlis

2044 4941 2190 4980 anno
2219 4923 2543 4990 collocavit;
2579 4902 3099 4977 metachronismum
3133 4915 3338 4972 biennii
3373 4913 3475 4981 ipse
3497 4905 3581 4962 ad-

2045 5020 2212 5076 mittit
2264 5017 2541 5088 Scaliger,
2596 5017 2688 5085 qui
2747 5012 2981 5068 natalem
3039 5009 3283 5066 Platonis
3324 5005 3455 5059 diem
3527 4995 3584 5051 ad

2043 5115 2276 5183 primum
2331 5109 2654 5182 Olympiadis
2705 5108 2775 5163 88
2825 5105 3012 5162 refert.
3052 5103 3106 5158 In
3158 5099 3383 5158 Eusebio
3424 5100 3581 5150 autem

2041 5203 2226 5260 solidae
2249 5212 2334 5260 est
2367 5199 2696 5270 Olympiadis
2729 5199 3239 5254 metachronismus.
3281 5190 3408 5246 Vide
3435 5186 3583 5241 Laer-

2044 5307 2198 5352 Itum.

2113 5390 2242 5445 Ibid.
2279 5387 2549 5442 Eudoxus.
2586 5381 2822 5439 Dixisset
2847 5377 3136 5449 ἐγεννήθη.
3171 5383 3324 5429 nutus
3349 5379 3457 5432 est;
3483 5363 3580 5418 cla-

2041 5485 2152 5538 ruit
2185 5481 2330 5536 enim
2360 5475 2667 5549 Olympiade
2701 5472 2803 5529 105
2828 5512 2843 5537 ,
2882 5481 2942 5526 ut
2969 5464 3326 5539 Apollodorus
3356 5461 3406 5513 in
3427 5455 3579 5511 Chro-

2042 5574 2198 5637 ηεοεε,
2235 5589 2296 5628 εχ
2332 5570 2506 5641 coque
2543 5567 2791 5623 Laertius
2817 5565 2911 5619 lib.
2943 5557 3036 5616 vtit
3067 5564 3197 5614 sect.
3229 5555 3296 5610 90
3319 5554 3574 5647 ιεείθηξΡῗῖ

2043 5670 2164 5738 Ipse
2221 5666 2386 5722 etiam
2417 5638 2705 5716 Eusebius
2764 5673 2888 5712 eum
2946 5654 3136 5710 iterum
3178 5645 3438 5738 ﬂoruisse
3463 5638 3576 5692 dtcn

2041 5730 2202 5831 longo
2255 5757 2452 5817 abhinc
2479 5753 2784 5836 intervalloz
2820 5751 2935 5807 sive
2963 5741 3262 5819 olympiad.
3287 5737 3375 5794 9‘1.
3401 5730 3578 5787 Verum
