3932 6188
401 307 503 375 961

1663 305 2070 370 VALLABSII
2114 305 2357 368 ΝΟΤΒ.

3543 307 3650 370 902

403 433 487 480 est
517 425 686 495 igitur
706 461 724 489 ,
762 420 908 492 quod
939 431 997 478 et
1037 419 1278 494 Scaliger
1301 460 1319 486 .
1353 430 1409 478 et
1447 435 1548 478 nos
1585 435 1729 492 saepe
1757 420 1972 478 monui-
1997 425 2048 484 Α
2074 421 2232 477 editis
2253 435 2536 493 perperam
2563 422 2837 495 superiori
2856 437 3016 480 ranno
3036 383 3438 482 ascribebatur.
3463 423 3651 480 Graece

402 532 546 582 nius,
593 515 776 570 varias
823 515 927 571 hoc
976 514 1117 570 libro
1161 522 1449 570 auctorum
1496 513 1798 570 sententias
1846 527 1972 584 pro.

401 607 555 676 poni.

388 752 403 769 ,
472 696 611 754 ibid.
648 693 1035 751 Lacedtentonii
1079 711 1171 750 ver
1203 711 1436 750 sacrum.
1482 694 1623 762 Quid
1661 695 1734 768 sit
1766 709 1852 749 iter
1886 709 1976 769 sa-

401 805 550 844 crum
580 805 758 843 vovere
825 798 919 841 aut
949 788 1236 852 destinare,
1268 787 1424 842 docet
1459 785 1681 851 Festus,
1712 796 1767 840 et
1796 768 1980 840 Livius

401 901 526 940 cuin
563 882 728 947 alibi,
766 892 878 936 tum
915 881 1010 935 lib.
1045 895 1180 952 xxii,
1223 891 1276 934 et
1311 895 1447 949 quos
1476 878 1661 933 laudat
1690 877 1933 946 Scaliger
1957 919 1974 943 ,

403 976 693 1046 Dionysius
732 972 906 1027 Halie.
957 972 1051 1027 lib.
1088 989 1146 1038 i,
1190 983 1244 1027 et
1275 971 1528 1027 Justinus
1579 985 1747 1026 xxiv:
1785 970 1856 1024 ita
1893 978 1978 1023 ta-

403 1086 528 1124 men
561 1077 658 1132 ut,
712 1063 904 1120 eodem
952 1061 1229 1133 Scaligero
1285 1071 1456 1126 teste,
1524 1075 1683 1118 nemo
1733 1070 1977 1115 veterum

407 1161 601 1216 melius
640 1173 706 1212 ex
735 1156 982 1227 professo
1033 1155 1356 1225 explicarit,
1411 1154 1543 1224 quid
1577 1160 1723 1208 esset
1750 1167 1846 1206 ver
1884 1154 1976 1206 'sa-

406 1267 558 1306 crum
597 1264 828 1315 vovere,
865 1262 1028 1317 quam
1062 1247 1427 1316 Hieronymus
1467 1242 1763 1307 hic-iecit,
1821 1239 1978 1311 quasi

406 1341 554 1397 aliud
589 1340 836 1411 agendo:
887 1338 1163 1410 signiﬁcat.
1197 1321 1344 1390 enim
1374 1333 1715 1401 iuventutem
1746 1346 1777 1385 a
1804 1329 1980 1386 Lace-

405 1434 688 1488 daemoniis
725 1432 1000 1496 devotam,
1037 1443 1103 1484 ac
1137 1427 1243 1482 diis
1286 1433 1664 1481 consecratam
1699 1422 1753 1478 in
1785 1437 1978 1477 novam

407 1525 676 1580 coloniam
732 1521 1048 1576 Heracleam
1099 1519 1348 1574 missam.
1408 1516 1512 1573 Sed
1562 1515 1707 1588 quod
1766 1526 1981 1586 tempus

406 1626 636 1687 spectat,
674 1624 923 1669 notatum
955 1613 1132 1667 eidem
1171 1610 1475 1682 Scaligero,
1507 1608 1859 1664 manifestum
1889 1607 1980 1662 hic

405 1722 525 1762 esse
563 1705 922 1778 quinQuennii
957 1703 1509 1766 tnetachronismunt,
1539 1701 1804 1772 siquidem
1831 1714 1979 1754 anno

2079 512 2298 582 Ἀκόρις
2322 523 2376 569 et
2405 513 2664 585 Ἀχώρις,
2690 515 2956 586 scriptum
2987 515 3239 570 invenire
3260 521 3364 570 est.
3394 514 3652 586 Legimus

2077 619 2144 658 ve
2159 620 2218 658 ro
2242 604 2515 675 Dynasti'az
2539 605 2748 672 XXIX,
2775 605 3069 662 ex-Graaco
3094 615 3200 660 tam
3228 603 3448 661 Eusebii
3471 622 3525 674 p.
3559 606 3654 672 (ii,

2077 707 2240 762 quam
2281 694 2512 766 Syncelli
2554 707 2723 761 textu,
2772 697 2867 753 sed
2895 705 2953 753 et
2984 697 3194 753 Latinis
3229 696 3442 767 aliquot
3471 696 3651 762 libris,

2079 800 2205 839 cum
2230 801 2360 841 mss.
2388 795 2502 841 tum
2523 787 2776 857 vulgatis,
2803 796 2856 841 et
2883 788 3164 859 Scaligero
3193 787 3652 860 suﬂragantibus.

2079 877 2356 934 Pontacus
2405 879 2684 933 contrario
2715 895 2878 934 sensu
2928 879 3189 948 Dynastia
3246 877 3406 934 XXX
3457 879 3653 945 habet,

2080 984 2244 1039 quam
2282 971 2409 1027 hinc
2439 971 2776 1040 auspicatur,
2813 971 2957 1026 unde
2989 969 3182 1024 XXXI
3217 970 3271 1025 in
3296 971 3652 1042 subsequenti

2081 1061 2434 1117 Psammutlie
2468 1071 2742 1117 numerat.
2773 1062 2915 1116 Anni
2955 1063 3236 1129 tredecim,
3264 1064 3356 1134 qui
3392 1072 3652 1118 notantur

2080 1151 2135 1206 in
2171 1149 2381 1215 Graeco,
2414 1152 2666 1206 videntur
2696 1167 2793 1220 pro
2824 1167 2934 1207 non
2961 1153 3190 1222 expletis
3225 1153 3485 1209 habendi.

2152 1245 2271 1300 Col.
2314 1245 2441 1300 591.
2476 1244 2776 1314 Dionysius.
2801 1241 3082 1315 Superiori
3111 1247 3354 1314 proxime
3381 1261 3528 1302 anno
3556 1261 3655 1317 pe-

2083 1335 2328 1391 riocham
2361 1336 2504 1390 hanc
2535 1337 2702 1390 refert
2735 1336 3004 1407 Scaliger,
3044 1337 3136 1406 qui
3167 1345 3223 1392 et
3251 1346 3425 1402 notat,
3466 1341 3656 1394 eodem

2081 1443 2227 1483 anno
2274 1427 2597 1500 Dionysium
2644 1427 2834 1483 iniisse
2867 1429 3210 1500 tyrannidem
3245 1431 3297 1482 in
3329 1428 3515 1484 Sicilia
3540 1469 3555 1494 ,
3605 1437 3661 1484 et

2082 1521 2411 1575 Archelaum
2453 1536 2680 1591 regnum
2713 1521 2766 1575 in
2798 1520 3133 1586 Macedonia,
3171 1537 3277 1592 quo
3307 1522 3512 1578 dudum
3541 1523 3660 1576 Iau-

2083 1612 2198 1668 dati
2243 1612 2530 1683 Euripides
2581 1625 2638 1668 et
2692 1613 2994 1684 Sophocles
3048 1613 3343 1668 obierunt:
3380 1613 3524 1669 unde
3554 1615 3660 1669 ite-

2085 1719 2202 1758 rum
2266 1705 2355 1759 hic
2425 1704 2631 1760 biennii
2707 1706 3125 1774 prochronismo
3208 1716 3490 1775 peccatum
3564 1709 3658 1761 sit.

407 1800 566 1854 tertio
597 1799 922 1868 Olympiadis
965 1795 1340 1850 antecedentis
1370 1796 1599 1848 deducta
1635 1801 1720 1848 est
1742 1791 1975 1846 colonia.
2012 1790 2053 1846 Β
2084 1795 2330 1852 Fecisset
2376 1811 2560 1866 Opera:
2611 1812 2740 1850 vero
2773 1797 3029 1867 pretium,
3075 1799 3120 1852 si
3169 1798 3338 1853 certis
3369 1809 3658 1853 auctorum
3690 1810 3696 1816 '

480 1889 622 1944 Ibid.
656 1888 863 1945 Clades.
905 1887 1022 1942 Huc
1071 1886 1237 1957 jussit
1287 1887 1339 1938 in
1373 1884 1535 1952 Curis
1583 1883 1980 1954 posterioribus

407 1980 656 2037 revocari
688 1981 830 2034 hanc
865 1977 1184 2049 periocham
1220 1975 1514 2040 Pontacus,
1544 1989 1670 2045 qua
1694 1987 1978 2044 perperam

406 2074 460 2127 in
492 2072 827 2128 editionibus
849 2108 868 2136 ,
925 2081 1086 2140 atque
1119 2070 1234 2139 ipsa
1283 2068 1637 2138 Sraligerana
1675 2065 1983 2121 habebatur

403 2175 534 2220 ante
561 2179 656 2220 sex
704 2179 902 2231 annos,
945 2163 1064 2217 sive
1097 2163 1163 2217 ad
1209 2160 1504 2233 olympiad.
1555 2161 1623 2215 90
1655 2162 1978 2216 secundum.

405 2257 649 2311 Historia
700 2265 861 2310 tantae
910 2253 1118 2319 eladis,
1167 2268 1291 2323 qua:
1339 2262 1490 2307 certo
1519 2253 1724 2308 certius
1753 2253 1819 2308 i9
1850 2251 1979 2308 belli

405 2349 858 2420 Peloponnesiaci
889 2361 1034 2404 anno
1051 2347 1303 2417 contigit,
1325 2347 1520 2402 ultimo
1543 2345 1864 2418 Olympiadis
1887 2345 1977 2420 9i,

403 2454 507 2494 suo
540 2417 770 2494 scilicet
829 2437 952 2493 loco
991 2438 1212 2493 demum
1264 2436 1479 2492 restitui
1532 2417 1715 2502 nunc,
1763 2437 1880 2506 ipsa
1919 2417 1980 2491 e-

404 2532 595 2586 vincit.

475 2623 596 2678 Col.
628 2619 756 2677 392.
788 2619 1095 2690 Euripides.
1119 2617 1398 2674 Accedere
1433 2616 1619 2672 malim
1661 2615 1938 2686 Scaligero
1961 2655 1977 2680 ,

401 2716 499 2787 qui
549 2715 865 2785 Euripidem
915 2721 972 2769 et
1023 2709 1349 2782 Sophoclem
1398 2724 1543 2764 anno
1601 2708 1760 2764 tertio
1809 2708 1982 2778 olym-

401 2808 584 2880 piadis
633 2807 702 2862 95
750 2806 913 2862 docet
959 2820 990 2860 e
1035 2805 1173 2858 vivis
1222 2804 1566 2868 excessisse;
1606 2810 1801 2872 praeter
1831 2802 1978 2854 enim

399 2903 657 2955 laudatos
685 2898 754 2953 ab
781 2912 850 2952 eo
893 2905 1185 2960 auctores,
1237 2895 1292 2950 id
1327 2895 1583 2966 colligere
1608 2901 1692 2950 est
1745 2907 1812 2948 ex
1854 2891 1982 2945 Ari-

403 2994 680 3062 stophane
731 2990 786 3045 in
819 2987 988 3042 Ranis
1011 3001 1182 3042 verss.
1229 2986 1298 3042 69
1336 2996 1390 3041 et
1417 2985 1504 3040 76.
1532 2986 1649 3040 Erit
1677 2985 1813 3040 adeo
1837 2983 1980 3054 apud

402 3083 703 3139 Eusebium
737 3079 943 3136 biennii
976 3078 1448 3150 prochronismus.

478 3177 618 3232 ibid.
676 3174 1023 3228 Artaxerxes.
1075 3170 1308 3242 Propius
1374 3170 1443 3225 ad
1493 3183 1683 3225 verum
1729 3167 1983 3224 Clemens

404 3269 676 3325 Alexand.
711 3267 837 3322 huic
876 3280 1052 3321 annos
1079 3263 1272 3318 tribuit
1302 3261 1663 3332 quadraginta
1689 3259 1861 3315 duos:
1887 3258 1983 3315 sed

403 3373 462 3418 et
496 3376 560 3416 eo
587 3361 772 3414 verius
798 3356 1155 3428 quadraginta
1182 3369 1276 3411 sex
1301 3355 1566 3425 clargitur
1584 3351 1776 3410 Canon
1800 3363 1981 3408 astro.~

405 3467 859 3600 “exiissem”.
880 3539 1057 3604 XIII,
1087 3555 1179 3593 an.
1209 3537 1266 3593 5.
1287 3535 1534 3592 Diximus
1554 3534 1846 3590 immanem
1863 3548 1988 3590 esse

415 3647 666 3690 veterum
703 3633 757 3688 ln
796 3630 1059 3688 tradenda
1080 3629 1434 3685 Macedonum
1453 3640 1640 3697 regum
1670 3626 1986 3695 sericatque

404 3729 588 3794 annis,
621 3727 972 3782 dissensum:
1007 3737 1107 3778 nec
1145 3729 1326 3775 tamen
1357 3719 1500 3774 scire
1531 3733 1653 3783 nos,
1685 3731 1845 3788 quem
1871 3716 1986 3770 Eu-

406 3819 599 3876 sebius
630 3824 911 3873 auctorem
942 3821 1228 3882 sequatur.
1265 3808 1369 3864 Alii
1409 3807 1562 3864 hunc
1589 3806 1861 3870 Orestem,
1889 3805 1985 3876 qui

408 3929 546 3984 puer
579 3909 886 3978 abIEropo
934 3915 1118 3962 tutore
1165 3918 1268 3960 suo
1293 3904 1510 3958 occisus
1537 3907 1661 3966 est,
1704 3899 1759 3953 in
1800 3897 1983 3953 album

409 4021 598 4076 regum
632 4018 732 4059 nec
769 4002 1037 4058 referunt.
1068 3998 1211 4066 Quin
1248 3998 1358 4053 imo
1393 3994 1663 4051 Archelao
1718 3994 1838 4064 ejus
1892 4007 1990 4063 pa-

409 4103 481 4155 tri
517 4100 712 4169 (quem
749 4104 902 4152 notat
938 4093 1210 4148 Diodorus
1263 4089 1358 4143 lib.
1392 4103 1482 4142 xiv
1509 4084 1854 4142 interiectum
1886 4099 1988 4138 an-

414 4193 499 4247 nis
551 4192 753 4245 abhinc
782 4197 909 4242 octo
934 4187 1048 4241 sive
1085 4185 1260 4254 primo
1319 4179 1644 4252 Olympiadis
1707 4176 1815 4242 95,
1863 4190 1986 4231 cum

412 4288 560 4342 solos
588 4296 768 4340 tamen
801 4291 1008 4352 septem
1043 4293 1240 4344 annos,
1277 4292 1384 4332 non
1423 4273 1618 4344 viginti
1645 4282 1904 4344 quatuor,
1929 4278 1990 4324 ut

414 4380 684 4437 Eusebius
717 4376 867 4440 facit,
900 4387 1126 4444 regnum
1165 4368 1470 4436 tenuisset)
1504 4366 1842 4421 successisse
1873 4371 1988 4416 tra-

412 4476 550 4531 dunt
583 4473 760 4544 ipsum
790 4469 1076 4537 Eropum,
1110 4474 1167 4519 et
1194 4477 1290 4533 per
1342 4475 1436 4516 sex
1479 4473 1654 4514 annos
1705 4471 1986 4528 regnasse.
2017 4466 2071 4528 ι)
2097 4470 2368 4516 versatos.

412 4568 519 4624 Sed
552 4573 638 4620 est
663 4564 888 4619 omnino
916 4561 972 4615 in
1002 4557 1298 4613 numericis
1342 4552 1499 4624 apud
1521 4550 1816 4607 Diodorum
1845 4549 1988 4604 notis

414 4660 696 4722 tuendum,
739 4667 918 4723 neque
961 4651 1103 4704 enim
1156 4645 1482 4715 sibimetipsi
1517 4641 1830 4706 constabit,
1861 4655 1987 4696 cuin

413 4756 554 4807 libro
587 4765 719 4814 xm,
755 4745 1006 4802 Archelai
1043 4743 1153 4814 jam
1202 4739 1346 4810 regis
1375 4737 1684 4792 meminerit
1733 4748 1881 4788 anno
1916 4733 2024 4786 ιη’

413 4845 538 4902 belli
569 4837 1018 4914 Peloponnesiaci
1043 4877 1056 4903 ,
1097 4834 1190 4906 qui
1218 4833 1416 4888 tertius
1441 4835 1524 4884 est
1545 4824 1988 4901 olympiadis.92,

411 4943 482 4995 ab
509 4952 684 5007 eoque
710 4936 777 4990 ad
811 4935 1047 5004 primum
1078 4927 1148 4982 95
1172 4940 1279 4981 non
1302 4923 1415 4996 jam
1441 4930 1674 4992 septem,
1699 4919 1792 4974 sed
1819 4915 1991 4972 ferme

411 5037 604 5090 decem
641 5028 770 5085 anni
812 5029 1195 5082 numerentur.
1246 5012 1527 5086 Ejusmodi
1569 5010 1803 5067 absurda
1841 5009 1894 5064 in
1926 5023 1990 5065 ea

412 5139 601 5197 regum
655 5121 798 5178 serie
832 5117 974 5188 apud
1027 5114 1164 5169 alios
1188 5116 1510 5166 occurrunt.
1559 5103 1694 5160 Vide
1739 5103 1992 5175 Spanhe—

414 5221 585 5277 niiuin
622 5215 688 5270 de
715 5215 907 5270 Przest.
941 5217 996 5264 et
1027 5221 1128 5260 usu
1169 5201 1430 5258 numism.
1462 5214 1516 5265 t,
1552 5197 1681 5252 3'”.

483 5310 604 5367 Col.
631 5306 761 5362 595.
815 5300 1079 5373 Dyuastia
1129 5293 1372 5351 Achoris.
1413 5291 1572 5347 Hunc
1620 5293 1710 5345 alii
1748 5287 1992 5357 Nephren

416 5414 636 5467 vocant,
666 5399 934 5454 Diodorus
965 5390 1186 5461 Νεφρέα
1213 5407 1228 5457 ;
1260 5387 1530 5451 Justinus,
1557 5401 1620 5439 ex
1647 5399 1823 5453 eoque
1850 5384 1994 5437 Oro-

414 5503 554 5563 sius,
600 5492 1020 5565 Hercynionem;
1066 5485 1122 5540 in
1153 5483 1392 5551 antiquis
1439 5479 1593 5534 libris
1624 5478 1992 5532 Mercinionem

415 5604 470 5650 et
505 5589 902 5646 Mercimunem,
927 5580 1146 5635 demum
1169 5583 1224 5629 et
1249 5571 1640 5627 Inercinionem
1661 5586 1680 5625 :
1709 5586 1828 5640 quas
1853 5569 1992 5624 scri-

418 5687 613 5738 barum
669 5677 862 5732 menda
918 5687 1040 5727 esse
1095 5683 1202 5722 non
1237 5665 1450 5721 dubito.
1482 5692 1551 5703 —
1574 5660 1714 5727 Huc,
1744 5662 1863 5731 ipso
1891 5661 1992 5716 ad-

420 5783 677 5833 monente
702 5769 964 5833 Pontaco,
995 5763 1284 5818 retulimus
1311 5757 1594 5823 Achor'un,
1621 5757 1714 5828 qui
1747 5757 1799 5809 in
1832 5765 1990 5810 amca

2086 1887 2414 1942 testimoniis
2480 1887 2933 1955 comprobasset;
3007 1895 3254 1940 notatum
3285 1887 3432 1941 enim
3499 1889 3662 1956 paulo

2082 1987 2209 2034 ante
2251 1979 2431 2043 nobis,
2463 1993 2529 2033 ex
2559 1977 2914 2035 Macedonum
2950 1994 3138 2049 regum
3186 1979 3412 2035 historia
3436 2022 3453 2049 ,
3482 1991 3536 2036 et
3566 1995 3664 2050 per

2083 2071 2200 2125 haec
2239 2071 2586 2140 potissimum
2619 2078 2865 2138 tempora
2895 2110 2910 2134 ,
2942 2069 3089 2125 haud
3119 2071 3454 2141 posse.bona
3497 2087 3661 2144 argu-

2084 2172 2266 2218 menta
2318 2163 2512 2217 excudi
2543 2163 2610 2217 ad
2655 2161 2892 2218 aliorum
2950 2164 3196 2218 rationes
3242 2165 3658 2230 convellendas,

2086 2255 2139 2308 in
2173 2254 2258 2309 bis
2307 2253 2612 2324 praesertim
2666 2253 2832 2307 unius
2863 2264 2958 2308 aut
3003 2256 3234 2308 duorum
3267 2269 3538 2310 annorum
3571 2255 3655 2310 in-

2085 2345 2346 2400 tervallis.
2380 2343 2653 2400 Praeterea
2705 2345 2846 2400 alius
2882 2355 2966 2400 est
3002 2361 3161 2416 quem
3196 2344 3484 2412 Eusebius,
3519 2341 3659 2402 alius

2084 2450 2248 2507 quem
2286 2435 2530 2505 Scaliger
2559 2435 2888 2490 Archelaum
2918 2449 3244 2493 memorant.
3279 2439 3520 2512 Denique
3545 2457 3660 2496 ma-

2083 2529 2344 2584 nilestum
2366 2538 2470 2594 est,
2495 2527 2638 2597 quod
2664 2542 2809 2598 smpe
2843 2528 3104 2593 diximus.
3136 2533 3322 2588 varias
3348 2534 3416 2589 ab
3439 2545 3660 2592 auctore

2084 2631 2271 2676 nostro
2303 2620 2494 2676 referri
2529 2619 2989 2690 cbronologoruin
3025 2622 3375 2693 liypotlieses.

2157 2713 2295 2769 Ibid.
2329 2711 2440 2768 Sub
2467 2715 2563 2767 hoc
2591 2729 2730 2783 rege,
2755 2723 2860 2768 etc.
2899 2712 3050 2768 Haud
3082 2713 3206 2768 dico
3223 2714 3353 2784 quid
3376 2729 3506 2770 vero
3537 2731 3665 2786 pro-

2083 2805 2208 2877 pius
2263 2806 2548 2863 videatur:
2584 2814 2637 2861 et
2671 2807 2805 2860 mihi
2855 2806 3073 2875 quidem
3103 2846 3118 2872 ,
3171 2809 3263 2874 qui
3319 2807 3505 2860 malim
3555 2823 3663 2862 uno

2084 2899 2258 2956 ferme
2287 2908 2342 2955 et
2372 2899 2600 2955 dimidio
2650 2898 2852 2954 saeculo
2903 2900 3257 2953 vetustiorem
3306 2907 3496 2968 putare
3524 2898 3666 2954 hanc

2085 2993 2415 3058 historiam,
2475 2993 2577 3046 sub
2630 2991 2898 3061 Cambyse
2947 2991 3197 3055 scilicet,
3257 2992 3429 3054 quem'
3465 2989 3665 3046 Esdras

2085 3103 2207 3157 cap.
2251 3102 2341 3153 iv,
2376 3101 2518 3141 vers.
2567 3085 2638 3152 6,
2671 3087 2968 3140 Assuerum
3023 3083 3227 3138 diserte
3285 3084 3551 3139 nominat.
3589 3082 3664 3138 Ea

2085 3191 2170 3236 est
2203 3179 2370 3234 etiam
2405 3179 2757 3233 Hehrawruni
2788 3177 3059 3232 sententia
3100 3176 3152 3230 in
3187 3174 3542 3230 Scder-Olam
3565 3216 3580 3242 ,
3609 3181 3666 3230 et

2088 3281 2148 3325 ut
2173 3269 2396 3341 quidem
2429 3269 2632 3332 sentio,
2668 3270 2722 3323 in
2751 3268 3076 3339 Cambysem
3107 3265 3472 3329 commodius,
3504 3279 3665 3335 quam

2088 3364 2144 3417 in
2173 3362 2343 3417 alium
2369 3377 2436 3417 ex
2464 3362 2878 3416 successoribus
2927 3359 3218 3414 Persarum
3268 3358 3489 3429 regibus
3525 3372 3668 3427 qua-

2087 3454 2250 3510 drant
2275 3468 2397 3523 qua:
2432 3462 2740 3523 temporum
2773 3461 2827 3507 et
2854 3467 3214 3522 personarum
3239 3450 3668 3506 circumstantia

2088 3560 2246 3600 sacra
2282 3545 2370 3600 illa
2399 3544 2628 3600 historia
2663 3545 3044 3598 continentur.
3081 3541 3189 3597 Sed
3219 3551 3437 3597 nonest
3474 3543 3576 3598 iste
3598 3543 3666 3596 ad

2088 3635 2464 3693 disserendum
2495 3634 2847 3700 locus._Adeo
2876 3649 2975 3690 nec
3005 3649 3186 3689 moror
3207 3649 3306 3704 pro
3334 3633 3510 3689 Xerxe
3537 3634 3666 3689 Sca-

2089 3725 2268 3798 ligeri,
2306 3741 2514 3798 proque
2544 3725 2663 3780 aliis
2701 3739 2874 3796 usque
2907 3725 2971 3779 ad
3002 3725 3212 3779 Ochum
3262 3725 3483 3781 diversa
3523 3725 3668 3780 inter

2090 3832 2150 3874 se
2181 3817 2404 3888 placita,
2438 3833 2559 3888 quae
2585 3816 2793 3888 jamdiu
2828 3816 3152 3887 disputando
3185 3816 3420 3872 contrita
3447 3826 3574 3872 sunt
3596 3818 3667 3872 ab

2094 3913 2164 3966 iis
2198 3911 2503 3982 praesertim
2530 3952 2547 3978 ,
2603 3912 2697 3982 qui
2730 3925 2915 3966 sacras
2963 3910 3178 3964 litteras
3213 3909 3664 3978 interpretantur.

2093 4002 2167 4058 De
2198 4001 2436 4059 Eusebio
2490 4011 2672 4056 autem
2729 4017 2827 4056 cur
2863 4001 3203 4056 dissimulem
3242 4017 3366 4056 esse
3399 4002 3661 4056 nonnulla

2093 4096 2145 4151 in
2177 4098 2277 4149 hac
2307 4095 2426 4162 ejus
2458 4095 2739 4164 opinione,
2773 4108 2895 4162 quae
2943 4092 3186 4148 Estliera:
3213 4092 3354 4147 lihro
3384 4095 3542 4164 plane
3566 4091 3667 4148 ad-

2091 4187 2425 4242 versantur?
2486 4184 2648 4240 Notat
2695 4201 2764 4240 ex
2815 4202 2898 4256 gr.
2965 4200 3122 4240 sacer
3173 4195 3394 4248 textus.
3451 4183 3670 4241 iudices

2091 4278 2267 4334 fuisse
2319 4289 2430 4332 tum
2488 4281 2752 4346 temporis
2805 4294 2901 4347 per
2949 4276 3231 4332 Medorum
3263 4277 3666 4348 Persarumque

2093 4369 2343 4438 regiones
2396 4368 2672 4436 dispersos
2701 4407 2716 4431 ,
2752 4367 2805 4420 in
2843 4366 3180 4436 |captivitate
3230 4367 3439 4422 scilicet
3488 4367 3667 4422 adhuc

2454 4459 2656 4515 Deinde
2722 4459 3095 4534 Mardoclizcus
3150 4460 3350 4516 dicitur
3405 4476 3527 4532 cap.
3583 4477 3665 4528 tt,

2096 4565 2241 4605 vers.
2275 4548 2330 4613 6,
2366 4563 2488 4603 cum
2525 4547 2758 4619 captivis
2810 4562 2913 4601 una
2963 4563 3088 4602 eum
3121 4564 3247 4618 rege
3274 4548 3541 4604 Jechonia
3571 4551 3670 4605 ab-

2095 4643 2334 4698 ductus:
2368 4643 2460 4711 qui
2504 4626 2547 4697 si
2584 4641 2721 4695 adeo
2758 4641 2862 4696 sub
2889 4641 3184 4696 Artaxerse
3220 4640 3504 4697 Mnemone
3529 4641 3673 4697 inter

2096 4737 2247 4793 vivos
2280 4737 2403 4802 fuit,
2438 4735 2876 4791 ducentesimum
2905 4735 3098 4790 saltem
3125 4735 3301 4790 aetatis
3323 4750 3522 4790 annum
3548 4750 3674 4806 age-

2095 4832 2207 4896 bat,
2244 4830 2391 4900 quod
2449 4841 2536 4886 est
2575 4845 2716 4900 sane
2772 4829 3114 4884 incredibile.
3169 4830 3416 4895 Demum,
3457 4837 3516 4884 ut
3567 4830 3671 4884 alia

2093 4933 2278 4996 praetei
2297 4925 2529 4990 mittam,
2563 4923 2749 4992 regina
2779 4921 2918 4991 ipsa,
2958 4920 3114 4990 cujus
3155 4930 3305 4976 tanta
3336 4933 3454 4976 erat
3480 4919 3670 4975 forma

2095 5017 2430 5088 praestantia,
2462 5024 2682 5069 centum
2709 5028 2882 5068 annos
2914 5012 3026 5081 jam
3068 5013 3417 5070 excessisset.
3441 5014 3668 5082 Reliqua

2095 5109 2349 5181 persequi
2381 5109 2524 5162 haud
2556 5115 2732 5162 vacat.

2163 5200 2282 5257 Col.
2314 5198 2438 5254 595.
2476 5199 2732 5270 Amyntas
2759 5207 2968 5252 iterum.
2993 5194 3212 5252 Sentire
3255 5195 3468 5250 videtur
3499 5193 3668 5249 Euse-

2095 5295 2238 5359 bius,
2286 5293 2430 5348 hunc
2457 5291 2693 5362 Argeum
2727 5305 2954 5362 regnum
3003 5289 3355 5356 intercepisse
3400 5287 3667 5356 Amyntae,

2093 5389 2235 5457 quod
2272 5386 2360 5440 hic
2392 5393 2515 5455 post
2559 5383 2697 5440 duos
2730 5398 2902 5438 annos
2944 5381 3311 5450 recuperarit;
3353 5391 3473 5448 qua:
3520 5377 3667 5430 enim

2096 5478 2379 5548 subjungit
2411 5476 2509 5540 ibi,
2543 5473 2673 5530 Post
2700 5492 2851 5547 quem
2881 5488 3092 5528 rursum
3119 5475 3388 5540 Amyntas,
3425 5469 3500 5522 ita
3527 5467 3667 5522 acci~

2096 5573 2206 5643 pio,
2229 5582 2285 5624 ut
2315 5570 2562 5624 eumdem
2591 5568 2903 5639 Amyntam,
2935 5579 3090 5634 quem
3123 5561 3364 5632 proxime
3408 5558 3666 5629 superius

2095 5663 2214 5719 loco
2251 5677 2337 5716 xvr
2363 5670 2780 5726 memoraverat,
2831 5659 3008 5713 denuo
3053 5661 3261 5708 notent.
3285 5650 3448 5706 FaVet
3477 5651 3665 5718 conjec

2098 5764 2266 5812 cturze
2296 5753 2439 5824 quod
2464 5753 2631 5822 priori
2652 5752 2770 5810 loco
2796 5764 2888 5804 sex
2923 5746 3075 5816 regni
3108 5741 3496 5812 annos,altero
3527 5743 3669 5797 duo-
