3932 6188
333 335 439 398 963

1581 319 2025 419 VALLARSII
2064 317 2308 419 Nom.

3424 335 3512 399 96L

327 435 588 528 derigiiiti
618 442 668 501 ei
698 443 910 508 tribuit,
943 441 1034 512 qui
1070 439 1207 528 opai:
1243 443 1371 497 sunt
1417 415 1606 512 viginti
1653 445 1909 510 quatuor.
1941 435 1985 501 Ᾱ
2014 432 2187 518 annos
2223 415 2392 528 ierme
2451 433 2670 509 triginta
2719 435 2986 508 quinque,
3033 449 3124 491 seu
3158 437 3316 506 primo
3357 427 3521 514 οιγιίιρ.

327 523 432 598 Tot
466 535 727 596 nimirum
759 527 1026 609 Amyntae,
1057 537 1149 606 qui
1173 519 1458 590 i’ausaniaa
1492 533 1778 594 successit.
1808 549 1910 586 an-

328 651 429 690 nos
466 616 557 690 dat
599 632 871 687 Diodorus
905 631 1000 684 lib.
1055 619 1175 695 ‘m,
1231 619 1350 683 nec'
1379 618 1632 682 diasentit
1663 626 1913 682 Justinus

326 707 550 788 lib.'vn,
582 739 631 778 c.
665 724 720 778 4.
751 714 1019 777 caeterum
1050 707 1284 791 Argequ
1330 720 1495 774 istum
1528 717 1911 772 intermedium

324 833 508 880 nemo,
543 815 688 883 quod
717 805 911 879 sciam,
945 815 1191 867 nominat
1220 828 1236 866 :
1265 826 1365 867 nec
1393 826 1556 882 porro
1589 810 1750 864 velim
1781 807 1915 863 Sca-

326 910 492 978 ligero
529 893 697 961 iidem
753 905 1002 960 adhiberi
1049 905 1168 976 ejus
1221 906 1364 978 regis
1415 920 1699 959 nummum
1734 900 1917 974 profo-

326 1001 465 1054 renti
523 998 845 1068 inscriptum
900 983 1198 1051 ΛΡΤΕΙΟΥ
1267 996 1622 1062 ΒΑΣΙΛΕΩΣ,
1684 1011 1748 1050 ex
1806 1008 1915 1065 quo

325 1075 541 1160 probet,
573 1079 855 1160 perperam
893 1091 962 1145 ab
1000 1077 1125 1147 aliis
1161 1090 1326 1146 scribi
1377 1090 1654 1161 Ἀργαίου.
1698 1089 1915 1158 Ignotus

322 1195 473 1238 Certe
510 1169 597 1238 ille
625 1193 710 1237 est
759 1184 836 1237 rei
885 1185 1206 1237 nummariae
1251 1183 1560 1237 studiosis:
1603 1196 1706 1236 nec
1740 1182 1786 1237 si
1817 1195 1915 1236 ex-

325 1276 488 1340 stitit,
521 1261 775 1329 idoneum
808 1269 1184 1347 germanitatis
1219 1291 1332 1331 sua:
1365 1271 1750 1345 lidejussorem
1821 1288 1918 1328 na-

329 1377 452 1421 ctus
482 1376 587 1444 est.

401 1447 521 1512 Col.
544 1441 670 1514 394.
699 1441 934 1528 Tyranni
956 1458 1194 1513 Athenis.
1223 1457 1444 1514 Factum
1469 1457 1520 1513 id
1545 1459 1718 1528 primo
1739 1456 1913 1532 olym-

332 1550 478 1621 piad.
510 1551 578 1606 94
610 1565 774 1612 anno.
810 1551 1090 1606 contendit
1134 1548 1379 1621 Scaliger
1423 1567 1488 1605 ex
1542 1549 1765 1605 Diodori
1799 1550 1919 1604 loco

333 1645 426 1698 lib.
458 1658 574 1711 xlv,
609 1644 698 1698 ubi
733 1661 935 1698 annum
970 1643 1112 1698 hunc
1159 1642 1328 1699 fuisse
1363 1653 1518 1699 notat
1546 1641 1922 1712 septingente-

333 1735 530 1789 simum
565 1723 957 1804 octogesimum
993 1735 1062 1788 ab
1096 1732 1177 1789 Ilii
1204 1729 1419 1806 excidio
1447 1749 1464 1790 :
1498 1731 1730 1803 proinde
1756 1732 1917 1814 bieu-r

2020 515 2141 601 104,
2189 521 2274 588 cui
2320 523 2695 602 Xenophontis
2745 545 2984 601 quoque,
3033 527 3218 584 Ctesiai
3251 535 3528 590 mentionem

2015 623 2204 694 aﬂigit.

2087 715 2224 770 Ibid.
2255 712 2521 784 Templum
2556 707 2749 782 Ephesi
2795 703 3011 767 rursum
3038 713 3307 768 incensum.
3335 713 3533 786 ldtpsum

2018 804 2302 878 Syncellus
2331 810 2515 862 statim
2543 819 2572 858 a
2601 805 2844 860 Socratis
2871 813 3042 859 morte
3073 805 3245 872 refert,
3277 817 3328 860 ut
3353 809 3411 863 de
3427 799 3532 866 labe

2017 890 2331 954 Eusebiauo
2369 896 2575 955 Canoni
2622 912 2654 952 a
2705 896 2942 951 librariis
2997 897 3142 950 illata
3177 891 3403 957 dubitare
3442 919 3532 958 non

2026 991 2212 1046 liceat.
2245 979 2513 1046 Caeterum
2548 990 2863 1060 pervulgata
2893 988 3165 1045 sententia
3197 1000 3290 1056 est,
3321 994 3462 1049 hocce
3479 996 3542 1049 al-

2022 1091 2198 1138 terum
2231 1065 2488 1150 Ephesini
2523 1071 2711 1149 templi
2735 1079 3046 1134 incendium
3077 1093 3142 1134 eo
3163 1080 3243 1135 die
3269 1077 3543 1152 contigisse,

2019 1187 2130 1244 quo
2180 1161 2340 1226 natus
2393 1181 2475 1226 est
2543 1159 2848 1226 Alexander
2901 1158 3150 1239 Magnus,
3209 1177 3342 1225 anno
3401 1174 3545 1242 primo

2019 1263 2223 1336 olyuip.
2260 1262 2385 1318 106.
2425 1261 2500 1318 Eo
2535 1271 2717 1317 autem
2751 1260 2853 1316 loci
2889 1253 2959 1316 ab
2991 1251 3222 1316 Eusebio
3253 1277 3350 1316 non
3381 1278 3548 1317 inemo-

2023 1367 2199 1434 ratur,
2253 1368 2310 1412 ut
2341 1355 2514 1413 videri
2567 1357 2786 1411 tertium
2837 1339 2969 1409 illud
3024 1355 3301 1421 potuisset.
3347 1352 3552 1424 Sumpsit

2024 1451 2129 1507 hoc
2160 1451 2347 1521 itaque
2380 1451 2449 1505 ab
2497 1439 2720 1505 auctore
2755 1445 3041 1518 qu0piam,
3094 1447 3186 1516 qui
3236 1462 3379 1504 secus
3420 1458 3552 1516 atque

2020 1540 2215 1613 vulgus
2245 1525 2520 1598 sentiebant
2545 1561 2560 1598 :
2590 1557 2771 1614 neque
2799 1540 2999 1596 fabulae
3031 1539 3133 1604 illi,
3159 1553 3309 1607 quam
3345 1536 3556 1606 procudit

2023 1633 2286 1706 Hegesias
2315 1621 2624 1705 ﬂaguesiua
2652 1648 2688 1688 a
2733 1631 3034 1687 Plutarcho
3073 1631 3286 1695 irrisus,
3322 1627 3460 1684 iidem
3481 1628 3558 1692 sd-

2020 1730 2221 1800 junxit.

332 1827 406 1880 uii
463 1795 990 1880 nietaciir'onismum
1030 1825 1120 1879 hic
1150 1840 1295 1880 esse.
1348 1795 1629 1895 Vide-ejus
1663 1823 1826 1878 Notas
1875 1797 1922 1878 si
1957 1795 2037 1894 Br
2095 1817 2214 1872 Col.
2287 1795 2423 1872 139$.
2494 1815 2863 1870 Psammuthes
2935 1830 3029 1868 an.
3102 1813 3154 1866 1.
3237 1810 3562 1880 Expnnxilm

335 1918 504 1973 lubet.
533 1917 736 1971 Confer
759 1927 814 1971 et
843 1916 1122 1972 Iustinum
1159 1917 1195 1970 l.
1229 1932 1283 1982 ν,
1312 1930 1362 1970 c.
1398 1917 1456 1970 8.

2029 1910 2159 1966 hinc
2189 1911 2354 1966 verba
2385 1905 2760 1980 Egyptiorum
2814 1909 2940 1962 xxxi
3000 1906 3277 1978 dynastia.
3329 1897 3560 1959 suam.

2027 2019 2166 2072 rum,
2220 1995 2341 2073 quae
2389 2002 2662 2059 Pontacus
2713 2001 3064 2072 ascripserat,
3118 1999 3169 2054 in
3222 1995 3563 2053 vetustioribus

2025 2105 2208 2152 autem
2239 2096 2404 2152 editis
2435 2095 2594 2151 libris
2629 2109 2737 2150 non
2787 2085 3057 2149 habentur
3088 2111 3103 2147 :
3159 2105 3327 2159 neque
3372 2103 3427 2142 es
3457 2087 3564 2142 Sca-

2023 2168 2160 2260 1iger
2201 2190 2290 2244 hic
2342 2188 2516 2254 novit,
2555 2175 2650 2245 sed
2685 2187 2785 2242 suo
2821 2187 3040 2242 demum
3070 2183 3197 2240 luco
3241 2183 3304 2238 ad
3343 2167 3566 2237 'Nectane-

2027 2280 2178 2346 bum,
2227 2294 2338 2350 quo
2384 2288 2441 2336 ct
2507 2279 2750 2348 reposita
2790 2285 2923 2333 sunt
2973 2277 3183 2332 nobis:
3247 2283 3294 2328 et
3333 2289 3449 2339 xxx,
3486 2288 3567 2324 non

2027 2367 2154 2428 sm
2189 2367 2441 2451 dynastia
2498 2371 2720 2429 dicitur.
2757 2369 2923 2451 Plane
2952 2368 3101 2423 enim
3149 2357 3281 2422 vero
3312 2375 3440 2433 erat.
3463 2379 3568 2417 con-

2029 2477 2110 2522 tra
2149 2447 2368 2522 Eusebii
2398 2475 2658 2529 mentem,
2707 2463 2800 2534 qui
2846 2447 3246 2518 Psamnmtbim
3273 2471 3324 2513 et
3346 2455 3570 2528 Nepberi-

2029 2569 2134 2616 tem
2189 2559 2451 2614 vicesima
2504 2572 2670 2622 nona,
2717 2571 2839 2626 quae
2889 2554 3289 2612 Mendesiorum
3331 2561 3425 2619 est,
3454 2566 3569 2604 cotu-

2027 2651 2336 2722 prehendit,
2369 2661 2426 2705 ut
2454 2666 2519 2706 ex
2575 2650 2863 2722 ipsiusmet
2888 2650 3069 2704 verbis
3121 2647 3263 2719 apud
3300 2642 3568 2716 Syncelluta

2027 2759 2083 2814 p.
2117 2737 2178 2797 61
2222 2743 2416 2811 liquet.
2454 2739 2701 2812 Scaliger
2730 2739 3082 2816 Psam’milem
3118 2745 3260 2811 nunc
3292 2731 3453 2794 iocat.

2097 2834 2237 2894 Ibid.
2283 2833 2640 2889 Nectanebus.
2673 2832 2808 2888 Tam
2869 2833 3146 2888 Eusebius
3175 2849 3204 2886 a
3232 2832 3462 2904 Syncello
3483 2835 3574 2888 lau'

2024 2928 2210 2994 datus,
2240 2942 2404 2995 quam
2458 2924 2742 2996 Syncellus
2777 2924 2896 2994 ipse
2938 2939 3046 2978 nou
3086 2923 3198 2979 nisi
3230 2939 3394 2980 annos
3419 2925 3573 2979 decem

334 3029 547 3090 gestum
579 3017 632 3070 in
662 3015 914 3070 eumdem
947 3033 1078 3069 aun.
1109 3015 1348 3085 primum
1377 3014 1582 3085 olynip.
1614 3005 1923 3084 summa:
2028 3011 2155 3073 huic
2175 3017 2421 3072 tribuunt
2448 3028 2742 3085 :ac_porro
2771 3014 2862 3071 ille
2893 3015 3050 3070 alteri
3077 3015 3150 3070 ab
3178 3015 3283 3071 isto
3311 3014 3578 3088 cognomini

334 3111 624 3165 Diodorus.
671 3099 780 3161 Sed
822 3109 872 3161 ei
906 3107 1064 3160 ﬁdem
1125 3122 1301 3175 neque
1337 3106 1452 3175 ipse
1492 3105 1709 3158 demum
1753 3103 1924 3159 Scali-
2026 3109 2408 3181 Egyptiorum
2460 3108 2573 3176 regi
2620 3105 2934 3163 Nectanebo
2985 3106 3080 3162 dat
3114 3107 3263 3163 solos
3304 3117 3438 3162 octo.
3465 3106 3580 3160 Con-

320 3219 430 3273 ger
460 3200 727 3271 adiungit,
779 3199 966 3269 aitque
1012 3215 1078 3252 ex
1136 3197 1431 3252 Plutarcho
1479 3197 1734 3254 subolere
1783 3196 1923 3250 inter
1953 3195 1996 3250 ϐ
2027 3210 2264 3272 surgunt
2297 3200 2433 3272 ὁμοῦ
2483 3201 2612 3255 anni
2660 3200 3061 3272 duodeviginti,
3107 3215 3230 3270 qua:
3279 3183 3364 3256 hic
3403 3213 3579 3255 summa

333 3297 520 3364 captas
550 3294 789 3347 Athenas
823 3302 876 3344 et
907 3293 1107 3345 caedum
1155 3289 1471 3355 Alcibiadis,
1525 3299 1585 3344 ut
1618 3287 1929 3361 minimum,
2035 3313 2226 3353 eorum
2259 3297 2476 3365 utrique
2505 3295 2819 3350 ascribitur.
2851 3293 3119 3366 Dubitare
3151 3293 3331 3364 itaque
3367 3293 3494 3357 licet,
3526 3305 3580 3344 ne

336 3375 725 3438 intercessisse
769 3399 974 3437 annum
1027 3375 1217 3436 unum.
1253 3381 1397 3436 Idem
1447 3397 1508 3436 es
1551 3373 1738 3436 l'el‘lllll
1792 3369 1932 3451 quas
2037 3390 2212 3446 fraudi
2241 3389 2410 3443 fuel-ig
2461 3390 2699 3442 "ominis
2749 3386 3052 3442 similitudo
3086 3387 3178 3452 iis,
3367 3385 3580 3440 Laliuum

333 3489 527 3531 narra!
559 3475 850 3530 οοτιιθίίιιε
891 3461 1096 3544 NEPOS.
1129 3473 1273 3528 δετὶυ
1318 3475 1577 3544 Colligere
1611 3480 1716 3528 θεῑο
2036 3482 2181 3538 hunc
2233 3479 2514 3537 Canonem
2564 3478 2695 3534 olim
2743 3489 3168 3545 recensuerunt,
3220 3479 3442 3533 maxime
3480 3492 3578 3530 cum

408 3569 544 3625 Ibid.
572 3555 700 3639 Γεινί
736 3565 913 3622 Persa:
950 3583 1218 3622 ascensus.
1239 3565 1538 3622 Praesuabat
1565 3558 1705 3637 regis
1733 3561 1921 3618 nomen

2035 3576 2125 3630 alii
2157 3575 2278 3644 sint,
2305 3590 2369 3630 ex
2423 3573 2688 3644 antiquis,
2733 3574 2827 3644 qui
2895 3571 3272 3629 Nectanebum
3319 3569 3579 3626 secundum

336 3661 581 3726 siluisse,
622 3654 768 3729 quod
805 3675 904 3714 nec
934 3669 1019 3714 est
1054 3661 1107 3713 in
1132 3657 1344 3724 Graeco,
1379 3673 1554 3727 neque
1585 3672 1712 3712 esse
1740 3656 1922 3738 debet,
2031 3675 2386 3738 ντωιειιεειη,

339 3747 398 3838 ut
425 3761 478 3806 et
508 3751 786 3821 Sraligero
817 3763 1061 3805 notatum
1091 3759 1194 3804 est.
1223 3750 1415 3804 Notior
1435 3759 1520 3805 est
1549 3749 1732 3820 Κύρου
1774 3733 1932 3802 ’Ἀνάο
2038 3733 2053 3738 ’
2107 3759 2241 3816 Ima,
2289 3739 2802 3831 barghaginiemium
2861 3760 3070 3838 δειιμηι,
3115 3758 3382 3822 armum,
3450 3771 3583 3827 quem

333 3829 520 3932 beare,
559 3859 722 3932 quam
757 3854 814 3896 ut
847 3844 1010 3898 verbo
1041 3835 1368 3913 c‘xpendam.
1474 3909 1500 3932 .

2036 3835 2261 3902 minime
2315 3829 2734 3903 novit—textum
2783 3849 2924 3920 apud
2972 3829 3320 3920 .Syncellum,
3380 3847 3588 3918 Scaliger

410 3921 541 3988 Ibid.
577 3910 822 4005 'i'yrunni
893 3910 1128 3988 Athenis
1179 3910 1440 4002 oppressi.
1474 3910 1528 3987 Ἄ
1586 3931 1921 4002 Thrasybulo

2037 3939 2110 3993 ita
2145 3938 2388 4012 conligit,
2417 3910 2986 4025 Kapxqoovimv'pdm
3012 3910 3360 4012 iraperqro;
3392 3951 3444 3995 ut
3466 3910 3588 3993 nem-

332 4019 574 4093 scilicet,
603 4027 763 4096 cujus
799 4027 1118 4110 praeclarum
1160 4027 1264 4080 hoc
1296 4025 1510 4080 facinus
1541 4025 1605 4079 ad
1633 4024 1703 4077 9t
1725 4024 1921 4093 olymp.

2037 4044 2103 4099 pe
2136 4030 2276 4086 male
2326 4030 2596 4086 redditum
2648 4029 2840 4086 Latine
2873 4019 2975 4088 abs
3023 4030 3358 4104 liierony‘mo
3405 4030 3588 4090 bellum,

341 4119 559 4172 tertium
583 4117 785 4170 a’nnum
823 4117 986 4171 refert
1007 4109 1361 4188 Anonymus;
1391 4116 1456 4169 ad
1485 4124 1739 4186 quartum
1807 4128 1921 4168 eum

2036 4139 2136 4195 pro
2168 4141 2374 4195 pugna,
2408 4123 2628 4180 inferat.
2666 4124 2824 4181 Nunc
2868 4125 3112 4196 vindicat
3163 4127 3223 4182 S.
3275 4117 3588 4195 Interprelent

334 4195 578 4266 Eusebio
619 4205 912 4277 ὐίοάοτηεο
965 4210 1231 4288 siquidem
1267 4210 1546 4280 COﬂi'msil
1580 4209 1684 4263 hoc
1713 4220 1930 4280 883W“
2036 4219 2106 4272 ab
2135 4233 2199 4272 ea
2229 4217 2611 4272 criminatione
2634 4217 2804 4283 locus,
2835 4233 2999 4288 quem
3035 4218 3345 4281 laudamus,
3377 4227 3427 4271 et
3453 4231 3587 4285 quem

320 4299 463 4393 {cum
498 4320 726 4393 ascensu
771 4304 919 4374 Cyri.
977 4301 1113 4358 Vide
1161 4306 1204 4359 si
1242 4304 1387 4359 lubet
1433 4295 1790 4374 Scaligerum.
1915 4391 1924 4393 ξ
2036 4311 2107 4365 ab
2156 4299 2392 4365 Eusebio
2422 4319 2730 4385 acceptum,
2782 4313 2956 4366 series
2993 4312 3108 4380 ipsa
3152 4320 3424 4386 gestorum
3470 4305 3590 4384 apud

417 4381 538 4451 Col.
573 4381 699 4470 391.
724 4397 1066 4450 Athenienses
1091 4396 1351 4450 sustinent
1381 4396 1743 4466 tyrannidem.
1776 4391 1921 4460 Quod

2037 4400 2351 4472 Syncellnm
2386 4397 2610 4455 evincit.
2665 4381 2908 4470 Πόλεμος
2951 4381 3175 4470 quippe,
3204 4416 3314 4454 nou
3351 4383 3489 4468 μάχη
3521 4381 3592 4449 di-

342 4489 628 4544 laudanius
675 4490 727 4543 in
781 4488 991 4542 Cumis
1041 4487 1303 4542 l’ascbale
1349 4488 1664 4542 Cbronicon
1713 4495 1930 4556 gestum
1967 4503 2220 4583 Deatur;
2265 4492 2399 4562 quin
2448 4492 2612 4545 etiam
2664 4492 2979 4547 verosimile
3023 4502 3129 4555 est.
3180 4491 3478 4564 signiﬁcare
3512 4503 3590 4540 rs-

402 1993 523 2062 Col.
551 1997 680 2060 392.
710 1989 1040 2061 Democritus
1098 2001 1347 2061 morititr.
1398 2003 1674 2060 Laudatus
1702 1991 1920 2074 quidem

336 2097 608 2153 Diodorus
636 2099 830 2153 eodem
868 2093 988 2166 ipso
1013 2087 1158 2152 anno
1180 2097 1598 2152 Atheniensium
1628 2087 1922 2165 ἀναρχῐας,

231 2241 234 2244 .
325 2196 446 2250 sire
481 2193 650 2261 primo
675 2175 968 2261 olympiad.
999 2167 1068 2245 9‘4
1109 2173 1165 2242 'I‘a
1179 2189 1248 2244 tis
1276 2188 1616 2244 concessisse
1646 2185 1925 2242 Democri-

324 2294 446 2336 itiun
479 2283 664 2338 refent.
711 2284 847 2336 Cum
879 2296 1010 2337 vero
1060 2291 1288 2336 veteres
1324 2285 1466 2335 inter
1498 2295 1558 2336 se
1591 2279 1749 2350 longe
1784 2278 1923 2332 late-

321 2389 436 2442 que
469 2375 537 2429 de
567 2374 748 2440 annis,
800 2373 1000 2445 quibus
1046 2373 1204 2438 vixit,
1255 2372 1432 2441 deque
1486 2371 1624 2426 adeo
1655 2369 1828 2424 natali
1869 2355 1924 2425 et

323 2464 619 2535 θανασίμῳ
643 2481 766 2521 cum
804 2465 994 2534 primis
1033 2464 1364 2528 dissideant,
1393 2478 1504 2516 non
1555 2461 1774 2516 videtur
1799 2459 1924 2530 iure

323 2553 575 2626 :Scalige'r
601 2573 745 2612 nunc
770 2556 1068 2611 Eusebium
1099 2555 1166 2610 de
1193 2555 1415 2610 triennii
1439 2554 1920 2617 metarbronismo,

323 2666 478 2705 .nnnc
526 2649 802 2705 Laertium
854 2653 919 2705 de
973 2649 1115 2705 falso
1145 2665 1454 2706 accusare:
1519 2662 1692 2717 eoque
1742 2648 1924 2701 minus

323 2739 478 2798 recte
507 2741 818 2797 Simsonius
848 2744 991 2797 hunc
1031 2742 1186 2814 juxta
1224 2749 1659 2814 praeconceptam
1707 2725 1920 2806 opinio-

322 2847 454 2888 :ncm
488 2848 551 2886 ex
594 2832 821 2885 arbitrio
854 2811 1099 2900 reﬁgere.
1139 2811 1272 2883 Vide
1303 2819 1484 2897 ipsum
1509 2811 1814 2882 'Laer'tiuut.

402 2907 538 2980 Ibid.
577 2922 908 2976 Alcibiadem
940 2920 1329 2975 Pharnabazus
1362 2921 1635 2986 interﬁcit.
1670 2907 1847 2986 Atque
1870 2907 1922 2972 id

347 4583 399 4636 id
438 4581 603 4635 relert
625 4591 748 4649 post
775 4581 985 4650 septem
1010 4581 1188 4634 adhuc
1217 4596 1418 4642 annos,
1451 4581 1568 4635 sive
1599 4582 1935 4650 subsequen-

347 4677 418 4726 tis
474 4675 680 4743 olymp.
725 4683 943 4740 quarto.
975 4671 1206 4740 Propius
1229 4675 1294 4724 ad
1332 4686 1516 4724 verum
1553 4686 1791 4740 cumque
1829 4672 1935 4726 Eu-

348 4749 498 4821 sabio
531 4765 700 4818 ferme
727 4763 1014 4820 Cedrenus
1051 4773 1314 4818 memorat
1338 4764 1484 4818 circa
1509 4764 1753 4819 So~ratis
1783 4779 1933 4818 mor—

351 4872 487 4914 tem.
514 4855 649 4915 llinc
672 4857 917 4930 Scaliger
951 4859 1505 4928 arripitoccasionem
1535 4859 1603 4912 de
1630 4841 1950 4912 litterarum.

347 4951 654 5008 Ionicarum
691 4953 896 5020 origine
923 4953 1188 5022 prolixius
1225 4951 1551 5015 uisa-reniti,
1585 4966 1704 5021 quae
1739 4961 1799 5005 ut
1837 4951 1934 5005 iiii-

347 5042 493 5098 nime
560 5044 895 5114 propositum
968 5053 1236 5114 spectent,
1289 5046 1508 5113 sintque
1553 5043 1622 5096 ab
1668 5029 1790 5100 aliis
1823 5047 1935 5097 tra-

346 5145 492 5190 ctata
565 5135 734 5189 multo
797 5134 1006 5188 felicius
1077 5150 1142 5188 ex
1202 5134 1457 5201 nummis,
1512 5137 1586 5188 ita
1637 5145 1692 5189 et
1742 5133 1937 5205 lapidis

349 5227 668 5282 Farnesiaui
697 5226 800 5280 levi
831 5225 1184 5281 fundamento
1214 5229 1480 5292 nituntur,
1507 5227 1624 5283 sive
1654 5243 1760 5281 non
1788 5227 1934 5298 ejus,

348 5325 511 5390 quam
547 5330 721 5390 putat,
751 5321 949 5374 atatis.

418 5415 538 5469 μοι.
572 5413 696 5469 594.
739 5414 988 5469 Socrates
1044 5417 1473 5492 veneuum‘bibil.
1509 5415 1728 5470 Rectius
1763 5415 1936 5486 primo

347 5505 516 5575 huius
536 5507 736 5577 olymp.
761 5522 905 5560 anno
932 5522 1078 5561 !IIOt'S
1110 5491 1354 5560 Socrati.
1373 5509 1588 5564 videtur
1611 5508 1935 5565 ascribenda

349 5615 418 5652 ex
449 5598 666 5654 Diodori
709 5601 802 5654 lib.
855 5615 962 5664 xiv,
1010 5593 1262 5690 Diogenis
1305 5597 1508 5655 Laertii
1555 5603 1606 5655 in
1639 5602 1759 5682 ejus
1792 5601 1935 5667 Vita,

351 5702 515 5760 atque
551 5695 780 5746 aliorum
836 5696 1184 5748 testimoniis.
1225 5695 1428 5748 Auctor
1467 5702 1646 5748 tamen
1681 5695 1931 5751 Paschal.

352 5785 639 5850 Chronici,
701 5788 954 5841 haustum
1023 5788 1092 5843 ab
1149 5803 1213 5844 co
1265 5803 1530 5843 venenum
1593 5788 1757 5845 refert
1815 5802 1938 5860 post

2041 4583 2207 4639 luisse
2242 4582 2533 4638 Eusebium
2577 4584 2799 4640 crudele
2837 4584 3038 4640 bellum
3068 4585 3225 4650 illud,
3258 4569 3396 4653 quod
3438 4588 3596 4634 narrat

2039 4675 2338 4748 Diodorus,
2385 4675 2484 4728 lib.
2519 4689 2632 4740 xiv,
2685 4676 3010 4746 Syracusios
3051 4673 3198 4730 inter
3249 4686 3305 4729 et
3342 4669 3596 4739 Carthagi-

2039 4769 2260 4822 nienses
2331 4767 2558 4845 fuisse;
2597 4779 2650 4824 et
2695 4768 2900 4822 exarsit
2955 4767 3176 4838 quidem
3229 4755 3405 4836 primo
3455 4761 3595 4832 hujus

2038 4861 2242 4929 olymp.
2275 4874 2444 4924 anno,
2475 4859 2571 4916 sed
2605 4863 2847 4915 nondum
2879 4857 3048 4916 hocce
3076 4872 3294 4932 quarto,
3331 4857 3416 4912 cui
3441 4854 3596 4909 ascri-

2039 4955 2186 5007 bitnr
2209 4955 2274 5006 ab
2310 4949 2563 5018 Eusebio,
2599 4957 2924 5008 restinctum
2958 4952 3158 5019 fuerat,
3207 4951 3346 5006 duce
3385 4946 3594 5004 Cartha-

2037 5047 2370 5117 giniensium
2409 5045 2658 5116 Magone,
2693 5046 2788 5116 qui
2827 5045 2934 5100 hoc
2970 5045 3089 5115 ipso
3118 5035 3264 5098 anno
3299 5041 3364 5097 ad
3397 5033 3595 5094 ithaca:-

2039 5153 2172 5191 nurn
2205 5133 2392 5192 urbem
2449 5137 2640 5208 praelio
2689 5136 2840 5192 lusus
2874 5147 2960 5191 est
3003 5152 3033 5189 a
3068 5134 3343 5206 Dionysio.
3378 5131 3598 5196 Scaliger

2039 5229 2367 5302 priecedemi
2398 5229 2649 5300 proxime
2683 5243 2911 5282 numero
2941 5229 3164 5282 ascribit
3191 5221 3401 5280 Eusebii
3432 5217 3592 5290 ῥῆσιν.

2039 5341 2202 5395 quam
2237 5333 2292 5378 et
2340 5323 2407 5376 de
2446 5321 2650 5376 biennii
2697 5309 3158 5376 metacbronism'o
3198 5325 3433 5378 accusat,
3467 5311 3592 5384 quod

2040 5419 2270 5486 intelligi
2299 5416 2429 5472 velit
2460 5417 2619 5486 longe
2642 5411 3052 5470 celeberrimam
3089 5429 3325 5484 pugnam
3351 5408 3588 5466 navalem.

2039 5513 2178 5566 duce
2229 5507 2649 5580 Syracusiorum
2707 5504 2955 5576 Leptine,
3009 5516 3063 5561 et
3087 5497 3585 5573 Carthaginiensium

2043 5603 2326 5658 Imilcone.

2111 5695 2230 5752 Col.
2273 5696 2398 5751 596.
2451 5692 2734 5750 Camillus.
2792 5675 3279 5746 Hallucinationem
3336 5687 3483 5746 hanc,
3519 5679 3582 5733 ait

2045 5788 2290 5858 Scaliger
2355 5785 2571 5842 Eusebii
2628 5800 2769 5853 esse,
2816 5783 3157 5851 conjicientis
3204 5795 3396 5836 annum
3433 5782 3579 5844 capta:
