3964 6186
340 308 450 372 965

1611 305 2015 373 VALLABSII
2041 312 2270 376 NCT/8.

3105 266 3303 293 17"...”

3475 322 3584 398 966

345 417 511 475 Urbis
576 416 632 472 in
681 429 886 473 annum
939 429 1050 487 quo
1102 413 1274 486 Alpes
1330 429 1378 471 'a
1424 413 1598 474 Gallis
1648 430 1914 487 superatae
1940 427 1986 484 Α
2017 424 2441 482 chameAtiienia
2462 387 3185 501 Asleo,olympiadis-primoz
3204 444 3259 490 et
3287 387 3584 496 caelestius

339 521 488 569 sunt.
519 510 584 566 Et
629 519 710 566 est
745 507 991 578 quidem,
1023 516 1084 565 ut
1149 506 1287 563 nihil
1350 507 1706 575 dissimulem,
1754 512 1913 581 vulgo

341 613 560 672 recepta
610 618 677 657 ex
733 600 912 656 Fastis
955 600 1277 669 Capitolinis
1330 600 1547 656 illorum
1616 603 1913 668 sententia,

337 694 436 765 qui
473 705 632 761 anno
665 693 828 762 hujus
877 693 1084 763 olyinp.
1129 693 1312 758 tertio,
1371 708 1478 748 non
1539 694 1740 763 primo,
1799 693 1914 749 Ro—

339 803 487 844 mam
533 802 567 842 a
647 785 821 841 Gallis
880 795 1094 855 captam
1159 786 1494 840 existimant.
1565 783 1682 839 Non
1741 799 1916 855 usque

334 881 477 935 adeo
505 888 684 933 tamen
714 883 925 937 eorum:
953 885 1117 931 certae
1161 878 1404 931 rationes
1435 885 1584 942 sunt,
1639 885 1702 932 ut
1754 879 1915 934 aliter

337 970 690 1027 sentientium
760 967 866 1024 dici
943 967 1394 1024 hallucinationes
1452 969 1692 1040 possint.
1761 967 1916 1024 Facit

337 1063 514 1118 ferme
558 1076 684 1116 cum
729 1058 970 1116 Eusebio
1017 1058 1344 1114 Plutarchus
1395 1061 1450 1114 in
1503 1059 1751 1126 Camillo,
1817 1061 1912 1130 qui

336 1163 459 1225 post
512 1167 687 1208 annos
734 1151 966 1221 amplius
1007 1149 1112 1206 560
1139 1149 1235 1219 [ab
1284 1151 1508 1206 conditu
1556 1159 1770 1220 captam
1803 1150 1914 1206 Ur-

335 1245 458 1299 bem
493 1252 644 1298 notat
671 1259 688 1296 :
715 1256 818 1297 nec
845 1239 1102 1296 diliitetur
1129 1251 1310 1296 tamen
1343 1251 1554 1297 certum
1584 1243 1703 1312 ejus
1733 1243 1914 1306 infero

333 1338 474 1392 tunii
511 1351 710 1389 annum
746 1333 964 1388 dimcile
997 1348 1118 1388 esse
1165 1334 1432 1389 iurenire.
1465 1335 1568 1390 Alii
1601 1337 1655 1393 in
1695 1339 1913 1392 diversa

331 1431 556 1485 abeunt.
597 1427 804 1484 Plinius
832 1428 928 1482 lib.
965 1441 1146 1489 xxxiv,
1179 1440 1301 1496 cap.
1333 1427 1383 1491 i,
1417 1441 1546 1481 ann.
1595 1431 1749 1497 putat
1775 1428 1910 1497 358;

332 1518 713 1585 Livium-365;
753 1517 1043 1589 Dionysius
1087 1518 1190 1579 lib.
1231 1535 1272 1583 I,
1323 1527 1446 1589 post
1481 1534 1634 1587 reges
1665 1529 1910 1586 exactos,

329 1611 690 1667 centesimum
719 1608 1047 1663 vicesimum
1081 1609 1390 1678 expletum;
1442 1609 1546 1664 hoc
1574 1619 1757 1664 autem
1803 1625 1914 1664 'att-

327 1719 507 1764 ctore,
549 1711 603 1756 et
656 1699 911 1766 Diodoro,
947 1698 1191 1769 Scaliger
1212 1708 1400 1755 contra
1443 1701 1590 1756 illam
1643 1700 1912 1773 vulgatum

2017 530 2159 569 anno
2187 527 2403 586 quarto.
2431 519 2720 578 Consentit
2748 532 2803 578 et
2840 523 3039 580 Strabo
3070 525 3167 581 lib.
3197 531 3315 595 viti,
3342 529 3435 600 qui
3469 531 3578 588 cla

2017 607 2139 661 dem
2174 609 2315 664 hanc
2337 610 2504 665 refert
2529 613 2746 668 biennio
2783 622 2909 670 ante
2934 631 3168 686 pugnam
3206 617 3578 676 Leuctricam.

2017 697 2074 752 in
2103 698 2433 768 quibusdam
2474 719 2610 759 mss.
2662 703 2939 760 Elire'non
2976 707 3254 776 aspiratur
3293 725 3310 765 :
3341 710 3585 781 Scaliger

2017 784 2171 842 Elica
2211 789 2375 859 legit,
2411 790 2932 863 'etPeIOponnemes
2985 795 3138 850 urbes
3186 812 3205 851 :
3257 798 3578 865 Salmasius,

2018 887 2156 934 teste
2223 879 2708 950 Schdrzﬂeiscbio,
2786 886 3020 940 malebat
3080 889 3581 958 Peloponnesus“.

2014 965 2184 1023 Porro
2224 970 2371 1026 nulla
2423 972 2524 1027 hac
2574 973 2757 1028 notior
2806 975 3030 1032 historia
3100 984 3242 1049 apud
3283 986 3580 1051 antiquom,

2015 1073 2155 1128 quos
2190 1059 2412 1115 laudare
2443 1063 2576 1117 nihil
2611 1064 2858 1121 interest.

2088 1147 2208 1204 Col.
2244 1150 2697 1210 59LPra'nestini
2725 1172 2758 1210 a
2783 1155 3060 1225 Romanis,
3097 1169 3208 1217 etc.
3247 1163 3582 1238 Varia-apud

2013 1242 2270 1311 antiquos
2299 1253 2557 1301 auctores
2582 1249 2746 1320 hujus
2773 1258 2856 1305 es't
2891 1252 3022 1307 facti
3054 1255 3287 1323 epocha.
3323 1254 3578 1312 Nonnulli

2016 1329 2084 1385 ad
2126 1331 2361 1398 primum
2411 1334 2576 1406 hujus
2624 1339 2952 1409 Olympiadis
2986 1357 3186 1396 annum
3219 1344 3484 1410 referunt,
3515 1362 3583 1400 ex

2016 1419 2153 1476 Livii
2187 1426 2501 1483 narratione
2542 1429 2636 1483 lib.
2677 1445 2751 1496 vi,
2783 1445 2904 1500 cap.
2933 1431 3038 1499 27;
3069 1431 3339 1490 Diodorus
3357 1447 3410 1491 et
3441 1435 3588 1492 Pau-

2015 1514 2100 1568 lus
2128 1513 2374 1582 Orosius,
2405 1529 2544 1589 quos
2571 1520 2754 1576 laudat
2785 1520 3044 1592 Scaliger,
3081 1539 3228 1580 anno
3257 1529 3417 1584 tertio
3451 1531 3584 1586 stib-

2017 1609 2300 1676 seqnentis
2333 1609 2430 1664 lOl
2465 1613 2767 1669 ascribunt.

2085 1696 2206 1755 Col.
2237 1700 2365 1758 596.
2409 1702 2566 1769 Teos,
2595 1721 2688 1759 rea:
2708 1706 2950 1780 Egypti.
2980 1708 3157 1782 Negat
3201 1711 3408 1784 fugisse
3454 1728 3580 1771 eum

325 1796 640 1864 opinionem
668 1793 839 1848 fuisse
868 1807 992 1847 eum
1015 1793 1256 1862 primum
1289 1793 1677 1867 subsequentis
1695 1796 1904 1865 olymp.
1936 1813 1981 1870 Β
2015 1788 2279 1860 Scaliger,
2305 1794 2818 1867 sedcompendioso
2838 1801 3048 1858 itinere
3076 1818 3185 1873 iper
3214 1805 3472 1866 Arabiam
3510 1809 3579 1863 ad

325 1888 396 1944 98
429 1886 731 1940 contendit.

395 1979 516 2035 Coi.
551 1978 677 2034 593.
715 1977 933 2033 Tribuni
980 1977 1266 2032 militares.
1313 1979 1424 2049 Ego
1472 1979 1546 2033 ita
1588 1981 1818 2050 accipio,
1849 1983 1907 2035 ut

324 2070 622 2140 significet,
644 2070 825 2124 denuo
860 2069 1110 2124 tribunos
1157 2071 1392 2125 militiim
1420 2072 1711 2128 'consulari
1745 2080 1906 2142 pote-

323 2171 464 2219 state
500 2163 770 2229 inductos,
819 2174 927 2230 quo
983 2161 1318 2231 magistratu
1361 2148 1612 2231 superior
1661 2163 1906 2230 proxime

321 2271 501 2312 annus
531 2255 744 2310 caruit:
769 2260 841 2308 |eo
867 2253 1139 2322 siquidem
1173 2253 1242 2309 Μ.
1275 2251 1483 2310 Furius
1518 2255 1790 2312 ‘Gamiiius
1821 2256 1906 2310 di-

322 2357 521 2414 ctator,
547 2348 616 2401 li.
646 2346 894 2401 \‘aieriu’s
927 2345 1139 2402 Patitus
1170 2351 1315 2418 mag.
1345 2348 1588 2416 equitum
1624 2347 1745 2404 fuit.
1786 2348 1906 2403 Pri-

323 2441 446 2496 dem
493 2451 647 2502 vero,
691 2451 794 2494 nec
843 2437 913 2493 ει)
958 2440 1119 2493 annis
1164 2453 1294 2493 sane
1341 2438 1552 2507 paucis,
1586 2437 1900 2493 'Ronianam

323 2539 498 2600 remp.
539 2530 736 2584 tribuni
777 2523 1056 2582 militares
1087 2527 1436 2593 bbtittébant,
1485 2543 1550 2582 ac
1600 2529 1766 2599 pbl‘t‘b
1808 2530 1900 2584 llitt

323 2622 680 2676 obtinuerunt
707 2615 919 2676 secutis
957 2619 1324 2688 temporibus,
1367 2631 1445 2675 ‘eo
1470 2623 1707 2688 ‘excepto
1735 2634 1899 2684 anno,

320 2719 486 2782 quem
515 2711 782 2766 Eusebius
817 2712 1178 2773 ttotat,-tertio
1219 2711 1420 2781 olymp.
1459 2711 1554 2776 97,
1583 2711 1719 2773 sive,
1747 2711 1900 2781 juxta

320 2802 555 2859 aliorum
589 2795 857 2866 rationes,
877 2799 1100 2872 quarto.
1122 2802 1395 2856 Caeterum
1420 2809 1480 2855 ut
1500 2801 1617 2856 haec
1644 2807 1777 2857 lcntn
1813 2799 1902 2855 ιλι-

324 2895 412 2948 vio
442 2895 536 2947 lib.
572 2910 622 2947 vr
662 2893 935 2956 conferas,
965 2901 1160 2947 auctor
1199 2906 1345 2946 sum.

393 2981 514 3037 Col.
540 2981 666 3036 393.
700 2977 1278 3051 Euago'rus.Perqu;im
1305 2979 1464 3035 ducte
1491 2987 1742 3034 notatum
1769 2979 1902 3036 Sca-

321 3075 514 3146 llgero,
547 3074 761 3144 ὲξέσιεη,
794 3073 939 3142 quod
988 3074 1040 3126 in
1083 3071 1278 3128 Graeco
1316 3085 1422 3137 est,
1454 3074 1680 3127 verbum
1715 3072 1897 3127 fraudi

319 3167 380 3225 S.
412 3166 722 3236 Interpreti,
769 3164 860 3235 qui
909 3165 1104 3229 reddit,
1141 3165 1203 3218 in
1243 3165 1474 3235 furorem
1519 3180 1722 3226 uersus,
1771 3175 1897 3220 c‘tnn

317 3259 396 3314 ibi
430 3259 504 3315 sit
539 3272 647 3328 pro
689 3257 1051 3328 ἐξεχώρησεν,
1101 3257 1152 3312 id
1187 3247 1294 3322 est,
1322 3259 1565 3321 mersit,
1594 3258 1678 3313 vel
1711 3259 1897 3313 seuit.

317 3351 459 3408 Nota
493 3366 560 3406 ex
593 3350 943 3405 Diodoro-lib.
964 3363 1043 3404 lxv
1076 3350 1302 3405 historia
1335 3345 1613 3418 Euagorae,
1645 3351 1738 3420 qui
1771 3366 1895 3405 cum

319 3443 393 3500 ab
419 3434 734 3498 Artaxerxis
768 3442 907 3496 duce
935 3439 1204 3496 Teribaz‘o
1227 3439 1378 3495 bello
1408 3441 1748 3495 internecino
1776 3455 1896 3509 pre-

319 3537 581 3601 meretur,
608 3533 882 3604 optionem
900 3533 1142 3601 aiccepit,
1170 3541 1231 3586 rrt
1249 3533 1506 3586 omnibus
1528 3544 1633 3600 per
1655 3532 1892 3601 Cyprum

320 3627 550 3682 urbibus
579 3626 822 3691 cederet,
851 3633 907 3679 et
942 3625 1112 3680 unius
1161 3621 1457 3679 Salaminis
1484 3622 1729 3678 dominio
1761 3638 1896 3678 con-

318 3730 504 3775 tentus
525 3729 764 3773 annuum
781 3718 1075 3772 ‘Arta-xerxi
1104 3717 1366 3772 tributum
1389 3717 1738 3785 dependeret.
1763 3715 1895 3770 Illud

317 3817 452 3868 Vero
475 3815 627 3881 quod
647 3810 733 3864 'ait
763 3808 1030 3880 Scaliger,
1047 3805 1357 3866 admissum
1392 3810 1470 3863 'ab
1496 3807 1733 3864 Eusebio
1766 3821 1898 3878 pro-

316 3905 694 3960 chronisinum
725 3903 928 3958 hiemiii
957 3903 1088 3973 (hoc
1113 3902 1259 3956 enim
1289 3901 1580 3970 contigisse
1612 3915 1756 3955 anno
1795 3901 1898 3955 hu-

311 3998 404 4069 jus
437 3997 640 4066 olymp.
665 3993 917 4065 quarto),
969 3991 1186 4048 videtur
1225 3998 1292 4048 ex
1334 3985 1570 4048 Diodoro
1624 3993 1890 4058 hausisse,

313 4088 410 4156 qui
443 4092 739 4152 hoeaiino,
773 4097 948 4154 eaque
964 4083 1229 4154 Evagon:
1261 4085 1644 4140 transactione
1671 4085 1896 4154 imposi-

321 4187 435 4232 tum
461 4177 610 4232 bello
632 4175 872 4246 ‘Cyprico
901 4175 1061 4230 finem
1097 4176 1287 4230 tradit.
1328 4175 1673 4230 Manifestum
1709 4187 1890 4229 autem

317 4279 402 4324 est
439 4283 514 4324 'ex
547 4268 800 4324 isocratis
822 4268 1077 4336 Eva‘gu‘ra
1109 4276 1168 4336 τ).
1211 4265 1335 4330 598.
1372 4275 1435 4321 ‘et
1473 4266 1802 4336 Panegyrico
1833 4279 1888 4335 p.

314 4361 444 4426 T36,
479 4361 587 4416 falli
614 4362 903 4414 Diodorum
931 4360 987 4415 in
1031 4353 1453 4428 praescribe'ndis
1481 4357 1602 4428 ejus
1633 4357 1755 4411 belli
1773 4355 1892 4410 'ter-

2008 1884 2368 1938 Artaxerxem
2403 1887 2640 1955 venisse,
2682 1899 2741 1945 ut
2779 1893 2993 1948 veniam
3025 1896 3094 1949 ab
3119 1910 3207 1959 eo,
3248 1911 3410 1967 quem
3437 1912 3582 1953 'con-

2009 1982 2091 2028 tra
2125 1989 2276 2030 arma
2307 1987 2578 2044 moverat,
2619 1982 2960 2052 impetraret.
2990 1982 3056 2039 Et
3088 1995 3212 2041 rem
3246 1987 3466 2057 quidem
3501 1989 3574 2045 ita

2007 2064 2281 2123 Diodorus
2317 2077 2504 2126 narrat
2551 2073 2646 2128 lib.
2685 2089 2776 2136 xv,
2813 2075 3015 2145 aliique
3048 2081 3259 2135 veteres
3305 2079 3583 2153 Scaligero

2006 2157 2207 2214 laudati
2245 2162 2564 2232 scriptores,
2589 2175 2938 2223 'ut‘revocare
2971 2183 3090 2224 eam
3126 2171 3180 2224 in
3209 2172 3432 2228 dubium
3468 2188 3580 2230 non

2006 2249 2188 2305 liceat.
2235 2251 2434 2309 Verum
2455 2254 2612 2312 ‘aliud
2647 2257 2859 2314 videtur
2893 2274 2958 2315 eo
3002 2263 3170 2318 verbo
3202 2261 3471 2320 Eusebius
3501 2267 3578 2323 si-

2005 2343 2267 2412 gniﬁcare
2292 2345 2532 2402 voluisse
2577 2360 2592 2402 :
2631 2348 2836 2419 fugisse
2865 2352 3077 2408 ‘scilicet
3105 2354 3314 2409 Thetim
3357 2366 3464 2411 nun
3508 2357 3580 2412 ab

2004 2433 2326 2502 Artaxerxe,
2378 2446 2435 2492 et
2477 2439 2532 2493 in
2566 2439 2850 2510 Arabiam,
2884 2453 2942 2498 ut
2978 2443 3057 2500 ibi
3107 2447 3369 2516 latitaret,
3417 2449 3510 2505 sed
3545 2464 3578 2502 a

2006 2527 2340 2598 Nectenebo,
2364 2532 2591 2602 proprio
2635 2533 2778 2600 tilio,
2806 2537 2897 2607 qui
2929 2553 3054 2593 cum
3081 2535 3155 2593 'ad
3187 2543 3585 2611 Oppugnandas

2005 2620 2058 2674 in
2080 2619 2248 2692 Syria
2287 2623 2455 2678 urbes
2483 2625 2788 2682 ’Phcen‘icia:
2839 2630 3047 2686 missus
3080 2631 3313 2696 fuisset,
3357 2650 3385 2688 a
3420 2644 3573 2704 patre

2003 2707 2254 2775 descivit,
2279 2714 2928 2798 eique‘struxit‘insidias
2947 2738 2972 2777 ’ς
3007 2728 3171 2792 atque
3199 2725 3334 2780 adeo
3365 2725 3576 2798 fugisse

2003 2798 2255 2858 breviore
2282 2793 2397 2874 per
2422 2805 2678 2864 Arabiam
2711 2809 2800 2864 via
2831 2798 2897 2866 ad
2950 2816 3313 2871 Artaxerxem
3341 2858 3356 2882 ,
3392 2793 3448 2873 'a'
3461 2823 3573 2888 duo

2005 2907 2112 2947 non
2149 2893 2328 2949 solum
2362 2911 2392 2951 a
2426 2913 2566 2955 noxa
2589 2901 2908 2972 absolutus,
2951 2905 3056 2960 sed
3098 2909 3272 2964 etiam
3323 2901 3578 2966 summus

2006 2983 2132 3039 belli
2164 2997 2353 3040 contra
2387 2986 2674 3059 Egyptios
2722 2991 3015 3060 imperator
3059 3002 3278 3050 creatus
3326 3003 3580 3062 est,‘re-

2005 3077 2416 3144 gnumque‘sibi
2449 3093 2479 3132 a
2509 3079 2622 3134 lilio
2658 3089 2712 3134 et
2738 3082 3033 3139 rebellibus
3065 3085 3307 3140 ablatum
3342 3097 3574 3158 recupe-

2007 3167 2170 3221 ravit.
2200 3161 2272 3224 At
2303 3175 2432 3223 vero
2455 3171 2598 3238 quod
2620 3179 2837 3242 tempus
2861 3177 3091 3245 speetat,
3119 3193 3228 3231 non
3255 3177 3572 3242 diliitem'ur,

2002 3259 2117 3314 iure
2149 3271 2215 3314 ex
2249 3255 2476 3317 Diodori
2492 3264 2770 3319 sententia
2801 3257 2853 3319 in
2885 3281 3085 3322 annum
3121 3269 3334 3330 tertium
3375 3273 3575 3336 'spbse’-

1999 3346 2216 3418 quentia
2261 3355 2584 3424 Olympiadis
2617 3369 2646 3411 a
2682 3357 3030 3428 chron‘oIOgis
3064 3361 3228 3432 vulgo
3275 3363 3518 3418 conferri
3555 3381 3571 3418 :

2001 3442 2094 3496 sed
2123 3443 2318 3497 mirum
2350 3459 2512 3512 quam
2545 3445 2658 3500 haec
2685 3449 2831 3502 varie
2859 3464 2889 3502 a
2923 3450 3216 3506 Plutarcho
3254 3454 3308 3506 in
3331 3453 3570 3524 Agesilai

2003 3524 2148 3594 Vita,
2185 3531 2425 3601 itemque
2455 3529 2817 3603 Xenophonte
2844 3545 2899 3591 et
2929 3536 3184 3593 Cornelio
3209 3539 3574 3609 Nepote'nar-

2001 3629 2212 3676 rantur.

2070 3711 2185 3770 Col.
2215 3711 2340 3768 596.
2381 3711 2718 3770 Artaxerxes.
2773 3716 2923 3772 Alias
2966 3717 3082 3787 ipse
3107 3717 3388 3777 Eusebius
3417 3723 3486 3777 27
3511 3725 3566 3777 'ei

1998 3805 2207 3873 tribuit,
2229 3806 2373 3875 quod
2401 3811 2466 3860 eo
2490 3807 2671 3863 m’in‘us
2708 3809 2968 3879 probatur
2994 3827 3010 3867 :
3035 3813 3128 3866 sed
3154 3814 3297 3868 enim
3324 3813 3570 3888 Scaliger

1997 3895 2175 3950 dicam
2206 3896 2367 3951 aliam
2395 3897 2636 3953 Eusebio
2667 3899 2937 3972 impingit,
2968 3904 3114 3971 quod
3146 3904 3442 3960 triennium
3469 3922 3567 3962 so-

2000 3985 2164 4040 lidum
2196 3988 2484 4043 Artaxerxi
2515 3987 2788 4046 Mnemoni
2817 3993 3124 4058 abstulerit,
3161 3997 3567 4067 contuleritqtr'e

1995 4077 2283 4132 Artaxerxi
2321 4077 2482 4134 Ocho
2512 4081 2655 4150 (vult
2689 4081 2837 4136 enim
2886 4082 3035 4137 illum
3073 4094 3249 4141 annos
3298 4101 3562 4158 regnasse

1994 4168 2084 4233 45.
2118 4184 2223 4224 non
2260 4171 2364 4237 40;
2395 4173 2542 4228 hunc
2565 4173 2658 4238 25,
2694 4189 2802 4228 non
2833 4174 2963 4243 26).;
2997 4175 3217 4234 Diodori
3240 4173 3441 4249 nempe
3465 4191 3572 4234 ‘rao

1997 4261 2176 4316 tiones
2209 4261 2291 4316 ha:
2324 4271 2456 4319 sunt
2508 4263 2604 4319 lib.
2661 4279 2752 4330 xv,
2807 4281 2835 4320 a
2876 4268 3087 4336 quibus
3128 4272 3338 4326 veteres
3382 4271 3584 4326 tamenn

1993 4352 2082 4407 alii
2115 4353 2463 4408 dissentiunt.
2487 4353 2630 4420 Quin
2661 4371 2760 4425 ego
2788 4366 2974 4412 contra
3007 4359 3184 4429 lpSum
3211 4360 3568 4430 'Scalig'erum

316 4453 505 4518 minis,
536 4452 678 4519 quod
706 4452 920 4519 longius
945 4451 1301 4522 prorogatum
1331 4450 1578 4513 esu-sive
1607 4447 1704 4520 ἔτη
1725 4448 1884 4515 δέκα,
1916 4469 1966 4538 9
1993 4443 2191 4508 sentio,
2248 4448 2550 4500 secundum
2593 4445 2872 4503 Canonem
2925 4447 3207 4507 Ptolemai
3233 4491 3248 4516 ,
3306 4457 3572 4524 regnasse

315 4555 378 4601 ut
415 4546 492 4600 ait
517 4544 810 4599 lsocrates.

316 4634 670 4708 λεῖοι-596.
708 4633 860 4688 T-eos.
911 4631 1218 4688 Parmensis
1275 4639 1334 4685 et
1390 4633 1602 4702 primus
1653 4630 1885 4687 Palatia.

315 4745 449 4786 mss.
485 4729 613 4792 Teo,
635 4723 841 4782 rectius
877 4727 996 4780 sine
1025 4723 1379 4793 aspiratione,
1406 4723 1709 4792 praefe'ruut
1741 4741 1759 4777 :
1781 4731 1890 4777 ne-

312 4840 423 4893 que
455 4823 606 4878 enim
631 4861 648 4887 ,
701 4828 762 4873 ut
794 4816 1044 4888 Scaliger
1094 4824 1268 4886 putat,
1303 4827 1405 4882 per
1446 4814 1492 4866 8
1529 4813 1788 4868 scribitur
1826 4815 1888 4869 in

313 4917 526 4981 Graeco,
563 4913 656 4969 sed
713 4913 887 4975 Τέὼς.
918 4913 983 4965 'iit
1013 4921 1069 4965 et
1107 4911 1160 4962 in
1187 4907 1380 4962 Latino
1422 4905 1550 4962 Teos
1573 4907 1753 4962 scribi
1791 4907 1890 4962 de-

316 5010 462 5063 beat.
495 5003 599 5062 Sed
628 5014 683 5060 et
705 4993 864 5066 Tdrb;
889 5003 1144 5058 invenire
1163 5007 1257 5057 'e’st
1294 5002 1579 5070 scriptum,
1607 5009 1670 5055 et
1698 5001 1891 5070 Τάχως

315 5103 458 5171 a’pnd
491 5100 712 5156 Uiador.
736 5099 836 5153 tib;
873 5113 959 5162 xv,
989 5106 1042 5151 et
1081 5095 1356 5150 Elimiam
1390 5093 1514 5148 Var.
1542 5092 1678 5148 Hist.
1712 5093 1808 5148 lib.
1833 5109 1884 5160 v,

320 5194 377 5246 in
421 5197 586 5262 quem
622 5192 804 5246 iocum
856 5186 1598 5242 consulendus’Perimnius.
1654 5183 1791 5240 Vide
1837 5192 1891 5239 et

317 5284 734 5353 Xenophontem
767 5283 818 5336 in
845 5281 1122 5350 ’Agesilao.

393 5379 511 5434 Col.
541 5378 666 5433 595.
695 5377 884 5444 Magno
917 5379 1070 5429 terra:
1105 5381 1270 5438 mam,
1297 5381 1403 5426 etc.
1431 5371 1891 5427 Procltronistnu‘s

322 5474 590 5526 annorum
623 5479 858 5542 septem,
886 5477 1050 5537 quem
1068 5465 1322 5536 'Scaiiger
1355 5474 1527 5530 notat,
1561 5465 1784 5517 minimc
1804 5470 1892 5517 est

320 5560 747 5617 dissimulandus
793 5575 806 5612 :
853 5559 1122 5629 siquidem
1185 5555 1614 5611 luculentissime
1659 5563 1894 5609 testatur

322 5655 624 5710 Pausanias
660 5654 714 5708 in
753 5652 1005 5708 Achaicis
1037 5663 1158 5719 cap;
1206 5648 1278 5704 25
1324 5643 1484 5703 ten-ie
1517 5653 1749 5710 motum,
1782 5661 1892 5716 quo

320 5743 507 5802 Helice
531 5739 710 5800 deli-ia
733 5747 796 5800 ἐι
819 5740 966 5798 'Bnrs
997 5741 1253 5814 perculsa
1287 5749 1392 5806 est,
1429 5738 1749 5809 contigisse,
1784 5739 1892 5791 Ar-

1991 4535 2340 4591 Mnemonem
2393 4551 2568 4593 annos
2609 4538 2974 4612 quadraginta
3005 4555 3101 4599 sex
3127 4585 3142 4610 ,
3175 4542 3388 4599 Ochum
3434 4560 3574 4600 vero»
3622 4573 3638 4587 ε

1989 4628 2140 4684 solos
2163 4629 2351 4699 viginti
2379 4638 2432 4684 et
2466 4645 2658 4684 unum.

2063 4719 2199 4774 ibid.
2274 4720 2433 4776 Solos
2497 4721 2706 4776 Graeca.
2743 4737 2909 4792 penes
2981 4722 3290 4794 Syncellum
3361 4725 3565 4782 habent

1990 4817 2098 4879 κγ’.
2123 4811 2213 4866 25.
2248 4811 2476 4881 Propius
2508 4814 2574 4867 ad
2615 4827 2805 4868 verum
2833 4830 2943 4869 uno
2967 4817 3086 4883 plus
3134 4816 3267 4871 dicit
3291 4815 3569 4874 Diodorus

1989 4901 2086 4956 lib.
2116 4918 2224 4966 xvi,
2257 4905 2362 4956 sub
2394 4905 2580 4959 linem.

2062 4993 2202 5048 ibid.
2237 4993 2545 5065 Dionysius.
2579 4999 2786 5050 Auctor
2830 5005 2915 5050 est
2947 4997 3218 5054 Diodorus
3236 4999 3344 5056 'iib.
3367 5018 3473 5058 xm
3507 5012 3567 5058 et

1989 5098 2256 5154 xv,quem
2279 5095 2334 5139 et
2351 5085 2597 5152 Scaliger
2620 5087 2824 5151 laudat,
2846 5088 2964 5140 vita:
2994 5091 3274 5142 terminum
3301 5092 3567 5146 habuisse

1990 5177 2309 5248 Dionysium
2335 5217 2352 5242 ,
2402 5171 2680 5248 postquam
2715 5194 2880 5233 annos
2912 5181 3442 5253 duOdequadrugin‘ta
3479 5197 3566 5236 re-
3646 5217 3650 5221 -

1989 5281 2223 5342 gnasset.
2273 5270 2470 5326 Eadem
2513 5271 2741 5324 aliorum
2778 5274 3090 5342 supputa-tio
3141 5283 3247 5337 est,
3296 5289 3458 5343 quam
3503 5285 3560 5329 et

1993 5381 2177 5421 rerum
2212 5368 2404 5428 series,
2434 5373 2488 5419 et
2516 5376 2749 5434 arrepta:
2781 5367 2852 5419 ah
2881 5381 2948 5421 eo
2971 5367 3283 5438 tyrannidis
3308 5367 3514 5435 epocha
3539 5407 3560 5433 ,,

1995 5459 2187 5513 statim
2223 5458 2291 5510 ab
2321 5457 2800 5528 Agrigentinorum
2834 5459 3011 5521 clade,
3045 5459 3387 5514 verissimam
3428 5473 3562 5528 pro-

1991 5551 2142 5607 bant.
2181 5551 2322 5617 Quin
2357 5533 2479 5621 ipse
2504 5552 2668 5606 etiam
2700 5552 2970 5608 Eusebius
3001 5563 3128 5606 ante
3177 5567 3352 5606 annos
3386 5553 3564 5606 unde-

1991 5645 2348 5715 quadraginta
2377 5644 2624 5716 Dionysii
2656 5645 2806 5701 initia
2840 5645 3021 5716 posuit
3055 5659 3068 5698 :
3101 5657 3163 5699 ut
3210 5645 3560 5700 verosimilli-

1993 5753 2141 5794 mum
2193 5738 2288 5802 sit,
2313 5737 2523 5807 jamdiu
2565 5725 2696 5793 olim
2729 5745 3046 5806 corruptum
3078 5752 3108 5791 a
3142 5737 3380 5794 librariis
3410 5737 3562 5794 στα-ο
