3964 6186
360 313 464 375 967

1615 303 2028 365 VALLARSlI
2075 305 2316 368 NOTAE.

3496 312 3599 376 968

361 445 486 483 cum
534 441 654 499 ejus
696 425 992 496 exemplar,
1038 431 1093 477 et
1138 435 1233 492 pro
1278 419 1575 474 numerieis
1625 420 1770 475 notis
1813 421 1924 486 ΛΘ,
1959 425 2001 481 Α
2030 431 2140 488 que
2195 418 2315 472 aliis
2353 431 2477 472 eum
2566 416 2751 484 editis,
2820 424 2934 473 tum
2987 418 3377 488 manuscriptis
3428 419 3607 476 libris.

364 522 535 577 fuisse
583 520 673 575 hic
723 517 789 571 ΙΘ
835 516 1214 572 substitutum.
1250 512 1635 581 Hieronymus,
1673 523 1729 565 ut
1775 513 1928 566 ineo

361 623 500 677 erat,
531 625 688 685 quem
723 609 791 664 ob
824 608 1013 663 oculos
1043 605 1276 659 habebat
1307 604 1512 667 codice,
1545 602 1618 656 ita
1653 616 1728 657 est
1762 604 1929 656 inter-

356 712 633 773 pretatus.

437 791 556 847 Col.
588 789 712 844 595.
744 778 1071 843 Aristoteles.
1102 787 1159 841 In
1187 786 1412 851 Graecis,
1444 793 1504 839 ut
1533 785 1707 848 vides,
1744 784 1806 850 ιζ’
1841 783 1927 836 di-

365 885 529 946 citur,
574 881 689 935 sive
718 880 965 934 decimus
996 881 1282 948 septimus,
1317 877 1462 948 quod
1496 884 1549 929 et
1580 874 1833 929 Laertius
1861 890 1929 929 ex

368 974 680 1045 Apollodori
706 972 994 1028 Chronicis
1024 973 1119 1026 lib.
1150 987 1205 1036 v,
1237 981 1370 1026 sect.
1403 970 1456 1033 6,
1481 970 1694 1025 scribit.
1727 967 1802 1021 Ne
1829 982 1929 1021 auo

366 1082 474 1122 tetn
510 1075 668 1136 putes
694 1080 818 1120 cum
863 1065 1140 1133 Scaligero
1171 1064 1262 1117 hic
1292 1072 1665 1117 correctorum
1698 1058 1928 1113 audacia

365 1167 634 1211 inuitatum
682 1170 969 1210 numerum
1023 1156 1077 1209 in
1113 1155 1179 1209 l8
1208 1164 1402 1209 contra
1455 1152 1696 1207 historia:
1727 1151 1929 1205 verita-

366 1258 501 1314 tem,
558 1248 721 1302 etiam
776 1246 1067 1317 Dionysius
1122 1245 1584 1300 Halicarnasseus
1638 1243 1805 1312 epist.
1859 1241 1928 1296 ad

361 1338 663 1390 Ammaaum
694 1344 939 1397 testatur,
974 1333 1345 1397 Aristotelem,
1365 1349 1487 1387 cum
1514 1332 1759 1389 Athenas
1780 1334 1931 1388 venit

358 1430 427 1482 ad
469 1427 772 1491 Platonem,
798 1426 1267 1479 ὀκτωκαιδέκατον
1301 1426 1420 1488 ἔτος
1448 1426 1644 1494 egisse.

432 1517 572 1571 Ibid.
600 1516 925 1571 Alexander.
952 1516 1072 1571 Non
1094 1518 1170 1570 ait
1201 1517 1487 1578 Eusebius.
1513 1516 1613 1571 hoc
1633 1532 1777 1571 anno
1804 1516 1930 1572 Ale-

360 1608 629 1661 xaudrnm
665 1605 946 1659 Pheraeum
981 1607 1320 1676 tyrannidem
1353 1621 1671 1675 occupasse,
1706 1606 1800 1662 sed
1826 1608 1931 1660 late

363 1695 723 1760 inclaruisse,
758 1696 925 1764 gestis
963 1710 1158 1764 nempe
1189 1710 1288 1764 pro
1314 1695 1548 1749 instituti
1581 1697 1666 1749 sui
1716 1696 1927 1749 ratione

2100 509 2220 565 Col.
2258 509 2384 566 596.
2415 509 2613 564 Ochus.
2641 508 2883 564 Omnino
2921 510 3022 565 fuit
3060 514 3112 565 in
3152 510 3358 567 Graecis
3386 510 3608 568 Eusebii

2037 601 2391 671 ἀποδασμὸν,
2451 602 2908 670 quemadmodum
2962 611 3016 657 et
3054 602 3304 673 Scaliger
3360 605 3611 670 excudit,

2033 709 2141 747 non
2165 705 2224 749 ιιι
2244 694 2579 765 Syncelliani
2612 696 2826 750 codices
2856 696 3173 764 pmferuut,
3207 696 3462 766 quodque
3492 697 3613 765 ejus

2030 785 2180 839 verbi
2214 786 2483 853 glossema
2509 795 2616 850 est,
2647 786 2884 855 μερικὴν
2943 786 3351 853 αἰχμαλωσίαν.
3410 784 3612 840 Falsus

2030 885 2117 929 est
2172 883 2381 940 autem,
2416 884 2473 929 ut
2534 875 2779 947 Scaliger
2811 884 2983 942 notat,
3038 876 3099 931 S.
3161 884 3455 947 Interpres,
3511 880 3610 949 qui

2032 967 2242 1032 putavit
2266 966 2621 1035 apodasmum
2655 981 2778 1022 esse
2805 969 2995 1022 urbem
3030 971 3322 1037 quamdam
3387 969 3612 1029 ludam:

2034 1070 2177 1121 rum,
2214 1069 2338 1108 cum
2372 1058 2443 1108 sit
2471 1056 2601 1110 illud
2633 1056 3017 1127 appellativum
3048 1073 3273 1123 nomen,
3306 1061 3449 1129 quod
3476 1078 3611 1129 perv

2034 1153 2136 1198 tem
2176 1154 2357 1200 sonat.
2394 1146 2472 1199 Ita
2507 1148 2730 1217 quidem
2768 1149 2982 1203 videtur
3019 1167 3034 1205 :
3063 1157 3120 1203 et
3154 1152 3295 1204 haud
3326 1152 3441 1206 scio
3475 1168 3607 1205 num

2030 1236 2139 1291 alia
2171 1237 2365 1292 debeat
2390 1242 2599 1293 ratione
2625 1254 2791 1309 quam
2818 1241 2891 1296 ob
2905 1242 3177 1297 scribendi
3226 1243 3341 1299 sive
3364 1242 3608 1300 dictandi

2033 1329 2434 1396 properautiam
2465 1330 2743 1384 excusari.

2103 1421 2221 1475 Col.
2249 1420 2351 1474 597
2384 1420 2687 1474 Alexander
2716 1424 2972 1477 nascitur.
3019 1425 3383 1496 Subsequenli
3429 1442 3604 1491 anno,

2033 1512 2216 1565 minus
2241 1522 2421 1563 autem
2453 1522 2618 1576 recte,
2652 1513 2878 1567 ascribit
2909 1511 3154 1584 Scaliger
3202 1516 3437 1571 natalem
3480 1517 3611 1571 Aie.

2033 1598 2227 1653 xandri
2260 1600 2427 1655 diem.

2091 1689 2359 1757 Col.,598.
2384 1691 2480 1744 Dio
2509 1690 2788 1761 Syracusis
2817 1693 3609 1767 interimitur.VitilitigatSca-

366 1786 792 1842 scelestissimis.
820 1784 937 1841 Non
967 1794 1084 1840 erat
1109 1787 1290 1855 itaque
1320 1802 1418 1841 cur
1446 1802 1572 1842 eum
1599 1788 1840 1859 Scaliger
1861 1789 1928 1844 de

2038 1776 2186 1846 liger,
2213 1794 2514 1847 opponens,
2543 1788 2637 1832 aut
2685 1780 2773 1834 hic
2830 1780 3246 1849 prochronismo
3297 1793 3609 1852 peccatum,

361 1878 523 1933 solidi
558 1878 919 1946 quinquennii
958 1880 1426 1933 metachronismo
1459 1882 1883 1949 reprehenderet
1912 1920 1928 1945 ,

369 1968 514 2036 quod
574 1976 795 2022 constet
843 1982 910 2021 ex
947 1967 1206 2033 Diodoro,
1258 1970 1370 2035 jam
1423 1971 1492 2023 ab
1540 1985 1684 2024 anno
1733 1981 1929 2039 quarto

366 2058 662 2129 olympiad.
708 2057 811 2110 102
860 2058 1131 2111 invasisse
1164 2056 1533 2113 Alexandrum
1582 2060 1927 2115 Pheraeorum

364 2149 777 2218 principatum;
814 2162 991 2217 neque
1042 2149 1187 2202 enim
1238 2149 1293 2203 id
1341 2159 1424 2203 est
1468 2152 1612 2220 quod
1662 2150 1929 2206 Eusebius

365 2251 538 2295 notat.
586 2239 802 2295 Falsum
836 2254 1055 2308 quoque
1084 2250 1167 2294 est
1200 2241 1345 2309 quod
1375 2241 1449 2295 ab
1483 2239 1720 2297 Diodoro
1753 2241 1929 2296 Scali-

362 2349 455 2402 ger
484 2333 676 2395 ebibit,
703 2330 963 2402 Polydoro
995 2334 1171 2395 fratri,
1195 2348 1353 2402 quem
1382 2348 1592 2388 veneno
1611 2334 1927 2399 sustulerat,

360 2425 725 2481 Alexandrum
742 2425 1093 2488 successisse;
1115 2421 1442 2494 Polydorum
1464 2424 1607 2477 enim
1622 2423 1928 2493 Polyphroit

363 2516 530 2568 frater
575 2515 811 2568 necavit.
859 2514 1204 2583 Polyphrona
1247 2512 1529 2568 interfecit
1578 2513 1764 2569 fratris
1808 2514 1930 2580 ejus

361 2604 505 2657 filius
524 2604 857 2657 Alexander.
892 2602 1028 2657 Vide
1058 2605 1413 2658 Plutarchum
1460 2604 1512 2658 in
1552 2603 1673 2660 Vita
1708 2603 1928 2674 Pelopi-

358 2695 460 2748 die.
496 2693 571 2747 De
599 2692 909 2763 Olympiade
941 2706 1104 2762 porro
1170 2695 1271 2748 ista
1307 2692 1434 2757 104,
1487 2709 1650 2763 quam
1695 2695 1933 2763 ἀνολυμ-

365 2786 541 2839 πιάδα.
573 2794 860 2841 censentes
891 2784 1030 2850 Elei,
1062 2788 1178 2839 suis
1209 2785 1497 2840 annalibus
1517 2799 1625 2839 non
1659 2785 1932 2854 ascripse-

348 2886 515 2936 runt,
541 2877 659 2930 vide
687 2875 1102 2947 Xenophontem
1140 2875 1401 2932 Hellenic.
1434 2877 1529 2932 lib.
1556 2891 1654 2941 VII,
1684 2884 1739 2932 et
1766 2875 1929 2930 modo

360 2970 636 3025 laudatum
669 2969 984 3024 Diodowm.

431 3059 550 3113 Col.
582 3059 708 3113 596.
741 3058 1031 3112 Camillus.
1078 3054 1236 3121 Mira,
1280 3070 1347 3110 ne
1376 3055 1503 3123 quid
1536 3055 1657 3123 plus
1706 3054 1925 3119 dicam,

2033 1878 2128 1923 aut
2173 1883 2402 1922 numero
2436 1870 2578 1923 1660
2605 1870 3088 1936 metachronismo,
3126 1871 3289 1942 idque
3316 1876 3612 1943 utrobique

2033 1957 2264 2011 biennii.
2294 1958 2593 2027 Dionysius
2616 1956 3144 2029 quarto'superioris
3162 1963 3408 2031 proxime
3437 1965 3612 2032 olym-

2032 2049 2208 2118 piadis
2234 2064 2398 2115 anno,
2432 2066 2560 2115 non,
2600 2060 2659 2105 ut
2694 2053 2832 2107 male
2898 2060 3148 2107 recenset
3189 2045 3458 2125 Scaliger,
3490 2059 3606 2125 pri-

2033 2153 2123 2193 mo
2160 2140 2343 2207 hujus,
2380 2140 2569 2195 Sicilia
2628 2141 2817 2210 pulsus
2841 2153 2924 2196 est
2962 2156 2978 2194 :
3011 2140 3110 2198 Dio
3142 2142 3419 2212 hojusmct
3447 2144 3611 2201 tertio

2035 2231 2390 2297 interimitur,
2425 2230 2480 2286 Si
2516 2241 2810 2302 utrumque
2848 2234 3140 2287 terminum
3170 2236 3444 2299 includas,
3470 2254 3607 2307 qua-

2034 2330 2161 2379 tuor
2188 2323 2316 2377 anni
2347 2323 2554 2379 abeunt
2593 2338 2610 2379 :
2648 2334 2839 2395 estque
2896 2326 2998 2381 hoe
3051 2342 3213 2381 sensu
3254 2331 3610 2399 accipiendos

2033 2414 2325 2470 Cornelius
2354 2413 2557 2484 Nepos,
2600 2417 2692 2485 qui
2729 2416 2915 2471 Dionis
2949 2425 3176 2474 mortem
3220 2418 3388 2473 refert
3445 2436 3609 2487 qur-

2035 2515 2146 2558 tum
2195 2516 2311 2573 post
2366 2523 2586 2571 annum,
2613 2523 2770 2578 quam
2812 2507 3247 2575 exPeloponneso
3285 2510 3343 2562 in
3367 2508 3609 2564 Sicilians

2034 2599 2288 2653 redierat.
2330 2600 2505 2665 Addo,
2554 2614 2842 2670 perperam
2875 2616 2998 2655 esse
3026 2601 3083 2654 in
3117 2602 3409 2656 Parmensi
3441 2612 3603 2669 atque

2035 2691 2143 2743 alio
2174 2690 2315 2759 apud
2349 2704 2449 2745 nos
2479 2704 2607 2755 ms.,
2648 2700 2706 2744 ut
2756 2700 2811 2745 et
2840 2692 3006 2746 editis
3034 2693 3429 2747 vetustioribus
3471 2691 3603 2746 Dis-

2035 2782 2242 2849 nysius,
2296 2795 2392 2849 pro
2430 2780 2591 2835 Dion.
2622 2779 2771 2837 Idem
2799 2797 2903 2838 ms.
2937 2781 3261 2853 Hippanisus
3296 2782 3483 2848 habet,
3504 2798 3603 2853 pro

2040 2868 2084 2921 ll
2094 2870 2384 2936 ipparinus.

2106 2961 2243 3017 ibid.
2277 2961 2535 3017 Heriuna.
2586 2963 2717 3029 Quae
2760 2977 2869 3019 nuc
2920 2972 3172 3033 spectant
3204 2969 3604 3034 praeoccupavit

2037 3051 2557 3118 Sehurzlleischius,
2599 3054 2771 3121 Hanc,
2817 3056 3091 3124 inquiens,
3124 3070 3316 3110 omnes
3348 3057 3471 3110 libri
3506 3056 3602 3111 lle-

360 3150 625 3221 Scahgeri
671 3148 1030 3204 confidentia.
1060 3119 1260 3202 Fuisse
1284 3148 1361 3200 ait
1382 3119 1570 3202 iisthaa'c
1594 3150 1691 3201 abs
1730 3147 1923 3201 lliero-
1954 3119 2000 3178 C
2034 3147 2247 3200 rinnam
2289 3155 2502 3201 vocant.
2538 3146 2725 3217 Neque
2784 3161 2917 3202 sane
2975 3149 3264 3202 lectionem
3308 3150 3601 3203 damnave-

358 3260 525 3315 nymo
559 3253 743 3299 assuta
772 3259 837 3297 ex
868 3241 1099 3297 Historia
1126 3240 1342 3307 Latina,
1374 3255 1497 3295 cum
1532 3239 1818 3296 manifesto
1847 3242 1930 3295 in-

357 3335 501 3390 dicio
529 3336 637 3390 sint
664 3350 785 3401 qua!
820 3335 1109 3389 laudamus
1141 3331 1329 3387 Graeca
1356 3348 1421 3386 ex
1450 3332 1725 3403 Syncello,
1754 3333 1927 3388 Euse-

358 3427 507 3482 bium
540 3426 718 3495 ipsunt
755 3440 874 3479 eam
907 3424 1190 3479 historiam
1224 3424 1489 3493 attigisse.
1532 3424 1637 3480 Sed
1668 3427 1782 3481 hate
1804 3436 1931 3482 sunt

362 3518 523 3590 pauci
553 3533 570 3573 :
595 3520 884 3587 erprobrat
914 3518 1059 3571 enim
1084 3526 1343 3586 praeterea
1369 3515 1726 3574 ftedissimum
1758 3515 1944 3573 ωειλ-⁷

357 3609 732 3665 chronismum
762 3623 1029 3663 annorum
1066 3607 1158 3673 24,
1189 3606 1332 3677 quod
1365 3609 1468 3661 hoc
1500 3607 1792 3677 contigerit
1826 3624 1929 3661 nu-

358 3714 508 3755 mero
540 3699 696 3764 1630,
731 3699 901 3768 pulsis
930 3698 1066 3754 urbe
1110 3698 1277 3753 Roma
1301 3696 1471 3753 Gallis
1508 3713 1540 3753 a
1573 3697 1799 3751 Camillo
1848 3701 1929 3753 di-

358 3799 569 3843 ctatore
613 3792 857 3846 tertium.
901 3787 1102 3853 Fallor,
1138 3798 1232 3841 aut
1265 3790 1367 3842 hoc.
1400 3788 1513 3857 agit
1555 3789 1624 3842 de
1660 3789 1930 3844 imlustria

360 3880 624 3949 Scaliger,
657 3889 717 3934 ιιι
778 3880 1019 3935 auctoris
1048 3880 1222 3933 nostri
1263 3893 1481 3933 sensum
1525 3880 1779 3934 iuvertat.
1814 3880 1929 3936 Alia

357 3975 559 4043 quippe
582 3980 686 4037 est,
723 3987 844 4041 quae
888 3972 977 4025 hic
1005 3976 1253 4040 {notatur
1288 3970 1539 4037 historia,
1567 3986 1692 4027 cum
1723 3973 1932 4028 scilicet

357 4067 632 4134 quintum,
670 4077 781 4117 non
812 4063 1033 4117 tertium
1090 4062 1323 4115 dictator
1352 4061 1533 4116 dictus
1556 4071 1639 4117 est
1670 4063 1931 4121 Camillus

359 4154 525 4226 (quod
559 4136 747 4208 Livius
782 4153 1014 4221 narrat),
1043 4152 1221 4220 deque
1243 4150 1411 4206 Gallis
1445 4165 1697 4223 quartum
1734 4157 1931 4211 trium—

360 4247 569 4316 phavit.
592 4244 924 4299 Plutarchus
948 4252 1078 4298 tttnc
1103 4259 1225 4300 eum
1253 4244 1329 4297 ait
1355 4258 1528 4299 annos
1555 4253 1739 4300 natum
1768 4263 1931 4317 prope

358 4340 658 4409 octoginta.
689 4338 834 4408 quod
871 4337 997 4391 item
1027 4337 1306 4407 Appianus
1333 4339 1499 4394 refert
1526 4356 1540 4393 :
1565 4340 1786 4409 reliqua:
1813 4340 1930 4415 equ

2033 3237 2133 3291 ritn
2165 3254 2180 3291 :
2214 3237 2284 3292 ab
2312 3239 2460 3307 Ἥρα
2480 3236 2624 3294 enim
2656 3239 2715 3291 lit
2752 3235 2993 3309 Ἦρίννα,
3019 3247 3079 3293 ιιι
3110 3254 3140 3292 a
3172 3239 3305 3307 Φίλη
3334 3240 3603 3295 derivatur

2030 3330 2271 3383 Φιλίννα.
2306 3329 2432 3383 Eam
2483 3329 2550 3383 ad
2581 3332 2720 3385 hanc
2776 3339 2989 3384 aetatem
3020 3330 3205 3385 retulit
3245 3332 3411 3384 etiam
3467 3330 3604 3397 Syn-

2033 3422 2225 3477 cellus.
2283 3421 2491 3475 Plinius
2523 3419 2663 3475 Hist.
2696 3420 2818 3476 Nat.
2876 3422 2985 3476 lib.
3058 3437 3239 3484 xxxiv.
3276 3436 3399 3491 cap.
3430 3421 3485 3485 8,
3518 3437 3601 3475 reo

2033 3515 2161 3581 fert,
2194 3514 2429 3586 Myronis
2455 3516 2700 3569 statuarii
2735 3529 2901 3584 Opera
2948 3518 3106 3571 istam
3133 3516 3485 3583 celebrasse;
3508 3517 3598 3570 sed

2032 3607 2235 3661 dudum
2269 3614 2602 3661 annotaruut
2642 3621 2906 3672 errorem,
2956 3619 3016 3663 ut
3049 3609 3259 3671 volunt,
3297 3607 3479 3673 Plinii,
3502 3610 3598 3663 viri

2033 3700 2200 3752 docti.
2228 3698 2644 3754 Monumentum
2677 3700 2822 3752 enim
2868 3698 3101 3761 Cleadas,
3152 3714 3181 3752 a
3219 3699 3442 3770 Myrone
3474 3716 3599 3770 poe-

2034 3789 2138 3841 tria
2168 3787 2496 3852 confectum,
2544 3796 2601 3841 et
2636 3786 2703 3841 ab
2758 3785 2962 3842 Etinna
2991 3788 3265 3843 laudatum
3294 3805 3439 3855 esse,
3468 3791 3601 3845 αἰτίη

2036 3891 2188 3943 nant,
2218 3894 2341 3932 cum
2374 3878 2477 3933 tale
2508 3879 2638 3947 quid
2695 3879 3101 3949 epigrammatis
3136 3884 3190 3936 in
3262 3885 3598 3954 Anthologiae

2036 3972 2131 4025 lib.
2167 3985 2243 4035 ιιι,
2282 3985 2403 4039 cap.
2450 3971 2537 4036 14,
2592 3971 2819 4040 legatur.
2882 3972 3046 4042 Atqui
3102 3974 3235 4027 iilttd
3276 3978 3600 4045 epigramma

2035 4060 2109 4115 ibi
2138 4061 2281 4124 aliis,
2318 4077 2426 4115 non
2460 4060 2693 4131 Myroni,
2727 4065 3043 4119 ascribitur.
3109 4065 3313 4122 Deinde
3360 4083 3466 4123 non
3522 4074 3597 4122 vi-

2036 4155 2156 4216 deo,
2192 4168 2315 4206 cum
2375 4154 2636 4223 temporis
2670 4154 2809 4210 ratio
2841 4157 3022 4211 minus
3054 4158 3261 4220 obstet,
3288 4174 3388 4212 cur
3449 4159 3599 4213 Erino

2036 4255 2104 4295 na
2167 4240 2405 4311 Myronis
2454 4226 2705 4297 statuarii
2774 4248 3168 4301 monimentum
3226 4246 3443 4304 Cicad-e
3498 4266 3600 4304 non

2036 4342 2269 4402 potuerit
2301 4334 2576 4389 celebrare
2612 4352 2628 4402 ;
2677 4335 2827 4408 Myro
2890 4340 3035 4393 enim
3093 4340 3204 4405 ille,
3246 4352 3304 4395 ut
3339 4357 3379 4394 e
3431 4341 3600 4396 Plinio

363 4445 556 4498 prgam
586 4427 1017 4483 circumstantiae
1050 4427 1212 4495 paulo
1246 4428 1403 4481 aliter
1438 4427 1507 4481 ab
1555 4428 1674 4483 aliis
1708 4445 1933 4483 narran-
1964 4449 2010 4506 υ
2038 4434 2272 4491 constat,
2299 4427 2607 4496 Olympiade
2640 4427 2710 4482 87
2765 4432 2922 4483 vixit.
2984 4430 3083 4489 At,
3111 4432 3388 4501 quomodo
3456 4431 3599 4503 Myro

361 4534 469 4574 tur.
497 4522 603 4575 Sed
629 4535 838 4588 tempus
875 4519 1021 4588 quod
1051 4529 1282 4588 spectat,
1312 4520 1443 4574 satis
1493 4520 1629 4575 bene
1654 4522 1927 4576 consentit

359 4617 626 4669 Eusebius
660 4614 887 4683 Polybio
921 4614 1016 4665 lib.
1048 4627 1087 4675 l,
1117 4612 1209 4680 qui
1241 4627 1383 4665 anno
1416 4625 1537 4681 post
1584 4614 1810 4667 Romam
1839 4631 1929 4669 ca-

361 4716 505 4775 ptant
544 4704 613 4755 50
665 4703 959 4756 dimicasse
1012 4700 1303 4754 Camillum
1351 4717 1472 4756 cum
1503 4702 1693 4769 Gallis,
1738 4717 1929 4762 auctor

359 4807 462 4851 cst.
499 4795 686 4851 Livius
728 4804 948 4858 autem,
993 4802 1049 4847 ct
1079 4794 1171 4862 qui
1201 4808 1325 4848 eum
1367 4797 1617 4862 sequitur
1659 4796 1927 4866 Zonaras,

360 4889 538 4942 serius
569 4888 837 4949 adhuc,et
863 4901 1006 4940 anno
1033 4885 1196 4941 Urbis
1219 4885 1324 4939 392
1351 4901 1462 4940 rem
1490 4899 1695 4957 gestam
1724 4891 1926 4949 ferunt.

362 4976 1093 5046 llecentioresChronologi
1152 4977 1429 5031 ascribunt
1484 4993 1630 5033 anno
1665 4986 1927 5049 secundo,

358 5077 454 5121 aut
476 5065 634 5136 juxta
674 5066 905 5121 aliorum
939 5069 1181 5123 rationes
1213 5068 1373 5123 tertio
1402 5070 1697 5141 olympiad.
1720 5075 1841 5143 105,
1872 5086 1930 5132 ιιι

358 5160 575 5214 etia’tusi
644 5158 873 5217 istorum
918 5160 1076 5217 malis
1122 5162 1353 5230 probare
1384 5165 1645 5228 calculos,
1680 5183 1785 5221 nou
1813 5171 1925 5239 jam

360 5251 448 5304 ille
477 5249 814 5305 foedissimus
840 5264 1033 5306 annor.
1064 5250 1157 5315 25,
1191 5267 1353 5321 quem
1385 5251 1624 5324 Scaliger
1650 5271 1932 5315 commen-

360 5351 447 5397 tus
466 5351 568 5408 est,
600 5341 697 5398 sed
717 5342 879 5396 fuerit
905 5342 956 5394 iu
977 5353 1200 5398 auctore
1222 5354 1409 5399 nostro
1440 5349 1680 5413 triennii,
1707 5362 1763 5403 ιιι
1785 5367 1931 5405 sunt-

359 5435 1063 5495 mum,metachrnuismus.
1098 5435 1385 5492 Nectameu
1420 5441 1523 5494 hoc
1552 5439 1727 5509 ipsum
1768 5443 1930 5498 dabo.

429 5525 549 5579 Col.
591 5525 718 5580 395.
752 5527 1144 5580 Demosthenes.
1181 5525 1329 5581 Hanc
1361 5530 1428 5584 de
1460 5530 1731 5586 .Eschine
1752 5536 1934 5601 perioo

370 5615 528 5668 chain
562 5616 802 5687 Scaliger
840 5619 1209 5688 praetermisit,
1243 5634 1365 5689 qua:
1394 5622 1611 5689 quidem
1642 5639 1819 5694 neque
1880 5627 1932 5680 iu

363 5701 643 5761 Parmensi
676 5723 779 5762 ms.
836 5711 1086 5775 habetur,
1144 5712 1239 5765 sed
1287 5720 1581 5767 esttamen
1632 5715 1684 5769 in
1734 5716 1930 5785 pleris-

2036 4521 2243 4587 poetria
2270 4518 2529 4573 Erinnam
2565 4521 2863 4590 praedicare
2897 4524 3014 4577 suis
3045 4525 3291 4578 versibus
3343 4526 3597 4593 potuerit,

2030 4609 2083 4659 id
2119 4622 2246 4661 vero
2275 4617 2376 4673 est,
2410 4610 2553 4678 quod
2586 4626 2693 4665 non
2746 4614 2885 4666 satis
2917 4614 3207 4682 perspicio.
3268 4613 3421 4682 Myro
3448 4614 3599 4685 enim

2032 4699 2307 4767 Byzantia,
2361 4701 2443 4755 vel
2502 4701 2725 4757 Homeri
2775 4706 2965 4774 tragici
3025 4704 3135 4759 lilia
3212 4705 3338 4769 fuit,
3386 4714 3447 4759 ut
3494 4710 3603 4759 vult

2030 4793 2225 4847 Suidas
2259 4796 2309 4846 in
2347 4794 2507 4867 μόραι
2566 4796 2647 4849 vel
2682 4807 2877 4860 mater,
2946 4808 3003 4851 ut
3037 4799 3177 4856 idem
3232 4800 3287 4853 in
3322 4800 3599 4858 ΟΜΗΡοΣί

2029 4884 2312 4953 opinatur.
2343 4889 2412 4939 At
2448 4885 2719 4942 Homerus
2764 4889 2875 4955 ille,
2906 4901 2967 4944 ut
2997 4890 3208 4947 Suidas
3259 4894 3356 4960 ait,
3426 4894 3601 4965 olym-

2034 4976 2193 5043 piade
2224 4975 2347 5043 125,
2380 4980 2481 5031 sub
2500 4977 2786 5033 Ptolemam
2818 4979 3171 5052 Philadelpho
3200 4982 3404 5049 ﬂoruit,
3442 4986 3603 5038 adeo-

2031 5081 2139 5135 que
2170 5068 2237 5121 ad
2268 5084 2556 5123 numerum
2586 5070 3056 5130 Abrahamiticutn
3113 5077 3246 5129 1757
3287 5077 3600 5131 referendus

2031 5168 2136 5215 est.
2182 5158 2337 5215 Unde
2396 5171 2565 5230 patet,
2601 5164 2741 5220 ultra
2775 5165 2843 5220 60
2864 5167 2931 5221 ad
2962 5167 3266 5223 .miuimum
3297 5184 3472 5225 annos
3492 5169 3601 5239 My-

2033 5266 2161 5305 rone
2186 5252 2441 5307 Erinnam
2466 5254 2741 5324 juniorem
2781 5273 2926 5323 esse,
2955 5260 3023 5314 ab
3042 5275 3236 5329 eaque.
3264 5277 3391 5316 cum
3420 5261 3605 5331 Ἦρινο

2031 5360 2119 5409 να,
2174 5346 2445 5415 παρθένος
2494 5347 2631 5404 οὖσα.
2684 5350 3204 5423 ὲννεακαιδεκάτης,
3256 5356 3597 5424 ἐτελεύτησε,

2032 5438 2182 5494 nullo
2222 5444 2383 5497 modo
2422 5444 2593 5501 videri
2622 5447 2884 5514 patuisse.
2916 5447 3053 5503 Suttt
3110 5458 3319 5515 tamen,
3359 5452 3454 5519 qui
3479 5464 3598 5505 cum

2032 5530 2139 5587 Th.
2185 5532 2443 5591 Sizmano
2494 5537 2561 5591 ad
2603 5536 2791 5592 Rutilii
2842 5538 3193 5595 Numantiani
3253 5542 3596 5596 ltinerarium

2034 5626 2133 5680 lib.
2178 5642 2218 5692 t,
2280 5642 2423 5683 vers.
2483 5628 2576 5693 47,
2625 5629 2809 5700 Lipsio
2860 5632 2933 5685 De
2984 5635 3365 5703 magnitudine
3419 5636 3596 5689 [torua

2039 5721 2130 5774 lib.
2170 5736 2329 5789 tcap.
2361 5723 2418 5788 2,
2476 5721 2727 5791 Philippo
2772 5724 2952 5782 Caroli
2985 5729 3051 5781 ad
3098 5731 3161 5782 Δ.
3200 5725 3338 5784 Gell.
3373 5728 3467 5784 lib.
3496 5742 3586 5789 xu,
