3932 6188
528 404 638 471 975

518 524 644 588 bus,
668 518 761 576 sed
786 515 960 571 multo
983 515 1104 581 post
1123 506 1193 561 ab
1209 503 1404 559 iisdem
1426 512 1524 569 per
1546 504 1818 551 summam
1840 486 2101 557 injuriam

517 577 714 686 capitis
744 577 1038 667 damnatus
1058 596 1368 657 Demetrius
1398 587 1738 662 profugit,ut
1767 577 2018 635 Laertius
2045 581 2103 628 et

487 707 498 737 ὀ
520 674 725 763 Strabo
774 706 1066 756 testantur.
1111 694 1178 747 At
1208 703 1318 745 non
1373 698 1477 755 ego
1530 681 1655 736 ideo
1699 674 2099 741 Hieronymum

492 799 591 854 ‘do
624 810 730 853 suo
781 805 980 848 nomen
1035 784 1169 841 illud
1212 778 1496 837 sull‘ecisse
1541 782 1856 844 perperam,
1901 778 1967 821 ex
1994 773 2103 831 quo

522 888 715 943 falsam
752 877 1263 951 interpretationem
1290 915 1306 937 ,
1349 881 1572 938 tamque
1617 863 1854 917 alienam
1896 858 1969 911 ab
1985 853 2105 915 Eu-

520 979 661 1037 sebii
692 985 875 1032 mente
924 973 1187 1033 eliceret,
1233 980 1359 1022 cum
1410 959 1696 1028 Scaligero
1743 946 2103 1023 pronuntiare

524 1073 725 1128 ausim.
760 1067 926 1123 Natat
976 1061 1248 1120 Eusebius
1275 1064 1490 1126 gestum
1543 1046 1700 1111 illud,
1747 1042 1896 1114 quod
1926 1037 2107 1094 isthoc

525 1162 787 1220 nimirum
826 1172 969 1213 anno
996 1153 1226 1223 contigit
1255 1190 1272 1215 ,
1302 1161 1424 1204 cum
1469 1139 1782 1198 Demetrius
1809 1131 2109 1189 Phalereus

524 1218 593 1310 ad
628 1251 1010 1323 cognominem
1062 1218 1393 1299 Demetrium
1449 1228 1706 1302 Antigoni
1748 1225 1920 1281 lilium
1973 1218 2108 1291 (qui

526 1321 721 1402 validis
736 1344 909 1412 copiis
930 1351 1075 1396 terra
1096 1336 1345 1405 marique
1358 1332 1682 1410 instructus,
1707 1321 1910 1375 l‘ireaeo
1928 1323 2109 1384 capto,

526 1442 775 1496 Athenas
805 1405 921 1492 ibat
950 1441 1280 1503 occupatum
1304 1428 1323 1498 )
1349 1405 1553 1480 missus
1573 1427 1659 1476 est
1684 1418 1752 1471 ab
1780 1407 2108 1468 Atheniensi

514 1529 753 1602 populo,
782 1498 1135 1588 exoraturus,
1166 1534 1330 1589 quam
1359 1524 1414 1572 et
1444 1507 1784 1581 impetravit,
1818 1501 1978 1559 urbis
2008 1498 2109 1552 αὗ-

526 1623 811 1690 τονομεαν,
864 1617 1060 1687 suique
1082 1609 1540 1668 incolumitatem.
1563 1596 1862 1670 Scripserit
1884 1589 2113 1663 proinde

530 1715 695 1769 etiam
733 1710 1100 1780 llierouymus
1150 1703 1219 1758 ad
1272 1700 1599 1755 Demetrium
1642 1691 1880 1753 ueniens,
1913 1700 2012 1754 pro
2043 1681 2112 1734 ad

524 1806 900 1864 aPtolenucum,
935 1800 1029 1855 sed
1066 1796 1271 1853 sciulus
1299 1802 1617 1849 nonnemo,
1663 1792 1821 1839 ratus
1855 1772 2112 1833 Demetrii

522 1915 734 1957 nomen
756 1896 966 1956 vitiose,
988 1891 1132 1961 quod
1149 1882 1420 1945 usuveuit,
1439 1878 1717 1949 replieari,
1739 1888 1804 1927 eo
1824 1874 2118 1940 expuncto,

526 1993 893 2051 *Ptolemmum
949 1977 1294 2048 subrogavit:
1352 1972 1419 2027 ad
1474 1983 1636 2041 quem
1686 1963 1968 2036 proiectus
2024 1966 2113 2013 est

1822 360 2237 433 VALLARSH
2270 350 2511 417 ΝΟΤᾸΞ.

2135 483 2177 539 Α

2151 1840 2193 1895 Β

530 2047 769 2153 quidem
828 2047 1207 2129 Phalerensis,
1261 2063 1357 2120 sed
1411 2062 1499 2116 ditt
1532 2066 1677 2128 post,
1724 2063 1889 2122 atque
1915 2049 2020 2103 alia
2053 2047 2123 2103 de
2186 2102 2193 2109 ,

528 2142 727 2230 causa.
761 2165 981 2237 Egypti
1016 2160 1244 2220 mentio,
1293 2170 1403 2226 quo
1451 2151 1653 2207 dicitur
1698 2144 1915 2201 venisse
1944 2142 2114 2196 etiam

535 2269 598 2321 in
624 2266 840 2326 Grtcco,
864 2253 1316 2312 verosimiliorem
1343 2244 1520 2302 critici
1549 2255 1745 2296 ausum
1774 2231 2077 2292 reddiderit
2104 2245 2119 2296 ;

536 2322 859 2428 quanquam
907 2352 997 2406 ille
1056 2363 1163 2403 non
1196 2346 1253 2399 in
1287 2341 1608 2412 Egyptum,
1643 2333 1739 2387 sed
1771 2328 2009 2389 ’l‘ln-bas,
2043 2322 2120 2378 uti

543 2415 808 2521 petebat,
863 2459 988 2499 cum
1049 2438 1315 2494 comitatu
1374 2431 1637 2486 dimissus
1683 2433 1790 2486 est,
1843 2420 1934 2475 ubi
1965 2415 2121 2489 erat!

544 2549 778 2597 mortem
814 2550 986 2604 usque
1022 2526 1314 2588 Cassandri
1343 2520 1569 2577 mansit.

617 2632 738 2688 Col.
767 2628 835 2685 40
849 2603 1269 2683 LMenedemus.
1306 2615 1578 2672 Discimus
1598 2627 1661 2665 ex
1686 2604 1903 2663 Laertia
1929 2603 2024 2658 lib.
2048 2614 2123 2662 tv,

542 2735 685 2784 sect.
722 2725 830 2786 l4,
874 2721 986 2787 jam
1033 2724 1163 2770 ante
1205 2722 1381 2764 annos
1411 2701 1598 2775 viginti
1637 2701 1777 2756 duos
1804 2706 2122 2766 supremum

542 2821 693 2879 diem
723 2780 931 2870 οιδέὶςξα
966 2804 1364 2879 Speusippum,
1397 2795 1485 2853 cui
1526 2788 1798 2848 successit
1831 2788 1885 2840 iu
1939 2780 2127 2837 schola

553 2909 907 2966 Xenocrates.
960 2875 1306 2953 E‘contrario
1373 2883 1725 2940 Menedemus
1779 2875 1960 2932 serius
2010 2879 2130 2926 erat

550 2995 911 3059 referendus;
954 2997 1075 3059 post
1101 2997 1277 3041 annos
1310 2977 1455 3034 enim
1501 2974 1669 3027 ferme
1699 2968 1946 3039 triginta,
1987 2963 2130 3033 lega-

553 3056 799 3149 tionibus
845 3056 913 3139 ad
950 3056 1338 3138 l’tolemarum,
1380 3065 1768 3140 Lysimachum
1818 3074 1883 3114 ac
1939 3056 2131 3112 Dente-

552 3185 717 3241 trium
759 3173 1036 3235 inclaruit.

626 3236 745 3331 est.
782 3268 909 3325 tor.
931 3260 1352 3320 Machabworum
1373 3249 1614 3304 historia.
1638 3243 1826 3300 utam
1861 3239 1975 3293 haec
1997 3236 2129 3289 Sca-

558 3371 697 3439 liger
742 3366 796 3418 in
853 3359 1281 3424 subsequentem
1345 3355 1551 3400 annum
1613 3338 1799 3392 statim
1848 3350 1875 3386 a
1916 3326 2128 3386 Seleuci

1662 3429 1674 3439 ·
1743 3425 1784 3439 ι·
1889 3427 1900 3438 υ
1998 3416 2096 3439 Ιῖ.--

560 3416 686 3439 "II"
744 3416 753 3418 “
786 3416 793 3418 ‘
868 3416 873 3417 ’
1042 3416 1055 3424 υ

560 3456 859 3518 mentione,
887 3461 941 3505 et
966 3445 1207 3503 victoriae
1236 3441 1610 3495 Romanorum
1644 3429 1710 3484 de.
1743 3425 1956 3485 Marsis,
1998 3416 2134 3473 Um-

558 3551 699 3612 bris,
716 3557 824 3602 etc.
846 3511 1164 3607 'Certecipse
1189 3533 1351 3588 etiam
1384 3523 1679 3585 Eusebius,
1703 3519 1771 3572 ab
1794 3529 1937 3569 anno
1961 3511 2137 3581 priruo

562 3610 769 3717 olymp.
828 3634 926 3705 ll?
974 3643 1140 3688 teram
1188 3620 1602 3680 Seleucidarum
1648 3610 1983 3679 auspicatur,
2018 3615 2140 3672 qua:

552 3699 641 3802 ,δέ
669 3699 837 3800 huius
868 3699 997 3779 anui
1027 3732 1219 3774 ruense
1258 3714 1426 3769 Nisan
1475 3706 1688 3762 initiqu
1722 3699 1910 3763 ducit,
1947 3705 2003 3750 et
2034 3708 2139 3764 qua

567 3834 760 3879 auctor
791 3815 949 3888 primi
983 3809 1107 3866 libri
1130 3803 1591 3860 Macbabaeorum,
1622 3808 1766 3849 nunc
1796 3791 1938 3845 inter
1965 3786 2141 3841 Cano-

565 3919 726 3974 nicos
766 3887 1065 3978 scriptores
1115 3906 1402 3966 receptus,
1456 3900 1513 3946 et.
1561 3887 1837 3956 Josepbus
1887 3888 2141 3935 utuntur.

571 4009 783 4064 Dicitur
805 4010 860 4058 et
880 3966 1410 4064 -Syromacedonum
1450 3981 1680 4050 epocha,
1711 3978 1776 4032 de
1798 3989 1907 4044 qua
1941 3966 2144 4025 videsis

571 4097 762 4168 patria:
817 4058 967 4146 mea;
1014 4085 1181 4139 decus
1253 4073 1603 4135 immortale,
1681 4066 1982 4128 Norisium,
2033 4058 2145 4115 dis—

688 4184 784 4241 .2.
813 4197 863 4237 c.
897 4180 948 4233 ι.

688 4196 762 4241 .3
848 4221 863 4235 .
897 4196 948 4233 ι.

570 4196 923 4336 se|i‘30l..’4(:0i.
963 4269 1209 4327 Seleucus
1266 4257 1617 4314 Antiochiam.
1667 4251 1870 4305 llarum
1933 4244 2147 4299 urbium

576 4372 838 4431 historias
863 4360 1145 4437 persequi,
1177 4353 1323 4426 quod
1358 4354 1535 4405 otiose
1567 4344 1809 4413 Scaliger
1840 4339 1993 4399 facit.
2027 4351 2153 4389 nos-

580 4472 787 4519 tt'arum
824 4427 1059 4527 partium
1092 4463 1199 4502 non
1226 4453 1329 4499 cst.
1359 4441 1496 4495 Illud
1532 4447 1713 4489 tamen
1749 4448 1857 4485 nou
1891 4427 2149 4482 dissimu-

2155 3172 2202 3230 (Ξ

3578 348 3659 421 lilii

2207 474 2319 530 suit
2343 470 2627 539 Scaligero
2659 464 2894 536 Appiani
2934 463 3091 520 locus
3121 473 3406 534 corruptus,
3429 466 3500 520 ubi
3521 467 3665 525 Seleuci

2205 565 2492 635 imperium
2522 563 2592 617 ab
2620 558 2919 614 Alexandri
2955 565 3134 611 morte
3172 556 3385 621 orditur,
3408 558 3536 627 eique
3564 566 3668 634 regni

2206 671 2386 712 annos
2412 655 2484 710 42
2509 654 2725 708 tribuit.
2758 649 3179 722 Euimverojbi,
3209 650 3438 722 Syriaeon
3466 669 3562 722 pag.
3585 657 3671 720 208,

2204 746 2354 819 quod
2392 756 2449 801 et
2480 755 2607 800 ante
2664 759 2764 799 nos
2804 742 2954 799 docti
2987 741 3092 796 viri
3148 753 3464 804 monuerunt.
3504 761 3580 812 pro
3612 748 3675 801 lio

2206 839 2304 893 καὶ
2330 834 2775 904 τεσσαράκοντα,
2814 833 3111 904 legendum
3135 833 3344 902 omnino
3363 845 3453 888 est.
3473 839 3550 888 ita!
3566 839 3673 904 τριὰ-

2207 950 2399 989 κοντα.
2434 931 2716 1001 Dexippus
2771 943 2996 999 quoque
3049 927 3207 983 testis
3252 934 3347 989 est,
3382 926 3679 1000 solostriginta

2208 1025 2349 1081 duos
2414 1039 2591 1078 annos
2642 1022 2931 1079 Seleucum
2979 1034 3252 1091 regnasse.
3292 1019 3532 1090 Syncellus
3559 1031 3680 1076 tamen

2210 1116 2267 1171 in
2295 1114 2505 1171 Griecis
2541 1113 2669 1183 legit
2698 1109 2780 1180 λγ⁹
2800 1152 2817 1175 ,
2851 1111 3071 1180 triginta
3123 1118 3246 1175 tres,
3278 1108 3410 1179 quod
3433 1119 3477 1165 et
3501 1110 3591 1165 lere.
3608 1110 3683 1166 dis-

2208 1209 2419 1265 crimen
2454 1216 2559 1263 est.

2281 1300 2399 1356 Col.
2440 1298 2567 1355 404.
2607 1296 2876 1353 Seleucus.
2912 1295 3190 1350 Pontacus
3222 1293 3559 1364 Babyloniam,
3581 1299 3681 1365 quod

2210 1391 2452 1463 regionis
2481 1403 2681 1445 nomen
2710 1398 2819 1449 est,
2855 1389 2910 1443 in
2949 1386 3099 1441 curis
3130 1383 3492 1454 posterioribus
3521 1386 3683 1440 rescribi

2209 1483 2375 1553 jussit
2402 1496 2418 1537 ε
2453 1480 2696 1549 Scaliger
2742 1477 3089 1547 Babylonem,
3117 1474 3258 1546 quod
3281 1475 3474 1544 proprie
3491 1475 3685 1530 civitatem

2213 1583 2416 1638 sonat,
2468 1568 2695 1626 retinuit
2727 1588 2743 1626 :
2778 1569 3119 1636 miraturque
3151 1567 3285 1620 adeo
3313 1565 3365 1620 in
3399 1563 3560 1630 Notis,
3593 1568 3688 1636 quod

2214 1668 2304 1721 alii
2356 1676 2575 1721 veteres
2599 1665 2887 1747 scribant,
2935 1662 3168 1732 potitum
3214 1659 3473 1716 Seleucum
3500 1659 3691 1732 Babyloni

2217 1774 2367 1813 anno
2398 1759 2465 1813 I3
2492 1758 2562 1810 ab
2591 1771 2820 1811 excessu
2853 1754 3157 1810 Alexandri
3184 1793 3201 1817 ,
3249 1752 3381 1807 unde
3401 1753 3591 1807 sumitur
3629 1753 3692 1806 iui-

2224 1850 2366 1905 tium
2425 1848 2648 1919 epocha:
2692 1846 3099 1902 Seleucidarum
3153 1859 3186 1899 a
3232 1859 3443 1899 numero
3471 1841 3690 1899 Eusebia»

2226 1943 2392 2007 1705,
2426 1957 2558 2003 nou,
2585 1955 2645 1996 ut
2679 1941 2771 1996 hic
2798 1951 2906 2005 est,
2938 1939 3103 1993 i7l5.

2293 2035 2411 2091 Col.
2437 2034 2562 2089 406.
2594 2033 2914 2089 Demetrius.
2953 2032 3116 2088 Putat
3142 2029 3395 2101 Scaliger,
3424 2035 3504 2084 aut
3527 2027 3691 2100 Syntelli

2224 2127 2581 2198 negligentia,
2621 2135 2715 2181 aut
2748 2126 2870 2193 eius
2894 2163 2910 2187 ,
2942 2123 3036 2194 qui
3076 2134 3204 2177 eum
3236 2123 3529 2192 descrips't,
3559 2131 3697 2189 postre-

2226 2234 2312 2273 ma
2349 2219 2463 2272 haec
2495 2218 2683 2283 verba,
2705 2232 2860 2287 quam
2888 2214 3144 2270 Perdicca
3168 2223 3524 2277 construxerat,
3542 2212 3592 2266 de
3606 2211 3699 2265 Gra-

2223 2312 2306 2366 cis
2331 2310 2626 2365 excidisse.
2663 2308 2817 2381 Legit
2842 2322 2973 2364 vero
3012 2308 3129 2377 ipse
3164 2316 3286 2362 ante
3314 2313 3644 2363 construxerat,
3665 2311 3701 2355 ut

2225 2412 2281 2456 et
2329 2401 2767 2464 Samaritarum,
2827 2413 2923 2469 pro
2972 2396 3445 2453 Samaritanorum.
3494 2393 3700 2449 liistor'au

2229 2508 2392 2564 porro
2429 2494 2604 2563 ipsam
2632 2493 2776 2560 quod
2810 2501 3019 2561 spectat
3043 2533 3058 2555 ,
3108 2505 3274 2547 neruo
3303 2499 3383 2546 est
3410 2497 3570 2560 prater
3592 2484 3703 2539 Euse-

2230 2586 2405 2648 bium,
2444 2586 2538 2655 qui
2574 2584 2774 2651 tradat,
2806 2583 3275 2639 Samaritanorum
3307 2582 3478 2638 urbem
3500 2588 3705 2634 tuacteu‘

2227 2680 2380 2749 poris
2408 2693 2436 2731 a
2474 2676 2751 2732 Demetrio
2781 2685 3075 2732 vastatam.
3126 2674 3299 2746 Cujus
3341 2683 3398 2730 ut
3433 2673 3615 2728 velimus
3640 2683 3705 2720 an—

2228 2770 2469 2826 ctoritati
2499 2770 2850 2839 acquiescere
2876 2807 2893 2834 ,
2934 2783 3061 2825 cum
3091 2766 3347 2823 Demetrii
3373 2780 3451 2820 res
3482 2772 3578 2819 toto
3599 2761 3710 2815 horto

2229 2874 2376 2914 anno
2417 2867 2471 2914 et
2529 2859 2885 2928 subscquenti
2917 2858 3074 2913 bellis
3121 2856 3371 2928 gerendis
3397 2854 3447 2909 in
3471 2850 3633 2910 Gracia
3649 2850 3713 2903 ilc-

2237 2953 2497 3016 tincrent,
2526 2966 2818 3021 possumus
2849 2949 3144 3006 Eusebium
3177 2956 3417 3003 nostrum
3437 2948 3506 3001 sic
3528 2946 3715 3010 interpre-

2240 3043 2371 3107 tari,
2399 3050 2460 3096 ut
2495 3057 2592 3112 per
2620 3057 2848 3097 suorum
2875 3040 3197 3112 quempiam
3228 3048 3477 3095 vastatam
3500 3036 3715 3091 abeotnne

2240 3135 2712 3191 Samaritanorum
2744 3136 2936 3190 urbem
2971 3135 3197 3189 dixerit.

2311 3226 2445 3281 Ibid.
2480 3225 2666 3297 Legati
2694 3227 3066 3280 Alexandrini.
3089 3226 3272 3295 Atque
3294 3222 3344 3278 id
3365 3219 3515 3293 probe
3550 3225 3715 3271 natatum

2240 3320 2559 3390 Scaligero,
2618 3319 3013 3390 llierouyruutu
3072 3316 3193 3370 haec
3242 3330 3309 3371 ex
3356 3311 3568 3381 Eutropii
3608 3307 3672 3360 lib.
3695 3320 3718 3357 ιι

2243 3412 2605 3479 descripsisse
2635 3427 2649 3464 :
2680 3409 2869 3480 Legati
2900 3408 3257 3463 Alexandrini
3281 3423 3313 3460 α
3359 3403 3599 3460 Ptolcruco
3629 3397 3720 3451 niui

2251 3503 2470 3558 Romam
2498 3519 2701 3568 venere,
2728 3513 2776 3556 et
2798 3520 2831 3557 a
2861 3502 3112 3557 Romanis
3145 3499 3432 3555 amicitiam
3449 3538 3464 3562 ,
3491 3510 3615 3566 quem
3632 3490 3719 3559 prfi-

2248 3606 2451 3663 aerunt,
2482 3596 2840 3650 obtinuerunt.
2900 3594 3231 3666 llierouymo
3274 3602 3449 3648 autem
3490 3584 3721 3657 ἰιιψοεειῖειεε

2246 3689 2322 3743 ait
2350 3688 2594 3743 nominis
2627 3687 3076 3751 similitudinem;
3116 3700 3299 3757 neque
3335 3684 3467 3739 enim
3496 3680 3723 3736 Ptolemm

2253 3781 2385 3848 Lagi
2428 3781 2517 3835 hic
2540 3787 2681 3843 erat,
2743 3780 2837 3835 sed
2860 3778 3273 3848 Philadelphus,
3296 3776 3387 3848 qui
3406 3774 3720 3846 priuiusrrgtltu

2251 3872 2474 3942 Algypti
2545 3887 2641 3939 per
2691 3871 2899 3940 legatos
2941 3869 3242 3924 amicitiam
3293 3866 3463 3939 populi
3501 3858 3724 3919 Romanis

2252 3969 2429 4036 ρθῑὶιι,
2469 3974 2525 4018 et
2559 3963 2896 4029 impetravit.
2945 3961 3043 4017 Est
3075 3962 3236 4027 adeo,
3276 3966 3336 4015 ut
3399 3956 3448 4011 in
3510 3966 3613 4020 rege
3651 3944 3724 4000 lul-

2257 4057 2538 4120 lucinatio,
2574 4058 2647 4108 ita
2676 4064 2729 4108 et
2756 4054 2812 4107 in
2842 4054 2985 4109 serie
3015 4061 3323 4122 temporum
3347 4042 3724 4120 prochronisrnrs:

2257 4156 2424 4216 atque
2458 4147 2506 4201 is
2553 4145 2773 4214 qniihm
2811 4143 3052 4214 quinque
3095 4141 3394 4197 solidantm
3435 4135 3632 4205 olympu
3663 4136 3728 4177 nm

2260 4240 2517 4293 tredecim
2554 4238 2713 4291 modo
2744 4249 3043 4297 annorum,
3075 4240 3137 4288 ut
3177 4231 3415 4299 Scaliger
3439 4227 3597 4285 sentit;
3618 4215 3729 4285 5⁵⁸1⁸⁷⁵·

2261 4330 2381 4385 ἀιιιη
2415 4330 2478 4382 (ι.
2509 4329 2778 4391 Fabricio,
2810 4326 2926 4380 sive
2965 4324 3158 4390 Fabio,
3189 4321 3459 4380 Luscino;
3494 4309 3726 4370 aututino

2263 4432 2319 4477 et
2352 4423 2415 4477 C.
2449 4420 2676 4475 Claudio
2706 4418 2914 4474 Cauiua
2954 4432 3098 4472 coss.
3136 4424 3353 4484 gestum
3402 4412 3495 4466 hoc
3524 4412 3608 4460 est.
3643 4396 3729 4451 Vide

580 4505 853 4611 landum:
908 4540 1107 4610 iniuria
1164 4529 1489 4602 reprehendi
1540 4527 1608 4580 ab
1655 4540 1720 4580 eo
1771 4520 2112 4589 Stephanum
2138 4554 2154 4579 ,
2188 4523 2233 4580 υ
2268 4513 2386 4570 Val.
2418 4513 2656 4568 Maxdib.
2695 4527 2745 4564 tv
2771 4524 2825 4567 c.
2855 4510 2915 4575 5,
2942 4507 3079 4567 Livii
3113 4507 3256 4576 Epit.
3290 4505 3380 4559 lib.
3407 4515 3506 4556 xiv.

583 4642 743 4714 quasi
777 4640 958 4694 fucum
984 4630 1087 4688 sibi
1114 4626 1228 4682 fieri
1255 4638 1453 4695 passus
1478 4616 1575 4685 sit“,
1600 4616 1865 4677 scribens,
1911 4610 2157 4664 Bormam

590 4735 813 4806 Syriaca
843 4726 998 4798 ἰσχὺν
1021 4718 1353 4792 significare.
1388 4712 1685 4768 Commoda
1706 4705 1852 4760 enim
1879 4717 2012 4757 vero
2038 4708 2160 4772 cty-

481 4808 495 4851 ί
588 4793 820 4893 niologia
854 4793 944 4875 illa
978 4825 1059 4872 est
1086 4829 1115 4867 a
1145 4817 1307 4872 7W3.
1340 4805 1484 4877 quod
1523 4815 1727 4863 arcem,
1782 4812 1875 4852 seu
1921 4793 2160 4848 validum

593 4887 976 4981 muni—tumque
1006 4904 1293 4962 :cdiliciutn
1331 4904 1515 4953 sonat.
1554 4888 1810 4958 Exempla
1837 4887 2006 4941 habes
2035 4898 2162 4938 cum

596 5007 746 5071 alibi,
779 4977 964 5058 tum-ll
995 4999 1155 5054 Esdr.
1189 5009 1230 5057 ι,
1256 4987 1467 5045 Daniel.
1492 5000 1614 5047 vm,
1670 4981 1868 5036 Esther
1917 4994 1957 5032 t.
1979 4977 2164 5031 Dedu-

594 5068 744 5154 ctum
776 5092 901 5149 inde
952 5090 1108 5159 βάρις
1158 5083 1371 5138 verbum
1400 5075 1697 5145 ἐπιχώριον
1732 5068 2059 5130 Ραιωδιὶηω,
2102 5074 2164 5119 ut

600 5191 831 5241 testatur
869 5156 1089 5231 llic‘ron.
1147 5171 1308 5241 epist.
1365 5166 1472 5227 65,
1511 5163 1580 5217 ad
1637 5156 1971 5227 Principiam
1999 5193 2015 5217 ,
2055 5168 2171 5223 quo

597 5278 785 5330 domus
817 5287 881 5325 ex
928 5265 1070 5321 ornni
1104 5271 1254 5328 parte
1282 5252 1562 5315 conclusaz,
1590 5261 1638 5306 et
1670 5254 1723 5303 in
1755 5249 1966 5304 modum
1993 5245 2165 5313 (ediﬁ-

599 5378 774 5440 [tcataz
802 5375 1029 5418 turrium
1061 5373 1120 5408 ac
1148 5352 1395 5406 mwnium
1430 5346 1758 5416 publicorum
1810 5335 2167 5412 appellaban-

604 5473 713 5515 tur.
747 5458 933 5514 Gra’ce
957 5449 1242 5522 φρούριον.
1682 5509 1706 5516 _

674 5552 814 5607 ibid.
855 5514 1129 5604 suae...
1180 5537 1280 5593 Alii
1337 5550 1401 5590 ex
1449 5514 1706 5602 antiquis
1726 5514 2027 5594 Nicatora,
2081 5522 2171 5578 alii

608 5624 888 5699 liicanora
933 5652 1057 5692 cum
1122 5628 1361 5686 Eusebio
1416 5633 1655 5688 vocant;
1712 5629 1766 5676 et.
1789 5620 2020 5675 alterum
2052 5617 2176 5689 qui-

596 5739 735 5811 dem
766 5730 1100 5787 vocabulum
1144 5741 1171 5779 ιι
1204 5721 1559 5778 victoriarum
1596 5714 1891 5775 felicitate,
1946 5709 2175 5767 alterum

608 5842 641 5881 a
669 5825 885 5909 devicto
912 5821 1202 5886 Nicanore,
1238 5814 1423 5872 liedim
1456 5811 1615 5875 duce,
1645 5804 1944 5861 deducunt.
1977 5800 2163 5871 impo-

2334 4606 2453 4663 Col.
2484 4604 2590 4660 405
2645 4602 2936 4658 Menander
2963 4600 3216 4654 comicus.
3252 4597 3310 4653 In
3351 4593 3641 4662 Scaligcrana
3660 4578 3731 4635 eit-

2263 4699 2413 4754 tione
2440 4692 2767 4768 praecedenti
2798 4692 3048 4764 proxime
3072 4701 3221 4744 anno
3252 4686 3540 4744 aseribitnr,
3562 4690 3644 4747 quo
3665 4669 3733 4723 sti-

2266 4791 2394 4845 licet
2461 4789 2685 4858 propius
2746 4785 2891 4840 absit
2946 4783 3016 4838 ah
3070 4795 3217 4836 anno
3314 4773 3563 4833 tricesimo
3609 4774 3735 4821 secun-

2268 4883 2340 4938 do
2368 4879 2668 4943 Ptoletun'i,
2690 4892 2801 4948 quo
2833 4875 3038 4931 dicitur
3067 4871 3359 4927 Menander
3380 4865 3559 4922 obiime
3579 4859 3620 4913 in
3640 4861 3733 4902 τοιο-

2274 4974 2316 5028 ri
2355 4972 2740 5041 inscriptione,
2766 4981 2928 5039 quam
2957 4964 3226 5021 Gruterus
3259 4973 3467 5031 quoque
3485 4954 3638 5010 refert.
3657 4938 3735 4998 libi

2274 5065 2564 5135 placuisset
2591 5059 2905 5116 econtrario
2924 5060 2977 5112 iu
2997 5063 3314 5125 sequentem
3346 5048 3565 5121 proxime
3587 5033 3736 5094 didam-

2274 5155 2409 5211 Vide
2437 5154 2748 5209 Fabricium
2785 5149 2922 5221 Bibl.
2950 5147 3121 5202 Grato.
3151 5146 3315 5209 Ιὶιῃι,
3349 5157 3397 5195 e.
3425 5138 3508 5192 ἥ.

2342 5248 2477 5302 ibid.
2537 5244 2762 5299 Romani
2793 5218 2999 5299 Gallos.
3027 5278 3043 5294 .
3071 5280 3084 5295 .
3114 5274 3131 5292 .
3164 5243 3430 5303 superant.
3476 5218 3738 5291 Triumphum

2276 5348 2425 5393 notat
2457 5337 2527 5391 ill.
2560 5336 2713 5410 Curii
2744 5334 2956 5390 Dentati
2991 5333 3057 5387 de
3086 5330 3318 5386 Lucanis
3341 5368 3358 5391 ,
3401 5318 3678 5396 Tyrrhenis,
3709 5312 3739 5359 τι

2278 5431 2517 5495 Sabinis,
2551 5427 2692 5498 apud
2733 5436 2946 5481 veteres
2976 5424 3269 5492 scriptores
3302 5419 3523 5475 Florum,
3543 5404 3739 5465 Orositut.

2279 5523 2620 5588 Frontinum,
2647 5520 2930 5583 Velleiutn,
2955 5526 3113 5585 atque
3133 5515 3295 5581 alios;
3321 5513 3468 5580 longe
3491 5499 3740 5561 notissinmm

2280 5614 2508 5671 laudabo
2527 5581 2743 5667 Florum
2769 5627 2784 5665 :
2809 5581 3042 5675 Populus
3058 5607 3345 5668 Romanus,
3362 5619 3393 5656 a
3411 5581 3743 5653 Latinalath

2282 5718 2388 5772 tus,
2410 5720 2685 5777 aggressus
2718 5713 2792 5757 est
2829 5710 3029 5770 gentem
3058 5697 3390 5759 Sabinorum,
3410 5691 3489 5762 qui
3507 5687 3743 5759 inmunem

2285 5798 2443 5867 facta:
2472 5760 2658 5850 :«b'T.
2697 5760 2853 5847 Tatio
2881 5789 3172 5859 oﬁinitatis,
3207 5760 3430 5856 quodam
3456 5775 3651 5842 contagia
3667 5760 3743 5817 ιτιιὲ

2416 5898 2511 5904 μη..
2525 5897 2624 5913 μγ-
2665 5896 2671 5900 .
2695 5896 2705 5899 _
