3964 6186
291 315 400 379 977

1553 309 1955 370 VALLAItSii
1998 292 2237 370 nom.

3435 300 3539 366 9'58

287 445 344 480 se
378 422 582 478 Latinis
613 423 994 490 adjunxerant.
1033 420 1138 476 Sed
1177 419 1337 477 Curio
1368 421 1595 475 Dentato
1624 421 1836 473 consule
1857 473 1870 495 τ
1903 425 1946 479 Α
1979 433 2123 488 post,
2153 423 2422 474 siveanno
2439 423 2634 488 quarto
2655 415 2975 488 Olympiadis
3008 413 3130 478 I25,
3151 428 3179 468 a
3210 411 3272 468 P.
3294 412 3534 471 Cornellt

288 534 494 570 onmem
521 531 640 569 eum
674 523 925 576 tractum,
960 530 1063 582 qua
1088 513 1204 566 Nar
1234 514 1440 577 ambit,
1473 512 1741 582 fontesque
1773 509 1866 563 γε.

285 611 383 663 lini
407 650 422 670 .
453 609 761 663 Hadriatico
801 616 950 660 tenus
984 607 1118 659 mari
1142 647 1160 672 ,
1197 608 1316 677 igne
1352 607 1590 675 ferroque
1615 605 1860 660 vastavit.

287 701 406 766 Qua
456 701 675 754 uictoria
718 710 922 753 tantum
959 716 1210 770 agrorum
1238 699 1503 752 redactum
1543 701 1596 750 in
1635 707 1866 768 potesta-

291 803 414 853 lem,
445 803 499 844 ut
526 793 578 844 in
606 800 725 844 utro
751 792 870 860 plus
896 797 1049 857 esset,
1077 807 1140 844 ne
1168 792 1274 858 ipse
1295 790 1503 859 quidem
1525 797 1696 856 posset
1723 789 1868 842 testi-

291 901 456 945 mare,
480 884 815 951 qui-vicerat.

359 976 478 1030 Col.
505 974 630 1029 405.
662 973 744 1029 Η.
777 973 1088 1028 Ptolemwus
1126 971 1522 1036 Philadelphus.
1558 968 1696 1023 lluic
1722 970 1869 1023 solos

291 1067 616 1120 εἰκοσιεπτὰ
641 1106 658 1128 ,
711 1067 898 1134 viginti
931 1075 1126 1135 septem
1152 1105 1167 1128 ,
1225 1063 1373 1133 regni
1407 1078 1578 1117 annos
1615 1061 1870 1115 Clemens

291 1158 565 1220 attribuit,
598 1157 702 1212 nisi
751 1157 803 1210 in
839 1156 1136 1211 numericis
1175 1155 1314 1208 notis
1348 1170 1502 1208 error
1535 1163 1639 1208 est.
1671 1153 1870 1210 Lucia-

294 1267 394 1302 nus
424 1265 551 1302 eum
585 1263 710 1302 eum
745 1259 899 1317 patre
933 1248 1108 1301 adhuc
1135 1245 1433 1316 superstite
1467 1243 1744 1297 biennium
1777 1258 1869 1298 re-

290 1351 494 1406 gnasse
523 1348 741 1389 annota‘
763 1339 826 1391 it.

365 1429 499 1483 Ibid.
539 1427 856 1482 Ptolema’tts
886 1428 1178 1482 Ccraunus.
1222 1427 1563 1482 C0t.fcrenda
1606 1443 1730 1482 cum
1764 1428 1874 1498 pri-

293 1541 324 1577 ιι
351 1522 397 1576 is
425 1530 691 1589 suntth
711 1521 775 1573 de
795 1520 898 1574 hoc
924 1535 1067 1588 rege,
1095 1520 1183 1589 qni
1233 1519 1431 1588 [ulmea
1462 1520 1874 1589 cognominatus

291 1598 406 1676 cst,
435 1611 602 1666 refert
634 1611 859 1665 thius
890 1627 954 1666 es
992 1611 1277 1665 ittetnuone
1313 1612 1571 1666 historico
1604 1627 1727 1682 cap.
1766 1611 1873 1676 I5,

289 1704 543 1759 Justinus
576 1719 794 1774 quoque
831 1705 926 1759 lib.
965 1719 1092 1757 xxiv
1118 1743 1134 1767 ,
1189 1719 1312 1774 cap.
1343 1703 1395 1758 5.
1425 1703 1528 1770 Qui
1560 1705 1609 1759 ei
1648 1719 1872 1760 succes-

1968 511 2163 566 Ruﬁno
2195 528 2231 566 ιι
2266 511 2509 566 consule.

1981 671 1986 674 _
2035 607 2151 661 Col.
2187 606 2312 660 408.
2343 607 2631 675 Antigonus
2657 603 2910 660 Conatus.
2937 603 3069 658 Cum
3104 601 3303 670 duplici
3334 617 3367 654 ιι
3402 601 3535 656 scri-

1969 702 2102 755 bunt
2153 701 2335 753 minus
2397 709 2542 752 recte
2601 698 2715 753 alii.
2805 695 3077 752 Padaeus
3167 696 3416 751 Conates.
3488 692 3537 745 In

1969 793 2208 848 nmnmis
2252 789 2580 846 ΓΟΝΑΤΟΥ
2612 790 2828 859 legitur.
2862 787 3296 858 Cognominatns
3331 785 3406 840 ita
3433 791 3538 849 est,

1971 885 2216 954 Dexippo
2250 895 2387 940 teste
2411 925 2427 950 ,
2476 886 2566 940 διὰ
2602 886 2658 939 ἐν
2709 885 2894 946 ant;
2914 885 3011 953 τῆς
3061 881 3368 940 Θεσσαλίας
3405 897 3540 950 τρα-

1971 976 2450 1044 φῆναι.,(ἒωιειιιιηι
2482 992 2589 1030 ηοιι
2623 975 2804 1030 statim
2837 989 2866 1028 a
2903 972 3190 1027 Sostbenis
3225 979 3425 1037 morte,
3445 967 3541 1025 sed

1972 1077 2092 1136 post
2145 1072 2282 1125 duos
2330 1068 2627 1139 interregni
2678 1081 2850 1121 annos
2899 1063 3252 1120 Macedonum
3315 1062 3542 1130 imperio

1970 1162 2204 1229 potitum
2236 1178 2361 1216 cum
2394 1177 2514 1216 esse
2541 1201 2557 1226 ,
2611 1160 2777 1215 tradit
2818 1157 3102 1229 Syncellus
3135 1157 3257 1210 loco
3303 1153 3544 1208 laudato.

1972 1252 2115 1307 Idem
2150 1262 2203 1308 et
2232 1253 2562 1323 Porphyrius
2593 1251 2770 1304 innuit
2799 1291 2812 1312 ,
2859 1248 3138 1303 aiiirmans
3178 1245 3326 1315 regni
3364 1256 3540 1298 annos

1983 1346 2049 1399 ad
2083 1345 2322 1413 primum
2356 1359 2527 1413 usque
2554 1343 2882 1414 Olympiadis
2913 1341 3017 1396 135
3049 1339 3378 1408 Antigonum
3431 1350 3546 1406 pro-

1983 1438 2233 1501 trasisse,
2260 1438 2352 1506 qui
2379 1437 2530 1504 juxta
2576 1435 2796 1490 Eusebii
2833 1434 3070 1487 rationes
3103 1429 3348 1485 triennio
3370 1439 3497 1482 ante
3525 1441 3549 1482 ε

1976 1529 2116 1584 vivis
2146 1538 2478 1586 excesserat.
2507 1526 2644 1582 Vide
2685 1541 2806 1598 qua:
2838 1524 2978 1580 intra
3005 1523 3240 1578 dicimus
3269 1525 3336 1575 ad
3362 1519 3548 1574 Deme-

1978 1622 2165 1676 trium.

2048 1711 2165 1766 Col.
2212 1710 2336 1766 £07.
2388 1693 2702 1766 Ptolemaeus
2752 1707 3122 1776 Philadelphus
3150 1744 3164 1766 .
3215 1713 3322 1760 etc.
3371 1702 3554 1759 Grzcca

293 1806 510 1853 si‘runt.
533 1794 797 1860 Meleager
819 1802 872 1848 et
895 1795 1182 1862 Antipater
1203 1835 1216 1860 ,
1238 1795 1874 1864 paucisdiebusrognum
1910 1780 1951 1838 θ
1983 1805 2171 1874 ipsum
2204 1804 2425 1870 Oniam,
2482 1803 2703 1857 [mtrem
2733 1799 2972 1855 Eleuari
3001 1839 3016 1860 ,
3074 1798 3358 1851 nominant
3386 1811 3401 1848 :
3434 1809 3556 1863 quae

298 1887 561 1948 tenuisse,
590 1884 862 1953 Dexippus
879 1900 1093 1954 quoque
1118 1887 1272 1939 testis
1295 1895 1398 1938 est.
1422 1883 1738 1950 Sosthenes,
1761 1886 1878 1954 qui,

298 1979 570 2033 referente
593 1977 832 2039 Ju3tino,
873 1992 994 2031 cum
1021 1976 1394 2030 Macedoniam
1419 1991 1449 2030 a
1473 1977 1750 2031 Gallorum
1787 1992 1881 2047 po-

299 2069 579 2138 pulatione
613 2067 963 2128 defendissm,
999 2067 1176 2120 multis
1208 2068 1465 2120 nobilibus
1508 2085 1726 2137 regnum
1759 2068 1879 2122 Ma—

296 2161 533 2217 cedonia:
560 2159 952 2228 aﬁ'ectantibus,
985 2158 1224 2227 ignobilis
1251 2158 1359 2226 ipse
1395 2159 1715 2226 prtepositns
1763 2169 1880 2216 est:

299 2269 425 2307 cum
459 2267 548 2305 rex
579 2251 644 2304 ab
681 2253 912 2304 exercitu
949 2250 1330 2317 appellaretur,
1363 2251 1469 2317 ipse
1502 2266 1604 2302 non
1643 2252 1694 2303 in
1729 2252 1884 2318 regis,

303 2348 397 2398 sed
429 2344 578 2395 ducis
616 2358 802 2402 nomen
830 2341 1016 2409 jurare
1044 2341 1231 2394 milites
1265 2342 1538 2407 compulit.
1576 2342 1764 2397 Exstat
1799 2339 1881 2396 ta-

302 2449 428 2487 men
483 2433 742 2501 insci'ipto
802 2431 942 2500 regis
985 2433 1203 2486 nomine
1295 2448 1552 2487 nummus
1599 2442 1919 2503 argenteus

303 2528 638 2581 ΒᾹΣΙΛΕΩΣ
678 2523 1076 2589 ΣΩΣΘΕΝΟΥ,
1124 2525 1412 2581 Goltzinct
1465 2526 1676 2582 Nonnio
1741 2526 1889 2577 testi-

305 2623 430 2672 bus.
490 2618 740 2672 Secundo
800 2617 949 2688 regni
1008 2632 1150 2671 anno
1206 2617 1259 2670 in
1302 2618 1488 2687 prtelio
1529 2632 1651 2670 cum
1723 2616 1890 2670 Gallis

297 2699 586 2767 occubuit.

383 2803 500 2856 Col.
555 2801 679 2856 408.
736 2799 977 2870 Serapis.
1028 2801 1274 2856 Accitum
1335 2798 1613 2870 Serapidis
1668 2800 1892 2854 simula-

311 2912 466 2950 crum
502 2909 532 2949 e
562 2894 731 2949 Ponto
784 2910 877 2960 per
920 2893 1272 2948 Ptoleimeum
1333 2891 1782 2960 Philadelphum,
1833 2901 1893 2946 nt

307 2987 560 3041 Clemens
590 2984 644 3038 in
675 2983 1035 3054 Protreptico.
1088 2984 1169 3038 vel
1203 2999 1298 3054 per
1328 2982 1570 3038 Sotercm
1599 3023 1612 3046 ,
1659 2993 1714 3036 ut
1758 2983 1848 3038 alii
1874 3023 1891 3049 ,

1986 1905 2164 1950 tamen
2193 1894 2394 1949 alicubi
2426 1893 2748 1962 interpolata
2784 1891 2884 1960 ipsi
2919 1890 3082 1943 etiam
3137 1886 3417 1954 Scaiigero
3446 1885 3559 1939 visa

1980 1996 2130 2042 sunt.
2166 1985 2320 2052 Quod
2347 1993 2556 2055 spectat
2583 1985 2997 2054 Scripturarum—
3029 1978 3558 2048 interpretationem,

1984 2088 2132 2135 totus
2163 2080 2214 2133 in
2253 2093 2318 2133 eo
2354 2087 2439 2133 est
2470 2075 2714 2145 Scaliger
2740 2115 2754 2137 ,
2810 2083 2867 2128 ut
2910 2071 3138 2126 Aristea:
3188 2069 3558 2124 narrationem

1981 2169 2182 2225 fabulis
2208 2167 2600 2223 accensendam
2632 2163 2954 2235 persuadeat
2981 2177 2997 2216 :
3032 2164 3082 2216 id
3115 2160 3257 2229 quod
3277 2174 3437 2214 nemo
3469 2159 3557 2213 lto-

1985 2264 2075 2319 dic
2112 2279 2218 2318 non
2251 2261 2438 2326 sentit,
2469 2259 3015 2326 demonstratumque
3043 2265 3126 2310 est
3152 2255 3366 2322 privato
3395 2266 3562 2320 opere

1987 2371 2049 2406 ac
2075 2354 2214 2424 stylo
2242 2369 2272 2408 a
2303 2349 2639 2406 doctissimis
2671 2348 2804 2403 viris
2838 2346 3050 2415 Hodyo,
3086 2343 3200 2399 Van
3233 2343 3440 2404 Dalleo,
3481 2352 3562 2396 at-

1988 2457 2090 2510 que
2119 2443 2238 2496 aliis
2265 2441 2533 2511 plurimis.
2585 2438 2765 2506 Pergit
2796 2451 2924 2492 vero
2968 2436 3060 2490 ille
3096 2448 3358 2488 accusare
3398 2431 3565 2486 Euse-

1991 2535 2159 2596 bium,
2193 2532 2337 2602 quod
2369 2548 2433 2587 ex
2471 2531 2789 2601 conjectura
2818 2532 2921 2585 hoc
2949 2539 3158 2598 gestum
3191 2526 3484 2583 contulerit
3511 2526 3567 2580 in

1991 2626 2264 2680 Ptolemzei
2294 2626 2532 2689 initium,
2569 2638 2690 2680 cum
2716 2623 3026 2679 verosimile
3052 2636 3158 2676 non
3195 2621 3286 2683 sit,
3319 2634 3444 2673 eum
3479 2632 3566 2672 re—

1990 2718 2074 2787 gni
2103 2716 2187 2770 sui
2218 2717 2386 2772 initiis
2419 2718 2486 2771 ad
2515 2715 2908 2771 Bibliothecam
2941 2713 3122 2784 potius
3153 2711 3568 2774 instituendam,

1991 2815 2046 2860 et
2073 2806 2240 2861 libros
2275 2804 2623 2861 llebrazorum
2649 2806 3050 2862 convertendos
3076 2842 3094 2868 ,
3156 2817 3320 2868 quam
3374 2801 3443 2854 ad
3480 2814 3570 2856 res

1993 2896 2165 2965 ipsius
2197 2895 2348 2966 regni
2379 2897 2619 2951 animum
2648 2895 2973 2966 applicasse.
3001 2893 3139 2961 Quin
3161 2893 3270 2947 imo
3289 2891 3418 2946 illud
3443 2903 3573 2960 per-

1994 3004 2160 3058 quam
2190 2989 2404 3045 erudite
2436 2988 2650 3043 videtur
2684 2987 3055 3057 excogitatum
3114 2981 3372 3048 Eusebio,
3406 2981 3453 3036 si
3481 2994 3574 3036 vo-

312 3086 500 3133 narrat
520 3075 771 3132 laudatus
795 3075 957 3130 etiam
989 3075 1264 3145 Scaligero
1324 3072 1547 3129 Tacitus
1570 3073 1731 3142 paulo
1759 3084 1886 3129 ante
1919 3116 1964 3176 ο
1997 3079 2099 3133 luit
2129 3079 2181 3132 id
2212 3089 2420 3150 gestum
2459 3079 2696 3134 conferri
2719 3080 2861 3134 intra
2915 3075 3196 3132 biennium
3235 3073 3367 3129 illud
3394 3113 3408 3138 ,
3459 3085 3573 3141 quo

314 3169 412 3222 tiu.
444 3167 651 3222 llistor.
692 3165 788 3222 lib.
824 3181 897 3233 tv,
927 3166 1019 3235 qui
1061 3165 1424 3220 conl'erendus
1454 3165 1588 3220 adeo
1632 3174 1716 3218 est
1765 3180 1889 3220 cum

316 3259 586 3314 Pausania
621 3258 675 3312 in
707 3257 899 3313 Atticis
926 3296 940 3318 .
973 3255 1264 3312 Plutarcho
1294 3256 1359 3310 de
1391 3255 1531 3310 Iside
1559 3265 1613 3309 et
1643 3255 1891 3320 Osiride,

314 3358 374 3404 et
405 3350 458 3404 in
503 3349 607 3403 line
632 3348 759 3403 libri
788 3348 854 3402 de
883 3346 1111 3402 Solertia
1151 3347 1493 3412 animalium,
1529 3346 1814 3402 Eustathio
1838 3345 1890 3400 in

321 3438 564 3510 Dionysii
597 3439 951 3507 περιήγησιν,
980 3446 1033 3492 et
1067 3437 1111 3491 si
1147 3439 1237 3506 qui
1271 3438 1362 3490 alii
1391 3445 1541 3498 sunt,
1566 3435 1892 3505 quigestum

318 3529 463 3581 istud
510 3528 790 3582 memoriae
840 3527 1196 3597 prodiderint.
1253 3524 1385 3581 Vere
1416 3526 1582 3595 ,enint
1632 3524 1897 3595 Origenes

317 3619 418 3674 Iib.
446 3633 478 3671 γ
507 3629 696 3673 contra
722 3617 965 3680 Celsum,
999 3620 1062 3671 de
1095 3615 1351 3687 Serapide
1373 3615 1582 3685 longam
1609 3631 1899 3686 parumque

319 3719 652 3765 constantem
685 3704 963 3762 ltistd‘riam
988 3723 1118 3771 esse,
1145 3706 1536 3778 pronuntiavit.
1555 3701 1704 3762 'Vide
1726 3706 1898 3777 Speu-

319 3816 507 3856 cerum
553 3800 605 3854 in
650 3801 797 3854 hunc
843 3798 1047 3855 locum.
1101 3797 1593 3854 SClIlII'Zﬂt'ISClIlUS
1647 3807 1801 3853 notat
1843 3799 1897 3856 iti

323 3891 502 3959 primo
535 3889 782 3945 Palatino
816 3906 918 3945 ms.
959 3899 1018 3944 ut
1051 3897 1107 3944 et
1146 3888 1394 3943 Si'chardi
1427 3888 1662 3943 editione
1689 3888 1900 3954 haberi,

321 3981 595 4049 Serapidis
619 3981 964 4034 simulacrum
996 3979 1373 4033 Alexandriam
1402 3981 1560 4033 venit.

378 4071 498 4127 Col.
538 4073 664 4128 405.
700 4072 942 4129 Condita:
974 4089 1006 4126 a
1063 4071 1316 4125 Romanis
1356 4070 1655 4125 Ariminum
1703 4078 1753 4125 et
1798 4071 1905 4126 Be~

326 4174 628 4220 accentum.
655 4174 849 4220 Actum
893 4165 944 4219 id
981 4165 1152 4218 multo
1185 4174 1346 4233 post,
1393 4163 1508 4218 sive
1542 4178 1686 4217 anno
1731 4163 1904 4233 ptimo

325 4257 653 4328 Olympiadis
689 4257 812 4324 528,
858 4257 1054 4313 docere
1086 4256 1300 4310 videtur
1350 4253 1586 4310 Velleius
1634 4254 1905 4310 Patercul.

328 4350 426 4405 lib.
459 4367 498 4409 ι.
534 4365 652 4419 cap.
688 4349 774 4415 Η,
814 4349 901 4404 his
935 4347 1112 4403 verbis
1148 4347 1494 4414 :Sempronio
1513 4344 1775 4412 Soplio,et
1803 4346 1907 4415 Ap-

1994 3169 2236 3225 dixintus
2257 3186 2319 3225 es
2354 3167 2577 3224 Lueiani
2611 3169 2945 3234 testimonio,
2977 3180 3135 3237 patre
3167 3165 3344 3220 adhuc
3379 3178 3574 3232 super-

1992 3262 2142 3326 stite,
2175 3261 2589 3331 Philadelphum
2617 3275 2894 3331 regnasse.
2927 3260 3005 3314 Ex
3033 3273 3099 3314 oo
3123 3257 3264 3314 enim
3291 3254 3576 3311 conciliari

1994 3364 2174 3427 potest
2199 3354 2429 3408 aliorum
2460 3368 2525 3407 ett
2575 3351 2818 3420 antiquis
2862 3349 3126 3405 sententia
3153 3387 3170 3413 ,
3219 3357 3349 3416 puta
3385 3345 3574 3411 Irenzei

1995 3446 2090 3500 lib.
2124 3458 2207 3507 tu,
2250 3457 2375 3512 cap.
2401 3441 2494 3506 25,
2522 3449 2578 3496 et
2609 3439 2906 3495 Cie-mentis
2936 3437 3142 3493 Strom.
3180 3452 3195 3490 ι
3225 3475 3239 3499 ,
3273 3437 3364 3504 qui
3396 3434 3578 3490 Ptole-

1996 3538 2116 3594 maei
2147 3533 2374 3599 Soteris,
2397 3533 2512 3588 sive
2551 3531 2788 3601 Lagidre,
2829 3530 2996 3602 patris
3032 3527 3390 3596 Philadelphi,
3418 3527 3577 3596 jussu

1999 3628 2141 3686 sacri
2214 3625 2420 3680 codicis
2495 3622 2801 3679 versionem
2876 3628 3148 3691 peractam
3199 3620 3467 3676 referunt.
3517 3617 3578 3673 Si

1998 3719 2142 3774 enim
2175 3716 2459 3772 advivebat
2511 3722 2641 3770 tunc
2685 3711 2946 3782 temporis
2994 3720 3191 3782 pater,
3238 3712 3415 3780 potuit
3457 3709 3579 3780 ejus

2002 3824 2108 3864 non
2136 3807 2408 3862 immerito
2441 3805 2702 3874 auspiciis
2727 3801 2949 3861 ascribi.
2986 3802 3333 3871 Quanquam,
3397 3809 3458 3854 ut
3499 3800 3583 3854 ni-

2005 3899 2078 3954 hil
2111 3897 2470 3960 dissimulent,
2507 3896 2682 3965 placet
2711 3894 2886 3964 magis
2911 3888 2977 3947 ad
3017 3901 3270 3947 octavum
3306 3888 3582 3946 Philadel-

2006 3991 2096 4060 phi
2137 4003 2340 4042 annum
2370 4003 2508 4058 opus
2536 3986 2666 4040 illud
2703 3985 2890 4042 referri
2919 4025 2936 4051 ,
2984 3982 3128 4053 quod
3166 3990 3224 4037 ut
3255 3980 3323 4036 ab
3356 3980 3585 4036 Aristcte

2016 4083 2319 4138 rationibus
2347 4083 2545 4152 (neque
2571 4080 2712 4133 enim
2745 4076 2928 4132 omnia
2953 4076 3069 4144 ejus
3093 4084 3402 4131 commenta
3430 4073 3584 4142 sunt)

2010 4188 2118 4227 non
2165 4173 2318 4240 longe
2360 4169 2612 4226 dissentit
2642 4162 2659 4227 ξ
2695 4169 2770 4222 ita
2811 4183 2935 4223 cum
2977 4166 3278 4236 Epiphanio
3322 4165 3463 4221 libro
3519 4167 3586 4220 de

2009 4263 2298 4318 Ponderib.
2346 4273 2400 4316 et
2435 4261 2672 4315 Mensur.
2712 4275 2834 4329 cap.
2868 4259 2934 4313 15
2981 4257 3146 4327 probe
3181 4257 3460 4313 convenit.
3507 4256 3588 4312 Ac

2013 4355 2138 4410 licet
2187 4353 2235 4406 id
2291 4352 2454 4406 certis
2492 4349 2826 4420 argumentis
2859 4347 3115 4405 constitui
3147 4357 3420 4418 nequeat,
3465 4348 3588 4405 lon-

327 4441 419 4510 pio
454 4438 591 4494 ϐα·σί
617 4439 730 4510 ﬁlio
767 4439 893 4493 Coss
947 4435 1264 4502 Ariminum,
1300 4446 1348 4491 et
1383 4437 1732 4492 Beneventum
1761 4436 1904 4491 colo-
1940 4467 1989 4527 ο
2014 4447 2134 4516 gius
2171 4456 2350 4500 tamen
2378 4461 2407 4500 a
2444 4444 2554 4498 veri
2587 4443 2768 4513 specie
2822 4443 3020 4498 absunt
3049 4441 3382 4511 Africanus,
3426 4457 3588 4512 quem

331 4533 389 4584 ni
418 4531 568 4586 missi
595 4570 611 4597 ,
660 4539 766 4587 etc.
810 4527 1048 4601 Idipsum
1093 4529 1391 4600 Eutmpius
1422 4541 1650 4597 narrat,
1687 4530 1829 4600 quod
1858 4538 1911 4585 et

331 4623 618 4694 Scaligero
649 4633 894 4680 notatum
934 4634 1037 4679 est.

406 4716 542 4772 Ibid.
572 4716 866 4771 Demetrius
896 4717 1229 4784 semetipsum
1286 4715 1501 4770 Seleuco
1536 4714 1727 4769 tradit.
1767 4713 1907 4778 lluc,

333 4809 456 4880 ipso
480 4810 707 4880 jubente
745 4810 986 4866 Pontaco
1019 4809 1072 4865 in
1108 4809 1254 4866 curis
1288 4809 1704 4879 posterioribus,
1735 4810 1914 4880 perioo

329 4900 496 4952 chain
529 4900 688 4953 istam
719 4898 1122 4964 transtulimus,
1159 4914 1278 4968 qua:
1309 4899 1360 4953 in
1394 4899 1552 4955 editis
1583 4907 1739 4953 antea
1760 4898 1915 4955 libris

334 4991 479 5045 male
513 4999 638 5044 ante
697 4997 811 5045 tres
839 5005 1012 5046 annos
1045 4992 1452 5046 recensebalur.

415 5082 530 5138 Col.
560 5081 684 5138 406.
706 5081 1004 5139 Sostratus.
1037 5080 1275 5154 Tempus
1296 5084 1572 5150 convenit,
1603 5084 1917 5154 indicatque

336 5175 538 5231 Suidas
576 5175 628 5230 in
655 5176 832 5247 Φάρος
861 5183 1194 5230 exstructam
1230 5175 1367 5230 hanc
1400 5177 1614 5244 turrim,
1641 5191 1750 5247 quo
1783 5185 1920 5231 tem-

337 5283 476 5340 pore
505 5267 744 5340 Pyrrhus
775 5281 1003 5339 regnare
1043 5267 1096 5321 in
1128 5265 1292 5336 Epiro
1318 5268 1500 5338 cmpit.
1527 5267 1662 5323 Vide
1693 5269 1918 5324 Strabo-

343 5375 466 5412 ncni
497 5360 590 5416 lib.
629 5376 760 5425 xvii.
796 5361 1027 5416 Plinium
1061 5358 1160 5414 lib.
1199 5375 1381 5426 xxxvr,
1412 5369 1468 5414 et
1495 5358 1838 5418 Eustatltiutn
1861 5360 1916 5415 in

343 5451 569 5521 Dionys.
603 5451 811 5522 Perieg.
838 5467 892 5518 ν,
924 5451 1047 5506 “‘2.

418 5541 557 5597 Ibid.
596 5542 824 5597 [tantum
855 5542 1138 5598 Crotonem
1167 5542 1406 5612 capiunt.
1447 5541 1518 5596 Ex
1551 5541 1776 5598 Zonaras
1808 5544 1919 5599 An-

347 5634 462 5688 nal.
491 5649 549 5700 ιι,
587 5650 745 5704 quem
779 5636 960 5689 laudat
993 5635 1254 5705 Scaliger,
1290 5634 1525 5703 itetnque
1564 5635 1812 5690 Frontini
1858 5636 1924 5690 li-

351 5726 452 5785 bro
483 5741 544 5786 sat
575 5727 769 5798 liquet,
801 5727 1060 5785 Crotonis
1100 5725 1605 5801 oppidumcaptuut
1644 5726 1923 5798 aliquanto

2017 4540 2258 4611 Sealiper
2291 4539 2494 4604 laudat,
2527 4548 2581 4593 et
2617 4537 2924 4610 Syncellus,
2957 4536 3050 4608 qui
3082 4538 3148 4591 ad
3179 4545 3454 4608 postrema
3497 4551 3588 4592 us-

2016 4649 2122 4705 que
2155 4631 2494 4701 Philadelpbi
2529 4641 2770 4698 tempora
2796 4627 3110 4685 Versiouein
3132 4644 3251 4683 eam
3282 4629 3591 4686 retrahunt.

2088 4724 2224 4780 Ibid.
2271 4723 2386 4778 Una
2434 4723 2696 4792 virginum
2719 4720 3080 4776 Romanarum
3107 4721 3427 4787 percutitur.
3458 4720 3589 4775 Haec

2018 4814 2243 4870 Sextilia
2277 4822 2497 4884 putatur
2521 4853 2536 4879 ,
2569 4815 2728 4882 cujus
2757 4851 2774 4876 ,
2815 4820 3108 4867 annotante
3136 4810 3410 4882 Scaligcro
3431 4851 3449 4880 ,
3481 4827 3594 4868 me-

2021 4905 2180 4960 minit
2201 4905 2439 4974 epitome
2463 4902 2688 4957 Liviana
2713 4902 2809 4956 lib.
2841 4917 2957 4956 xw.

2091 4993 2223 5050 Ibid.
2263 4992 2394 5047 Milo
2420 4991 2708 5047 Tarentum
2739 4991 2922 5044 tradit.
2953 4989 3210 5064 Triennio
3231 4991 3426 5057 serius,
3449 4991 3594 5061 quod

2023 5097 2078 5142 et
2106 5093 2352 5140 notatum
2388 5095 2472 5140 est
2500 5084 2773 5154 Scaligero
2799 5121 2816 5150 ,
2841 5092 3050 5153 gestum
3089 5083 3191 5140 hoc
3217 5085 3462 5141 referunt
3491 5099 3595 5151 ap-

2023 5187 2204 5232 etores
2250 5175 2416 5239 boni,
2465 5171 2759 5228 Frontinus
2793 5171 2934 5226 libro
2974 5187 3031 5225 nt
3075 5172 3311 5244 Stratag.
3367 5186 3487 5239 cap.
3521 5171 3589 5237 4,

2024 5267 2248 5323 Orosius
2280 5265 2416 5322 libro
2444 5280 2520 5329 iv,
2553 5278 2674 5332 cap.
2705 5263 2760 5328 3,
2793 5263 3028 5332 epitome
3049 5263 3272 5318 Liviana
3307 5263 3446 5317 libro
3478 5277 3592 5324 xiv,

2024 5359 2264 5415 Zonaras
2297 5367 2354 5412 et
2401 5356 2733 5411 recentiores
2765 5354 3009 5425 plerique
3039 5369 3228 5409 omnes
3253 5354 3591 5424 chronologl.

2099 5448 2235 5504 Ibid.
2267 5445 2491 5500 Romani
2526 5444 2860 5501 Calabriam.
2888 5460 2902 5498 .
2928 5483 2944 5498 .
2970 5482 2986 5499 .
3015 5454 3311 5498 tenuerunt.
3359 5443 3476 5499 Non
3511 5447 3593 5499 vi-

2027 5541 2181 5597 detur
2210 5547 2337 5594 ante
2379 5552 2584 5592 annum
2612 5537 2848 5608 primum
2883 5534 3203 5607 olyntpiadis
3232 5535 3331 5591 129
3351 5535 3594 5591 Messana

2027 5633 2082 5689 in
2104 5631 2471 5687 Romanorum
2495 5629 2756 5685 ditionem
2783 5628 3016 5695 venisse,
3046 5637 3204 5698 capta
3223 5627 3292 5683 ab
3314 5629 3411 5697 Ap.
3436 5628 3602 5683 Clau-

2039 5727 2130 5787 dio
2155 5725 2409 5795 Caudicc,
2433 5725 2476 5780 si
2499 5723 2783 5791 Frontino,
2809 5720 3270 5811 EutropiLatque
3291 5721 3412 5782 aliis
3435 5721 3598 5786 Iidem
