  <div class='ocr_page' id='page_1' title='image "/cluster/home/n/w/nwhite01/storage/ocr_20150623/27/hvd.32044096580501/494.png"; bbox 0 0 3932 6188; ppageno 0'>
   <div class='ocr_carea' id='block_1_1' title="bbox 204 296 301 363">
    <p class='ocr_par' dir='ltr' id='par_1_1' title="bbox 204 296 301 363">
     <span class='ocr_line' id='line_1_1' title="bbox 204 296 301 363; baseline -0.031 0"><span class='ocrx_word' id='word_1_1' title='bbox 204 296 301 363; x_wconf 76' lang='grc'><strong>981</strong></span> 
     </span>
    </p>
   </div>
   <div class='ocr_carea' id='block_1_2' title="bbox 1457 289 2147 363">
    <p class='ocr_par' dir='ltr' id='par_1_2' title="bbox 1457 289 2147 363">
     <span class='ocr_line' id='line_1_2' title="bbox 1457 289 2147 363; baseline 0.001 -12"><span class='ocrx_word' id='word_1_2' title='bbox 1457 289 1865 361; x_wconf 69' lang='lat' dir='ltr'><strong>VALLARSII</strong></span> <span class='ocrx_word' id='word_1_3' title='bbox 1905 290 2147 363; x_wconf 61' lang='grc' dir='ltr'><strong>ΝΟἸῙᾹΞ.</strong></span> 
     </span>
    </p>
   </div>
   <div class='ocr_carea' id='block_1_3' title="bbox 3334 285 3437 351">
    <p class='ocr_par' dir='ltr' id='par_1_3' title="bbox 3334 285 3437 351">
     <span class='ocr_line' id='line_1_3' title="bbox 3334 285 3437 351; baseline -0.029 -1"><span class='ocrx_word' id='word_1_4' title='bbox 3334 285 3437 351; x_wconf 74' lang='lat'><strong>932</strong></span> 
     </span>
    </p>
   </div>
   <div class='ocr_carea' id='block_1_4' title="bbox 201 389 3440 479">
    <p class='ocr_par' dir='ltr' id='par_1_4' title="bbox 201 389 3440 479">
     <span class='ocr_line' id='line_1_4' title="bbox 201 389 3440 479; baseline 0 -20"><span class='ocrx_word' id='word_1_5' title='bbox 201 428 249 462; x_wconf 79' lang='grc' dir='ltr'><strong>ι’.</strong></span> <span class='ocrx_word' id='word_1_6' title='bbox 290 405 370 470; x_wconf 84' lang='lat' dir='ltr'><strong>t9,</strong></span> <span class='ocrx_word' id='word_1_7' title='bbox 397 403 600 475; x_wconf 79' lang='lat' dir='ltr'><strong>aliique</strong></span> <span class='ocrx_word' id='word_1_8' title='bbox 630 402 978 463; x_wconf 78' lang='lat' dir='ltr'><strong>conﬁrmant.</strong></span> <span class='ocrx_word' id='word_1_9' title='bbox 1007 389 1495 473; x_wconf 44' lang='lat' dir='ltr'><strong>Sidonius,,Carm.</strong></span> <span class='ocrx_word' id='word_1_10' title='bbox 1523 421 1584 470; x_wconf 88' lang='grc' dir='ltr'><strong>ιι,</strong></span> <span class='ocrx_word' id='word_1_11' title='bbox 1622 418 1763 461; x_wconf 78' lang='lat' dir='ltr'><strong>vers.</strong></span> <span class='ocrx_word' id='word_1_12' title='bbox 1794 410 1840 469; x_wconf 75' lang='grc' dir='ltr'>Α</span> <span class='ocrx_word' id='word_1_13' title='bbox 1874 421 1931 459; x_wconf 92' lang='lat' dir='ltr'><strong>ro</strong></span> <span class='ocrx_word' id='word_1_14' title='bbox 1960 407 2263 464; x_wconf 72' lang='lat' dir='ltr'><strong>decessoris</strong></span> <span class='ocrx_word' id='word_1_15' title='bbox 2286 407 2539 465; x_wconf 85' lang='lat' dir='ltr'><strong>Demetrii</strong></span> <span class='ocrx_word' id='word_1_16' title='bbox 2570 408 2680 465; x_wconf 81' lang='lat' dir='ltr'><strong>lilio</strong></span> <span class='ocrx_word' id='word_1_17' title='bbox 2706 405 2957 479; x_wconf 83' lang='lat' dir='ltr'><strong>Philippo</strong></span> <span class='ocrx_word' id='word_1_18' title='bbox 2982 406 3271 475; x_wconf 74' lang='lat' dir='ltr'><strong>patruelis,</strong></span> <span class='ocrx_word' id='word_1_19' title='bbox 3296 408 3440 475; x_wconf 81' lang='lat' dir='ltr'><strong>quod</strong></span> 
     </span>
    </p>
   </div>
   <div class='ocr_carea' id='block_1_5' title="bbox 197 498 345 556">
    <p class='ocr_par' dir='ltr' id='par_1_5' title="bbox 197 498 345 556">
     <span class='ocr_line' id='line_1_5' title="bbox 197 498 345 556; baseline -0.02 0"><span class='ocrx_word' id='word_1_20' title='bbox 197 498 299 556; x_wconf 71' lang='lat'><strong>572</strong></span> <span class='ocrx_word' id='word_1_21' title='bbox 328 517 345 553; x_wconf 84' lang='lat'><strong>:</strong></span> 
     </span>
    </p>
   </div>
   <div class='ocr_carea' id='block_1_6' title="bbox 317 605 1559 669">
    <p class='ocr_par' dir='ltr' id='par_1_6' title="bbox 317 605 1559 669">
     <span class='ocr_line' id='line_1_6' title="bbox 317 605 1559 669; baseline -0.004 -11"><span class='ocrx_word' id='word_1_22' title='bbox 317 609 421 658; x_wconf 81' lang='lat' dir='ltr'><strong>Nec</strong></span> <span class='ocrx_word' id='word_1_23' title='bbox 442 614 515 669; x_wconf 83' lang='lat' dir='ltr'><strong>tu.</strong></span> <span class='ocrx_word' id='word_1_24' title='bbox 541 609 618 658; x_wconf 83' lang='lat' dir='ltr'><strong>cui</strong></span> <span class='ocrx_word' id='word_1_25' title='bbox 641 620 841 657; x_wconf 71' lang='lat' dir='ltr'><strong>carrum</strong></span> <span class='ocrx_word' id='word_1_26' title='bbox 877 605 1013 669; x_wconf 83' lang='lat' dir='ltr'><strong>Curii</strong></span> <span class='ocrx_word' id='word_1_27' title='bbox 1033 618 1292 669; x_wconf 83' lang='lat' dir='ltr'><strong>superare,</strong></span> <span class='ocrx_word' id='word_1_28' title='bbox 1321 605 1559 669; x_wconf 66' lang='lat' dir='ltr'><strong>Metelle,</strong></span> 
     </span>
    </p>
   </div>
   <div class='ocr_carea' id='block_1_7' title="bbox 317 666 1645 733">
    <p class='ocr_par' dir='ltr' id='par_1_7' title="bbox 317 666 1645 733">
     <span class='ocr_line' id='line_1_7' title="bbox 317 666 1645 733; baseline -0.004 -12"><span class='ocrx_word' id='word_1_29' title='bbox 317 668 550 733; x_wconf 71' lang='lat' dir='ltr'><strong>Contigit,</strong></span> <span class='ocrx_word' id='word_1_30' title='bbox 573 677 830 725; x_wconf 82' lang='lat' dir='ltr'><strong>ostentans</strong></span> <span class='ocrx_word' id='word_1_31' title='bbox 855 668 997 716; x_wconf 89' lang='lat' dir='ltr'><strong>nobis</strong></span> <span class='ocrx_word' id='word_1_32' title='bbox 1030 666 1290 730; x_wconf 69' lang='lat' dir='ltr'><strong>elephanta</strong></span> <span class='ocrx_word' id='word_1_33' title='bbox 1315 666 1645 729; x_wconf 81' lang='lat' dir='ltr'><strong>frequentem.</strong></span> 
     </span>
    </p>
   </div>
   <div class='ocr_carea' id='block_1_8' title="bbox 198 767 1771 843">
    <p class='ocr_par' dir='ltr' id='par_1_8' title="bbox 198 767 1771 843">
     <span class='ocr_line' id='line_1_8' title="bbox 198 767 1771 843; baseline -0.001 -18"><span class='ocrx_word' id='word_1_34' title='bbox 198 770 346 843; x_wconf 75' lang='lat' dir='ltr'><strong>Alios</strong></span> <span class='ocrx_word' id='word_1_35' title='bbox 402 780 661 829; x_wconf 74' lang='lat' dir='ltr'><strong>auctores</strong></span> <span class='ocrx_word' id='word_1_36' title='bbox 714 783 858 825; x_wconf 90' lang='lat' dir='ltr'><strong>nunc</strong></span> <span class='ocrx_word' id='word_1_37' title='bbox 907 768 1213 837; x_wconf 82' lang='lat' dir='ltr'><strong>deperditos</strong></span> <span class='ocrx_word' id='word_1_38' title='bbox 1269 767 1480 822; x_wconf 87' lang='lat' dir='ltr'><strong>videtur</strong></span> <span class='ocrx_word' id='word_1_39' title='bbox 1550 777 1771 827; x_wconf 87' lang='lat' dir='ltr'><strong>secutus</strong></span> 
     </span>
    </p>
   </div>
   <div class='ocr_carea' id='block_1_9' title="bbox 188 856 1767 942">
    <p class='ocr_par' dir='ltr' id='par_1_9' title="bbox 188 856 1767 942">
     <span class='ocr_line' id='line_1_9' title="bbox 188 856 1767 942; baseline -0.001 -29"><span class='ocrx_word' id='word_1_40' title='bbox 188 860 482 942; x_wconf 42' lang='lat' dir='ltr'><strong>&#39;Eusebins.</strong></span> <span class='ocrx_word' id='word_1_41' title='bbox 526 859 648 913; x_wconf 90' lang='lat' dir='ltr'><strong>Vid.</strong></span> <span class='ocrx_word' id='word_1_42' title='bbox 686 856 947 928; x_wconf 81' lang='lat' dir='ltr'><strong>Neuport.</strong></span> <span class='ocrx_word' id='word_1_43' title='bbox 986 858 1316 912; x_wconf 80' lang='lat' dir='ltr'><strong>llist.&#39;Rom.</strong></span> <span class='ocrx_word' id='word_1_44' title='bbox 1369 866 1410 911; x_wconf 94' lang='lat' dir='ltr'><strong>t.</strong></span> <span class='ocrx_word' id='word_1_45' title='bbox 1458 856 1514 923; x_wconf 83' lang='grc' dir='ltr'><strong>Ι,</strong></span> <span class='ocrx_word' id='word_1_46' title='bbox 1550 858 1649 912; x_wconf 90' lang='lat' dir='ltr'><strong>lib.</strong></span> <span class='ocrx_word' id='word_1_47' title='bbox 1687 874 1767 923; x_wconf 86' lang='lat' dir='ltr'><strong>Ill,</strong></span> 
     </span>
    </p>
   </div>
   <div class='ocr_carea' id='block_1_10' title="bbox 181 947 1771 1023">
    <p class='ocr_par' dir='ltr' id='par_1_10' title="bbox 181 947 1771 1023">
     <span class='ocr_line' id='line_1_10' title="bbox 181 947 1771 1023; baseline 0.001 -18"><span class='ocrx_word' id='word_1_48' title='bbox 181 947 318 1023; x_wconf 72' lang='lat' dir='ltr'><strong>&#39;pag.</strong></span> <span class='ocrx_word' id='word_1_49' title='bbox 347 953 443 1006; x_wconf 66' lang='grc' dir='ltr'>ΞΗ</span> <span class='ocrx_word' id='word_1_50' title='bbox 506 962 557 1006; x_wconf 89' lang='lat' dir='ltr'><strong>et</strong></span> <span class='ocrx_word' id='word_1_51' title='bbox 593 968 738 1022; x_wconf 87' lang='lat' dir='ltr'><strong>seq.,</strong></span> <span class='ocrx_word' id='word_1_52' title='bbox 772 952 859 1004; x_wconf 90' lang='lat' dir='ltr'><strong>ubi</strong></span> <span class='ocrx_word' id='word_1_53' title='bbox 900 962 955 1006; x_wconf 89' lang='lat' dir='ltr'><strong>et</strong></span> <span class='ocrx_word' id='word_1_54' title='bbox 987 952 1261 1020; x_wconf 72' lang='lat' dir='ltr'><strong>sexaginta</strong></span> <span class='ocrx_word' id='word_1_55' title='bbox 1308 966 1475 1013; x_wconf 86' lang='lat' dir='ltr'>naves</span> <span class='ocrx_word' id='word_1_56' title='bbox 1505 990 1520 1014; x_wconf 86' lang='lat'><strong>,</strong></span> <span class='ocrx_word' id='word_1_57' title='bbox 1568 968 1673 1006; x_wconf 91' lang='lat' dir='ltr'><strong>non</strong></span> <span class='ocrx_word' id='word_1_58' title='bbox 1705 953 1771 1006; x_wconf 88' lang='lat'><strong>90</strong></span> 
     </span>
    </p>
   </div>
   <div class='ocr_carea' id='block_1_11' title="bbox 198 1028 1147 1114">
    <p class='ocr_par' dir='ltr' id='par_1_11' title="bbox 198 1028 1147 1114">
     <span class='ocr_line' id='line_1_11' title="bbox 198 1028 1147 1114; baseline -0.002 -17"><span class='ocrx_word' id='word_1_59' title='bbox 198 1055 385 1114; x_wconf 76' lang='lat' dir='ltr'><strong>captas</strong></span> <span class='ocrx_word' id='word_1_60' title='bbox 411 1044 464 1096; x_wconf 90' lang='lat' dir='ltr'><strong>in</strong></span> <span class='ocrx_word' id='word_1_61' title='bbox 493 1042 724 1099; x_wconf 76' lang='lat' dir='ltr'><strong>Eusebio</strong></span> <span class='ocrx_word' id='word_1_62' title='bbox 752 1044 899 1111; x_wconf 81' lang='lat' dir='ltr'><strong>legit.</strong></span> <span class='ocrx_word' id='word_1_63' title='bbox 1142 1028 1147 1033; x_wconf 42' lang='grc'><strong>”</strong></span> 
     </span>
    </p>
   </div>
   <div class='ocr_carea' id='block_1_12' title="bbox 266 1126 1773 1197">
    <p class='ocr_par' dir='ltr' id='par_1_12' title="bbox 266 1126 1773 1197">
     <span class='ocr_line' id='line_1_12' title="bbox 266 1126 1773 1197; baseline 0.002 -10"><span class='ocrx_word' id='word_1_64' title='bbox 266 1126 385 1187; x_wconf 60' lang='lat' dir='ltr'><strong>Col:</strong></span> <span class='ocrx_word' id='word_1_65' title='bbox 425 1133 551 1188; x_wconf 71' lang='lat' dir='ltr'><strong>M0.</strong></span> <span class='ocrx_word' id='word_1_66' title='bbox 584 1132 794 1196; x_wconf 74' lang='lat' dir='ltr'><strong>Parthis</strong></span> <span class='ocrx_word' id='word_1_67' title='bbox 827 1151 857 1191; x_wconf 88' lang='lat' dir='ltr'><strong>a</strong></span> <span class='ocrx_word' id='word_1_68' title='bbox 892 1130 1261 1197; x_wconf 75' lang='lat' dir='ltr'><strong>Macedonum,</strong></span> <span class='ocrx_word' id='word_1_69' title='bbox 1297 1144 1403 1189; x_wconf 85' lang='lat' dir='ltr'><strong>clc.</strong></span> <span class='ocrx_word' id='word_1_70' title='bbox 1446 1132 1773 1197; x_wconf 68' lang='lat' dir='ltr'><strong>Defectionis</strong></span> 
     </span>
    </p>
   </div>
   <div class='ocr_carea' id='block_1_13' title="bbox 197 1225 1768 1293">
    <p class='ocr_par' dir='ltr' id='par_1_13' title="bbox 197 1225 1768 1293">
     <span class='ocr_line' id='line_1_13' title="bbox 197 1225 1768 1293; baseline 0 -13"><span class='ocrx_word' id='word_1_71' title='bbox 197 1227 522 1289; x_wconf 78' lang='lat' dir='ltr'><strong>Parthorum</strong></span> <span class='ocrx_word' id='word_1_72' title='bbox 559 1226 766 1279; x_wconf 86' lang='lat' dir='ltr'><strong>incerta</strong></span> <span class='ocrx_word' id='word_1_73' title='bbox 813 1225 951 1293; x_wconf 84' lang='lat' dir='ltr'><strong>apud</strong></span> <span class='ocrx_word' id='word_1_74' title='bbox 988 1236 1243 1287; x_wconf 77' lang='lat' dir='ltr'><strong>auctores</strong></span> <span class='ocrx_word' id='word_1_75' title='bbox 1274 1227 1424 1280; x_wconf 84' lang='lat' dir='ltr'><strong>initia</strong></span> <span class='ocrx_word' id='word_1_76' title='bbox 1463 1238 1621 1291; x_wconf 82' lang='lat' dir='ltr'><strong>sunt.</strong></span> <span class='ocrx_word' id='word_1_77' title='bbox 1660 1227 1768 1282; x_wconf 82' lang='lat' dir='ltr'><strong>Nu-</strong></span> 
     </span>
    </p>
   </div>
   <div class='ocr_carea' id='block_1_14' title="bbox 199 1316 1767 1387">
    <p class='ocr_par' dir='ltr' id='par_1_14' title="bbox 199 1316 1767 1387">
     <span class='ocr_line' id='line_1_14' title="bbox 199 1316 1767 1387; baseline 0.003 -21"><span class='ocrx_word' id='word_1_78' title='bbox 199 1326 369 1369; x_wconf 83' lang='lat' dir='ltr'><strong>tatum</strong></span> <span class='ocrx_word' id='word_1_79' title='bbox 396 1325 527 1370; x_wconf 81' lang='lat' dir='ltr'><strong>vero</strong></span> <span class='ocrx_word' id='word_1_80' title='bbox 562 1316 673 1384; x_wconf 88' lang='lat' dir='ltr'><strong>jam</strong></span> <span class='ocrx_word' id='word_1_81' title='bbox 727 1317 901 1369; x_wconf 85' lang='lat' dir='ltr'><strong>doctis</strong></span> <span class='ocrx_word' id='word_1_82' title='bbox 953 1317 1084 1372; x_wconf 90' lang='lat' dir='ltr'><strong>viris</strong></span> <span class='ocrx_word' id='word_1_83' title='bbox 1135 1327 1324 1371; x_wconf 85' lang='lat' dir='ltr'><strong>contra</strong></span> <span class='ocrx_word' id='word_1_84' title='bbox 1390 1318 1767 1387; x_wconf 79' lang='lat' dir='ltr'><strong>Scaligcrum,</strong></span> 
     </span>
    </p>
   </div>
   <div class='ocr_carea' id='block_1_15' title="bbox 196 1409 1770 1471">
    <p class='ocr_par' dir='ltr' id='par_1_15' title="bbox 196 1409 1770 1471">
     <span class='ocr_line' id='line_1_15' title="bbox 196 1409 1770 1471; baseline 0.01 -16"><span class='ocrx_word' id='word_1_85' title='bbox 196 1409 339 1469; x_wconf 75' lang='lat' dir='ltr'><strong>male</strong></span> <span class='ocrx_word' id='word_1_86' title='bbox 369 1422 397 1459; x_wconf 91' lang='lat' dir='ltr'><strong>a</strong></span> <span class='ocrx_word' id='word_1_87' title='bbox 431 1410 716 1462; x_wconf 89' lang='lat' dir='ltr'><strong>consulatu</strong></span> <span class='ocrx_word' id='word_1_88' title='bbox 767 1409 828 1465; x_wconf 86' lang='lat' dir='ltr'><strong>L.</strong></span> <span class='ocrx_word' id='word_1_89' title='bbox 872 1409 1053 1466; x_wconf 80' lang='lat' dir='ltr'><strong>Manlii</strong></span> <span class='ocrx_word' id='word_1_90' title='bbox 1107 1411 1364 1469; x_wconf 84' lang='lat' dir='ltr'><strong>Vulsonis</strong></span> <span class='ocrx_word' id='word_1_91' title='bbox 1413 1424 1469 1471; x_wconf 81' lang='lat' dir='ltr'><strong>et</strong></span> <span class='ocrx_word' id='word_1_92' title='bbox 1516 1413 1580 1469; x_wconf 91' lang='lat' dir='ltr'><strong>C.</strong></span> <span class='ocrx_word' id='word_1_93' title='bbox 1622 1415 1770 1470; x_wconf 79' lang='lat' dir='ltr'><strong>Atilii</strong></span> 
     </span>
    </p>
   </div>
   <div class='ocr_carea' id='block_1_16' title="bbox 199 1495 1769 1571">
    <p class='ocr_par' dir='ltr' id='par_1_16' title="bbox 199 1495 1769 1571">
     <span class='ocr_line' id='line_1_16' title="bbox 199 1495 1769 1571; baseline 0.004 -24"><span class='ocrx_word' id='word_1_94' title='bbox 199 1496 387 1565; x_wconf 64' lang='lat' dir='ltr'><strong>Reguli</strong></span> <span class='ocrx_word' id='word_1_95' title='bbox 416 1495 726 1555; x_wconf 77' lang='lat' dir='ltr'><strong>ablustino</strong></span> <span class='ocrx_word' id='word_1_96' title='bbox 774 1501 964 1567; x_wconf 72' lang='lat' dir='ltr'><strong>repeti.</strong></span> <span class='ocrx_word' id='word_1_97' title='bbox 1015 1498 1281 1557; x_wconf 86' lang='lat' dir='ltr'><strong>Convenit</strong></span> <span class='ocrx_word' id='word_1_98' title='bbox 1328 1500 1542 1571; x_wconf 80' lang='lat' dir='ltr'><strong>magis.</strong></span> <span class='ocrx_word' id='word_1_99' title='bbox 1592 1500 1668 1555; x_wconf 91' lang='lat' dir='ltr'><strong>ait</strong></span> <span class='ocrx_word' id='word_1_100' title='bbox 1699 1501 1769 1567; x_wconf 84' lang='lat' dir='ltr'><strong>cl,</strong></span> 
     </span>
    </p>
   </div>
   <div class='ocr_carea' id='block_1_17' title="bbox 197 1586 1769 1671">
    <p class='ocr_par' dir='ltr' id='par_1_17' title="bbox 197 1586 1769 1671">
     <span class='ocr_line' id='line_1_17' title="bbox 197 1586 1769 1671; baseline 0.004 -30"><span class='ocrx_word' id='word_1_101' title='bbox 197 1586 631 1663; x_wconf 66' lang='lat' dir='ltr'><strong>Wesselingius,</strong></span> <span class='ocrx_word' id='word_1_102' title='bbox 668 1591 812 1659; x_wconf 85' lang='lat' dir='ltr'><strong>quod</strong></span> <span class='ocrx_word' id='word_1_103' title='bbox 860 1592 1021 1646; x_wconf 79' lang='lat' dir='ltr'><strong>tradit</strong></span> <span class='ocrx_word' id='word_1_104' title='bbox 1047 1592 1324 1647; x_wconf 69' lang='lat' dir='ltr'><strong>Arrianus</strong></span> <span class='ocrx_word' id='word_1_105' title='bbox 1340 1594 1480 1662; x_wconf 81' lang='lat' dir='ltr'><strong>apud</strong></span> <span class='ocrx_word' id='word_1_106' title='bbox 1510 1591 1769 1671; x_wconf 71' lang='lat' dir='ltr'><strong>Photium</strong></span> 
     </span>
    </p>
   </div>
   <div class='ocr_carea' id='block_1_18' title="bbox 196 1678 1771 1753">
    <p class='ocr_par' dir='ltr' id='par_1_18' title="bbox 196 1678 1771 1753">
     <span class='ocr_line' id='line_1_18' title="bbox 196 1678 1771 1753; baseline 0.003 -21"><span class='ocrx_word' id='word_1_107' title='bbox 196 1678 321 1732; x_wconf 80' lang='lat' dir='ltr'><strong>rod.</strong></span> <span class='ocrx_word' id='word_1_108' title='bbox 357 1680 425 1734; x_wconf 86' lang='lat'><strong>58</strong></span> <span class='ocrx_word' id='word_1_109' title='bbox 452 1681 519 1735; x_wconf 88' lang='lat' dir='ltr'><strong>de</strong></span> <span class='ocrx_word' id='word_1_110' title='bbox 556 1680 813 1737; x_wconf 81' lang='lat' dir='ltr'><strong>Pherecle</strong></span> <span class='ocrx_word' id='word_1_111' title='bbox 837 1721 854 1746; x_wconf 87' lang='lat'><strong>,</strong></span> <span class='ocrx_word' id='word_1_112' title='bbox 893 1698 1057 1753; x_wconf 94' lang='lat' dir='ltr'><strong>quem</strong></span> <span class='ocrx_word' id='word_1_113' title='bbox 1104 1685 1403 1745; x_wconf 83' lang='lat' dir='ltr'><strong>Antiochus</strong></span> <span class='ocrx_word' id='word_1_114' title='bbox 1434 1684 1599 1740; x_wconf 84' lang='lat' dir='ltr'><strong>Divus</strong></span> <span class='ocrx_word' id='word_1_115' title='bbox 1643 1685 1771 1745; x_wconf 77' lang='lat' dir='ltr'><strong>Par-</strong></span> 
     </span>
    </p>
   </div>
   <div class='ocr_carea' id='block_1_19' title="bbox 1870 495 3441 568">
    <p class='ocr_par' dir='ltr' id='par_1_19' title="bbox 1870 495 3441 568">
     <span class='ocr_line' id='line_1_19' title="bbox 1870 495 3441 568; baseline -0.001 -16"><span class='ocrx_word' id='word_1_116' title='bbox 1870 500 2012 557; x_wconf 83' lang='lat' dir='ltr'><strong>idem</strong></span> <span class='ocrx_word' id='word_1_117' title='bbox 2064 500 2385 557; x_wconf 70' lang='lat' dir='ltr'><strong>Plutarchus</strong></span> <span class='ocrx_word' id='word_1_118' title='bbox 2436 500 2491 554; x_wconf 88' lang='lat' dir='ltr'><strong>in</strong></span> <span class='ocrx_word' id='word_1_119' title='bbox 2541 500 2659 556; x_wconf 85' lang='lat' dir='ltr'><strong>Vita</strong></span> <span class='ocrx_word' id='word_1_120' title='bbox 2710 499 2859 554; x_wconf 87' lang='lat' dir='ltr'><strong>Pauli</strong></span> <span class='ocrx_word' id='word_1_121' title='bbox 2894 495 3096 555; x_wconf 65' lang='lat' dir='ltr'><strong>Aituilii</strong></span> <span class='ocrx_word' id='word_1_122' title='bbox 3148 497 3441 568; x_wconf 84' lang='lat' dir='ltr'><strong>signilicat.</strong></span> 
     </span>
    </p>
   </div>
   <div class='ocr_carea' id='block_1_20' title="bbox 1870 590 3442 661">
    <p class='ocr_par' dir='ltr' id='par_1_20' title="bbox 1870 590 3442 661">
     <span class='ocr_line' id='line_1_20' title="bbox 1870 590 3442 661; baseline -0.003 -10"><span class='ocrx_word' id='word_1_123' title='bbox 1870 593 2075 651; x_wconf 60' lang='lat' dir='ltr'><strong>Caetera</strong></span> <span class='ocrx_word' id='word_1_124' title='bbox 2105 592 2295 648; x_wconf 80' lang='lat' dir='ltr'><strong>confer</strong></span> <span class='ocrx_word' id='word_1_125' title='bbox 2325 593 2647 648; x_wconf 83' lang='lat' dir='ltr'><strong>Pausaniam</strong></span> <span class='ocrx_word' id='word_1_126' title='bbox 2677 593 2729 645; x_wconf 93' lang='lat' dir='ltr'><strong>in</strong></span> <span class='ocrx_word' id='word_1_127' title='bbox 2771 593 3024 647; x_wconf 79' lang='lat' dir='ltr'><strong>Achaicis</strong></span> <span class='ocrx_word' id='word_1_128' title='bbox 3089 606 3211 661; x_wconf 81' lang='lat' dir='ltr'><strong>cap.</strong></span> <span class='ocrx_word' id='word_1_129' title='bbox 3241 591 3271 643; x_wconf 89' lang='lat'><strong>&quot;.&#39;</strong></span> <span class='ocrx_word' id='word_1_130' title='bbox 3299 632 3315 659; x_wconf 95' lang='lat'><strong>,</strong></span> <span class='ocrx_word' id='word_1_131' title='bbox 3342 590 3442 646; x_wconf 74' lang='grc' dir='ltr'><strong>,ιυ-</strong></span> 
     </span>
    </p>
   </div>
   <div class='ocr_carea' id='block_1_21' title="bbox 1871 684 3419 753">
    <p class='ocr_par' dir='ltr' id='par_1_21' title="bbox 1871 684 3419 753">
     <span class='ocr_line' id='line_1_21' title="bbox 1871 684 3419 753; baseline 0 -15"><span class='ocrx_word' id='word_1_132' title='bbox 1871 685 2071 738; x_wconf 89' lang='lat' dir='ltr'><strong>stinum</strong></span> <span class='ocrx_word' id='word_1_133' title='bbox 2110 684 2202 738; x_wconf 86' lang='lat' dir='ltr'><strong>lib.</strong></span> <span class='ocrx_word' id='word_1_134' title='bbox 2238 699 2428 752; x_wconf 72' lang='lat' dir='ltr'><strong>xxviii,</strong></span> <span class='ocrx_word' id='word_1_135' title='bbox 2467 698 2585 753; x_wconf 93' lang='lat' dir='ltr'><strong>cap.</strong></span> <span class='ocrx_word' id='word_1_136' title='bbox 2613 686 2667 750; x_wconf 75' lang='lat'><strong>5,</strong></span> <span class='ocrx_word' id='word_1_137' title='bbox 2698 692 2806 739; x_wconf 85' lang='lat' dir='ltr'><strong>etc.</strong></span> <span class='ocrx_word' id='word_1_138' title='bbox 3416 686 3419 687; x_wconf 62' lang='grc'><strong><em>⁷</em></strong></span> 
     </span>
    </p>
   </div>
   <div class='ocr_carea' id='block_1_22' title="bbox 1870 756 3440 846">
    <p class='ocr_par' dir='ltr' id='par_1_22' title="bbox 1870 756 3440 846">
     <span class='ocr_line' id='line_1_22' title="bbox 1870 756 3440 846; baseline -0.003 -14"><span class='ocrx_word' id='word_1_139' title='bbox 1870 842 1873 845; x_wconf 23' lang='grc' dir='ltr'><strong>η</strong></span> <span class='ocrx_word' id='word_1_140' title='bbox 1943 775 2077 832; x_wconf 85' lang='lat' dir='ltr'><strong>Ibid.</strong></span> <span class='ocrx_word' id='word_1_141' title='bbox 2112 776 2342 843; x_wconf 78' lang='lat' dir='ltr'><strong>Quintus</strong></span> <span class='ocrx_word' id='word_1_142' title='bbox 2371 775 2595 834; x_wconf 85' lang='lat' dir='ltr'><strong>Ennius.</strong></span> <span class='ocrx_word' id='word_1_143' title='bbox 2644 775 2782 831; x_wconf 87' lang='lat' dir='ltr'><strong>Sunt</strong></span> <span class='ocrx_word' id='word_1_144' title='bbox 2809 756 3005 846; x_wconf 53' lang='lat' dir='ltr'><strong>quibus</strong></span> <span class='ocrx_word' id='word_1_145' title='bbox 3034 764 3440 831; x_wconf 70' lang='lat' dir='ltr'><strong>rescribendum</strong></span> 
     </span>
    </p>
   </div>
   <div class='ocr_carea' id='block_1_23' title="bbox 1872 860 3443 938">
    <p class='ocr_par' dir='ltr' id='par_1_23' title="bbox 1872 860 3443 938">
     <span class='ocr_line' id='line_1_23' title="bbox 1872 860 3443 938; baseline -0.001 -17"><span class='ocrx_word' id='word_1_146' title='bbox 1872 867 1962 922; x_wconf 75' lang='lat' dir='ltr'><strong>hic</strong></span> <span class='ocrx_word' id='word_1_147' title='bbox 1993 869 2204 921; x_wconf 81' lang='lat' dir='ltr'><strong>videtur</strong></span> <span class='ocrx_word' id='word_1_148' title='bbox 2235 868 2442 933; x_wconf 71' lang='grc' dir='ltr'><strong>διειρηιέ</strong></span> <span class='ocrx_word' id='word_1_149' title='bbox 2466 869 2621 938; x_wconf 86' lang='lat' dir='ltr'><strong>cujus</strong></span> <span class='ocrx_word' id='word_1_150' title='bbox 2638 869 2871 930; x_wconf 78' lang='lat' dir='ltr'><strong>civitatis</strong></span> <span class='ocrx_word' id='word_1_151' title='bbox 2891 860 3090 927; x_wconf 67' lang='lat' dir='ltr'><strong>Bud&#39;fas</strong></span> <span class='ocrx_word' id='word_1_152' title='bbox 3119 877 3443 922; x_wconf 79' lang='lat' dir='ltr'><strong>memorant.</strong></span> 
     </span>
    </p>
   </div>
   <div class='ocr_carea' id='block_1_24' title="bbox 1871 957 3445 1028">
    <p class='ocr_par' dir='ltr' id='par_1_24' title="bbox 1871 957 3445 1028">
     <span class='ocr_line' id='line_1_24' title="bbox 1871 957 3445 1028; baseline -0.003 -15"><span class='ocrx_word' id='word_1_153' title='bbox 1871 957 2002 1022; x_wconf 81' lang='lat' dir='ltr'><strong>Nam</strong></span> <span class='ocrx_word' id='word_1_154' title='bbox 2034 958 2237 1025; x_wconf 76' lang='lat' dir='ltr'><strong>Rudias</strong></span> <span class='ocrx_word' id='word_1_155' title='bbox 2270 960 2427 1024; x_wconf 81' lang='lat' dir='ltr'><strong>Ennii</strong></span> <span class='ocrx_word' id='word_1_156' title='bbox 2461 962 2690 1028; x_wconf 82' lang='lat' dir='ltr'><strong>patriam</strong></span> <span class='ocrx_word' id='word_1_157' title='bbox 2718 975 2839 1015; x_wconf 85' lang='lat' dir='ltr'><strong>esse</strong></span> <span class='ocrx_word' id='word_1_158' title='bbox 2865 999 2879 1024; x_wconf 92' lang='lat'><strong>,</strong></span> <span class='ocrx_word' id='word_1_159' title='bbox 2931 961 3122 1021; x_wconf 83' lang='lat' dir='ltr'><strong>Cicero</strong></span> <span class='ocrx_word' id='word_1_160' title='bbox 3143 997 3160 1023; x_wconf 89' lang='lat'><strong>,</strong></span> <span class='ocrx_word' id='word_1_161' title='bbox 3212 957 3445 1026; x_wconf 60' lang='lat' dir='ltr'><strong>Potnpo-o</strong></span> 
     </span>
    </p>
   </div>
   <div class='ocr_carea' id='block_1_25' title="bbox 1873 1050 3444 1121">
    <p class='ocr_par' dir='ltr' id='par_1_25' title="bbox 1873 1050 3444 1121">
     <span class='ocr_line' id='line_1_25' title="bbox 1873 1050 3444 1121; baseline -0.001 -16"><span class='ocrx_word' id='word_1_162' title='bbox 1873 1053 1997 1105; x_wconf 91' lang='lat' dir='ltr'><strong>nius</strong></span> <span class='ocrx_word' id='word_1_163' title='bbox 2028 1052 2159 1105; x_wconf 82' lang='lat' dir='ltr'><strong>Mela</strong></span> <span class='ocrx_word' id='word_1_164' title='bbox 2177 1092 2204 1116; x_wconf 55' lang='lat'><strong>,,</strong></span> <span class='ocrx_word' id='word_1_165' title='bbox 2251 1053 2545 1118; x_wconf 80' lang='lat' dir='ltr'><strong>Ausonius,</strong></span> <span class='ocrx_word' id='word_1_166' title='bbox 2586 1062 2748 1121; x_wconf 86' lang='lat' dir='ltr'><strong>atque</strong></span> <span class='ocrx_word' id='word_1_167' title='bbox 2781 1052 2870 1107; x_wconf 87' lang='lat' dir='ltr'><strong>alii</strong></span> <span class='ocrx_word' id='word_1_168' title='bbox 2896 1067 3003 1113; x_wconf 86' lang='lat' dir='ltr'><strong>uno</strong></span> <span class='ocrx_word' id='word_1_169' title='bbox 3032 1067 3125 1106; x_wconf 88' lang='lat' dir='ltr'><strong>ore</strong></span> <span class='ocrx_word' id='word_1_170' title='bbox 3157 1050 3444 1105; x_wconf 83' lang='lat' dir='ltr'><strong>allirmaut.</strong></span> 
     </span>
    </p>
   </div>
   <div class='ocr_carea' id='block_1_26' title="bbox 1873 1140 3441 1213">
    <p class='ocr_par' dir='ltr' id='par_1_26' title="bbox 1873 1140 3441 1213">
     <span class='ocr_line' id='line_1_26' title="bbox 1873 1140 3441 1213; baseline -0.001 -18"><span class='ocrx_word' id='word_1_171' title='bbox 1873 1141 2113 1210; x_wconf 82' lang='lat' dir='ltr'><strong>Tempus</strong></span> <span class='ocrx_word' id='word_1_172' title='bbox 2144 1142 2303 1212; x_wconf 63' lang='lat' dir='ltr'><strong>juxta</strong></span> <span class='ocrx_word' id='word_1_173' title='bbox 2336 1142 2596 1197; x_wconf 84' lang='lat' dir='ltr'><strong>Varronis</strong></span> <span class='ocrx_word' id='word_1_174' title='bbox 2642 1143 2827 1198; x_wconf 86' lang='lat' dir='ltr'><strong>Palilia</strong></span> <span class='ocrx_word' id='word_1_175' title='bbox 2877 1144 3151 1213; x_wconf 82' lang='lat' dir='ltr'><strong>congruit.</strong></span> <span class='ocrx_word' id='word_1_176' title='bbox 3204 1140 3325 1196; x_wconf 85' lang='lat' dir='ltr'><strong>Vid.</strong></span> <span class='ocrx_word' id='word_1_177' title='bbox 3376 1148 3441 1195; x_wconf 86' lang='lat' dir='ltr'><strong>A.</strong></span> 
     </span>
    </p>
   </div>
   <div class='ocr_carea' id='block_1_27' title="bbox 1872 1217 3449 1296">
    <p class='ocr_par' dir='ltr' id='par_1_27' title="bbox 1872 1217 3449 1296">
     <span class='ocr_line' id='line_1_27' title="bbox 1872 1217 3449 1296; baseline -0.001 -10"><span class='ocrx_word' id='word_1_178' title='bbox 1872 1217 2098 1286; x_wconf 81' lang='lat' dir='ltr'><strong>Gellium</strong></span> <span class='ocrx_word' id='word_1_179' title='bbox 2135 1234 2227 1288; x_wconf 87' lang='lat' dir='ltr'><strong>lib.</strong></span> <span class='ocrx_word' id='word_1_180' title='bbox 2268 1249 2400 1296; x_wconf 76' lang='lat' dir='ltr'><strong>xvii,</strong></span> <span class='ocrx_word' id='word_1_181' title='bbox 2434 1250 2485 1288; x_wconf 88' lang='lat' dir='ltr'><strong>e.</strong></span> <span class='ocrx_word' id='word_1_182' title='bbox 2516 1234 2609 1288; x_wconf 70' lang='lat'><strong>2|.</strong></span> <span class='ocrx_word' id='word_1_183' title='bbox 2641 1232 2766 1288; x_wconf 66' lang='lat' dir='ltr'><strong>Haec</strong></span> <span class='ocrx_word' id='word_1_184' title='bbox 2792 1244 2972 1288; x_wconf 88' lang='lat' dir='ltr'><strong>autem</strong></span> <span class='ocrx_word' id='word_1_185' title='bbox 3004 1273 3021 1296; x_wconf 83' lang='lat'><strong>,</strong></span> <span class='ocrx_word' id='word_1_186' title='bbox 3052 1248 3158 1288; x_wconf 92' lang='lat' dir='ltr'><strong>non</strong></span> <span class='ocrx_word' id='word_1_187' title='bbox 3191 1233 3449 1288; x_wconf 87' lang='lat' dir='ltr'><strong>dubitan-</strong></span> 
     </span>
    </p>
   </div>
   <div class='ocr_carea' id='block_1_28' title="bbox 1876 1324 3129 1398">
    <p class='ocr_par' dir='ltr' id='par_1_28' title="bbox 1876 1324 3129 1398">
     <span class='ocr_line' id='line_1_28' title="bbox 1876 1324 3129 1398; baseline -0.001 -18"><span class='ocrx_word' id='word_1_188' title='bbox 1876 1324 2029 1387; x_wconf 88' lang='lat' dir='ltr'><strong>dum,</strong></span> <span class='ocrx_word' id='word_1_189' title='bbox 2062 1326 2192 1391; x_wconf 87' lang='lat' dir='ltr'><strong>quin</strong></span> <span class='ocrx_word' id='word_1_190' title='bbox 2229 1324 2590 1398; x_wconf 76' lang='lat' dir='ltr'><strong>Hieronymus</strong></span> <span class='ocrx_word' id='word_1_191' title='bbox 2613 1326 2885 1381; x_wconf 85' lang='lat' dir='ltr'><strong>addiderit</strong></span> <span class='ocrx_word' id='word_1_192' title='bbox 2908 1327 2974 1380; x_wconf 87' lang='lat' dir='ltr'><strong>de</strong></span> <span class='ocrx_word' id='word_1_193' title='bbox 3006 1342 3129 1387; x_wconf 86' lang='lat' dir='ltr'><strong>suo.</strong></span> 
     </span>
    </p>
   </div>
   <div class='ocr_carea' id='block_1_29' title="bbox 1943 1408 3442 1490">
    <p class='ocr_par' dir='ltr' id='par_1_29' title="bbox 1943 1408 3442 1490">
     <span class='ocr_line' id='line_1_29' title="bbox 1943 1408 3442 1490; baseline 0 -20"><span class='ocrx_word' id='word_1_194' title='bbox 1943 1415 2075 1473; x_wconf 88' lang='lat' dir='ltr'><strong>lbid.</strong></span> <span class='ocrx_word' id='word_1_195' title='bbox 2110 1417 2461 1485; x_wconf 72' lang='lat' dir='ltr'><strong>Jurlworum,</strong></span> <span class='ocrx_word' id='word_1_196' title='bbox 2513 1427 2618 1473; x_wconf 88' lang='lat' dir='ltr'><strong>etc.</strong></span> <span class='ocrx_word' id='word_1_197' title='bbox 2697 1419 3028 1481; x_wconf 77' lang='lat' dir='ltr'><strong>Pramotavit</strong></span> <span class='ocrx_word' id='word_1_198' title='bbox 3080 1418 3320 1490; x_wconf 77' lang='lat' dir='ltr'><strong>Scaliger</strong></span> <span class='ocrx_word' id='word_1_199' title='bbox 3348 1408 3442 1472; x_wconf 84' lang='lat' dir='ltr'><strong>ad-</strong></span> 
     </span>
    </p>
   </div>
   <div class='ocr_carea' id='block_1_30' title="bbox 1872 1510 3447 1577">
    <p class='ocr_par' dir='ltr' id='par_1_30' title="bbox 1872 1510 3447 1577">
     <span class='ocr_line' id='line_1_30' title="bbox 1872 1510 3447 1577; baseline -0.004 -12"><span class='ocrx_word' id='word_1_200' title='bbox 1872 1510 2069 1567; x_wconf 85' lang='lat' dir='ltr'><strong>missos</strong></span> <span class='ocrx_word' id='word_1_201' title='bbox 2102 1510 2192 1576; x_wconf 82' lang='lat' dir='ltr'><strong>hic</strong></span> <span class='ocrx_word' id='word_1_202' title='bbox 2225 1526 2346 1567; x_wconf 88' lang='lat' dir='ltr'><strong>esse</strong></span> <span class='ocrx_word' id='word_1_203' title='bbox 2377 1512 2445 1566; x_wconf 90' lang='lat' dir='ltr'><strong>ab</strong></span> <span class='ocrx_word' id='word_1_204' title='bbox 2472 1512 2708 1577; x_wconf 76' lang='lat' dir='ltr'><strong>Eusebio</strong></span> <span class='ocrx_word' id='word_1_205' title='bbox 2747 1511 2889 1571; x_wconf 76' lang='lat' dir='ltr'><strong>duos</strong></span> <span class='ocrx_word' id='word_1_206' title='bbox 2914 1526 3130 1567; x_wconf 85' lang='lat' dir='ltr'><strong>errores</strong></span> <span class='ocrx_word' id='word_1_207' title='bbox 3153 1549 3168 1573; x_wconf 92' lang='lat'><strong>,</strong></span> <span class='ocrx_word' id='word_1_208' title='bbox 3218 1511 3447 1566; x_wconf 81' lang='lat' dir='ltr'><strong>alterum</strong></span> 
     </span>
    </p>
   </div>
   <div class='ocr_carea' id='block_1_31' title="bbox 1872 1596 3450 1677">
    <p class='ocr_par' dir='ltr' id='par_1_31' title="bbox 1872 1596 3450 1677">
     <span class='ocr_line' id='line_1_31' title="bbox 1872 1596 3450 1677; baseline -0.003 -23"><span class='ocrx_word' id='word_1_209' title='bbox 1872 1602 2015 1669; x_wconf 82' lang='lat' dir='ltr'><strong>quod</strong></span> <span class='ocrx_word' id='word_1_210' title='bbox 2043 1601 2189 1677; x_wconf 66' lang='lat' dir='ltr'><strong>hunc</strong></span> <span class='ocrx_word' id='word_1_211' title='bbox 2229 1600 2504 1657; x_wconf 86' lang='lat' dir='ltr'><strong>Simonem</strong></span> <span class='ocrx_word' id='word_1_212' title='bbox 2535 1603 2737 1672; x_wconf 80' lang='lat' dir='ltr'><strong>putarit</strong></span> <span class='ocrx_word' id='word_1_213' title='bbox 2775 1615 2899 1658; x_wconf 89' lang='lat' dir='ltr'><strong>esse</strong></span> <span class='ocrx_word' id='word_1_214' title='bbox 2921 1614 3047 1654; x_wconf 88' lang='lat' dir='ltr'><strong>eum</strong></span> <span class='ocrx_word' id='word_1_215' title='bbox 3072 1638 3088 1663; x_wconf 90' lang='lat'><strong>,</strong></span> <span class='ocrx_word' id='word_1_216' title='bbox 3135 1599 3225 1668; x_wconf 88' lang='lat' dir='ltr'><strong>qui</strong></span> <span class='ocrx_word' id='word_1_217' title='bbox 3260 1596 3450 1653; x_wconf 80' lang='lat' dir='ltr'><strong>Justus</strong></span> 
     </span>
    </p>
   </div>
   <div class='ocr_carea' id='block_1_32' title="bbox 1873 1688 3449 1762">
    <p class='ocr_par' dir='ltr' id='par_1_32' title="bbox 1873 1688 3449 1762">
     <span class='ocr_line' id='line_1_32' title="bbox 1873 1688 3449 1762; baseline -0.003 -18"><span class='ocrx_word' id='word_1_218' title='bbox 1873 1692 2283 1760; x_wconf 73' lang='lat' dir='ltr'><strong>cognominatus</strong></span> <span class='ocrx_word' id='word_1_219' title='bbox 2303 1697 2387 1747; x_wconf 89' lang='lat' dir='ltr'><strong>est</strong></span> <span class='ocrx_word' id='word_1_220' title='bbox 2417 1707 2433 1747; x_wconf 87' lang='lat'><strong>:</strong></span> <span class='ocrx_word' id='word_1_221' title='bbox 2464 1691 2692 1746; x_wconf 87' lang='lat' dir='ltr'><strong>alterum</strong></span> <span class='ocrx_word' id='word_1_222' title='bbox 2734 1690 2879 1762; x_wconf 88' lang='lat' dir='ltr'><strong>quod</strong></span> <span class='ocrx_word' id='word_1_223' title='bbox 2921 1689 3105 1761; x_wconf 85' lang='lat' dir='ltr'><strong>Jcsum</strong></span> <span class='ocrx_word' id='word_1_224' title='bbox 3150 1688 3449 1751; x_wconf 76' lang='lat' dir='ltr'><strong>Siracidem</strong></span> 
     </span>
    </p>
   </div>
   <div class='ocr_carea' id='block_1_33' title="bbox 197 1758 3451 1854">
    <p class='ocr_par' dir='ltr' id='par_1_33' title="bbox 197 1758 3451 1854">
     <span class='ocr_line' id='line_1_33' title="bbox 197 1758 3451 1854; baseline 0.003 -31"><span class='ocrx_word' id='word_1_225' title='bbox 197 1771 328 1833; x_wconf 68' lang='grc' dir='ltr'><strong>μείω</strong></span> <span class='ocrx_word' id='word_1_226' title='bbox 364 1772 702 1840; x_wconf 65' lang='grc' dir='ltr'><strong>ρηιεΐθςοηι,</strong></span> <span class='ocrx_word' id='word_1_227' title='bbox 726 1786 778 1829; x_wconf 89' lang='lat' dir='ltr'><strong>et</strong></span> <span class='ocrx_word' id='word_1_228' title='bbox 805 1774 1212 1843; x_wconf 79' lang='lat' dir='ltr'><strong>insurgentibus</strong></span> <span class='ocrx_word' id='word_1_229' title='bbox 1242 1778 1295 1831; x_wconf 91' lang='lat' dir='ltr'><strong>in</strong></span> <span class='ocrx_word' id='word_1_230' title='bbox 1324 1792 1446 1832; x_wconf 88' lang='lat' dir='ltr'><strong>eum</strong></span> <span class='ocrx_word' id='word_1_231' title='bbox 1491 1779 1692 1832; x_wconf 84' lang='lat' dir='ltr'><strong>Arsace</strong></span> <span class='ocrx_word' id='word_1_232' title='bbox 1717 1785 1773 1833; x_wconf 89' lang='lat' dir='ltr'><strong>et</strong></span> <span class='ocrx_word' id='word_1_233' title='bbox 1808 1758 1849 1814; x_wconf 71' lang='grc' dir='ltr'><strong>Β</strong></span> <span class='ocrx_word' id='word_1_234' title='bbox 1874 1758 1977 1836; x_wconf 84' lang='lat' dir='ltr'><strong>sub</strong></span> <span class='ocrx_word' id='word_1_235' title='bbox 2006 1791 2410 1853; x_wconf 87' lang='lat' dir='ltr'><strong>eo,_propterca</strong></span> <span class='ocrx_word' id='word_1_236' title='bbox 2450 1784 2597 1854; x_wconf 87' lang='lat' dir='ltr'><strong>quod</strong></span> <span class='ocrx_word' id='word_1_237' title='bbox 2629 1758 3085 1853; x_wconf 27' lang='lat' dir='ltr'><strong>ejusvmeminerit</strong></span> <span class='ocrx_word' id='word_1_238' title='bbox 3106 1823 3121 1845; x_wconf 88' lang='lat'><strong><em>.</em></strong></span> <span class='ocrx_word' id='word_1_239' title='bbox 3164 1781 3451 1851; x_wconf 83' lang='lat' dir='ltr'><strong>scripsisse</strong></span> 
     </span>
    </p>
   </div>
   <div class='ocr_carea' id='block_1_34' title="bbox 195 1863 1769 1937">
    <p class='ocr_par' dir='ltr' id='par_1_34' title="bbox 195 1863 1769 1937">
     <span class='ocr_line' id='line_1_34' title="bbox 195 1863 1769 1937; baseline 0.001 -21"><span class='ocrx_word' id='word_1_240' title='bbox 195 1863 442 1927; x_wconf 81' lang='lat' dir='ltr'><strong>Tiridate</strong></span> <span class='ocrx_word' id='word_1_241' title='bbox 474 1863 763 1933; x_wconf 74' lang='lat' dir='ltr'><strong>fratribus.</strong></span> <span class='ocrx_word' id='word_1_242' title='bbox 791 1869 967 1936; x_wconf 74' lang='lat' dir='ltr'><strong>Atque</strong></span> <span class='ocrx_word' id='word_1_243' title='bbox 999 1868 1111 1922; x_wconf 61' lang='lat' dir='ltr'><strong>haec</strong></span> <span class='ocrx_word' id='word_1_244' title='bbox 1137 1868 1310 1937; x_wconf 87' lang='lat' dir='ltr'><strong>prima</strong></span> <span class='ocrx_word' id='word_1_245' title='bbox 1342 1867 1489 1937; x_wconf 79' lang='lat' dir='ltr'><strong>regni</strong></span> <span class='ocrx_word' id='word_1_246' title='bbox 1545 1867 1769 1923; x_wconf 83' lang='lat' dir='ltr'><strong>exordia</strong></span> 
     </span>
    </p>
   </div>
   <div class='ocr_carea' id='block_1_35' title="bbox 196 1956 1772 2030">
    <p class='ocr_par' dir='ltr' id='par_1_35' title="bbox 196 1956 1772 2030">
     <span class='ocr_line' id='line_1_35' title="bbox 196 1956 1772 2030; baseline 0.003 -22"><span class='ocrx_word' id='word_1_247' title='bbox 196 1956 463 2023; x_wconf 68' lang='lat' dir='ltr'><strong>ljuerunl,</strong></span> <span class='ocrx_word' id='word_1_248' title='bbox 511 1957 691 2011; x_wconf 85' lang='lat' dir='ltr'><strong>tenuia</strong></span> <span class='ocrx_word' id='word_1_249' title='bbox 742 1958 1007 2027; x_wconf 69' lang='lat' dir='ltr'><strong>quidem,</strong></span> <span class='ocrx_word' id='word_1_250' title='bbox 1047 1961 1144 2029; x_wconf 74' lang='lat' dir='ltr'><strong>sed</strong></span> <span class='ocrx_word' id='word_1_251' title='bbox 1194 1975 1312 2027; x_wconf 69' lang='lat' dir='ltr'><strong>qua:</strong></span> <span class='ocrx_word' id='word_1_252' title='bbox 1342 1959 1599 2030; x_wconf 85' lang='lat' dir='ltr'><strong>paulatim</strong></span> <span class='ocrx_word' id='word_1_253' title='bbox 1637 1959 1772 2013; x_wconf 88' lang='lat' dir='ltr'><strong>adeo</strong></span> 
     </span>
    </p>
   </div>
   <div class='ocr_carea' id='block_1_36' title="bbox 194 2045 1772 2118">
    <p class='ocr_par' dir='ltr' id='par_1_36' title="bbox 194 2045 1772 2118">
     <span class='ocr_line' id='line_1_36' title="bbox 194 2045 1772 2118; baseline 0.003 -20"><span class='ocrx_word' id='word_1_254' title='bbox 194 2054 355 2100; x_wconf 90' lang='lat' dir='ltr'><strong>aucta</strong></span> <span class='ocrx_word' id='word_1_255' title='bbox 386 2047 578 2112; x_wconf 81' lang='lat' dir='ltr'><strong>fuere,</strong></span> <span class='ocrx_word' id='word_1_256' title='bbox 639 2056 699 2101; x_wconf 90' lang='lat' dir='ltr'><strong>ut</strong></span> <span class='ocrx_word' id='word_1_257' title='bbox 747 2045 1032 2103; x_wconf 80' lang='lat' dir='ltr'><strong>Seleucum</strong></span> <span class='ocrx_word' id='word_1_258' title='bbox 1080 2048 1401 2104; x_wconf 84' lang='lat' dir='ltr'><strong>Callinicum</strong></span> <span class='ocrx_word' id='word_1_259' title='bbox 1451 2050 1600 2118; x_wconf 84' lang='lat' dir='ltr'><strong>justa</strong></span> <span class='ocrx_word' id='word_1_260' title='bbox 1656 2049 1772 2103; x_wconf 80' lang='lat' dir='ltr'><strong>acie</strong></span> 
     </span>
    </p>
   </div>
   <div class='ocr_carea' id='block_1_37' title="bbox 190 2138 1772 2213">
    <p class='ocr_par' dir='ltr' id='par_1_37' title="bbox 190 2138 1772 2213">
     <span class='ocr_line' id='line_1_37' title="bbox 190 2138 1772 2213; baseline 0.001 -20"><span class='ocrx_word' id='word_1_261' title='bbox 190 2152 459 2203; x_wconf 86' lang='lat' dir='ltr'><strong>superare</strong></span> <span class='ocrx_word' id='word_1_262' title='bbox 494 2141 752 2207; x_wconf 89' lang='lat' dir='ltr'><strong>potuerit.</strong></span> <span class='ocrx_word' id='word_1_263' title='bbox 793 2138 916 2194; x_wconf 59' lang='lat' dir='ltr'><strong>liae</strong></span> <span class='ocrx_word' id='word_1_264' title='bbox 948 2155 1110 2195; x_wconf 84' lang='lat' dir='ltr'><strong>causa</strong></span> <span class='ocrx_word' id='word_1_265' title='bbox 1147 2156 1363 2213; x_wconf 84' lang='lat' dir='ltr'><strong>quoque</strong></span> <span class='ocrx_word' id='word_1_266' title='bbox 1396 2141 1538 2206; x_wconf 80' lang='lat' dir='ltr'><strong>luit,</strong></span> <span class='ocrx_word' id='word_1_267' title='bbox 1580 2155 1772 2210; x_wconf 83' lang='lat' dir='ltr'><strong>quam-</strong></span> 
     </span>
    </p>
   </div>
   <div class='ocr_carea' id='block_1_38' title="bbox 191 2229 1773 2300">
    <p class='ocr_par' dir='ltr' id='par_1_38' title="bbox 191 2229 1773 2300">
     <span class='ocr_line' id='line_1_38' title="bbox 191 2229 1773 2300; baseline 0.004 -22"><span class='ocrx_word' id='word_1_268' title='bbox 191 2229 382 2283; x_wconf 84' lang='lat' dir='ltr'><strong>obrem</strong></span> <span class='ocrx_word' id='word_1_269' title='bbox 416 2230 570 2283; x_wconf 90' lang='lat' dir='ltr'><strong>multi</strong></span> <span class='ocrx_word' id='word_1_270' title='bbox 605 2230 671 2284; x_wconf 87' lang='lat' dir='ltr'><strong>ab</strong></span> <span class='ocrx_word' id='word_1_271' title='bbox 705 2246 768 2284; x_wconf 83' lang='lat' dir='ltr'><strong>ea</strong></span> <span class='ocrx_word' id='word_1_272' title='bbox 806 2231 1026 2285; x_wconf 85' lang='lat' dir='ltr'><strong>victoria</strong></span> <span class='ocrx_word' id='word_1_273' title='bbox 1076 2232 1225 2300; x_wconf 80' lang='lat' dir='ltr'><strong>regni</strong></span> <span class='ocrx_word' id='word_1_274' title='bbox 1278 2232 1457 2286; x_wconf 85' lang='lat' dir='ltr'><strong>Parthi</strong></span> <span class='ocrx_word' id='word_1_275' title='bbox 1495 2232 1646 2285; x_wconf 85' lang='lat' dir='ltr'><strong>initia</strong></span> <span class='ocrx_word' id='word_1_276' title='bbox 1690 2246 1773 2285; x_wconf 85' lang='lat' dir='ltr'><strong>re-</strong></span> 
     </span>
    </p>
   </div>
   <div class='ocr_carea' id='block_1_39' title="bbox 191 2319 1770 2393">
    <p class='ocr_par' dir='ltr' id='par_1_39' title="bbox 191 2319 1770 2393">
     <span class='ocr_line' id='line_1_39' title="bbox 191 2319 1770 2393; baseline 0.003 -21"><span class='ocrx_word' id='word_1_277' title='bbox 191 2319 508 2393; x_wconf 65' lang='lat' dir='ltr'><strong>ps-tiverinl.</strong></span> <span class='ocrx_word' id='word_1_278' title='bbox 540 2320 683 2389; x_wconf 80' lang='lat' dir='ltr'><strong>Lege</strong></span> <span class='ocrx_word' id='word_1_279' title='bbox 715 2338 836 2390; x_wconf 67' lang='lat' dir='ltr'><strong>qua:</strong></span> <span class='ocrx_word' id='word_1_280' title='bbox 866 2320 1115 2377; x_wconf 82' lang='lat' dir='ltr'><strong>Valesius</strong></span> <span class='ocrx_word' id='word_1_281' title='bbox 1157 2332 1557 2387; x_wconf 74' lang='lat' dir='ltr'><strong>commentatus</strong></span> <span class='ocrx_word' id='word_1_282' title='bbox 1588 2334 1671 2377; x_wconf 88' lang='lat' dir='ltr'><strong>est</strong></span> <span class='ocrx_word' id='word_1_283' title='bbox 1703 2324 1770 2376; x_wconf 89' lang='lat' dir='ltr'><strong>ad</strong></span> 
     </span>
    </p>
   </div>
   <div class='ocr_carea' id='block_1_40' title="bbox 189 2410 1769 2477">
    <p class='ocr_par' dir='ltr' id='par_1_40' title="bbox 189 2410 1769 2477">
     <span class='ocr_line' id='line_1_40' title="bbox 189 2410 1769 2477; baseline 0.002 -14"><span class='ocrx_word' id='word_1_284' title='bbox 189 2411 468 2466; x_wconf 76' lang='lat' dir='ltr'><strong>Ammiani</strong></span> <span class='ocrx_word' id='word_1_285' title='bbox 496 2410 799 2469; x_wconf 79' lang='lat' dir='ltr'><strong>Marcellini</strong></span> <span class='ocrx_word' id='word_1_286' title='bbox 828 2412 922 2469; x_wconf 90' lang='lat' dir='ltr'><strong>lib.</strong></span> <span class='ocrx_word' id='word_1_287' title='bbox 961 2429 1094 2468; x_wconf 83' lang='lat' dir='ltr'><strong>xxm</strong></span> <span class='ocrx_word' id='word_1_288' title='bbox 1120 2453 1134 2477; x_wconf 92' lang='lat'><strong>,</strong></span> <span class='ocrx_word' id='word_1_289' title='bbox 1166 2413 1218 2473; x_wconf 86' lang='lat'><strong>6.</strong></span> <span class='ocrx_word' id='word_1_290' title='bbox 1258 2414 1640 2473; x_wconf 81' lang='lat' dir='ltr'><strong>Arsacidarum</strong></span> <span class='ocrx_word' id='word_1_291' title='bbox 1686 2414 1769 2466; x_wconf 88' lang='lat' dir='ltr'><strong>hi—</strong></span> 
     </span>
    </p>
   </div>
   <div class='ocr_carea' id='block_1_41' title="bbox 189 2504 1770 2575">
    <p class='ocr_par' dir='ltr' id='par_1_41' title="bbox 189 2504 1770 2575">
     <span class='ocr_line' id='line_1_41' title="bbox 189 2504 1770 2575; baseline 0.004 -22"><span class='ocrx_word' id='word_1_292' title='bbox 189 2504 419 2557; x_wconf 87' lang='lat' dir='ltr'><strong>storiam</strong></span> <span class='ocrx_word' id='word_1_293' title='bbox 460 2519 522 2559; x_wconf 81' lang='lat' dir='ltr'><strong>ex</strong></span> <span class='ocrx_word' id='word_1_294' title='bbox 563 2505 802 2561; x_wconf 87' lang='lat' dir='ltr'><strong>nummis</strong></span> <span class='ocrx_word' id='word_1_295' title='bbox 835 2520 941 2567; x_wconf 88' lang='lat' dir='ltr'><strong>non</strong></span> <span class='ocrx_word' id='word_1_296' title='bbox 976 2506 1049 2568; x_wconf 78' lang='lat' dir='ltr'><strong>ita</strong></span> <span class='ocrx_word' id='word_1_297' title='bbox 1102 2507 1312 2575; x_wconf 87' lang='lat' dir='ltr'><strong>pridem</strong></span> <span class='ocrx_word' id='word_1_298' title='bbox 1360 2504 1681 2571; x_wconf 79' lang='lat' dir='ltr'><strong>Vaillantius</strong></span> <span class='ocrx_word' id='word_1_299' title='bbox 1708 2506 1770 2559; x_wconf 60' lang='lat' dir='ltr'><strong>ilv</strong></span> 
     </span>
    </p>
   </div>
   <div class='ocr_carea' id='block_1_42' title="bbox 189 2593 467 2651">
    <p class='ocr_par' dir='ltr' id='par_1_42' title="bbox 189 2593 467 2651">
     <span class='ocr_line' id='line_1_42' title="bbox 189 2593 467 2651; baseline 0.018 -5"><span class='ocrx_word' id='word_1_300' title='bbox 189 2593 467 2651; x_wconf 82' lang='lat' dir='ltr'><strong>lustravit.</strong></span> 
     </span>
    </p>
   </div>
   <div class='ocr_carea' id='block_1_43' title="bbox 256 2684 1771 2758">
    <p class='ocr_par' dir='ltr' id='par_1_43' title="bbox 256 2684 1771 2758">
     <span class='ocr_line' id='line_1_43' title="bbox 256 2684 1771 2758; baseline 0.002 -19"><span class='ocrx_word' id='word_1_301' title='bbox 256 2684 381 2756; x_wconf 71' lang='lat' dir='ltr'><strong>Col.</strong></span> <span class='ocrx_word' id='word_1_302' title='bbox 410 2687 537 2746; x_wconf 71' lang='grc'>409.</span> <span class='ocrx_word' id='word_1_303' title='bbox 569 2686 879 2742; x_wconf 63' lang='lat' dir='ltr'><strong>Iudaeorum</strong></span> <span class='ocrx_word' id='word_1_304' title='bbox 903 2687 1137 2756; x_wconf 71' lang='lat' dir='ltr'><strong>pontifex</strong></span> <span class='ocrx_word' id='word_1_305' title='bbox 1186 2686 1373 2745; x_wconf 80' lang='lat' dir='ltr'><strong>Onias.</strong></span> <span class='ocrx_word' id='word_1_306' title='bbox 1428 2687 1504 2742; x_wconf 79' lang='lat' dir='ltr'><strong>Ex</strong></span> <span class='ocrx_word' id='word_1_307' title='bbox 1532 2686 1771 2758; x_wconf 82' lang='lat' dir='ltr'><strong>Josepho</strong></span> 
     </span>
    </p>
   </div>
   <div class='ocr_carea' id='block_1_44' title="bbox 184 2770 1770 2850">
    <p class='ocr_par' dir='ltr' id='par_1_44' title="bbox 184 2770 1770 2850">
     <span class='ocr_line' id='line_1_44' title="bbox 184 2770 1770 2850; baseline 0.002 -16"><span class='ocrx_word' id='word_1_308' title='bbox 184 2779 499 2843; x_wconf 79' lang='lat' dir='ltr'><strong>Eusebius,</strong></span> <span class='ocrx_word' id='word_1_309' title='bbox 533 2779 690 2848; x_wconf 84' lang='lat' dir='ltr'><strong>cujus</strong></span> <span class='ocrx_word' id='word_1_310' title='bbox 723 2791 998 2850; x_wconf 77' lang='lat' dir='ltr'><strong>postrema</strong></span> <span class='ocrx_word' id='word_1_311' title='bbox 1036 2770 1195 2838; x_wconf 81' lang='lat' dir='ltr'><strong>verba</strong></span> <span class='ocrx_word' id='word_1_312' title='bbox 1235 2780 1403 2838; x_wconf 80' lang='lat' dir='ltr'><strong>fuisse</strong></span> <span class='ocrx_word' id='word_1_313' title='bbox 1432 2782 1609 2838; x_wconf 89' lang='lat' dir='ltr'><strong>inutili</strong></span> <span class='ocrx_word' id='word_1_314' title='bbox 1649 2799 1770 2838; x_wconf 63' lang='lat' dir='ltr'><strong>am—</strong></span> 
     </span>
    </p>
   </div>
   <div class='ocr_carea' id='block_1_45' title="bbox 187 2867 1771 2944">
    <p class='ocr_par' dir='ltr' id='par_1_45' title="bbox 187 2867 1771 2944">
     <span class='ocr_line' id='line_1_45' title="bbox 187 2867 1771 2944; baseline 0.003 -23"><span class='ocrx_word' id='word_1_315' title='bbox 187 2868 307 2939; x_wconf 78' lang='lat' dir='ltr'><strong>bitu</strong></span> <span class='ocrx_word' id='word_1_316' title='bbox 343 2867 535 2925; x_wconf 83' lang='lat' dir='ltr'><strong>Latine</strong></span> <span class='ocrx_word' id='word_1_317' title='bbox 570 2869 775 2925; x_wconf 89' lang='lat' dir='ltr'><strong>reddita</strong></span> <span class='ocrx_word' id='word_1_318' title='bbox 807 2871 908 2926; x_wconf 88' lang='lat' dir='ltr'><strong>abs</strong></span> <span class='ocrx_word' id='word_1_319' title='bbox 942 2869 1301 2944; x_wconf 78' lang='lat' dir='ltr'><strong>Hieronymo,</strong></span> <span class='ocrx_word' id='word_1_320' title='bbox 1330 2871 1573 2941; x_wconf 82' lang='lat' dir='ltr'><strong>Scaliger</strong></span> <span class='ocrx_word' id='word_1_321' title='bbox 1603 2872 1771 2927; x_wconf 84' lang='lat' dir='ltr'><strong>cavil-</strong></span> 
     </span>
    </p>
   </div>
   <div class='ocr_carea' id='block_1_46' title="bbox 187 2962 1767 3033">
    <p class='ocr_par' dir='ltr' id='par_1_46' title="bbox 187 2962 1767 3033">
     <span class='ocr_line' id='line_1_46' title="bbox 187 2962 1767 3033; baseline 0.006 -20"><span class='ocrx_word' id='word_1_322' title='bbox 187 2962 362 3029; x_wconf 73' lang='lat' dir='ltr'><strong>latnr,</strong></span> <span class='ocrx_word' id='word_1_323' title='bbox 397 2975 520 3014; x_wconf 89' lang='lat' dir='ltr'><strong>cum</strong></span> <span class='ocrx_word' id='word_1_324' title='bbox 547 2962 745 3030; x_wconf 81' lang='lat' dir='ltr'><strong>qu‘ihus</strong></span> <span class='ocrx_word' id='word_1_325' title='bbox 770 2979 901 3019; x_wconf 89' lang='lat' dir='ltr'><strong>usus</strong></span> <span class='ocrx_word' id='word_1_326' title='bbox 930 2962 1203 3019; x_wconf 88' lang='lat' dir='ltr'><strong>Eusebius</strong></span> <span class='ocrx_word' id='word_1_327' title='bbox 1247 2964 1341 3027; x_wconf 87' lang='lat' dir='ltr'><strong>sit,</strong></span> <span class='ocrx_word' id='word_1_328' title='bbox 1372 2964 1531 3033; x_wconf 88' lang='lat' dir='ltr'><strong>plane</strong></span> <span class='ocrx_word' id='word_1_329' title='bbox 1578 2964 1767 3024; x_wconf 87' lang='lat' dir='ltr'><strong>lateat.</strong></span> 
     </span>
    </p>
   </div>
   <div class='ocr_carea' id='block_1_47' title="bbox 184 3053 1766 3125">
    <p class='ocr_par' dir='ltr' id='par_1_47' title="bbox 184 3053 1766 3125">
     <span class='ocr_line' id='line_1_47' title="bbox 184 3053 1766 3125; baseline 0.002 -17"><span class='ocrx_word' id='word_1_330' title='bbox 184 3053 423 3125; x_wconf 67' lang='lat' dir='ltr'><strong>Fallilur</strong></span> <span class='ocrx_word' id='word_1_331' title='bbox 456 3063 713 3125; x_wconf 71' lang='lat' dir='ltr'><strong>praeterea</strong></span> <span class='ocrx_word' id='word_1_332' title='bbox 743 3068 867 3108; x_wconf 90' lang='lat' dir='ltr'><strong>cum</strong></span> <span class='ocrx_word' id='word_1_333' title='bbox 915 3054 969 3108; x_wconf 94' lang='lat' dir='ltr'><strong>iu</strong></span> <span class='ocrx_word' id='word_1_334' title='bbox 1020 3054 1273 3109; x_wconf 86' lang='lat' dir='ltr'><strong>lemmate</strong></span> <span class='ocrx_word' id='word_1_335' title='bbox 1326 3054 1473 3108; x_wconf 90' lang='lat' dir='ltr'><strong>illius</strong></span> <span class='ocrx_word' id='word_1_336' title='bbox 1513 3055 1707 3125; x_wconf 86' lang='lat' dir='ltr'><strong>capitis</strong></span> <span class='ocrx_word' id='word_1_337' title='bbox 1731 3056 1766 3110; x_wconf 76' lang='grc'><strong>4</strong></span> 
     </span>
    </p>
   </div>
   <div class='ocr_carea' id='block_1_48' title="bbox 183 3144 1763 3219">
    <p class='ocr_par' dir='ltr' id='par_1_48' title="bbox 183 3144 1763 3219">
     <span class='ocr_line' id='line_1_48' title="bbox 183 3144 1763 3219; baseline 0.001 -20"><span class='ocrx_word' id='word_1_338' title='bbox 183 3144 440 3216; x_wconf 69' lang='lat' dir='ltr'><strong>Josephi,</strong></span> <span class='ocrx_word' id='word_1_339' title='bbox 492 3145 836 3211; x_wconf 33' lang='lat' dir='ltr'><strong>Ptolemzeu‘m</strong></span> <span class='ocrx_word' id='word_1_340' title='bbox 866 3146 1139 3217; x_wconf 62' lang='grc' dir='ltr'><strong>Ἐπιφανῆ</strong></span> <span class='ocrx_word' id='word_1_341' title='bbox 1178 3160 1325 3210; x_wconf 80' lang='lat' dir='ltr'><strong>esse.</strong></span> <span class='ocrx_word' id='word_1_342' title='bbox 1367 3161 1476 3202; x_wconf 90' lang='lat' dir='ltr'><strong>non</strong></span> <span class='ocrx_word' id='word_1_343' title='bbox 1529 3147 1763 3219; x_wconf 79' lang='grc' dir='ltr'><strong>Εὐεργέ-</strong></span> 
     </span>
    </p>
   </div>
   <div class='ocr_carea' id='block_1_49' title="bbox 185 3238 1767 3309">
    <p class='ocr_par' dir='ltr' id='par_1_49' title="bbox 185 3238 1767 3309">
     <span class='ocr_line' id='line_1_49' title="bbox 185 3238 1767 3309; baseline 0.004 -20"><span class='ocrx_word' id='word_1_344' title='bbox 185 3254 292 3306; x_wconf 82' lang='grc' dir='ltr'><strong>την</strong></span> <span class='ocrx_word' id='word_1_345' title='bbox 328 3239 671 3306; x_wconf 84' lang='lat' dir='ltr'><strong>pronuntiat.</strong></span> <span class='ocrx_word' id='word_1_346' title='bbox 704 3238 941 3302; x_wconf 78' lang='lat' dir='ltr'><strong>Tametsi</strong></span> <span class='ocrx_word' id='word_1_347' title='bbox 973 3254 1147 3309; x_wconf 86' lang='lat' dir='ltr'><strong>neque</strong></span> <span class='ocrx_word' id='word_1_348' title='bbox 1202 3239 1349 3293; x_wconf 90' lang='lat' dir='ltr'><strong>hunc</strong></span> <span class='ocrx_word' id='word_1_349' title='bbox 1398 3253 1585 3294; x_wconf 77' lang='lat' dir='ltr'><strong>revera</strong></span> <span class='ocrx_word' id='word_1_350' title='bbox 1610 3281 1628 3307; x_wconf 90' lang='lat'><strong>,</strong></span> <span class='ocrx_word' id='word_1_351' title='bbox 1675 3240 1767 3295; x_wconf 89' lang='lat' dir='ltr'><strong>sed</strong></span> 
     </span>
    </p>
   </div>
   <div class='ocr_carea' id='block_1_50' title="bbox 187 3330 1768 3402">
    <p class='ocr_par' dir='ltr' id='par_1_50' title="bbox 187 3330 1768 3402">
     <span class='ocr_line' id='line_1_50' title="bbox 187 3330 1768 3402; baseline 0.002 -21"><span class='ocrx_word' id='word_1_352' title='bbox 187 3331 413 3401; x_wconf 84' lang='lat' dir='ltr'><strong>proprie</strong></span> <span class='ocrx_word' id='word_1_353' title='bbox 436 3332 783 3387; x_wconf 77' lang='lat' dir='ltr'><strong>Ptolemaeum</strong></span> <span class='ocrx_word' id='word_1_354' title='bbox 808 3330 1150 3402; x_wconf 85' lang='lat' dir='ltr'><strong>Pbilopatora</strong></span> <span class='ocrx_word' id='word_1_355' title='bbox 1175 3337 1364 3384; x_wconf 90' lang='lat' dir='ltr'><strong>notant</strong></span> <span class='ocrx_word' id='word_1_356' title='bbox 1388 3347 1505 3400; x_wconf 58' lang='lat' dir='ltr'><strong>quae</strong></span> <span class='ocrx_word' id='word_1_357' title='bbox 1536 3335 1587 3385; x_wconf 92' lang='lat' dir='ltr'><strong>in</strong></span> <span class='ocrx_word' id='word_1_358' title='bbox 1621 3339 1768 3386; x_wconf 75' lang='lat' dir='ltr'><strong>textu</strong></span> 
     </span>
    </p>
   </div>
   <div class='ocr_carea' id='block_1_51' title="bbox 192 3422 1771 3494">
    <p class='ocr_par' dir='ltr' id='par_1_51' title="bbox 192 3422 1771 3494">
     <span class='ocr_line' id='line_1_51' title="bbox 192 3422 1771 3494; baseline 0.003 -19"><span class='ocrx_word' id='word_1_359' title='bbox 192 3423 471 3489; x_wconf 60' lang='lat' dir='ltr'><strong>iubentur</strong></span> <span class='ocrx_word' id='word_1_360' title='bbox 508 3424 574 3478; x_wconf 91' lang='lat' dir='ltr'><strong>de</strong></span> <span class='ocrx_word' id='word_1_361' title='bbox 628 3422 866 3494; x_wconf 82' lang='lat' dir='ltr'><strong>Josepho</strong></span> <span class='ocrx_word' id='word_1_362' title='bbox 898 3424 1042 3487; x_wconf 70' lang='lat' dir='ltr'><strong>isto‘,</strong></span> <span class='ocrx_word' id='word_1_363' title='bbox 1104 3422 1290 3478; x_wconf 67' lang='lat' dir='ltr'><strong>Tobiae</strong></span> <span class='ocrx_word' id='word_1_364' title='bbox 1346 3423 1476 3478; x_wconf 84' lang='lat' dir='ltr'><strong>lilio.</strong></span> <span class='ocrx_word' id='word_1_365' title='bbox 1531 3423 1771 3478; x_wconf 82' lang='lat' dir='ltr'><strong>Mortuus</strong></span> 
     </span>
    </p>
   </div>
   <div class='ocr_carea' id='block_1_52' title="bbox 187 3515 1772 3585">
    <p class='ocr_par' dir='ltr' id='par_1_52' title="bbox 187 3515 1772 3585">
     <span class='ocr_line' id='line_1_52' title="bbox 187 3515 1772 3585; baseline 0 -18"><span class='ocrx_word' id='word_1_366' title='bbox 187 3516 481 3570; x_wconf 81' lang='lat' dir='ltr'><strong>enimvero</strong></span> <span class='ocrx_word' id='word_1_367' title='bbox 545 3515 791 3582; x_wconf 82' lang='lat' dir='ltr'><strong>dicitur,</strong></span> <span class='ocrx_word' id='word_1_368' title='bbox 847 3531 968 3571; x_wconf 88' lang='lat' dir='ltr'><strong>cum</strong></span> <span class='ocrx_word' id='word_1_369' title='bbox 1012 3515 1123 3585; x_wconf 81' lang='lat' dir='ltr'><strong>jam</strong></span> <span class='ocrx_word' id='word_1_370' title='bbox 1172 3516 1520 3585; x_wconf 69' lang='grc' dir='ltr'><strong>τελωνάρχης</strong></span> <span class='ocrx_word' id='word_1_371' title='bbox 1569 3531 1663 3584; x_wconf 91' lang='lat' dir='ltr'><strong>per</strong></span> <span class='ocrx_word' id='word_1_372' title='bbox 1693 3516 1772 3568; x_wconf 87' lang='lat' dir='ltr'><strong>vi-.</strong></span> 
     </span>
    </p>
   </div>
   <div class='ocr_carea' id='block_1_53' title="bbox 189 3607 1772 3679">
    <p class='ocr_par' dir='ltr' id='par_1_53' title="bbox 189 3607 1772 3679">
     <span class='ocr_line' id='line_1_53' title="bbox 189 3607 1772 3679; baseline 0.002 -19"><span class='ocrx_word' id='word_1_373' title='bbox 189 3607 330 3679; x_wconf 72' lang='grc' dir='ltr'><strong><em>εῖιιιί</em></strong></span> <span class='ocrx_word' id='word_1_374' title='bbox 367 3607 505 3663; x_wconf 80' lang='lat' dir='ltr'><strong>duos</strong></span> <span class='ocrx_word' id='word_1_375' title='bbox 536 3623 710 3667; x_wconf 79' lang='lat' dir='ltr'><strong>annos</strong></span> <span class='ocrx_word' id='word_1_376' title='bbox 745 3607 930 3663; x_wconf 84' lang='lat' dir='ltr'><strong>luisset</strong></span> <span class='ocrx_word' id='word_1_377' title='bbox 965 3624 978 3660; x_wconf 93' lang='lat'><strong>:</strong></span> <span class='ocrx_word' id='word_1_378' title='bbox 1020 3616 1275 3678; x_wconf 83' lang='lat' dir='ltr'><strong>recteque</strong></span> <span class='ocrx_word' id='word_1_379' title='bbox 1306 3607 1381 3663; x_wconf 93' lang='lat' dir='ltr'><strong>ibi</strong></span> <span class='ocrx_word' id='word_1_380' title='bbox 1412 3616 1595 3662; x_wconf 87' lang='lat' dir='ltr'><strong>notata</strong></span> <span class='ocrx_word' id='word_1_381' title='bbox 1627 3622 1772 3663; x_wconf 90' lang='lat' dir='ltr'><strong>mors</strong></span> 
     </span>
    </p>
   </div>
   <div class='ocr_carea' id='block_1_54' title="bbox 190 3693 1772 3769">
    <p class='ocr_par' dir='ltr' id='par_1_54' title="bbox 190 3693 1772 3769">
     <span class='ocr_line' id='line_1_54' title="bbox 190 3693 1772 3769; baseline 0.001 -18"><span class='ocrx_word' id='word_1_382' title='bbox 190 3702 340 3769; x_wconf 72' lang='lat' dir='ltr'><strong>ejus,</strong></span> <span class='ocrx_word' id='word_1_383' title='bbox 372 3700 514 3753; x_wconf 89' lang='lat' dir='ltr'><strong>circa</strong></span> <span class='ocrx_word' id='word_1_384' title='bbox 549 3693 704 3753; x_wconf 86' lang='lat' dir='ltr'><strong>initia</strong></span> <span class='ocrx_word' id='word_1_385' title='bbox 741 3698 955 3754; x_wconf 87' lang='lat' dir='ltr'><strong>Seleuci</strong></span> <span class='ocrx_word' id='word_1_386' title='bbox 989 3697 1196 3755; x_wconf 89' lang='lat' dir='ltr'><strong>Soteris</strong></span> <span class='ocrx_word' id='word_1_387' title='bbox 1225 3740 1242 3766; x_wconf 93' lang='lat'><strong>,</strong></span> <span class='ocrx_word' id='word_1_388' title='bbox 1284 3700 1377 3767; x_wconf 87' lang='lat' dir='ltr'><strong>qui</strong></span> <span class='ocrx_word' id='word_1_389' title='bbox 1433 3700 1646 3755; x_wconf 85' lang='lat' dir='ltr'><strong>decimo</strong></span> <span class='ocrx_word' id='word_1_390' title='bbox 1685 3714 1772 3755; x_wconf 81' lang='lat' dir='ltr'><strong>sc-</strong></span> 
     </span>
    </p>
   </div>
   <div class='ocr_carea' id='block_1_55' title="bbox 190 3777 1770 3862">
    <p class='ocr_par' dir='ltr' id='par_1_55' title="bbox 190 3777 1770 3862">
     <span class='ocr_line' id='line_1_55' title="bbox 190 3777 1770 3862; baseline 0.001 -18"><span class='ocrx_word' id='word_1_391' title='bbox 190 3793 376 3860; x_wconf 86' lang='lat' dir='ltr'><strong>ptimo</strong></span> <span class='ocrx_word' id='word_1_392' title='bbox 423 3777 697 3845; x_wconf 69' lang='lat' dir='ltr'><strong>Ptolemazi</strong></span> <span class='ocrx_word' id='word_1_393' title='bbox 760 3791 1056 3861; x_wconf 85' lang='lat' dir='ltr'><strong>Epiphanis</strong></span> <span class='ocrx_word' id='word_1_394' title='bbox 1100 3808 1243 3847; x_wconf 89' lang='lat' dir='ltr'><strong>anno</strong></span> <span class='ocrx_word' id='word_1_395' title='bbox 1295 3807 1521 3862; x_wconf 75' lang='lat' dir='ltr'><strong>regnare</strong></span> <span class='ocrx_word' id='word_1_396' title='bbox 1583 3793 1770 3861; x_wconf 69' lang='lat' dir='ltr'><strong>cwpit,</strong></span> 
     </span>
    </p>
   </div>
   <div class='ocr_carea' id='block_1_56' title="bbox 190 3879 1774 3949">
    <p class='ocr_par' dir='ltr' id='par_1_56' title="bbox 190 3879 1774 3949">
     <span class='ocr_line' id='line_1_56' title="bbox 190 3879 1774 3949; baseline 0 -14"><span class='ocrx_word' id='word_1_397' title='bbox 190 3880 426 3935; x_wconf 85' lang='lat' dir='ltr'><strong>Subduc</strong></span> <span class='ocrx_word' id='word_1_398' title='bbox 455 3879 620 3949; x_wconf 78' lang='lat' dir='ltr'><strong>igitur</strong></span> <span class='ocrx_word' id='word_1_399' title='bbox 672 3879 858 3949; x_wconf 76' lang='lat' dir='ltr'><strong>viginti</strong></span> <span class='ocrx_word' id='word_1_400' title='bbox 906 3880 1045 3935; x_wconf 90' lang='lat' dir='ltr'><strong>duos</strong></span> <span class='ocrx_word' id='word_1_401' title='bbox 1096 3897 1267 3939; x_wconf 88' lang='lat' dir='ltr'><strong>annos</strong></span> <span class='ocrx_word' id='word_1_402' title='bbox 1319 3882 1439 3937; x_wconf 90' lang='lat' dir='ltr'><strong>illos</strong></span> <span class='ocrx_word' id='word_1_403' title='bbox 1470 3921 1486 3946; x_wconf 86' lang='lat'><strong>,</strong></span> <span class='ocrx_word' id='word_1_404' title='bbox 1536 3890 1591 3936; x_wconf 92' lang='lat' dir='ltr'><strong>et</strong></span> <span class='ocrx_word' id='word_1_405' title='bbox 1646 3882 1774 3936; x_wconf 89' lang='lat' dir='ltr'><strong>Phi-</strong></span> 
     </span>
    </p>
   </div>
   <div class='ocr_carea' id='block_1_57' title="bbox 191 3960 1779 4051">
    <p class='ocr_par' dir='ltr' id='par_1_57' title="bbox 191 3960 1779 4051">
     <span class='ocr_line' id='line_1_57' title="bbox 191 3960 1779 4051; baseline 0.004 -26"><span class='ocrx_word' id='word_1_406' title='bbox 191 3972 497 4041; x_wconf 87' lang='lat' dir='ltr'><strong>lopat&#39;ora,</strong></span> <span class='ocrx_word' id='word_1_407' title='bbox 550 3987 657 4027; x_wconf 87' lang='lat' dir='ltr'><strong>non</strong></span> <span class='ocrx_word' id='word_1_408' title='bbox 716 3970 1033 4043; x_wconf 78' lang='lat' dir='ltr'><strong>Evergetem</strong></span> <span class='ocrx_word' id='word_1_409' title='bbox 1085 3960 1303 4051; x_wconf 45' lang='lat' dir='ltr'><strong>adiisse.</strong></span> <span class='ocrx_word' id='word_1_410' title='bbox 1335 3972 1631 4045; x_wconf 85' lang='lat' dir='ltr'><strong>Josephum</strong></span> <span class='ocrx_word' id='word_1_411' title='bbox 1684 3987 1779 4031; x_wconf 57' lang='lat' dir='ltr'><strong>eo:</strong></span> 
     </span>
    </p>
   </div>
   <div class='ocr_carea' id='block_1_58' title="bbox 188 4076 452 4134">
    <p class='ocr_par' dir='ltr' id='par_1_58' title="bbox 188 4076 452 4134">
     <span class='ocr_line' id='line_1_58' title="bbox 188 4076 452 4134; baseline -0.034 -11"><span class='ocrx_word' id='word_1_412' title='bbox 188 4076 452 4134; x_wconf 79' lang='lat' dir='ltr'><strong>gnosces.</strong></span> 
     </span>
    </p>
   </div>
   <div class='ocr_carea' id='block_1_59' title="bbox 206 4142 1779 4216">
    <p class='ocr_par' dir='ltr' id='par_1_59' title="bbox 206 4142 1779 4216">
     <span class='ocr_line' id='line_1_59' title="bbox 206 4142 1779 4216; baseline -0.001 -7"><span class='ocrx_word' id='word_1_413' title='bbox 206 4142 209 4145; x_wconf 51' lang='grc'><em>’</em></span> <span class='ocrx_word' id='word_1_414' title='bbox 263 4153 389 4209; x_wconf 89' lang='lat' dir='ltr'><strong>Col.</strong></span> <span class='ocrx_word' id='word_1_415' title='bbox 420 4152 544 4209; x_wconf 79' lang='grc'>409.</span> <span class='ocrx_word' id='word_1_416' title='bbox 599 4152 765 4208; x_wconf 82' lang='lat' dir='ltr'><strong>Censu</strong></span> <span class='ocrx_word' id='word_1_417' title='bbox 804 4152 1050 4209; x_wconf 62' lang='lat' dir='ltr'><strong>Romus...</strong></span> <span class='ocrx_word' id='word_1_418' title='bbox 1081 4169 1176 4210; x_wconf 72' lang='lat' dir='ltr'><strong>CLX</strong></span> <span class='ocrx_word' id='word_1_419' title='bbox 1209 4153 1396 4216; x_wconf 80' lang='lat' dir='ltr'><strong>millia.</strong></span> <span class='ocrx_word' id='word_1_420' title='bbox 1429 4154 1531 4209; x_wconf 84' lang='lat' dir='ltr'><strong>Par</strong></span> <span class='ocrx_word' id='word_1_421' title='bbox 1559 4154 1779 4208; x_wconf 75' lang='lat' dir='ltr'><strong>credere</strong></span> 
     </span>
    </p>
   </div>
   <div class='ocr_carea' id='block_1_60' title="bbox 189 4244 1780 4316">
    <p class='ocr_par' dir='ltr' id='par_1_60' title="bbox 189 4244 1780 4316">
     <span class='ocr_line' id='line_1_60' title="bbox 189 4244 1780 4316; baseline -0.003 -15"><span class='ocrx_word' id='word_1_422' title='bbox 189 4254 304 4308; x_wconf 80' lang='lat' dir='ltr'><strong>est,</strong></span> <span class='ocrx_word' id='word_1_423' title='bbox 344 4245 490 4315; x_wconf 86' lang='lat' dir='ltr'><strong>quod</strong></span> <span class='ocrx_word' id='word_1_424' title='bbox 525 4256 579 4301; x_wconf 89' lang='lat' dir='ltr'><strong>et</strong></span> <span class='ocrx_word' id='word_1_425' title='bbox 605 4245 850 4316; x_wconf 81' lang='lat' dir='ltr'><strong>Scaliger</strong></span> <span class='ocrx_word' id='word_1_426' title='bbox 886 4253 1005 4316; x_wconf 92' lang='lat' dir='ltr'><strong>post</strong></span> <span class='ocrx_word' id='word_1_427' title='bbox 1042 4244 1324 4316; x_wconf 80' lang='lat' dir='ltr'><strong>Sigonium</strong></span> <span class='ocrx_word' id='word_1_428' title='bbox 1361 4256 1556 4311; x_wconf 88' lang='lat' dir='ltr'><strong>notat,</strong></span> <span class='ocrx_word' id='word_1_429' title='bbox 1607 4245 1780 4315; x_wconf 67' lang='lat' dir='ltr'><strong>cgita-</strong></span> 
     </span>
    </p>
   </div>
   <div class='ocr_carea' id='block_1_61' title="bbox 192 4336 1780 4409">
    <p class='ocr_par' dir='ltr' id='par_1_61' title="bbox 192 4336 1780 4409">
     <span class='ocr_line' id='line_1_61' title="bbox 192 4336 1780 4409; baseline 0.003 -19"><span class='ocrx_word' id='word_1_430' title='bbox 192 4349 317 4392; x_wconf 89' lang='lat' dir='ltr'><strong>tum</strong></span> <span class='ocrx_word' id='word_1_431' title='bbox 363 4352 584 4399; x_wconf 83' lang='lat' dir='ltr'><strong>censum</strong></span> <span class='ocrx_word' id='word_1_432' title='bbox 616 4337 788 4399; x_wconf 85' lang='lat' dir='ltr'><strong>lustro</strong></span> <span class='ocrx_word' id='word_1_433' title='bbox 818 4336 909 4402; x_wconf 78' lang='lat'><strong>39,</strong></span> <span class='ocrx_word' id='word_1_434' title='bbox 936 4337 1005 4393; x_wconf 79' lang='grc' dir='ltr'>Α.</span> <span class='ocrx_word' id='word_1_435' title='bbox 1049 4337 1255 4405; x_wconf 28' lang='lat' dir='ltr'><strong>Manlio.</strong></span> <span class='ocrx_word' id='word_1_436' title='bbox 1284 4337 1563 4409; x_wconf 76' lang='lat' dir='ltr'><strong>Torquato</strong></span> <span class='ocrx_word' id='word_1_437' title='bbox 1598 4338 1780 4395; x_wconf 86' lang='lat' dir='ltr'><strong>Attico</strong></span> 
     </span>
    </p>
   </div>
   <div class='ocr_carea' id='block_1_62' title="bbox 1876 1872 3452 1940">
    <p class='ocr_par' dir='ltr' id='par_1_62' title="bbox 1876 1872 3452 1940">
     <span class='ocr_line' id='line_1_62' title="bbox 1876 1872 3452 1940; baseline -0.001 -14"><span class='ocrx_word' id='word_1_438' title='bbox 1876 1872 2180 1928; x_wconf 85' lang='lat' dir='ltr'><strong>Panareton</strong></span> <span class='ocrx_word' id='word_1_439' title='bbox 2233 1888 2387 1929; x_wconf 89' lang='lat' dir='ltr'><strong>suam</strong></span> <span class='ocrx_word' id='word_1_440' title='bbox 2441 1875 2596 1929; x_wconf 81' lang='lat' dir='ltr'><strong>velit.</strong></span> <span class='ocrx_word' id='word_1_441' title='bbox 2649 1874 2837 1931; x_wconf 90' lang='lat' dir='ltr'><strong>Simon</strong></span> <span class='ocrx_word' id='word_1_442' title='bbox 2883 1884 3061 1928; x_wconf 81' lang='lat' dir='ltr'><strong>autem</strong></span> <span class='ocrx_word' id='word_1_443' title='bbox 3109 1873 3241 1938; x_wconf 88' lang='lat' dir='ltr'><strong>ille,</strong></span> <span class='ocrx_word' id='word_1_444' title='bbox 3295 1872 3452 1940; x_wconf 87' lang='lat' dir='ltr'><strong>cujus</strong></span> 
     </span>
    </p>
   </div>
   <div class='ocr_carea' id='block_1_63' title="bbox 1878 1962 3450 2036">
    <p class='ocr_par' dir='ltr' id='par_1_63' title="bbox 1878 1962 3450 2036">
     <span class='ocr_line' id='line_1_63' title="bbox 1878 1962 3450 2036; baseline 0 -20"><span class='ocrx_word' id='word_1_445' title='bbox 1878 1964 2123 2019; x_wconf 87' lang='lat' dir='ltr'><strong>meminit</strong></span> <span class='ocrx_word' id='word_1_446' title='bbox 2151 1963 2426 2021; x_wconf 88' lang='lat' dir='ltr'><strong>Siracides</strong></span> <span class='ocrx_word' id='word_1_447' title='bbox 2455 1980 2578 2036; x_wconf 89' lang='lat' dir='ltr'><strong>cap.</strong></span> <span class='ocrx_word' id='word_1_448' title='bbox 2609 1965 2701 2033; x_wconf 84' lang='lat'><strong>50,</strong></span> <span class='ocrx_word' id='word_1_449' title='bbox 2735 1967 2807 2022; x_wconf 87' lang='lat' dir='ltr'><strong>sit</strong></span> <span class='ocrx_word' id='word_1_450' title='bbox 2837 1981 3003 2035; x_wconf 88' lang='lat' dir='ltr'><strong>nepos</strong></span> <span class='ocrx_word' id='word_1_451' title='bbox 3032 1964 3253 2031; x_wconf 74' lang='lat' dir='ltr'><strong>.laddua:</strong></span> <span class='ocrx_word' id='word_1_452' title='bbox 3282 1962 3450 2029; x_wconf 72' lang='lat' dir='ltr'><strong>illius,</strong></span> 
     </span>
    </p>
   </div>
   <div class='ocr_carea' id='block_1_64' title="bbox 1875 2054 3454 2127">
    <p class='ocr_par' dir='ltr' id='par_1_64' title="bbox 1875 2054 3454 2127">
     <span class='ocr_line' id='line_1_64' title="bbox 1875 2054 3454 2127; baseline -0.001 -21"><span class='ocrx_word' id='word_1_453' title='bbox 1875 2054 1967 2121; x_wconf 89' lang='lat' dir='ltr'><strong>qui</strong></span> <span class='ocrx_word' id='word_1_454' title='bbox 2018 2055 2256 2109; x_wconf 88' lang='lat' dir='ltr'><strong>occurrit</strong></span> <span class='ocrx_word' id='word_1_455' title='bbox 2298 2057 2607 2117; x_wconf 80' lang='lat' dir='ltr'><strong>Alexandro</strong></span> <span class='ocrx_word' id='word_1_456' title='bbox 2662 2055 2891 2127; x_wconf 79' lang='lat' dir='ltr'><strong>Magno,</strong></span> <span class='ocrx_word' id='word_1_457' title='bbox 2938 2065 2991 2110; x_wconf 85' lang='lat' dir='ltr'><strong>et</strong></span> <span class='ocrx_word' id='word_1_458' title='bbox 3042 2054 3257 2123; x_wconf 83' lang='lat' dir='ltr'><strong>quidem</strong></span> <span class='ocrx_word' id='word_1_459' title='bbox 3309 2054 3454 2106; x_wconf 88' lang='lat' dir='ltr'><strong>hunc</strong></span> 
     </span>
    </p>
   </div>
   <div class='ocr_carea' id='block_1_65' title="bbox 1876 2143 3448 2211">
    <p class='ocr_par' dir='ltr' id='par_1_65' title="bbox 1876 2143 3448 2211">
     <span class='ocr_line' id='line_1_65' title="bbox 1876 2143 3448 2211; baseline -0.002 -13"><span class='ocrx_word' id='word_1_460' title='bbox 1876 2145 2062 2200; x_wconf 86' lang='lat' dir='ltr'><strong>multis</strong></span> <span class='ocrx_word' id='word_1_461' title='bbox 2092 2148 2656 2209; x_wconf 82' lang='lat' dir='ltr'><strong>annisantecesserit.</strong></span> <span class='ocrx_word' id='word_1_462' title='bbox 2716 2146 2795 2209; x_wconf 87' lang='lat' dir='ltr'><strong>Tu</strong></span> <span class='ocrx_word' id='word_1_463' title='bbox 2844 2146 3046 2200; x_wconf 87' lang='lat' dir='ltr'><strong>videsis</strong></span> <span class='ocrx_word' id='word_1_464' title='bbox 3097 2143 3354 2211; x_wconf 80' lang='lat' dir='ltr'><strong>Drusium</strong></span> <span class='ocrx_word' id='word_1_465' title='bbox 3397 2144 3448 2195; x_wconf 93' lang='lat' dir='ltr'><strong>in</strong></span> 
     </span>
    </p>
   </div>
   <div class='ocr_carea' id='block_1_66' title="bbox 1876 2229 3448 2303">
    <p class='ocr_par' dir='ltr' id='par_1_66' title="bbox 1876 2229 3448 2303">
     <span class='ocr_line' id='line_1_66' title="bbox 1876 2229 3448 2303; baseline 0.003 -22"><span class='ocrx_word' id='word_1_466' title='bbox 1876 2229 2026 2291; x_wconf 73' lang='lat' dir='ltr'><strong>Notis</strong></span> <span class='ocrx_word' id='word_1_467' title='bbox 2065 2233 2128 2285; x_wconf 88' lang='lat' dir='ltr'><strong>ad</strong></span> <span class='ocrx_word' id='word_1_468' title='bbox 2161 2248 2284 2286; x_wconf 89' lang='lat' dir='ltr'><strong>eum</strong></span> <span class='ocrx_word' id='word_1_469' title='bbox 2333 2234 2512 2289; x_wconf 88' lang='lat' dir='ltr'><strong>locum</strong></span> <span class='ocrx_word' id='word_1_470' title='bbox 2557 2234 2925 2290; x_wconf 83' lang='lat' dir='ltr'><strong>Ecclesiastic.</strong></span> <span class='ocrx_word' id='word_1_471' title='bbox 2960 2249 3083 2303; x_wconf 89' lang='lat' dir='ltr'><strong>cap.</strong></span> <span class='ocrx_word' id='word_1_472' title='bbox 3131 2248 3182 2288; x_wconf 84' lang='grc' dir='ltr'>ι..</span> <span class='ocrx_word' id='word_1_473' title='bbox 3219 2231 3357 2286; x_wconf 85' lang='lat' dir='ltr'><strong>Male</strong></span> <span class='ocrx_word' id='word_1_474' title='bbox 3394 2233 3448 2296; x_wconf 76' lang='lat' dir='ltr'><strong>in</strong></span> 
     </span>
    </p>
   </div>
   <div class='ocr_carea' id='block_1_67' title="bbox 1877 2323 3446 2393">
    <p class='ocr_par' dir='ltr' id='par_1_67' title="bbox 1877 2323 3446 2393">
     <span class='ocr_line' id='line_1_67' title="bbox 1877 2323 3446 2393; baseline 0.001 -19"><span class='ocrx_word' id='word_1_475' title='bbox 1877 2330 2029 2387; x_wconf 61' lang='lat' dir='ltr'><strong>tes.</strong></span> <span class='ocrx_word' id='word_1_476' title='bbox 2073 2324 2334 2393; x_wconf 82' lang='lat' dir='ltr'><strong>scriptum</strong></span> <span class='ocrx_word' id='word_1_477' title='bbox 2384 2332 2503 2381; x_wconf 88' lang='lat' dir='ltr'><strong>erat</strong></span> <span class='ocrx_word' id='word_1_478' title='bbox 2556 2325 2862 2381; x_wconf 83' lang='lat' dir='ltr'><strong>Panarelon</strong></span> <span class='ocrx_word' id='word_1_479' title='bbox 2900 2342 2920 2380; x_wconf 91' lang='lat'><strong><em>:</em></strong></span> <span class='ocrx_word' id='word_1_480' title='bbox 2969 2325 3109 2391; x_wconf 83' lang='lat' dir='ltr'><strong>male</strong></span> <span class='ocrx_word' id='word_1_481' title='bbox 3141 2323 3323 2378; x_wconf 88' lang='lat' dir='ltr'><strong>itidem</strong></span> <span class='ocrx_word' id='word_1_482' title='bbox 3356 2323 3446 2375; x_wconf 89' lang='lat' dir='ltr'><strong>alii</strong></span> 
     </span>
    </p>
   </div>
   <div class='ocr_carea' id='block_1_68' title="bbox 1874 2411 2759 2488">
    <p class='ocr_par' dir='ltr' id='par_1_68' title="bbox 1874 2411 2759 2488">
     <span class='ocr_line' id='line_1_68' title="bbox 1874 2411 2759 2488; baseline 0.008 -23"><span class='ocrx_word' id='word_1_483' title='bbox 1874 2411 1931 2467; x_wconf 88' lang='lat' dir='ltr'><strong>in</strong></span> <span class='ocrx_word' id='word_1_484' title='bbox 1960 2412 2151 2470; x_wconf 65' lang='lat' dir='ltr'><strong>Graeco</strong></span> <span class='ocrx_word' id='word_1_485' title='bbox 2183 2417 2523 2487; x_wconf 77' lang='grc' dir='ltr'><strong>Παναίρετον</strong></span> <span class='ocrx_word' id='word_1_486' title='bbox 2554 2417 2759 2488; x_wconf 80' lang='lat' dir='ltr'><strong>legunt.</strong></span> 
     </span>
    </p>
   </div>
   <div class='ocr_carea' id='block_1_69' title="bbox 1949 2493 3451 2578">
    <p class='ocr_par' dir='ltr' id='par_1_69' title="bbox 1949 2493 3451 2578">
     <span class='ocr_line' id='line_1_69' title="bbox 1949 2493 3451 2578; baseline -0.004 -15"><span class='ocrx_word' id='word_1_487' title='bbox 1949 2508 2068 2563; x_wconf 87' lang='lat' dir='ltr'><strong>Col.</strong></span> <span class='ocrx_word' id='word_1_488' title='bbox 2103 2509 2225 2565; x_wconf 68' lang='grc'>400.</span> <span class='ocrx_word' id='word_1_489' title='bbox 2265 2509 2629 2578; x_wconf 70' lang='lat' dir='ltr'><strong>Quadraginta</strong></span> <span class='ocrx_word' id='word_1_490' title='bbox 2678 2493 2842 2576; x_wconf 75' lang='lat' dir='ltr'><strong>ferme</strong></span> <span class='ocrx_word' id='word_1_491' title='bbox 2889 2506 3101 2568; x_wconf 82' lang='lat' dir='ltr'><strong>millia,</strong></span> <span class='ocrx_word' id='word_1_492' title='bbox 3149 2516 3255 2560; x_wconf 86' lang='lat' dir='ltr'><strong>etc.</strong></span> <span class='ocrx_word' id='word_1_493' title='bbox 3302 2504 3451 2559; x_wconf 89' lang='lat' dir='ltr'><strong>Con-</strong></span> 
     </span>
    </p>
   </div>
   <div class='ocr_carea' id='block_1_70' title="bbox 1873 2596 3450 2675">
    <p class='ocr_par' dir='ltr' id='par_1_70' title="bbox 1873 2596 3450 2675">
     <span class='ocr_line' id='line_1_70' title="bbox 1873 2596 3450 2675; baseline -0.006 -16"><span class='ocrx_word' id='word_1_494' title='bbox 1873 2605 1994 2675; x_wconf 79' lang='lat' dir='ltr'><strong>tigit</strong></span> <span class='ocrx_word' id='word_1_495' title='bbox 2021 2602 2254 2659; x_wconf 88' lang='lat' dir='ltr'><strong>triennio</strong></span> <span class='ocrx_word' id='word_1_496' title='bbox 2280 2602 2492 2667; x_wconf 85' lang='lat' dir='ltr'><strong>serius,</strong></span> <span class='ocrx_word' id='word_1_497' title='bbox 2524 2600 2641 2660; x_wconf 82' lang='lat' dir='ltr'><strong>sive</strong></span> <span class='ocrx_word' id='word_1_498' title='bbox 2668 2614 2812 2654; x_wconf 90' lang='lat' dir='ltr'><strong>anno</strong></span> <span class='ocrx_word' id='word_1_499' title='bbox 2847 2599 3076 2667; x_wconf 85' lang='lat' dir='ltr'><strong>hujusce</strong></span> <span class='ocrx_word' id='word_1_500' title='bbox 3128 2596 3450 2668; x_wconf 83' lang='lat' dir='ltr'><strong>Olympiadis</strong></span> 
     </span>
    </p>
   </div>
   <div class='ocr_carea' id='block_1_71' title="bbox 1872 2687 3448 2767">
    <p class='ocr_par' dir='ltr' id='par_1_71' title="bbox 1872 2687 3448 2767">
     <span class='ocr_line' id='line_1_71' title="bbox 1872 2687 3448 2767; baseline -0.006 -17"><span class='ocrx_word' id='word_1_501' title='bbox 1872 2705 2089 2767; x_wconf 74' lang='lat' dir='ltr'><strong>quarto.</strong></span> <span class='ocrx_word' id='word_1_502' title='bbox 2117 2695 2259 2762; x_wconf 85' lang='lat' dir='ltr'><strong>quod</strong></span> <span class='ocrx_word' id='word_1_503' title='bbox 2288 2707 2446 2755; x_wconf 75' lang='lat' dir='ltr'><strong>nemo</strong></span> <span class='ocrx_word' id='word_1_504' title='bbox 2492 2692 2723 2763; x_wconf 72' lang='lat' dir='ltr'><strong>ignorat.</strong></span> <span class='ocrx_word' id='word_1_505' title='bbox 2780 2687 2914 2745; x_wconf 84' lang='lat' dir='ltr'><strong>Vide</strong></span> <span class='ocrx_word' id='word_1_506' title='bbox 2941 2688 3222 2759; x_wconf 85' lang='lat' dir='ltr'><strong>Polybium</strong></span> <span class='ocrx_word' id='word_1_507' title='bbox 3253 2688 3350 2742; x_wconf 88' lang='lat' dir='ltr'><strong>lib.</strong></span> <span class='ocrx_word' id='word_1_508' title='bbox 3386 2701 3448 2757; x_wconf 72' lang='lat' dir='ltr'><strong>si,</strong></span> 
     </span>
    </p>
   </div>
   <div class='ocr_carea' id='block_1_72' title="bbox 1835 2781 3451 2867">
    <p class='ocr_par' dir='ltr' id='par_1_72' title="bbox 1835 2781 3451 2867">
     <span class='ocr_line' id='line_1_72' title="bbox 1835 2781 3451 2867; baseline -0.006 -24"><span class='ocrx_word' id='word_1_509' title='bbox 1835 2781 1838 2786; x_wconf 81' lang='grc'><em>’</em></span> <span class='ocrx_word' id='word_1_510' title='bbox 1871 2803 1991 2859; x_wconf 87' lang='lat' dir='ltr'><strong>cap.</strong></span> <span class='ocrx_word' id='word_1_511' title='bbox 2021 2786 2111 2843; x_wconf 72' lang='lat'><strong>26.</strong></span> <span class='ocrx_word' id='word_1_512' title='bbox 2140 2784 2306 2846; x_wconf 73' lang='lat' dir='ltr'><strong>Recte</strong></span> <span class='ocrx_word' id='word_1_513' title='bbox 2335 2794 2515 2840; x_wconf 86' lang='lat' dir='ltr'><strong>autem</strong></span> <span class='ocrx_word' id='word_1_514' title='bbox 2546 2782 3006 2867; x_wconf 44' lang='lat' dir='ltr'><strong>Wigermonet,</strong></span> <span class='ocrx_word' id='word_1_515' title='bbox 3040 2781 3141 2845; x_wconf 87' lang='lat' dir='ltr'><strong>bos</strong></span> <span class='ocrx_word' id='word_1_516' title='bbox 3158 2794 3451 2850; x_wconf 73' lang='lat' dir='ltr'><strong>paucorum</strong></span> 
     </span>
    </p>
   </div>
   <div class='ocr_carea' id='block_1_73' title="bbox 1871 2864 3444 2949">
    <p class='ocr_par' dir='ltr' id='par_1_73' title="bbox 1871 2864 3444 2949">
     <span class='ocr_line' id='line_1_73' title="bbox 1871 2864 3444 2949; baseline -0.007 -15"><span class='ocrx_word' id='word_1_517' title='bbox 1871 2894 2137 2940; x_wconf 85' lang='lat' dir='ltr'><strong>annorqu</strong></span> <span class='ocrx_word' id='word_1_518' title='bbox 2186 2864 2629 2949; x_wconf 66' lang='lat' dir='ltr'><strong>prochronisni’os</strong></span> <span class='ocrx_word' id='word_1_519' title='bbox 2679 2872 2917 2929; x_wconf 88' lang='lat' dir='ltr'><strong>Eusebio</strong></span> <span class='ocrx_word' id='word_1_520' title='bbox 2966 2883 3059 2927; x_wconf 87' lang='lat' dir='ltr'><strong>aut</strong></span> <span class='ocrx_word' id='word_1_521' title='bbox 3108 2869 3444 2942; x_wconf 74' lang='lat' dir='ltr'><strong>Hieronymo</strong></span> 
     </span>
    </p>
   </div>
   <div class='ocr_carea' id='block_1_74' title="bbox 1874 2962 3451 3045">
    <p class='ocr_par' dir='ltr' id='par_1_74' title="bbox 1874 2962 3451 3045">
     <span class='ocr_line' id='line_1_74' title="bbox 1874 2962 3451 3045; baseline -0.004 -21"><span class='ocrx_word' id='word_1_522' title='bbox 1874 2970 2228 3031; x_wconf 87' lang='lat' dir='ltr'><strong>ascribendos</strong></span> <span class='ocrx_word' id='word_1_523' title='bbox 2271 2982 2382 3031; x_wconf 74' lang='lat' dir='ltr'><strong>nan</strong></span> <span class='ocrx_word' id='word_1_524' title='bbox 2411 2966 2593 3045; x_wconf 44' lang='lat' dir='ltr'><strong>esse;</strong></span> <span class='ocrx_word' id='word_1_525' title='bbox 2627 2967 2722 3022; x_wconf 76' lang='lat' dir='ltr'><strong>sed</strong></span> <span class='ocrx_word' id='word_1_526' title='bbox 2754 2963 3041 3033; x_wconf 63' lang='lat' dir='ltr'><strong>[fastorum</strong></span> <span class='ocrx_word' id='word_1_527' title='bbox 3069 2962 3451 3031; x_wconf 81' lang='lat' dir='ltr'><strong>Consularium</strong></span> 
     </span>
    </p>
   </div>
   <div class='ocr_carea' id='block_1_75' title="bbox 1873 3050 2831 3119">
    <p class='ocr_par' dir='ltr' id='par_1_75' title="bbox 1873 3050 2831 3119">
     <span class='ocr_line' id='line_1_75' title="bbox 1873 3050 2831 3119; baseline -0.01 0"><span class='ocrx_word' id='word_1_528' title='bbox 1873 3060 2275 3119; x_wconf 85' lang='lat' dir='ltr'><strong>conditoribus.</strong></span> <span class='ocrx_word' id='word_1_529' title='bbox 2444 3072 2447 3073; x_wconf 71' lang='lat'><strong><em>&#39;</em></strong></span> <span class='ocrx_word' id='word_1_530' title='bbox 2474 3050 2479 3059; x_wconf 17' lang='lat' dir='ltr'><strong>L</strong></span> <span class='ocrx_word' id='word_1_531' title='bbox 2612 3066 2613 3069; x_wconf 68' lang='lat'>‘</span> <span class='ocrx_word' id='word_1_532' title='bbox 2824 3106 2831 3109; x_wconf 83' lang='lat'><strong>.</strong></span> 
     </span>
    </p>
   </div>
   <div class='ocr_carea' id='block_1_76' title="bbox 1940 3144 3442 3218">
    <p class='ocr_par' dir='ltr' id='par_1_76' title="bbox 1940 3144 3442 3218">
     <span class='ocr_line' id='line_1_76' title="bbox 1940 3144 3442 3218; baseline -0.005 -9"><span class='ocrx_word' id='word_1_533' title='bbox 1940 3153 2082 3209; x_wconf 90' lang='lat' dir='ltr'><strong>lbid.</strong></span> <span class='ocrx_word' id='word_1_534' title='bbox 2116 3151 2366 3208; x_wconf 75' lang='lat' dir='ltr'><strong>Seleucus</strong></span> <span class='ocrx_word' id='word_1_535' title='bbox 2410 3149 2708 3205; x_wconf 85' lang='lat' dir='ltr'><strong>Cerauuus.</strong></span> <span class='ocrx_word' id='word_1_536' title='bbox 2744 3148 2869 3218; x_wconf 85' lang='lat' dir='ltr'><strong>ipso</strong></span> <span class='ocrx_word' id='word_1_537' title='bbox 2902 3148 3122 3211; x_wconf 70' lang='lat' dir='ltr'><strong>scilicet.</strong></span> <span class='ocrx_word' id='word_1_538' title='bbox 3153 3144 3313 3211; x_wconf 81' lang='lat' dir='ltr'><strong>tertio</strong></span> <span class='ocrx_word' id='word_1_539' title='bbox 3341 3162 3442 3213; x_wconf 62' lang='lat' dir='ltr'><strong>an,</strong></span> 
     </span>
    </p>
   </div>
   <div class='ocr_carea' id='block_1_77' title="bbox 1871 3239 3452 3315">
    <p class='ocr_par' dir='ltr' id='par_1_77' title="bbox 1871 3239 3452 3315">
     <span class='ocr_line' id='line_1_77' title="bbox 1871 3239 3452 3315; baseline -0.003 -14"><span class='ocrx_word' id='word_1_540' title='bbox 1871 3260 1946 3301; x_wconf 86' lang='lat' dir='ltr'><strong>no</strong></span> <span class='ocrx_word' id='word_1_541' title='bbox 1994 3244 2146 3315; x_wconf 76' lang='lat' dir='ltr'><strong>regni</strong></span> <span class='ocrx_word' id='word_1_542' title='bbox 2191 3258 2288 3313; x_wconf 89' lang='lat' dir='ltr'><strong>per</strong></span> <span class='ocrx_word' id='word_1_543' title='bbox 2331 3241 2515 3297; x_wconf 88' lang='lat' dir='ltr'><strong>dolum</strong></span> <span class='ocrx_word' id='word_1_544' title='bbox 2559 3241 2775 3295; x_wconf 87' lang='lat' dir='ltr'><strong>occisus</strong></span> <span class='ocrx_word' id='word_1_545' title='bbox 2816 3248 2922 3296; x_wconf 84' lang='lat' dir='ltr'><strong>est.</strong></span> <span class='ocrx_word' id='word_1_546' title='bbox 2984 3240 3217 3298; x_wconf 56' lang='lat' dir='ltr'><strong>Praestat</strong></span> <span class='ocrx_word' id='word_1_547' title='bbox 3258 3240 3311 3294; x_wconf 92' lang='lat' dir='ltr'><strong>id</strong></span> <span class='ocrx_word' id='word_1_548' title='bbox 3354 3239 3452 3301; x_wconf 87' lang='lat' dir='ltr'><strong>abs</strong></span> 
     </span>
    </p>
   </div>
   <div class='ocr_carea' id='block_1_78' title="bbox 1874 3330 3454 3407">
    <p class='ocr_par' dir='ltr' id='par_1_78' title="bbox 1874 3330 3454 3407">
     <span class='ocr_line' id='line_1_78' title="bbox 1874 3330 3454 3407; baseline -0.001 -17"><span class='ocrx_word' id='word_1_549' title='bbox 1874 3337 2205 3407; x_wconf 78' lang='lat' dir='ltr'><strong>llicmuyum</strong></span> <span class='ocrx_word' id='word_1_550' title='bbox 2253 3336 2306 3388; x_wconf 92' lang='lat' dir='ltr'><strong>in</strong></span> <span class='ocrx_word' id='word_1_551' title='bbox 2365 3349 2486 3402; x_wconf 87' lang='lat' dir='ltr'><strong>cap.</strong></span> <span class='ocrx_word' id='word_1_552' title='bbox 2522 3348 2573 3386; x_wconf 76' lang='lat' dir='ltr'><strong>xl</strong></span> <span class='ocrx_word' id='word_1_553' title='bbox 2603 3333 2843 3387; x_wconf 90' lang='lat' dir='ltr'><strong>Danielis</strong></span> <span class='ocrx_word' id='word_1_554' title='bbox 2871 3332 3116 3388; x_wconf 80' lang='lat' dir='ltr'><strong>ediscere</strong></span> <span class='ocrx_word' id='word_1_555' title='bbox 3148 3351 3162 3387; x_wconf 87' lang='lat'><strong>:</strong></span> <span class='ocrx_word' id='word_1_556' title='bbox 3203 3330 3339 3389; x_wconf 82' lang='lat' dir='ltr'><strong>Post</strong></span> <span class='ocrx_word' id='word_1_557' title='bbox 3364 3334 3454 3404; x_wconf 59' lang='lat' dir='ltr'><strong>[ny</strong></span> 
     </span>
    </p>
   </div>
   <div class='ocr_carea' id='block_1_79' title="bbox 1874 3418 3452 3498">
    <p class='ocr_par' dir='ltr' id='par_1_79' title="bbox 1874 3418 3452 3498">
     <span class='ocr_line' id='line_1_79' title="bbox 1874 3418 3452 3498; baseline -0.003 -18"><span class='ocrx_word' id='word_1_558' title='bbox 1874 3445 2018 3498; x_wconf 67' lang='lat' dir='ltr'><strong>gum,</strong></span> <span class='ocrx_word' id='word_1_559' title='bbox 2047 3424 2243 3494; x_wconf 79' lang='lat' dir='ltr'><strong>inquit,</strong></span> <span class='ocrx_word' id='word_1_560' title='bbox 2270 3434 2318 3477; x_wconf 87' lang='lat' dir='ltr'><strong>et</strong></span> <span class='ocrx_word' id='word_1_561' title='bbox 2362 3431 2580 3477; x_wconf 83' lang='lat' dir='ltr'><strong>mortem</strong></span> <span class='ocrx_word' id='word_1_562' title='bbox 2625 3418 2830 3476; x_wconf 71' lang='lat' dir='ltr'><strong>Seleuci</strong></span> <span class='ocrx_word' id='word_1_563' title='bbox 2883 3422 3165 3488; x_wconf 83' lang='lat' dir='ltr'><strong>Callinici,</strong></span> <span class='ocrx_word' id='word_1_564' title='bbox 3196 3422 3300 3476; x_wconf 80' lang='lat' dir='ltr'><strong>duo</strong></span> <span class='ocrx_word' id='word_1_565' title='bbox 3347 3423 3452 3490; x_wconf 81' lang='lat' dir='ltr'><strong>ﬁlii</strong></span> 
     </span>
    </p>
   </div>
   <div class='ocr_carea' id='block_1_80' title="bbox 1872 3500 3444 3590">
    <p class='ocr_par' dir='ltr' id='par_1_80' title="bbox 1872 3500 3444 3590">
     <span class='ocr_line' id='line_1_80' title="bbox 1872 3500 3444 3590; baseline -0.003 -16"><span class='ocrx_word' id='word_1_566' title='bbox 1872 3523 2005 3590; x_wconf 82' lang='lat' dir='ltr'><strong>ejus,</strong></span> <span class='ocrx_word' id='word_1_567' title='bbox 2044 3519 2289 3573; x_wconf 73' lang='lat' dir='ltr'><strong>Seleucus</strong></span> <span class='ocrx_word' id='word_1_568' title='bbox 2318 3525 2656 3585; x_wconf 80' lang='lat' dir='ltr'><strong>cognomento</strong></span> <span class='ocrx_word' id='word_1_569' title='bbox 2698 3514 3010 3578; x_wconf 71' lang='lat' dir='ltr'><strong>Cernimus,</strong></span> <span class='ocrx_word' id='word_1_570' title='bbox 3035 3523 3084 3567; x_wconf 79' lang='lat' dir='ltr'><strong>et</strong></span> <span class='ocrx_word' id='word_1_571' title='bbox 3135 3500 3444 3582; x_wconf 70' lang='lat' dir='ltr'><strong>Aulim-Ilus,</strong></span> 
     </span>
    </p>
   </div>
   <div class='ocr_carea' id='block_1_81' title="bbox 1875 3604 3450 3682">
    <p class='ocr_par' dir='ltr' id='par_1_81' title="bbox 1875 3604 3450 3682">
     <span class='ocr_line' id='line_1_81' title="bbox 1875 3604 3450 3682; baseline -0.003 -18"><span class='ocrx_word' id='word_1_572' title='bbox 1875 3613 1964 3682; x_wconf 87' lang='lat' dir='ltr'><strong>qui</strong></span> <span class='ocrx_word' id='word_1_573' title='bbox 1992 3609 2288 3678; x_wconf 80' lang='lat' dir='ltr'><strong>appellatus</strong></span> <span class='ocrx_word' id='word_1_574' title='bbox 2324 3618 2395 3660; x_wconf 87' lang='lat' dir='ltr'><strong>est</strong></span> <span class='ocrx_word' id='word_1_575' title='bbox 2433 3604 2659 3673; x_wconf 75' lang='lat' dir='ltr'><strong>Magnus</strong></span> <span class='ocrx_word' id='word_1_576' title='bbox 2682 3643 2698 3670; x_wconf 95' lang='lat'><strong>,</strong></span> <span class='ocrx_word' id='word_1_577' title='bbox 2744 3605 3016 3673; x_wconf 76' lang='lat' dir='ltr'><strong>provocati</strong></span> <span class='ocrx_word' id='word_1_578' title='bbox 3056 3619 3143 3670; x_wconf 84' lang='lat' dir='ltr'><strong>spe</strong></span> <span class='ocrx_word' id='word_1_579' title='bbox 3184 3605 3411 3660; x_wconf 74' lang='lat' dir='ltr'><strong>victoria:</strong></span> <span class='ocrx_word' id='word_1_580' title='bbox 3434 3644 3450 3667; x_wconf 87' lang='lat'><strong>.</strong></span> 
     </span>
    </p>
   </div>
   <div class='ocr_carea' id='block_1_82' title="bbox 1874 3697 3453 3768">
    <p class='ocr_par' dir='ltr' id='par_1_82' title="bbox 1874 3697 3453 3768">
     <span class='ocr_line' id='line_1_82' title="bbox 1874 3697 3453 3768; baseline -0.004 -12"><span class='ocrx_word' id='word_1_581' title='bbox 1874 3714 1922 3757; x_wconf 85' lang='lat' dir='ltr'><strong>et</strong></span> <span class='ocrx_word' id='word_1_582' title='bbox 1954 3702 2153 3759; x_wconf 82' lang='lat' dir='ltr'><strong>ultione</strong></span> <span class='ocrx_word' id='word_1_583' title='bbox 2181 3701 2434 3768; x_wconf 71' lang='lat' dir='ltr'><strong>parentis,</strong></span> <span class='ocrx_word' id='word_1_584' title='bbox 2468 3697 2697 3751; x_wconf 74' lang='lat' dir='ltr'><strong>exercitu</strong></span> <span class='ocrx_word' id='word_1_585' title='bbox 2738 3707 3052 3766; x_wconf 83' lang='lat' dir='ltr'><strong>congregato</strong></span> <span class='ocrx_word' id='word_1_586' title='bbox 3078 3736 3093 3761; x_wconf 95' lang='lat'><strong>,</strong></span> <span class='ocrx_word' id='word_1_587' title='bbox 3147 3712 3301 3749; x_wconf 84' lang='lat' dir='ltr'><strong>arma</strong></span> <span class='ocrx_word' id='word_1_588' title='bbox 3331 3711 3453 3749; x_wconf 84' lang='lat' dir='ltr'><strong>cor-</strong></span> 
     </span>
    </p>
   </div>
   <div class='ocr_carea' id='block_1_83' title="bbox 1877 3784 3449 3859">
    <p class='ocr_par' dir='ltr' id='par_1_83' title="bbox 1877 3784 3449 3859">
     <span class='ocr_line' id='line_1_83' title="bbox 1877 3784 3449 3859; baseline -0.001 -18"><span class='ocrx_word' id='word_1_589' title='bbox 1877 3789 2071 3859; x_wconf 80' lang='lat' dir='ltr'><strong>ripiunt</strong></span> <span class='ocrx_word' id='word_1_590' title='bbox 2100 3806 2117 3852; x_wconf 89' lang='lat'><strong><em>;</em></strong></span> <span class='ocrx_word' id='word_1_591' title='bbox 2151 3804 2369 3856; x_wconf 77' lang='lat' dir='ltr'><strong>eumque</strong></span> <span class='ocrx_word' id='word_1_592' title='bbox 2399 3784 2647 3845; x_wconf 76' lang='lat' dir='ltr'><strong>Seleucus</strong></span> <span class='ocrx_word' id='word_1_593' title='bbox 2691 3786 2865 3853; x_wconf 74' lang='lat' dir='ltr'><strong>major</strong></span> <span class='ocrx_word' id='word_1_594' title='bbox 2896 3788 3051 3844; x_wconf 74' lang='lat' dir='ltr'><strong>lenia</strong></span> <span class='ocrx_word' id='word_1_595' title='bbox 3073 3802 3215 3840; x_wconf 80' lang='lat' dir='ltr'><strong>anno</strong></span> <span class='ocrx_word' id='word_1_596' title='bbox 3244 3787 3449 3857; x_wconf 79' lang='lat' dir='ltr'><strong>imperii</strong></span> 
     </span>
    </p>
   </div>
   <div class='ocr_carea' id='block_1_84' title="bbox 1877 3876 3454 3948">
    <p class='ocr_par' dir='ltr' id='par_1_84' title="bbox 1877 3876 3454 3948">
     <span class='ocr_line' id='line_1_84' title="bbox 1877 3876 3454 3948; baseline -0.002 -13"><span class='ocrx_word' id='word_1_597' title='bbox 1877 3890 2005 3935; x_wconf 81' lang='lat' dir='ltr'><strong>esset</strong></span> <span class='ocrx_word' id='word_1_598' title='bbox 2058 3879 2258 3932; x_wconf 81' lang='lat' dir='ltr'><strong>occisus</strong></span> <span class='ocrx_word' id='word_1_599' title='bbox 2308 3880 2362 3932; x_wconf 85' lang='lat' dir='ltr'><strong>in</strong></span> <span class='ocrx_word' id='word_1_600' title='bbox 2427 3876 2657 3948; x_wconf 82' lang='lat' dir='ltr'><strong>Phrygia</strong></span> <span class='ocrx_word' id='word_1_601' title='bbox 2698 3893 2791 3945; x_wconf 77' lang='lat' dir='ltr'><strong>per</strong></span> <span class='ocrx_word' id='word_1_602' title='bbox 2843 3876 3033 3941; x_wconf 53' lang='lat' dir='ltr'><strong>dolum,</strong></span> <span class='ocrx_word' id='word_1_603' title='bbox 3073 3876 3359 3939; x_wconf 77' lang='lat' dir='ltr'><strong>Nicanoris</strong></span> <span class='ocrx_word' id='word_1_604' title='bbox 3402 3892 3454 3941; x_wconf 67' lang='lat' dir='ltr'><strong>es</strong></span> 
     </span>
    </p>
   </div>
   <div class='ocr_carea' id='block_1_85' title="bbox 1880 3960 3452 4041">
    <p class='ocr_par' dir='ltr' id='par_1_85' title="bbox 1880 3960 3452 4041">
     <span class='ocr_line' id='line_1_85' title="bbox 1880 3960 3452 4041; baseline 0.001 -18"><span class='ocrx_word' id='word_1_605' title='bbox 1880 3971 2132 4041; x_wconf 79' lang='lat' dir='ltr'><strong>Apaturii</strong></span> <span class='ocrx_word' id='word_1_606' title='bbox 2158 4010 2172 4033; x_wconf 92' lang='lat'><strong>,</strong></span> <span class='ocrx_word' id='word_1_607' title='bbox 2220 3972 2472 4033; x_wconf 69' lang='lat' dir='ltr'><strong>exercitus</strong></span> <span class='ocrx_word' id='word_1_608' title='bbox 2492 4010 2506 4033; x_wconf 92' lang='lat'><strong>,</strong></span> <span class='ocrx_word' id='word_1_609' title='bbox 2544 3968 2634 4037; x_wconf 77' lang='lat' dir='ltr'><strong>qui</strong></span> <span class='ocrx_word' id='word_1_610' title='bbox 2654 3960 2769 4022; x_wconf 76' lang='lat' dir='ltr'><strong>erat</strong></span> <span class='ocrx_word' id='word_1_611' title='bbox 2814 3969 2870 4022; x_wconf 87' lang='lat' dir='ltr'><strong>in</strong></span> <span class='ocrx_word' id='word_1_612' title='bbox 2899 3968 3055 4039; x_wconf 78' lang='lat' dir='ltr'><strong>Syria</strong></span> <span class='ocrx_word' id='word_1_613' title='bbox 3086 4009 3102 4035; x_wconf 94' lang='lat'><strong>,</strong></span> <span class='ocrx_word' id='word_1_614' title='bbox 3133 3970 3452 4033; x_wconf 76' lang='lat' dir='ltr'><strong>Antiochum</strong></span> 
     </span>
    </p>
   </div>
   <div class='ocr_carea' id='block_1_86' title="bbox 1880 4058 3457 4133">
    <p class='ocr_par' dir='ltr' id='par_1_86' title="bbox 1880 4058 3457 4133">
     <span class='ocr_line' id='line_1_86' title="bbox 1880 4058 3457 4133; baseline 0.001 -20"><span class='ocrx_word' id='word_1_615' title='bbox 1880 4063 2098 4133; x_wconf 66' lang='lat' dir='ltr'><strong>fratrem</strong></span> <span class='ocrx_word' id='word_1_616' title='bbox 2144 4063 2256 4131; x_wconf 75' lang='lat' dir='ltr'><strong>ejus</strong></span> <span class='ocrx_word' id='word_1_617' title='bbox 2290 4060 2353 4113; x_wconf 83' lang='lat' dir='ltr'><strong>de</strong></span> <span class='ocrx_word' id='word_1_618' title='bbox 2382 4059 2650 4129; x_wconf 62' lang='lat' dir='ltr'><strong>Babylone</strong></span> <span class='ocrx_word' id='word_1_619' title='bbox 2703 4058 2902 4115; x_wconf 79' lang='lat' dir='ltr'><strong>vocavit</strong></span> <span class='ocrx_word' id='word_1_620' title='bbox 2926 4059 2994 4113; x_wconf 83' lang='lat' dir='ltr'><strong>arl</strong></span> <span class='ocrx_word' id='word_1_621' title='bbox 3023 4075 3259 4129; x_wconf 81' lang='lat' dir='ltr'><strong>regnum.</strong></span> <span class='ocrx_word' id='word_1_622' title='bbox 3316 4058 3457 4114; x_wconf 83' lang='lat' dir='ltr'><strong>llinc</strong></span> 
     </span>
    </p>
   </div>
   <div class='ocr_carea' id='block_1_87' title="bbox 1880 4150 3457 4220">
    <p class='ocr_par' dir='ltr' id='par_1_87' title="bbox 1880 4150 3457 4220">
     <span class='ocr_line' id='line_1_87' title="bbox 1880 4150 3457 4220; baseline 0.002 -17"><span class='ocrx_word' id='word_1_623' title='bbox 1880 4152 2158 4218; x_wconf 77' lang='lat' dir='ltr'><strong>Appianus</strong></span> <span class='ocrx_word' id='word_1_624' title='bbox 2189 4151 2242 4203; x_wconf 90' lang='lat' dir='ltr'><strong>in</strong></span> <span class='ocrx_word' id='word_1_625' title='bbox 2276 4150 2512 4220; x_wconf 78' lang='lat' dir='ltr'><strong>Syriacis</strong></span> <span class='ocrx_word' id='word_1_626' title='bbox 2539 4150 3027 4218; x_wconf 71' lang='lat' dir='ltr'><strong>explicandusest,</strong></span> <span class='ocrx_word' id='word_1_627' title='bbox 3063 4151 3151 4205; x_wconf 90' lang='lat' dir='ltr'><strong>ubi</strong></span> <span class='ocrx_word' id='word_1_628' title='bbox 3184 4150 3261 4206; x_wconf 83' lang='lat' dir='ltr'><strong>ait</strong></span> <span class='ocrx_word' id='word_1_629' title='bbox 3281 4191 3294 4214; x_wconf 86' lang='lat'><strong>.</strong></span> <span class='ocrx_word' id='word_1_630' title='bbox 3325 4151 3457 4206; x_wconf 84' lang='lat' dir='ltr'><strong>sub-</strong></span> 
     </span>
    </p>
   </div>
   <div class='ocr_carea' id='block_1_88' title="bbox 1874 4231 3456 4315">
    <p class='ocr_par' dir='ltr' id='par_1_88' title="bbox 1874 4231 3456 4315">
     <span class='ocr_line' id='line_1_88' title="bbox 1874 4231 3456 4315; baseline 0 -19"><span class='ocrx_word' id='word_1_631' title='bbox 1874 4231 2052 4296; x_wconf 83' lang='lat' dir='ltr'><strong>latum</strong></span> <span class='ocrx_word' id='word_1_632' title='bbox 2087 4241 2258 4296; x_wconf 78' lang='lat' dir='ltr'><strong>luisse</strong></span> <span class='ocrx_word' id='word_1_633' title='bbox 2285 4239 2569 4315; x_wconf 71' lang='lat' dir='ltr'><strong>Seleucum</strong></span> <span class='ocrx_word' id='word_1_634' title='bbox 2606 4255 2850 4307; x_wconf 82' lang='lat' dir='ltr'><strong>veneno,</strong></span> <span class='ocrx_word' id='word_1_635' title='bbox 2885 4251 2999 4310; x_wconf 79' lang='lat' dir='ltr'><strong>post</strong></span> <span class='ocrx_word' id='word_1_636' title='bbox 3029 4251 3273 4296; x_wconf 71' lang='lat' dir='ltr'><strong>exactum</strong></span> <span class='ocrx_word' id='word_1_637' title='bbox 3306 4243 3456 4312; x_wconf 81' lang='lat' dir='ltr'><strong>regni</strong></span> 
     </span>
    </p>
   </div>
   <div class='ocr_carea' id='block_1_89' title="bbox 1881 4330 3456 4401">
    <p class='ocr_par' dir='ltr' id='par_1_89' title="bbox 1881 4330 3456 4401">
     <span class='ocr_line' id='line_1_89' title="bbox 1881 4330 3456 4401; baseline 0.002 -17"><span class='ocrx_word' id='word_1_638' title='bbox 1881 4346 2077 4384; x_wconf 88' lang='lat' dir='ltr'><strong>annum</strong></span> <span class='ocrx_word' id='word_1_639' title='bbox 2130 4331 2406 4383; x_wconf 84' lang='lat' dir='ltr'><strong>alterum:</strong></span> <span class='ocrx_word' id='word_1_640' title='bbox 2442 4330 2759 4383; x_wconf 82' lang='lat' dir='ltr'><strong>Antiochum</strong></span> <span class='ocrx_word' id='word_1_641' title='bbox 2802 4345 2924 4385; x_wconf 78' lang='lat' dir='ltr'><strong>vero</strong></span> <span class='ocrx_word' id='word_1_642' title='bbox 2984 4332 3288 4401; x_wconf 78' lang='lat' dir='ltr'><strong>cognomine</strong></span> <span class='ocrx_word' id='word_1_643' title='bbox 3332 4331 3456 4387; x_wconf 73' lang='lat' dir='ltr'><strong>Ma-</strong></span> 
     </span>
    </p>
   </div>
   <div class='ocr_carea' id='block_1_90' title="bbox 190 4423 3003 4513">
    <p class='ocr_par' dir='ltr' id='par_1_90' title="bbox 190 4423 3003 4513">
     <span class='ocr_line' id='line_1_90' title="bbox 190 4423 3003 4513; baseline -0.002 -31"><span class='ocrx_word' id='word_1_644' title='bbox 190 4444 231 4482; x_wconf 82' lang='lat' dir='ltr'><strong>n</strong></span> <span class='ocrx_word' id='word_1_645' title='bbox 268 4436 326 4481; x_wconf 84' lang='lat' dir='ltr'><strong>et</strong></span> <span class='ocrx_word' id='word_1_646' title='bbox 354 4426 421 4493; x_wconf 80' lang='grc' dir='ltr'><strong>ρ.</strong></span> <span class='ocrx_word' id='word_1_647' title='bbox 455 4426 944 4491; x_wconf 64' lang='lat' dir='ltr'><strong>Lutatio~Cercone</strong></span> <span class='ocrx_word' id='word_1_648' title='bbox 970 4443 1115 4492; x_wconf 81' lang='lat' dir='ltr'><strong>coss.</strong></span> <span class='ocrx_word' id='word_1_649' title='bbox 1146 4469 1162 4495; x_wconf 94' lang='lat'><strong>,</strong></span> <span class='ocrx_word' id='word_1_650' title='bbox 1200 4430 1290 4505; x_wconf 87' lang='lat' dir='ltr'><strong>qui</strong></span> <span class='ocrx_word' id='word_1_651' title='bbox 1331 4445 1507 4487; x_wconf 86' lang='lat' dir='ltr'><strong>annus</strong></span> <span class='ocrx_word' id='word_1_652' title='bbox 1545 4438 1631 4485; x_wconf 86' lang='lat' dir='ltr'><strong>est</strong></span> <span class='ocrx_word' id='word_1_653' title='bbox 1675 4431 1777 4485; x_wconf 89' lang='lat' dir='ltr'><strong>hu-</strong></span> <span class='ocrx_word' id='word_1_654' title='bbox 1808 4440 1853 4513; x_wconf 65' lang='grc' dir='ltr'><strong>ι)</strong></span> <span class='ocrx_word' id='word_1_655' title='bbox 1880 4439 2041 4494; x_wconf 81' lang='lat' dir='ltr'><strong>gnum</strong></span> <span class='ocrx_word' id='word_1_656' title='bbox 2071 4437 2312 4493; x_wconf 77' lang='lat' dir='ltr'><strong>regnasse</strong></span> <span class='ocrx_word' id='word_1_657' title='bbox 2340 4423 2757 4507; x_wconf 28' lang='lat' dir='ltr'><strong>annos‘uiginta</strong></span> <span class='ocrx_word' id='word_1_658' title='bbox 2786 4432 3003 4493; x_wconf 77' lang='lat' dir='ltr'><strong>septem.</strong></span> 
     </span>
    </p>
   </div>
   <div class='ocr_carea' id='block_1_91' title="bbox 183 4520 871 4591">
    <p class='ocr_par' dir='ltr' id='par_1_91' title="bbox 183 4520 871 4591">
     <span class='ocr_line' id='line_1_91' title="bbox 183 4520 871 4591; baseline 0.001 -18"><span class='ocrx_word' id='word_1_659' title='bbox 183 4521 359 4591; x_wconf 61' lang='lat' dir='ltr'><strong>lusce</strong></span> <span class='ocrx_word' id='word_1_660' title='bbox 387 4520 599 4589; x_wconf 74' lang='lat' dir='ltr'><strong>olylnp.</strong></span> <span class='ocrx_word' id='word_1_661' title='bbox 623 4528 871 4585; x_wconf 86' lang='lat' dir='ltr'><strong>quartus.</strong></span> 
     </span>
    </p>
   </div>
   <div class='ocr_carea' id='block_1_92' title="bbox 271 4596 1785 4678">
    <p class='ocr_par' dir='ltr' id='par_1_92' title="bbox 271 4596 1785 4678">
     <span class='ocr_line' id='line_1_92' title="bbox 271 4596 1785 4678; baseline 0.001 -13"><span class='ocrx_word' id='word_1_662' title='bbox 271 4608 399 4671; x_wconf 82' lang='lat' dir='ltr'><strong>Col.</strong></span> <span class='ocrx_word' id='word_1_663' title='bbox 418 4608 546 4665; x_wconf 63' lang='lat'><strong>‘09.</strong></span> <span class='ocrx_word' id='word_1_664' title='bbox 564 4606 626 4671; x_wconf 84' lang='grc'><strong>11</strong></span> <span class='ocrx_word' id='word_1_665' title='bbox 652 4608 971 4675; x_wconf 82' lang='lat' dir='ltr'><strong>Demetrius.</strong></span> <span class='ocrx_word' id='word_1_666' title='bbox 998 4608 1114 4665; x_wconf 82' lang='lat' dir='ltr'><strong>lluc</strong></span> <span class='ocrx_word' id='word_1_667' title='bbox 1135 4596 1276 4663; x_wconf 77' lang='lat' dir='ltr'><strong>refer</strong></span> <span class='ocrx_word' id='word_1_668' title='bbox 1300 4624 1419 4678; x_wconf 65' lang='lat' dir='ltr'><strong>qua!</strong></span> <span class='ocrx_word' id='word_1_669' title='bbox 1447 4609 1696 4678; x_wconf 90' lang='lat' dir='ltr'><strong>superius</strong></span> <span class='ocrx_word' id='word_1_670' title='bbox 1717 4610 1785 4666; x_wconf 90' lang='lat' dir='ltr'><strong>de</strong></span> 
     </span>
    </p>
   </div>
   <div class='ocr_carea' id='block_1_93' title="bbox 188 4700 1785 4772">
    <p class='ocr_par' dir='ltr' id='par_1_93' title="bbox 188 4700 1785 4772">
     <span class='ocr_line' id='line_1_93' title="bbox 188 4700 1785 4772; baseline 0 -15"><span class='ocrx_word' id='word_1_671' title='bbox 188 4702 367 4758; x_wconf 84' lang='lat' dir='ltr'><strong>annis</strong></span> <span class='ocrx_word' id='word_1_672' title='bbox 394 4700 648 4772; x_wconf 79' lang='lat' dir='ltr'><strong>Antigoni</strong></span> <span class='ocrx_word' id='word_1_673' title='bbox 682 4702 1066 4767; x_wconf 88' lang='lat' dir='ltr'><strong>observamus;</strong></span> <span class='ocrx_word' id='word_1_674' title='bbox 1102 4710 1160 4756; x_wconf 88' lang='lat' dir='ltr'><strong>ut</strong></span> <span class='ocrx_word' id='word_1_675' title='bbox 1196 4701 1341 4756; x_wconf 90' lang='lat' dir='ltr'><strong>enim</strong></span> <span class='ocrx_word' id='word_1_676' title='bbox 1375 4700 1464 4755; x_wconf 90' lang='lat' dir='ltr'><strong>ille</strong></span> <span class='ocrx_word' id='word_1_677' title='bbox 1490 4700 1669 4757; x_wconf 84' lang='lat' dir='ltr'><strong>serius</strong></span> <span class='ocrx_word' id='word_1_678' title='bbox 1694 4716 1785 4762; x_wconf 49' lang='lat' dir='ltr'><strong>rea-</strong></span> 
     </span>
    </p>
   </div>
   <div class='ocr_carea' id='block_1_94' title="bbox 188 4792 1785 4865">
    <p class='ocr_par' dir='ltr' id='par_1_94' title="bbox 188 4792 1785 4865">
     <span class='ocr_line' id='line_1_94' title="bbox 188 4792 1785 4865; baseline -0.003 -15"><span class='ocrx_word' id='word_1_679' title='bbox 188 4809 373 4864; x_wconf 70' lang='lat' dir='ltr'><strong>gnum</strong></span> <span class='ocrx_word' id='word_1_680' title='bbox 405 4794 705 4864; x_wconf 87' lang='lat' dir='ltr'><strong>arripuisse</strong></span> <span class='ocrx_word' id='word_1_681' title='bbox 738 4793 938 4848; x_wconf 89' lang='lat' dir='ltr'><strong>dicitur</strong></span> <span class='ocrx_word' id='word_1_682' title='bbox 970 4792 1243 4865; x_wconf 85' lang='lat' dir='ltr'><strong>Syncello,</strong></span> <span class='ocrx_word' id='word_1_683' title='bbox 1265 4792 1442 4848; x_wconf 88' lang='lat' dir='ltr'><strong>serius</strong></span> <span class='ocrx_word' id='word_1_684' title='bbox 1462 4807 1679 4863; x_wconf 90' lang='lat' dir='ltr'><strong>quoque</strong></span> <span class='ocrx_word' id='word_1_685' title='bbox 1703 4792 1785 4846; x_wconf 78' lang='lat' dir='ltr'><strong>vi-</strong></span> 
     </span>
    </p>
   </div>
   <div class='ocr_carea' id='block_1_95' title="bbox 188 4884 1786 4957">
    <p class='ocr_par' dir='ltr' id='par_1_95' title="bbox 188 4884 1786 4957">
     <span class='ocr_line' id='line_1_95' title="bbox 188 4884 1786 4957; baseline 0.001 -18"><span class='ocrx_word' id='word_1_686' title='bbox 188 4894 313 4940; x_wconf 82' lang='lat' dir='ltr'><strong>tam</strong></span> <span class='ocrx_word' id='word_1_687' title='bbox 344 4886 530 4950; x_wconf 74' lang='lat' dir='ltr'><strong>[luisse</strong></span> <span class='ocrx_word' id='word_1_688' title='bbox 555 4925 572 4952; x_wconf 90' lang='lat'><strong>,</strong></span> <span class='ocrx_word' id='word_1_689' title='bbox 629 4884 929 4957; x_wconf 85' lang='lat' dir='ltr'><strong>Porphyrio</strong></span> <span class='ocrx_word' id='word_1_690' title='bbox 966 4903 980 4940; x_wconf 91' lang='lat'><strong>:</strong></span> <span class='ocrx_word' id='word_1_691' title='bbox 1015 4886 1089 4941; x_wconf 91' lang='lat' dir='ltr'><strong>ita</strong></span> <span class='ocrx_word' id='word_1_692' title='bbox 1116 4885 1530 4947; x_wconf 82' lang='lat' dir='ltr'><strong>istesuccessor</strong></span> <span class='ocrx_word' id='word_1_693' title='bbox 1562 4884 1682 4954; x_wconf 84' lang='lat' dir='ltr'><strong>ejus</strong></span> <span class='ocrx_word' id='word_1_694' title='bbox 1728 4891 1786 4949; x_wconf 66' lang='lat' dir='ltr'><strong>et</strong></span> 
     </span>
    </p>
   </div>
   <div class='ocr_carea' id='block_1_96' title="bbox 190 4978 1784 5049">
    <p class='ocr_par' dir='ltr' id='par_1_96' title="bbox 190 4978 1784 5049">
     <span class='ocr_line' id='line_1_96' title="bbox 190 4978 1784 5049; baseline 0 -16"><span class='ocrx_word' id='word_1_695' title='bbox 190 4979 355 5034; x_wconf 81' lang='lat' dir='ltr'><strong>ﬁlius</strong></span> <span class='ocrx_word' id='word_1_696' title='bbox 396 4978 706 5034; x_wconf 89' lang='lat' dir='ltr'><strong>Demetrius</strong></span> <span class='ocrx_word' id='word_1_697' title='bbox 735 4978 1141 5049; x_wconf 80' lang='lat' dir='ltr'><strong>postponendus</strong></span> <span class='ocrx_word' id='word_1_698' title='bbox 1202 4980 1266 5034; x_wconf 89' lang='lat' dir='ltr'><strong>ad</strong></span> <span class='ocrx_word' id='word_1_699' title='bbox 1318 4994 1504 5033; x_wconf 90' lang='lat' dir='ltr'><strong>eorum</strong></span> <span class='ocrx_word' id='word_1_700' title='bbox 1542 4978 1784 5045; x_wconf 76' lang='lat' dir='ltr'><strong>rationes</strong></span> 
     </span>
    </p>
   </div>
   <div class='ocr_carea' id='block_1_97' title="bbox 186 5070 663 5131">
    <p class='ocr_par' dir='ltr' id='par_1_97' title="bbox 186 5070 663 5131">
     <span class='ocr_line' id='line_1_97' title="bbox 186 5070 663 5131; baseline 0 -6"><span class='ocrx_word' id='word_1_701' title='bbox 186 5070 507 5125; x_wconf 70' lang='lat' dir='ltr'><strong>rideretur.</strong></span> <span class='ocrx_word' id='word_1_702' title='bbox 658 5126 663 5131; x_wconf 41' lang='lat'><strong>.</strong></span> 
     </span>
    </p>
   </div>
   <div class='ocr_carea' id='block_1_98' title="bbox 274 5160 1786 5235">
    <p class='ocr_par' dir='ltr' id='par_1_98' title="bbox 274 5160 1786 5235">
     <span class='ocr_line' id='line_1_98' title="bbox 274 5160 1786 5235; baseline 0.001 -20"><span class='ocrx_word' id='word_1_703' title='bbox 274 5160 416 5216; x_wconf 86' lang='lat' dir='ltr'><strong>Ibid.</strong></span> <span class='ocrx_word' id='word_1_704' title='bbox 451 5161 614 5218; x_wconf 78' lang='lat' dir='ltr'><strong><em>XIII.</em></strong></span> <span class='ocrx_word' id='word_1_705' title='bbox 642 5163 960 5234; x_wconf 81' lang='lat' dir='ltr'><strong>Antigonus.</strong></span> <span class='ocrx_word' id='word_1_706' title='bbox 1010 5162 1275 5217; x_wconf 73' lang='lat' dir='ltr'><strong>Nimirum</strong></span> <span class='ocrx_word' id='word_1_707' title='bbox 1310 5166 1402 5234; x_wconf 86' lang='lat' dir='ltr'><strong>qui</strong></span> <span class='ocrx_word' id='word_1_708' title='bbox 1436 5164 1786 5235; x_wconf 79' lang='lat' dir='ltr'><strong>cognomina-</strong></span> 
     </span>
    </p>
   </div>
   <div class='ocr_carea' id='block_1_99' title="bbox 192 5253 1781 5337">
    <p class='ocr_par' dir='ltr' id='par_1_99' title="bbox 192 5253 1781 5337">
     <span class='ocr_line' id='line_1_99' title="bbox 192 5253 1781 5337; baseline 0.001 -27"><span class='ocrx_word' id='word_1_709' title='bbox 192 5263 413 5337; x_wconf 41' lang='lat' dir='ltr'><strong>tus‘est</strong></span> <span class='ocrx_word' id='word_1_710' title='bbox 447 5253 653 5321; x_wconf 88' lang='lat' dir='ltr'><strong>Doson,</strong></span> <span class='ocrx_word' id='word_1_711' title='bbox 688 5257 754 5312; x_wconf 88' lang='lat' dir='ltr'><strong>de</strong></span> <span class='ocrx_word' id='word_1_712' title='bbox 783 5272 893 5326; x_wconf 87' lang='lat' dir='ltr'><strong>quo</strong></span> <span class='ocrx_word' id='word_1_713' title='bbox 922 5257 1045 5311; x_wconf 83' lang='lat' dir='ltr'><strong>vide</strong></span> <span class='ocrx_word' id='word_1_714' title='bbox 1082 5257 1442 5328; x_wconf 79' lang='lat' dir='ltr'><strong>etymologum</strong></span> <span class='ocrx_word' id='word_1_715' title='bbox 1475 5262 1529 5312; x_wconf 87' lang='lat' dir='ltr'><strong>in</strong></span> <span class='ocrx_word' id='word_1_716' title='bbox 1560 5256 1781 5315; x_wconf 81' lang='grc' dir='ltr'><strong>Δώσων.</strong></span> 
     </span>
    </p>
   </div>
   <div class='ocr_carea' id='block_1_100' title="bbox 192 5344 1782 5419">
    <p class='ocr_par' dir='ltr' id='par_1_100' title="bbox 192 5344 1782 5419">
     <span class='ocr_line' id='line_1_100' title="bbox 192 5344 1782 5419; baseline 0.001 -21"><span class='ocrx_word' id='word_1_717' title='bbox 192 5344 369 5401; x_wconf 84' lang='lat' dir='ltr'><strong>&quot;unc</strong></span> <span class='ocrx_word' id='word_1_718' title='bbox 420 5358 578 5401; x_wconf 84' lang='lat' dir='ltr'><strong>vocat</strong></span> <span class='ocrx_word' id='word_1_719' title='bbox 623 5346 897 5418; x_wconf 78' lang='lat' dir='ltr'><strong>Dexippus</strong></span> <span class='ocrx_word' id='word_1_720' title='bbox 932 5345 1240 5416; x_wconf 60' lang='grc' dir='ltr'><strong>Ἀντίγονον</strong></span> <span class='ocrx_word' id='word_1_721' title='bbox 1285 5349 1375 5401; x_wconf 72' lang='grc' dir='ltr'><strong>τὸν</strong></span> <span class='ocrx_word' id='word_1_722' title='bbox 1424 5348 1739 5419; x_wconf 64' lang='grc' dir='ltr'><strong>Δημητρίου</strong></span> <span class='ocrx_word' id='word_1_723' title='bbox 1766 5385 1782 5411; x_wconf 87' lang='grc'><em>,</em></span> 
     </span>
    </p>
   </div>
   <div class='ocr_carea' id='block_1_101' title="bbox 184 5437 1783 5495">
    <p class='ocr_par' dir='ltr' id='par_1_101' title="bbox 184 5437 1783 5495">
     <span class='ocr_line' id='line_1_101' title="bbox 184 5437 1783 5495; baseline 0.001 -4"><span class='ocrx_word' id='word_1_724' title='bbox 184 5437 459 5491; x_wconf 85' lang='lat' dir='ltr'><strong>indicans</strong></span> <span class='ocrx_word' id='word_1_725' title='bbox 508 5450 630 5492; x_wconf 89' lang='lat' dir='ltr'><strong>eum</strong></span> <span class='ocrx_word' id='word_1_726' title='bbox 683 5437 952 5493; x_wconf 84' lang='lat' dir='ltr'><strong>Demetrio</strong></span> <span class='ocrx_word' id='word_1_727' title='bbox 999 5438 1256 5493; x_wconf 91' lang='lat' dir='ltr'><strong>Demetrii</strong></span> <span class='ocrx_word' id='word_1_728' title='bbox 1312 5440 1635 5495; x_wconf 67' lang='lat' dir='ltr'><strong>Poliorcetre</strong></span> <span class='ocrx_word' id='word_1_729' title='bbox 1675 5438 1783 5494; x_wconf 84' lang='lat' dir='ltr'><strong>lilio</strong></span> 
     </span>
    </p>
   </div>
   <div class='ocr_carea' id='block_1_102' title="bbox 185 5530 1782 5601">
    <p class='ocr_par' dir='ltr' id='par_1_102' title="bbox 185 5530 1782 5601">
     <span class='ocr_line' id='line_1_102' title="bbox 185 5530 1782 5601; baseline 0.001 -19"><span class='ocrx_word' id='word_1_730' title='bbox 185 5543 330 5583; x_wconf 77' lang='lat' dir='ltr'><strong>esse</strong></span> <span class='ocrx_word' id='word_1_731' title='bbox 371 5538 585 5592; x_wconf 87' lang='lat' dir='ltr'><strong>natum,</strong></span> <span class='ocrx_word' id='word_1_732' title='bbox 611 5536 670 5582; x_wconf 91' lang='lat' dir='ltr'><strong>ut</strong></span> <span class='ocrx_word' id='word_1_733' title='bbox 709 5535 954 5601; x_wconf 75' lang='lat' dir='ltr'><strong>notatum</strong></span> <span class='ocrx_word' id='word_1_734' title='bbox 984 5539 1068 5587; x_wconf 89' lang='lat' dir='ltr'><strong>est</strong></span> <span class='ocrx_word' id='word_1_735' title='bbox 1095 5531 1270 5586; x_wconf 84' lang='lat' dir='ltr'><strong>doctis</strong></span> <span class='ocrx_word' id='word_1_736' title='bbox 1309 5530 1440 5586; x_wconf 86' lang='lat' dir='ltr'><strong>viris</strong></span> <span class='ocrx_word' id='word_1_737' title='bbox 1475 5547 1490 5597; x_wconf 87' lang='lat'><strong>;</strong></span> <span class='ocrx_word' id='word_1_738' title='bbox 1523 5530 1782 5585; x_wconf 88' lang='lat' dir='ltr'><strong>habuisse</strong></span> 
     </span>
    </p>
   </div>
   <div class='ocr_carea' id='block_1_103' title="bbox 182 5616 1781 5684">
    <p class='ocr_par' dir='ltr' id='par_1_103' title="bbox 182 5616 1781 5684">
     <span class='ocr_line' id='line_1_103' title="bbox 182 5616 1781 5684; baseline 0.001 -13"><span class='ocrx_word' id='word_1_739' title='bbox 182 5617 353 5671; x_wconf 83' lang='lat' dir='ltr'><strong>enim</strong></span> <span class='ocrx_word' id='word_1_740' title='bbox 406 5616 736 5672; x_wconf 84' lang='lat' dir='ltr'><strong>Demetrium</strong></span> <span class='ocrx_word' id='word_1_741' title='bbox 789 5617 1142 5673; x_wconf 87' lang='lat' dir='ltr'><strong>Poliorcetem</strong></span> <span class='ocrx_word' id='word_1_742' title='bbox 1190 5632 1254 5673; x_wconf 89' lang='lat' dir='ltr'><strong>eo</strong></span> <span class='ocrx_word' id='word_1_743' title='bbox 1289 5618 1505 5674; x_wconf 88' lang='lat' dir='ltr'><strong>nomine</strong></span> <span class='ocrx_word' id='word_1_744' title='bbox 1568 5618 1736 5673; x_wconf 84' lang='lat' dir='ltr'><strong>lilium</strong></span> <span class='ocrx_word' id='word_1_745' title='bbox 1765 5656 1781 5684; x_wconf 92' lang='lat'><strong>,</strong></span> 
     </span>
    </p>
   </div>
   <div class='ocr_carea' id='block_1_104' title="bbox 185 5706 1778 5780">
    <p class='ocr_par' dir='ltr' id='par_1_104' title="bbox 185 5706 1778 5780">
     <span class='ocr_line' id='line_1_104' title="bbox 185 5706 1778 5780; baseline 0 -15"><span class='ocrx_word' id='word_1_746' title='bbox 185 5714 426 5775; x_wconf 62' lang='lat' dir='ltr'><strong>constat</strong></span> <span class='ocrx_word' id='word_1_747' title='bbox 457 5723 520 5763; x_wconf 76' lang='lat' dir='ltr'><strong>ex</strong></span> <span class='ocrx_word' id='word_1_748' title='bbox 553 5706 843 5766; x_wconf 80' lang='lat' dir='ltr'><strong>Plutarcho</strong></span> <span class='ocrx_word' id='word_1_749' title='bbox 878 5710 933 5765; x_wconf 92' lang='lat' dir='ltr'><strong>in</strong></span> <span class='ocrx_word' id='word_1_750' title='bbox 967 5709 1255 5766; x_wconf 87' lang='lat' dir='ltr'><strong>Demetrio.</strong></span> <span class='ocrx_word' id='word_1_751' title='bbox 1315 5708 1499 5765; x_wconf 84' lang='lat' dir='ltr'><strong>Fuerit</strong></span> <span class='ocrx_word' id='word_1_752' title='bbox 1531 5709 1617 5765; x_wconf 90' lang='lat' dir='ltr'><strong>hic</strong></span> <span class='ocrx_word' id='word_1_753' title='bbox 1651 5724 1778 5780; x_wconf 86' lang='lat' dir='ltr'><strong>por-</strong></span> 
     </span>
    </p>
   </div>
   <div class='ocr_carea' id='block_1_105' title="bbox 1956 4497 3451 4585">
    <p class='ocr_par' dir='ltr' id='par_1_105' title="bbox 1956 4497 3451 4585">
     <span class='ocr_line' id='line_1_105' title="bbox 1956 4497 3451 4585; baseline 0.001 -15"><span class='ocrx_word' id='word_1_754' title='bbox 1956 4515 2073 4574; x_wconf 84' lang='lat' dir='ltr'><strong>Col.</strong></span> <span class='ocrx_word' id='word_1_755' title='bbox 2106 4513 2233 4571; x_wconf 72' lang='lat' dir='ltr'><strong>ut.</strong></span> <span class='ocrx_word' id='word_1_756' title='bbox 2266 4513 2344 4583; x_wconf 67' lang='grc' dir='ltr'><strong>ιγ</strong></span> <span class='ocrx_word' id='word_1_757' title='bbox 2372 4497 2686 4580; x_wconf 60' lang='lat' dir='ltr'><strong>Ptolemaeus</strong></span> <span class='ocrx_word' id='word_1_758' title='bbox 2730 4512 3064 4585; x_wconf 70' lang='lat' dir='ltr'><strong>Philopator.</strong></span> <span class='ocrx_word' id='word_1_759' title='bbox 3120 4513 3330 4571; x_wconf 86' lang='lat' dir='ltr'><strong>Dicitur</strong></span> <span class='ocrx_word' id='word_1_760' title='bbox 3358 4516 3451 4573; x_wconf 82' lang='lat' dir='ltr'><strong>hic</strong></span> 
     </span>
    </p>
   </div>
   <div class='ocr_carea' id='block_1_106' title="bbox 1886 4606 3469 4677">
    <p class='ocr_par' dir='ltr' id='par_1_106' title="bbox 1886 4606 3469 4677">
     <span class='ocr_line' id='line_1_106' title="bbox 1886 4606 3469 4677; baseline -0.003 -10"><span class='ocrx_word' id='word_1_761' title='bbox 1886 4607 2141 4667; x_wconf 86' lang='lat' dir='ltr'><strong>Straboni</strong></span> <span class='ocrx_word' id='word_1_762' title='bbox 2162 4606 2256 4662; x_wconf 89' lang='lat' dir='ltr'><strong>lib.</strong></span> <span class='ocrx_word' id='word_1_763' title='bbox 2284 4623 2415 4673; x_wconf 76' lang='lat' dir='ltr'><strong>xvtt,</strong></span> <span class='ocrx_word' id='word_1_764' title='bbox 2470 4607 2792 4677; x_wconf 74' lang='grc' dir='ltr'><strong>Φιλοπάτωρ</strong></span> <span class='ocrx_word' id='word_1_765' title='bbox 2822 4607 2851 4660; x_wconf 80' lang='grc' dir='ltr'><strong>ὁ</strong></span> <span class='ocrx_word' id='word_1_766' title='bbox 2888 4606 2992 4676; x_wconf 79' lang='grc' dir='ltr'><strong>τῆς</strong></span> <span class='ocrx_word' id='word_1_767' title='bbox 3035 4606 3469 4677; x_wconf 77' lang='grc' dir='ltr'><strong>’Δγαθοκ&gt;.ιῑας.”</strong></span> 
     </span>
    </p>
   </div>
   <div class='ocr_carea' id='block_1_107' title="bbox 1884 4691 3455 4770">
    <p class='ocr_par' dir='ltr' id='par_1_107' title="bbox 1884 4691 3455 4770">
     <span class='ocr_line' id='line_1_107' title="bbox 1884 4691 3455 4770; baseline 0.001 -17"><span class='ocrx_word' id='word_1_768' title='bbox 1884 4698 2106 4754; x_wconf 73' lang='lat' dir='ltr'><strong>famosa:</strong></span> <span class='ocrx_word' id='word_1_769' title='bbox 2133 4714 2331 4770; x_wconf 87' lang='lat' dir='ltr'><strong>nempe</strong></span> <span class='ocrx_word' id='word_1_770' title='bbox 2368 4698 2513 4758; x_wconf 85' lang='lat' dir='ltr'><strong>illius</strong></span> <span class='ocrx_word' id='word_1_771' title='bbox 2546 4691 2889 4769; x_wconf 66' lang='lat' dir='ltr'><strong>Agathoclem</strong></span> <span class='ocrx_word' id='word_1_772' title='bbox 2943 4698 3251 4754; x_wconf 88' lang='lat' dir='ltr'><strong>meretricis</strong></span> <span class='ocrx_word' id='word_1_773' title='bbox 3296 4713 3455 4754; x_wconf 77' lang='lat' dir='ltr'><strong>ama-</strong></span> 
     </span>
    </p>
   </div>
   <div class='ocr_carea' id='block_1_108' title="bbox 1886 4788 3454 4861">
    <p class='ocr_par' dir='ltr' id='par_1_108' title="bbox 1886 4788 3454 4861">
     <span class='ocr_line' id='line_1_108' title="bbox 1886 4788 3454 4861; baseline 0 -14"><span class='ocrx_word' id='word_1_774' title='bbox 1886 4799 1991 4857; x_wconf 89' lang='lat' dir='ltr'><strong>tor,</strong></span> <span class='ocrx_word' id='word_1_775' title='bbox 2021 4792 2294 4860; x_wconf 70' lang='lat' dir='ltr'><strong>nonulbc,</strong></span> <span class='ocrx_word' id='word_1_776' title='bbox 2330 4791 2498 4860; x_wconf 79' lang='lat' dir='ltr'><strong>ﬁlius,</strong></span> <span class='ocrx_word' id='word_1_777' title='bbox 2531 4800 2591 4845; x_wconf 91' lang='lat' dir='ltr'><strong>ut</strong></span> <span class='ocrx_word' id='word_1_778' title='bbox 2621 4791 2784 4845; x_wconf 89' lang='lat' dir='ltr'><strong>habet</strong></span> <span class='ocrx_word' id='word_1_779' title='bbox 2832 4797 3035 4845; x_wconf 80' lang='lat' dir='ltr'><strong>auctor‘</strong></span> <span class='ocrx_word' id='word_1_780' title='bbox 3063 4788 3454 4861; x_wconf 77' lang='lat' dir='ltr'><strong>Scaligeranus</strong></span> 
     </span>
    </p>
   </div>
   <div class='ocr_carea' id='block_1_109' title="bbox 1886 4872 3454 4955">
    <p class='ocr_par' dir='ltr' id='par_1_109' title="bbox 1886 4872 3454 4955">
     <span class='ocr_line' id='line_1_109' title="bbox 1886 4872 3454 4955; baseline -0.002 -13"><span class='ocrx_word' id='word_1_781' title='bbox 1886 4872 2205 4954; x_wconf 79' lang='lat' dir='ltr'><strong>Excerptor.</strong></span> <span class='ocrx_word' id='word_1_782' title='bbox 2232 4899 2357 4955; x_wconf 76' lang='lat' dir='ltr'><strong>pag.</strong></span> <span class='ocrx_word' id='word_1_783' title='bbox 2389 4878 2510 4947; x_wconf 77' lang='lat'><strong>3&#39;16.</strong></span> <span class='ocrx_word' id='word_1_784' title='bbox 2546 4883 2657 4937; x_wconf 85' lang='lat' dir='ltr'><strong>Nec</strong></span> <span class='ocrx_word' id='word_1_785' title='bbox 2684 4890 2767 4941; x_wconf 85' lang='lat' dir='ltr'><strong>est</strong></span> <span class='ocrx_word' id='word_1_786' title='bbox 2794 4883 2886 4953; x_wconf 86' lang='lat' dir='ltr'><strong>qui</strong></span> <span class='ocrx_word' id='word_1_787' title='bbox 2922 4882 3156 4952; x_wconf 77' lang='lat' dir='ltr'><strong>ignoret,</strong></span> <span class='ocrx_word' id='word_1_788' title='bbox 3186 4881 3454 4953; x_wconf 74' lang='lat' dir='ltr'><strong>Philopa-</strong></span> 
     </span>
    </p>
   </div>
   <div class='ocr_carea' id='block_1_110' title="bbox 1885 4975 3457 5047">
    <p class='ocr_par' dir='ltr' id='par_1_110' title="bbox 1885 4975 3457 5047">
     <span class='ocr_line' id='line_1_110' title="bbox 1885 4975 3457 5047; baseline -0.003 -11"><span class='ocrx_word' id='word_1_789' title='bbox 1885 4977 1992 5036; x_wconf 87' lang='lat' dir='ltr'><strong>tori</strong></span> <span class='ocrx_word' id='word_1_790' title='bbox 2025 4986 2253 5031; x_wconf 88' lang='lat' dir='ltr'><strong>matrem</strong></span> <span class='ocrx_word' id='word_1_791' title='bbox 2296 4975 2467 5032; x_wconf 79' lang='lat' dir='ltr'><strong>fuisse</strong></span> <span class='ocrx_word' id='word_1_792' title='bbox 2500 4975 2856 5030; x_wconf 89' lang='lat' dir='ltr'><strong>Berenicem:</strong></span> <span class='ocrx_word' id='word_1_793' title='bbox 2912 4989 2980 5030; x_wconf 88' lang='lat' dir='ltr'><strong>eo</strong></span> <span class='ocrx_word' id='word_1_794' title='bbox 3038 4981 3223 5030; x_wconf 87' lang='lat' dir='ltr'><strong>autem</strong></span> <span class='ocrx_word' id='word_1_795' title='bbox 3279 4990 3457 5047; x_wconf 86' lang='lat' dir='ltr'><strong>usque</strong></span> 
     </span>
    </p>
   </div>
   <div class='ocr_carea' id='block_1_111' title="bbox 1885 5064 3456 5138">
    <p class='ocr_par' dir='ltr' id='par_1_111' title="bbox 1885 5064 3456 5138">
     <span class='ocr_line' id='line_1_111' title="bbox 1885 5064 3456 5138; baseline -0.003 -13"><span class='ocrx_word' id='word_1_796' title='bbox 1885 5068 2122 5125; x_wconf 78' lang='lat' dir='ltr'><strong>valuisse</strong></span> <span class='ocrx_word' id='word_1_797' title='bbox 2152 5068 2292 5138; x_wconf 89' lang='lat' dir='ltr'><strong>apud</strong></span> <span class='ocrx_word' id='word_1_798' title='bbox 2328 5081 2506 5137; x_wconf 76' lang='lat' dir='ltr'><strong>regem</strong></span> <span class='ocrx_word' id='word_1_799' title='bbox 2540 5064 2926 5135; x_wconf 77' lang='lat' dir='ltr'><strong>Agathocleam</strong></span> <span class='ocrx_word' id='word_1_800' title='bbox 2958 5067 3189 5121; x_wconf 90' lang='lat' dir='ltr'><strong>amicam</strong></span> <span class='ocrx_word' id='word_1_801' title='bbox 3216 5068 3336 5121; x_wconf 91' lang='lat' dir='ltr'><strong>suis</strong></span> <span class='ocrx_word' id='word_1_802' title='bbox 3364 5081 3456 5120; x_wconf 89' lang='lat' dir='ltr'><strong>ar-</strong></span> 
     </span>
    </p>
   </div>
   <div class='ocr_carea' id='block_1_112' title="bbox 1889 5156 3452 5228">
    <p class='ocr_par' dir='ltr' id='par_1_112' title="bbox 1889 5156 3452 5228">
     <span class='ocr_line' id='line_1_112' title="bbox 1889 5156 3452 5228; baseline -0.002 -15"><span class='ocrx_word' id='word_1_803' title='bbox 1889 5160 2031 5214; x_wconf 90' lang='lat' dir='ltr'><strong>tibus</strong></span> <span class='ocrx_word' id='word_1_804' title='bbox 2072 5166 2235 5228; x_wconf 75' lang='lat' dir='ltr'><strong>atque</strong></span> <span class='ocrx_word' id='word_1_805' title='bbox 2265 5156 2558 5225; x_wconf 86' lang='lat' dir='ltr'><strong>illecebris,</strong></span> <span class='ocrx_word' id='word_1_806' title='bbox 2591 5167 2650 5208; x_wconf 91' lang='lat' dir='ltr'><strong>ut</strong></span> <span class='ocrx_word' id='word_1_807' title='bbox 2677 5157 2792 5225; x_wconf 90' lang='lat' dir='ltr'><strong>ipsa</strong></span> <span class='ocrx_word' id='word_1_808' title='bbox 2824 5156 2974 5226; x_wconf 76' lang='lat' dir='ltr'><strong>regni</strong></span> <span class='ocrx_word' id='word_1_809' title='bbox 3000 5158 3215 5227; x_wconf 80' lang='lat' dir='ltr'><strong>negotia</strong></span> <span class='ocrx_word' id='word_1_810' title='bbox 3250 5171 3452 5224; x_wconf 81' lang='lat' dir='ltr'><strong>procu-</strong></span> 
     </span>
    </p>
   </div>
   <div class='ocr_carea' id='block_1_113' title="bbox 1887 5241 3455 5321">
    <p class='ocr_par' dir='ltr' id='par_1_113' title="bbox 1887 5241 3455 5321">
     <span class='ocr_line' id='line_1_113' title="bbox 1887 5241 3455 5321; baseline -0.002 -17"><span class='ocrx_word' id='word_1_811' title='bbox 1887 5258 2050 5317; x_wconf 88' lang='lat' dir='ltr'><strong>raret,</strong></span> <span class='ocrx_word' id='word_1_812' title='bbox 2087 5264 2150 5305; x_wconf 81' lang='lat' dir='ltr'><strong>ex</strong></span> <span class='ocrx_word' id='word_1_813' title='bbox 2179 5264 2349 5321; x_wconf 81' lang='lat' dir='ltr'><strong>eaque</strong></span> <span class='ocrx_word' id='word_1_814' title='bbox 2371 5265 2464 5304; x_wconf 81' lang='lat' dir='ltr'><strong>rex</strong></span> <span class='ocrx_word' id='word_1_815' title='bbox 2493 5241 2912 5320; x_wconf 71' lang='lat' dir='ltr'><strong>cognomentum</strong></span> <span class='ocrx_word' id='word_1_816' title='bbox 2968 5249 3255 5317; x_wconf 87' lang='lat' dir='ltr'><strong>acciperet.</strong></span> <span class='ocrx_word' id='word_1_817' title='bbox 3319 5245 3455 5302; x_wconf 78' lang='lat' dir='ltr'><strong>Vide</strong></span> 
     </span>
    </p>
   </div>
   <div class='ocr_carea' id='block_1_114' title="bbox 1885 5326 3453 5411">
    <p class='ocr_par' dir='ltr' id='par_1_114' title="bbox 1885 5326 3453 5411">
     <span class='ocr_line' id='line_1_114' title="bbox 1885 5326 3453 5411; baseline -0.003 -15"><span class='ocrx_word' id='word_1_818' title='bbox 1885 5326 2163 5405; x_wconf 61' lang='lat' dir='ltr'><strong>insliuum</strong></span> <span class='ocrx_word' id='word_1_819' title='bbox 2192 5339 2287 5397; x_wconf 86' lang='lat' dir='ltr'><strong>lib.</strong></span> <span class='ocrx_word' id='word_1_820' title='bbox 2320 5356 2445 5403; x_wconf 79' lang='lat' dir='ltr'><strong>xu,</strong></span> <span class='ocrx_word' id='word_1_821' title='bbox 2473 5355 2597 5410; x_wconf 89' lang='lat' dir='ltr'><strong>cap.</strong></span> <span class='ocrx_word' id='word_1_822' title='bbox 2623 5340 2672 5409; x_wconf 79' lang='lat' dir='ltr'><strong>l,</strong></span> <span class='ocrx_word' id='word_1_823' title='bbox 2703 5348 2756 5394; x_wconf 87' lang='lat' dir='ltr'><strong>et</strong></span> <span class='ocrx_word' id='word_1_824' title='bbox 2779 5340 3063 5411; x_wconf 80' lang='lat' dir='ltr'><strong>Polybium</strong></span> <span class='ocrx_word' id='word_1_825' title='bbox 3103 5339 3195 5394; x_wconf 91' lang='lat' dir='ltr'><strong>lib.</strong></span> <span class='ocrx_word' id='word_1_826' title='bbox 3250 5352 3326 5400; x_wconf 87' lang='lat' dir='ltr'><strong>tv,</strong></span> <span class='ocrx_word' id='word_1_827' title='bbox 3359 5337 3453 5406; x_wconf 91' lang='lat' dir='ltr'><strong>qui</strong></span> 
     </span>
    </p>
   </div>
   <div class='ocr_carea' id='block_1_115' title="bbox 1885 5431 3455 5503">
    <p class='ocr_par' dir='ltr' id='par_1_115' title="bbox 1885 5431 3455 5503">
     <span class='ocr_line' id='line_1_115' title="bbox 1885 5431 3455 5503; baseline -0.003 -13"><span class='ocrx_word' id='word_1_828' title='bbox 1885 5443 1939 5490; x_wconf 87' lang='lat' dir='ltr'><strong>et</strong></span> <span class='ocrx_word' id='word_1_829' title='bbox 1982 5444 2134 5489; x_wconf 87' lang='lat' dir='ltr'><strong>notat</strong></span> <span class='ocrx_word' id='word_1_830' title='bbox 2160 5433 2491 5494; x_wconf 80' lang='lat' dir='ltr'><strong>successisse</strong></span> <span class='ocrx_word' id='word_1_831' title='bbox 2517 5448 2643 5488; x_wconf 88' lang='lat' dir='ltr'><strong>eum</strong></span> <span class='ocrx_word' id='word_1_832' title='bbox 2675 5432 2814 5503; x_wconf 89' lang='lat' dir='ltr'><strong>patri</strong></span> <span class='ocrx_word' id='word_1_833' title='bbox 2850 5433 3123 5503; x_wconf 66' lang='lat' dir='ltr'><strong>Evergetae</strong></span> <span class='ocrx_word' id='word_1_834' title='bbox 3145 5431 3455 5503; x_wconf 83' lang='lat' dir='ltr'><strong>Olympiade</strong></span> 
     </span>
    </p>
   </div>
   <div class='ocr_carea' id='block_1_116' title="bbox 1888 5522 3213 5595">
    <p class='ocr_par' dir='ltr' id='par_1_116' title="bbox 1888 5522 3213 5595">
     <span class='ocr_line' id='line_1_116' title="bbox 1888 5522 3213 5595; baseline 0.001 -15"><span class='ocrx_word' id='word_1_835' title='bbox 1888 5524 2009 5580; x_wconf 78' lang='grc'><strong>139.</strong></span> <span class='ocrx_word' id='word_1_836' title='bbox 2036 5525 2197 5583; x_wconf 82' lang='lat' dir='ltr'><strong>Adito</strong></span> <span class='ocrx_word' id='word_1_837' title='bbox 2235 5534 2288 5579; x_wconf 90' lang='lat' dir='ltr'><strong>et</strong></span> <span class='ocrx_word' id='word_1_838' title='bbox 2320 5522 2680 5595; x_wconf 66' lang='lat' dir='ltr'><strong>Scaligerum.</strong></span> <span class='ocrx_word' id='word_1_839' title='bbox 2713 5525 2759 5579; x_wconf 84' lang='lat' dir='ltr'><strong>si</strong></span> <span class='ocrx_word' id='word_1_840' title='bbox 2792 5525 2959 5581; x_wconf 88' lang='lat' dir='ltr'><strong>lubet.</strong></span> <span class='ocrx_word' id='word_1_841' title='bbox 3118 5584 3121 5585; x_wconf 26' lang='grc' dir='ltr'><em>ν</em></span> <span class='ocrx_word' id='word_1_842' title='bbox 3150 5586 3157 5591; x_wconf 86' lang='lat'><strong><em>_</em></strong></span> <span class='ocrx_word' id='word_1_843' title='bbox 3212 5586 3213 5591; x_wconf 29' lang='grc' dir='ltr'><strong>η</strong></span> 
     </span>
    </p>
   </div>
   <div class='ocr_carea' id='block_1_117' title="bbox 1958 5607 3455 5685">
    <p class='ocr_par' dir='ltr' id='par_1_117' title="bbox 1958 5607 3455 5685">
     <span class='ocr_line' id='line_1_117' title="bbox 1958 5607 3455 5685; baseline -0.003 -15"><span class='ocrx_word' id='word_1_844' title='bbox 1958 5616 2092 5670; x_wconf 90' lang='lat' dir='ltr'><strong>Ibid.</strong></span> <span class='ocrx_word' id='word_1_845' title='bbox 2131 5612 2276 5674; x_wconf 78' lang='lat' dir='ltr'><strong>XIV.</strong></span> <span class='ocrx_word' id='word_1_846' title='bbox 2315 5613 2611 5685; x_wconf 81' lang='lat' dir='ltr'><strong>Philippus.</strong></span> <span class='ocrx_word' id='word_1_847' title='bbox 2649 5616 2797 5671; x_wconf 77' lang='lat' dir='ltr'><strong>Facit</strong></span> <span class='ocrx_word' id='word_1_848' title='bbox 2839 5607 3022 5669; x_wconf 64' lang='lat' dir='ltr'><strong>tinmc-</strong></span> <span class='ocrx_word' id='word_1_849' title='bbox 3065 5627 3187 5667; x_wconf 83' lang='lat' dir='ltr'><strong>cum</strong></span> <span class='ocrx_word' id='word_1_850' title='bbox 3219 5609 3455 5667; x_wconf 76' lang='lat' dir='ltr'><strong>Eusebio</strong></span> 
     </span>
    </p>
   </div>
   <div class='ocr_carea' id='block_1_118' title="bbox 1888 5704 3517 5800">
    <p class='ocr_par' dir='ltr' id='par_1_118' title="bbox 1888 5704 3517 5800">
     <span class='ocr_line' id='line_1_118' title="bbox 1888 5704 3517 5800; baseline -0.004 -34"><span class='ocrx_word' id='word_1_851' title='bbox 1888 5708 2247 5800; x_wconf 59' lang='lat' dir='ltr'><strong>Porphyrius,</strong></span> <span class='ocrx_word' id='word_1_852' title='bbox 2279 5708 2370 5780; x_wconf 89' lang='lat' dir='ltr'><strong>qui</strong></span> <span class='ocrx_word' id='word_1_853' title='bbox 2416 5707 2718 5780; x_wconf 79' lang='lat' dir='ltr'><strong>Philippum</strong></span> <span class='ocrx_word' id='word_1_854' title='bbox 2777 5718 2824 5762; x_wconf 87' lang='lat' dir='ltr'><strong>et</strong></span> <span class='ocrx_word' id='word_1_855' title='bbox 2866 5706 2969 5761; x_wconf 88' lang='lat' dir='ltr'><strong>hac</strong></span> <span class='ocrx_word' id='word_1_856' title='bbox 3011 5705 3253 5781; x_wconf 71' lang='lat' dir='ltr'><strong>domum</strong></span> <span class='ocrx_word' id='word_1_857' title='bbox 3279 5704 3465 5776; x_wconf 69' lang='lat' dir='ltr'><strong>olym-,‘</strong></span> <span class='ocrx_word' id='word_1_858' title='bbox 3510 5716 3517 5723; x_wconf 75' lang='lat'><strong>‘</strong></span> 
     </span>
    </p>
   </div>
  </div>
