4014 6196
369 327 478 390 983

1645 321 1735 380 VA
1746 317 2053 382 LLARSII
2084 317 2320 383 N018.

3508 312 3618 385 986’

361 442 607 508 spirasse
633 436 690 491 in
746 437 1096 492 Ptolemteum
1147 436 1506 508 Epiphanem,
1539 432 1660 489 vide
1702 433 1800 487 lib.
1831 440 1920 488 xv,
1948 427 2001 486 Δ
2097 428 2238 485 lhid.
2287 430 2411 486 Post
2445 431 2714 501 ρνωῖὶωη,
2754 441 2863 488 etc.
2914 431 3227 490 Meminisse
3253 442 3469 504 oportet
3496 437 3614 493 haec

367 529 454 588 10.
485 543 580 581 nec
610 528 840 595 potitum
864 527 1166 594 Palaestina,
1194 528 1294 581 nisi
1315 526 1594 595 Epiphane
1622 534 1921 592 regnante.

371 621 743 690 Hieronymus
782 621 836 673 in
877 619 1090 674 Daniel.
1117 635 1193 676 st.
1226 617 1693 687 Videturquidem
1730 617 1934 686 Appia.

361 727 468 765 uns
493 711 722 780 princip.
746 710 956 780 Syriae.
973 710 1216 780 Josepho
1266 719 1430 777 atque
1458 709 1695 764 Eusebio
1717 708 1933 762 favere:

363 803 553 856 [flatus
605 802 889 856 Antiochus
921 801 1169 871 Magnus,
1203 801 1399 870 inquit,
1430 812 1537 852 tum
1595 799 1935 859 successibus,

366 909 476 950 tum
532 899 880 964 cognomine.
940 894 1322 964 Cwlesyriam,
1369 902 1680 961 partemque
1735 892 1939 946 Cilicia:

363 990 641 1045 Ptolcmreo
667 989 1012 1057 Philopator-.5,
1038 987 1260 1059 Αἴθῃ)ιὶ
1290 991 1419 1058 regi,
1444 990 1599 1040 etiam
1625 998 1732 1040 tum
1752 1001 1936 1056 puero,

357 1085 610 1138 uiolenter
637 1083 878 1136 abstulit.
927 1082 984 1135 In
1029 1081 1216 1137 Gneco
1271 1091 1399 1137 est:
1451 1078 1790 1148 Πτολεμαίου
1839 1078 1936 1132 τοῦ

353 1176 746 1242 ψιλοπάτορος,
773 1172 1060 1228 Ptolemaeo
1100 1173 1460 1238 Philopatoris
1494 1173 1650 1236 ﬁlio:
1707 1183 1766 1227 ut
1797 1172 1936 1228 adeo

359 1267 636 1336 Appianus
664 1281 882 1336 quoque
905 1277 1097 1320 contra
1127 1265 1423 1335 Josepbunt
1446 1278 1500 1322 et
1521 1267 1816 1321 Eusebium
1848 1268 1937 1320 nl-

353 1370 527 1412 talnr.
557 1359 663 1414 Sed
700 1359 934 1414 viderint
968 1374 1053 1413 me
1091 1360 1398 1428 peritiores.

433 1451 568 1504 Ibid.
600 1450 845 1505 Lavinius
876 1453 1083 1515 consul;
1116 1462 1225 1511 et'c.
1249 1453 1560 1523 Intelligere
1585 1462 1668 1507 est
1715 1467 1780 1508 ex
1821 1452 1917 1506 Po-

363 1545 507 1613 lybio
564 1544 658 1600 lib.
712 1560 742 1598 ιι
803 1557 924 1613 cap.
965 1536 1055 1608 38,
1119 1553 1174 1600 ct
1222 1545 1379 1599 Livio
1408 1545 1500 1599 lib.
1529 1557 1803 1614 ssvtcap.
1834 1544 1927 1609 2i,

365 1635 558 1689 initam
605 1633 900 1690 amicitiam
957 1635 1203 1688 secundo
1235 1634 1316 1688 rel
1374 1634 1534 1688 tertio
1577 1634 1930 1703 praecedentis

359 1727 608 1795 proxime
632 1725 956 1796 Olympiadis
983 1739 1152 1789 anno,
1200 1738 1310 1795 quo
1373 1735 1617 1794 tempore
1671 1724 1834 1778 ΛΕιοιὶ
1871 1726 1925 1780 1η

2044 538 2139 594 per
2170 537 2415 592 tempora
2446 525 2639 595 digeri,
2676 539 2786 579 non
2811 539 2904 594 per
2922 529 3144 581 annns':
3178 541 3206 579 a
3238 528 3427 594 praelia
3463 531 3610 584 enirn

2041 616 2097 670 in
2141 613 2516 685 Thermopylis
2553 615 2620 668 ad
2658 615 2834 674 foedus
2862 631 2986 670 cum
3021 616 3284 672 Romanis
3317 619 3386 672 ab
3420 619 3615 673 Antio-

2039 706 2371 768 cboiuitum,
2406 707 2640 761 duorum
2669 709 2840 763 lenne
2863 720 3129 761 annorum
3159 709 3414 777 spatium,
3445 712 3612 765 varii-

2039 812 2148 866 que
2179 811 2342 852 casus
2381 797 2827 864 intercesserunt,
2860 813 3000 867 quos
3037 807 3091 853 et
3131 798 3318 854 Livius
3356 811 3410 855 et
3441 800 3609 872 Poly-

2039 888 2164 944 bius
2213 887 2402 958 chat.
2459 888 2711 957 Excerpt.
2771 900 3018 945 narrant.
3075 889 3295 946 Falsum
3343 907 3470 948 vero
3502 903 3608 960 est,

2036 979 2180 1048 quod
2231 981 2306 1034 ait
2354 980 2610 1051 Scaliger,
2665 981 3053 1052 Hieronymum
3109 985 3160 1037 in
3211 983 3516 1040 Comment.
3551 986 3606 1040 in

2037 1073 2222 1126 Daniel
2253 1089 2372 1141 cap.
2418 1089 2470 1126 st
2502 1089 2746 1128 asserere
2800 1073 2862 1128 L.
2909 1075 3222 1141 Scipionem
3284 1078 3607 1144 cognomine

2039 1164 2290 1220 Nasicam
2317 1180 2441 1219 cum
2471 1165 2662 1229 luisse,
2692 1168 2783 1232 qui
2808 1166 3134 1219 Antiochum
3161 1165 3442 1220 devicerit.
3465 1169 3610 1222 Con-

2033 1258 2178 1312 sulat
2201 1259 2368 1312 lector
2388 1253 2650 1310 candidus
2673 1256 2874 1317 locum,
2906 1271 2966 1308 ut
2997 1269 3062 1309 uc
3093 1272 3151 1311 re
3180 1256 3294 1324 ipsa
3320 1259 3606 1325 dijudicct,

2031 1350 2294 1415 Alterum,
2355 1349 2411 1402 in
2469 1363 2580 1416 quo
2635 1348 2713 1400 ait
2769 1347 3162 1400 hallucinatuun
3206 1347 3265 1402 S.
3299 1348 3606 1414 Ductorem,

2031 1440 2175 1510 quod
2206 1439 2396 1494 scribit
2441 1440 2587 1494 hunc
2633 1438 2960 1492 Antiochum
3010 1439 3248 1492 deletum
3284 1454 3406 1492 cum
3455 1441 3605 1494 omni

2025 1531 2267 1584 exercitu
2304 1545 2402 1582 suo
2436 1529 2698 1583 adversus
2731 1528 3000 1598 Elynneos
3042 1542 3390 1599 pugnantem,
3427 1540 3602 1583 ratum

2030 1619 2226 1673 habent
2265 1616 2382 1685 pri
2405 1631 2678 1670 consensu
2724 1627 2961 1671 veteres.
3007 1615 3264 1670 Justinus
3300 1617 3393 1671 lib.
3433 1631 3600 1682 sxxu,

2025 1723 2153 1779 cap.
2183 1707 2220 1760 2
2260 1723 2275 1760 :
2311 1707 2423 1761 Rea:
2453 1707 2742 1760 Antiochus
2766 1706 3012 1776 (Magnus
3047 1708 3234 1774 utique
3261 1723 3596 1775 cognomen-

352 1817 676 1871 soeietatem
729 1815 910 1884 populi
945 1813 1172 1870 Romani
1226 1826 1515 1879 venerunt,
1562 1815 1918 1885 additumque

2032 1805 2106 1871 to)
2147 1817 2263 1854 cunt
2309 1801 2458 1870 gravi
2499 1799 2694 1852 tributo
2735 1799 2881 1866 pacis
2912 1811 2944 1850 ιι
2982 1796 3230 1850 Romanis
3261 1810 3601 1866 premeretur,

349 1919 434 1962 cst
466 1909 518 1960 in
552 1907 777 1961 hederis
807 1908 1238 1972 conditionibus,
1273 1919 1332 1961 ut
1366 1909 1410 1963 si
1438 1909 1619 1971 vellet,
1653 1908 1796 1962 Asia:
1824 1920 1929 1976 rex,

353 1999 570 2057 Attalus
598 1999 800 2068 aliique
820 1999 1072 2054 nonnulli
1091 1999 1287 2054 eodem
1333 2001 1458 2071 jure
1488 2001 1743 2056 amicitiae
1781 2013 1932 2070 gau-,

348 2093 573 2146 derent.
1443 2089 1456 2114 ‘

424 2184 562 2239 Ibid.
591 2182 896 2237 Iudaeorum
921 2185 1183 2252 pontifex,
1238 2193 1348 2240 etc.
1382 2184 1649 2254 Imposuit
1679 2173 1929 2260 Eusebio:

348 2275 620 2345 Iosephus
649 2275 939 2344 Antiquitt.
966 2275 1063 2330 lib.
1096 2289 1169 2328 XII
1198 2290 1321 2344 cap.
1375 2276 1430 2340 5,
1481 2276 1572 2345 qui
1626 2277 1914 2346 epistolam

321 2362 500 2440 .ill‘nm
554 2362 677 2417 Arri
735 2363 802 2416 ad
853 2363 1072 2426 Oniam,
1123 2363 1282 2429 cujus
1333 2367 1642 2434 exemplum
1695 2368 1916 2420 exstat]

352 2431 712 2507 Machabtmr.
743 2469 868 2522 cap.
932 2469 1030 2518 XII,
1060 2454 1128 2508 ad
1159 2452 1352 2508 Oniam
1393 2431 1538 2510 hunc
1564 2459 1781 2510 tertium
1814 2472 1918 2524 pu-

351 2545 510 2609 tavit,
548 2559 670 2613 qua:
697 2546 762 2598 ‘ad
801 2545 1034 2612 primum
1065 2546 1271 2614 scripta
1325 2553 1432 2609 est,
1467 2556 1522 2600 et
1575 2557 1700 2601 ante
1745 2560 1918 2602 annos

350 2635 569 2705 quidem
630 2634 800 2692 ferme
849 2647 1073 2691 centum
1136 2639 1440 2709 sexaginta.
1495 2637 1650 2693 Cavit
1710 2639 1915 2707 pridem

351 2733 592 2780 errorem
651 2728 798 2780 bunc
854 2727 1120 2798 Scaliger,
1176 2745 1334 2798 quem
1375 2729 1599 2784 omnino
1629 2729 1830 2785 videsis
1858 2729 1915 2784 in

235 2891 239 2894 ﬁ
344 2818 616 2874 Canonib.
654 2820 911 2890 lsagngic.
949 2836 1075 2891 pag.
1102 2821 1231 2876 3‘22.

416 2911 538 2965 Col.
570 2912 692 2966 H5.
729 2911 1028 2970 Plautus...
1058 2911 1239 2968 licata
1267 2914 1512 2967 Moritur.
1537 2911 1714 2968 Penes
1744 2912 1918 2968 Scali-

345 3019 532 3070 gerum
555 3005 624 3057 ad
640 3004 809 3058 molas
837 3007 1147 3059 mutuarias
1185 3007 1498 3076 pistoremjse
1533 3006 1788 3060 locaverat
1807 3006 1917 3059 :ilri

345 3097 571 3164 quoties,
597 3107 707 3154 etc.
742 3107 852 3152 tum
883 3098 1107 3153 scribere
1135 3097 1346 3165 fabulas
1380 3101 1567 3152 solitus
1601 3109 1648 3151 et
1672 3100 1909 3153 vendere.

2001 1904 2071 1960 ’,ει
2095 1896 2258 1946 victus
2288 1901 2636 1958 oneratusque
2660 1897 2862 1942 esset...
2896 1890 3134 1942 adhibito
3167 1894 3422 1951 exercitu,
3451 1903 3604 1945 nocte

2007 1970 2268 2056 Stemplum
2305 1984 2565 2054 Didymwi
2608 1985 2735 2060 (leg.
2777 1982 3024 2056 Elymwi)
3059 1983 3209 2038 locis
3258 1987 3592 2055 aggreditur.

1929 2120 1931 2122 .
2003 2060 2139 2162 ἔρια
2159 2092 2219 2130 re
2243 2076 2484 2143 prodita,
2519 2091 2781 2131 concursu
2799 2075 3120 2130 insularium
3153 2088 3273 2128 cum
3305 2075 3447 2128 omni
3500 2076 3603 2127 ιιιὶ-

2005 2170 2136 2236 Ιίιὶα
2167 2169 2505 2236 interﬁcitur.
2559 2167 2624 2224 Et
2673 2168 2868 2223 Strabo
2919 2169 3012 2222 iib.
3045 2184 3155 2232 svr,
3184 2168 3270 2221 de-
3301 2165 3549 2236 Elymaais
3583 2183 3599 2219 :

2005 2243 2335 2318 iAntiocltum
2361 2261 2572 2327 quidem
2609 2261 2888 2331 Magnum,
2924 2277 3045 2314 cum
3065 2257 3180 2314 Beli
3211 2260 3456 2326 templum
3483 2273 3603 2325 spo-

2017 2355 2150 2410 liare
2198 2367 2501 2421 conaretur,
2550 2357 2767 2426 ﬁnitimi
2805 2355 3070 2418 barbari,
3135 2354 3326 2424 absque
3371 2352 3601 2405 aliorum

2016 2469 2113 2517 ope
2160 2452 2382 2513 adorti,
2437 2451 2842 2503 interemerunt.
2893 2447 3035 2513 Quin
3095 2447 3230 2499 adeo
3283 2446 3399 2510 ipse
3456 2453 3603 2496 errat

2019 2553 2133 2599 toto
2185 2545 2330 2598 cmlo
2381 2541 2664 2611 Scaliger,
2709 2540 2801 2610 qui
2860 2539 2914 2594 id
2960 2537 3259 2607 contigisse
3321 2537 3397 2589 ait
3443 2535 3600 2604 Epi—

2019 2635 2179 2703 pltatti
2234 2633 2532 2699 Antiocho,
2586 2648 2693 2688 non
2753 2631 2868 2696 isti,
2925 2631 3014 2686 cui
3052 2628 3247 2702 Magno
3296 2641 3597 2696 cognomen

2017 2725 2140 2780 luit.

2084 2816 2203 2870 Col.
2237 2815 2360 2869 414.
2380 2812 2688 2878 Antiochus,
2719 2809 2888 2877 Scopa
2916 2813 3190 2875 superato,
3209 2815 3316 2858 etc.
3351 2803 3594 2857 Revoca-

2017 2905 2197 2959 vimus
2237 2907 2415 2968 hanc,
2473 2915 2531 2957 nt
2567 2909 2620 2956 et
2661 2897 3052 2970 praecedentem
3105 2896 3420 2964 periocham
3473 2907 3596 2946 cum

2013 2999 2292 3068 Scaligero
2323 3007 2447 3051 ante
2473 2996 2610 3051 duos
2642 3005 2837 3050 annos.
2877 2986 2993 3040 sive
3039 2981 3106 3040 ad
3159 2988 3386 3055 hujusce
3425 2984 3602 3052 olym-

2013 3091 2193 3160 piadis
2227 3090 2551 3150 secundum,
2578 3100 2702 3139 cum
2733 3082 2786 3136 in
2823 3077 2944 3134 aliis
2965 3081 3144 3145 libris,
3170 3080 3331 3135 etiam
3354 3073 3600 3133 Pontaoi.

351 3187 620 3241 l’outacus
650 3201 775 3241 cum
807 3188 1016 3256 pridem
1078 3188 1297 3256 legisset
1351 3189 1573 3243 vendere
1618 3189 1906 3254 sollicitus,
1938 3165 1982 3223 ε
2015 3193 2268 3253 quartum
2305 3181 2594 3235 obtineret.
2635 3178 2712 3232 Ro
2752 3176 2913 3232 etiam
2944 3189 3070 3229 vera
3103 3185 3282 3226 anuus
3316 3177 3434 3224 erat
3464 3167 3590 3220 l’to-

342 3289 705 3344 consueverat,
734 3281 1143 3335 rescribendum
1195 3282 1408 3335 monuit
1454 3282 1709 3336 secundis
1763 3281 1911 3335 curis

348 3372 559 3438 solitus,
626 3373 806 3427 minus
831 3386 963 3426 sane
990 3373 1160 3431 bene:
1187 3373 1346 3428 nobis
1371 3373 1652 3428 sollicitius
1689 3373 1910 3442 placuit.

347 3461 504 3527 ane,
545 3463 589 3518 si
627 3463 796 3528 lubet,
823 3465 1137 3534 Pignorium
1173 3465 1239 3520 de
1264 3467 1470 3520 Servis.

413 3556 532 3609 Col.
578 3555 704 3610 414.
753 3554 922 3610 Juxta
973 3555 1224 3621 Theram,
1278 3566 1384 3611 etc.
1423 3556 1704 3610 Consentit
1733 3556 1912 3624 quoad

343 3660 582 3716 tempus,
611 3648 732 3717 ipso
769 3649 983 3702 demum
1036 3664 1143 3702 non
1186 3647 1448 3703 tlillitente
1491 3649 1790 3718 Scaligero,
1821 3648 1917 3702 Ju-

347 3744 527 3798 stinus
551 3741 643 3796 111).
673 3756 778 3796 nx
803 3757 920 3805 cap.
949 3739 1006 3807 4,
1046 3740 1165 3794 init.
1199 3755 1214 3792 ι
1245 3740 1442 3794 Eodem
1483 3757 1620 3794 anno
1653 3745 1786 3810 (quo
1813 3759 1913 3810 pax

345 3835 480 3888 inita
511 3847 632 3887 cum
659 3831 911 3901 Philippo
939 3832 1045 3900 est)
1071 3833 1207 3886 inter
1231 3833 1431 3887 insulas
1463 3832 1685 3886 Tlteram
1717 3845 1764 3886 et
1793 3834 1919 3887 The-

347 3926 550 3978 rasiarn
600 3925 769 3979 medio
796 3924 1070 3993 utriusque
1113 3925 1240 3991 ripa:
1270 3935 1319 3978 et
1353 3927 1520 3978 utaris
1562 3928 1733 3992 spatio
1765 3935 1919 3980 terra:

347 4026 521 4071 motus
579 4017 702 4085 fuit.
752 4015 819 4069 In
864 4023 969 4085 quo
1005 4031 1121 4070 cunt
1157 4016 1509 4070 admiratione
1560 4018 1919 4087 nauigantium

347 4119 556 4178 repente
579 4125 642 4162 ea:
656 4110 916 4178 profundo
939 4124 1061 4162 cum
1087 4109 1276 4164 calidis
1311 4111 1461 4178 aquis
1490 4111 1666 4164 insula
1687 4111 1918 4164 emersit.

346 4193 484 4249 Vide
513 4195 619 4250 loci
645 4195 812 4264 huius
845 4197 1191 4266 interpretes.
1226 4197 1286 4251 lu
1309 4197 1588 4253 Parmensi
1624 4215 1727 4254 ms.
1747 4198 1921 4253 Juxta

347 4288 564 4346 Hieroni
592 4288 810 4359 legitur.

416 4380 534 4436 Col.
565 4379 695 4436 414.
719 4382 1007 4436 Antiochus
1034 4422 1051 4438 .
1105 4383 1164 4436 In
1204 4381 1461 4452 Scaligeri
1506 4384 1639 4438 edit.
1695 4384 1922 4453 Scopam

2010 3273 2182 3331 lenuei
2226 3264 2520 3342 Epiphanis
2571 3269 2926 3324 duodecimus
2969 3276 3056 3319 aut
3093 3262 3339 3318 decimus
3375 3256 3595 3317 tertius,

2012 3384 2122 3437 quo
2153 3365 2498 3432 Cleopatram
2546 3363 2806 3417 Antiochi
2863 3359 3028 3413 ﬁliani
3084 3359 3138 3410 in
3187 3349 3597 3408 tnatrimoniunt

2013 3461 2114 3515 sibi
2137 3459 2338 3525 junxit.
2369 3457 2592 3510 Hieron.
2629 3454 2680 3505 in
2719 3451 2922 3505 Daniel.
2953 3465 3074 3516 cap,
3103 3463 3156 3501 XI
3192 3461 3206 3497 :
3239 3447 3597 3498 Antiochus...

2011 3553 2182 3622 ﬁliam
2207 3565 2356 3603 suam
2386 3547 2724 3616 Cleopatram
2767 3559 2858 3613 per
2904 3541 3121 3593 Euclem
3160 3536 3419 3591 Rhodium
3438 3537 3598 3602 septi-

2016 3665 2098 3700 m0
2138 3662 2276 3698 anno
2307 3641 2452 3711 regni
2496 3635 2861 3698 adolescentis,
2895 3630 3168 3700 despondit
3196 3627 3486 3682 Ptolemteo
3509 3637 3596 3691 ,‘et

2015 3741 2213 3794 decimo
2268 3737 2419 3790 tertio
2477 3749 2612 3786 anno
2649 3731 2892 3795 tradidit,
2947 3733 3076 3783 data
3119 3729 3166 3782 ei
3205 3727 3341 3781 dotis
3392 3723 3598 3779 nomine

2017 3833 2161 3885 ontni
2195 3829 2334 3884 Ctele
2364 3827 2521 3896 Syria
2558 3837 2607 3879 et
2648 3825 2861 3888 luda'a,
2892 3831 3000 3878 etc.
3051 3822 3183 3877 Vide
3217 3828 3271 3875 'et
3301 3817 3597 3886 Josepltum

2017 3923 2313 3990 Antiquitt.
2347 3921 2444 3975 lib.
2482 3935 2561 3973 stt
2590 3934 2713 3988 cap.
2744 3917 2801 3983 '5,
2829 3924 2886 3972 et
2924 3912 3231 3986 Appianum
3268 3911 3323 3966 in
3359 3909 3601 3980 Syriacis

2019 4016 2216 4163 ρ.
2241 4107 2367 4163 413.
2394 4104 2664 4161 Secundus
2695 4101 2824 4155 liber
2850 4095 3296 4152 Mat-habitorum.
3329 4094 3446 4157 llis,
3476 4103 3600 4160 quae

2022 4202 2193 4258 otiose
2227 4199 2468 4268 Scaliger
2500 4197 2568 4251 ad
2605 4197 2749 4249 hunc
2774 4193 2956 4248 locum
2992 4189 3061 4244 de
3086 4187 3448 4244 Macltabaicze
3513 4184 3599 4238 hi-

2024 4295 2210 4351 storia:
2260 4292 2417 4346 titulo
2455 4288 2701 4353 disserit,
2727 4300 2941 4355 oppone
2982 4298 3102 4352 qua:
3151 4281 3313 4335 habet
3371 4278 3599 4331 IIuetins

2026 4386 2305 4439 Dentonst.
2339 4381 2540 4448 Evang.
2577 4375 2959 4445 I’mpositione
2990 4387 3063 4436 tv,
3093 4372 3159 4427 de
3189 4365 3594 4448 librisnllaclta-

345 4475 635 4544 superavit.
677 4469 1157 4546 Historiam-quod
1199 4441 1428 4544 spectat,
1474 4477 1592 4547 lege
1633 4441 1916 4548 Polybium
1951 4505 1999 4563 ο
2027 4477 2306 4529 lucorum.
2361 4441 2583 4526 Lamina
2609 4441 2729 4563 erat
2779 4464 2907 4563 lIIlI-tI
2932 4461 3144 4563 prioris
3169 4441 3594 4563 _|ibri

347 4568 404 4620 in
431 4567 712 4636 Escerptis
742 4566 939 4623 Valesii
972 4584 1094 4638 pag.
1127 4569 1219 4632 77,
1277 4585 1381 4624 nec
1411 4579 1701 4637 praetereas
1731 4569 1922 4624 Hiero-

345 4674 570 4728 nymum
601 4659 656 4713 in
685 4675 804 4728 cap.
835 4675 887 4714 ιιι
918 4659 1180 4724 Danielis,
1228 4675 1348 4716 eam
1383 4659 1559 4715 iusius
1587 4677 1649 4714 ex
1683 4661 1925 4732 Porphy-

348 4751 435 4803 rio
481 4751 870 4806 edisserentem
923 4767 938 4805 :
973 4759 1030 4806 ut
1067 4751 1211 4806 enim
1254 4751 1416 4807 verba
1465 4751 1583 4821 ipsa
1617 4751 1923 4818 laudemus,

343 4840 447 4896 loci
471 4840 754 4909 prolixitas
771 4857 874 4894 non
902 4843 1053 4896 sinit.

422 4930 559 4986 Ibid.
587 4931 809 4988 Iiomuni
830 4933 1035 4988 Gra'cas
1063 4933 1250 4986 liberos
1268 4949 1380 4986 esse
1391 4935 1688 5000 jusserunt.
1715 4933 1924 4988 Recitat

345 5026 880 5078 senatusconsultum
934 5025 1124 5094 Polyb.
1191 5026 1443 5095 Escerpt.
1479 5025 1664 5094 Legat.
1717 5029 1800 5082 9:
1853 5026 1923 5080 Ut

343 5117 529 5172 caeteri
573 5131 750 5170 omnes
782 5116 974 5183 erci,
1009 5127 1061 5171 et
1093 5120 1182 5188 qui
1234 5121 1287 5173 in
1333 5120 1463 5172 Asia
1501 5121 1722 5190 degunt,
1757 5130 1804 5172 et
1833 5122 1922 5189 qui

346 5212 401 5259 in
434 5207 669 5274 Europa,
705 5208 852 5262 liberi
880 5210 1010 5274 sint,
1052 5212 1263 5280 suisque
1292 5211 1491 5280 legions
1526 5224 1767 5275 utantur,
1803 5223 1915 5266 etc.

348 5296 622 5352 Convenit
677 5299 843 5368 probe
874 5301 1037 5354 etiam
1089 5309 1325 5370 tempus.
1393 5301 1527 5358 Vide
1580 5304 1788 5357 Livium
1819 5306 1920 5360 lib.

348 5404 517 5447 χχχιιι
550 5426 568 5455 ,
631 5405 750 5460 cap.
801 5391 870 5446 3‘3
901 5431 916 5458 ,
962 5400 1018 5446 et
1071 5391 1423 5449 Plutarchum
1472 5396 1528 5451 in
1576 5397 1691 5450 Vita
1720 5395 1920 5452 Ειδυιὶς-

411 5571 531 5625 Col.
589 5573 733 5628 413.
793 5572 1084 5626 Antiochus
1130 5574 1186 5626 in
1237 5574 1548 5630 amicitiam.
1611 5573 1727 5629 Huc
1777 5574 1921 5630 refer

342 5657 637 5727 .losephutn
669 5665 933 5748 Antiquit.
965 5664 1059 5720 lib.
1087 5680 1160 5722 xu
1191 5679 1312 5738 cap.
1342 5667 1396 5735 5,
1429 5665 1572 5738 quod
1595 5676 1647 5724 et
1678 5667 1920 5738 Scaliger

343 5761 546 5808 ιιιοιιει.

2028 4576 2212 4629 utaut.
2246 4564 2518 4632 Sceptrum
2544 4559 2814 4615 rebellium
2847 4555 2944 4610 Dei
2992 4572 3006 4609 :
3043 4553 3185 4623 quod
3220 4559 3278 4605 ut
3303 4551 3460 4604 aliter
3493 4548 3595 4614 legi

2027 4672 2081 4716 et
2109 4658 2305 4729 exponi
2336 4653 2527 4726 possit,
2564 4668 2668 4705 non
2691 4659 2808 4704 erat
2832 4663 2966 4703 sane
2990 4659 3085 4699 cur
3112 4647 3396 4709 tantopere
3425 4638 3601 4694 Scali-

2027 4770 2124 4823 ger
2161 4751 2474 4811 miraretur,
2523 4741 2789 4798 Ilebraico
2817 4737 2980 4793 titulo
3036 4738 3296 4789 donatum
3347 4731 3600 4786 Grmcum

2027 4821 2251 4909 librum,
2290 4856 2389 4894 nec
2418 4855 2514 4893 cur
2539 4833 2782 4902 Origeni,
2805 4831 2895 4901 qui
2926 4824 3378 4885 illutnindicavit,
3409 4821 3598 4874 lucum

2029 4938 2225 4991 fecisse
2254 4934 2494 4996 Iudaeos,
2526 4945 2700 4996 usque
2725 4925 2860 4978 adeo
2889 4927 3266 4976 asseveranter
3284 4915 3596 4970 allirmaret.

2027 5025 2204 5079 Taceo
2233 5032 2286 5074 et
2317 5020 2513 5087 injuria
2546 5016 2794 5070 accusari
2831 5013 2898 5066 ab
2927 5026 2992 5065 co
3023 5003 3600 5076 IlierOnymum,quod

2026 5118 2080 5172 in
2121 5117 2223 5169 tria
2255 5114 2415 5168 verba
2452 5107 2790 5165 contraxerit
2810 5121 2931 5175 qua:
2958 5101 3108 5172 plura
3128 5101 3193 5155 .in
3214 5098 3416 5157 Graecis
3447 5098 3599 5151 sunt.

2025 5209 2159 5276 Quis
2185 5207 2326 5262 cnim
2358 5204 2690 5272 Scaligernm
2717 5213 2785 5252 ca
2817 5197 3004 5251 docuit
3055 5193 3275 5250 Eusebii
3304 5203 3425 5246 esse
3477 5202 3598 5259 qua:

2025 5301 2310 5373 Syncellus
2338 5293 2659 5366 exaggerat?

2093 5394 2211 5448 Col.
2263 5391 2387 5446 414.
2418 5389 2572 5442 Titus
2593 5385 2788 5439 Limus.
2833 5384 2891 5439 In
2948 5375 3225 5439 Parmensi
3274 5389 3375 5429 ms.
3431 5375 3490 5425 ut
3539 5378 3597 5423 et

2023 5481 2412 5539 vetustioribus
2445 5479 2605 5533 editis
2631 5477 2807 5539 libris,
2832 5484 2886 5529 et
2915 5474 3053 5544 apud
3082 5469 3412 5538 Scaligerum
3439 5461 3593 5515 'I'itus

2025 5577 2114 5630 hic
2142 5572 2565 5644 praenominatus
2595 5580 2679 5625 est
2705 5583 2984 5638 perperam
3019 5582 3114 5634 pro
3143 5561 3333 5615 Lucius
3357 5575 3373 5611 :
3408 5571 3585 5623 neque

2023 5683 2185 5738 porro
2212 5675 2358 5720 recte
2389 5663 2595 5717 Marcus
2630 5661 2877 5722 rescribi,
2901 5658 3141 5724 Scaliger
3164 5655 3336 5724 jubet.
3369 5650 3590 5705 Grut-cus

2023 5763 2186 5820 homo
2234 5758 2323 5816 illc
2356 5757 2590 5826 primum
2622 5753 2971 5821 Andronicus,
3020 5759 3203 5820 pOstca
3240 5745 3309 5802 ab
3337 5747 3470 5800 hero
3517 5739 3587 5796 Μ.
