4014 6196
318 276 431 340 989

1582 264 1992 347 v-ALLAnsu
2033 288 2278 352 nom.

3456 297 3572 361 990

307 408 483 455 ennn,
518 405 649 461 quo,
684 387 855 446 fratre
889 368 1206 462 superstite,
1238 393 1390 471 solus
1432 394 1610 449 fuerat
1642 395 1697 449 in
1737 399 1877 467 regni

1992 399 2330 455 leucidarnm
2356 399 2591 470 cmplsse
2617 399 2818 456 dicitur
2846 400 2985 468 167,
3021 400 3041 456 1
3068 401 3317 459 Μιεισὶιειι.
3346 421 3399 458 st
3426 444 3441 466 ,
3472 408 3556 462 19.

309 481 621 554 Aigyptiaci
667 483 1014 554 possessione
1062 483 1355 555 Evergetes
1383 526 1399 547 ,
1449 502 1639 540 revera
1686 488 1752 541 ad
1799 489 1889 559 jus

311 575 599 644 spectabat
630 576 912 643 Evergetis
940 616 956 640 ,
988 587 1048 631 ut
1077 588 1257 631 monet
1284 577 1450 631 etiam
1489 578 1591 633 hoc
1625 578 1742 634 loco
1775 580 1892 650 ipse

308 664 670 737 Porphyrius.
703 665 814 722 Nec
841 668 988 721 enim
1019 667 1163 723 aliud
1196 668 1441 737 profecto
1479 684 1682 723 nomen
1726 669 1779 723 in
1818 671 1888 722 il-

309 755 420 809 lius
453 757 580 809 anni
617 756 979 824 συμϐολαίοις
1019 758 1215 812 lectum
1251 758 1419 813 fuisse
1455 760 1750 814 verisimile
1781 769 1885 815 est.

308 846 441 900 llzec
488 848 632 902 enim
686 863 850 903 causa
899 848 1071 903 fuisse
1116 850 1331 904 videtur
1359 866 1458 904 cur
1491 866 1693 904 annum
1736 850 1885 903 illum

308 954 415 1005 suo
449 954 617 1008 regno
652 955 719 994 ne
750 940 970 1009 quidem
1023 941 1141 1009 ipse
1190 942 1476 1010 irnputarit
1523 942 1883 999 Philometor.

305 1029 427 1083 Non
459 1031 759 1100 imputasse
787 1034 986 1088 eximie
1015 1044 1249 1098 constat,
1286 1036 1428 1104 quod
1460 1047 1582 1106 post
1614 1053 1789 1092 annos
1819 1036 1887 1092 17

304 1124 587 1189 quibusin
622 1125 768 1196 regni
806 1129 1154 1194 possessione
1191 1129 1388 1191 fuerat,
1425 1140 1551 1183 ante
1586 1147 1788 1185 annum
1823 1133 1887 1184 il-

303 1213 419 1274 lum
446 1231 554 1280 quo
583 1216 733 1270 solus
767 1220 1010 1287 regnavit
1047 1221 1359 1291 Evergetes,
1395 1222 1459 1275 18
1499 1223 1754 1291 deinceps
1785 1241 1883 1277 an-

307 1322 413 1358 nos
442 1307 709 1362 duntaxat
739 1312 1044 1365 numerarit
1080 1313 1419 1368 Philometor
1443 1357 1459 1380 ,
1506 1316 1597 1383 qui
1627 1316 1878 1384 superio—

307 1400 467 1453 ribus
499 1400 667 1453 additi
705 1417 879 1456 annos
914 1401 1153 1456 facerent
1190 1406 1242 1457 in
1288 1406 1600 1459 universum
1643 1415 1885 1460 tanturn-

303 1491 471 1560 modo
498 1492 566 1546 55
592 1531 607 1555 ,
636 1492 842 1561 quibus
882 1495 1126 1562 regnarit
1170 1495 1287 1564 ipse
1336 1494 1694 1552 Philometor.
1740 1497 1883 1567 Ergo

294 1601 504 1655 annum
560 1584 631 1639 ab
666 1585 825 1638 initio
863 1600 962 1641 Suo
996 1587 1063 1641 l9
1100 1586 1216 1656 ipse
1246 1595 1425 1649 tamen
1465 1590 1614 1657 regni
1648 1590 1735 1644 sui
1778 1607 1881 1643 nu-

296 1686 607 1731 meraverat
669 1679 932 1731 duntaxat
977 1678 1084 1740 18,
1141 1686 1302 1747 atque
1358 1681 1428 1731 ita
1482 1681 1879 1735 numerandum

304 1779 646 1838 praeceperat
680 1767 1017 1823 Philometor
1052 1770 1104 1823 in
1134 1770 1282 1839 regni
1312 1771 1491 1825 denuo
1522 1772 1880 1841 redintegrati

298 1855 677 1924 συμϐολαίοις.
713 1857 777 1909 Et
802 1857 883 1909 sic
915 1856 967 1909 in
1005 1857 1232 1925 reliquis
1256 1857 1321 1910 ad
1350 1859 1601 1912 eumdem
1630 1860 1876 1914 modum.

297 1945 380 1998 lta
412 1946 638 2009 fat-tum,
675 1959 733 2000 ut
764 1947 1010 2001 ultintutn
1048 1949 1196 2016 regni
1229 1949 1314 2003 sui
1342 1964 1472 2005 ann.
1499 1951 1881 2005 tantummodo

301 2038 377 2092 55
417 2038 533 2108 ipse
562 2039 896 2092 numerarit.
947 2038 1133 2092 Potuit
1160 2054 1291 2103 ergo
1321 2040 1387 2093 de
1432 2040 1554 2110 jure
1589 2041 1879 2111 Evergetes

298 2148 431 2197 ann.
467 2131 615 2183 illum
648 2146 677 2184 a
724 2130 1014 2185 decessore
1058 2147 1161 2186 suo
1195 2132 1295 2187 sibi
1344 2133 1590 2186 relictum
1626 2134 1730 2188 sibi
1771 2133 1877 2187 im-

300 2231 500 2304 putare
521 2261 536 2285 ,
574 2232 632 2275 ut
664 2222 899 2291 primum
931 2239 958 2274 a
988 2223 1174 2278 fratris
1210 2233 1384 2278 morte
1411 2238 1540 2277 ann.
1570 2224 1876 2279 secundum

298 2324 642 2385 numeraret,
673 2313 784 2366 [tuo
814 2328 999 2367 revera
1028 2312 1130 2367 sibi
1165 2313 1473 2383 imputavit.
1517 2313 1634 2368 Non
1658 2316 1874 2383 quidem

299 2407 406 2467 ita,
439 2412 495 2457 ut
519 2405 755 2474 primunt
785 2420 815 2459 a
843 2406 1028 2461 fratris
1057 2406 1208 2460 obitu
1234 2409 1532 2462 secundum
1564 2408 1874 2478 appellarit.

296 2496 409 2575 μου
440 2499 585 2553 enim
624 2506 740 2553 tum
782 2507 1061 2565 receptum
1097 2510 1218 2564 est,
1251 2508 1308 2553 ut
1337 2499 1429 2567 qui
1462 2499 1591 2553 olim
1618 2494 1738 2567 sub
1777 2500 1875 2554 de-

295 2604 518 2661 cessore
547 2604 706 2659 reges
732 2590 987 2660 appellati
1019 2591 1256 2654 fuerant,
1287 2607 1481 2645 novam
1514 2591 1677 2645 aliam
1706 2608 1734 2645 ιι
1761 2593 1875 2647 col-

297 2682 542 2752 legarum
571 2682 717 2747 exitu
745 2681 1012 2751 epochatn
1044 2681 1387 2739 inchoarent.
1413 2682 1527 2737 imo
1557 2695 1875 2753 receptum,

290 2772 361 2835 ἰιι
387 2792 672 2843 numerum
699 2792 968 2846 annorum
998 2777 1102 2832 sub
1127 2778 1417 2838 decessore
1466 2790 1729 2848 emptum,
1772 2793 1875 2848 pa-

292 2872 454 2945 riter,
479 2869 749 2925 exstincto
784 2869 1101 2946 decessore,
1131 2872 1533 2943 continuarent.
1567 2868 1658 2925 Sic
1689 2881 1872 2925 autem

293 2972 453 3017 certe
496 2961 627 3016 fecit
673 2961 988 3031 Evergetes.
1023 2961 1157 3015 Nam
1186 2970 1242 3014 et
1290 2962 1440 3015 illum
1476 2978 1693 3032 quoque
1741 2980 1869 3023 ann.

1995 488 2113 554 Qus
2157 504 2353 558 nempe
2396 490 2522 544 anni
2568 489 2685 557 illi,
2728 488 2784 544 in
2825 492 2999 560 priori
3041 493 3133 546 illo
3164 493 3305 548 libro
3337 492 3568 547 Macha-

1993 581 2173 647 baico,
2198 582 2336 635 inire
2364 592 2660 638 censentur
2684 596 2715 636 a
2740 584 3036 649 Xanthico,
3063 584 3154 654 qui
3181 585 3358 640 mensi
3383 585 3567 641 Attico

1991 672 2347 743 Munychioni
2378 675 2491 730 fere
2519 676 2924 744 respondebat,
2970 677 3029 730 in
3051 677 3208 746 cyclo
3236 676 3350 746 jam
3379 676 3565 746 Calip-

1990 766 2134 836 pico.
2162 767 2300 821 Nam
2334 776 2462 821 ante
2493 784 2738 824 mensem
2767 769 2920 824 illum
2950 771 3075 823 anni
3110 767 3264 823 Varr.
3291 768 3399 824 608
3423 783 3565 823 non-

1989 859 2119 912 dnm
2149 858 2230 912 vel
2262 869 2509 927 creperat
2535 873 2713 914 annus
2761 861 2851 915 ille
2882 860 3297 916 Seleucidsrum
3332 875 3442 929 quo
3468 875 3562 915 ce-

1989 950 2125 1005 cidit
2176 950 2532 1005 Philometor.
2580 951 2649 1005 Et
2700 962 2879 1006 tamen
2930 953 3014 1005 his
3061 966 3279 1021 quoque
3328 951 3569 1007 fortasse

1991 1040 2352 1109 temporibus,
2386 1041 2469 1094 vel
2502 1041 3023 1110 paulojunioribus,
3058 1042 3222 1096 desiit
3264 1056 3387 1096 mos
3414 1041 3565 1095 anti-

1988 1149 2129 1203 quus
2154 1149 2330 1188 annos
2356 1133 2742 1206 Egyptiorum
2777 1150 2965 1204 regum
3008 1132 3248 1186 a~Thoth
3276 1132 3562 1195 censendi,

1986 1236 2082 1279 aut
2108 1227 2177 1281 ab
2206 1242 2315 1281 uno
2339 1228 2524 1296 aliquo
2554 1228 2662 1280 alio
2694 1227 2819 1280 anni
2850 1227 3099 1280 exordio.
3126 1225 3236 1280 Sex
3267 1225 3413 1280 enim
3442 1224 3564 1293 qui-

1986 1322 2088 1375 bus
2135 1328 2491 1387 regnaverat,
2540 1328 2736 1389 prmter
2785 1334 2961 1375 annos
3009 1320 3292 1388 integros,
3345 1331 3563 1371 menses

1989 1410 2282 1482 Ptolemaeo
2308 1408 2490 1464 Soteri
2517 1411 2814 1464 attributos
2842 1410 3002 1464 docet
3030 1409 3385 1479 Porphyrius,
3415 1420 3562 1462 anno

1985 1497 2142 1551 Varr.
2170 1496 2295 1550 675.
2326 1497 2514 1566 Itaque
2539 1496 2900 1552 Philometori
2929 1513 3054 1567 pars
3083 1498 3175 1551 illa
3204 1498 3397 1553 saltem
3427 1496 3559 1551 anni

1986 1587 2054 1641 ab
2083 1588 2241 1642 initio
2270 1589 2338 1643 36
2361 1630 2377 1655 ,
2422 1605 2588 1659 quam
2629 1591 2806 1644 tenuit
2828 1629 2845 1654 ,
2882 1590 3215 1659 assignanda
3257 1596 3416 1644 erat:
3446 1588 3560 1642 imo

1987 1692 2164 1737 annus
2195 1678 2404 1746 integer
2428 1722 2444 1745 ,
2498 1694 2595 1747 pro
2623 1694 2813 1734 norma
2844 1680 2931 1733 illa
2959 1695 3083 1749 qua:
3109 1694 3284 1734 annos
3315 1679 3559 1748 integros

1985 1768 2177 1823 iisdem
2207 1770 2503 1830 tribuebat,
2528 1771 2619 1838 qui
2649 1771 2829 1825 Tboth
2857 1771 3049 1826 saltem
3075 1771 3296 1825 ineunte
3323 1771 3377 1823 in
3405 1772 3558 1842 regni

1984 1861 2337 1929 possessione
2366 1860 2606 1917 fuerant.
2635 1860 2815 1916 Facile
2863 1871 3046 1915 autem
3086 1868 3207 1914 erat
3232 1896 3259 1926 ,ε
3290 1869 3351 1913 ιιι
3378 1874 3559 1913 annus

1980 1951 2077 2006 ille
2105 1992 2121 2016 ,
2153 1968 2316 2020 quem
2359 1952 2404 2005 si
2436 1952 2658 2021 quidem
2697 1953 2815 2021 ipse
2855 1952 2971 2007 suis
3019 1951 3326 2005 rationibus
3358 1964 3560 2005 accen-

1980 2053 2165 2098 suerat
2197 2044 2556 2111 Philometor,
2596 2058 2696 2099 nec
2726 2045 2792 2097 ad
2826 2058 3116 2108 numerum
3152 2043 3431 2111 spectabat
3455 2057 3559 2094 an-

1978 2138 2198 2202 nbrum,
2228 2137 2427 2206 quibus
2459 2147 2576 2205 post
2611 2135 2794 2191 fratris
2824 2135 3057 2196 obitum,
3095 2142 3346 2187 tenuerat
3376 2132 3556 2187 Ever-

1980 2236 2131 2297 getes
2165 2226 2419 2296 (quorum
2454 2226 2691 2280 solorum
2726 2226 2984 2279 rationem
3021 2224 3293 2278 habebant
3318 2223 3554 2278 chrono-

1979 2317 2086 2385 logi
2115 2318 2408 2384 juniores),
2444 2316 2659 2381 penitus
2687 2330 2718 2370 e
2748 2318 2891 2384 regis
2924 2314 3213 2383 utriusque
3248 2312 3553 2370 rationibus

1979 2408 2278 2463 excideret.
2334 2407 2529 2460 Verum
2580 2414 2759 2461 autem
2813 2407 2981 2462 fuisse
3033 2421 3277 2472 annum,
3329 2421 3437 2459 non
3487 2419 3552 2460 ea

1981 2503 2143 2556 modo
2170 2516 2290 2569 qua:
2320 2500 2584 2568 diximus,
2615 2501 2707 2556 sed
2733 2516 2855 2570 quae
2878 2500 3041 2555 etiam
3070 2507 3258 2569 postea
3279 2499 3557 2562 dicemus,»

1976 2594 2288 2665 Ostendent.

1973 2692 1993 2701 "
2048 2686 2167 2742 Col.
2198 2687 2323 2741 M6.
2357 2686 2564 2741 Statius
2596 2682 2863 2739 Ctecilius.
2890 2681 3098 2739 Vitiose
3123 2684 3255 2750 legit
3281 2679 3555 2737 Pontacus

1974 2788 2034 2834 et
2068 2779 2398 2833 vetustiores
2432 2779 2719 2851 editiones,
2753 2776 2971 2841 insuper
3004 2789 3104 2844 pro
3141 2774 3384 2829 Insuber.

1972 2892 1977 2899 ·
2049 2870 2166 2926 Col.
2195 2872 2320 2926 415.
2353 2870 2476 2927 XV.
2513 2868 2756 2924 Perseus.
2790 2867 2969 2937 Atque
3013 2866 3100 2921 hic
3132 2866 3348 2921 videtur
3382 2865 3555 2921 collo-

1969 2962 2188 3017 ‘candus
2224 2961 2444 3016 biennio
2475 2967 2621 3015 ante.
2663 2958 2799 3014 Vide
2824 2957 3039 3011 Livium
3070 2956 3165 3010 lib.
3200 2971 3302 3019 ss,
3328 2970 3450 3025 cap.
3484 2957 3555 3011 55

292 3070 461 3127 quem
502 3054 651 3110 solus
699 3064 986 3120 tenuerat,
1017 3054 1233 3110 vivente
1261 3054 1429 3110 fratre
1461 3055 1828 3112 Pbilometore
1849 3095 1865 3119 ,
1899 3087 1947 3150 ο
1981 3063 2037 3108 et
2067 3053 2136 3108 58
2160 3093 2175 3118 ,
2211 3052 2303 3123 qui
2340 3060 2393 3106 et
2424 3066 2600 3106 annos
2630 3051 2679 3105 ei
2717 3049 2901 3103 tribuit
2928 3049 3014 3102 ll.
3063 3046 3349 3118 Syncellus
3382 3058 3553 3102 θεοπ-

296 3149 417 3225 ipse
461 3147 565 3202 sibi
610 3147 931 3213 accensuit,
982 3163 1105 3215 cum
1146 3163 1275 3219 ann.
1318 3162 1348 3201 a
1394 3146 1579 3210 fratris
1615 3148 1770 3202 initio
1802 3147 1872 3205 ’56

296 3253 459 3292 suum
493 3240 794 3293 numerarit
822 3238 914 3315 25.
950 3237 1043 3299 Sic
1096 3239 1243 3294 enim
1294 3239 1500 3293 nullum
1538 3254 1761 3308 prorsus
1804 3239 1875 3313 ab

295 3329 359 3403 ll
392 3329 578 3385 fratris
628 3330 834 3384 hiatum
875 3330 1137 3401 agnovit,
1170 3331 1314 3385 unde
1364 3330 1541 3398 ipsum
1585 3329 1871 3387 exordium

297 3421 521 3495 duxisse
544 3422 804 3477 vidimus.
830 3421 927 3493 J_us
955 3431 1135 3476 tamen
1165 3421 1385 3499 aliquod
1410 3404 1581 3476 suum
1601 3421 1656 3474 in
1687 3421 1875 3477 fratris

303 3514 571 3582 honorem
606 3513 676 3567 ab
713 3528 780 3567 eo
824 3513 1113 3573 remissum
1149 3512 1328 3566 innuit
1363 3511 1720 3581 Porphyrius.
1765 3510 1872 3571 Sed

304 3605 583 3680 quodnam
615 3605 744 3659 illud
778 3602 961 3668 fuerit,
991 3618 1110 3679 age,
1145 3603 1449 3659 videamus.
1496 3604 1616 3667 Non
1649 3595 1871 3675 quidem

305 3678 442 3769 illud
479 3696 622 3766 quod
651 3695 812 3752 verba
844 3734 860 3759 ,
890 3678 1070 3765 qualia
1106 3695 1265 3749 hodie
1294 3696 1550 3770 leguntur
1572 3734 1589 3759 ,
1624 3695 1877 3767 videntur

300 3803 548 3865 tonuere.
574 3784 693 3842 Non
733 3787 785 3840 in
818 3800 884 3840 eo
915 3787 1077 3840 sitam
1114 3801 1236 3840 esse
1269 3786 1499 3855 gratiatn
1520 3828 1535 3851 ,
1565 3789 1709 3855 quod
1741 3786 1875 3857 Phi—

300 3881 582 3935 tometoris
611 3895 701 3934 an.
725 3880 795 3935 56
822 3895 983 3935 suum
1006 3876 1124 3949 ipse
1154 3876 1225 3933 9.5
1255 3880 1557 3934 numerarit
1583 3897 1599 3946 ;
1630 3880 1731 3939 sed
1758 3879 1875 3934 vice

302 3985 456 4035 versa
488 3971 670 4040 potius
699 3971 752 4025 in
781 3985 870 4037 eo,
898 3971 1042 4040 quod
1075 3986 1237 4041 suum
1276 3987 1407 4025 anu.
1438 3970 1510 4025 25
1536 3968 1875 4023 Philometo-

301 4064 380 4119 ris
431 4062 501 4117 56
551 4062 933 4131 appellandum
988 4060 1237 4131 edixerit.
1290 4062 1405 4115 Hoc
1455 4062 1600 4117 enim
1655 4061 1874 4133 πρῶτον

303 4156 626 4225 Evergetem
656 4153 893 4211 edixisse
919 4151 1076 4224 docet
1099 4150 1449 4222 Porphyrius.
1470 4150 1677 4218 Nempe
1701 4150 1872 4220 quod,

302 4263 432 4303 cum
461 4260 663 4303 annum
690 4285 706 4308 ,
753 4258 913 4311 quem
957 4242 1027 4295 55
1072 4249 1455 4295 numeraverat
1499 4239 1872 4303 Philometor,

303 4318 424 4409 ipse
456 4336 813 4390 nihilominus
861 4331 1245 4405 Philometoris
1278 4332 1346 4386 56
1378 4339 1731 4393 numeraret,
1772 4343 1875 4382 an-

1973 3145 2145 3201 trario
2190 3144 2336 3200 solos
2375 3146 2433 3200 8.
2468 3142 2605 3198 Vide
2648 3150 2704 3197 et
2750 3141 3013 3210 Scaligeri
3072 3140 3327 3195 Canones
3368 3140 3553 3212 [sago-

1975 3235 2146 3305 gicos.
2586 3232 2591 3237 θ

2051 3327 2185 3382 Ibid.
2211 3327 2561 3381 Aristobulus.
2588 3326 2860 3390 Clemens,
2878 3327 3140 3382 Stromat.
3181 3316 3280 3379 lib.
3303 3341 3337 3378 v
3365 3315 3544 3386 :‘A'pti-

1979 3418 2251 3488 στοϐούλῳ
2279 3420 2335 3472 δὲ
2382 3418 2458 3488 τῷ
2523 3420 2667 3472 κατὰ
2748 3420 3090 3486 Πτολεμαῖον
3147 3418 3399 3484 γεγονότι
3458 3416 3552 3469 τὸν

1964 3510 2323 3575 Φιλάδελφον,
2352 3503 2413 3563 οὗ
2440 3511 2715 3579 μέμνηται
2763 3510 2792 3562 ὀ
2848 3505 3254 3575 συνταξάμενος
3296 3513 3401 3575 τὴν
3437 3504 3552 3557 τῶν

1976 3598 2395 3653 Μακκαόαἶκῶν
2432 3598 2731 3669 ἐπιτομὴν¹ι
2771 3595 2981 3666 βιϐλία,
3009 3595 3299 3662 γεγονέναι
3365 3591 3550 3656 ικανᾶ,

1966 3691 2047 3743 ’δι’
2077 3685 2152 3743 ὧν
2203 3689 2556 3743 ἀποδείκνυσι
2596 3688 2694 3754 τὴν
2730 3685 3168 3758 περιπατητικὴν
3203 3682 3550 3759 «pilos-0:91am

1976 3782 2040 3836 ἐκ
2057 3799 2116 3833 τε
2138 3781 2231 3833 τοῦ
2258 3781 2400 3833 κατὰ
2433 3780 2675 3833 Μωῦσέα
2719 3779 2908 3847 νόμου,
2944 3777 3040 3832 καὶ
3070 3776 3181 3828 τῶν
3227 3774 3409 3828 ἄλλων
3445 3774 3550 3843 ἡρ-

1963 3876 2172 3942 ’τῆσϐαι
2226 3874 2545 3943 προφητῶν.
2586 3871 2666 3925 Ab
2714 3870 3022 3924 Aristobulo
3065 3876 3278 3932 autent,
3323 3871 3416 3936 qui
3449 3867 3551 3936 fuit

1981 3978 2210 4034 tempore
2265 3966 2544 4019 Ptolemwi
2598 3963 2971 4032 Philadelphi,
3017 3962 3170 4028 cujus
3227 3961 3462 4014 metninit
3507 3961 3554 4014 is

1974 4059 2066 4127 qui
2095 4059 2385 4124 composuit
2421 4056 2697 4125 Epitomen
2760 4070 2935 4109 rerum
2970 4063 3234 4124 gestarum
3263 4068 3295 4105 α
3328 4050 3554 4105 Maelm-

1958 4146 2106 4201 ‘bwis
2129 4188 2143 4209 ,
2186 4146 2378 4198 multos
2418 4147 2580 4217 fuisse
2614 4146 2775 4198 libros
2798 4144 3169 4212 conscriptos,
3206 4142 3393 4213 quibus
3424 4158 3553 4213 pro-

1978 4239 2088 4303 bat,
2122 4238 2503 4307 philosophiam
2540 4235 2952 4304 Peripateticum
2993 4249 3061 4288 ea:
3089 4236 3202 4302 lege
3234 4233 3475 4286 Mosaica
3503 4242 3552 4285 et

1979 4329 2101 4383 aliis
2129 4330 2432 4397 (lepeudisse
2459 4328 2748 4397 prophetis.
2783 4324 2919 4379 Nota
2946 4365 2960 4389 ,
2993 4324 3323 4378 Clementem
3358 4335 3554 4376 vocare

302 4446 432 4503 num
461 4428 553 4499 qui
587 4429 673 4482 sui
706 4426 902 4487 fuisset
931 4423 1103 4478 solius
1124 4463 1139 4485 ,
1173 4421 1532 4476 Philometori
1560 4420 1725 4474 etiam
1769 4420 1877 4473 im-
1910 4419 1952 4473 Β
1980 4420 2395 4489 Philadelphum
2419 4461 2433 4487 ,
2485 4435 2643 4489 quem
2691 4419 2777 4473 hic
2825 4417 3090 4472 Eusebius
3133 4415 3551 4469 Philotnetorem

303 4529 566 4592 putasset.
596 4519 662 4573 Et
700 4517 845 4591 quod
891 4516 1102 4587 primus
1137 4517 1241 4587 hoc
1280 4515 1505 4580 fecisset
1537 4513 1834 4584 Evergetes
1858 4551 1875 4578 ,

304 4632 427 4671 eum
456 4614 692 4683 priorem
718 4612 962 4680 ejusdem
993 4608 1118 4663 anni
1153 4617 1360 4677 partem
1387 4648 1403 4672 ,
1446 4622 1550 4674 qua
1598 4615 1878 4676 superstes

304 4711 485 4771 [uerat
512 4705 862 4771 Philometor,
886 4701 957 4769 55
983 4700 1104 4770 ejus
1134 4713 1279 4770 anno
1313 4697 1720 4769 accensuissent
1753 4704 1875 4757 acta

304 4798 521 4869 publica
550 4836 567 4861 ,
612 4794 829 4862 aliaque
871 4791 925 4846 id
975 4773 1162 4861 genus~
1192 4797 1567 4843 monumenta.
1602 4787 1694 4842 Sic
1726 4786 1875 4842 enim

305 4892 503 4961 factum
530 4928 549 4953 ,
595 4895 655 4940 ιιι
699 4886 804 4961 sub
846 4885 1108 4956 Evergete
1135 4882 1364 4955 cmperit
1402 4895 1519 4935 mos
1551 4881 1641 4933 ille
1670 4894 1875 4934 annum

306 4985 557 5053 eumdem
586 4978 974 5039 Philometoris
997 4976 1067 5049 5b
1096 4975 1444 5029 numerandi.
1473 4974 1750 5053 Meruerat
1778 4988 1878 5026 au-

304 5050 415 5133 tem
447 5077 588 5130 hanc
622 5071 851 5143 gratiam
885 5085 915 5124 a
951 5070 1121 5123 fratre
1152 5050 1525 5141 Philometor,
1554 5054 1740 5139 quod’,
1779 5080 1878 5134 pro

307 5167 573 5224 modestia
602 5180 698 5220 sua
724 5202 743 5228 ,
785 5178 814 5216 a
843 5160 1031 5223 fratris
1059 5174 1205 5214 anno
1234 5157 1336 5211 sibi
1370 5155 1699 5209 vindicando
1737 5164 1878 5229 tem-

308 5268 572 5329 perasset,
609 5259 735 5311 dum
771 5256 885 5323 ipse
913 5267 1092 5307 rerum
1128 5249 1321 5323 (fratre
1355 5246 1761 5321 quantumlibet
1792 5246 1877 5323 in-

312 5353 452 5419 vito)
482 5350 749 5420 potiretur
778 5366 792 5401 :
824 5361 871 5399 et
902 5344 1042 5412 quod
1076 5342 1246 5395 victor
1289 5339 1446 5394 fratri
1496 5354 1685 5408 pacem
1739 5337 1879 5390 adeo

311 5440 659 5497 honorificam
690 5434 1081 5492 concessisset.
1114 5430 1221 5484 Sed
1264 5445 1392 5484 vero
1436 5430 1561 5483 anni
1608 5428 1676 5482 ab
1722 5427 1878 5480 initio

308 5546 411 5584 suo
436 5528 505 5581 '56
535 5534 740 5596 partem
770 5504 959 5579 saltent
991 5508 1230 5589 aliquam
1269 5517 1700 5596 Philometorem
1742 5517 1877 5571 atti-

305 5625 451 5691 gisse
475 5594 687 5674 certum
714 5623 820 5671 est.
853 5613 983 5668 Nam
1025 5625 1171 5666 certe
1202 5594 1508 5664 Dtunetrius
1535 5650 1547 5673 ,
1578 5625 1741 5677 quem
1787 5626 1875 5662 re-

308 5731 428 5820 gem
462 5696 1060 5785 fecerat’uturibundus
1092 5705 1463 5768 Philometor,
1497 5701 1565 5755 ab
1594 5716 1739 5756 anno
1774 5697 1874 5759 Sc-

1987 4513 2158 4577 disit,
2189 4522 2243 4567 et
2270 4512 2408 4566 dixit
2449 4511 2623 4575 alibi,
2674 4511 2879 4563 Strotn.
2915 4508 2933 4562 l
2970 4506 3394 4561 Philometorem
3427 4503 3555 4558 Cle-

1987 4622 2142 4662 mens
2177 4607 2335 4675 ipse;
2369 4607 2457 4658 cui
2489 4604 2654 4659 etiam
2693 4600 3038 4657 Aristobulus
3077 4598 3226 4669 apud
3258 4594 3554 4651 Eusebium

1984 4695 2155 4765 Praap.
2190 4696 2283 4749 lib.
2308 4711 2425 4757 xm,
2454 4710 2504 4749 c.
2537 4694 2879 4759 l‘2,coneinit
2907 4710 2923 4750 :
2962 4690 3030 4744 Ἦ
3060 4690 3107 4742 δ’
3147 4690 3247 4755 ὅλη
3280 4686 3557 4757 ἑρμηνεία

1983 4786 2092 4859 τῷν
2125 4769 2213 4839 διὰ
2261 4786 2357 4840 1:93
2390 4786 2555 4855 νόμου
2591 4786 2830 4841 πάντων.
2867 4783 2962 4835 ἐπὶ
3024 4782 3120 4833 τοῦ
3175 4782 3558 4849 προσαγορευ-

1948 4874 1951 4879 ί
1986 4876 2170 4940 θέντος
2211 4877 2541 4957 Φιλαδέλφου
2577 4874 2866 4943 βασιλέως,
2908 4868 3004 4924 σοῦ
3041 4870 3097 4922 δὲ
3119 4868 3408 4938 προγόνου.
3448 4869 3555 4923 Ve-
3647 4939 3654 4947 ’

1942 4962 2107 5025 ‘rum
2157 4972 2225 5023 de
2278 4970 2381 5024 hoc
2433 4968 2726 5022 Ptolemaeo
2779 4964 2922 5018 inter
2965 4961 3210 5016 eruditos
3261 4974 3372 5014 non
3418 4959 3553 5014 satis

1944 5058 2278 5126 ’convcnit;
2329 5070 2384 5115 et
2415 5058 2614 5113 Junius
2662 5056 2881 5128 quidem
2923 5054 3219 5126 Lathyrum
3271 5053 3552 5120 Evergeta:
3594 5073 3597 5076 ι

1988 5154 2153 5207 filium
2182 5151 2432 5220 intelligit
2464 5167 2478 5205 :
2503 5149 2724 5204 Grotius
2755 5147 2808 5201 in
2841 5144 3244 5201 annotationib.
3273 5142 3339 5196 ad
3369 5140 3412 5193 ll
3439 5138 3554 5192 Ma-

1983 5244 2145 5299 cltab.
2178 5259 2194 5297 I
2221 5282 2236 5306 ,
2266 5242 2332 5296 10
2356 5282 2372 5305 ,
2401 5225 2603 5294 mavult
2629 5237 2964 5309 Physcnncm
2995 5236 3229 5307 priorem
3275 5231 3386 5300 qui.
3420 5230 3556 5283 alte-

1986 5334 2100 5402 rius
2142 5332 2417 5409 Evergette
2470 5333 2691 5385 nomine
2731 5328 2982 5403 denotari
3027 5326 3095 5378 ah
3142 5319 3410 5379 Eusebio,
3453 5317 3553 5370 ait.

1986 5423 2140 5490 ρυοά
2173 5423 2325 5477 addit
2358 5421 2603 5490 Scaliger
2625 5459 2640 5484 ,
2682 5420 2884 5475 erroris
2917 5429 3150 5486 arguens
3181 5411 3549 5470 Clementem,

1984 5514 2125 5584 quod
2164 5518 2307 5567 hunc
2334 5516 2582 5568 eumdem
2617 5511 2803 5566 fecerit
2849 5525 2971 5566 esse
3004 5502 3380 5561 Aristobulum
3429 5513 3553 5551 cum

1986 5625 2071 5670 en,
2107 5606 2261 5675 cujus
2287 5605 2508 5658 laudato
2542 5603 2788 5659 Machah.
2826 5605 2945 5655 loco
2984 5596 3188 5652 mentio
3223 5602 3328 5657 est,
3368 5600 3552 5643 nostra

1988 5699 2122 5754 nihil
2155 5697 2405 5769 pertinet.
2441 5695 2704 5754 Prmtcrea
2734 5691 3082 5765 ipsefallitur
3107 5685 3372 5756 Scaliger;
3400 5693 3456 5738 ιιι
3481 5695 3552 5736 ex
