3974 6192
527 316 630 378 991
1785 295 2193 365 VALLABSII
2228 295 2466 360 ΝΟΜ.
3643 301 3727 362 ςςη

525 432 639 494 ipsa
669 425 1022 496 inscriptione
1055 421 1094 476 ll
1128 419 1376 474 Machah.
1421 433 1460 478 t.
1499 417 1586 481 ιο.
1623 424 1843 472 constat
1875 431 1892 471 :
1928 413 2079 485 Ἀρι·
2113 411 2155 466 A
2185 427 2302 482 qua:
2359 427 2458 480 per
2513 401 2758 466 ordinem
2810 410 3009 480 templo
3071 409 3440 467 inserviebam
3473 427 3489 476 ;
3549 412 3629 466 sed
3677 420 3728 467 e0

528 517 818 570 στοϐούλου
853 553 870 578 ,
946 512 1268 567 διδασκάλω
1311 509 1684 580 ’Πτολεμαέου
1772 505 1867 560 τοῦ
1936 506 2095 574 βασι-

528 606 664 668 λέως
690 642 707 669 ,
741 615 854 658 etc.
891 603 1022 658 Vide
1061 603 1316 657 Huetium
1361 602 1670 656 Demonstr.
1712 600 1915 671 Evang.
1960 598 2093 652 Pro-

529 697 691 761 ponit.
725 712 802 760 tv,
821 709 875 750 c.
907 695 999 758 12,
1035 712 1090 748 n.
1121 696 1176 750 ‘2.
1208 695 1263 749 In
1286 694 1568 749 Parmensi
1588 709 1690 748 ms.
1721 693 1934 760 legitur,
1953 691 2095 760 quia

526 789 882 842 Philomelam
913 786 1202 842 Ptolentozo
1233 795 1472 857 rogatus,
1495 785 1952 854 explanationum,
1985 794 2092 836 etc.

598 880 736 936 Ibid.
784 881 1068 934 Antiochus
1097 879 1420 949 Epiphanes.
1455 877 1746 933 Historiam
1767 917 1785 943 ,
1816 892 1936 945 quae
1970 876 2096 944 plu-

529 972 689 1024 ribus
722 981 868 1024 certe
902 971 1060 1026 annis
1096 980 1314 1026 coostat
1345 968 1580 1041 (digesta
1619 970 1768 1023 enim
1813 969 1924 1020 haec
1967 972 2095 1020 sunt

531 1063 600 1114 ab
629 1062 880 1129 Eusebio,
919 1073 976 1115 ut
1020 1063 1252 1123 monuit,
1285 1077 1380 1131 per
1417 1073 1682 1131 tempora,
1722 1075 1827 1113 non
1872 1074 1968 1128 per
1996 1073 2097 1110 an-

529 1152 682 1224 nos),
716 1163 900 1222 repete
937 1155 1044 1207 abs
1069 1153 1308 1222 Josepho
1340 1153 1433 1206 lib.
1473 1167 1545 1206 su
1579 1151 1850 1220 Antiquit.
1879 1165 1929 1204 c.
1961 1147 2015 1213 6,
2041 1157 2098 1203 et

525 1245 718 1296 confer
747 1259 869 1296 rum
917 1252 1143 1298 auctore
1183 1243 1229 1297 ll
1263 1243 1383 1296 libri
1431 1242 1862 1297 Machabteorun.
1911 1258 1961 1296 c.
2011 1256 2085 1308 tv;

528 1333 858 1387 dissentiunt
908 1335 1052 1388 enim
1106 1335 1248 1388 inter
1291 1349 1358 1388 se
1400 1333 1673 1388 nonnihil.
1720 1332 1841 1388 Mox
1893 1335 2095 1388 habent

533 1423 647 1488 pari
682 1435 948 1478 consensu
977 1433 1207 1489 quatuor
1244 1423 1472 1476 Palatini
1510 1438 1666 1486 utss.,
1707 1424 1883 1492 ibique
1916 1422 2048 1477 Iesu
2075 1461 2091 1488 ,

529 1512 621 1562 cui
657 1528 840 1565 nomen
866 1523 945 1564 est
987 1511 1174 1566 lason.
1211 1513 1266 1567 In
1296 1528 1459 1580 quem
1505 1513 1686 1567 locutu
1764 1511 2095 1566 Schurzﬂei-

527 1617 576 1655 ι·
601 1602 742 1665 hius,
793 1603 1005 1670 Ἰάσων,
1051 1604 1263 1672 inquit,
1313 1617 1512 1658 nomen
1577 1613 1664 1659 est
1708 1605 2092 1658 ethnicismum

533 1692 694 1758 plane
749 1693 1022 1748 redoleas.
1076 1693 1190 1748 Hoc
1223 1734 1239 1759 ,
1285 1703 1344 1748 ut
1391 1709 1457 1748 eo
1510 1694 1746 1763 ineptius
1781 1694 2096 1748 adularetur

2201 513 2526 567 secesserat,
2564 520 2686 558 cum
2741 503 2999 558 Antiochi
3057 502 3324 559 ministris
3361 503 3574 578 primus
3625 507 3726 558 resi-

2200 604 2343 647 stere
2372 609 2540 648 ausus
2571 605 2673 649 cst.
2709 593 2948 664 Joscpho
2982 594 3182 650 dicitur
3234 591 3392 647 οἶκον
3427 594 3486 646 ἑν
3541 595 3724 661 Μωδεὶμ

2199 687 2403 756 κώμῃ.
2488 685 2563 740 De
2634 687 2751 754 ejus
2829 689 2999 755 stirpe
3052 697 3107 742 et
3187 687 3502 756 genealogia
3583 689 3726 742 confer

2200 776 2512 844 Cappellum
2563 789 2616 831 ct
2675 777 3061 832 Schindlerum
3116 776 3186 832 ab
3257 778 3489 832 invicem
3558 777 3733 842 disscns

2202 867 2418 922 lieltle's.

2271 959 2406 1014 Ibid.
2435 959 2631 1014 Ennius
2659 970 2830 1029 poeta.
2860 962 2951 1014 Est
2977 962 3472 1016 metarbronlstnus
3493 962 3730 1028 quadrien-

2200 1048 2300 1107 nii.
2338 1065 2496 1117 qttem
2529 1062 2580 1102 et
2613 1051 2856 1119 Scaliger
2889 1059 3061 1104 notat.
3095 1049 3285 1104 Cicero
3337 1049 3393 1102 in
3446 1048 3606 1100 Bruto
3637 1063 3729 1115 cap.

2199 1137 2291 1200 20,
2319 1140 2626 1207 quindecim
2659 1153 2780 1210 post
2816 1141 3066 1195 Plautum
3097 1140 3253 1192 anuis
3284 1138 3517 1192 Ennium
3553 1139 3730 1202 obiissc,

2201 1239 2390 1284 auctor
2420 1239 2520 1284 est.
2557 1233 2662 1286 Pro
2694 1247 2762 1285 eo
2791 1211 2954 1299 quod.
2984 1232 3184 1285 dicitur
3242 1231 3469 1284 Rudiam
3501 1248 3566 1284 ea:
3609 1229 3731 1283 Juni-

2201 1322 2318 1374 cttlo
2348 1322 2629 1384 translata,
2663 1323 2882 1392 quidam
2922 1338 3047 1376 mss.
3082 1338 3143 1376 ex
3182 1322 3262 1375 his
3291 1322 3448 1374 etiam
3477 1337 3610 1390 quos
3637 1320 3736 1374 Suo

2201 1411 2335 1479 liger
2391 1413 2682 1474 consuluit,
2745 1411 2965 1464 Rodium
3001 1451 3014 1468 .
3058 1420 3152 1464 aut
3220 1410 3477 1462 Rhodiam
3528 1393 3733 1462 habent.

2203 1501 2691 1556 Schnrzlleischins
2724 1504 2904 1555 mallet
2953 1501 3180 1554 Rhodius
3235 1501 3471 1568 plurium
3525 1514 3736 1562 numero,

2202 1593 2345 1659 quod
2377 1594 2444 1644 ita
2483 1608 2545 1646 ea
2580 1595 2708 1646 urbs
2751 1593 3008 1646 Straboni
3064 1593 3392 1659 appellatur,
3416 1601 3473 1642 et
3493 1589 3740 1656 Stephano

2215 1685 2414 1738 Ῥοδαε.
2469 1683 2662 1738 Garcia
2710 1700 2738 1736 a
2779 1685 2975 1736 Loaisa
3040 1685 3092 1738 iu
3149 1681 3302 1735 Notis
3335 1683 3402 1736 ad
3464 1681 3738 1736 Chronico»

523 1783 865 1850 gentilibus,
903 1784 1107 1852 reiecto
1153 1785 1370 1855 patrio,
1407 1801 1517 1855 quo
1569 1751 1670 1839 nec
1717 1785 1938 1853 dignum
1979 1795 2096 1841 erat
2130 1751 2177 1812 ³
2204 1774 2394 1828 lsidori
2425 1792 2453 1826 υ
2484 1790 2583 1826 suo
2617 1791 2717 1826 ms.
2753 1775 2938 1828 codice
2965 1772 3200 1826 restituit
3235 1771 3458 1825 nudius.

542 1873 712 1926 κακὸν
740 1875 898 1928 τοῦτο
935 1876 1158 1945 ἐλεγχος
1191 1877 1440 1941 nomine,
1477 1877 1798 1946 assumpsit,
1837 1877 1959 1932 ideo
1992 1879 2096 1932 itu-

527 1963 758 2029 prlmis,
788 1965 918 2032 quia
961 1965 1281 2021 afﬁnitatem
1308 1967 1640 2034 quamdam,
1681 1967 1766 2020 vel
1801 1969 1949 2021 certe
1984 1969 2099 2020 ισο-

534 2053 740 2115 φωνιαν
760 2090 776 2116 ,
805 2069 927 2108 cum
959 2054 1169 2134 ’lqaet'a;
1201 2057 1472 2120 habebat,
1506 2059 1552 2110 si
1612 2057 1804 2112 ionice!
1832 2057 2102 2112 scribatur

529 2140 743 2211 Ἰήσων.
782 2143 1100 2203 Gobellinus
1152 2148 1390 2203 Persona
1439 2148 1832 2203 Cosmodromii
1874 2158 1963 2204 tet.
2005 2151 2100 2214 tv',

529 2248 651 2302 cap.
689 2236 754 2289 H
782 2252 795 2288 :
826 2235 1128 2304 Habuerat,
1154 2239 1354 2308 inquit,
1388 2241 1498 2308 ipse
1527 2241 1694 2294 Ouias
1721 2241 1854 2294 duos
1881 2243 2098 2310 fratres,

525 2337 746 2390 quarum
779 2343 912 2392 unus
940 2329 1214 2382 dicebatur
1247 2330 1404 2384 Iesus
1425 2369 1442 2392 .
1489 2331 1626 2384 alter
1660 2329 1918 2386 Joannes.
1961 2333 2095 2401 Isti,

523 2427 824 2480 appetentes
861 2434 1128 2472 summum
1157 2421 1517 2474 sacerdotium
1544 2460 1562 2487 ,
1604 2422 1936 2492 volentesque
1973 2426 2099 2491 pla-

525 2523 646 2566 cere
693 2509 806 2577 regi
829 2549 846 2573 ,
888 2510 1252 2579 imposuerunt
1287 2515 1388 2566 sibi
1417 2515 1634 2568 nomina
1667 2517 1939 2586 gentilium
1977 2518 2054 2570 ita
2077 2555 2094 2582 ,

429 2646 442 2656 ,
527 2603 666 2665 quod
700 2598 856 2656 Iesus
894 2604 1163 2657 nominari
1195 2605 1360 2661 lason
1386 2648 1400 2669 ,
1447 2616 1497 2660 et
1537 2605 1771 2661 Joannes
1801 2609 1962 2661 uoluit
1998 2626 2096 2662 no-

519 2690 727 2746 minari
753 2691 1069 2748 Menenius.
1101 2693 1370 2750 Ctterutn
1417 2695 1560 2751 hanc
1598 2697 1943 2766 pontiﬁcatus
1974 2715 2098 2752 ntu-

531 2779 788 2837 tationem
826 2782 1150 2853 Syncellus,
1200 2801 1310 2839 non
1359 2785 1429 2840 ab
1471 2786 1742 2840 Antiocho
1780 2786 2098 2856 Epiphane,

519 2871 623 2924 sed
658 2871 778 2940 ejus
800 2873 1021 2928 demum
1071 2891 1390 2931 successore
1414 2919 1429 2941 ,
1469 2877 1742 2932 Antiocho
1782 2877 2056 2948 Eupatore
2079 2918 2098 2945 ,

518 2959 728 3016 {actam
760 2978 902 3030 esse,
927 2967 1154 3022 asserit.
1183 2970 1253 3022 At
1281 2985 1401 3022 cum
1435 2969 1672 3024 Eusebio
1699 2970 1922 3036 faciunt,
1960 2987 2101 3042 pra:-

534 3058 620 3106 ιρι·
647 3063 924 3109 auctorem
957 3057 1081 3110 libri
1121 3058 1484 3116 Machahteor.
1521 3062 1746 3116 secundi
1774 3103 1788 3127 ,
1825 3061 2096 3130 Josephus
2121 3097 2168 3160 ο

534 3143 720 3212 Antiq.
753 3145 846 3199 lib.
877 3163 976 3212 stt,
1008 3161 1059 3202 c.
1085 3147 1144 3225 li,
1169 3162 1223 3204 et
1245 3149 1562 3205 Gobellinus
1584 3152 1792 3206 dudum
1822 3155 2094 3210 laudatus.

600 3236 737 3291 Ibid.
762 3240 1055 3294 Antiochus
1081 3242 1245 3312 legem
1269 3242 1582 3298 Judteorum
1605 3247 1898 3314 impugnat.
1923 3247 2097 3314 Atque

525 3327 644 3383 ha-c
671 3330 923 3400 pericopa
951 3332 1192 3400 plurium
1227 3351 1357 3389 ann.
1403 3347 1521 3391 acta
1562 3338 1845 3402 continet,
1881 3352 2002 3406 qua:
2041 3339 2096 3394 in

525 3419 704 3487 spatio
727 3420 990 3476 historico
1013 3463 1030 3489 ,
1065 3440 1162 3488 pro
1187 3427 1272 3479 sui
1304 3428 1486 3491 operis
1519 3427 1792 3492 instituto,
1827 3430 2097 3486 Eusebius

526 3509 769 3578 collegit.
833 3512 1022 3582 Neque
1080 3526 1160 3570 est
1218 3527 1396 3572 tamen
1454 3535 1553 3574 cur
1615 3519 1842 3589 ὕπερον
1898 3521 2097 3591 πρότε-

531 3615 624 3667 ρον
655 3600 860 3669 aliquid
890 3603 1133 3674 Scaliger
1159 3607 1207 3660 ei
1237 3608 1414 3678 culpa:
1445 3618 1640 3664 vertat.
1681 3609 1972 3665 llistoriam
2003 3627 2095 3667 ac-

527 3699 716 3744 curate
745 3695 972 3755 exponit
1024 3704 1217 3748 auctor
1265 3697 1360 3749 lib.
1423 3699 1580 3766 primi
1635 3698 1993 3755 Macbabaeor.
2043 3715 2094 3756 c.

533 3792 594 3842 I,
634 3779 740 3832 etc.
763 3819 780 3843 ,
822 3795 854 3833 a
885 3796 991 3850 quo
1019 3779 1292 3852 Iosephus
1325 3784 1420 3840 lib.
1453 3803 1527 3841 stt
1557 3788 1744 3856 Antiq.
1790 3803 1839 3844 c.
1872 3791 1904 3843 7
1930 3830 1944 3855 ,
1986 3805 2094 3844 non

533 3884 722 3936 parum
755 3870 1034 3927 dissentit.
1067 3873 1156 3930 Bis
1191 3875 1492 3932 Auliochus
1522 3879 1574 3932 in
1610 3878 1827 3936 Judaeos
1874 3896 2096 3935 eorum-

531 3975 636 4028 que
691 3961 879 4016 urbem
936 3963 1150 4028 saeviit,
1189 3976 1243 4019 et
1280 3965 1452 4032 ptimo
1494 3968 1706 4038 quidem
1739 3983 1862 4023 cum
1898 3969 1966 4024 de
2011 3971 2097 4024 sui

532 4059 703 4105 morte
735 4067 923 4106 rumor
958 4053 1325 4109 iucrebuissct
1355 4093 1370 4118 ,
1424 4056 1492 4109 ob
1523 4071 1680 4122 quem
1716 4058 1792 4110 ira
1825 4069 1877 4114 et
1915 4059 2099 4115 dolore

530 4153 792 4209 :estuaus,
831 4143 1256 4214 Hierosolymam
1279 4148 1586 4214 occupavit,
1619 4159 1671 4202 et
1694 4149 1936 4205 inaudita
1969 4166 2098 4206 cru-

531 4233 757 4290 delitate
781 4236 1004 4306 diripuit
1033 4253 1050 4294 :
1073 4237 1270 4292 dicitur
1297 4240 1498 4310 quippe
1525 4240 1666 4295 intra
1695 4242 1935 4295 tridttutn
1961 4258 2096 4313 qua-

531 4325 778 4394 draginta
812 4329 978 4382 millia
1017 4329 1297 4383 hominum
1333 4332 1654 4397 trucidasse,
1689 4342 1800 4389 etc.
1831 4332 1967 4388 Tum
1997 4335 2091 4389 dc-

2275 1864 2368 1916 Col
2425 1865 2548 1918 «itii.
2584 1863 2805 1917 Rontani
2829 1865 3098 1932 interfecto
3128 1863 3304 1924 Perse.
3341 1875 3449 1916 etc.
3487 1861 3736 1929 Perperna

2205 1957 2333 2025 legit
2375 1956 2616 2025 Scaliger
2650 1959 2932 2027 proﬂigato
2965 1974 2984 2011 :
3017 1956 3257 2025 nihilque
3289 1956 3427 2009 adeo
3479 1968 3616 2015 sunt.
3647 1971 3745 2022 qua

2206 2048 2431 2118 Opponit
2475 2049 2542 2102 de
2586 2050 2896 2114 superstitis
2945 2049 3204 2114 miseriis,
3260 2049 3476 2101 Albano
3532 2062 3738 2108 carcere,

2205 2151 2310 2195 etc.
2339 2139 2475 2194 Vide
2510 2140 2760 2194 Photiutn
2791 2143 2842 2194 in
2880 2140 3163 2209 Excerptis
3185 2156 3246 2194 ex
3283 2139 3508 2193 Diodor.
3543 2139 3642 2193 Sir.
3665 2141 3739 2192 lib.

2205 2249 2356 2294 ιλιι.
2391 2233 2704 2287 Sallustium
2731 2233 2822 2286 lib.
2848 2249 2921 2293 tv,
2954 2233 3328 2298 Plutarchum,
3370 2233 3629 2300 aliosque.
3665 2231 3743 2285 Re-

2205 2325 2349 2388 lilua
2379 2326 2443 2378 de
2475 2325 2873 2389 Macedonibus,
2907 2324 3152 2393 Illyricis,
3177 2335 3308 2388 etc.,
3331 2341 3396 2376 ex
3425 2342 3537 2393 quo
3561 2334 3747 2376 aut-tore

2205 2415 2476 2470 Eusvbins
2537 2416 2855 2484 sumpserit,
2912 2417 3247 2485 ignoramus.
3320 2417 3534 2472 Vidcsis
3593 2427 3742 2471 tamen

2207 2507 2392 2576 Polyb.
2423 2506 2678 2574 Excerpt.
2713 2504 2898 2574 Legat.
2931 2506 2985 2561 9.

2275 2598 2390 2650 Col.
2423 2599 2545 2652 M7.
2577 2598 2884 2651 Judworum
2935 2599 3043 2652 dux
3106 2598 3300 2653 ludas.
3355 2599 3453 2654 Die
3519 2598 3750 2653 vicesima

2203 2690 2391 2759 quinta
2421 2689 2623 2744 mensis
2645 2689 2862 2752 Casleu,
2887 2690 3082 2744 eodem
3105 2691 3313 2746 scilicet
3334 2705 3544 2752 mense,
3564 2689 3745 2743 eadem-

2205 2796 2309 2849 que
2345 2780 2454 2842 die,
2487 2795 2591 2847 qua
2624 2781 2837 2833 fuerant
2866 2788 2991 2834 ante
3026 2779 3318 2834 triennium
3355 2780 3564 2849 polluta
3597 2793 3748 2842 sacra.

2203 2879 2259 2926 et
2313 2876 2571 2938 templum
2625 2871 2990 2940 profanatum,
3025 2871 3042 2922 1
3075 2869 3430 2926 Machabmor.
3459 2887 3534 2933 tv,
3577 2881 3628 2925 et
3667 2869 3749 2923 loc

2205 2963 2405 3030 sophus
2432 2963 2724 3032 Antiquitt.
2761 2979 2857 3026 stt,
2898 2964 2984 3018 ll.
3017 2963 3326 3033 Respondet
3357 2963 3553 3018 Casleu
3583 2962 3750 3030 partito

2203 3047 2500 3108 Novembri
2530 3061 2584 3108 et
2621 3053 2820 3122 partim
2875 3053 3158 3108 Decembri
3207 3051 3421 3108 Latinis
3462 3051 3744 3107 mensibus:

2199 3154 2426 3212 eratque
2456 3145 2590 3200 adeo
2645 3161 2824 3201 annus
2858 3146 2948 3201 ille
2981 3162 3044 3201 es
3080 3158 3230 3216 parte
3276 3145 3497 3215 quidem
3553 3145 3752 3200 ultimus

2197 3235 2520 3306 Olympiadis
2577 3238 2717 3302 £55;
2777 3253 2842 3292 ex
2885 3248 3036 3308 parte
3085 3250 3264 3294 autem
3326 3239 3539 3309 primus
3584 3240 3746 3292 subse-

2197 3327 2412 3394 quentis
2429 3326 2549 3390 154,
2568 3328 2651 3382 cui
2671 3329 3312 3385 ascribiturab‘Euscbio:
3331 3331 3598 3400 siquidem
3615 3331 3747 3400 olym-

2199 3418 2405 3486 piades,
2431 3428 2489 3472 ut
2517 3420 3001 3486 aliasmonuimus,
3030 3421 3290 3490 proximis
3324 3433 3447 3492 post
3483 3422 3744 3477 solstitium

2201 3508 2450 3562 aestivum
2492 3509 2804 3578 pleniluniis
2845 3512 3135 3566 celebratae
3170 3525 3318 3579 sunt,
3347 3527 3414 3568 ex
3445 3529 3555 3581 quo
3592 3522 3642 3566 et
3668 3528 3744 3564 an—

2201 3597 2255 3651 ni
2282 3598 2567 3668 Olympiaci
2597 3611 2978 3668 supputantur.
3010 3603 3333 3672 Quanquam
3384 3620 3505 3673 quae
3533 3603 3749 3672 Scaliger

2200 3690 2469 3760 subjungit
2509 3693 2633 3745 huic
2671 3694 2941 3760 periocha:
2973 3703 3093 3762 post
3123 3697 3367 3759 reddidit,
3393 3697 3578 3756 verba.
3602 3696 3748 3766 algu-

2203 3781 2355 3847 piade
2376 3783 2655 3835 centesima
2690 3784 3118 3854 quinquagesima
3153 3797 3364 3856 quarta,
3399 3787 3450 3840 in
3489 3786 3608 3840 aliis
3648 3783 3748 3855 qui-

2204 3871 2306 3926 bus
2341 3874 2560 3940 utimur,
2591 3879 2706 3930 sive
2757 3875 2941 3942 editis,
2999 3875 3115 3931 sive
3167 3891 3299 3931 mss.
3328 3875 3508 3941 libris,
3543 3892 3645 3930 non
3672 3875 3748 3928 lia-

2201 3961 2420 4016 bentur.

2271 4053 2386 4108 Col.
2424 4052 2544 4106 ιη.
2585 4053 2822 4108 Menelao
2850 4056 3114 4124 pontiﬁce,
3143 4064 3248 4111 etc.
3303 4056 3558 4123 Quidam,
3614 4055 3748 4124 cujus

2200 4144 2406 4198 nomini
2438 4146 2729 4213 parcimus.
2763 4146 2982 4204 iuNotis
3012 4151 3075 4202 ad
3097 4149 3303 4217 Sulpic.
3329 4149 3518 4204 Sever.
3550 4146 3745 4208 tom.ll,

2205 4248 2257 4302 p.
2311 4236 2432 4298 ill,
2473 4236 2614 4292 hunc
2670 4237 2870 4305 locum,
2915 4257 3074 4310 quem
3140 4256 3246 4294 non
3280 4239 3625 4310 Syueelliper
3649 4254 3748 4292 om-

2204 4326 2318 4388 nia.
2358 4327 2451 4382 sed
2492 4330 2743 4384 cautione
2781 4331 3020 4385 adhibita
3054 4347 3372 4400 expressum
3423 4349 3486 4386 ea:
3529 4330 3746 4403 Syncrllo

533 4435 640 4473 nuo
680 4431 801 4489 post
846 4418 1014 4474 ferme
1065 4422 1342 4476 biennium
1393 4438 1409 4476 :
1449 4438 1758 4493 quanquam
1805 4440 1910 4480 non
1953 4425 2096 4480 venit
2127 4431 2172 4486 Β
2201 4416 2464 4481 diximus.
2491 4419 2647 4488 juxta
2704 4437 2868 4490 quam
2921 4423 3076 4477 nobis
3115 4423 3166 4476 iu
3200 4423 3350 4477 hisce
3408 4421 3742 4492 FragmenliS.

529 4511 645 4580 ipse
676 4511 776 4566 hoc
805 4526 949 4566 anno
973 4511 1422 4581 Hierosolymam,
1448 4515 1538 4568 sed
1565 4516 1874 4584 pra-lectum
1900 4532 1965 4572 eo
1996 4519 2099 4572 mi-

531 4601 604 4653 sit
627 4597 766 4668 ,ἠιιί
797 4597 1018 4655 Judaws
1050 4600 1293 4670 reliquos
1321 4602 1491 4658 ferme
1519 4605 1722 4660 deleret
1749 4645 1764 4670 ,
1797 4607 2097 4679 urbemque

533 4689 884 4747 convelleret.

599 4780 715 4836 Col.
751 4782 924 4836 “7...
955 4782 1020 4836 In
1072 4783 1268 4853 templo
1330 4783 1476 4840 lovis
1531 4784 1835 4857 Olympii...
1902 4788 2102 4845 Mavult

529 4872 772 4942 Scaliger
790 4874 1105 4942 Ilospitalis,
1133 4876 1177 4930 si
1199 4878 1416 4946 quidem
1440 4875 1628 4932 Ξενίου
1655 4879 1912 4949 prazl‘eras
1954 4897 1969 4934 :
2003 4879 2102 4934 Jo-

526 4965 728 5032 Scphus
754 4967 898 5020 enim
928 4967 1012 5020 Διῒ
1050 4966 1331 5038 Ἐλληνίῳ,
1388 4967 1510 5022 1υυί
1557 4967 1862 5023 σταταηίεο
1910 4985 2104 5027 conse-

529 5068 739 5114 cratum
781 5058 952 5115 fuisse
991 5063 1254 5131 templum
1287 5060 1438 5125 illud,
1480 5061 1790 5138 petentibus
1823 5062 1876 5116 id
1907 5061 2103 5117 Sama-

532 5149 746 5216 ritanis,
781 5152 940 5205 tradit
969 5170 983 5207 :
1016 5167 1123 5207 non
1155 5162 1303 5208 certe
1329 5162 1665 5208 esstructutu
1694 5154 1758 5207 de
1791 5167 1930 5207 novo
1954 5153 2101 5209 aliud

533 5244 602 5295 ab
630 5260 695 5298 eo
723 5243 868 5312 quod
904 5247 1179 5300 exstabat.
1213 5246 1345 5302 Vide
1393 5247 1671 5302 laudatum
1703 5245 2024 5315 Josephuut,
2051 5257 2106 5303 et

530 5335 572 5390 Il
606 5335 962 5390 alachabaior.
997 5352 1047 5391 c.
1080 5352 1154 5391 \t.

599 5425 737 5480 l-bid.
773 5425 1164 5481 Mothatltias...
1213 5427 1326 5484 vico
1383 5427 1601 5483 Modim.
1631 5427 1872 5498 Scaliger
1900 5444 1964 5482 ea:
1995 5429 2103 5483 vico

528 5519 681 5585 legit,
719 5517 902 5572 minus
937 5531 1081 5574 recte
1117 5533 1135 5575 :
1171 5535 1344 5588 neque
1376 5520 1544 5586 enim,
1577 5528 1635 5573 ut
1684 5519 1800 5588 ipse
1855 5529 2100 5585 annotat,

532 5629 597 5664 rx
640 5611 838 5664 Modim
868 5621 1044 5664 ortum
1073 5611 1300 5666 duxerat
1329 5610 1675 5674 Mathatbias,
1706 5627 1902 5681 genere
1935 5613 2101 5666 ctdo-

539 5722 626 5758 tuo
659 5703 1090 5776 Uierosolymita,
1124 5719 1188 5760 es
1225 5702 1428 5764 Joaribi
1461 5702 1652 5768 classe,
1708 5702 1879 5773 prima
1912 5705 1972 5759 dc
2011 5702 2099 5771 2i,

2204 4514 2441 4580 regulam
2474 4514 2926 4582 praescripdmus,
2983 4515 3052 4568 ita
3097 4514 3463 4568 calumniatur
3507 4532 3521 4570 :
3557 4510 3746 4583 Sgncel-

2202 4600 2305 4665 lus,
2341 4601 2676 4670 inquitJ-rog
2727 4604 3005 4674 ἒνῆμισυ,
3041 4621 3156 4676 quae
3215 4608 3370 4661 verba
3427 4608 3660 4674 apposita
3689 4603 3746 4656 ad

2202 4691 2634 4763 marginemuota
2685 4696 3025 4751 inculcantur
3049 4697 3234 4767 infra,
3292 4697 3413 4759 ἔτος
3469 4698 3546 4765 ἓν,
3590 4696 3748 4767 μῆνας

2200 4783 2279 4847 ἕξ.
2316 4784 2479 4850 Quem
2515 4787 2683 4840 locum
2723 4787 2775 4841 in
2803 4787 3000 4842 Gra'cis
3025 4788 3336 4860 fragmentis
3367 4787 3622 4845 Chronico
3646 4786 3738 4839 Ειο

2202 4875 2792 4947 sebio-Ilieronymiano
2821 4881 3093 4933 novissime
3138 4881 3396 4948 appositis
3444 4881 3521 4932 ita
3557 4876 3747 4932 laudari

2201 4965 2367 5030 uideo,
2396 4976 2452 5020 ut
2499 4984 2748 5037 germana
2779 4980 2826 5022 et
2850 4970 3061 5039 vulgata
3085 4968 3240 5023 lectio
3273 4969 3568 5037 rejiciator,
3599 4983 3645 5022 et
3697 4966 3742 5017 iu

2201 5055 2315 5126 ejus
2365 5057 2533 5111 locum
2592 5059 2906 5114 obtrudatur
2955 5069 3064 5116 licet:
3121 5061 3216 5132 ἔτη
3290 5057 3360 5130 β’,
3407 5062 3649 5114 nimirum
3698 5064 3746 5108 st

2202 5149 2471 5218 Syncellus
2503 5151 2674 5207 volens
2715 5153 2896 5208 nolens
2928 5155 2982 5208 in
3011 5152 3222 5208 Eusebii
3250 5155 3563 5208 sententiam
3587 5159 3747 5204 treus-

2203 5247 2310 5308 tur,
2341 5241 2428 5305 qui
2456 5241 2719 5296 biennium
2745 5259 2862 5296 cum
2883 5242 3110 5311 Josepho
3133 5243 3417 5311 Eupatoris
3447 5258 3598 5312 regno
3624 5239 3746 5292 assi-

2201 5340 2349 5398 gnat.
2376 5328 2526 5386 Facti
2557 5333 2820 5402 judicium
2849 5350 3014 5404 penes
3057 5351 3269 5404 aequum
3317 5335 3571 5390 lectorem
3623 5338 3742 5384 esto.

2185 5421 2250 5478 ἐἰ
2285 5423 2468 5477 lucum
2499 5426 2547 5479 ei
2582 5425 2830 5492 fecimus,
2861 5429 2908 5483 si
2961 5444 3274 5498 germanam
3309 5427 3542 5501 Syncelli
3573 5425 3742 5486 lectio?
3821 5443 3828 5456 ‘

2204 5533 2326 5572 nem
2359 5520 2659 5588 rejicimus,
2693 5521 2820 5590 quin
2853 5523 3033 5591 patius
3059 5524 3105 5577 si
3162 5537 3193 5578 e
3227 5524 3448 5591 regione
3487 5517 3741 5576 adnotavi-

2207 5626 2328 5666 mus
2368 5611 2660 5665 fusioribus
2697 5614 2893 5680 verbis,
2922 5613 3109 5670 haberi
3140 5615 3280 5684 apud
3311 5614 3610 5684 Synccllum
3640 5608 3742 5666 ἔτος

2205 5702 2282 5772 ἒν,
2312 5703 2482 5774 μῆνας
2503 5703 2561 5772 ἒξ
2588 5721 2600 5760 :
2629 5705 2675 5761 si
2704 5705 2851 5763 illum
2881 5709 3142 5764 volentem
3193 5708 3467 5765 nolentem
3495 5707 3548 5765 in
3594 5702 3746 5757 Eusc-
