  <div class='ocr_page' id='page_1' title='image "/cluster/home/n/w/nwhite01/storage/ocr_20150623/27/hvd.32044096580501/500.png"; bbox 0 0 4014 6196; ppageno 0'>
   <div class='ocr_carea' id='block_1_1' title="bbox 299 299 417 362">
    <p class='ocr_par' dir='ltr' id='par_1_1' title="bbox 299 299 417 362">
     <span class='ocr_line' id='line_1_1' title="bbox 299 299 417 362; baseline 0.017 -2"><span class='ocrx_word' id='word_1_1' title='bbox 299 299 417 362; x_wconf 80' lang='lat'><strong>903</strong></span> 
     </span>
    </p>
   </div>
   <div class='ocr_carea' id='block_1_2' title="bbox 1594 284 2316 374">
    <p class='ocr_par' dir='ltr' id='par_1_2' title="bbox 1594 284 2316 374">
     <span class='ocr_line' id='line_1_2' title="bbox 1594 284 2316 374; baseline 0.001 -4"><span class='ocrx_word' id='word_1_2' title='bbox 1594 284 1999 374; x_wconf 61' lang='lat' dir='ltr'><strong>VsLtLAnsn</strong></span> <span class='ocrx_word' id='word_1_3' title='bbox 2053 309 2316 374; x_wconf 64' lang='lat' dir='ltr'><strong>Nom;</strong></span> 
     </span>
    </p>
   </div>
   <div class='ocr_carea' id='block_1_3' title="bbox 3462 329 3580 398">
    <p class='ocr_par' dir='ltr' id='par_1_3' title="bbox 3462 329 3580 398">
     <span class='ocr_line' id='line_1_3' title="bbox 3462 329 3580 398; baseline 0.042 -5"><span class='ocrx_word' id='word_1_4' title='bbox 3462 329 3580 398; x_wconf 52' lang='lat'><strong>93¢</strong></span> 
     </span>
    </p>
   </div>
   <div class='ocr_carea' id='block_1_4' title="bbox 301 414 3570 506">
    <p class='ocr_par' dir='ltr' id='par_1_4' title="bbox 301 414 3570 506">
     <span class='ocr_line' id='line_1_4' title="bbox 301 414 3570 506; baseline 0.01 -41"><span class='ocrx_word' id='word_1_5' title='bbox 301 414 374 466; x_wconf 83' lang='lat' dir='ltr'><strong>bii</strong></span> <span class='ocrx_word' id='word_1_6' title='bbox 414 414 740 469; x_wconf 85' lang='lat' dir='ltr'><strong>sententiam</strong></span> <span class='ocrx_word' id='word_1_7' title='bbox 797 415 1087 484; x_wconf 89' lang='lat' dir='ltr'><strong>trahimus,</strong></span> <span class='ocrx_word' id='word_1_8' title='bbox 1141 421 1232 490; x_wconf 93' lang='lat' dir='ltr'><strong>qui</strong></span> <span class='ocrx_word' id='word_1_9' title='bbox 1295 437 1401 478; x_wconf 89' lang='lat' dir='ltr'><strong>non</strong></span> <span class='ocrx_word' id='word_1_10' title='bbox 1467 424 1700 496; x_wconf 84' lang='lat' dir='ltr'><strong>Syncclli</strong></span> <span class='ocrx_word' id='word_1_11' title='bbox 1764 443 1887 482; x_wconf 84' lang='lat' dir='ltr'><strong>esse</strong></span> <span class='ocrx_word' id='word_1_12' title='bbox 1921 438 1964 490; x_wconf 74' lang='grc' dir='ltr'><strong>Α</strong></span> <span class='ocrx_word' id='word_1_13' title='bbox 1995 442 2104 496; x_wconf 93' lang='lat' dir='ltr'><strong>quo</strong></span> <span class='ocrx_word' id='word_1_14' title='bbox 2140 427 2404 482; x_wconf 74' lang='lat' dir='ltr'><strong>Eusebius</strong></span> <span class='ocrx_word' id='word_1_15' title='bbox 2440 427 2684 487; x_wconf 74' lang='lat' dir='ltr'><strong>hauserit</strong></span> <span class='ocrx_word' id='word_1_16' title='bbox 2713 449 2729 500; x_wconf 88' lang='lat'><strong>;</strong></span> <span class='ocrx_word' id='word_1_17' title='bbox 2765 435 3010 506; x_wconf 82' lang='lat' dir='ltr'><strong>ejusdem</strong></span> <span class='ocrx_word' id='word_1_18' title='bbox 3045 437 3190 494; x_wconf 80' lang='lat' dir='ltr'><strong>enim</strong></span> <span class='ocrx_word' id='word_1_19' title='bbox 3217 441 3461 498; x_wconf 66' lang='lat' dir='ltr'><strong>attentis</strong></span> <span class='ocrx_word' id='word_1_20' title='bbox 3484 461 3570 498; x_wconf 70' lang='lat' dir='ltr'><strong>lia-</strong></span> 
     </span>
    </p>
   </div>
   <div class='ocr_carea' id='block_1_5' title="bbox 298 505 1877 590">
    <p class='ocr_par' dir='ltr' id='par_1_5' title="bbox 298 505 1877 590">
     <span class='ocr_line' id='line_1_5' title="bbox 298 505 1877 590; baseline 0.012 -34"><span class='ocrx_word' id='word_1_21' title='bbox 298 505 444 558; x_wconf 83' lang='lat' dir='ltr'><strong>illam</strong></span> <span class='ocrx_word' id='word_1_22' title='bbox 476 508 786 577; x_wconf 84' lang='lat' dir='ltr'><strong>pericopen,</strong></span> <span class='ocrx_word' id='word_1_23' title='bbox 828 511 921 566; x_wconf 90' lang='lat' dir='ltr'><strong>sed</strong></span> <span class='ocrx_word' id='word_1_24' title='bbox 950 527 1015 565; x_wconf 78' lang='lat' dir='ltr'><strong>ea:</strong></span> <span class='ocrx_word' id='word_1_25' title='bbox 1037 511 1276 583; x_wconf 82' lang='lat' dir='ltr'><strong>Synccllo</strong></span> <span class='ocrx_word' id='word_1_26' title='bbox 1306 532 1335 568; x_wconf 89' lang='lat' dir='ltr'><strong>a</strong></span> <span class='ocrx_word' id='word_1_27' title='bbox 1370 519 1525 574; x_wconf 88' lang='lat' dir='ltr'><strong>nobis</strong></span> <span class='ocrx_word' id='word_1_28' title='bbox 1554 530 1877 590; x_wconf 85' lang='lat' dir='ltr'><strong>execrptam</strong></span> 
     </span>
    </p>
   </div>
   <div class='ocr_carea' id='block_1_6' title="bbox 295 602 1878 685">
    <p class='ocr_par' dir='ltr' id='par_1_6' title="bbox 295 602 1878 685">
     <span class='ocr_line' id='line_1_6' title="bbox 295 602 1878 685; baseline 0.013 -37"><span class='ocrx_word' id='word_1_29' title='bbox 295 612 584 653; x_wconf 88' lang='lat' dir='ltr'><strong>monemus</strong></span> <span class='ocrx_word' id='word_1_30' title='bbox 616 602 806 656; x_wconf 88' lang='lat' dir='ltr'><strong>eodem</strong></span> <span class='ocrx_word' id='word_1_31' title='bbox 867 603 959 658; x_wconf 87' lang='lat' dir='ltr'><strong>illo</strong></span> <span class='ocrx_word' id='word_1_32' title='bbox 994 619 1188 685; x_wconf 78' lang='lat' dir='ltr'><strong>versu;</strong></span> <span class='ocrx_word' id='word_1_33' title='bbox 1239 625 1472 680; x_wconf 89' lang='lat' dir='ltr'><strong>cumque</strong></span> <span class='ocrx_word' id='word_1_34' title='bbox 1526 622 1734 668; x_wconf 89' lang='lat' dir='ltr'><strong>certum</strong></span> <span class='ocrx_word' id='word_1_35' title='bbox 1785 615 1878 679; x_wconf 87' lang='lat' dir='ltr'><strong>sit,</strong></span> 
     </span>
    </p>
   </div>
   <div class='ocr_carea' id='block_1_7' title="bbox 289 694 1879 776">
    <p class='ocr_par' dir='ltr' id='par_1_7' title="bbox 289 694 1879 776">
     <span class='ocr_line' id='line_1_7' title="bbox 289 694 1879 776; baseline 0.012 -32"><span class='ocrx_word' id='word_1_36' title='bbox 289 706 415 744; x_wconf 85' lang='lat' dir='ltr'><strong>eam</strong></span> <span class='ocrx_word' id='word_1_37' title='bbox 477 694 638 748; x_wconf 88' lang='lat' dir='ltr'><strong>modo</strong></span> <span class='ocrx_word' id='word_1_38' title='bbox 693 696 1028 752; x_wconf 88' lang='lat' dir='ltr'><strong>notationem</strong></span> <span class='ocrx_word' id='word_1_39' title='bbox 1083 701 1234 765; x_wconf 88' lang='lat' dir='ltr'><strong>anni,</strong></span> <span class='ocrx_word' id='word_1_40' title='bbox 1291 702 1409 758; x_wconf 80' lang='lat' dir='ltr'><strong>sive</strong></span> <span class='ocrx_word' id='word_1_41' title='bbox 1466 703 1879 776; x_wconf 62' lang='lat' dir='ltr'><strong>litterulamﬂa</strong></span> 
     </span>
    </p>
   </div>
   <div class='ocr_carea' id='block_1_8' title="bbox 291 783 1878 864">
    <p class='ocr_par' dir='ltr' id='par_1_8' title="bbox 291 783 1878 864">
     <span class='ocr_line' id='line_1_8' title="bbox 291 783 1878 864; baseline 0.011 -28"><span class='ocrx_word' id='word_1_42' title='bbox 291 783 459 839; x_wconf 89' lang='lat' dir='ltr'><strong>nobis</strong></span> <span class='ocrx_word' id='word_1_43' title='bbox 489 785 796 854; x_wconf 80' lang='lat' dir='ltr'><strong>suﬂ‘ectam,</strong></span> <span class='ocrx_word' id='word_1_44' title='bbox 830 805 935 859; x_wconf 89' lang='lat' dir='ltr'><strong>qua</strong></span> <span class='ocrx_word' id='word_1_45' title='bbox 960 792 1023 846; x_wconf 86' lang='lat' dir='ltr'><strong>de</strong></span> <span class='ocrx_word' id='word_1_46' title='bbox 1061 807 1120 846; x_wconf 90' lang='lat' dir='ltr'><strong>re</strong></span> <span class='ocrx_word' id='word_1_47' title='bbox 1152 795 1415 864; x_wconf 81' lang='lat' dir='ltr'><strong>evestigio</strong></span> <span class='ocrx_word' id='word_1_48' title='bbox 1467 811 1772 863; x_wconf 89' lang='lat' dir='ltr'><strong>mouemus,</strong></span> <span class='ocrx_word' id='word_1_49' title='bbox 1811 815 1878 854; x_wconf 91' lang='lat' dir='ltr'><strong>ne</strong></span> 
     </span>
    </p>
   </div>
   <div class='ocr_carea' id='block_1_9' title="bbox 281 877 1874 956">
    <p class='ocr_par' dir='ltr' id='par_1_9' title="bbox 281 877 1874 956">
     <span class='ocr_line' id='line_1_9' title="bbox 281 877 1874 956; baseline 0.008 -25"><span class='ocrx_word' id='word_1_50' title='bbox 281 878 376 931; x_wconf 76' lang='lat' dir='ltr'><strong>eui</strong></span> <span class='ocrx_word' id='word_1_51' title='bbox 412 877 586 932; x_wconf 88' lang='lat' dir='ltr'><strong>fraudi</strong></span> <span class='ocrx_word' id='word_1_52' title='bbox 621 881 813 947; x_wconf 83' lang='lat' dir='ltr'><strong>simus,</strong></span> <span class='ocrx_word' id='word_1_53' title='bbox 847 891 1014 936; x_wconf 91' lang='lat' dir='ltr'><strong>totam</strong></span> <span class='ocrx_word' id='word_1_54' title='bbox 1047 883 1336 952; x_wconf 89' lang='lat' dir='ltr'><strong>pericopen</strong></span> <span class='ocrx_word' id='word_1_55' title='bbox 1384 886 1705 956; x_wconf 85' lang='lat' dir='ltr'><strong>ipsam,non</strong></span> <span class='ocrx_word' id='word_1_56' title='bbox 1729 889 1874 943; x_wconf 88' lang='lat' dir='ltr'><strong>illam</strong></span> 
     </span>
    </p>
   </div>
   <div class='ocr_carea' id='block_1_10' title="bbox 292 966 1874 1042">
    <p class='ocr_par' dir='ltr' id='par_1_10' title="bbox 292 966 1874 1042">
     <span class='ocr_line' id='line_1_10' title="bbox 292 966 1874 1042; baseline 0.009 -25"><span class='ocrx_word' id='word_1_57' title='bbox 292 966 568 1022; x_wconf 73' lang='lat' dir='ltr'><strong>duntaxat.</strong></span> <span class='ocrx_word' id='word_1_58' title='bbox 620 979 829 1031; x_wconf 87' lang='lat' dir='ltr'><strong>notam,</strong></span> <span class='ocrx_word' id='word_1_59' title='bbox 863 971 1103 1025; x_wconf 88' lang='lat' dir='ltr'><strong>cautioni</strong></span> <span class='ocrx_word' id='word_1_60' title='bbox 1137 973 1494 1042; x_wconf 72' lang='lat' dir='ltr'><strong>subjecimus.</strong></span> <span class='ocrx_word' id='word_1_61' title='bbox 1525 975 1704 1033; x_wconf 83' lang='lat' dir='ltr'><strong>Nostri</strong></span> <span class='ocrx_word' id='word_1_62' title='bbox 1730 978 1874 1031; x_wconf 90' lang='lat' dir='ltr'><strong>enim</strong></span> 
     </span>
    </p>
   </div>
   <div class='ocr_carea' id='block_1_11' title="bbox 285 1058 1873 1137">
    <p class='ocr_par' dir='ltr' id='par_1_11' title="bbox 285 1058 1873 1137">
     <span class='ocr_line' id='line_1_11' title="bbox 285 1058 1873 1137; baseline 0.006 -28"><span class='ocrx_word' id='word_1_63' title='bbox 285 1060 552 1126; x_wconf 80' lang='lat' dir='ltr'><strong>propositi</strong></span> <span class='ocrx_word' id='word_1_64' title='bbox 586 1068 723 1122; x_wconf 87' lang='lat' dir='ltr'><strong>erat,</strong></span> <span class='ocrx_word' id='word_1_65' title='bbox 766 1058 1060 1118; x_wconf 88' lang='lat' dir='ltr'><strong>Eusebiani</strong></span> <span class='ocrx_word' id='word_1_66' title='bbox 1114 1067 1296 1134; x_wconf 83' lang='lat' dir='ltr'><strong>aperis</strong></span> <span class='ocrx_word' id='word_1_67' title='bbox 1355 1067 1656 1137; x_wconf 81' lang='lat' dir='ltr'><strong>fragmenta</strong></span> <span class='ocrx_word' id='word_1_68' title='bbox 1717 1069 1873 1137; x_wconf 84' lang='lat' dir='ltr'><strong>expi-</strong></span> 
     </span>
    </p>
   </div>
   <div class='ocr_carea' id='block_1_12' title="bbox 276 1149 1875 1228">
    <p class='ocr_par' dir='ltr' id='par_1_12' title="bbox 276 1149 1875 1228">
     <span class='ocr_line' id='line_1_12' title="bbox 276 1149 1875 1228; baseline 0.008 -29"><span class='ocrx_word' id='word_1_69' title='bbox 276 1149 451 1208; x_wconf 85' lang='lat' dir='ltr'><strong>scari,</strong></span> <span class='ocrx_word' id='word_1_70' title='bbox 486 1163 594 1204; x_wconf 91' lang='lat' dir='ltr'><strong>non</strong></span> <span class='ocrx_word' id='word_1_71' title='bbox 618 1149 954 1220; x_wconf 86' lang='lat' dir='ltr'><strong>Syneellum,</strong></span> <span class='ocrx_word' id='word_1_72' title='bbox 980 1166 1074 1208; x_wconf 90' lang='lat' dir='ltr'><strong>aut</strong></span> <span class='ocrx_word' id='word_1_73' title='bbox 1111 1155 1278 1213; x_wconf 86' lang='lat' dir='ltr'><strong>alium</strong></span> <span class='ocrx_word' id='word_1_74' title='bbox 1334 1159 1645 1228; x_wconf 80' lang='lat' dir='ltr'><strong>quempiam</strong></span> <span class='ocrx_word' id='word_1_75' title='bbox 1703 1174 1875 1214; x_wconf 79' lang='lat' dir='ltr'><strong>excu-</strong></span> 
     </span>
    </p>
   </div>
   <div class='ocr_carea' id='block_1_13' title="bbox 287 1238 1877 1320">
    <p class='ocr_par' dir='ltr' id='par_1_13' title="bbox 287 1238 1877 1320">
     <span class='ocr_line' id='line_1_13' title="bbox 287 1238 1877 1320; baseline 0.009 -30"><span class='ocrx_word' id='word_1_76' title='bbox 287 1238 448 1293; x_wconf 91' lang='lat' dir='ltr'><strong>dere.</strong></span> <span class='ocrx_word' id='word_1_77' title='bbox 479 1239 616 1294; x_wconf 84' lang='lat' dir='ltr'><strong>Cum</strong></span> <span class='ocrx_word' id='word_1_78' title='bbox 653 1242 818 1311; x_wconf 80' lang='lat' dir='ltr'><strong>igitur</strong></span> <span class='ocrx_word' id='word_1_79' title='bbox 839 1244 980 1312; x_wconf 86' lang='lat' dir='ltr'><strong>apud</strong></span> <span class='ocrx_word' id='word_1_80' title='bbox 1011 1246 1146 1301; x_wconf 88' lang='lat' dir='ltr'><strong>alios</strong></span> <span class='ocrx_word' id='word_1_81' title='bbox 1185 1257 1438 1305; x_wconf 82' lang='lat' dir='ltr'><strong>auctores</strong></span> <span class='ocrx_word' id='word_1_82' title='bbox 1466 1250 1704 1320; x_wconf 73' lang='lat' dir='ltr'><strong>Graecos,</strong></span> <span class='ocrx_word' id='word_1_83' title='bbox 1761 1267 1877 1304; x_wconf 84' lang='lat' dir='ltr'><strong>ma-</strong></span> 
     </span>
    </p>
   </div>
   <div class='ocr_carea' id='block_1_14' title="bbox 275 1331 1872 1405">
    <p class='ocr_par' dir='ltr' id='par_1_14' title="bbox 275 1331 1872 1405">
     <span class='ocr_line' id='line_1_14' title="bbox 275 1331 1872 1405; baseline 0.009 -23"><span class='ocrx_word' id='word_1_84' title='bbox 275 1331 431 1386; x_wconf 84' lang='lat' dir='ltr'><strong>xime</strong></span> <span class='ocrx_word' id='word_1_85' title='bbox 460 1345 586 1386; x_wconf 79' lang='lat' dir='ltr'><strong>vero</strong></span> <span class='ocrx_word' id='word_1_86' title='bbox 620 1331 931 1403; x_wconf 86' lang='lat' dir='ltr'><strong>Syncellum</strong></span> <span class='ocrx_word' id='word_1_87' title='bbox 979 1336 1162 1405; x_wconf 84' lang='lat' dir='ltr'><strong>(quem</strong></span> <span class='ocrx_word' id='word_1_88' title='bbox 1202 1339 1494 1395; x_wconf 85' lang='lat' dir='ltr'><strong>Eusebium</strong></span> <span class='ocrx_word' id='word_1_89' title='bbox 1552 1343 1664 1396; x_wconf 83' lang='lat' dir='ltr'><strong>fere</strong></span> <span class='ocrx_word' id='word_1_90' title='bbox 1700 1355 1872 1397; x_wconf 92' lang='lat' dir='ltr'><strong>totum</strong></span> 
     </span>
    </p>
   </div>
   <div class='ocr_carea' id='block_1_15' title="bbox 269 1421 1871 1503">
    <p class='ocr_par' dir='ltr' id='par_1_15' title="bbox 269 1421 1871 1503">
     <span class='ocr_line' id='line_1_15' title="bbox 269 1421 1871 1503; baseline 0.011 -28"><span class='ocrx_word' id='word_1_91' title='bbox 269 1421 642 1494; x_wconf 83' lang='lat' dir='ltr'><strong>descripsisse</strong></span> <span class='ocrx_word' id='word_1_92' title='bbox 693 1434 907 1481; x_wconf 89' lang='lat' dir='ltr'><strong>constat</strong></span> <span class='ocrx_word' id='word_1_93' title='bbox 970 1429 1195 1488; x_wconf 88' lang='lat' dir='ltr'><strong>totidem</strong></span> <span class='ocrx_word' id='word_1_94' title='bbox 1259 1433 1508 1503; x_wconf 84' lang='lat' dir='ltr'><strong>verbis),</strong></span> <span class='ocrx_word' id='word_1_95' title='bbox 1573 1436 1871 1498; x_wconf 84' lang='lat' dir='ltr'><strong>Ensebiani</strong></span> 
     </span>
    </p>
   </div>
   <div class='ocr_carea' id='block_1_16' title="bbox 273 1516 1873 1594">
    <p class='ocr_par' dir='ltr' id='par_1_16' title="bbox 273 1516 1873 1594">
     <span class='ocr_line' id='line_1_16' title="bbox 273 1516 1873 1594; baseline 0.011 -27"><span class='ocrx_word' id='word_1_96' title='bbox 273 1516 612 1585; x_wconf 76' lang='lat' dir='ltr'><strong>exemplaris</strong></span> <span class='ocrx_word' id='word_1_97' title='bbox 665 1518 1093 1586; x_wconf 65' lang='lat' dir='ltr'><strong>germanissimae</strong></span> <span class='ocrx_word' id='word_1_98' title='bbox 1141 1523 1353 1579; x_wconf 77' lang='lat' dir='ltr'><strong>lacinia:</strong></span> <span class='ocrx_word' id='word_1_99' title='bbox 1414 1539 1728 1594; x_wconf 84' lang='lat' dir='ltr'><strong>occurrant,</strong></span> <span class='ocrx_word' id='word_1_100' title='bbox 1778 1545 1873 1586; x_wconf 91' lang='lat' dir='ltr'><strong>cas</strong></span> 
     </span>
    </p>
   </div>
   <div class='ocr_carea' id='block_1_17' title="bbox 269 1606 1866 1686">
    <p class='ocr_par' dir='ltr' id='par_1_17' title="bbox 269 1606 1866 1686">
     <span class='ocr_line' id='line_1_17' title="bbox 269 1606 1866 1686; baseline 0.01 -28"><span class='ocrx_word' id='word_1_101' title='bbox 269 1606 577 1663; x_wconf 78' lang='lat' dir='ltr'><strong>recitamns</strong></span> <span class='ocrx_word' id='word_1_102' title='bbox 601 1609 768 1664; x_wconf 81' lang='lat' dir='ltr'><strong>veluti</strong></span> <span class='ocrx_word' id='word_1_103' title='bbox 799 1616 1108 1683; x_wconf 77' lang='lat' dir='ltr'><strong>apograplia</strong></span> <span class='ocrx_word' id='word_1_104' title='bbox 1143 1619 1211 1670; x_wconf 88' lang='lat' dir='ltr'><strong>de</strong></span> <span class='ocrx_word' id='word_1_105' title='bbox 1253 1617 1382 1686; x_wconf 90' lang='lat' dir='ltr'><strong>ipsis</strong></span> <span class='ocrx_word' id='word_1_106' title='bbox 1412 1617 1632 1674; x_wconf 87' lang='lat' dir='ltr'><strong>Eusebii</strong></span> <span class='ocrx_word' id='word_1_107' title='bbox 1667 1623 1866 1684; x_wconf 87' lang='lat' dir='ltr'><strong>verbis,</strong></span> 
     </span>
    </p>
   </div>
   <div class='ocr_carea' id='block_1_18' title="bbox 1986 520 3137 594">
    <p class='ocr_par' dir='ltr' id='par_1_18' title="bbox 1986 520 3137 594">
     <span class='ocr_line' id='line_1_18' title="bbox 1986 520 3137 594; baseline 0.014 -24"><span class='ocrx_word' id='word_1_108' title='bbox 1986 520 2161 573; x_wconf 86' lang='lat' dir='ltr'><strong>tiones</strong></span> <span class='ocrx_word' id='word_1_109' title='bbox 2195 522 2357 575; x_wconf 86' lang='lat' dir='ltr'><strong>etiam</strong></span> <span class='ocrx_word' id='word_1_110' title='bbox 2391 522 2443 575; x_wconf 91' lang='lat' dir='ltr'><strong>in</strong></span> <span class='ocrx_word' id='word_1_111' title='bbox 2478 528 3137 594; x_wconf 86' lang='lat' dir='ltr'><strong>consequentibus-tenet.</strong></span> 
     </span>
    </p>
   </div>
   <div class='ocr_carea' id='block_1_19' title="bbox 2053 609 3562 682">
    <p class='ocr_par' dir='ltr' id='par_1_19' title="bbox 2053 609 3562 682">
     <span class='ocr_line' id='line_1_19' title="bbox 2053 609 3562 682; baseline 0.011 -18"><span class='ocrx_word' id='word_1_112' title='bbox 2053 609 2171 664; x_wconf 87' lang='lat' dir='ltr'><strong>Col.</strong></span> <span class='ocrx_word' id='word_1_113' title='bbox 2205 611 2329 666; x_wconf 75' lang='lat' dir='ltr'><strong>M8.</strong></span> <span class='ocrx_word' id='word_1_114' title='bbox 2366 613 2484 666; x_wconf 76' lang='lat' dir='ltr'><strong>Dux</strong></span> <span class='ocrx_word' id='word_1_115' title='bbox 2507 615 2813 672; x_wconf 68' lang='lat' dir='ltr'><strong>Judatorurn</strong></span> <span class='ocrx_word' id='word_1_116' title='bbox 2858 619 3050 677; x_wconf 74' lang='lat' dir='ltr'><strong>ludas.</strong></span> <span class='ocrx_word' id='word_1_117' title='bbox 3111 621 3220 680; x_wconf 85' lang='lat' dir='ltr'><strong>Sed</strong></span> <span class='ocrx_word' id='word_1_118' title='bbox 3274 625 3388 681; x_wconf 60' lang='lat' dir='ltr'><strong>haec</strong></span> <span class='ocrx_word' id='word_1_119' title='bbox 3437 642 3562 682; x_wconf 86' lang='lat' dir='ltr'><strong>cum</strong></span> 
     </span>
    </p>
   </div>
   <div class='ocr_carea' id='block_1_20' title="bbox 1981 703 3564 789">
    <p class='ocr_par' dir='ltr' id='par_1_20' title="bbox 1981 703 3564 789">
     <span class='ocr_line' id='line_1_20' title="bbox 1981 703 3564 789; baseline 0.013 -34"><span class='ocrx_word' id='word_1_120' title='bbox 1981 713 2201 757; x_wconf 86' lang='lat' dir='ltr'><strong>auctore</strong></span> <span class='ocrx_word' id='word_1_121' title='bbox 2223 703 2244 756; x_wconf 84' lang='lat' dir='ltr'><strong>l</strong></span> <span class='ocrx_word' id='word_1_122' title='bbox 2269 703 2622 760; x_wconf 67' lang='lat' dir='ltr'><strong>Macbaba&#39;or.</strong></span> <span class='ocrx_word' id='word_1_123' title='bbox 2643 709 2978 767; x_wconf 81' lang='lat' dir='ltr'><strong>concilianda</strong></span> <span class='ocrx_word' id='word_1_124' title='bbox 3003 729 3089 770; x_wconf 90' lang='lat' dir='ltr'><strong>res</strong></span> <span class='ocrx_word' id='word_1_125' title='bbox 3110 717 3232 780; x_wconf 87' lang='lat' dir='ltr'><strong>erit,</strong></span> <span class='ocrx_word' id='word_1_126' title='bbox 3254 719 3345 788; x_wconf 85' lang='lat' dir='ltr'><strong>qni</strong></span> <span class='ocrx_word' id='word_1_127' title='bbox 3367 733 3490 789; x_wconf 72' lang='lat' dir='ltr'><strong>cap.</strong></span> <span class='ocrx_word' id='word_1_128' title='bbox 3512 736 3564 776; x_wconf 83' lang='lat' dir='ltr'><strong>ut</strong></span> 
     </span>
    </p>
   </div>
   <div class='ocr_carea' id='block_1_21' title="bbox 1979 793 3562 877">
    <p class='ocr_par' dir='ltr' id='par_1_21' title="bbox 1979 793 3562 877">
     <span class='ocr_line' id='line_1_21' title="bbox 1979 793 3562 877; baseline 0.011 -32"><span class='ocrx_word' id='word_1_129' title='bbox 1979 793 2045 846; x_wconf 86' lang='lat' dir='ltr'><strong>ad</strong></span> <span class='ocrx_word' id='word_1_130' title='bbox 2073 794 2324 849; x_wconf 87' lang='lat' dir='ltr'><strong>eumdem</strong></span> <span class='ocrx_word' id='word_1_131' title='bbox 2363 795 2468 849; x_wconf 72' lang='lat'><strong>15?.</strong></span> <span class='ocrx_word' id='word_1_132' title='bbox 2495 811 2698 851; x_wconf 88' lang='lat' dir='ltr'><strong>annum</strong></span> <span class='ocrx_word' id='word_1_133' title='bbox 2749 799 3186 870; x_wconf 82' lang='lat' dir='ltr'><strong>Seleucidarum,</strong></span> <span class='ocrx_word' id='word_1_134' title='bbox 3233 823 3342 877; x_wconf 90' lang='lat' dir='ltr'><strong>quo</strong></span> <span class='ocrx_word' id='word_1_135' title='bbox 3393 807 3562 864; x_wconf 78' lang='lat' dir='ltr'><strong>Jndas</strong></span> 
     </span>
    </p>
   </div>
   <div class='ocr_carea' id='block_1_22' title="bbox 1977 884 3560 959">
    <p class='ocr_par' dir='ltr' id='par_1_22' title="bbox 1977 884 3560 959">
     <span class='ocr_line' id='line_1_22' title="bbox 1977 884 3560 959; baseline 0.01 -20"><span class='ocrx_word' id='word_1_136' title='bbox 1977 884 2192 949; x_wconf 87' lang='lat' dir='ltr'><strong>cecidit,</strong></span> <span class='ocrx_word' id='word_1_137' title='bbox 2222 894 2275 938; x_wconf 92' lang='lat' dir='ltr'><strong>et</strong></span> <span class='ocrx_word' id='word_1_138' title='bbox 2313 887 2530 954; x_wconf 81' lang='lat' dir='ltr'><strong>quidem</strong></span> <span class='ocrx_word' id='word_1_139' title='bbox 2561 898 2849 959; x_wconf 82' lang='lat' dir='ltr'><strong>antequam</strong></span> <span class='ocrx_word' id='word_1_140' title='bbox 2874 893 3114 950; x_wconf 84' lang='lat' dir='ltr'><strong>Alcimus</strong></span> <span class='ocrx_word' id='word_1_141' title='bbox 3134 896 3326 952; x_wconf 72' lang='lat' dir='ltr'><strong>divina</strong></span> <span class='ocrx_word' id='word_1_142' title='bbox 3353 899 3560 954; x_wconf 83' lang='lat' dir='ltr'><strong>ultione</strong></span> 
     </span>
    </p>
   </div>
   <div class='ocr_carea' id='block_1_23' title="bbox 1979 976 3553 1058">
    <p class='ocr_par' dir='ltr' id='par_1_23' title="bbox 1979 976 3553 1058">
     <span class='ocr_line' id='line_1_23' title="bbox 1979 976 3553 1058; baseline 0.009 -28"><span class='ocrx_word' id='word_1_143' title='bbox 1979 984 2377 1045; x_wconf 86' lang='lat' dir='ltr'><strong>percuteretur,</strong></span> <span class='ocrx_word' id='word_1_144' title='bbox 2410 976 2626 1033; x_wconf 65' lang='lat' dir='ltr'><strong>Judmos</strong></span> <span class='ocrx_word' id='word_1_145' title='bbox 2668 982 2838 1035; x_wconf 77' lang='lat' dir='ltr'><strong>refert</strong></span> <span class='ocrx_word' id='word_1_146' title='bbox 2887 983 3138 1041; x_wconf 66' lang='lat' dir='ltr'><strong>Jonatbas</strong></span> <span class='ocrx_word' id='word_1_147' title='bbox 3190 989 3553 1058; x_wconf 84' lang='lat' dir='ltr'><strong>principatum</strong></span> 
     </span>
    </p>
   </div>
   <div class='ocr_carea' id='block_1_24' title="bbox 1977 1066 3556 1153">
    <p class='ocr_par' dir='ltr' id='par_1_24' title="bbox 1977 1066 3556 1153">
     <span class='ocr_line' id='line_1_24' title="bbox 1977 1066 3556 1153; baseline 0.011 -34"><span class='ocrx_word' id='word_1_148' title='bbox 1977 1066 2234 1121; x_wconf 84' lang='lat' dir='ltr'><strong>detulisse</strong></span> <span class='ocrx_word' id='word_1_149' title='bbox 2267 1088 2283 1123; x_wconf 86' lang='lat'><strong><em>:</em></strong></span> <span class='ocrx_word' id='word_1_150' title='bbox 2325 1068 2482 1123; x_wconf 85' lang='lat' dir='ltr'><strong>Nunc</strong></span> <span class='ocrx_word' id='word_1_151' title='bbox 2509 1071 2683 1140; x_wconf 76' lang='lat' dir='ltr'><strong>itaque</strong></span> <span class='ocrx_word' id='word_1_152' title='bbox 2715 1084 2764 1126; x_wconf 77' lang='lat' dir='ltr'><strong>te</strong></span> <span class='ocrx_word' id='word_1_153' title='bbox 2796 1075 2953 1129; x_wconf 73' lang='lat' dir='ltr'><strong>hodie</strong></span> <span class='ocrx_word' id='word_1_154' title='bbox 2997 1076 3244 1147; x_wconf 71' lang='lat' dir='ltr'><strong>elegimus</strong></span> <span class='ocrx_word' id='word_1_155' title='bbox 3302 1097 3413 1136; x_wconf 79' lang='lat' dir='ltr'><strong>esse</strong></span> <span class='ocrx_word' id='word_1_156' title='bbox 3459 1100 3556 1153; x_wconf 82' lang='lat' dir='ltr'><strong>pro</strong></span> 
     </span>
    </p>
   </div>
   <div class='ocr_carea' id='block_1_25' title="bbox 1979 1158 3555 1232">
    <p class='ocr_par' dir='ltr' id='par_1_25' title="bbox 1979 1158 3555 1232">
     <span class='ocr_line' id='line_1_25' title="bbox 1979 1158 3555 1232; baseline 0.009 -20"><span class='ocrx_word' id='word_1_157' title='bbox 1979 1175 2041 1212; x_wconf 90' lang='lat' dir='ltr'><strong>eo</strong></span> <span class='ocrx_word' id='word_1_158' title='bbox 2067 1158 2250 1227; x_wconf 77' lang='lat' dir='ltr'><strong>(Juda)</strong></span> <span class='ocrx_word' id='word_1_159' title='bbox 2281 1162 2428 1214; x_wconf 82' lang='lat' dir='ltr'><strong>nobis</strong></span> <span class='ocrx_word' id='word_1_160' title='bbox 2449 1163 2509 1214; x_wconf 86' lang='lat' dir='ltr'><strong>in</strong></span> <span class='ocrx_word' id='word_1_161' title='bbox 2529 1165 2821 1232; x_wconf 74' lang='lat' dir='ltr'><strong>principem</strong></span> <span class='ocrx_word' id='word_1_162' title='bbox 2853 1177 2903 1220; x_wconf 89' lang='lat' dir='ltr'><strong>et</strong></span> <span class='ocrx_word' id='word_1_163' title='bbox 2925 1169 3110 1223; x_wconf 74' lang='lat' dir='ltr'><strong>ducens</strong></span> <span class='ocrx_word' id='word_1_164' title='bbox 3158 1174 3226 1225; x_wconf 86' lang='lat' dir='ltr'><strong>ad</strong></span> <span class='ocrx_word' id='word_1_165' title='bbox 3252 1172 3555 1226; x_wconf 69' lang='lat' dir='ltr'><strong>bellandum</strong></span> 
     </span>
    </p>
   </div>
   <div class='ocr_carea' id='block_1_26' title="bbox 1979 1251 3558 1333">
    <p class='ocr_par' dir='ltr' id='par_1_26' title="bbox 1979 1251 3558 1333">
     <span class='ocr_line' id='line_1_26' title="bbox 1979 1251 3558 1333; baseline 0.011 -30"><span class='ocrx_word' id='word_1_166' title='bbox 1979 1251 2178 1304; x_wconf 82' lang='lat' dir='ltr'><strong>bellum</strong></span> <span class='ocrx_word' id='word_1_167' title='bbox 2205 1263 2466 1309; x_wconf 81' lang='lat' dir='ltr'><strong>nostrum.</strong></span> <span class='ocrx_word' id='word_1_168' title='bbox 2499 1253 2565 1307; x_wconf 79' lang='lat' dir='ltr'><strong>Et</strong></span> <span class='ocrx_word' id='word_1_169' title='bbox 2609 1260 2836 1323; x_wconf 72' lang='lat' dir='ltr'><strong>suscepit</strong></span> <span class='ocrx_word' id='word_1_170' title='bbox 2883 1259 3146 1315; x_wconf 70' lang='lat' dir='ltr'><strong>Jonathas</strong></span> <span class='ocrx_word' id='word_1_171' title='bbox 3179 1274 3407 1333; x_wconf 80' lang='lat' dir='ltr'><strong>tempore</strong></span> <span class='ocrx_word' id='word_1_172' title='bbox 3463 1267 3558 1320; x_wconf 88' lang='lat' dir='ltr'><strong>illo</strong></span> 
     </span>
    </p>
   </div>
   <div class='ocr_carea' id='block_1_27' title="bbox 1973 1343 3556 1423">
    <p class='ocr_par' dir='ltr' id='par_1_27' title="bbox 1973 1343 3556 1423">
     <span class='ocr_line' id='line_1_27' title="bbox 1973 1343 3556 1423; baseline 0.011 -29"><span class='ocrx_word' id='word_1_173' title='bbox 1973 1343 2353 1413; x_wconf 71' lang='lat' dir='ltr'><strong>principatum,</strong></span> <span class='ocrx_word' id='word_1_174' title='bbox 2383 1355 2432 1399; x_wconf 85' lang='lat' dir='ltr'><strong>et</strong></span> <span class='ocrx_word' id='word_1_175' title='bbox 2466 1350 2701 1401; x_wconf 59' lang='lat' dir='ltr'><strong>surrexit</strong></span> <span class='ocrx_word' id='word_1_176' title='bbox 2731 1350 2851 1402; x_wconf 82' lang='lat' dir='ltr'><strong>loco</strong></span> <span class='ocrx_word' id='word_1_177' title='bbox 2869 1351 3027 1405; x_wconf 62' lang='lat' dir='ltr'><strong>ludas</strong></span> <span class='ocrx_word' id='word_1_178' title='bbox 3072 1355 3252 1423; x_wconf 77' lang='lat' dir='ltr'><strong>fratris</strong></span> <span class='ocrx_word' id='word_1_179' title='bbox 3283 1359 3384 1409; x_wconf 78' lang='lat' dir='ltr'><strong>sui.</strong></span> <span class='ocrx_word' id='word_1_180' title='bbox 3420 1357 3556 1411; x_wconf 85' lang='lat' dir='ltr'><strong>Nam</strong></span> 
     </span>
    </p>
   </div>
   <div class='ocr_carea' id='block_1_28' title="bbox 1973 1435 3558 1516">
    <p class='ocr_par' dir='ltr' id='par_1_28' title="bbox 1973 1435 3558 1516">
     <span class='ocr_line' id='line_1_28' title="bbox 1973 1435 3558 1516; baseline 0.009 -29"><span class='ocrx_word' id='word_1_181' title='bbox 1973 1435 2347 1504; x_wconf 87' lang='lat' dir='ltr'><strong>pontificatum</strong></span> <span class='ocrx_word' id='word_1_182' title='bbox 2374 1439 2518 1506; x_wconf 91' lang='lat' dir='ltr'><strong>quod</strong></span> <span class='ocrx_word' id='word_1_183' title='bbox 2553 1440 2772 1508; x_wconf 83' lang='lat' dir='ltr'><strong>attinet,</strong></span> <span class='ocrx_word' id='word_1_184' title='bbox 2807 1458 2930 1495; x_wconf 87' lang='lat' dir='ltr'><strong>eum</strong></span> <span class='ocrx_word' id='word_1_185' title='bbox 2984 1455 3106 1512; x_wconf 80' lang='lat' dir='ltr'><strong>post</strong></span> <span class='ocrx_word' id='word_1_186' title='bbox 3144 1445 3314 1500; x_wconf 80' lang='lat' dir='ltr'><strong>ferme</strong></span> <span class='ocrx_word' id='word_1_187' title='bbox 3349 1455 3558 1516; x_wconf 78' lang='lat' dir='ltr'><strong>septem</strong></span> 
     </span>
    </p>
   </div>
   <div class='ocr_carea' id='block_1_29' title="bbox 1973 1531 3554 1608">
    <p class='ocr_par' dir='ltr' id='par_1_29' title="bbox 1973 1531 3554 1608">
     <span class='ocr_line' id='line_1_29' title="bbox 1973 1531 3554 1608; baseline 0.01 -30"><span class='ocrx_word' id='word_1_188' title='bbox 1973 1543 2146 1582; x_wconf 89' lang='lat' dir='ltr'><strong>annos</strong></span> <span class='ocrx_word' id='word_1_189' title='bbox 2179 1531 2418 1598; x_wconf 74' lang='lat' dir='ltr'><strong>suscepit</strong></span> <span class='ocrx_word' id='word_1_190' title='bbox 2451 1531 2695 1586; x_wconf 80' lang='lat' dir='ltr'><strong>delatum</strong></span> <span class='ocrx_word' id='word_1_191' title='bbox 2723 1533 2790 1586; x_wconf 88' lang='lat' dir='ltr'><strong>ab</strong></span> <span class='ocrx_word' id='word_1_192' title='bbox 2824 1535 3160 1601; x_wconf 80' lang='lat' dir='ltr'><strong>Alexandro,</strong></span> <span class='ocrx_word' id='word_1_193' title='bbox 3211 1544 3351 1592; x_wconf 79' lang='lat' dir='ltr'><strong>teste</strong></span> <span class='ocrx_word' id='word_1_194' title='bbox 3401 1539 3554 1608; x_wconf 82' lang='lat' dir='ltr'><strong>ejus-</strong></span> 
     </span>
    </p>
   </div>
   <div class='ocr_carea' id='block_1_30' title="bbox 1972 1619 3552 1697">
    <p class='ocr_par' dir='ltr' id='par_1_30' title="bbox 1972 1619 3552 1697">
     <span class='ocr_line' id='line_1_30' title="bbox 1972 1619 3552 1697; baseline 0.01 -27"><span class='ocrx_word' id='word_1_195' title='bbox 1972 1620 2090 1670; x_wconf 88' lang='lat' dir='ltr'><strong>dem</strong></span> <span class='ocrx_word' id='word_1_196' title='bbox 2137 1619 2262 1673; x_wconf 88' lang='lat' dir='ltr'><strong>libri</strong></span> <span class='ocrx_word' id='word_1_197' title='bbox 2295 1620 2650 1678; x_wconf 72' lang='lat' dir='ltr'><strong>Maclnabtror.</strong></span> <span class='ocrx_word' id='word_1_198' title='bbox 2684 1635 2908 1679; x_wconf 83' lang='lat' dir='ltr'><strong>auctore</strong></span> <span class='ocrx_word' id='word_1_199' title='bbox 2958 1643 3077 1697; x_wconf 79' lang='lat' dir='ltr'><strong>cap.</strong></span> <span class='ocrx_word' id='word_1_200' title='bbox 3120 1645 3176 1683; x_wconf 72' lang='grc' dir='ltr'>ι.</span> <span class='ocrx_word' id='word_1_201' title='bbox 3227 1629 3402 1695; x_wconf 89' lang='lat' dir='ltr'><strong>Atque</strong></span> <span class='ocrx_word' id='word_1_202' title='bbox 3447 1632 3552 1686; x_wconf 85' lang='lat' dir='ltr'><strong>hoc</strong></span> 
     </span>
    </p>
   </div>
   <div class='ocr_carea' id='block_1_31' title="bbox 269 1695 3552 1783">
    <p class='ocr_par' dir='ltr' id='par_1_31' title="bbox 269 1695 3552 1783">
     <span class='ocr_line' id='line_1_31' title="bbox 269 1695 3552 1783; baseline 0.009 -40"><span class='ocrx_word' id='word_1_203' title='bbox 269 1695 601 1783; x_wconf 24' lang='lat' dir='ltr'><strong>QIImASiCUDi</strong></span> <span class='ocrx_word' id='word_1_204' title='bbox 637 1711 748 1750; x_wconf 87' lang='lat' dir='ltr'><strong>una</strong></span> <span class='ocrx_word' id='word_1_205' title='bbox 776 1698 943 1768; x_wconf 83' lang='lat' dir='ltr'><strong>(quod</strong></span> <span class='ocrx_word' id='word_1_206' title='bbox 971 1709 1026 1754; x_wconf 91' lang='lat' dir='ltr'><strong>et</strong></span> <span class='ocrx_word' id='word_1_207' title='bbox 1051 1715 1309 1771; x_wconf 88' lang='lat' dir='ltr'><strong>perquam</strong></span> <span class='ocrx_word' id='word_1_208' title='bbox 1363 1721 1488 1759; x_wconf 90' lang='lat' dir='ltr'><strong>raro</strong></span> <span class='ocrx_word' id='word_1_209' title='bbox 1519 1708 1745 1774; x_wconf 90' lang='lat' dir='ltr'><strong>accidit)</strong></span> <span class='ocrx_word' id='word_1_210' title='bbox 1782 1709 1929 1783; x_wconf 80' lang='lat' dir='ltr'><strong>lit--_</strong></span> <span class='ocrx_word' id='word_1_211' title='bbox 1971 1715 2056 1762; x_wconf 88' lang='lat' dir='ltr'><strong>est</strong></span> <span class='ocrx_word' id='word_1_212' title='bbox 2107 1707 2340 1765; x_wconf 84' lang='lat' dir='ltr'><strong>fortasse</strong></span> <span class='ocrx_word' id='word_1_213' title='bbox 2391 1713 2536 1781; x_wconf 87' lang='lat' dir='ltr'><strong>quod</strong></span> <span class='ocrx_word' id='word_1_214' title='bbox 2586 1711 2854 1783; x_wconf 78' lang='lat' dir='ltr'><strong>Josepbus</strong></span> <span class='ocrx_word' id='word_1_215' title='bbox 2913 1695 3039 1772; x_wconf 62' lang='lat' dir='ltr'><strong>red</strong></span> <span class='ocrx_word' id='word_1_216' title='bbox 3066 1719 3269 1774; x_wconf 84' lang='lat' dir='ltr'><strong>dudum</strong></span> <span class='ocrx_word' id='word_1_217' title='bbox 3335 1720 3552 1776; x_wconf 86' lang='lat' dir='ltr'><strong>laudato</strong></span> 
     </span>
    </p>
   </div>
   <div class='ocr_carea' id='block_1_32' title="bbox 268 1777 3549 1879">
    <p class='ocr_par' dir='ltr' id='par_1_32' title="bbox 268 1777 3549 1879">
     <span class='ocr_line' id='line_1_32' title="bbox 268 1777 3549 1879; baseline 0.009 -44"><span class='ocrx_word' id='word_1_218' title='bbox 268 1781 454 1836; x_wconf 86' lang='lat' dir='ltr'><strong>terula</strong></span> <span class='ocrx_word' id='word_1_219' title='bbox 480 1784 765 1849; x_wconf 88' lang='lat' dir='ltr'><strong>abludant,</strong></span> <span class='ocrx_word' id='word_1_220' title='bbox 806 1799 912 1855; x_wconf 87' lang='lat' dir='ltr'><strong>qua</strong></span> <span class='ocrx_word' id='word_1_221' title='bbox 942 1789 1310 1846; x_wconf 79' lang='lat' dir='ltr'><strong>variatum—de</strong></span> <span class='ocrx_word' id='word_1_222' title='bbox 1344 1807 1510 1850; x_wconf 85' lang='lat' dir='ltr'><strong>causa</strong></span> <span class='ocrx_word' id='word_1_223' title='bbox 1542 1798 1632 1866; x_wconf 89' lang='lat' dir='ltr'><strong>sit,</strong></span> <span class='ocrx_word' id='word_1_224' title='bbox 1665 1797 1858 1852; x_wconf 82' lang='lat' dir='ltr'><strong>admo-</strong></span> <span class='ocrx_word' id='word_1_225' title='bbox 1897 1777 1937 1832; x_wconf 70' lang='grc' dir='ltr'><strong>Β</strong></span> <span class='ocrx_word' id='word_1_226' title='bbox 1966 1797 2204 1860; x_wconf 82' lang='lat' dir='ltr'><strong>dixerat,</strong></span> <span class='ocrx_word' id='word_1_227' title='bbox 2237 1777 2509 1855; x_wconf 75' lang='lat' dir='ltr'><strong>neminem</strong></span> <span class='ocrx_word' id='word_1_228' title='bbox 2544 1803 2758 1861; x_wconf 78' lang='lat' dir='ltr'><strong>Alcime</strong></span> <span class='ocrx_word' id='word_1_229' title='bbox 2776 1808 3113 1870; x_wconf 74' lang='lat' dir='ltr'><strong>successisse</strong></span> <span class='ocrx_word' id='word_1_230' title='bbox 3136 1810 3189 1864; x_wconf 92' lang='lat' dir='ltr'><strong>in</strong></span> <span class='ocrx_word' id='word_1_231' title='bbox 3225 1811 3549 1879; x_wconf 77' lang='lat' dir='ltr'><strong>pontiﬁcatu</strong></span> 
     </span>
    </p>
   </div>
   <div class='ocr_carea' id='block_1_33' title="bbox 266 1889 485 1932">
    <p class='ocr_par' dir='ltr' id='par_1_33' title="bbox 266 1889 485 1932">
     <span class='ocr_line' id='line_1_33' title="bbox 266 1889 485 1932; baseline 0.018 -4"><span class='ocrx_word' id='word_1_232' title='bbox 266 1889 485 1932; x_wconf 73' lang='grc' dir='ltr'>ῐιθιηιιε.</span> 
     </span>
    </p>
   </div>
   <div class='ocr_carea' id='block_1_34' title="bbox 337 1967 1856 2052">
    <p class='ocr_par' dir='ltr' id='par_1_34' title="bbox 337 1967 1856 2052">
     <span class='ocr_line' id='line_1_34' title="bbox 337 1967 1856 2052; baseline 0.01 -29"><span class='ocrx_word' id='word_1_233' title='bbox 337 1967 462 2024; x_wconf 87' lang='lat' dir='ltr'><strong>Col.</strong></span> <span class='ocrx_word' id='word_1_234' title='bbox 499 1968 626 2026; x_wconf 75' lang='lat' dir='ltr'><strong>M9.</strong></span> <span class='ocrx_word' id='word_1_235' title='bbox 658 1969 915 2028; x_wconf 77' lang='lat' dir='ltr'><strong>Jonatltas</strong></span> <span class='ocrx_word' id='word_1_236' title='bbox 953 1976 1062 2031; x_wconf 75' lang='lat' dir='ltr'><strong>dua:</strong></span> <span class='ocrx_word' id='word_1_237' title='bbox 1094 1977 1429 2052; x_wconf 69' lang='lat' dir='ltr'><strong>Juda&#39;orum.</strong></span> <span class='ocrx_word' id='word_1_238' title='bbox 1462 1979 1542 2046; x_wconf 90' lang='lat' dir='ltr'><strong>Si,</strong></span> <span class='ocrx_word' id='word_1_239' title='bbox 1569 1986 1713 2052; x_wconf 87' lang='lat' dir='ltr'><strong>quod</strong></span> <span class='ocrx_word' id='word_1_240' title='bbox 1761 1986 1856 2038; x_wconf 85' lang='lat' dir='ltr'><strong>dn-</strong></span> 
     </span>
    </p>
   </div>
   <div class='ocr_carea' id='block_1_35' title="bbox 263 2047 1858 2132">
    <p class='ocr_par' dir='ltr' id='par_1_35' title="bbox 263 2047 1858 2132">
     <span class='ocr_line' id='line_1_35' title="bbox 263 2047 1858 2132; baseline 0.01 -18"><span class='ocrx_word' id='word_1_241' title='bbox 263 2061 403 2114; x_wconf 87' lang='lat' dir='ltr'><strong>dum</strong></span> <span class='ocrx_word' id='word_1_242' title='bbox 449 2064 808 2132; x_wconf 82' lang='lat' dir='ltr'><strong>monuimus,</strong></span> <span class='ocrx_word' id='word_1_243' title='bbox 864 2063 1034 2126; x_wconf 83' lang='lat' dir='ltr'><strong>Judas</strong></span> <span class='ocrx_word' id='word_1_244' title='bbox 1087 2089 1232 2126; x_wconf 88' lang='lat' dir='ltr'><strong>anno</strong></span> <span class='ocrx_word' id='word_1_245' title='bbox 1298 2047 1707 2130; x_wconf 50' lang='lat' dir='ltr'><strong>Sele’ucidarnm</strong></span> <span class='ocrx_word' id='word_1_246' title='bbox 1753 2078 1858 2131; x_wconf 73' lang='grc'><strong>152</strong></span> 
     </span>
    </p>
   </div>
   <div class='ocr_carea' id='block_1_36' title="bbox 263 2153 1853 2234">
    <p class='ocr_par' dir='ltr' id='par_1_36' title="bbox 263 2153 1853 2234">
     <span class='ocr_line' id='line_1_36' title="bbox 263 2153 1853 2234; baseline 0.009 -26"><span class='ocrx_word' id='word_1_247' title='bbox 263 2153 548 2221; x_wconf 86' lang='lat' dir='ltr'><strong>occubuit,</strong></span> <span class='ocrx_word' id='word_1_248' title='bbox 603 2157 696 2225; x_wconf 87' lang='lat' dir='ltr'><strong>qui</strong></span> <span class='ocrx_word' id='word_1_249' title='bbox 738 2173 864 2214; x_wconf 90' lang='lat' dir='ltr'><strong>cum</strong></span> <span class='ocrx_word' id='word_1_250' title='bbox 899 2163 1092 2216; x_wconf 90' lang='lat' dir='ltr'><strong>ultimo</strong></span> <span class='ocrx_word' id='word_1_251' title='bbox 1152 2164 1358 2234; x_wconf 87' lang='lat' dir='ltr'><strong>olymp.</strong></span> <span class='ocrx_word' id='word_1_252' title='bbox 1413 2167 1516 2221; x_wconf 72' lang='grc'><strong>154</strong></span> <span class='ocrx_word' id='word_1_253' title='bbox 1551 2170 1853 2233; x_wconf 80' lang='lat' dir='ltr'><strong>concurrit,</strong></span> 
     </span>
    </p>
   </div>
   <div class='ocr_carea' id='block_1_37' title="bbox 258 2248 1856 2322">
    <p class='ocr_par' dir='ltr' id='par_1_37' title="bbox 258 2248 1856 2322">
     <span class='ocr_line' id='line_1_37' title="bbox 258 2248 1856 2322; baseline 0.01 -24"><span class='ocrx_word' id='word_1_254' title='bbox 258 2255 556 2314; x_wconf 76' lang='lat' dir='ltr'><strong>peccatum</strong></span> <span class='ocrx_word' id='word_1_255' title='bbox 592 2248 682 2304; x_wconf 88' lang='lat' dir='ltr'><strong>hic</strong></span> <span class='ocrx_word' id='word_1_256' title='bbox 712 2260 794 2305; x_wconf 89' lang='lat' dir='ltr'><strong>est</strong></span> <span class='ocrx_word' id='word_1_257' title='bbox 825 2254 1175 2320; x_wconf 87' lang='lat' dir='ltr'><strong>quadriennii</strong></span> <span class='ocrx_word' id='word_1_258' title='bbox 1235 2260 1724 2322; x_wconf 85' lang='lat' dir='ltr'><strong>mctacbronismo,</strong></span> <span class='ocrx_word' id='word_1_259' title='bbox 1780 2261 1856 2313; x_wconf 87' lang='lat' dir='ltr'><strong>si-</strong></span> 
     </span>
    </p>
   </div>
   <div class='ocr_carea' id='block_1_38' title="bbox 263 2341 1854 2409">
    <p class='ocr_par' dir='ltr' id='par_1_38' title="bbox 263 2341 1854 2409">
     <span class='ocr_line' id='line_1_38' title="bbox 263 2341 1854 2409; baseline 0.008 -15"><span class='ocrx_word' id='word_1_260' title='bbox 263 2341 500 2409; x_wconf 82' lang='lat' dir='ltr'><strong>quidem</strong></span> <span class='ocrx_word' id='word_1_261' title='bbox 527 2347 711 2398; x_wconf 84' lang='lat' dir='ltr'><strong>statim</strong></span> <span class='ocrx_word' id='word_1_262' title='bbox 746 2359 775 2398; x_wconf 88' lang='lat' dir='ltr'><strong>a</strong></span> <span class='ocrx_word' id='word_1_263' title='bbox 805 2345 1100 2403; x_wconf 77' lang='lat' dir='ltr'><strong>Macbabtei</strong></span> <span class='ocrx_word' id='word_1_264' title='bbox 1133 2350 1282 2404; x_wconf 90' lang='lat' dir='ltr'><strong>obitu</strong></span> <span class='ocrx_word' id='word_1_265' title='bbox 1331 2352 1599 2406; x_wconf 79' lang='lat' dir='ltr'><strong>Jonatbas</strong></span> <span class='ocrx_word' id='word_1_266' title='bbox 1639 2356 1686 2408; x_wconf 88' lang='lat' dir='ltr'><strong>ei</strong></span> <span class='ocrx_word' id='word_1_267' title='bbox 1724 2371 1854 2409; x_wconf 76' lang='lat' dir='ltr'><strong>suc-</strong></span> 
     </span>
    </p>
   </div>
   <div class='ocr_carea' id='block_1_39' title="bbox 259 2433 1856 2511">
    <p class='ocr_par' dir='ltr' id='par_1_39' title="bbox 259 2433 1856 2511">
     <span class='ocr_line' id='line_1_39' title="bbox 259 2433 1856 2511; baseline 0.006 -24"><span class='ocrx_word' id='word_1_268' title='bbox 259 2433 453 2488; x_wconf 86' lang='lat' dir='ltr'><strong>cessit.</strong></span> <span class='ocrx_word' id='word_1_269' title='bbox 493 2433 820 2491; x_wconf 73' lang='lat' dir='ltr'><strong>Sentitvero</strong></span> <span class='ocrx_word' id='word_1_270' title='bbox 854 2438 1120 2509; x_wconf 75' lang='lat' dir='ltr'><strong>Scaliger,</strong></span> <span class='ocrx_word' id='word_1_271' title='bbox 1170 2456 1292 2495; x_wconf 89' lang='lat' dir='ltr'><strong>cum</strong></span> <span class='ocrx_word' id='word_1_272' title='bbox 1328 2453 1448 2509; x_wconf 73' lang='lat' dir='ltr'><strong>post</strong></span> <span class='ocrx_word' id='word_1_273' title='bbox 1492 2455 1727 2511; x_wconf 86' lang='lat' dir='ltr'><strong>quatuor</strong></span> <span class='ocrx_word' id='word_1_274' title='bbox 1758 2462 1856 2497; x_wconf 88' lang='lat' dir='ltr'><strong>an-</strong></span> 
     </span>
    </p>
   </div>
   <div class='ocr_carea' id='block_1_40' title="bbox 264 2526 1849 2591">
    <p class='ocr_par' dir='ltr' id='par_1_40' title="bbox 264 2526 1849 2591">
     <span class='ocr_line' id='line_1_40' title="bbox 264 2526 1849 2591; baseline 0.008 -13"><span class='ocrx_word' id='word_1_275' title='bbox 264 2541 426 2582; x_wconf 89' lang='lat' dir='ltr'><strong>nosa</strong></span> <span class='ocrx_word' id='word_1_276' title='bbox 485 2526 669 2584; x_wconf 78' lang='lat' dir='ltr'><strong>fratris</strong></span> <span class='ocrx_word' id='word_1_277' title='bbox 721 2530 869 2584; x_wconf 70' lang='lat' dir='ltr'><strong>cazdc</strong></span> <span class='ocrx_word' id='word_1_278' title='bbox 931 2532 1299 2584; x_wconf 79' lang='lat' dir='ltr'><strong>renuntiatum</strong></span> <span class='ocrx_word' id='word_1_279' title='bbox 1360 2535 1528 2589; x_wconf 86' lang='lat' dir='ltr'><strong>fuisse</strong></span> <span class='ocrx_word' id='word_1_280' title='bbox 1577 2553 1849 2591; x_wconf 82' lang='lat' dir='ltr'><strong>summqu</strong></span> 
     </span>
    </p>
   </div>
   <div class='ocr_carea' id='block_1_41' title="bbox 259 2620 1847 2691">
    <p class='ocr_par' dir='ltr' id='par_1_41' title="bbox 259 2620 1847 2691">
     <span class='ocr_line' id='line_1_41' title="bbox 259 2620 1847 2691; baseline 0.008 -21"><span class='ocrx_word' id='word_1_281' title='bbox 259 2620 631 2682; x_wconf 81' lang='lat' dir='ltr'><strong>sacerdotem,</strong></span> <span class='ocrx_word' id='word_1_282' title='bbox 664 2631 829 2690; x_wconf 88' lang='lat' dir='ltr'><strong>atque</strong></span> <span class='ocrx_word' id='word_1_283' title='bbox 888 2622 1246 2676; x_wconf 78' lang='lat' dir='ltr'><strong>clbnarcbam</strong></span> <span class='ocrx_word' id='word_1_284' title='bbox 1283 2623 1619 2680; x_wconf 72' lang='lat' dir='ltr'><strong>Judaeornm.</strong></span> <span class='ocrx_word' id='word_1_285' title='bbox 1666 2629 1847 2691; x_wconf 73' lang='lat' dir='ltr'><strong>Quare</strong></span> 
     </span>
    </p>
   </div>
   <div class='ocr_carea' id='block_1_42' title="bbox 264 2712 1849 2783">
    <p class='ocr_par' dir='ltr' id='par_1_42' title="bbox 264 2712 1849 2783">
     <span class='ocr_line' id='line_1_42' title="bbox 264 2712 1849 2783; baseline 0.008 -21"><span class='ocrx_word' id='word_1_286' title='bbox 264 2718 484 2780; x_wconf 85' lang='lat' dir='ltr'><strong>tempus</strong></span> <span class='ocrx_word' id='word_1_287' title='bbox 534 2712 856 2776; x_wconf 86' lang='lat' dir='ltr'><strong>convenire,</strong></span> <span class='ocrx_word' id='word_1_288' title='bbox 913 2729 1225 2783; x_wconf 78' lang='lat' dir='ltr'><strong>quanquam</strong></span> <span class='ocrx_word' id='word_1_289' title='bbox 1289 2733 1394 2770; x_wconf 90' lang='lat' dir='ltr'><strong>non</strong></span> <span class='ocrx_word' id='word_1_290' title='bbox 1451 2720 1700 2779; x_wconf 76' lang='lat' dir='ltr'><strong>coasilio,</strong></span> <span class='ocrx_word' id='word_1_291' title='bbox 1759 2723 1849 2775; x_wconf 82' lang='lat' dir='ltr'><strong>sed</strong></span> 
     </span>
    </p>
   </div>
   <div class='ocr_carea' id='block_1_43' title="bbox 258 2801 1854 2877">
    <p class='ocr_par' dir='ltr' id='par_1_43' title="bbox 258 2801 1854 2877">
     <span class='ocr_line' id='line_1_43' title="bbox 258 2801 1854 2877; baseline 0.009 -25"><span class='ocrx_word' id='word_1_292' title='bbox 258 2815 417 2865; x_wconf 85' lang='lat' dir='ltr'><strong>casu,</strong></span> <span class='ocrx_word' id='word_1_293' title='bbox 440 2801 697 2859; x_wconf 78' lang='lat' dir='ltr'><strong>incidisse</strong></span> <span class='ocrx_word' id='word_1_294' title='bbox 721 2801 1012 2862; x_wconf 83' lang='lat' dir='ltr'><strong>Eusebium</strong></span> <span class='ocrx_word' id='word_1_295' title='bbox 1041 2805 1094 2860; x_wconf 92' lang='lat' dir='ltr'><strong>in</strong></span> <span class='ocrx_word' id='word_1_296' title='bbox 1119 2822 1296 2861; x_wconf 74' lang='lat' dir='ltr'><strong>veram</strong></span> <span class='ocrx_word' id='word_1_297' title='bbox 1319 2809 1665 2877; x_wconf 71' lang='lat' dir='ltr'><strong>pontiﬁcatus</strong></span> <span class='ocrx_word' id='word_1_298' title='bbox 1690 2813 1854 2867; x_wconf 80' lang='lat' dir='ltr'><strong>Jona-</strong></span> 
     </span>
    </p>
   </div>
   <div class='ocr_carea' id='block_1_44' title="bbox 259 2891 714 2962">
    <p class='ocr_par' dir='ltr' id='par_1_44' title="bbox 259 2891 714 2962">
     <span class='ocr_line' id='line_1_44' title="bbox 259 2891 714 2962; baseline 0.004 -18"><span class='ocrx_word' id='word_1_299' title='bbox 259 2891 370 2946; x_wconf 70' lang='lat' dir='ltr'><strong>thte</strong></span> <span class='ocrx_word' id='word_1_300' title='bbox 427 2894 714 2962; x_wconf 82' lang='lat' dir='ltr'><strong>epocbam.</strong></span> 
     </span>
    </p>
   </div>
   <div class='ocr_carea' id='block_1_45' title="bbox 325 2982 1852 3056">
    <p class='ocr_par' dir='ltr' id='par_1_45' title="bbox 325 2982 1852 3056">
     <span class='ocr_line' id='line_1_45' title="bbox 325 2982 1852 3056; baseline 0.005 -18"><span class='ocrx_word' id='word_1_301' title='bbox 325 2982 449 3038; x_wconf 88' lang='lat' dir='ltr'><strong>Col.</strong></span> <span class='ocrx_word' id='word_1_302' title='bbox 484 2983 610 3039; x_wconf 75' lang='lat' dir='ltr'><strong>H7.</strong></span> <span class='ocrx_word' id='word_1_303' title='bbox 643 2984 878 3041; x_wconf 77' lang='lat' dir='ltr'><strong>Menelao</strong></span> <span class='ocrx_word' id='word_1_304' title='bbox 896 2989 1204 3056; x_wconf 75' lang='lat' dir='ltr'><strong>pontifice...</strong></span> <span class='ocrx_word' id='word_1_305' title='bbox 1237 2990 1492 3043; x_wconf 78' lang='lat' dir='ltr'><strong>Alcimus.</strong></span> <span class='ocrx_word' id='word_1_306' title='bbox 1519 2991 1574 3044; x_wconf 92' lang='lat' dir='ltr'><strong>ld</strong></span> <span class='ocrx_word' id='word_1_307' title='bbox 1599 2999 1679 3046; x_wconf 82' lang='lat' dir='ltr'><strong>est</strong></span> <span class='ocrx_word' id='word_1_308' title='bbox 1701 3008 1729 3045; x_wconf 92' lang='lat' dir='ltr'><strong>a</strong></span> <span class='ocrx_word' id='word_1_309' title='bbox 1765 2993 1852 3046; x_wconf 89' lang='lat' dir='ltr'><strong>Si-</strong></span> 
     </span>
    </p>
   </div>
   <div class='ocr_carea' id='block_1_46' title="bbox 1961 1884 2612 1953">
    <p class='ocr_par' dir='ltr' id='par_1_46' title="bbox 1961 1884 2612 1953">
     <span class='ocr_line' id='line_1_46' title="bbox 1961 1884 2612 1953; baseline 0.011 -16"><span class='ocrx_word' id='word_1_310' title='bbox 1961 1884 2063 1938; x_wconf 90' lang='lat' dir='ltr'><strong>nisi</strong></span> <span class='ocrx_word' id='word_1_311' title='bbox 2098 1895 2215 1953; x_wconf 85' lang='lat' dir='ltr'><strong>post</strong></span> <span class='ocrx_word' id='word_1_312' title='bbox 2245 1888 2612 1952; x_wconf 86' lang='lat' dir='ltr'><strong>septennium.</strong></span> 
     </span>
    </p>
   </div>
   <div class='ocr_carea' id='block_1_47' title="bbox 2027 1975 3548 2059">
    <p class='ocr_par' dir='ltr' id='par_1_47' title="bbox 2027 1975 3548 2059">
     <span class='ocr_line' id='line_1_47' title="bbox 2027 1975 3548 2059; baseline 0.009 -29"><span class='ocrx_word' id='word_1_313' title='bbox 2027 1975 2143 2030; x_wconf 87' lang='lat' dir='ltr'><strong>Col.</strong></span> <span class='ocrx_word' id='word_1_314' title='bbox 2180 1979 2302 2033; x_wconf 72' lang='lat'><strong>“8.</strong></span> <span class='ocrx_word' id='word_1_315' title='bbox 2327 1979 2379 2032; x_wconf 83' lang='lat' dir='ltr'><em>X</em></span> <span class='ocrx_word' id='word_1_316' title='bbox 2419 1981 2712 2035; x_wconf 73' lang='lat' dir='ltr'><strong>Demetrius</strong></span> <span class='ocrx_word' id='word_1_317' title='bbox 2774 1983 2948 2040; x_wconf 78' lang='lat' dir='ltr'><strong>Soter.</strong></span> <span class='ocrx_word' id='word_1_318' title='bbox 2987 1985 3254 2042; x_wconf 74' lang='lat' dir='ltr'><strong>Convenit</strong></span> <span class='ocrx_word' id='word_1_319' title='bbox 3286 1990 3548 2059; x_wconf 78' lang='lat' dir='ltr'><strong>temporis</strong></span> 
     </span>
    </p>
   </div>
   <div class='ocr_carea' id='block_1_48' title="bbox 1959 2074 3544 2148">
    <p class='ocr_par' dir='ltr' id='par_1_48' title="bbox 1959 2074 3544 2148">
     <span class='ocr_line' id='line_1_48' title="bbox 1959 2074 3544 2148; baseline 0.011 -30"><span class='ocrx_word' id='word_1_320' title='bbox 1959 2079 2084 2120; x_wconf 86' lang='lat' dir='ltr'><strong>nuta</strong></span> <span class='ocrx_word' id='word_1_321' title='bbox 2153 2084 2276 2122; x_wconf 89' lang='lat' dir='ltr'><strong>cum</strong></span> <span class='ocrx_word' id='word_1_322' title='bbox 2310 2085 2371 2124; x_wconf 87' lang='lat' dir='ltr'><strong>ea</strong></span> <span class='ocrx_word' id='word_1_323' title='bbox 2404 2087 2524 2140; x_wconf 64' lang='lat' dir='ltr'><strong>quae</strong></span> <span class='ocrx_word' id='word_1_324' title='bbox 2565 2074 2800 2128; x_wconf 77' lang='lat' dir='ltr'><strong>refertur</strong></span> <span class='ocrx_word' id='word_1_325' title='bbox 2829 2077 2847 2128; x_wconf 92' lang='grc' dir='ltr'><strong>Ι</strong></span> <span class='ocrx_word' id='word_1_326' title='bbox 2881 2075 3238 2132; x_wconf 64' lang='lat' dir='ltr'><strong>Macltalucor.</strong></span> <span class='ocrx_word' id='word_1_327' title='bbox 3271 2093 3396 2148; x_wconf 86' lang='lat' dir='ltr'><strong>cap.</strong></span> <span class='ocrx_word' id='word_1_328' title='bbox 3429 2095 3544 2142; x_wconf 70' lang='grc' dir='ltr'><strong>γης</strong></span> 
     </span>
    </p>
   </div>
   <div class='ocr_carea' id='block_1_49' title="bbox 1955 2157 3544 2239">
    <p class='ocr_par' dir='ltr' id='par_1_49' title="bbox 1955 2157 3544 2239">
     <span class='ocr_line' id='line_1_49' title="bbox 1955 2157 3544 2239; baseline 0.01 -30"><span class='ocrx_word' id='word_1_329' title='bbox 1955 2157 2106 2211; x_wconf 80' lang='lat' dir='ltr'><strong>Anno</strong></span> <span class='ocrx_word' id='word_1_330' title='bbox 2131 2162 2413 2215; x_wconf 78' lang='lat' dir='ltr'><strong>centesimo</strong></span> <span class='ocrx_word' id='word_1_331' title='bbox 2436 2165 2868 2233; x_wconf 70' lang='lat' dir='ltr'><strong>quinquagesimo</strong></span> <span class='ocrx_word' id='word_1_332' title='bbox 2886 2169 3055 2231; x_wconf 84' lang='lat' dir='ltr'><strong>primo</strong></span> <span class='ocrx_word' id='word_1_333' title='bbox 3084 2167 3544 2239; x_wconf 82' lang='lat' dir='ltr'><strong>(Seleucidarum)</strong></span> 
     </span>
    </p>
   </div>
   <div class='ocr_carea' id='block_1_50' title="bbox 1960 2249 3542 2328">
    <p class='ocr_par' dir='ltr' id='par_1_50' title="bbox 1960 2249 3542 2328">
     <span class='ocr_line' id='line_1_50' title="bbox 1960 2249 3542 2328; baseline 0.01 -29"><span class='ocrx_word' id='word_1_334' title='bbox 1960 2249 2252 2304; x_wconf 78' lang='lat' dir='ltr'><strong>Demetrius</strong></span> <span class='ocrx_word' id='word_1_335' title='bbox 2281 2252 2486 2307; x_wconf 78' lang='lat' dir='ltr'><strong>Seleuci</strong></span> <span class='ocrx_word' id='word_1_336' title='bbox 2511 2253 2658 2319; x_wconf 72' lang='lat' dir='ltr'><strong>ﬁlius</strong></span> <span class='ocrx_word' id='word_1_337' title='bbox 2692 2255 2858 2310; x_wconf 83' lang='lat' dir='ltr'><strong>Roma</strong></span> <span class='ocrx_word' id='word_1_338' title='bbox 2886 2275 3124 2328; x_wconf 81' lang='lat' dir='ltr'><strong>egressus</strong></span> <span class='ocrx_word' id='word_1_339' title='bbox 3155 2264 3396 2314; x_wconf 80' lang='lat' dir='ltr'><strong>ascendit</strong></span> <span class='ocrx_word' id='word_1_340' title='bbox 3421 2277 3542 2315; x_wconf 67' lang='lat' dir='ltr'><strong>cur</strong></span> 
     </span>
    </p>
   </div>
   <div class='ocr_carea' id='block_1_51' title="bbox 1955 2340 3540 2420">
    <p class='ocr_par' dir='ltr' id='par_1_51' title="bbox 1955 2340 3540 2420">
     <span class='ocr_line' id='line_1_51' title="bbox 1955 2340 3540 2420; baseline 0.011 -30"><span class='ocrx_word' id='word_1_341' title='bbox 1955 2340 2084 2392; x_wconf 73' lang='lat' dir='ltr'><strong>uiris</strong></span> <span class='ocrx_word' id='word_1_342' title='bbox 2113 2345 2294 2410; x_wconf 77' lang='lat' dir='ltr'><strong>paucis</strong></span> <span class='ocrx_word' id='word_1_343' title='bbox 2323 2345 2373 2396; x_wconf 86' lang='lat' dir='ltr'><strong>in</strong></span> <span class='ocrx_word' id='word_1_344' title='bbox 2404 2345 2669 2400; x_wconf 67' lang='lat' dir='ltr'><strong>civitatem</strong></span> <span class='ocrx_word' id='word_1_345' title='bbox 2697 2349 2915 2420; x_wconf 64' lang='lat' dir='ltr'><strong>(Syriae)</strong></span> <span class='ocrx_word' id='word_1_346' title='bbox 2965 2351 3318 2415; x_wconf 75' lang='lat' dir='ltr'><strong>maritimam,</strong></span> <span class='ocrx_word' id='word_1_347' title='bbox 3364 2361 3415 2406; x_wconf 84' lang='lat' dir='ltr'><strong>et</strong></span> <span class='ocrx_word' id='word_1_348' title='bbox 3457 2369 3540 2408; x_wconf 75' lang='lat' dir='ltr'><strong>rs-</strong></span> 
     </span>
    </p>
   </div>
   <div class='ocr_carea' id='block_1_52' title="bbox 1951 2433 2295 2496">
    <p class='ocr_par' dir='ltr' id='par_1_52' title="bbox 1951 2433 2295 2496">
     <span class='ocr_line' id='line_1_52' title="bbox 1951 2433 2295 2496; baseline 0.015 -14"><span class='ocrx_word' id='word_1_349' title='bbox 1951 2433 2132 2496; x_wconf 81' lang='lat' dir='ltr'><strong>gnavit</strong></span> <span class='ocrx_word' id='word_1_350' title='bbox 2166 2434 2295 2487; x_wconf 85' lang='lat' dir='ltr'><strong>illic.</strong></span> 
     </span>
    </p>
   </div>
   <div class='ocr_carea' id='block_1_53' title="bbox 2023 2522 3539 2598">
    <p class='ocr_par' dir='ltr' id='par_1_53' title="bbox 2023 2522 3539 2598">
     <span class='ocr_line' id='line_1_53' title="bbox 2023 2522 3539 2598; baseline 0.01 -24"><span class='ocrx_word' id='word_1_351' title='bbox 2023 2522 2143 2576; x_wconf 89' lang='lat' dir='ltr'><strong>Col.</strong></span> <span class='ocrx_word' id='word_1_352' title='bbox 2171 2525 2294 2578; x_wconf 76' lang='grc'><strong>417.</strong></span> <span class='ocrx_word' id='word_1_353' title='bbox 2329 2523 2532 2581; x_wconf 81' lang='lat' dir='ltr'><strong>Ennius</strong></span> <span class='ocrx_word' id='word_1_354' title='bbox 2561 2539 2736 2597; x_wconf 75' lang='lat' dir='ltr'><strong>poeta.</strong></span> <span class='ocrx_word' id='word_1_355' title='bbox 2786 2528 2978 2584; x_wconf 76' lang='lat' dir='ltr'><strong>Istbsec</strong></span> <span class='ocrx_word' id='word_1_356' title='bbox 3034 2528 3194 2585; x_wconf 82' lang='lat' dir='ltr'><strong>Ennii</strong></span> <span class='ocrx_word' id='word_1_357' title='bbox 3243 2539 3411 2598; x_wconf 72' lang='lat' dir='ltr'><strong>poeta!</strong></span> <span class='ocrx_word' id='word_1_358' title='bbox 3472 2548 3539 2590; x_wconf 70' lang='lat' dir='ltr'><strong>ex</strong></span> 
     </span>
    </p>
   </div>
   <div class='ocr_carea' id='block_1_54' title="bbox 1953 2611 3537 2690">
    <p class='ocr_par' dir='ltr' id='par_1_54' title="bbox 1953 2611 3537 2690">
     <span class='ocr_line' id='line_1_54' title="bbox 1953 2611 3537 2690; baseline 0.006 -26"><span class='ocrx_word' id='word_1_359' title='bbox 1953 2611 2066 2679; x_wconf 83' lang='lat' dir='ltr'><strong>ﬁlia</strong></span> <span class='ocrx_word' id='word_1_360' title='bbox 2101 2629 2257 2680; x_wconf 75' lang='lat' dir='ltr'><strong>nepos</strong></span> <span class='ocrx_word' id='word_1_361' title='bbox 2302 2621 2462 2670; x_wconf 73' lang='lat' dir='ltr'><strong>verba</strong></span> <span class='ocrx_word' id='word_1_362' title='bbox 2513 2618 2752 2686; x_wconf 78' lang='lat' dir='ltr'><strong>Scaliger</strong></span> <span class='ocrx_word' id='word_1_363' title='bbox 2787 2620 2969 2674; x_wconf 88' lang='lat' dir='ltr'><strong>omnia</strong></span> <span class='ocrx_word' id='word_1_364' title='bbox 3029 2621 3417 2690; x_wconf 62' lang='lat' dir='ltr'><strong>praetermittit,</strong></span> <span class='ocrx_word' id='word_1_365' title='bbox 3455 2623 3537 2682; x_wconf 74' lang='lat' dir='ltr'><strong>le-</strong></span> 
     </span>
    </p>
   </div>
   <div class='ocr_carea' id='block_1_55' title="bbox 1954 2708 3536 2770">
    <p class='ocr_par' dir='ltr' id='par_1_55' title="bbox 1954 2708 3536 2770">
     <span class='ocr_line' id='line_1_55' title="bbox 1954 2708 3536 2770; baseline 0.009 -14"><span class='ocrx_word' id='word_1_366' title='bbox 1954 2717 2104 2758; x_wconf 84' lang='lat' dir='ltr'><strong>ctore</strong></span> <span class='ocrx_word' id='word_1_367' title='bbox 2151 2720 2252 2759; x_wconf 85' lang='lat' dir='ltr'><strong>nec</strong></span> <span class='ocrx_word' id='word_1_368' title='bbox 2284 2708 2599 2763; x_wconf 87' lang='lat' dir='ltr'><strong>admonito:</strong></span> <span class='ocrx_word' id='word_1_369' title='bbox 2634 2710 2942 2766; x_wconf 80' lang='lat' dir='ltr'><strong>Parmensis</strong></span> <span class='ocrx_word' id='word_1_370' title='bbox 2999 2726 3102 2766; x_wconf 82' lang='lat' dir='ltr'><strong>ms.</strong></span> <span class='ocrx_word' id='word_1_371' title='bbox 3138 2712 3248 2766; x_wconf 88' lang='lat' dir='ltr'><strong>duo</strong></span> <span class='ocrx_word' id='word_1_372' title='bbox 3297 2713 3385 2768; x_wconf 88' lang='lat' dir='ltr'><strong>illa</strong></span> <span class='ocrx_word' id='word_1_373' title='bbox 3414 2723 3536 2770; x_wconf 71' lang='lat' dir='ltr'><strong>tau—</strong></span> 
     </span>
    </p>
   </div>
   <div class='ocr_carea' id='block_1_56' title="bbox 1955 2797 3533 2874">
    <p class='ocr_par' dir='ltr' id='par_1_56' title="bbox 1955 2797 3533 2874">
     <span class='ocr_line' id='line_1_56' title="bbox 1955 2797 3533 2874; baseline 0.008 -28"><span class='ocrx_word' id='word_1_374' title='bbox 1955 2803 2088 2870; x_wconf 84' lang='lat' dir='ltr'><strong>tum,</strong></span> <span class='ocrx_word' id='word_1_375' title='bbox 2122 2811 2187 2849; x_wconf 78' lang='lat' dir='ltr'><strong>ea:</strong></span> <span class='ocrx_word' id='word_1_376' title='bbox 2210 2797 2346 2866; x_wconf 82' lang='lat' dir='ltr'><strong>ﬁlia.</strong></span> <span class='ocrx_word' id='word_1_377' title='bbox 2390 2799 2466 2854; x_wconf 84' lang='lat' dir='ltr'><strong>ita</strong></span> <span class='ocrx_word' id='word_1_378' title='bbox 2497 2811 2552 2855; x_wconf 89' lang='lat' dir='ltr'><strong>et</strong></span> <span class='ocrx_word' id='word_1_379' title='bbox 2585 2803 2815 2856; x_wconf 75' lang='lat' dir='ltr'><strong>uendidit</strong></span> <span class='ocrx_word' id='word_1_380' title='bbox 2881 2803 3044 2860; x_wconf 82' lang='lat' dir='ltr'><strong>habet</strong></span> <span class='ocrx_word' id='word_1_381' title='bbox 3076 2804 3164 2860; x_wconf 84' lang='lat' dir='ltr'><strong>ille</strong></span> <span class='ocrx_word' id='word_1_382' title='bbox 3211 2819 3311 2874; x_wconf 88' lang='lat' dir='ltr'><strong>pro</strong></span> <span class='ocrx_word' id='word_1_383' title='bbox 3355 2806 3533 2863; x_wconf 78' lang='lat' dir='ltr'><strong>vendi-</strong></span> 
     </span>
    </p>
   </div>
   <div class='ocr_carea' id='block_1_57' title="bbox 1952 2887 2104 2940">
    <p class='ocr_par' dir='ltr' id='par_1_57' title="bbox 1952 2887 2104 2940">
     <span class='ocr_line' id='line_1_57' title="bbox 1952 2887 2104 2940; baseline 0.013 -3"><span class='ocrx_word' id='word_1_384' title='bbox 1952 2887 2104 2940; x_wconf 87' lang='lat' dir='ltr'><strong>tavit.</strong></span> 
     </span>
    </p>
   </div>
   <div class='ocr_carea' id='block_1_58' title="bbox 2024 2976 3536 3055">
    <p class='ocr_par' dir='ltr' id='par_1_58' title="bbox 2024 2976 3536 3055">
     <span class='ocr_line' id='line_1_58' title="bbox 2024 2976 3536 3055; baseline 0.009 -26"><span class='ocrx_word' id='word_1_385' title='bbox 2024 2976 2140 3030; x_wconf 86' lang='lat' dir='ltr'><strong>Col.</strong></span> <span class='ocrx_word' id='word_1_386' title='bbox 2191 2977 2318 3033; x_wconf 65' lang='lat'><strong>420.</strong></span> <span class='ocrx_word' id='word_1_387' title='bbox 2369 2979 2843 3052; x_wconf 70' lang='lat' dir='ltr'><strong>Pseudoplrilippus</strong></span> <span class='ocrx_word' id='word_1_388' title='bbox 2890 2993 3096 3055; x_wconf 77' lang='lat' dir='ltr'><strong>regnat.</strong></span> <span class='ocrx_word' id='word_1_389' title='bbox 3133 2985 3280 3041; x_wconf 81' lang='lat' dir='ltr'><strong>Duos</strong></span> <span class='ocrx_word' id='word_1_390' title='bbox 3323 2986 3536 3044; x_wconf 79' lang='lat' dir='ltr'><strong>scilicet</strong></span> 
     </span>
    </p>
   </div>
   <div class='ocr_carea' id='block_1_59' title="bbox 255 3071 1847 3166">
    <p class='ocr_par' dir='ltr' id='par_1_59' title="bbox 255 3075 1847 3158">
     <span class='ocr_line' id='line_1_59' title="bbox 255 3075 1847 3158; baseline 0.004 -28"><span class='ocrx_word' id='word_1_391' title='bbox 255 3075 442 3130; x_wconf 85' lang='lat' dir='ltr'><strong>monis</strong></span> <span class='ocrx_word' id='word_1_392' title='bbox 495 3078 721 3132; x_wconf 89' lang='lat' dir='ltr'><strong>secundi</strong></span> <span class='ocrx_word' id='word_1_393' title='bbox 773 3080 966 3148; x_wconf 89' lang='lat' dir='ltr'><strong>stirpe,</strong></span> <span class='ocrx_word' id='word_1_394' title='bbox 1027 3092 1282 3134; x_wconf 71' lang='lat' dir='ltr'><strong>cancrum</strong></span> <span class='ocrx_word' id='word_1_395' title='bbox 1343 3083 1411 3137; x_wconf 87' lang='lat' dir='ltr'><strong>ab</strong></span> <span class='ocrx_word' id='word_1_396' title='bbox 1464 3085 1680 3136; x_wconf 87' lang='lat' dir='ltr'><strong>Aarone</strong></span> <span class='ocrx_word' id='word_1_397' title='bbox 1731 3086 1847 3158; x_wconf 88' lang='lat' dir='ltr'><strong>ipse</strong></span> 
     </span>
    </p>
   </div>
   <div class='ocr_carea' id='block_1_60' title="bbox 1958 3071 3530 3166">
    <p class='ocr_par' dir='ltr' id='par_1_60' title="bbox 1958 3071 3530 3148">
     <span class='ocr_line' id='line_1_60' title="bbox 1958 3071 3530 3148; baseline 0.009 -29"><span class='ocrx_word' id='word_1_398' title='bbox 1958 3079 2130 3122; x_wconf 88' lang='lat' dir='ltr'><strong>annos</strong></span> <span class='ocrx_word' id='word_1_399' title='bbox 2160 3071 2312 3140; x_wconf 81' lang='lat' dir='ltr'><strong>regni</strong></span> <span class='ocrx_word' id='word_1_400' title='bbox 2368 3073 2660 3141; x_wconf 71' lang='lat' dir='ltr'><strong>Atttlrisco,</strong></span> <span class='ocrx_word' id='word_1_401' title='bbox 2693 3077 2783 3145; x_wconf 90' lang='lat' dir='ltr'><strong>qui</strong></span> <span class='ocrx_word' id='word_1_402' title='bbox 2812 3083 2866 3130; x_wconf 90' lang='lat' dir='ltr'><strong>et</strong></span> <span class='ocrx_word' id='word_1_403' title='bbox 2915 3077 3401 3148; x_wconf 75' lang='lat' dir='ltr'><strong>PseudOpbilippus</strong></span> <span class='ocrx_word' id='word_1_404' title='bbox 3433 3093 3530 3133; x_wconf 74' lang='lat' dir='ltr'><strong>vo-</strong></span> 
     </span>
    </p>
   </div>
   <div class='ocr_carea' id='block_1_61' title="bbox 256 3168 1844 3244">
    <p class='ocr_par' dir='ltr' id='par_1_61' title="bbox 256 3168 1844 3244">
     <span class='ocr_line' id='line_1_61' title="bbox 256 3168 1844 3244; baseline 0.006 -24"><span class='ocrx_word' id='word_1_405' title='bbox 256 3168 422 3220; x_wconf 89' lang='lat' dir='ltr'><strong>ctiam</strong></span> <span class='ocrx_word' id='word_1_406' title='bbox 453 3168 734 3222; x_wconf 80' lang='lat' dir='ltr'><strong>oriundus.</strong></span> <span class='ocrx_word' id='word_1_407' title='bbox 762 3168 1073 3238; x_wconf 83' lang='lat' dir='ltr'><strong>Reliquerat</strong></span> <span class='ocrx_word' id='word_1_408' title='bbox 1099 3170 1284 3226; x_wconf 87' lang='lat' dir='ltr'><strong>Simon</strong></span> <span class='ocrx_word' id='word_1_409' title='bbox 1313 3183 1422 3226; x_wconf 90' lang='lat' dir='ltr'><strong>tres</strong></span> <span class='ocrx_word' id='word_1_410' title='bbox 1445 3173 1600 3233; x_wconf 80' lang='lat' dir='ltr'><strong>ﬁlios.</strong></span> <span class='ocrx_word' id='word_1_411' title='bbox 1627 3173 1844 3244; x_wconf 88' lang='lat' dir='ltr'><strong>Oniam,</strong></span> 
     </span>
    </p>
   </div>
   <div class='ocr_carea' id='block_1_62' title="bbox 255 3253 1846 3330">
    <p class='ocr_par' dir='ltr' id='par_1_62' title="bbox 255 3253 1846 3330">
     <span class='ocr_line' id='line_1_62' title="bbox 255 3253 1846 3330; baseline 0.008 -22"><span class='ocrx_word' id='word_1_412' title='bbox 255 3253 514 3312; x_wconf 79' lang='lat' dir='ltr'><strong>Jasonem</strong></span> <span class='ocrx_word' id='word_1_413' title='bbox 545 3268 598 3313; x_wconf 90' lang='lat' dir='ltr'><strong>ct</strong></span> <span class='ocrx_word' id='word_1_414' title='bbox 639 3259 936 3313; x_wconf 86' lang='lat' dir='ltr'><strong>Menelaum</strong></span> <span class='ocrx_word' id='word_1_415' title='bbox 974 3261 1163 3322; x_wconf 87' lang='lat' dir='ltr'><strong>istum,</strong></span> <span class='ocrx_word' id='word_1_416' title='bbox 1199 3277 1359 3330; x_wconf 85' lang='lat' dir='ltr'><strong>quem</strong></span> <span class='ocrx_word' id='word_1_417' title='bbox 1409 3264 1701 3321; x_wconf 68' lang='lat' dir='ltr'><strong>Antinclms</strong></span> <span class='ocrx_word' id='word_1_418' title='bbox 1755 3281 1846 3320; x_wconf 87' lang='lat' dir='ltr'><strong>oc-</strong></span> 
     </span>
    </p>
   </div>
   <div class='ocr_carea' id='block_1_63' title="bbox 257 3347 1844 3424">
    <p class='ocr_par' dir='ltr' id='par_1_63' title="bbox 257 3347 1844 3424">
     <span class='ocr_line' id='line_1_63' title="bbox 257 3347 1844 3424; baseline 0.004 -22"><span class='ocrx_word' id='word_1_419' title='bbox 257 3349 416 3403; x_wconf 84' lang='lat' dir='ltr'><strong>cidit.</strong></span> <span class='ocrx_word' id='word_1_420' title='bbox 447 3347 575 3417; x_wconf 80' lang='lat' dir='ltr'><strong>Ejus</strong></span> <span class='ocrx_word' id='word_1_421' title='bbox 607 3349 756 3404; x_wconf 60' lang='lat' dir='ltr'><strong>Onite</strong></span> <span class='ocrx_word' id='word_1_422' title='bbox 787 3349 951 3416; x_wconf 79' lang='lat' dir='ltr'><strong>illius,</strong></span> <span class='ocrx_word' id='word_1_423' title='bbox 982 3348 1148 3404; x_wconf 83' lang='lat' dir='ltr'><strong>Onias</strong></span> <span class='ocrx_word' id='word_1_424' title='bbox 1188 3351 1324 3405; x_wconf 82' lang='lat' dir='ltr'><strong>alter</strong></span> <span class='ocrx_word' id='word_1_425' title='bbox 1353 3353 1439 3408; x_wconf 92' lang='lat' dir='ltr'><strong>bic</strong></span> <span class='ocrx_word' id='word_1_426' title='bbox 1467 3365 1568 3418; x_wconf 91' lang='lat' dir='ltr'><strong>est,</strong></span> <span class='ocrx_word' id='word_1_427' title='bbox 1601 3357 1684 3408; x_wconf 82' lang='lat' dir='ltr'><strong>cui</strong></span> <span class='ocrx_word' id='word_1_428' title='bbox 1712 3371 1844 3424; x_wconf 87' lang='lat' dir='ltr'><strong>pon-</strong></span> 
     </span>
    </p>
   </div>
   <div class='ocr_carea' id='block_1_64' title="bbox 260 3440 1839 3511">
    <p class='ocr_par' dir='ltr' id='par_1_64' title="bbox 260 3440 1839 3511">
     <span class='ocr_line' id='line_1_64' title="bbox 260 3440 1839 3511; baseline 0.004 -19"><span class='ocrx_word' id='word_1_429' title='bbox 260 3441 504 3495; x_wconf 83' lang='lat' dir='ltr'><strong>tiﬁcatus</strong></span> <span class='ocrx_word' id='word_1_430' title='bbox 555 3440 873 3496; x_wconf 68' lang='lat' dir='ltr'><strong>debebatur.</strong></span> <span class='ocrx_word' id='word_1_431' title='bbox 932 3440 1158 3507; x_wconf 79' lang='lat' dir='ltr'><strong>Reliqua</strong></span> <span class='ocrx_word' id='word_1_432' title='bbox 1211 3443 1373 3511; x_wconf 76' lang='lat' dir='ltr'><strong>vulgo</strong></span> <span class='ocrx_word' id='word_1_433' title='bbox 1399 3453 1521 3497; x_wconf 88' lang='lat' dir='ltr'><strong>uota</strong></span> <span class='ocrx_word' id='word_1_434' title='bbox 1581 3456 1707 3498; x_wconf 89' lang='lat' dir='ltr'><strong>snnt</strong></span> <span class='ocrx_word' id='word_1_435' title='bbox 1772 3463 1839 3500; x_wconf 79' lang='lat' dir='ltr'><strong>ex</strong></span> 
     </span>
    </p>
   </div>
   <div class='ocr_carea' id='block_1_65' title="bbox 260 3530 1841 3606">
    <p class='ocr_par' dir='ltr' id='par_1_65' title="bbox 260 3530 1841 3606">
     <span class='ocr_line' id='line_1_65' title="bbox 260 3530 1841 3606; baseline 0.002 -20"><span class='ocrx_word' id='word_1_436' title='bbox 260 3531 285 3586; x_wconf 83' lang='grc'><strong>1</strong></span> <span class='ocrx_word' id='word_1_437' title='bbox 316 3531 679 3585; x_wconf 73' lang='lat' dir='ltr'><strong>Maeliabazor.</strong></span> <span class='ocrx_word' id='word_1_438' title='bbox 711 3530 1003 3600; x_wconf 88' lang='lat' dir='ltr'><strong>ctJosepbi</strong></span> <span class='ocrx_word' id='word_1_439' title='bbox 1038 3549 1131 3586; x_wconf 79' lang='lat' dir='ltr'><strong>xu.</strong></span> <span class='ocrx_word' id='word_1_440' title='bbox 1165 3532 1270 3587; x_wconf 87' lang='lat' dir='ltr'><strong>Pro</strong></span> <span class='ocrx_word' id='word_1_441' title='bbox 1297 3534 1684 3605; x_wconf 72' lang='lat' dir='ltr'><strong>Heliopolitana</strong></span> <span class='ocrx_word' id='word_1_442' title='bbox 1706 3553 1841 3606; x_wconf 74' lang='lat' dir='ltr'><strong>pago</strong></span> 
     </span>
    </p>
   </div>
   <div class='ocr_carea' id='block_1_66' title="bbox 257 3622 1841 3696">
    <p class='ocr_par' dir='ltr' id='par_1_66' title="bbox 257 3622 1841 3696">
     <span class='ocr_line' id='line_1_66' title="bbox 257 3622 1841 3696; baseline 0.006 -22"><span class='ocrx_word' id='word_1_443' title='bbox 257 3625 441 3676; x_wconf 79' lang='lat' dir='ltr'><strong>minus</strong></span> <span class='ocrx_word' id='word_1_444' title='bbox 495 3633 641 3676; x_wconf 86' lang='lat' dir='ltr'><strong>recte</strong></span> <span class='ocrx_word' id='word_1_445' title='bbox 696 3622 826 3690; x_wconf 81' lang='lat' dir='ltr'><strong>legit</strong></span> <span class='ocrx_word' id='word_1_446' title='bbox 856 3623 1246 3690; x_wconf 79' lang='lat' dir='ltr'><strong>Heliopolitana</strong></span> <span class='ocrx_word' id='word_1_447' title='bbox 1297 3642 1426 3694; x_wconf 85' lang='lat' dir='ltr'><strong>agro</strong></span> <span class='ocrx_word' id='word_1_448' title='bbox 1461 3624 1725 3696; x_wconf 78' lang='lat' dir='ltr'><strong>Scaliger.</strong></span> <span class='ocrx_word' id='word_1_449' title='bbox 1769 3627 1841 3683; x_wconf 87' lang='lat' dir='ltr'><strong>De</strong></span> 
     </span>
    </p>
   </div>
   <div class='ocr_carea' id='block_1_67' title="bbox 252 3715 1836 3784">
    <p class='ocr_par' dir='ltr' id='par_1_67' title="bbox 252 3715 1836 3784">
     <span class='ocr_line' id='line_1_67' title="bbox 252 3715 1836 3784; baseline 0.002 -15"><span class='ocrx_word' id='word_1_450' title='bbox 252 3716 399 3769; x_wconf 82' lang='lat' dir='ltr'><strong>inita</strong></span> <span class='ocrx_word' id='word_1_451' title='bbox 433 3716 778 3784; x_wconf 81' lang='lat' dir='ltr'><strong>postmodum</strong></span> <span class='ocrx_word' id='word_1_452' title='bbox 813 3731 905 3784; x_wconf 81' lang='lat' dir='ltr'><strong>per</strong></span> <span class='ocrx_word' id='word_1_453' title='bbox 930 3715 1124 3770; x_wconf 73' lang='lat' dir='ltr'><strong>ludam</strong></span> <span class='ocrx_word' id='word_1_454' title='bbox 1159 3717 1528 3772; x_wconf 85' lang='lat' dir='ltr'><strong>Romanorum</strong></span> <span class='ocrx_word' id='word_1_455' title='bbox 1557 3720 1836 3784; x_wconf 66' lang='lat' dir='ltr'><strong>socii-tate,</strong></span> 
     </span>
    </p>
   </div>
   <div class='ocr_carea' id='block_1_68' title="bbox 249 3806 1835 3892">
    <p class='ocr_par' dir='ltr' id='par_1_68' title="bbox 249 3806 1835 3892">
     <span class='ocr_line' id='line_1_68' title="bbox 249 3806 1835 3892; baseline 0.005 -32"><span class='ocrx_word' id='word_1_456' title='bbox 249 3806 499 3860; x_wconf 82' lang='lat' dir='ltr'><strong>Justinus</strong></span> <span class='ocrx_word' id='word_1_457' title='bbox 525 3807 619 3860; x_wconf 84' lang='lat' dir='ltr'><strong>lib.</strong></span> <span class='ocrx_word' id='word_1_458' title='bbox 655 3823 910 3871; x_wconf 55' lang='grc' dir='ltr'><strong>λιθίνης.</strong></span> <span class='ocrx_word' id='word_1_459' title='bbox 936 3809 990 3871; x_wconf 77' lang='lat'><strong>3,</strong></span> <span class='ocrx_word' id='word_1_460' title='bbox 1014 3808 1068 3865; x_wconf 90' lang='lat' dir='ltr'><strong>in</strong></span> <span class='ocrx_word' id='word_1_461' title='bbox 1095 3808 1223 3877; x_wconf 86' lang='lat' dir='ltr'><strong>fine,</strong></span> <span class='ocrx_word' id='word_1_462' title='bbox 1259 3810 1325 3892; x_wconf 83' lang='lat' dir='ltr'><strong>de</strong></span> <span class='ocrx_word' id='word_1_463' title='bbox 1342 3808 1547 3866; x_wconf 69' lang='lat' dir='ltr'><strong>Judaeis</strong></span> <span class='ocrx_word' id='word_1_464' title='bbox 1570 3812 1792 3880; x_wconf 83' lang='lat' dir='ltr'><strong>loquens</strong></span> <span class='ocrx_word' id='word_1_465' title='bbox 1822 3831 1835 3868; x_wconf 92' lang='lat'>:</span> 
     </span>
    </p>
   </div>
   <div class='ocr_carea' id='block_1_69' title="bbox 247 3895 1839 3963">
    <p class='ocr_par' dir='ltr' id='par_1_69' title="bbox 247 3895 1839 3963">
     <span class='ocr_line' id='line_1_69' title="bbox 247 3895 1839 3963; baseline 0.001 -14"><span class='ocrx_word' id='word_1_466' title='bbox 247 3898 289 3949; x_wconf 76' lang='grc' dir='ltr'><em>Α</em></span> <span class='ocrx_word' id='word_1_467' title='bbox 324 3895 608 3961; x_wconf 86' lang='lat' dir='ltr'><strong>Demetrio,</strong></span> <span class='ocrx_word' id='word_1_468' title='bbox 642 3896 838 3963; x_wconf 83' lang='lat' dir='ltr'><strong>inquit,</strong></span> <span class='ocrx_word' id='word_1_469' title='bbox 893 3911 1012 3948; x_wconf 85' lang='lat' dir='ltr'><strong>cum</strong></span> <span class='ocrx_word' id='word_1_470' title='bbox 1044 3897 1404 3962; x_wconf 80' lang='lat' dir='ltr'><strong>descivissent,</strong></span> <span class='ocrx_word' id='word_1_471' title='bbox 1458 3899 1693 3950; x_wconf 85' lang='lat' dir='ltr'><strong>amicitia</strong></span> <span class='ocrx_word' id='word_1_472' title='bbox 1743 3897 1839 3950; x_wconf 82' lang='lat' dir='ltr'><strong>Ro-</strong></span> 
     </span>
    </p>
   </div>
   <div class='ocr_carea' id='block_1_70' title="bbox 248 3987 1834 4054">
    <p class='ocr_par' dir='ltr' id='par_1_70' title="bbox 248 3987 1834 4054">
     <span class='ocr_line' id='line_1_70' title="bbox 248 3987 1834 4054; baseline 0.004 -16"><span class='ocrx_word' id='word_1_473' title='bbox 248 4003 533 4040; x_wconf 81' lang='lat' dir='ltr'><strong>manorum</strong></span> <span class='ocrx_word' id='word_1_474' title='bbox 601 3989 806 4054; x_wconf 72' lang='lat' dir='ltr'><strong>petita,</strong></span> <span class='ocrx_word' id='word_1_475' title='bbox 861 3987 1022 4054; x_wconf 74' lang='lat' dir='ltr'><strong>primi</strong></span> <span class='ocrx_word' id='word_1_476' title='bbox 1079 3988 1311 4042; x_wconf 87' lang='lat' dir='ltr'><strong>omnium</strong></span> <span class='ocrx_word' id='word_1_477' title='bbox 1361 3998 1426 4042; x_wconf 75' lang='lat' dir='ltr'><strong>ea:</strong></span> <span class='ocrx_word' id='word_1_478' title='bbox 1479 3990 1834 4044; x_wconf 81' lang='lat' dir='ltr'><strong>Orientalibus</strong></span> 
     </span>
    </p>
   </div>
   <div class='ocr_carea' id='block_1_71' title="bbox 249 4079 1835 4150">
    <p class='ocr_par' dir='ltr' id='par_1_71' title="bbox 249 4079 1835 4150">
     <span class='ocr_line' id='line_1_71' title="bbox 249 4079 1835 4150; baseline 0.001 -16"><span class='ocrx_word' id='word_1_479' title='bbox 249 4083 548 4135; x_wconf 78' lang='lat' dir='ltr'><strong>libertatem</strong></span> <span class='ocrx_word' id='word_1_480' title='bbox 569 4091 891 4150; x_wconf 75' lang='lat' dir='ltr'><strong>receperunt,</strong></span> <span class='ocrx_word' id='word_1_481' title='bbox 923 4082 1086 4150; x_wconf 75' lang='lat' dir='ltr'><strong>facile</strong></span> <span class='ocrx_word' id='word_1_482' title='bbox 1138 4091 1262 4134; x_wconf 84' lang='lat' dir='ltr'><strong>tunc</strong></span> <span class='ocrx_word' id='word_1_483' title='bbox 1291 4079 1542 4136; x_wconf 79' lang='lat' dir='ltr'><strong>Romanis</strong></span> <span class='ocrx_word' id='word_1_484' title='bbox 1571 4085 1634 4135; x_wconf 80' lang='lat' dir='ltr'><strong>de</strong></span> <span class='ocrx_word' id='word_1_485' title='bbox 1661 4083 1835 4136; x_wconf 88' lang='lat' dir='ltr'><strong>alieno</strong></span> 
     </span>
    </p>
   </div>
   <div class='ocr_carea' id='block_1_72' title="bbox 248 4175 738 4245">
    <p class='ocr_par' dir='ltr' id='par_1_72' title="bbox 248 4175 738 4245">
     <span class='ocr_line' id='line_1_72' title="bbox 248 4175 738 4245; baseline 0.002 -15"><span class='ocrx_word' id='word_1_486' title='bbox 248 4175 616 4245; x_wconf 77' lang='lat' dir='ltr'><strong>largientibus.</strong></span> <span class='ocrx_word' id='word_1_487' title='bbox 735 4229 738 4231; x_wconf 74' lang='lat'><strong>.</strong></span> 
     </span>
    </p>
   </div>
   <div class='ocr_carea' id='block_1_73' title="bbox 317 4263 1830 4334">
    <p class='ocr_par' dir='ltr' id='par_1_73' title="bbox 317 4263 1830 4334">
     <span class='ocr_line' id='line_1_73' title="bbox 317 4263 1830 4334; baseline -0.001 -13"><span class='ocrx_word' id='word_1_488' title='bbox 317 4267 425 4330; x_wconf 74' lang='grc' dir='ltr'><strong>Μ..</strong></span> <span class='ocrx_word' id='word_1_489' title='bbox 465 4267 592 4320; x_wconf 84' lang='lat' dir='ltr'><strong>ibid.</strong></span> <span class='ocrx_word' id='word_1_490' title='bbox 628 4265 778 4320; x_wconf 81' lang='lat' dir='ltr'><strong>Facit</strong></span> <span class='ocrx_word' id='word_1_491' title='bbox 823 4279 946 4318; x_wconf 90' lang='lat' dir='ltr'><strong>cum</strong></span> <span class='ocrx_word' id='word_1_492' title='bbox 1003 4264 1240 4334; x_wconf 82' lang='lat' dir='ltr'><strong>Joscpbo</strong></span> <span class='ocrx_word' id='word_1_493' title='bbox 1283 4263 1548 4320; x_wconf 81' lang='lat' dir='ltr'><strong>Eusebius</strong></span> <span class='ocrx_word' id='word_1_494' title='bbox 1601 4274 1715 4319; x_wconf 93' lang='lat' dir='ltr'><strong>tum</strong></span> <span class='ocrx_word' id='word_1_495' title='bbox 1776 4265 1830 4320; x_wconf 91' lang='lat' dir='ltr'><strong>in</strong></span> 
     </span>
    </p>
   </div>
   <div class='ocr_carea' id='block_1_74' title="bbox 244 4355 1830 4427">
    <p class='ocr_par' dir='ltr' id='par_1_74' title="bbox 244 4355 1830 4427">
     <span class='ocr_line' id='line_1_74' title="bbox 244 4355 1830 4427; baseline -0.002 -13"><span class='ocrx_word' id='word_1_496' title='bbox 244 4359 501 4422; x_wconf 85' lang='lat' dir='ltr'><strong>historia,</strong></span> <span class='ocrx_word' id='word_1_497' title='bbox 537 4373 658 4412; x_wconf 90' lang='lat' dir='ltr'><strong>cum</strong></span> <span class='ocrx_word' id='word_1_498' title='bbox 697 4359 748 4411; x_wconf 91' lang='lat' dir='ltr'><strong>in</strong></span> <span class='ocrx_word' id='word_1_499' title='bbox 789 4357 1050 4425; x_wconf 89' lang='lat' dir='ltr'><strong>temporis</strong></span> <span class='ocrx_word' id='word_1_500' title='bbox 1088 4360 1381 4411; x_wconf 87' lang='lat' dir='ltr'><strong>notatione.</strong></span> <span class='ocrx_word' id='word_1_501' title='bbox 1413 4355 1469 4410; x_wconf 92' lang='lat' dir='ltr'><strong>Si</strong></span> <span class='ocrx_word' id='word_1_502' title='bbox 1510 4357 1655 4410; x_wconf 89' lang='lat' dir='ltr'><strong>enim</strong></span> <span class='ocrx_word' id='word_1_503' title='bbox 1688 4359 1830 4427; x_wconf 91' lang='lat' dir='ltr'><strong>quod</strong></span> 
     </span>
    </p>
   </div>
   <div class='ocr_carea' id='block_1_75' title="bbox 1949 3163 3525 3239">
    <p class='ocr_par' dir='ltr' id='par_1_75' title="bbox 1949 3163 3525 3239">
     <span class='ocr_line' id='line_1_75' title="bbox 1949 3163 3525 3239; baseline 0.006 -23"><span class='ocrx_word' id='word_1_504' title='bbox 1949 3163 2192 3228; x_wconf 79' lang='lat' dir='ltr'><strong>cabatur,</strong></span> <span class='ocrx_word' id='word_1_505' title='bbox 2231 3165 2432 3218; x_wconf 86' lang='lat' dir='ltr'><strong>dabant</strong></span> <span class='ocrx_word' id='word_1_506' title='bbox 2469 3178 2741 3231; x_wconf 75' lang='lat' dir='ltr'><strong>aut-tores,</strong></span> <span class='ocrx_word' id='word_1_507' title='bbox 2767 3184 2906 3238; x_wconf 89' lang='lat' dir='ltr'><strong>quos</strong></span> <span class='ocrx_word' id='word_1_508' title='bbox 2948 3170 3216 3225; x_wconf 84' lang='lat' dir='ltr'><strong>Eusebius</strong></span> <span class='ocrx_word' id='word_1_509' title='bbox 3244 3171 3525 3239; x_wconf 86' lang='lat' dir='ltr'><strong>sequitur:</strong></span> 
     </span>
    </p>
   </div>
   <div class='ocr_carea' id='block_1_76' title="bbox 1948 3255 3534 3326">
    <p class='ocr_par' dir='ltr' id='par_1_76' title="bbox 1948 3255 3534 3326">
     <span class='ocr_line' id='line_1_76' title="bbox 1948 3255 3534 3326; baseline 0.006 -21"><span class='ocrx_word' id='word_1_510' title='bbox 1948 3255 2108 3308; x_wconf 85' lang='lat' dir='ltr'><strong>tertio</strong></span> <span class='ocrx_word' id='word_1_511' title='bbox 2140 3255 2282 3308; x_wconf 86' lang='lat' dir='ltr'><strong>enim</strong></span> <span class='ocrx_word' id='word_1_512' title='bbox 2311 3259 2510 3310; x_wconf 80' lang='lat' dir='ltr'><strong>victum</strong></span> <span class='ocrx_word' id='word_1_513' title='bbox 2557 3273 2680 3311; x_wconf 89' lang='lat' dir='ltr'><strong>eum</strong></span> <span class='ocrx_word' id='word_1_514' title='bbox 2714 3259 3174 3326; x_wconf 82' lang='lat' dir='ltr'><strong>interfectumque</strong></span> <span class='ocrx_word' id='word_1_515' title='bbox 3203 3276 3231 3314; x_wconf 89' lang='lat' dir='ltr'><strong>a</strong></span> <span class='ocrx_word' id='word_1_516' title='bbox 3264 3261 3534 3316; x_wconf 74' lang='lat' dir='ltr'><strong>Romanis</strong></span> 
     </span>
    </p>
   </div>
   <div class='ocr_carea' id='block_1_77' title="bbox 1945 3347 3525 3422">
    <p class='ocr_par' dir='ltr' id='par_1_77' title="bbox 1945 3347 3525 3422">
     <span class='ocr_line' id='line_1_77' title="bbox 1945 3347 3525 3422; baseline 0.006 -26"><span class='ocrx_word' id='word_1_517' title='bbox 1945 3347 2117 3413; x_wconf 88' lang='lat' dir='ltr'><strong>ponit.</strong></span> <span class='ocrx_word' id='word_1_518' title='bbox 2151 3347 2400 3416; x_wconf 80' lang='lat' dir='ltr'><strong>Plerique</strong></span> <span class='ocrx_word' id='word_1_519' title='bbox 2429 3359 2610 3404; x_wconf 88' lang='lat' dir='ltr'><strong>autem</strong></span> <span class='ocrx_word' id='word_1_520' title='bbox 2650 3351 2737 3403; x_wconf 86' lang='lat' dir='ltr'><strong>alii</strong></span> <span class='ocrx_word' id='word_1_521' title='bbox 2796 3366 2983 3407; x_wconf 88' lang='lat' dir='ltr'><strong>necem</strong></span> <span class='ocrx_word' id='word_1_522' title='bbox 3027 3351 3148 3422; x_wconf 82' lang='lat' dir='ltr'><strong>ejus</strong></span> <span class='ocrx_word' id='word_1_523' title='bbox 3195 3353 3250 3407; x_wconf 91' lang='lat' dir='ltr'><strong>in</strong></span> <span class='ocrx_word' id='word_1_524' title='bbox 3292 3352 3525 3421; x_wconf 87' lang='lat' dir='ltr'><strong>primum</strong></span> 
     </span>
    </p>
   </div>
   <div class='ocr_carea' id='block_1_78' title="bbox 1946 3439 3526 3513">
    <p class='ocr_par' dir='ltr' id='par_1_78' title="bbox 1946 3439 3526 3513">
     <span class='ocr_line' id='line_1_78' title="bbox 1946 3439 3526 3513; baseline 0.008 -24"><span class='ocrx_word' id='word_1_525' title='bbox 1946 3439 2282 3506; x_wconf 81' lang='lat' dir='ltr'><strong>insequentis</strong></span> <span class='ocrx_word' id='word_1_526' title='bbox 2357 3442 2683 3509; x_wconf 81' lang='lat' dir='ltr'><strong>Olympiadis</strong></span> <span class='ocrx_word' id='word_1_527' title='bbox 2743 3443 3077 3498; x_wconf 83' lang='lat' dir='ltr'><strong>conferunt:</strong></span> <span class='ocrx_word' id='word_1_528' title='bbox 3146 3454 3310 3513; x_wconf 81' lang='lat' dir='ltr'><strong>atque</strong></span> <span class='ocrx_word' id='word_1_529' title='bbox 3382 3447 3526 3501; x_wconf 81' lang='lat' dir='ltr'><strong>hunc</strong></span> 
     </span>
    </p>
   </div>
   <div class='ocr_carea' id='block_1_79' title="bbox 1943 3530 3527 3603">
    <p class='ocr_par' dir='ltr' id='par_1_79' title="bbox 1943 3530 3527 3603">
     <span class='ocr_line' id='line_1_79' title="bbox 1943 3530 3527 3603; baseline 0.005 -23"><span class='ocrx_word' id='word_1_530' title='bbox 1943 3530 2420 3597; x_wconf 68' lang='lat' dir='ltr'><strong>prochronisn‘mm</strong></span> <span class='ocrx_word' id='word_1_531' title='bbox 2449 3531 2694 3600; x_wconf 72' lang='lat' dir='ltr'><strong>Scaliger</strong></span> <span class='ocrx_word' id='word_1_532' title='bbox 2729 3531 2963 3586; x_wconf 84' lang='lat' dir='ltr'><strong>Eusebio</strong></span> <span class='ocrx_word' id='word_1_533' title='bbox 3008 3543 3359 3603; x_wconf 85' lang='lat' dir='ltr'><strong>exproperat.</strong></span> <span class='ocrx_word' id='word_1_534' title='bbox 3382 3535 3527 3589; x_wconf 85' lang='lat' dir='ltr'><strong>Con-</strong></span> 
     </span>
    </p>
   </div>
   <div class='ocr_carea' id='block_1_80' title="bbox 1954 3620 3522 3693">
    <p class='ocr_par' dir='ltr' id='par_1_80' title="bbox 1954 3620 3522 3693">
     <span class='ocr_line' id='line_1_80' title="bbox 1954 3620 3522 3693; baseline 0.005 -18"><span class='ocrx_word' id='word_1_535' title='bbox 1954 3621 2034 3675; x_wconf 84' lang='lat' dir='ltr'><strong>fer</strong></span> <span class='ocrx_word' id='word_1_536' title='bbox 2067 3620 2410 3675; x_wconf 80' lang='lat' dir='ltr'><strong>Paterculum</strong></span> <span class='ocrx_word' id='word_1_537' title='bbox 2445 3622 2586 3676; x_wconf 87' lang='lat' dir='ltr'><strong>lib.l</strong></span> <span class='ocrx_word' id='word_1_538' title='bbox 2632 3638 2752 3693; x_wconf 87' lang='lat' dir='ltr'><strong>cap.</strong></span> <span class='ocrx_word' id='word_1_539' title='bbox 2811 3625 2898 3688; x_wconf 82' lang='grc' dir='ltr'><strong>Η,</strong></span> <span class='ocrx_word' id='word_1_540' title='bbox 2951 3624 3272 3693; x_wconf 83' lang='lat' dir='ltr'><strong>Eutropium</strong></span> <span class='ocrx_word' id='word_1_541' title='bbox 3330 3642 3410 3688; x_wconf 79' lang='lat' dir='ltr'><strong>Iv,</strong></span> <span class='ocrx_word' id='word_1_542' title='bbox 3466 3625 3522 3691; x_wconf 80' lang='grc' dir='ltr'><strong>ϐ,</strong></span> 
     </span>
    </p>
   </div>
   <div class='ocr_carea' id='block_1_81' title="bbox 1939 3711 2548 3775">
    <p class='ocr_par' dir='ltr' id='par_1_81' title="bbox 1939 3711 2548 3775">
     <span class='ocr_line' id='line_1_81' title="bbox 1939 3711 2548 3775; baseline 0.007 -10"><span class='ocrx_word' id='word_1_543' title='bbox 1939 3711 2188 3766; x_wconf 85' lang='lat' dir='ltr'><strong>Orosiutn</strong></span> <span class='ocrx_word' id='word_1_544' title='bbox 2216 3727 2290 3775; x_wconf 76' lang='lat' dir='ltr'><strong>tv,</strong></span> <span class='ocrx_word' id='word_1_545' title='bbox 2315 3714 2406 3775; x_wconf 71' lang='lat'><strong>9.2,</strong></span> <span class='ocrx_word' id='word_1_546' title='bbox 2441 3723 2548 3769; x_wconf 87' lang='lat' dir='ltr'><strong>etc.</strong></span> 
     </span>
    </p>
   </div>
   <div class='ocr_carea' id='block_1_82' title="bbox 2013 3802 3524 3876">
    <p class='ocr_par' dir='ltr' id='par_1_82' title="bbox 2013 3802 3524 3876">
     <span class='ocr_line' id='line_1_82' title="bbox 2013 3802 3524 3876; baseline 0.003 -19"><span class='ocrx_word' id='word_1_547' title='bbox 2013 3802 2150 3858; x_wconf 87' lang='lat' dir='ltr'><strong>Ibid.</strong></span> <span class='ocrx_word' id='word_1_548' title='bbox 2177 3804 2481 3858; x_wconf 73' lang='lat' dir='ltr'><strong>Alexander</strong></span> <span class='ocrx_word' id='word_1_549' title='bbox 2515 3805 2777 3860; x_wconf 80' lang='lat' dir='ltr'><strong>Antiochi.</strong></span> <span class='ocrx_word' id='word_1_550' title='bbox 2806 3806 2982 3876; x_wconf 85' lang='lat' dir='ltr'><strong>Atque</strong></span> <span class='ocrx_word' id='word_1_551' title='bbox 3028 3807 3118 3864; x_wconf 89' lang='lat' dir='ltr'><strong>hic</strong></span> <span class='ocrx_word' id='word_1_552' title='bbox 3169 3806 3368 3864; x_wconf 69' lang='lat' dir='ltr'><strong>infimae</strong></span> <span class='ocrx_word' id='word_1_553' title='bbox 3398 3822 3524 3862; x_wconf 82' lang='lat' dir='ltr'><strong>sor-</strong></span> 
     </span>
    </p>
   </div>
   <div class='ocr_carea' id='block_1_83' title="bbox 1940 3896 3522 3969">
    <p class='ocr_par' dir='ltr' id='par_1_83' title="bbox 1940 3896 3522 3969">
     <span class='ocr_line' id='line_1_83' title="bbox 1940 3896 3522 3969; baseline 0.002 -18"><span class='ocrx_word' id='word_1_554' title='bbox 1940 3897 2010 3951; x_wconf 86' lang='lat' dir='ltr'><strong>tis</strong></span> <span class='ocrx_word' id='word_1_555' title='bbox 2042 3896 2682 3953; x_wconf 73' lang='lat' dir='ltr'><strong>homunculnsAntiot-bi</strong></span> <span class='ocrx_word' id='word_1_556' title='bbox 2737 3899 3030 3969; x_wconf 60' lang='lat' dir='ltr'><strong>lipipbanis</strong></span> <span class='ocrx_word' id='word_1_557' title='bbox 3066 3915 3126 3956; x_wconf 82' lang='lat' dir='ltr'><strong>se</strong></span> <span class='ocrx_word' id='word_1_558' title='bbox 3161 3901 3330 3954; x_wconf 87' lang='lat' dir='ltr'><strong>lilium</strong></span> <span class='ocrx_word' id='word_1_559' title='bbox 3369 3915 3522 3954; x_wconf 77' lang='lat' dir='ltr'><strong>men-</strong></span> 
     </span>
    </p>
   </div>
   <div class='ocr_carea' id='block_1_84' title="bbox 1939 3988 3518 4059">
    <p class='ocr_par' dir='ltr' id='par_1_84' title="bbox 1939 3988 3518 4059">
     <span class='ocr_line' id='line_1_84' title="bbox 1939 3988 3518 4059; baseline -0.001 -16"><span class='ocrx_word' id='word_1_560' title='bbox 1939 3988 2094 4052; x_wconf 88' lang='lat' dir='ltr'><strong>titus,</strong></span> <span class='ocrx_word' id='word_1_561' title='bbox 2164 4003 2474 4057; x_wconf 88' lang='lat' dir='ltr'><strong>quanquam</strong></span> <span class='ocrx_word' id='word_1_562' title='bbox 2511 3991 2709 4044; x_wconf 80' lang='lat' dir='ltr'><strong>dicitur</strong></span> <span class='ocrx_word' id='word_1_563' title='bbox 2744 3989 2975 4044; x_wconf 84' lang='lat' dir='ltr'><strong>Eusebio</strong></span> <span class='ocrx_word' id='word_1_564' title='bbox 3029 3991 3083 4046; x_wconf 90' lang='lat' dir='ltr'><strong>in</strong></span> <span class='ocrx_word' id='word_1_565' title='bbox 3139 3989 3389 4059; x_wconf 89' lang='lat' dir='ltr'><strong>opposito</strong></span> <span class='ocrx_word' id='word_1_566' title='bbox 3436 3991 3518 4042; x_wconf 89' lang='lat' dir='ltr'><strong>la-</strong></span> 
     </span>
    </p>
   </div>
   <div class='ocr_carea' id='block_1_85' title="bbox 1938 4080 3515 4149">
    <p class='ocr_par' dir='ltr' id='par_1_85' title="bbox 1938 4080 3515 4149">
     <span class='ocr_line' id='line_1_85' title="bbox 1938 4080 3515 4149; baseline -0.001 -15"><span class='ocrx_word' id='word_1_567' title='bbox 1938 4081 2144 4136; x_wconf 87' lang='lat' dir='ltr'><strong>terculo</strong></span> <span class='ocrx_word' id='word_1_568' title='bbox 2210 4096 2381 4135; x_wconf 81' lang='lat' dir='ltr'><strong>annos</strong></span> <span class='ocrx_word' id='word_1_569' title='bbox 2446 4080 2514 4134; x_wconf 85' lang='grc'>10</span> <span class='ocrx_word' id='word_1_570' title='bbox 2568 4090 2622 4134; x_wconf 86' lang='lat' dir='ltr'><strong>et</strong></span> <span class='ocrx_word' id='word_1_571' title='bbox 2676 4096 2893 4136; x_wconf 81' lang='lat' dir='ltr'><strong>menses</strong></span> <span class='ocrx_word' id='word_1_572' title='bbox 2960 4092 3169 4148; x_wconf 83' lang='lat' dir='ltr'><strong>septem</strong></span> <span class='ocrx_word' id='word_1_573' title='bbox 3229 4080 3515 4149; x_wconf 84' lang='lat' dir='ltr'><strong>imperium</strong></span> 
     </span>
    </p>
   </div>
   <div class='ocr_carea' id='block_1_86' title="bbox 1939 4169 3518 4242">
    <p class='ocr_par' dir='ltr' id='par_1_86' title="bbox 1939 4169 3518 4242">
     <span class='ocr_line' id='line_1_86' title="bbox 1939 4169 3518 4242; baseline 0 -17"><span class='ocrx_word' id='word_1_574' title='bbox 1939 4169 2109 4241; x_wconf 70' lang='lat' dir='ltr'><strong>Syria:</strong></span> <span class='ocrx_word' id='word_1_575' title='bbox 2139 4180 2302 4240; x_wconf 90' lang='lat' dir='ltr'><strong>atque</strong></span> <span class='ocrx_word' id='word_1_576' title='bbox 2331 4172 2468 4225; x_wconf 68' lang='lat' dir='ltr'><strong>Asiae</strong></span> <span class='ocrx_word' id='word_1_577' title='bbox 2498 4173 2760 4233; x_wconf 86' lang='lat' dir='ltr'><strong>tenuisse,</strong></span> <span class='ocrx_word' id='word_1_578' title='bbox 2790 4172 2834 4224; x_wconf 82' lang='lat' dir='ltr'><strong>si</strong></span> <span class='ocrx_word' id='word_1_579' title='bbox 2893 4171 3192 4242; x_wconf 77' lang='lat' dir='ltr'><strong>Joscpbum</strong></span> <span class='ocrx_word' id='word_1_580' title='bbox 3237 4171 3518 4241; x_wconf 89' lang='lat' dir='ltr'><strong>Antiquit.</strong></span> 
     </span>
    </p>
   </div>
   <div class='ocr_carea' id='block_1_87' title="bbox 1934 4262 3514 4332">
    <p class='ocr_par' dir='ltr' id='par_1_87' title="bbox 1934 4262 3514 4332">
     <span class='ocr_line' id='line_1_87' title="bbox 1934 4262 3514 4332; baseline 0 -16"><span class='ocrx_word' id='word_1_581' title='bbox 1934 4262 2030 4317; x_wconf 89' lang='lat' dir='ltr'><strong>lib.</strong></span> <span class='ocrx_word' id='word_1_582' title='bbox 2085 4277 2201 4324; x_wconf 73' lang='grc' dir='ltr'>χιιι,</span> <span class='ocrx_word' id='word_1_583' title='bbox 2257 4277 2379 4332; x_wconf 88' lang='lat' dir='ltr'><strong>cap.</strong></span> <span class='ocrx_word' id='word_1_584' title='bbox 2442 4263 2557 4316; x_wconf 74' lang='grc' dir='ltr'>ὅθι</span> <span class='ocrx_word' id='word_1_585' title='bbox 2591 4262 2654 4325; x_wconf 89' lang='lat'><strong>8,</strong></span> <span class='ocrx_word' id='word_1_586' title='bbox 2709 4262 2928 4324; x_wconf 87' lang='lat' dir='ltr'><strong>audias,</strong></span> <span class='ocrx_word' id='word_1_587' title='bbox 2965 4276 3258 4331; x_wconf 88' lang='lat' dir='ltr'><strong>rerumque</strong></span> <span class='ocrx_word' id='word_1_588' title='bbox 3317 4263 3514 4316; x_wconf 80' lang='lat' dir='ltr'><strong>seriem</strong></span> 
     </span>
    </p>
   </div>
   <div class='ocr_carea' id='block_1_88' title="bbox 1933 4350 3512 4424">
    <p class='ocr_par' dir='ltr' id='par_1_88' title="bbox 1933 4350 3512 4424">
     <span class='ocr_line' id='line_1_88' title="bbox 1933 4350 3512 4424; baseline -0.001 -17"><span class='ocrx_word' id='word_1_589' title='bbox 1933 4363 2168 4424; x_wconf 87' lang='lat' dir='ltr'><strong>spectes,</strong></span> <span class='ocrx_word' id='word_1_590' title='bbox 2197 4367 2335 4422; x_wconf 84' lang='lat' dir='ltr'><strong>quas</strong></span> <span class='ocrx_word' id='word_1_591' title='bbox 2362 4362 2544 4405; x_wconf 89' lang='lat' dir='ltr'><strong>narrat</strong></span> <span class='ocrx_word' id='word_1_592' title='bbox 2575 4350 2821 4406; x_wconf 77' lang='lat' dir='ltr'><strong>Justinus</strong></span> <span class='ocrx_word' id='word_1_593' title='bbox 2854 4352 2951 4412; x_wconf 88' lang='lat' dir='ltr'><strong>lib.</strong></span> <span class='ocrx_word' id='word_1_594' title='bbox 2975 4368 3135 4413; x_wconf 76' lang='lat' dir='ltr'><strong>xxxv,</strong></span> <span class='ocrx_word' id='word_1_595' title='bbox 3166 4366 3286 4418; x_wconf 73' lang='lat' dir='ltr'><strong>cap.</strong></span> <span class='ocrx_word' id='word_1_596' title='bbox 3318 4351 3340 4405; x_wconf 81' lang='grc'><strong>1</strong></span> <span class='ocrx_word' id='word_1_597' title='bbox 3377 4361 3430 4406; x_wconf 90' lang='lat' dir='ltr'><strong>et</strong></span> <span class='ocrx_word' id='word_1_598' title='bbox 3454 4353 3512 4417; x_wconf 76' lang='lat'><strong>9.,</strong></span> 
     </span>
    </p>
   </div>
   <div class='ocr_carea' id='block_1_89' title="bbox 247 4443 3512 4520">
    <p class='ocr_par' dir='ltr' id='par_1_89' title="bbox 247 4443 3512 4520">
     <span class='ocr_line' id='line_1_89' title="bbox 247 4443 3512 4520; baseline -0.002 -16"><span class='ocrx_word' id='word_1_599' title='bbox 247 4452 340 4506; x_wconf 84' lang='lat' dir='ltr'><strong>ille</strong></span> <span class='ocrx_word' id='word_1_600' title='bbox 369 4453 530 4504; x_wconf 88' lang='lat' dir='ltr'><strong>tradit</strong></span> <span class='ocrx_word' id='word_1_601' title='bbox 559 4450 827 4520; x_wconf 81' lang='lat' dir='ltr'><strong>Antiquit.</strong></span> <span class='ocrx_word' id='word_1_602' title='bbox 871 4449 907 4502; x_wconf 94' lang='grc' dir='ltr'><strong>Ι.</strong></span> <span class='ocrx_word' id='word_1_603' title='bbox 962 4466 1056 4516; x_wconf 72' lang='grc' dir='ltr'>λιι,</span> <span class='ocrx_word' id='word_1_604' title='bbox 1107 4465 1156 4505; x_wconf 86' lang='lat' dir='ltr'><strong>c.</strong></span> <span class='ocrx_word' id='word_1_605' title='bbox 1198 4449 1287 4514; x_wconf 90' lang='grc'><strong>17,</strong></span> <span class='ocrx_word' id='word_1_606' title='bbox 1344 4449 1510 4520; x_wconf 89' lang='lat' dir='ltr'><strong>periit</strong></span> <span class='ocrx_word' id='word_1_607' title='bbox 1562 4449 1906 4513; x_wconf 85' lang='lat' dir='ltr'><strong>Alcimus,D</strong></span> <span class='ocrx_word' id='word_1_608' title='bbox 1939 4448 2156 4502; x_wconf 89' lang='lat' dir='ltr'><strong>nonnisi</strong></span> <span class='ocrx_word' id='word_1_609' title='bbox 2234 4461 2408 4500; x_wconf 85' lang='lat' dir='ltr'><strong>annos</strong></span> <span class='ocrx_word' id='word_1_610' title='bbox 2463 4454 2668 4516; x_wconf 83' lang='lat' dir='ltr'><strong>septem</strong></span> <span class='ocrx_word' id='word_1_611' title='bbox 2755 4453 3021 4512; x_wconf 68' lang='lat' dir='ltr'><strong>regnant.</strong></span> <span class='ocrx_word' id='word_1_612' title='bbox 3087 4443 3294 4498; x_wconf 87' lang='lat' dir='ltr'><strong>Dicitur</strong></span> <span class='ocrx_word' id='word_1_613' title='bbox 3345 4443 3512 4512; x_wconf 87' lang='lat' dir='ltr'><strong>paulo</strong></span> 
     </span>
    </p>
   </div>
   <div class='ocr_carea' id='block_1_90' title="bbox 245 4540 1828 4608">
    <p class='ocr_par' dir='ltr' id='par_1_90' title="bbox 245 4540 1828 4608">
     <span class='ocr_line' id='line_1_90' title="bbox 245 4540 1828 4608; baseline 0 -12"><span class='ocrx_word' id='word_1_614' title='bbox 245 4544 536 4597; x_wconf 76' lang='lat' dir='ltr'><strong>advivente</strong></span> <span class='ocrx_word' id='word_1_615' title='bbox 570 4543 747 4596; x_wconf 86' lang='lat' dir='ltr'><strong>adhuc</strong></span> <span class='ocrx_word' id='word_1_616' title='bbox 773 4540 933 4607; x_wconf 82' lang='lat' dir='ltr'><strong>Juda,</strong></span> <span class='ocrx_word' id='word_1_617' title='bbox 968 4552 1131 4608; x_wconf 88' lang='lat' dir='ltr'><strong>atque</strong></span> <span class='ocrx_word' id='word_1_618' title='bbox 1187 4540 1273 4595; x_wconf 88' lang='lat' dir='ltr'><strong>hic</strong></span> <span class='ocrx_word' id='word_1_619' title='bbox 1329 4543 1402 4596; x_wconf 91' lang='lat' dir='ltr'><strong>illi</strong></span> <span class='ocrx_word' id='word_1_620' title='bbox 1457 4542 1730 4597; x_wconf 89' lang='lat' dir='ltr'><strong>successit</strong></span> <span class='ocrx_word' id='word_1_621' title='bbox 1775 4543 1828 4596; x_wconf 92' lang='lat' dir='ltr'><strong>in</strong></span> 
     </span>
    </p>
   </div>
   <div class='ocr_carea' id='block_1_91' title="bbox 243 4634 1831 4708">
    <p class='ocr_par' dir='ltr' id='par_1_91' title="bbox 243 4634 1831 4708">
     <span class='ocr_line' id='line_1_91' title="bbox 243 4634 1831 4708; baseline -0.002 -17"><span class='ocrx_word' id='word_1_622' title='bbox 243 4637 590 4708; x_wconf 77' lang='lat' dir='ltr'><strong>pontiﬁcatu,</strong></span> <span class='ocrx_word' id='word_1_623' title='bbox 623 4645 832 4690; x_wconf 89' lang='lat' dir='ltr'><strong>certum</strong></span> <span class='ocrx_word' id='word_1_624' title='bbox 865 4634 1097 4702; x_wconf 53' lang='lat' dir='ltr'><strong>,aliunde</strong></span> <span class='ocrx_word' id='word_1_625' title='bbox 1135 4643 1241 4699; x_wconf 82' lang='lat' dir='ltr'><strong>est,</strong></span> <span class='ocrx_word' id='word_1_626' title='bbox 1296 4635 1411 4688; x_wconf 90' lang='lat' dir='ltr'><strong>sive</strong></span> <span class='ocrx_word' id='word_1_627' title='bbox 1442 4650 1506 4689; x_wconf 81' lang='lat' dir='ltr'><strong>ex</strong></span> <span class='ocrx_word' id='word_1_628' title='bbox 1541 4634 1561 4688; x_wconf 91' lang='lat' dir='ltr'><strong>l</strong></span> <span class='ocrx_word' id='word_1_629' title='bbox 1614 4634 1831 4688; x_wconf 87' lang='lat' dir='ltr'><strong>Macha-</strong></span> 
     </span>
    </p>
   </div>
   <div class='ocr_carea' id='block_1_92' title="bbox 246 4724 1831 4790">
    <p class='ocr_par' dir='ltr' id='par_1_92' title="bbox 246 4724 1831 4790">
     <span class='ocr_line' id='line_1_92' title="bbox 246 4724 1831 4790; baseline -0.004 -6"><span class='ocrx_word' id='word_1_630' title='bbox 246 4736 416 4784; x_wconf 59' lang='grc' dir='ltr'><strong>υκαι.</strong></span> <span class='ocrx_word' id='word_1_631' title='bbox 461 4745 533 4788; x_wconf 83' lang='lat' dir='ltr'><strong>Ix,</strong></span> <span class='ocrx_word' id='word_1_632' title='bbox 571 4727 661 4790; x_wconf 62' lang='lat'><strong>54,</strong></span> <span class='ocrx_word' id='word_1_633' title='bbox 711 4727 980 4781; x_wconf 88' lang='lat' dir='ltr'><strong>Alcimum</strong></span> <span class='ocrx_word' id='word_1_634' title='bbox 1013 4724 1340 4780; x_wconf 85' lang='lat' dir='ltr'><strong>occubuisse</strong></span> <span class='ocrx_word' id='word_1_635' title='bbox 1390 4740 1535 4779; x_wconf 85' lang='lat' dir='ltr'><strong>anno</strong></span> <span class='ocrx_word' id='word_1_636' title='bbox 1588 4724 1831 4779; x_wconf 82' lang='lat' dir='ltr'><strong>Seleuci-</strong></span> 
     </span>
    </p>
   </div>
   <div class='ocr_carea' id='block_1_93' title="bbox 245 4817 1828 4887">
    <p class='ocr_par' dir='ltr' id='par_1_93' title="bbox 245 4817 1828 4887">
     <span class='ocr_line' id='line_1_93' title="bbox 245 4817 1828 4887; baseline -0.006 -9"><span class='ocrx_word' id='word_1_637' title='bbox 245 4824 440 4878; x_wconf 84' lang='lat' dir='ltr'><strong>darum</strong></span> <span class='ocrx_word' id='word_1_638' title='bbox 497 4822 798 4875; x_wconf 88' lang='lat' dir='ltr'><strong>centesimo</strong></span> <span class='ocrx_word' id='word_1_639' title='bbox 854 4819 1314 4887; x_wconf 58' lang='lat' dir='ltr'><strong>quinquagesimo</strong></span> <span class='ocrx_word' id='word_1_640' title='bbox 1379 4819 1560 4879; x_wconf 89' lang='lat' dir='ltr'><strong>tertio,</strong></span> <span class='ocrx_word' id='word_1_641' title='bbox 1617 4817 1710 4884; x_wconf 91' lang='lat' dir='ltr'><strong>qui</strong></span> <span class='ocrx_word' id='word_1_642' title='bbox 1775 4818 1828 4868; x_wconf 91' lang='lat' dir='ltr'><strong>in</strong></span> 
     </span>
    </p>
   </div>
   <div class='ocr_carea' id='block_1_94' title="bbox 244 4907 1826 4980">
    <p class='ocr_par' dir='ltr' id='par_1_94' title="bbox 244 4907 1826 4980">
     <span class='ocr_line' id='line_1_94' title="bbox 244 4907 1826 4980; baseline -0.004 -14"><span class='ocrx_word' id='word_1_643' title='bbox 244 4911 478 4980; x_wconf 83' lang='lat' dir='ltr'><strong>hujusce</strong></span> <span class='ocrx_word' id='word_1_644' title='bbox 514 4911 716 4980; x_wconf 83' lang='lat' dir='ltr'><strong>olymp.</strong></span> <span class='ocrx_word' id='word_1_645' title='bbox 747 4911 977 4979; x_wconf 90' lang='lat' dir='ltr'><strong>primum</strong></span> <span class='ocrx_word' id='word_1_646' title='bbox 1008 4911 1256 4972; x_wconf 88' lang='lat' dir='ltr'><strong>incurrit,</strong></span> <span class='ocrx_word' id='word_1_647' title='bbox 1307 4917 1560 4976; x_wconf 89' lang='lat' dir='ltr'><strong>recteque</strong></span> <span class='ocrx_word' id='word_1_648' title='bbox 1589 4910 1724 4962; x_wconf 85' lang='lat' dir='ltr'><strong>adeo</strong></span> <span class='ocrx_word' id='word_1_649' title='bbox 1773 4907 1826 4959; x_wconf 90' lang='lat' dir='ltr'><strong>in</strong></span> 
     </span>
    </p>
   </div>
   <div class='ocr_carea' id='block_1_95' title="bbox 243 4995 1829 5071">
    <p class='ocr_par' dir='ltr' id='par_1_95' title="bbox 243 4995 1829 5071">
     <span class='ocr_line' id='line_1_95' title="bbox 243 4995 1829 5071; baseline -0.006 -12"><span class='ocrx_word' id='word_1_650' title='bbox 243 5004 477 5059; x_wconf 88' lang='lat' dir='ltr'><strong>alterum</strong></span> <span class='ocrx_word' id='word_1_651' title='bbox 509 5001 660 5057; x_wconf 76' lang='lat' dir='ltr'><strong>Judae</strong></span> <span class='ocrx_word' id='word_1_652' title='bbox 700 5000 1002 5071; x_wconf 85' lang='lat' dir='ltr'><strong>assumptio</strong></span> <span class='ocrx_word' id='word_1_653' title='bbox 1027 5002 1093 5053; x_wconf 88' lang='lat' dir='ltr'><strong>ab</strong></span> <span class='ocrx_word' id='word_1_654' title='bbox 1123 4999 1358 5054; x_wconf 87' lang='lat' dir='ltr'><strong>Eusebio</strong></span> <span class='ocrx_word' id='word_1_655' title='bbox 1388 4998 1690 5053; x_wconf 89' lang='lat' dir='ltr'><strong>confertur.</strong></span> <span class='ocrx_word' id='word_1_656' title='bbox 1723 4995 1829 5050; x_wconf 83' lang='lat' dir='ltr'><strong>Ve-</strong></span> 
     </span>
    </p>
   </div>
   <div class='ocr_carea' id='block_1_96' title="bbox 243 5089 1828 5158">
    <p class='ocr_par' dir='ltr' id='par_1_96' title="bbox 243 5089 1828 5158">
     <span class='ocr_line' id='line_1_96' title="bbox 243 5089 1828 5158; baseline -0.006 -6"><span class='ocrx_word' id='word_1_657' title='bbox 243 5114 367 5152; x_wconf 87' lang='lat' dir='ltr'><strong>rum</strong></span> <span class='ocrx_word' id='word_1_658' title='bbox 403 5097 704 5151; x_wconf 86' lang='lat' dir='ltr'><strong>decessisse</strong></span> <span class='ocrx_word' id='word_1_659' title='bbox 739 5093 934 5148; x_wconf 83' lang='lat' dir='ltr'><strong>Judam</strong></span> <span class='ocrx_word' id='word_1_660' title='bbox 979 5102 1105 5147; x_wconf 90' lang='lat' dir='ltr'><strong>ante</strong></span> <span class='ocrx_word' id='word_1_661' title='bbox 1147 5093 1442 5158; x_wconf 90' lang='lat' dir='ltr'><strong>Alcimum,</strong></span> <span class='ocrx_word' id='word_1_662' title='bbox 1487 5106 1629 5145; x_wconf 91' lang='lat' dir='ltr'><strong>anno</strong></span> <span class='ocrx_word' id='word_1_663' title='bbox 1677 5089 1828 5145; x_wconf 89' lang='lat' dir='ltr'><strong>scili-</strong></span> 
     </span>
    </p>
   </div>
   <div class='ocr_carea' id='block_1_97' title="bbox 242 5183 1828 5257">
    <p class='ocr_par' dir='ltr' id='par_1_97' title="bbox 242 5183 1828 5257">
     <span class='ocr_line' id='line_1_97' title="bbox 242 5183 1828 5257; baseline -0.006 -13"><span class='ocrx_word' id='word_1_664' title='bbox 242 5199 329 5244; x_wconf 80' lang='lat' dir='ltr'><strong>cet</strong></span> <span class='ocrx_word' id='word_1_665' title='bbox 393 5186 743 5257; x_wconf 65' lang='lat' dir='ltr'><strong>pra‘cedenti,</strong></span> <span class='ocrx_word' id='word_1_666' title='bbox 798 5185 1203 5241; x_wconf 81' lang='lat' dir='ltr'><strong>Seleucidarum</strong></span> <span class='ocrx_word' id='word_1_667' title='bbox 1239 5186 1362 5253; x_wconf 66' lang='grc'><strong>152,</strong></span> <span class='ocrx_word' id='word_1_668' title='bbox 1407 5183 1598 5238; x_wconf 87' lang='lat' dir='ltr'><strong>scribit</strong></span> <span class='ocrx_word' id='word_1_669' title='bbox 1637 5193 1828 5235; x_wconf 88' lang='lat' dir='ltr'><strong>auctor</strong></span> 
     </span>
    </p>
   </div>
   <div class='ocr_carea' id='block_1_98' title="bbox 251 5275 1825 5346">
    <p class='ocr_par' dir='ltr' id='par_1_98' title="bbox 251 5275 1825 5346">
     <span class='ocr_line' id='line_1_98' title="bbox 251 5275 1825 5346; baseline -0.004 -14"><span class='ocrx_word' id='word_1_670' title='bbox 251 5280 412 5346; x_wconf 87' lang='lat' dir='ltr'><strong>primi</strong></span> <span class='ocrx_word' id='word_1_671' title='bbox 467 5279 586 5330; x_wconf 83' lang='lat' dir='ltr'><strong>libri</strong></span> <span class='ocrx_word' id='word_1_672' title='bbox 622 5276 982 5332; x_wconf 61' lang='lat' dir='ltr'><strong>Machabaeor.</strong></span> <span class='ocrx_word' id='word_1_673' title='bbox 1017 5292 1135 5344; x_wconf 85' lang='lat' dir='ltr'><strong>cap.</strong></span> <span class='ocrx_word' id='word_1_674' title='bbox 1170 5292 1246 5342; x_wconf 75' lang='lat' dir='ltr'><strong>ut,</strong></span> <span class='ocrx_word' id='word_1_675' title='bbox 1283 5291 1310 5328; x_wconf 88' lang='lat' dir='ltr'><strong>a</strong></span> <span class='ocrx_word' id='word_1_676' title='bbox 1342 5281 1500 5345; x_wconf 79' lang='lat' dir='ltr'><strong>cujus</strong></span> <span class='ocrx_word' id='word_1_677' title='bbox 1547 5275 1657 5343; x_wconf 88' lang='lat' dir='ltr'><strong>jam</strong></span> <span class='ocrx_word' id='word_1_678' title='bbox 1715 5286 1825 5327; x_wconf 88' lang='lat' dir='ltr'><strong>non</strong></span> 
     </span>
    </p>
   </div>
   <div class='ocr_carea' id='block_1_99' title="bbox 246 5364 1822 5432">
    <p class='ocr_par' dir='ltr' id='par_1_99' title="bbox 246 5364 1822 5432">
     <span class='ocr_line' id='line_1_99' title="bbox 246 5364 1822 5432; baseline -0.004 -12"><span class='ocrx_word' id='word_1_679' title='bbox 246 5368 372 5420; x_wconf 65' lang='lat' dir='ltr'><strong>liee-t</strong></span> <span class='ocrx_word' id='word_1_680' title='bbox 420 5368 520 5420; x_wconf 47' lang='lat' dir='ltr'><strong>title</strong></span> <span class='ocrx_word' id='word_1_681' title='bbox 549 5367 852 5421; x_wconf 87' lang='lat' dir='ltr'><strong>discedere.</strong></span> <span class='ocrx_word' id='word_1_682' title='bbox 912 5366 1145 5419; x_wconf 89' lang='lat' dir='ltr'><strong>Aliunde</strong></span> <span class='ocrx_word' id='word_1_683' title='bbox 1201 5367 1364 5418; x_wconf 80' lang='lat' dir='ltr'><strong>etiam</strong></span> <span class='ocrx_word' id='word_1_684' title='bbox 1432 5364 1682 5432; x_wconf 70' lang='lat' dir='ltr'><strong>colligere</strong></span> <span class='ocrx_word' id='word_1_685' title='bbox 1718 5373 1822 5425; x_wconf 91' lang='lat' dir='ltr'><strong>est,</strong></span> 
     </span>
    </p>
   </div>
   <div class='ocr_carea' id='block_1_100' title="bbox 243 5454 1820 5526">
    <p class='ocr_par' dir='ltr' id='par_1_100' title="bbox 243 5454 1820 5526">
     <span class='ocr_line' id='line_1_100' title="bbox 243 5454 1820 5526; baseline -0.003 -16"><span class='ocrx_word' id='word_1_686' title='bbox 243 5471 500 5526; x_wconf 63' lang='lat' dir='ltr'><strong>peccasse</strong></span> <span class='ocrx_word' id='word_1_687' title='bbox 526 5456 820 5526; x_wconf 84' lang='lat' dir='ltr'><strong>Josepbum</strong></span> <span class='ocrx_word' id='word_1_688' title='bbox 858 5473 871 5509; x_wconf 90' lang='lat'><strong>:</strong></span> <span class='ocrx_word' id='word_1_689' title='bbox 911 5472 1083 5525; x_wconf 86' lang='lat' dir='ltr'><strong>neque</strong></span> <span class='ocrx_word' id='word_1_690' title='bbox 1112 5456 1256 5510; x_wconf 90' lang='lat' dir='ltr'><strong>enim</strong></span> <span class='ocrx_word' id='word_1_691' title='bbox 1321 5455 1421 5510; x_wconf 90' lang='lat' dir='ltr'><strong>sibi</strong></span> <span class='ocrx_word' id='word_1_692' title='bbox 1485 5465 1698 5510; x_wconf 80' lang='lat' dir='ltr'><strong>coastat</strong></span> <span class='ocrx_word' id='word_1_693' title='bbox 1729 5454 1820 5508; x_wconf 92' lang='lat' dir='ltr'><strong>lib.</strong></span> 
     </span>
    </p>
   </div>
   <div class='ocr_carea' id='block_1_101' title="bbox 243 5549 1823 5619">
    <p class='ocr_par' dir='ltr' id='par_1_101' title="bbox 243 5549 1823 5619">
     <span class='ocr_line' id='line_1_101' title="bbox 243 5549 1823 5619; baseline -0.001 -17"><span class='ocrx_word' id='word_1_694' title='bbox 243 5567 340 5609; x_wconf 72' lang='lat' dir='ltr'><strong>xx.</strong></span> <span class='ocrx_word' id='word_1_695' title='bbox 381 5564 500 5619; x_wconf 83' lang='lat' dir='ltr'><strong>cap.</strong></span> <span class='ocrx_word' id='word_1_696' title='bbox 535 5549 745 5610; x_wconf 85' lang='lat' dir='ltr'><strong>ultimo.</strong></span> <span class='ocrx_word' id='word_1_697' title='bbox 792 5559 846 5604; x_wconf 92' lang='lat' dir='ltr'><strong>ct</strong></span> <span class='ocrx_word' id='word_1_698' title='bbox 878 5549 1030 5618; x_wconf 86' lang='lat' dir='ltr'><strong>quasi</strong></span> <span class='ocrx_word' id='word_1_699' title='bbox 1057 5562 1300 5603; x_wconf 89' lang='lat' dir='ltr'><strong>errorem</strong></span> <span class='ocrx_word' id='word_1_700' title='bbox 1333 5549 1444 5617; x_wconf 86' lang='lat' dir='ltr'><strong>ipse</strong></span> <span class='ocrx_word' id='word_1_701' title='bbox 1467 5563 1625 5602; x_wconf 86' lang='lat' dir='ltr'><strong>suum</strong></span> <span class='ocrx_word' id='word_1_702' title='bbox 1655 5561 1823 5615; x_wconf 79' lang='lat' dir='ltr'><strong>agno-</strong></span> 
     </span>
    </p>
   </div>
   <div class='ocr_carea' id='block_1_102' title="bbox 243 5639 1822 5706">
    <p class='ocr_par' dir='ltr' id='par_1_102' title="bbox 243 5639 1822 5706">
     <span class='ocr_line' id='line_1_102' title="bbox 243 5639 1822 5706; baseline -0.002 -12"><span class='ocrx_word' id='word_1_703' title='bbox 243 5643 406 5701; x_wconf 75' lang='lat' dir='ltr'><strong>verit.</strong></span> <span class='ocrx_word' id='word_1_704' title='bbox 442 5646 715 5696; x_wconf 88' lang='lat' dir='ltr'><strong>nemiuem</strong></span> <span class='ocrx_word' id='word_1_705' title='bbox 756 5642 964 5698; x_wconf 86' lang='lat' dir='ltr'><strong>Alcimo</strong></span> <span class='ocrx_word' id='word_1_706' title='bbox 996 5641 1351 5702; x_wconf 82' lang='lat' dir='ltr'><strong>successisse,</strong></span> <span class='ocrx_word' id='word_1_707' title='bbox 1390 5639 1494 5693; x_wconf 90' lang='lat' dir='ltr'><strong>nisi</strong></span> <span class='ocrx_word' id='word_1_708' title='bbox 1555 5648 1676 5706; x_wconf 87' lang='lat' dir='ltr'><strong>post</strong></span> <span class='ocrx_word' id='word_1_709' title='bbox 1711 5653 1822 5694; x_wconf 77' lang='lat' dir='ltr'><strong>se-</strong></span> 
     </span>
    </p>
   </div>
   <div class='ocr_carea' id='block_1_103' title="bbox 242 5730 1818 5803">
    <p class='ocr_par' dir='ltr' id='par_1_103' title="bbox 242 5730 1818 5803">
     <span class='ocr_line' id='line_1_103' title="bbox 242 5730 1818 5803; baseline -0.013 -2"><span class='ocrx_word' id='word_1_710' title='bbox 242 5737 546 5803; x_wconf 68' lang='lat' dir='ltr'><strong>vtennium,</strong></span> <span class='ocrx_word' id='word_1_711' title='bbox 581 5736 790 5790; x_wconf 79' lang='lat' dir='ltr'><strong>scribit.</strong></span> <span class='ocrx_word' id='word_1_712' title='bbox 827 5733 990 5789; x_wconf 84' lang='lat' dir='ltr'><strong>Nobis</strong></span> <span class='ocrx_word' id='word_1_713' title='bbox 1023 5732 1241 5788; x_wconf 89' lang='lat' dir='ltr'><strong>interim</strong></span> <span class='ocrx_word' id='word_1_714' title='bbox 1271 5730 1404 5788; x_wconf 77' lang='lat' dir='ltr'><strong>Satis</strong></span> <span class='ocrx_word' id='word_1_715' title='bbox 1438 5741 1521 5786; x_wconf 72' lang='lat' dir='ltr'><strong>est</strong></span> <span class='ocrx_word' id='word_1_716' title='bbox 1561 5731 1724 5791; x_wconf 85' lang='lat' dir='ltr'><strong>scire.</strong></span> <span class='ocrx_word' id='word_1_717' title='bbox 1754 5743 1818 5783; x_wconf 87' lang='lat' dir='ltr'><strong>ex</strong></span> 
     </span>
    </p>
   </div>
   <div class='ocr_carea' id='block_1_104' title="bbox 1934 4535 3513 4609">
    <p class='ocr_par' dir='ltr' id='par_1_104' title="bbox 1934 4535 3513 4609">
     <span class='ocr_line' id='line_1_104' title="bbox 1934 4535 3513 4609; baseline -0.004 -16"><span class='ocrx_word' id='word_1_718' title='bbox 1934 4549 2056 4609; x_wconf 90' lang='lat' dir='ltr'><strong>post</strong></span> <span class='ocrx_word' id='word_1_719' title='bbox 2085 4539 2186 4608; x_wconf 90' lang='lat' dir='ltr'><strong>ipsi</strong></span> <span class='ocrx_word' id='word_1_720' title='bbox 2211 4537 2446 4594; x_wconf 86' lang='lat' dir='ltr'><strong>Eusebio</strong></span> <span class='ocrx_word' id='word_1_721' title='bbox 2476 4539 2620 4607; x_wconf 74' lang='lat' dir='ltr'><strong>[ilius</strong></span> <span class='ocrx_word' id='word_1_722' title='bbox 2642 4536 2814 4602; x_wconf 75' lang='lat' dir='ltr'><strong>Balte,</strong></span> <span class='ocrx_word' id='word_1_723' title='bbox 2835 4546 2890 4591; x_wconf 90' lang='lat' dir='ltr'><strong>et</strong></span> <span class='ocrx_word' id='word_1_724' title='bbox 2928 4535 3184 4593; x_wconf 86' lang='lat' dir='ltr'><strong>Straboni</strong></span> <span class='ocrx_word' id='word_1_725' title='bbox 3216 4536 3312 4590; x_wconf 87' lang='lat' dir='ltr'><strong>lib.</strong></span> <span class='ocrx_word' id='word_1_726' title='bbox 3332 4551 3444 4600; x_wconf 74' lang='lat' dir='ltr'><strong>xvr,</strong></span> <span class='ocrx_word' id='word_1_727' title='bbox 3481 4537 3513 4587; x_wconf 80' lang='grc' dir='ltr'><strong><em>ὸ</em></strong></span> 
     </span>
    </p>
   </div>
   <div class='ocr_carea' id='block_1_105' title="bbox 1934 4624 3514 4700">
    <p class='ocr_par' dir='ltr' id='par_1_105' title="bbox 1934 4624 3514 4700">
     <span class='ocr_line' id='line_1_105' title="bbox 1934 4624 3514 4700; baseline -0.002 -19"><span class='ocrx_word' id='word_1_728' title='bbox 1934 4631 2113 4692; x_wconf 80' lang='grc' dir='ltr'><strong>Βάλας</strong></span> <span class='ocrx_word' id='word_1_729' title='bbox 2171 4629 2546 4700; x_wconf 69' lang='grc' dir='ltr'><strong>Ἀλέξανδρος.</strong></span> <span class='ocrx_word' id='word_1_730' title='bbox 2595 4630 2648 4681; x_wconf 89' lang='lat' dir='ltr'><strong>in</strong></span> <span class='ocrx_word' id='word_1_731' title='bbox 2705 4626 2987 4696; x_wconf 84' lang='lat' dir='ltr'><strong>Excerptis</strong></span> <span class='ocrx_word' id='word_1_732' title='bbox 3048 4624 3435 4694; x_wconf 69' lang='lat' dir='ltr'><strong>Scaligerianis</strong></span> <span class='ocrx_word' id='word_1_733' title='bbox 3482 4625 3514 4678; x_wconf 81' lang='grc' dir='ltr'><strong>ὁ</strong></span> 
     </span>
    </p>
   </div>
   <div class='ocr_carea' id='block_1_106' title="bbox 1934 4717 3511 4791">
    <p class='ocr_par' dir='ltr' id='par_1_106' title="bbox 1934 4717 3511 4791">
     <span class='ocr_line' id='line_1_106' title="bbox 1934 4717 3511 4791; baseline -0.003 -19"><span class='ocrx_word' id='word_1_734' title='bbox 1934 4721 2082 4774; x_wconf 78' lang='grc' dir='ltr'><strong>Βάλα</strong></span> <span class='ocrx_word' id='word_1_735' title='bbox 2117 4759 2132 4785; x_wconf 87' lang='grc'><strong><em>,</em></strong></span> <span class='ocrx_word' id='word_1_736' title='bbox 2161 4721 2458 4791; x_wconf 72' lang='grc' dir='ltr'><strong>ιιοεθριιοὸ</strong></span> <span class='ocrx_word' id='word_1_737' title='bbox 2510 4720 2743 4787; x_wconf 74' lang='grc' dir='ltr'><strong>Βάλλης.</strong></span> <span class='ocrx_word' id='word_1_738' title='bbox 2809 4718 3078 4772; x_wconf 62' lang='grc' dir='ltr'>Οωιετιιιιι</span> <span class='ocrx_word' id='word_1_739' title='bbox 3146 4717 3360 4770; x_wconf 87' lang='lat' dir='ltr'><strong>videtur</strong></span> <span class='ocrx_word' id='word_1_740' title='bbox 3410 4717 3511 4769; x_wconf 86' lang='lat' dir='ltr'><strong>du-</strong></span> 
     </span>
    </p>
   </div>
   <div class='ocr_carea' id='block_1_107' title="bbox 1933 4807 3510 4880">
    <p class='ocr_par' dir='ltr' id='par_1_107' title="bbox 1933 4807 3510 4880">
     <span class='ocr_line' id='line_1_107' title="bbox 1933 4807 3510 4880; baseline -0.003 -14"><span class='ocrx_word' id='word_1_741' title='bbox 1933 4813 2148 4880; x_wconf 87' lang='lat' dir='ltr'><strong>pliciter</strong></span> <span class='ocrx_word' id='word_1_742' title='bbox 2169 4822 2392 4880; x_wconf 79' lang='lat' dir='ltr'><strong>peceare</strong></span> <span class='ocrx_word' id='word_1_743' title='bbox 2412 4811 2698 4872; x_wconf 79' lang='lat' dir='ltr'><strong>Eusebius,</strong></span> <span class='ocrx_word' id='word_1_744' title='bbox 2721 4808 2865 4875; x_wconf 88' lang='lat' dir='ltr'><strong>quod</strong></span> <span class='ocrx_word' id='word_1_745' title='bbox 2885 4817 2939 4860; x_wconf 91' lang='lat' dir='ltr'><strong>et</strong></span> <span class='ocrx_word' id='word_1_746' title='bbox 2969 4807 3242 4875; x_wconf 71' lang='lat' dir='ltr'><strong>Scaligero</strong></span> <span class='ocrx_word' id='word_1_747' title='bbox 3265 4815 3510 4861; x_wconf 88' lang='lat' dir='ltr'><strong>notatum</strong></span> 
     </span>
    </p>
   </div>
   <div class='ocr_carea' id='block_1_108' title="bbox 1932 4895 3510 4967">
    <p class='ocr_par' dir='ltr' id='par_1_108' title="bbox 1932 4895 3510 4967">
     <span class='ocr_line' id='line_1_108' title="bbox 1932 4895 3510 4967; baseline -0.006 -10"><span class='ocrx_word' id='word_1_748' title='bbox 1932 4913 2038 4967; x_wconf 87' lang='lat' dir='ltr'><strong>est,</strong></span> <span class='ocrx_word' id='word_1_749' title='bbox 2075 4902 2517 4962; x_wconf 83' lang='lat' dir='ltr'><strong>anachronismo,</strong></span> <span class='ocrx_word' id='word_1_750' title='bbox 2542 4907 2599 4952; x_wconf 90' lang='lat' dir='ltr'><strong>et</strong></span> <span class='ocrx_word' id='word_1_751' title='bbox 2631 4897 3016 4967; x_wconf 75' lang='grc' dir='ltr'><strong>ἁνιστορησίᾳ.</strong></span> <span class='ocrx_word' id='word_1_752' title='bbox 3049 4895 3122 4950; x_wconf 78' lang='lat' dir='ltr'><strong>Es</strong></span> <span class='ocrx_word' id='word_1_753' title='bbox 3161 4897 3300 4950; x_wconf 89' lang='lat' dir='ltr'><strong>libro</strong></span> <span class='ocrx_word' id='word_1_754' title='bbox 3339 4897 3510 4964; x_wconf 81' lang='lat' dir='ltr'><strong>siqni-</strong></span> 
     </span>
    </p>
   </div>
   <div class='ocr_carea' id='block_1_109' title="bbox 1933 4986 3507 5056">
    <p class='ocr_par' dir='ltr' id='par_1_109' title="bbox 1933 4986 3507 5056">
     <span class='ocr_line' id='line_1_109' title="bbox 1933 4986 3507 5056; baseline -0.004 -8"><span class='ocrx_word' id='word_1_755' title='bbox 1933 4995 2055 5048; x_wconf 88' lang='lat' dir='ltr'><strong>detn</strong></span> <span class='ocrx_word' id='word_1_756' title='bbox 2083 4992 2101 5045; x_wconf 96' lang='lat' dir='ltr'><strong>l</strong></span> <span class='ocrx_word' id='word_1_757' title='bbox 2127 4991 2482 5044; x_wconf 70' lang='lat' dir='ltr'><strong>Marbabteor.</strong></span> <span class='ocrx_word' id='word_1_758' title='bbox 2511 5003 2634 5055; x_wconf 88' lang='lat' dir='ltr'><strong>cap.</strong></span> <span class='ocrx_word' id='word_1_759' title='bbox 2679 5003 2735 5051; x_wconf 71' lang='grc' dir='ltr'>ι,</span> <span class='ocrx_word' id='word_1_760' title='bbox 2769 4997 2821 5040; x_wconf 86' lang='lat' dir='ltr'><strong>et</strong></span> <span class='ocrx_word' id='word_1_761' title='bbox 2843 4986 3083 5056; x_wconf 78' lang='lat' dir='ltr'><strong>Joscpbo</strong></span> <span class='ocrx_word' id='word_1_762' title='bbox 3109 4987 3374 5056; x_wconf 87' lang='lat' dir='ltr'><strong>Antiquit.</strong></span> <span class='ocrx_word' id='word_1_763' title='bbox 3410 4989 3507 5042; x_wconf 86' lang='lat' dir='ltr'><strong>lib.</strong></span> 
     </span>
    </p>
   </div>
   <div class='ocr_carea' id='block_1_110' title="bbox 1932 5079 3506 5153">
    <p class='ocr_par' dir='ltr' id='par_1_110' title="bbox 1932 5079 3506 5153">
     <span class='ocr_line' id='line_1_110' title="bbox 1932 5079 3506 5153; baseline -0.006 -14"><span class='ocrx_word' id='word_1_764' title='bbox 1932 5101 2045 5144; x_wconf 72' lang='grc' dir='ltr'>χιιι,</span> <span class='ocrx_word' id='word_1_765' title='bbox 2070 5100 2209 5153; x_wconf 87' lang='lat' dir='ltr'><strong>capp</strong></span> <span class='ocrx_word' id='word_1_766' title='bbox 2231 5085 2260 5137; x_wconf 78' lang='grc' dir='ltr'><strong>ι</strong></span> <span class='ocrx_word' id='word_1_767' title='bbox 2274 5094 2328 5136; x_wconf 78' lang='lat' dir='ltr'><strong>et</strong></span> <span class='ocrx_word' id='word_1_768' title='bbox 2346 5081 2673 5149; x_wconf 72' lang='lat' dir='ltr'><strong>5,colligene</strong></span> <span class='ocrx_word' id='word_1_769' title='bbox 2693 5088 2797 5143; x_wconf 85' lang='lat' dir='ltr'><strong>cst,</strong></span> <span class='ocrx_word' id='word_1_770' title='bbox 2815 5081 3005 5134; x_wconf 86' lang='lat' dir='ltr'><strong>eodem</strong></span> <span class='ocrx_word' id='word_1_771' title='bbox 3030 5094 3174 5134; x_wconf 89' lang='lat' dir='ltr'><strong>anno</strong></span> <span class='ocrx_word' id='word_1_772' title='bbox 3193 5079 3506 5150; x_wconf 82' lang='lat' dir='ltr'><strong>(olympiad.</strong></span> 
     </span>
    </p>
   </div>
   <div class='ocr_carea' id='block_1_111' title="bbox 1932 5169 3504 5241">
    <p class='ocr_par' dir='ltr' id='par_1_111' title="bbox 1932 5169 3504 5241">
     <span class='ocr_line' id='line_1_111' title="bbox 1932 5169 3504 5241; baseline -0.008 -13"><span class='ocrx_word' id='word_1_773' title='bbox 1932 5174 2034 5228; x_wconf 82' lang='grc'><strong>156</strong></span> <span class='ocrx_word' id='word_1_774' title='bbox 2063 5173 2276 5241; x_wconf 90' lang='lat' dir='ltr'><strong>ultimo)</strong></span> <span class='ocrx_word' id='word_1_775' title='bbox 2323 5170 2553 5225; x_wconf 84' lang='lat' dir='ltr'><strong>delatum</strong></span> <span class='ocrx_word' id='word_1_776' title='bbox 2586 5170 2977 5223; x_wconf 82' lang='lat' dir='ltr'><strong>abAlexandro</strong></span> <span class='ocrx_word' id='word_1_777' title='bbox 3013 5169 3382 5238; x_wconf 85' lang='lat' dir='ltr'><strong>pontificatum</strong></span> <span class='ocrx_word' id='word_1_778' title='bbox 3413 5169 3504 5219; x_wconf 68' lang='grc' dir='ltr'>,Ιιισ</span> 
     </span>
    </p>
   </div>
   <div class='ocr_carea' id='block_1_112' title="bbox 1933 5261 3500 5331">
    <p class='ocr_par' dir='ltr' id='par_1_112' title="bbox 1933 5261 3500 5331">
     <span class='ocr_line' id='line_1_112' title="bbox 1933 5261 3500 5331; baseline -0.008 -11"><span class='ocrx_word' id='word_1_779' title='bbox 1933 5266 2183 5327; x_wconf 88' lang='lat' dir='ltr'><strong>natbani,</strong></span> <span class='ocrx_word' id='word_1_780' title='bbox 2217 5264 2547 5331; x_wconf 72' lang='lat' dir='ltr'><strong>missumque</strong></span> <span class='ocrx_word' id='word_1_781' title='bbox 2607 5261 2800 5315; x_wconf 82' lang='lat' dir='ltr'><strong>stolam</strong></span> <span class='ocrx_word' id='word_1_782' title='bbox 2844 5276 3172 5330; x_wconf 87' lang='lat' dir='ltr'><strong>purpuream</strong></span> <span class='ocrx_word' id='word_1_783' title='bbox 3223 5267 3280 5312; x_wconf 89' lang='lat' dir='ltr'><strong>et</strong></span> <span class='ocrx_word' id='word_1_784' title='bbox 3347 5271 3500 5310; x_wconf 87' lang='lat' dir='ltr'><strong>corn-</strong></span> 
     </span>
    </p>
   </div>
   <div class='ocr_carea' id='block_1_113' title="bbox 1928 5349 3502 5420">
    <p class='ocr_par' dir='ltr' id='par_1_113' title="bbox 1928 5349 3502 5420">
     <span class='ocr_line' id='line_1_113' title="bbox 1928 5349 3502 5420; baseline -0.01 -7"><span class='ocrx_word' id='word_1_785' title='bbox 1928 5373 2056 5414; x_wconf 87' lang='lat' dir='ltr'><strong>nam</strong></span> <span class='ocrx_word' id='word_1_786' title='bbox 2095 5371 2356 5410; x_wconf 88' lang='lat' dir='ltr'><strong>auream:</strong></span> <span class='ocrx_word' id='word_1_787' title='bbox 2391 5365 2440 5408; x_wconf 91' lang='lat' dir='ltr'><strong>et</strong></span> <span class='ocrx_word' id='word_1_788' title='bbox 2493 5353 2685 5407; x_wconf 86' lang='lat' dir='ltr'><strong>stolam</strong></span> <span class='ocrx_word' id='word_1_789' title='bbox 2726 5353 2942 5420; x_wconf 85' lang='lat' dir='ltr'><strong>quidem</strong></span> <span class='ocrx_word' id='word_1_790' title='bbox 2997 5350 3336 5418; x_wconf 79' lang='lat' dir='ltr'><strong>pontificiam</strong></span> <span class='ocrx_word' id='word_1_791' title='bbox 3382 5349 3502 5403; x_wconf 65' lang='lat' dir='ltr'><strong>inso</strong></span> 
     </span>
    </p>
   </div>
   <div class='ocr_carea' id='block_1_114' title="bbox 1927 5440 3494 5518">
    <p class='ocr_par' dir='ltr' id='par_1_114' title="bbox 1927 5440 3494 5518">
     <span class='ocr_line' id='line_1_114' title="bbox 1927 5440 3494 5518; baseline -0.008 -11"><span class='ocrx_word' id='word_1_792' title='bbox 1927 5447 2278 5518; x_wconf 75' lang='lat' dir='ltr'><strong>ScenOpegiae</strong></span> <span class='ocrx_word' id='word_1_793' title='bbox 2307 5445 2442 5502; x_wconf 88' lang='lat' dir='ltr'><strong>festo</strong></span> <span class='ocrx_word' id='word_1_794' title='bbox 2465 5445 2581 5514; x_wconf 84' lang='lat' dir='ltr'><strong>ejus</strong></span> <span class='ocrx_word' id='word_1_795' title='bbox 2632 5444 2760 5499; x_wconf 86' lang='lat' dir='ltr'><strong>anni</strong></span> <span class='ocrx_word' id='word_1_796' title='bbox 2793 5443 3158 5499; x_wconf 75' lang='lat' dir='ltr'><strong>Jonatlianem</strong></span> <span class='ocrx_word' id='word_1_797' title='bbox 3230 5440 3494 5494; x_wconf 71' lang='lat' dir='ltr'><strong>induisse.</strong></span> 
     </span>
    </p>
   </div>
   <div class='ocr_carea' id='block_1_115' title="bbox 1998 5530 3493 5604">
    <p class='ocr_par' dir='ltr' id='par_1_115' title="bbox 1998 5530 3493 5604">
     <span class='ocr_line' id='line_1_115' title="bbox 1998 5530 3493 5604; baseline -0.01 -7"><span class='ocrx_word' id='word_1_798' title='bbox 1998 5540 2133 5597; x_wconf 89' lang='lat' dir='ltr'><strong>Ibid.</strong></span> <span class='ocrx_word' id='word_1_799' title='bbox 2173 5537 2407 5593; x_wconf 82' lang='lat' dir='ltr'><strong>Lucilius</strong></span> <span class='ocrx_word' id='word_1_800' title='bbox 2437 5545 2591 5604; x_wconf 83' lang='lat' dir='ltr'><strong>poeta</strong></span> <span class='ocrx_word' id='word_1_801' title='bbox 2632 5537 2888 5589; x_wconf 80' lang='lat' dir='ltr'><strong>nascitur.</strong></span> <span class='ocrx_word' id='word_1_802' title='bbox 2927 5530 3354 5587; x_wconf 76' lang='lat' dir='ltr'><strong>Rescribt-ndnm</strong></span> <span class='ocrx_word' id='word_1_803' title='bbox 3389 5533 3493 5582; x_wconf 87' lang='lat' dir='ltr'><strong>lor-</strong></span> 
     </span>
    </p>
   </div>
   <div class='ocr_carea' id='block_1_116' title="bbox 1928 5621 3490 5695">
    <p class='ocr_par' dir='ltr' id='par_1_116' title="bbox 1928 5621 3490 5695">
     <span class='ocr_line' id='line_1_116' title="bbox 1928 5621 3490 5695; baseline -0.012 -7"><span class='ocrx_word' id='word_1_804' title='bbox 1928 5642 2073 5688; x_wconf 82' lang='lat' dir='ltr'><strong>tasse</strong></span> <span class='ocrx_word' id='word_1_805' title='bbox 2127 5640 2212 5685; x_wconf 83' lang='lat' dir='ltr'><strong>est</strong></span> <span class='ocrx_word' id='word_1_806' title='bbox 2245 5631 2481 5684; x_wconf 83' lang='lat' dir='ltr'><strong>noscitur</strong></span> <span class='ocrx_word' id='word_1_807' title='bbox 2506 5669 2521 5694; x_wconf 89' lang='lat'><strong>,</strong></span> <span class='ocrx_word' id='word_1_808' title='bbox 2568 5628 2682 5682; x_wconf 78' lang='lat' dir='ltr'><strong>sive</strong></span> <span class='ocrx_word' id='word_1_809' title='bbox 2716 5625 3040 5695; x_wconf 80' lang='lat' dir='ltr'><strong>agnoscitur,</strong></span> <span class='ocrx_word' id='word_1_810' title='bbox 3075 5624 3132 5691; x_wconf 82' lang='lat' dir='ltr'><strong>si</strong></span> <span class='ocrx_word' id='word_1_811' title='bbox 3173 5621 3314 5690; x_wconf 83' lang='lat' dir='ltr'><strong>quod</strong></span> <span class='ocrx_word' id='word_1_812' title='bbox 3373 5621 3490 5672; x_wconf 77' lang='lat' dir='ltr'><strong>Vel-</strong></span> 
     </span>
    </p>
   </div>
   <div class='ocr_carea' id='block_1_117' title="bbox 1923 5711 3489 5786">
    <p class='ocr_par' dir='ltr' id='par_1_117' title="bbox 1923 5711 3489 5786">
     <span class='ocr_line' id='line_1_117' title="bbox 1923 5711 3489 5786; baseline -0.011 -6"><span class='ocrx_word' id='word_1_813' title='bbox 1923 5725 2060 5780; x_wconf 83' lang='lat' dir='ltr'><strong>icius</strong></span> <span class='ocrx_word' id='word_1_814' title='bbox 2094 5723 2256 5777; x_wconf 83' lang='lat' dir='ltr'><strong>tradit</strong></span> <span class='ocrx_word' id='word_1_815' title='bbox 2281 5722 2374 5777; x_wconf 89' lang='lat' dir='ltr'><strong>lib.</strong></span> <span class='ocrx_word' id='word_1_816' title='bbox 2401 5737 2475 5784; x_wconf 74' lang='grc' dir='ltr'>ιι,</span> <span class='ocrx_word' id='word_1_817' title='bbox 2499 5735 2548 5774; x_wconf 86' lang='lat' dir='ltr'><strong>c.</strong></span> <span class='ocrx_word' id='word_1_818' title='bbox 2581 5718 2636 5786; x_wconf 88' lang='lat'><strong>9,</strong></span> <span class='ocrx_word' id='word_1_819' title='bbox 2659 5731 2846 5772; x_wconf 76' lang='lat' dir='ltr'><strong>verum</strong></span> <span class='ocrx_word' id='word_1_820' title='bbox 2876 5723 2980 5777; x_wconf 84' lang='lat' dir='ltr'><strong>est,</strong></span> <span class='ocrx_word' id='word_1_821' title='bbox 3010 5712 3272 5767; x_wconf 76' lang='lat' dir='ltr'><strong>Lucilium</strong></span> <span class='ocrx_word' id='word_1_822' title='bbox 3307 5711 3401 5764; x_wconf 83' lang='lat' dir='ltr'><strong>sub</strong></span> <span class='ocrx_word' id='word_1_823' title='bbox 3431 5711 3489 5764; x_wconf 86' lang='lat' dir='ltr'><strong>P.</strong></span> 
     </span>
    </p>
   </div>
  </div>
