4014 6196
1829 168 1867 183 ω

578 306 692 384 995

1866 298 2277 378 ‘VALLAttsn
2312 294 2595 378 nomen
3108 317 3120 328 ’
3636 310 3716 388 ωδ

577 415 988 501 θιίρὶοπιιὺἀιο
1022 423 1354 483 Numantino
1410 427 1633 499 equitem
1676 424 1947 483 meruisse.
1999 429 2150 483 Alias
2180 434 2221 489 Α
2254 440 2345 479 rex
2379 427 2597 489 dicitur,
2647 426 2828 478 minus
2857 436 3000 477 vere.
3036 423 3151 479 Mox
3197 424 3249 478 in
3278 424 3389 491 aliis
3410 426 3631 501 plerisque
3665 448 3723 488 est

582 524 808 579 minime
833 537 928 593 par
957 530 1042 577 est
1058 520 1285 576 credere
1307 523 1475 588 juxta.
1504 520 1725 575 Eusebii
1745 520 2035 589 ipsiusmet
2059 535 2150 574 ra-

581 618 779 683 tiones,
810 629 939 670 eum
960 613 1065 684 Qui
1091 624 1301 669 sextum
1331 627 1536 667 annum
1592 614 1813 667 vixdum
1854 614 2148 682 attigisset,

578 719 726 776 equo
756 720 968 761 merere
1023 706 1302 774 potuisse:
1351 703 1545 775 Scipio
1590 705 1736 760 enim
1785 703 2151 760 Numantinos

578 796 921 853 subvenisse
963 795 1224 850 scribitur
1262 805 1418 851 sexto
1440 796 1518 850 ab
1576 795 1683 850 hoc
1728 811 1981 852 nmo.
2043 796 2152 851 Sed

578 904 756 959 neque
797 890 955 960 juxta
1001 890 1235 943 aliorum
1296 901 1580 943 anulorum
1626 888 1893 955 calculos,
1947 888 1990 943 si
2048 889 2157 944 hoc

577 996 727 1036 anno
759 981 1002 1036 Lucilius
1033 988 1196 1034 tratus
1227 989 1332 1041 est,
1362 989 1418 1034 et
1439 980 1780 1051 pubertatem
1814 981 1900 1034 vix
1933 980 2152 1042 inierat,

578 1087 705 1126 cum
734 1073 795 1127 P.
830 1072 1018 1141 Scipio
1073 1070 1461 1125 Numantinum
1524 1072 1725 1126 bellum
1785 1072 1971 1141 gessit.
2019 1072 2156 1126 satis

579 1163 892 1217 verosimile
920 1170 1025 1226 est,
1069 1164 1212 1215 inter
1252 1161 1485 1229 equites,
1543 1177 1610 1217 eo
1655 1163 2008 1233 imperatore,
2061 1163 2158 1216 sti-

580 1254 777 1319 pendia
798 1253 1015 1307 fecisse.
1042 1251 1174 1308 Vide
1199 1251 1405 1305 Horatii
1454 1252 1811 1309 Srholiastem
1849 1254 1998 1308 lib.u
2031 1253 2158 1307 Ser-

581 1344 1026 1412 mon.,cclog.l,
1092 1341 1368 1405 vet-8-75.
1432 1329 1719 1413 Perperam
1773 1345 1827 1399 in
1880 1343 2159 1399 Parmensi

580 1450 685 1489 ms.
719 1434 972 1488 Lucullus
1043 1446 1127 1490 est
1164 1452 1261 1507 pro
1295 1437 1554 1494 Lucilius.
1956 1498 1967 1503 ,
2026 1472 2029 1473 ν

646 1528 763 1580 Col.
791 1527 914 1582 M9.
941 1527 1144 1597 Oppius
1170 1526 1351 1582 Gallos
1394 1530 1557 1595 capit.
1603 1527 1707 1582 Pro
1770 1526 1972 1596 Oppius
2011 1531 2164 1580 notat

582 1611 1073 1670 Scburzfleischius
1104 1616 1208 1685 legi
1246 1619 1299 1670 in
1336 1618 1513 1687 primo
1560 1615 1733 1670 l’alat.
1758 1630 1864 1670 tus.
1897 1615 2160 1680 Optinius,

575 1700 632 1758 in
662 1715 860 1774 quarto
885 1706 1185 1776 Oppimius.
1219 1707 1352 1763 Cum
1379 1718 1559 1762 tamen
1584 1711 1657 1762 sit
1678 1706 1851 1761 etiam
1893 1709 1945 1761 in
1968 1704 2159 1760 Graeco

2260 517 2647 586 Spartiatibus,
2678 531 2777 585 pro
2813 503 3120 581 Spartiatis.

2329 608 2464 661 Ibid.
2495 593 2794 660 Alexandro
2828 590 2975 660 Balre
3022 606 3147 675 regi,
3176 616 3273 659 etc.
3316 596 3418 662 lino
3433 592 3579 664 Palat.
3613 618 3724 676 nm.

2257 708 2395 754 teste
2447 686 2932 763 sciturzllciscltio,
2981 696 3272 753 Plrilobnlie
3334 685 3727 768 prmlerunt,'cur-

2260 794 2418 856 rupt'e
2466 805 2483 852 ;
2541 790 2684 843 filius
2762 789 2909 843 enim
2980 777 3154 853 Bthe,
3224 798 3278 842 ut
3334 793 3553 857 superius
3609 790 3726 844 nota-

2261 887 2372 932 tum
2433 889 2539 943 est,
2584 868 2907 958 habebatur,
2960 877 3445 946 tatnetsiﬁ‘ntioehi
3500 879 3727 951 Epiplra'nis

2258 985 2317 1023 se
2372 960 2545 1025 filium
2600 966 2922 1024 mentiretur
2961 971 3178 1041 ignotus
3233 970 3331 1025 iste
3379 971 3522 1039 a'que
3564 976 3728 1027 incerte

2259 1060 2445 1128 stirpis
2469 1061 2655 1115 homo.
2710 1049 2771 1115 lu
2822 1060 3082 1124 nummis,
3131 1064 3272 1130 quod
3310 1062 3424 1116 item
3471 1054 3727 1119 Seliurzllei-

2259 1154 2445 1207 scbius
2476 1162 2650 1217 notat,
2709 1153 3011 1224 Saepissime
3050 1150 3272 1222 vocatur
3312 1138 3643 1219 GEOIlA'l‘th,
3681 1158 3728 1208 de

2261 1253 2370 1313 quo
2414 1240 2736 1308 cognomine
2790 1241 2943 1309 plura
3000 1238 3300 1297 llarduinus
3346 1243 3397 1295 in
3449 1243 3728 1315 Cbronolngia

2262 1324 2385 1399 Yet.
2434 1329 2582 1385 Test.
2619 1329 2739 1402 pag.
2772 1330 2900 1388 210.
2934 1325 3218 1404 Significat
3257 1326 3435 1389 Latine
3480 1336 3729 1389 vocabulum

2263 1406 2513 1505 illudi/is
2543 1427 2797 1494 genitura,
2832 1441 2940 1505 qua
2989 1427 3056 1482 de
3111 1443 3168 1484 re
3216 1427 3425 1497 coniicit
3464 1422 3732 1496 legendarum

2261 1506 2363 1581 τςρῢ
2396 1502 2570 1581 Βαὰλ,
2627 1516 2709 1571 vel
2766 1502 2976 1582 Bantia,
3035 1526 3095 1570 ιιι
3150 1516 3415 1588 Syriacum
3461 1520 3622 1571 nomen
3667 1522 3736 1586 pio

2250 1588 2451 1658 Graeco
2493 1608 2730 1675 pesitum
2808 1618 3115 1679 repetetur.
3176 1609 3466 1674 Cmterur‘n,
3512 1605 3655 1678 inquit
3696 1610 3731 1660 in

2266 1692 2426 1749 Curis
2446 1699 2863 1765 posterioribus,
2917 1700 2945 1752 ὁ
2979 1690 3157 1762 Βάλας
3208 1699 3363 1753 etiam
3408 1713 3576 1751 nomen
3607 1695 3734 1751 Perse

577 1798 845 1861 Ὄππιος,
873 1799 1054 1854 mallet
1083 1800 1200 1868 ipse
1231 1799 1461 1854 rescribi
1513 1798 1743 1861 Λούκιος
1800 1796 2155 1868 (Λούκουλλος

2212 1778 2229 1833 l
2258 1798 2382 1841 cum
2414 1796 2518 1849 est.
2545 1805 2652 1858 quo
2705 1805 2890 1861 regem
2925 1791 3234 1861 signabant.
3274 1784 3397 1844 Vizle
3435 1782 3600 1843 Thom.
3649 1788 3732 1841 itei-

576 1891 727 1956 puta)
764 1901 819 1943 et.
852 1889 1203 1960 Κελτίϐηρας
1265 1904 1363 1960 pro
1419 1890 1690 1955 Κελτούςς
1753 1906 1876 1944 nam
1917 1889 2160 1960 Opimius

579 1989 698 2047 p‘usl
728 1979 819 2041 50.
853 1979 1030 2048 inquit
1057 1981 1215 2049 ipse,.
1247 1981 1316 2035 ab
1341 1982 1443 2036 hoc
1480 1997 1712 2037 numero
1762 1992 1935 2037 annos
1960 1996 2160 2036 consu-

576 2071 747 2124 latum
781 2072 994 2124 demmu
1033 2073 1177 2135 iniit,
1212 2073 1456 2141 adeoque
1480 2073 1588 2128 huc
1630 2090 1738 2128 non
1762 2076 1869 2129 erit
1924 2075 2161 2131 referen-

577 2163 702 2243 dps.
736 2163 790 2217 Si
822 2178 930 2217 rem
978 2174 1155 2217 tamen
1220 2165 1393 2233 ipsam
1422 2181 1860 2235 quaquaversum
1912 2180 2151 2236 spectes,

574 2255 860 2307 victoriam
894 2265 1017 2323 puta
1047 2254 1116 2307 de
1170 2253 1359 2319 Gallis,
1418 2268 1474 2310 et
1521 2254 1743 2325 Opimii,
1804 2259 2158 2326 quernadmo-

574 2342 793 2403 ditur-in
843 2341 1064 2397 laudato
1124 2343 1299 2399 Palat.
1358 2345 1545 2399 codice
1601 2346 1877 2411 scribitur,
1933 2361 2153 2410 nomen,

578 2450 687 2489 non
719 2434 822 2488 alia
850 2434 1120 2488 videbitur
1162 2435 1339 2488 notari
1371 2438 1439 2489 ab
1487 2434 1722 2490 Eusebio
1782 2437 2030 2492 historia.
2094 2438 2158 2491 Et

574 2539 708 2579 sane
735 2525 879 2578 haud
926 2524 1061 2589 scio,
1109 2540 1238 2579 num
1271 2536 1489 2591 prastat
1540 2527 2013 2595 procbrouismum
2063 2530 2149 2584 vi-

576 2616 714 2685 ginti
765 2616 1009 2686 quinque
1075 2631 1208 2669 ann.
1241 2620 1357 2673 sive
1379 2618 1448 2671 ab
1481 2632 1569 2682 eo,
1598 2618 1714 2672 sive
1739 2619 1808 2673 ab
1845 2621 1984 2681 aliis,
2008 2633 2154 2689 quos

572 2715 795 2763 secutus
819 2718 926 2773 est,
958 2710 1273 2764 auctoribus
1308 2709 1604 2764 admiserim
1635 2709 1810 2773 fateri,
1859 2728 2017 2780 quam
2049 2713 2151 2767 loci

574 2816 794 2857 sensum
824 2801 1069 2855 nativum
1126 2802 1414 2856 invertere.
1474 2801 1735 2857 Fortasse
1777 2804 1938 2857 etiam
1986 2818 2153 2872 peru-

572 2890 710 2944 liare
732 2902 941 2961 gestum
986 2891 1090 2947 hoc
1143 2900 1251 2958 est,
1298 2893 1457 2962 cujus
1502 2893 1648 2947 nulla
1700 2895 1842 2961 apud
1897 2905 2151 2951 auctores

572 2982 783 3038 mentio
814 2992 1095 3054 superest,
1156 2995 1441 3048 supererat
1470 2996 1647 3039 tamen
1691 2984 1912 3040 Eusebii
1945 2996 2150 3057 tempo-

570 3077 746 3133 ribus.
775 3078 1037 3145 Scaliger,
1070 3080 1160 3147 qtti
1193 3094 1299 3133 non
1324 3080 1488 3134 alimn
1513 3079 1711 3149 Opium
1771 3080 1951 3144 novit,
1984 3096 2148 3148 quam
2179 3118 2225 3184 α

575 3169 724 3238 quia
754 3167 1066 3223 Mithridate
1104 3170 1155 3222 in
1190 3171 1404 3223 vincula
1431 3172 1713 3241 conjectus
1742 3181 1845 3235 est,
1878 3172 1945 3226 de
1982 3170 2153 3227 Gallis

571 3268 916 3321 veretur,—ue
942 3257 1145 3313 Galam
1172 3260 1395 3325 putandi
1428 3260 1561 3314 sint.

602 3352 762 3407 "Col.
793 3352 919 3407 419.
971 3352 1101 3407 VH.
1134 3352 1452 3408 Ptolemaeus
1509 3355 1805 3426 Euergetas.
1863 3356 2153 3426 ﬂuensque

573 3444 629 3499 in
656 3446 1010 3500 recensendis
1043 3444 1352 3501 Ptolemzeis
1401 3445 1615 3517 [Egypti
1667 3449 1892 3517 regibus
1943 3460 2154 3503 veteres

571 3536 816 3605 plerique
845 3550 1034 3591 omnes
1061 3537 1437 3602 consentiunt,
1478 3538 1688 3591 tametsi
1720 3540 1774 3591 in
1823 3539 1985 3592 unius
2015 3541 2157 3593 alte-

572 3626 757 3680 riusve
790 3629 950 3681 annis
985 3627 1388 3682 constituendis
1451 3628 1774 3690 dissideant,
1812 3638 1872 3681 ut
1923 3628 1988 3699 ad
2027 3629 2155 3682 Phi-

569 3719 882 3787 ladelphum
914 3718 1157 3774 diximus
1193 3738 1209 3774 :
1248 3719 1301 3772 in
1324 3720 1517 3774 ordine
1550 3729 1730 3774 tamen
1772 3722 1845 3773 ita
1895 3721 2157 3789 digerunt-'-

572 3820 686 3867 tur.
713 3818 771 3861 ttt
801 3804 999 3862 Strabo
1031 3813 1128 3872 ait,
1155 3812 1274 3872 ταῖς
1312 3809 1464 3879 παρὰ
1513 3812 1716 3878 πατρὸς
1772 3813 1859 3863 ἀεὶ
1917 3811 2157 3878 διαδεχζ-

574 3917 749 3968 μενοι.
782 3902 943 3956 lhnc
973 3917 1124 3965 vero,
1151 3917 1313 3970 quem
1356 3904 1651 3971 septimum
1720 3902 1848 3957 facit
1901 3918 2026 3958 esse
2052 3902 2161 3957 Eu-

573 3993 1028 4059 sebius,,vcteres
1059 3994 1147 4045 alii
1174 3998 1475 4061 scriptores
1510 3996 1651 4061 {cum
1682 3993 1920 4063 Jnsepho
1966 3995 2058 4049 lib.
2113 4011 2150 4048 ll

570 4095 761 4137 contra
789 4085 1076 4152 Apionem,
1119 4084 1438 4152 I’hyscouem
1462 4097 1680 4141 vocant.
1737 4089 1987 4142 Clemens
2013 4072 2203 4156 (μισ-ρ’

570 4192 680 4245 que
713 4177 888 4244 primo
919 4176 1254 4229 Stromatum
1299 4178 1577 4246 Evcrgetis
1635 4194 1834 4232 nomen
1873 4190 2035 4240 tacet,
2100 4190 2154 4234 ct

575 4266 914 4338 Pbysconem
980 4266 1333 4322 Philometori
1423 4271 1577 4326 fratri
1660 4274 1741 4325 ait
1795 4273 2150 4327 successisse.

571 4342 784 4426 Nempe
805 4360 1033 4411 alterum
1066 4359 1168 4412 hoc
1199 4371 1317 4412 erat
1350 4360 1595 4428 Evcrgeti
1625 4359 1914 4431 I‘ltyst'onis
1955 4379 2154 4431 cogno-

2267 1881 2480 1937 nesium
2514 1879 2577 1935 V.
2605 1882 2663 1935 L.
2697 1884 2791 1937 lib.
2814 1901 2854 1947 ι,
2887 1898 3006 1953 cap.
3039 1883 3250 1945 ultimo,
3271 1897 3322 1951 p.
3351 1878 3460 1935 119.

2338 1972 2459 2043 Col.
2490 1974 2614 2029 420.
2647 1973 3002 2029 Numantinos
3033 1974 3304 2030 subuertit.
3331 1970 3621 2043 Olympiadis
3661 1970 3724 2025 llil

2266 2078 2410 2119 anno
2437 2040 2628 2133 quarto
2647 2076 2857 2122 veteres
2892 2066 3134 2135 plerique
3157 2065 3247 2119 alii
3268 2064 3454 2118 factum
3474 2065 3520 2116 id
3540 2062 3730 2117 referunt.

2269 2144 2482 2212 Videsis
2504 2158 2805 2227 Appianum
2853 2158 2904 2211 in
2932 2150 3178 2220 lbericis,
3233 2145 3361 2209 Livii
3393 2153 3628 2224 Epitomen
3669 2154 3731 2205 liii.

2263 2263 2374 2311 LIX,
2414 2249 2748 2316 Eutropium.
2799 2249 3072 2313 Orosium,
3123 2257 3228 2303 etc.
3256 2246 3474 2314 Tempus
3500 2244 3735 2312 expressius

2264 2348 2561 2395 connotant
2586 2340 2775 2395 Cicero
2824 2335 3072 2395 Orticior.
3111 2340 3205 2395 lib.
3237 2355 3274 2404 ι,
3306 2348 3357 2393 et
3380 2332 3581 2393 Velleius
3602 2336 3673 2390 lib.
3692 2344 3734 2395 rt.

2261 2447 2381 2502 cap.
2410 2431 2462 2485 4.

2334 2524 2468 2578 11›1ι1.
2514 2522 2710 2576 Brutus
2755 2522 3112 2576 Iberiam.....
3174 2520 3394 2590 subjicit.
3421 2508 3612 2590 Videtur
3649 2511 3736 2568 llic-

2262 2625 2522 2684 r'onymus
2553 2631 2617 2669 ex
2647 2615 2800 2669 Livio
2821 2615 3122 2683 accepisse,
3173 2614 3327 2682 cujus
3355 2613 3457 2667 haec
3477 2610 3609 2663 verba
3647 2606 3735 2659 stult

2261 2709 2315 2763 in
2342 2696 2591 2778 Epitome
2615 2708 2736 2762 libri
2771 2722 2877 2761 Lv:
2915 2707 3162 2760 Decimus
3208 2697 3398 2758 Junius
3434 2695 3636 2769 (Brutus)
3662 2696 3734 2749 ιιι-

2259 2803 2511 2873 sitauiam
2539 2800 2749 2853 urbium
2794 2799 3279 2870 expugnationibus
3334 2800 3483 2866 usque
3534 2800 3588 2846 ad
3617 2790 3736 2845 Om;

2260 2895 2386 2946 nunt
2436 2894 2758 2961 perdomuit,
2804 2902 2911 2946 etc.
2955 2892 3112 2946 Paria
3157 2888 3341 2945 ferme”
3384 2889 3559 2943 habent
3590 2880 3737 2947 laudati

2261 2985 2485 3053 Sigouio
2514 2994 2568 3040 et
2596 2983 2874 3056 Scaligero
2905 2985 3063 3039 Sext.
3094 2982 3298 3048 Rufus,
3337 2979 3530 3043 Florus.
3553 2974 3736 3032 Ovidius.

2258 3077 2712 3148 aliique,‘quibus
2749 3077 2885 3130 adde
2912 3072 3241 3129 Strabonem
3290 3072 3379 3127 liti.
3435 3086 3508 3135 ut,
3552 3065 3736 3122 Orosimn

2258 3184 2312 3222 ν.
2338 3168 2417 3221 Ac
2444 3178 2594 3223 recte
2621 3168 2837 3238 quidem
2865 3168 3017 3237 iusta
3063 3181 3257 3223 eorum
3320 3162 3593 3220 testimonia
3631 3164 3737 3209 notat

2260 3261 2502 3330 Scaliger
2526 3261 2823 3315 admissum
2852 3264 2921 3315 ab
2944 3261 3185 3315 Eusebio
3224 3271 3480 3313 annorum
3518 3255 3651 3308 ferme
3673 3262 3736 3297 at

2257 3354 2771 3423 procbronismum;
2836 3367 2960 3406 nam
3038 3349 3395 3421 quadriennio
3441 3345 3589 3400 solido
3627 3354 3738 3394 casus

2257 3447 2566 3502 Numantiae
2589 3450 2856 3517 posterior
2885 3456 2969 3502 est
2989 3447 3237 3502 subactis
3280 3441 3507 3499 Gallmcis
3544 3453 3567 3492 a
3598 3434 3734 3488 Bruto.

2212 3584 2217 3589 .
2257 3542 2510 3595 Attamen
2548 3541 2688 3595 idem
2718 3541 2830 3609 ipse
2865 3540 3165 3610 Eutropius
3205 3539 3300 3592 lib.
3331 3552 3401 3600 tv,
3443 3548 3549 3603 cap.
3599 3529 3667 3583 i9.
3699 3523 3736 3574 ίη

2257 3633 2508 3684 eumdem
2550 3647 2755 3685 annum
2819 3630 3030 3687 confert
3051 3639 3105 3683 et
3163 3628 3482 3697 triumphum
3534 3617 3654 3674 Bruti
3692 3613 3738 3664 de

2259 3720 2528 3783 Gallatcis,
2556 3733 2611 3775 et
2663 3720 2932 3789 Scipionis
2974 3721 3040 3774 de
3090 3718 3461 3773 Numantinis:
3502 3716 3736 3781 quatt‘lll-i‘“

2258 3812 2403 3867 buuc
2442 3823 2620 3867 actum
2647 3814 2791 3866 dicat
2825 3812 2885 3865 ll
2909 3828 3054 3865 anno
3078 3822 3201 3880 post
3230 3811 3451 3881 priorem
3496 3805 3553 3858 de
3589 3798 3736 3854 Africa-

2325 3905 2593 3960 Coldltl.
2626 3902 2821 3957 Lucius
2870 3904 3165 3958 Attius.....
3217 3912 3265 3956 et
3314 3901 3491 3970 fundus
3536 3894 3737 3948 Altinum.

2257 3997 2519 4053 Auctoris
2549 3998 2718 4051 nostri
2744 3981 2982 4050 mentem
3017 4012 3125 4048 non
3180 3997 3389 4048 videtur
3444 3989 3644 4055 Scaliger
3680 3996 3741 4031 ns-

2257 4101 2502 4154 secutus,
2527 4090 2773 4144 sentiens
2800 4089 2889 4142 hic
2949 4098 3168 4155 tempus
3201 4088 3327 4141 illud
3390 4078 3620 4139 deputari.
3663 4086 3740 4141 ⁴1¹¹⁰

2255 4183 2490 4254 ρι’ἰυῃιιιι
2519 4181 2746 4234 tle-luela
2770 4179 2982 4233 colonia
3011 4193 3093 4233 est
3128 4174 3429 4237 Pisaurum,
3472 4186 3593 4225 anno
3619 4163 3738 4221 Urbis

2255 4269 2380 4332 568,
2412 4285 2504 4321 seu
2537 4269 2721 4321 verius
2752 4268 2876 4330 570,
2903 4266 2963 4320 Ρ.
2997 4266 3225 4323 Clantlio
3248 4265 3374 4319 etL.
3406 4261 3574 4315 Porcio
3613 4266 3738 4309 casa.

2253 4362 2406 4431 juxta
2435 4359 2577 4427 quod
2608 4358 2796 4412 Livius
2816 4361 3049 4410 testa‘tur
3079 4356 3182 4409 lib.
3204 4370 3381 4412 xxxix.
3411 4367 3457 4406 c.
3494 4342 3737 4402 ΜιΕοίΙευι

575 4460 843 4511 mentum,
864 4450 1006 4517 quod
1053 4452 1484 4507 luculentissime
1505 4462 1736 4506 testatur
1778 4454 1994 4520 Strabo,
2023 4454 2148 4505 τοῦ-ι
2176 4471 2226 4526 ι)
2256 4470 2394 4507 enim
2430 4452 2646 4504 colonia:
2676 4452 2794 4504 dicte
2834 4448 3098 4503 Pollentia
3142 4451 3197 4501 in
3246 4448 3499 4507 Picenum,
3523 4441 3737 4495 Pisaurum

571 4548 664 4594 τον
708 4541 1172 4612 (Plrilornelorem)
1226 4544 1458 4611 ἀδελφὸς
1509 4544 1782 4610 διεδέξατο
1813 4548 1841 4598 ὁ
1894 4546 2142 4614 δεύτερος

574 4625 909 4699 Εὑεργέτής,
940 4630 1001 4682 ὃν
1058 4633 1154 4683 καὶ
1184 4632 1450 4686 Φύσκωνα
1480 4636 1971 4705 προσαγορεύουσι.
2012 4638 2143 4689 ΡΙιί-

571 4720 872 4775 mectorem
920 4724 1119 4792 excepit
1174 4725 1342 4794 [mter
1371 4725 1483 4788 eius
1536 4725 1809 4796 Euergetas
1862 4730 2141 4791 secundus.

574 4822 719 4873 quem
745 4823 794 4866 et
824 4813 1148 4883 Pityscouem
1199 4825 1406 4868 vocant.
1454 4817 1645 4871 Dictus
1683 4827 1791 4872 est'
1824 4820 1986 4873 etiam
2014 4820 2143 4874 Plri-

574 4905 778 4974 lologus
811 4945 826 4969 ,
885 4905 1272 4960 Alexandrinis
1321 4906 1644 4977 Cacergetes.
1692 4909 1828 4964 Vide
1872 4909 2141 4966 Justinum

570 4995 667 5050 lib.
694 5012 916 5058 xxxvtu,
951 5012 1003 5049 c.
1032 4997 1100 5058 '9,
1153 5007 1208 5051 et
1264 4998 1455 5052 confer
1503 5000 1832 5053 Dodwellnm
1883 5003 2145 5059 disserta-

572 5088 721 5141 tione
758 5089 921 5156 paulo
944 5087 1196 5157 superius
1225 5090 1440 5143 laudata
1473 5093 1537 5145 de
1573 5101 1731 5146 :etate
1765 5094 1955 5163 scripti
2005 5097 2146 5164 Aga-

572 5179 895 5232 tharebidis.

645 5272 780 5326 lbid.
831 5270 1150 5340 0ppius.....
1180 5283 1229 5326 et
1293 5273 1580 5343 Carth‘ago,
1611 5285 1717 5331 etc.
1771 5276 1969 5331 Recole
2023 5294 2143 5348 quae

576 5367 679 5417 hac
706 5363 771 5416 dc
791 5363 999 5428 epocha
1048 5364 1422 5432 superius’ad
1475 5368 1756 5421 conditum
1802 5368 2144 5441 Carthaginis

574 5454 832 5508 diximus.
864 5456 1171 5523 Appianus,
1210 5455 1525 5526 Eutropius.
1558 5468 1612 5514 et
1660 5460 1886 5514 Orosius
1940 5462 2145 5531 septin-

576 5545 876 5610 gentesimo
904 5555 1023 5614 post
1048 5556 1199 5601 anno
1223 5563 1385 5617 quam
1409 5551 1632 5604 condita
1680 5549 1879 5617 fuerat,
1905 5552 2141 5607 dirutam

574 5652 693 5690 eam
722 5647 936 5693 notant.

640 5729 776 5785 lhid.
808 5716 1068 5786 Jouatltas
1116 5733 1239 5804 ⁸ιίιιέιε
1269 5730 1603 5789 Judworum.
1628 5731 1700 5809 _ln
1727 5732 2005 5790 Parmensi
2036 5750 2138 5797 me.
2198 5816 2203 5821 .

2248 4548 2302 4598 in
2333 4544 2592 4600 Gallicum
2620 4559 2804 4613 agrum
2834 4542 3071 4595 deductm
3103 4552 3225 4594 sunt
3244 4558 3262 4594 :
3290 4547 3353 4615 et
3374 4536 3580 4590 Velleius
3602 4528 3738 4582 Patri.

2245 4638 2401 4691 culus
2427 4637 2523 4689 lib.
2554 4651 2604 4688 t:
2643 4616 3064 4711 Quadrienuiuru
3117 4643 3233 4701 post
3268 4629 3559 4689 Bononiam,
3592 4621 3737 4711 Pii“?

2246 4745 2360 4782 rum
2379 4737 2427 4780 et
2454 4725 2714 4780 Pollentia
2743 4707 2962 4779 colonia:
2995 4725 3235 4777 deducta:
3261 4729 3397 4775 sunt.
3419 4719 3482 4771 At
3510 4726 3619 4769 vero
3637 4707 3671 4761 si
3689 4708 3738 4757 de

2249 4821 2335 4875 illa
2359 4818 2682 4874 deductione
2708 4819 2976 4886 intelligas
2997 4857 3011 4881 ,
3050 4816 3267 4878 Accius,
3297 4822 3447 4867 natus
3464 4806 3671 4862 .llancino
3694 4808 3736 4850 et

2249 4912 2487 4965 Serrano
2514 4926 2659 4964 coss.
2688 4911 2799 4963 sive
2829 4925 2919 4961 an.
2945 4907 3011 4963 U.
3044 4906 3170 4970 585,
3215 4922 3317 4961 non
3352 4902 3509 4972 potuit
3528 4899 3643 4950 inter
3667 4906 3739 4944 c0-

2248 5004 2401 5058 lonos
2446 5002 2827 5056 Pisaurieoses
2885 5014 3028 5065 esse,
3072 4999 3269 5068 quippe
3288 4995 3371 5065 qui
3431 4988 3569 5045 annis
3613 4985 3740 5039 fertile

2249 5095 2557 5166 quindecim
2592 5105 2713 5163 post
2740 5093 3008 5167 coloniam
3069 5092 3349 5144 deductam
3376 5086 3439 5140 sit
3467 5094 3620 5137 natus.
3649 5072 3736 5171 Alia

2247 5199 2331 5243 est
2363 5188 2547 5257 igitur,
2573 5200 2733 5253 quam
2761 5183 2893 5237 dicit
2925 5181 3282 5253 Hieronymus
3299 5171 3732 5257 colnniredetlnrtw.

2248 5289 2300 5334 et
2339 5254 2498 5348 quam
2529 5278 2660 5330 tnihi
2692 5276 2910 5344 quidem
2951 5275 3138 5328 videor
3192 5268 3448 5325 detexisse
3489 5260 3622 5316 bonis
3671 5254 3734 5306 il='

2245 5371 2442 5426 dictis:
2482 5368 2698 5422 tametsi
2730 5363 3009 5433 certa‘jam
3045 5381 3149 5418 non
3197 5368 3441 5429 superent
3477 5356 3534 5407 de
3571 5365 3619 5402 ea

2247 5473 2421 5531 terum
2456 5469 2736 5513 auctorum
2771 5458 3105 5511 testimonia.
3151 5454 3391 5512 Notatur,
3444 5432 3730 5531 inqtmtto"|

2246 5554 2528 5624 temporis,
2548 5567 2658 5621 quo
2683 5550 2878 5604 iterum
2901 5550 3125 5603 deducta
3148 5546 3352 5599 colonia
3381 5550 3452 5596 est
3472 5555 3496 5590 τι
3519 5535 3569 5589 L.
3593 5527 3729 5624 Sulla;

2244 5622 2376 5702 natu
2399 5656 2450 5699 et
2476 5645 2700 5708 scimus,
2733 5658 2853 5695 eam
2915 5638 3203 5694 FELlCEll
3258 5628 3570 5705 postmodum
3603 5622 3728 5721 dem"

2242 5738 2532 5804 priuatam,
2565 5751 2669 5791 non
2707 5745 2853 5791 certe
2883 5735 2952 5788 ab
2986 5733 3114 5801 alio,
3157 5744 3314 5801 quam
3359 5741 3383 5779 a
3411 5720 3557 5783 Sulla.
3584 5719 3653 5783 (1⁸Π
3686 5719 3729 5759 ⁵⁸
