4014 6196
339 310 446 374 991
502 283 513 291 ’

1638 300 2049 371 VALLARSII
2086 307 2326 371 NOTAE;

3430 307 3586 374 -998

341 425 573 478 Felicem
612 424 869 494 appellari
902 412 1126 480 ~Voluit:
1175 432 1228 479 ct
1287 425 1547 481 discimus
1574 440 1637 480 ex
1673 426 1914 494 Appiano

2029 421 2108 475 ubi
2137 437 2237 491 pro
2257 411 2590 491 ὀλυμπιάδος
2627 427 2675 492 ρ’
2718 420 2823 478 ’καὶ
2856 413 2922 490 ξὸ
2945 466 2961 488 ,
2985 424 3277 495 legendum
3313 433 3409 479 est
3430 465 3449 489 ,
3488 420 3591 494 ρξά

336 515 438 569 lib.
465 515 572 570 t'de
602 518 743 571 bello
777 516 959 581 Civil.,
984 533 1131 584 eum,
1164 534 1286 571 eum
1320 533 1554 588 praeesse
1578 518 1737 572 vellet
1759 534 1908 571 sum-

339 622 441 662 mae
470 608 807 675 reipublicaz,
843 608 1009 663 variis
1052 608 1106 662 in
1148 610 1375 663 urbibus
1420 610 1727 678 opportunis
1782 608 1910 663 locis

341 697 659 774 disposuisse
702 700 949 765 colonos,
990 715 1219 770 quorum
1262 715 1429 770 opera
1487 701 1541 753 in
1599 700 1745 756 bello
1779 713 1911 755 usus

342 795 534 857 fuerat,
562 790 842 847 translatis
878 801 1124 846 veterum
1166 799 1537 861 possessorum
1576 792 1629 846 in
1651 807 1744 846 eos
1774 806 1912 861 pra:-

344 886 469 949 diis,
500 894 559 938 ut
598 884 650 936 in
680 884 841 950 ipsius
876 891 1134 951 potestate
1160 883 1480 936 continerent
1510 882 1752 936 Italiam.
1801 880 1914 935 Nec
1942 888 1948 893 '

343 989 475 1028 sane
501 983 619 1027 erat
651 982 769 1025 eam
815 972 869 1026 in
916 987 1028 1029 rem
1082 972 1312 1026 Pisauro
1361 973 1738 1041 opportunior,
1788 984 1911 1031 cum

343 1062 409 1116 ad
432 1063 709 1130 copiarum
740 1070 905 1130 atque
947 1069 1175 1114 attumne
1228 1067 1614 1122 commeatum.
1661 1068 1779 1113 tum
1844 1054 1945 1114 ad»

342 1152 486 1206 bello
506 1152 914 1221 experiendum,
968 1151 1141 1205 locus.
1211 1149 1473 1217 Tempora
1524 1164 1741 1220 quoque
1796 1149 1913 1218 ipsa

344 1244 649 1313 p'robeeum
678 1243 841 1297 ‘Accii
871 1250 1030 1296 astate
1059 1242 1414 1304 conveniunt,
1454 1241 1583 1295 licet
1611 1255 1738 1296 cum
1784 1241 1914 1295 illuc

345 1336 492 1388 inter
524 1335 749 1388 colonos
814 1333 1084 1387 deductus
1142 1340 1248 1398 est,
1303 1332 1493 1386 senior
1529 1342 1677 1387 certe
1727 1331 1913 1397 fuerit,

343 1439 509 1491 quam
537 1432 594 1477 ut
626 1423 855 1486 militiae,
889 1422 990 1477 nisi
1027 1422 1071 1476 si
1101 1422 1355 1483 consilio,
1392 1430 1553 1491 aptus
1603 1432 1769 1477 esset.
1805 1423 1915 1476 llac

345 1520 541 1571 s‘altem
587 1517 801 1571 ratione
826 1516 972 1569 nulla
1010 1528 1021 1539 "
1053 1515 1156 1569 erit
1210 1512 1484 1583 Scaligero
1513 1515 1580 1568 de
1626 1514 1917 1585 ἁνιστορη-

343 1610 439 1680 σέᾳ
474 1608 859 1679 Hieronymum
891 1606 1316 1677 reprehendendi
1342 1620 1527 1661 causa.

412 1700 531 1756 Col.
564 1701 693 1757 M9.
729 1701 936 1771 Trypho
958 1703 1069 1754 dua:
1113 1699 1436 1753 Alexander.
1472 1700 1732 1754 Notatmn
1788 1708 1917 1753 ante

341 1806 450 1847 nos
478 1791 767 1862 Scaligcro,
804 1791 1126 1856 Eusebium,
1157 1790 1302 1860 quod
1332 1805 1502 1845 annos
1523 1788 1767 1844 Jonathze
1795 1790 1855 1845 l9
1887 1804 1916 1844 a

339 1899 471 1937 vera
499 1883 704 1954 epocha
736 1883 895 1939 caedis
929 1881 1084 1938 Judrc
1110 1892 1217 1936 non
1247 1883 1473 1951 putarit,
1505 1883 1592 1937 hic
1622 1883 1673 1936 in
1695 1882 1918 1938 Simone

342 1973 505 2030 solidi
591 1972 950 2042 quinquennii
1022 1972 1539 2027 metachronismum
1612 1973 1915 2027 admittere.

337 2063 563 2129 Certum
594 2064 792 2133 quippe
816 2073 899 2118 est
927 2078 990 2116 ex
1020 2063 1038 2116 Ι
1069 2062 1500 2117 Machabzeorum
1525 2079 1598 2117 xu
1634 2074 1686 2117 et
1714 2078 1829 2132 seq.
1863 2071 1918 2117 et

339 2152 579 2223 Josepho
610 2154 875 2223 Antiquit.
903 2168 999 2208 χιιι
1017 2167 1136 2221 cap.
1166 2150 1233 2217 l0
1260 2161 1316 2207 et
1339 2153 1425 2216 ll,
1450 2143 1656 2206 Simoni
1677 2155 1915 2207 delatum

342 2245 636 2314 imperium
698 2260 842 2299 anno
892 2244 1302 2299 Seleucidarum
1375 2245 1502 2303 1'70.
1538 2245 1630 2313 qui
1687 2261 1917 2300 numero

344 2336 654 2392 Eusebiano
676 2336 815 2392 1874
839 2339 1148 2406 respondet.
1175 2339 1352 2406 Atque
1386 2338 1472 2392 hic
1500 2353 1677 2392 annus
1707 2341 1916 2407 primus

346 2430 625 2485 libertatis
661 2432 839 2502 gentis
870 2432 1181 2487 Judtcorum
1226 2434 1477 2495 habetur,
1517 2448 1641 2487 cum
1687 2434 1737 2485 in
1792 2433 1917 2487 aliis

349 2526 721 2578 monumentis
752 2533 806 2578 et
840 2524 981 2593 apud
1011 2523 1308 2594 Josephum
1347 2535 1584 2591 notatus,
1620 2536 1729 2580 tmn
1779 2541 1915 2593 pra:-

346 2617 537 2670 sertim
568 2617 621 2670 in
698 2618 931 2674 nummis
962 2632 1097 2688 quos
1135 2618 1507 2672 Samaritanos
1539 2626 1732 2671 vocant
1771 2622 1916 2684 (nam

346 2716 401 2763 et
430 2717 658 2762 moneta:
688 2708 952 2763 cudendte
1010 2707 1319 2763 facultatem
1347 2717 1479 2762 tunc
1518 2709 1916 2777 obtinuerunt),

348 2798 404 2853 in
434 2798 633 2868 quibus
664 2810 717 2854 et
745 2811 1145 2869 consequentes
1197 2801 1349 2863 anni,
1387 2801 1678 2863 secundus,
1699 2802 1916 2865 tertius,

346 2902 483 2957 δια,
509 2904 573 2946 ex
605 2905 666 2944 ca
701 2890 905 2959 epocha
942 2903 1333 2945 numerantur.
1361 2891 1618 2945 Nonnulli
1646 2892 1916 2959 ejusmodi

351 2983 496 3052 apud
520 2986 624 3035 ‘nos
676 2990 824 3035 sunt.
875 2980 933 3034 in
984 2980 1268 3035 Parmensi
1330 2996 1434 3035 ms.
1470 2981 1704 3049 legitur:
1749 2979 1817 3033 Et
1866 2982 1920 3033 i‘n

1949 1763 1991 1822 Β

1988 2958 2000 2965 ι

2011 513 2091 583 τῷ
2115 514 2145 583 β
2166 553 2184 568 .
2225 514 2358 569 Vide
2390 515 2461 569 Is.
2489 516 2741 571 Vescinus
2775 516 3030 573 Cbronol.
3064 517 3218 572 Sacr.
3247 532 3371 587 cap.
3421 517 3508 572 1‘2.

2247 608 2373 662 421.
2434 608 2644 662 Attalus
2701 611 2947 664 moriens.
3012 609 3286 669 Concinit,
3334 608 3475 676 quod
3538 617 3593 661 et

2013 698 2254 770 Scaliger
2334 709 2505 765 notat,
2580 699 2908 769 Hieronymo
2996 700 3175 755 Julius
3246 697 3588 767 Obsequens.

2013 790 2105 860 qui
2140 789 2208 844 5|.
2248 790 2486 845 Perenna
2514 789 2718 859 Nepote
2737 802 2792 845 et
2816 791 2877 846 (ἒ.
2901 792 3124 846 Claudio
3147 790 3380 845 Pulchro
3443 804 3586 842 coss.

2015 884 2217 937 facttun
2274 882 2329 936 id
2383 881 2767 951 refer-“quod
2835 886 3025 952 reliqui
3095 899 3289 953 magno
3336 898 3589 937 numero

2014 976 2314 1043 scriptores
2347 974 2621 1030 collocant
2656 975 2896 1029 triennio
2924 985 3069 1028 ante.

2084 1065 2202 1120 Col.
2233 1065 2360 1122 421.
2390 1065 2416 1119 1
2435 1065 2470 1116 ν
2503 1064 2809 1135 Hyrcanus.
2848 1065 3061 1134 [legerit
3091 1066 3178 1119 hic
3209 1064 3449 1135 Scaliger
3477 1080 3592 1119 me-

2032 1158 2468 1213 tachronismum
2528 1159 2911 1227 quinquennii,
2940 1174 3126 1227 quem,
3157 1160 3323 1213 semel
3357 1159 3590 1214 turbatis

2036 1251 2288 1319 calculis,
2311 1251 2367 1304 in
2396 1252 2748 1306 successione
2799 1253 2960 1321 hujus
3012 1251 3252 1319 fainilize,
3301 1252 3592 1307 admittere

2031 1354 2260 1396 necesse
2302 1340 2425 1394 fuit.
2457 1340 2562 1394 Sed
2619 1350 2704 1395 est
2735 1339 2966 1393 fortasse
3013 1340 3164 1393 dictu
3213 1338 3481 1395 difticilius
3525 1339 3592 1393 ad

2019 1446 2252 1500 quorum
2284 1444 2457 1498 nsque
2480 1444 2682 1484 annum
2731 1428 3017 1500 llyreanus
3062 1430 3424 1498 principatum
3462 1444 3590 1497 pro-

2019 1522 2260 1583 duxerit,
2293 1537 2457 1590 quant
2487 1537 2596 1588 quo
2627 1525 2877 1590 cmprrit.
2904 1521 3129 1575 Videtur
3160 1515 3380 1590 quidem
3413 1521 3592 1575 Euse-

2018 1613 2163 1676 bius,
2188 1614 2278 1682 qui
2321 1614 2469 1667 solos
2495 1615 2543 1667 ei
2570 1629 2746 1668 annos
2779 1615 2850 1668 26
2886 1615 3077 1668 tribuit
3100 1656 3113 1676 ,
3145 1614 3219 1666 ita
3250 1612 3467 1669 demum
3491 1628 3592 1667 vo-

2023 1703 2191 1756 luisse
2206 1703 2638 1773 quinquennium
2662 1703 2814 1769 illud,
2835 1706 2978 1773 quod
3010 1705 3063 1758 in
3083 1705 3432 1759 successione
3454 1705 3595 1758 omi-

2021 1806 2188 1857 serat,
2229 1808 2584 1862 compensare
2608 1812 2623 1850 :
2653 1808 2881 1864 quartus
2898 1797 3042 1850 enim
3070 1796 3430 1851 Macbabteor.
3452 1797 3593 1852 liber

2019 1884 2366 1955 apocryphus
2391 1901 2514 1954 cap.
2537 1886 2637 1943 ult.
2663 1897 2716 1940 ct
2742 1887 3100 1955 gravissimus
3118 1898 3307 1941 auctor
3327 1887 3596 1957 Iosephus

2019 1978 2317 2047 Antiquitt.
2389 1993 2513 2041 xm,
2563 1994 2684 2047 cap.
2736 1978 2823 2044 l9,
2854 1988 2909 2033 et
2953 1995 3047 2046 xx,
3080 1979 3135 2044 8,
3167 1979 3371 2036 solidos
3428 1982 3474 2035 ei
3527 1983 3593 2038 51

2020 2070 2382 2139 elarginntur.
2407 2069 2608 2124 Verum
2660 2071 2765 2125 iste
2810 2087 2911 2125 nec
2953 2072 3173 2126 sibimet
3228 2081 3467 2136 constat,
3499 2074 3595 2143 qui

2021 2161 2114 2214 lib.
2148 2176 2163 2213 ι
2192 2162 2260 2214 de
2283 2160 2430 2215 Bello
2461 2177 2580 2230 cap.
2607 2163 2660 2227 5,
2688 2164 2910 2218 eosdem
2948 2179 3125 2219 annos
3154 2166 3222 2219 ad
3257 2167 3601 2221 tricesimum

2021 2269 2194 2320 usque
2224 2256 2442 2307 tertium
2490 2264 2800 2325 exaggerat.
2828 2254 2869 2307 E
2919 2258 3194 2311 contrario
3244 2268 3486 2326 perstant
3526 2260 3599 2314 ab

2019 2344 2238 2398 Eusebii
2272 2347 2539 2414 partibus,
2569 2349 2620 2399 in
2665 2348 2785 2412 hoc,
2820 2350 3061 2417 inquam,
3090 2348 3383 2413 Chronico,
3411 2350 3594 2420 Sulpi-

2029 2436 2138 2489 tius
2169 2435 2422 2502 Severus,
2453 2448 2612 2507 atque
2642 2438 2756 2506 ipse
2808 2439 3123 2507 Synccllus,
3159 2442 3248 2511 qui
3285 2442 3498 2495 tametsi
3541 2441 3599 2496 in

2019 2540 2106 2586 eo,
2141 2541 2300 2595 quem
2329 2527 2612 2585 laudamus
2655 2530 2709 2582 in
2742 2528 2974 2590 Gratcis.
3008 2532 3150 2593 loco,
3178 2545 3353 2587 annos
3390 2547 3611 2601 suppa--

2023 2625 2097 2670 tet
2122 2616 2185 2681 λ’,
2218 2619 2308 2684 50,
2330 2621 2489 2687 paulo
2513 2628 2694 2675 tamen
2741 2632 2884 2690 post,
2915 2623 3031 2677 sive
3060 2638 3183 2692 pag.
3201 2623 3325 2687 254,
3350 2624 3480 2678 solis
3505 2625 3598 2687 26.

2021 2710 2308 2779 prmfuisse
2352 2711 2666 2783 Hyrcanum
2687 2711 2817 2766 dicit
2844 2730 2859 2767 :
2897 2715 3173 2782 ἐκράτησε
3197 2713 3304 2766 τῶν
3326 2712 3602 2768 Ἰουδαίων

2021 2797 2116 2868 ἐτη
2149 2796 2240 2864 κς⁹
2279 2800 2603 2870 στρατηγῶν
2637 2801 2732 2854 καὶ
2779 2801 3213 2871 ἀρχιερατεύων.
3272 2799 3392 2870 Ipse
3414 2810 3599 2881 autem

2023 2888 2292 2944 Eusebius
2321 2892 2476 2955 alibi,
2507 2892 2621 2946 sive
2678 2890 3043 2948 Demonstrat.
3090 2893 3321 2963 Evang.,
3350 2893 3447 2948 lib.
3479 2909 3597 2958 vm,

2023 2996 2141 3050 cap.
2196 2983 2283 3048 l2,
2335 2999 2365 3037 a
2411 2985 2644 3039 suismet
2714 2986 3023 3040 rationibus
3093 2985 3345 3050 dissidet,
3396 2986 3599 3054 datque

353 3072 711 3127 sacerdotium
746 3069 926 3124 Simon
950 3073 1118 3140 frater
1152 3071 1401 3126 Jonathaa
1435 3075 1739 3127 assumitur.
1785 3071 1920 3128 Sca-
1947 3098 1990 3154 ο
2029 3071 2281 3144 Hyrcano
2303 3088 2477 3129 annos
2499 3074 2589 3138 29,
2622 3076 2764 3144 quod
2800 3086 2854 3130 et
2889 3074 3253 3145 Hieronymus
3286 3075 3598 3129 Comment.

353 3164 486 3232 ligor
518 3177 732 3232 quoque
774 3161 941 3229 frater
966 3166 1017 3216 in
1047 3173 1194 3217 recto
1220 3164 1382 3217 habet
1416 3177 1512 3232 pro
1534 3163 1741 3232 fratris.

422 3259 541 3312 Col.
575 3259 699 3312 421.
745 3253 899 3313 XIII
935 3257 1222 3310 Antiochus
1259 3255 1487 3310 Sidetes.
1520 3256 1749 3326 PrOpius
1793 3272 1921 3310 vero

352 3358 436 3402 est
466 3350 536 3401 ita
584 3352 1028 3419 cognominatum
1081 3347 1411 3401 Antiochum
1445 3361 1474 3400 a
1514 3346 1636 3413 ΖΜ,
1674 3350 1755 3401 vel
1782 3355 1917 3412 “mi,

357 3442 509 3509 quod
543 3443 863 3496 Phoenicum
891 3443 1069 3512 lingua
1096 3450 1391 3495 venatorem
1424 3440 1715 3509 significat,
1738 3458 1922 3509 quam,

358 3533 437 3584 rel
470 3548 525 3584 'a
579 3531 705 3588 Sida
768 3534 1097 3604 Pamphylia:
1155 3532 1377 3601 oppido,
1424 3548 1534 3602 quo
1572 3533 1920 3602 Tryphonem

355 3636 771 3693 oppugnaturus
809 3626 977 3691 venit,
1012 3625 1117 3688 vel,
1151 3624 1296 3693 quod
1334 3625 1514 3679 minus
1568 3626 1866 3693 probarim,
1894 3638 1924 3678 a

354 3720 565 3772 catenis
602 3718 817 3782 ferreis,
847 3718 1045 3787 quibus
1101 3726 1182 3771 est
1239 3719 1480 3771 vinctus.
1533 3719 1799 3772 Caeterum
1871 3721 1922 3772 iu

356 3820 596 3868 nummis
638 3824 918 3883 nunquam
951 3813 1052 3865 hoc
1079 3811 1313 3865 donatur
1337 3822 1736 3880 cognomento:
1770 3810 1926 3866 lose-

356 3906 467 3975 pho
482 3915 660 3958 autem
681 3919 826 3958 nunc
844 3901 1112 3969 Εὐσεϐὴς,
1128 3917 1269 3954 nunc
1289 3902 1477 3970 Σωτὴρ
1492 3904 1926 3971 cognominatur.

428 3998 541 4051 Col.
578 3996 700 4050 422.
735 3994 938 4049 Simoni
965 3991 1277 4048 Judworum
1306 3993 1568 4062 pontiﬁci,
1597 4003 1705 4050 etc.
1736 3995 1930 4050 Peccnt

356 4086 717 4157 quinquennii
754 4076 1216 4140 mctachronismo
1247 4086 1316 4140 ob
1361 4101 1504 4151 eam,
1557 4102 1677 4152 qua:
1723 4087 1927 4140 dudum

357 4190 544 4234 notata
576 4188 682 4240 est,
716 4193 937 4231 causam
967 4193 980 4229 :
1020 4190 1163 4229 anno
1193 4176 1462 4243 siquidem
1521 4174 1928 4230 Seleucidarum

356 4286 533 4325 cutin
602 4271 656 4324 id
708 4269 955 4339 contigit,
1006 4280 1065 4323 ut
1088 4268 1233 4322 lib.l
1281 4268 1638 4323 Mucltabteor.
1693 4284 1813 4338 cap.
1842 4270 1930 4324 xiv

358 4364 619 4432 scriptum
653 4374 757 4416 est.
791 4360 970 4414 Minus
1001 4369 1178 4414 autem
1210 4360 1347 4414 bene
1398 4358 1638 4431 Scaliger
1680 4362 1929 4415 amicalia

360 4456 489 4524 legit
520 4470 619 4524 pro
650 4453 976 4506 emicabilia.

431 4549 567 4603 ibid.
595 4546 813 4600 Primus
857 4531 990 4598 liber
1032 4541 1482 4597 Machabworum.
1537 4543 1688 4609 Quod
1744 4557 1939 4612 nempe

363 4643 632 4696 hactenus
674 4638 943 4705 digestum
971 4642 1077 4688 est.
1105 4634 1348 4700 Scaliger
1382 4633 1473 4687 hic
1504 4633 1771 4687 adversus
1809 4631 1938 4686 llic-

359 4745 646 4803 rooymum
674 4728 962 4795 vitilitigat.

431 4824 549 4879 Col.
583 4821 709 4874 421.
774 4817 1057 4872 Antiochus
1112 4813 1313 4869 Sidetes
1353 4829 1447 4867 rex
1495 4811 1683 4884 Syriae.
1721 4811 1939 4867 Graecus

364 4922 543 4968 textus
611 4911 676 4964 ad
758 4907 1087 4963 Demetrium
1170 4906 1286 4958 haec
1351 4903 1553 4967 refert,
1623 4916 1782 4971 quem
1845 4916 1940 4954 ex-

365 5023 551 5081 presse
587 5021 687 5076 pro
737 5004 1010 5057 Antiocho
1064 5000 1329 5053 nominat.
1389 4998 1632 5065 Scaliger
1675 5001 1936 5064 printerea

365 5109 517 5156 notat
546 5099 611 5151 ad
646 5095 955 5166 llyrcauum
1012 5091 1128 5145 hazc
1154 5089 1455 5158 pertinere,
1488 5102 1597 5140 non
1632 5086 1696 5139 ad
1754 5084 1937 5140 Simo-

367 5207 511 5245 nem.
544 5189 612 5242 Et
649 5201 779 5241 vero
804 5186 1014 5246 Simon,
1044 5189 1279 5237 exeunte
1329 5194 1476 5233 anno
1523 5174 1935 5231 Seleucidarum

371 5283 496 5347 177,
532 5279 751 5335 occisus
779 5285 884 5341 est,
913 5270 1145 5328 numero
1171 5270 1481 5325 Eusebiano
1515 5266 1673 5321 1881.
1712 5265 1934 5319 Certum

369 5386 589 5441 quoque
620 5378 703 5424 est
728 5368 951 5421 ineunte
986 5363 1216 5434 Hyrcani
1243 5361 1573 5430 principatu,
1602 5354 1936 5428 Olympiadis

371 5463 463 5516 itif
505 5462 639 5530 (non
695 5470 751 5512 ut
800 5456 1067 5511 Eusebius
1102 5454 1293 5508 scribit
1339 5452 1460 5520 162)
1501 5466 1647 5504 anno
1693 5448 1934 5503 secundo

368 5553 697 5606 Antiochum
730 5547 997 5615 Side‘tem,
1032 5556 1241 5601 vastata
1272 5542 1478 5608 Iudaea,
1505 5540 1931 5609 Hierosolymam

370 5633 580 5713 s'eptem
622 5626 955 5697 exercitibus
1009 5636 1310 5692 obsedissc.
1368 5632 1521 5688 Fecit
1564 5632 1699 5685 adeo
1750 5628 1930 5684 fucum

370 5733 578 5789 auctori
615 5741 802 5788 nostro
830 5737 1119 5800 corruptus
1162 5725 1273 5796 jam
1322 5735 1435 5780 tum
1482 5723 1648 5779 codex
1689 5717 1928 5790 Joscphi,

2030 3166 2082 3219 in
2121 3181 2237 3233 cap.
2269 3182 2322 3222 tt
2351 3165 2589 3222 Danielis
2608 3167 2761 3222 facit.
2799 3169 2976 3236 Atque
3005 3170 3119 3222 lucc
3161 3168 3427 3223 sententia
3473 3182 3599 3222 cum

2028 3257 2247 3311 Asserio
2297 3258 2530 3327 aliisque
2605 3259 2783 3313 doctis
2841 3260 3237 3328 chronologisgn
3280 3268 3394 3312 tum
3441 3260 3602 3312 nobis

2030 3350 2327 3417 perplacet,
2362 3351 2453 3417 qui
2484 3348 2699 3402 initium
2732 3350 3032 3403 Aristobuli
3066 3350 3120 3403 in
3153 3365 3354 3404 annum
3395 3365 3604 3405 secun-

2030 3444 2158 3497 dum
2201 3444 2524 3511 olympiadis
2551 3443 2652 3496 168
2675 3444 3066 3497 conferendum
3100 3444 3387 3506 sentimus,
3416 3456 3473 3498 et
3498 3459 3600 3498 suo

2032 3534 2151 3602 loco
2180 3534 2411 3589 inferius
2454 3535 2831 3603 probabimus.

2102 3625 2219 3679 Col.
2252 3626 2377 3679 422.
2411 3626 2596 3679 Simon
2626 3623 2938 3678 Judtcornm
2975 3625 3214 3694 pontifex
3258 3624 3597 3692 inter/icitur.

2036 3711 2236 3768 Recole
2268 3714 2602 3782 superiorem
2643 3713 3076 3767 annotationem.
3134 3712 3448 3765 Parmensis
3487 3728 3597 3770 ms.

2033 3807 2217 3867 verba,
2244 3806 2330 3873 qui
2354 3807 2502 3858 victis
2533 3804 2810 3873 Hyrcanis,
2846 3812 2975 3865 etc.,
3020 3804 3233 3870 ignorat
3259 3817 3275 3856 :
3303 3804 3515 3870 ignorat
3540 3811 3597 3855 et

2035 3898 2295 3965 Scaliger,
2327 3900 2416 3965 qui
2450 3897 2739 3950 nonnullas
2762 3911 2827 3949 ex
2872 3894 2957 3948 his
2999 3893 3269 3962 periochis
3324 3909 3424 3945 suo
3468 3908 3601 3960 pro-

2036 3991 2212 4060 posito
2244 3992 2415 4059 magis
2447 4005 2624 4059 quam'
2645 3990 2765 4043 fidei
2796 3990 2953 4043 mss.’
2978 3988 3205 4057 aptavit.
3248 3986 3381 4042 Vide
3416 3987 3604 4053 Sulpi-

2038 4084 2172 4136 tium
2207 4084 2465 4137 Severum
2506 4083 2599 4135 lih.
2636 4097 2693 4159 tt.
2724 4097 2774 4136 c.
2805 4081 2892 4134 58.
2935 4081 3001 4134 Et
3038 4090 3137 4133 nos
3171 4080 3336 4148 paulo
3384 4090 3507 4147 post
3537 4082 3605 4129 de

2037 4176 2127 4230 illa
2156 4177 2498 4245 expeditione
2523 4185 2711 4230 contra
2745 4173 3044 4245 Hyrcanos,
3076 4190 3138 4227 ex
3168 4189 3273 4242 qua
3306 4173 3411 4226 sibi
3462 4174 3605 4242 Hyr-

2035 4268 2157 4324 cani
2190 4278 2606 4338 cognomentum
2657 4241 2985 4334 prorneruit,
3015 4267 3284 4320 dicemus.

2108 4360 2231 4415 Col.
2287 4361 2410 4414 425.
2466 4358 2696 4426 Expulso
2727 4358 2791 4410 de
2840 4367 3130 4427 regno,etc.
3183 4355 3426 4424 Scaliger
3466 4356 3607 4409 hanc

1958 4444 2012 4504 Ι)
2037 4454 2344 4522 peric0pam
2380 4452 2535 4521 plane
2563 4462 2724 4516 tacut,
2751 4459 2938 4504 contra
2964 4464 3095 4503 mss.
3123 4448 3306 4501 fidern.
3365 4446 3606 4500 Sehnrz-

1968 5805 2006 5816 -ο-

2040 4546 2318 4600 fleischius
2364 4555 2536 4609 n0tat,
2580 4558 2697 4596 eam
2747 4542 2800 4596 in
2869 4542 3046 4611 primo
3090 4540 3263 4594 Palat.
3298 4556 3422 4603 tns.,
3462 4550 3519 4592 ut
3554 4550 3608 4589 et

2042 4633 2289 4687 Siclzardi
2318 4631 2580 4694 editione,
2612 4640 2739 4684 ante
2785 4646 2961 4685 annos
3005 4630 3144 4684 duos
3185 4630 3456 4683 rccenseri
3491 4644 3506 4682 :
3547 4627 3608 4681 Et

2038 4731 2190 4777 sane,
2233 4718 2427 4783 inquit,
2478 4717 2621 4768 hunc
2670 4716 3046 4779 l’tolemrcum,
3077 4730 3239 4784 quem
3293 4714 3607 4768 adulatores

2040 4805 2357 4875 Evergetem
2391 4808 2686 4860 secundum
2716 4808 3002 4870 vocabant,
3027 4806 3173 4859 circa
3193 4806 3306 4859 haec
3340 4816 3606 4874 tempora,

2040 4907 2135 4951 aut
2165 4900 2324 4967 paulo
2373 4908 2495 4964 post
2545 4899 2597 4950 in
2653 4897 2888 4967 Cyprum
2944 4897 3265 4966 profugisse,
3295 4898 3606 4967 bellumque

2038 4990 2232 5061 patriae
2282 4990 2556 5051 intulisse,
2608 5000 2796 5044 narrat
2835 4989 3087 5045 Justinus
3156 4988 3253 5043 Μ).
3292 5004 3516 5055 xxxvtn,
3551 5000 3609 5043 et

2030 5081 2266 5137 Orosius
2321 5081 2414 5134 lib.
2447 5095 2500 5141 ν.
2524 5096 2574 5133 c.
2610 5080 2694 5134 l0.

2108 5172 2357 5228 COIJQI.
2391 5171 2538 5226 Servi
2561 5172 2654 5242 qui
2683 5174 2736 5226 in
2764 5171 2952 5229 Sicilia
2983 5177 3324 5231 rebellabant.
3362 5173 3605 5228 Pertinet

2037 5264 2103 5317 ad
2134 5278 2336 5318 annum
2372 5264 2674 5331 superiOris
2704 5268 2949 5333 proxime
2974 5268 3176 5338 olymp.
3204 5266 3438 5334 primum
3460 5265 3602 5332 quod

2037 5366 2091 5410 et
2118 5355 2325 5425 pridem
2357 5352 2600 5424 Scaliger
2623 5357 2922 5422 annotavit,
2962 5375 3076 5412 cos.
3129 5357 3191 5410 Ρ.
3244 5356 3481 5424 ltupilio,
3511 5353 3602 5409 cui

2038 5458 2218 5501 tamen
2248 5448 2388 5500 haud
2414 5456 2562 5501 recte
2585 5447 2809 5516 Nepotis
2862 5459 3279 5518 cognomentum
3325 5445 3598 5499 attribuit.

2039 5535 2116 5587 Eo
2165 5533 2381 5602 gravius
2420 5543 2609 5602 peccat
2678 5538 2732 5589 in
2798 5535 3004 5590 Graecis
3061 5536 3205 5605 apud
3265 5534 3643 5605 Syncellum.,

2037 5627 2266 5688 Goarus,
2319 5627 2412 5694 qui
2466 5640 2564 5695 pro
2596 5627 3025 5697 ἀλληλοφαγίαν,
3053 5641 3161 5693 quo
3200 5628 3363 5681 verbo
3388 5635 3439 5680 et
3474 5625 3603 5678 Dio-

2036 5720 2202 5777 tlorus
2235 5719 2288 5774 iu
2324 5717 2602 5791 l‘Ixcerptis
2633 5720 2728 5775 lib.
2762 5733 2922 5775 xxxiv
2975 5720 3163 5787 utitur,
3201 5719 3325 5787 legit
3376 5719 3602 5787 ἀλληλο-
