3974 6192
283 326 415 392 root
1546 312 1954 379 vALLAnsn
1981 313 2220 382 nam.
3383 326 3521 392 1093

177 471 180 474 ·
281 443 655 502 Samaritanos
688 455 716 492 a
745 437 949 493 Iuda-is
979 433 1226 491 Cauneas
1245 446 1363 488 esse
1395 428 1594 485 dictos.
1620 428 1700 482 Au
1719 439 1850 481 vero
1875 422 1926 482 A
1961 436 2087 480 esse
2124 426 2352 498 Iosephi
2390 429 2718 500 scripturam
2751 434 3056 498 contendit,
3085 432 3348 506 Cappello
3375 456 3545 510 usque

279 532 408 587 urbs
436 543 656 599 quoque
681 527 924 582 Samaria
944 539 1181 594 unquam
1204 521 1421 578 Cat/iam
1448 520 1592 575 dicta
1625 519 1715 594 sit,
1743 529 1860 571 non
1955 517 2096 573 adeo
2129 522 2564 578 contradicente.
2599 522 2677 580 Re
2733 525 2896 580 etiam
2933 541 3059 581 vera
3101 529 3170 582 ab
3201 529 3393 585 ultima
3424 547 3550 602 cap-
3618 523 3628 536 ’

277 621 545 693 proditur.
577 618 850 687 Quidquid
896 618 948 672 id
1001 627 1106 681 est,
1161 615 1377 671 videtur
1408 611 1540 667 olim
1590 609 1852 678 scriptum
1955 611 2170 667 tivitate
2195 611 2520 685 BabyIOnica
2563 617 2629 670 ad
2658 619 2959 674 Aristobuli
2994 621 3362 692 principatum
3395 626 3547 696 juxta

275 716 468 778 fuisse,
497 729 602 783 qua
636 710 922 766 vocabatur
953 717 1002 764 et
1030 707 1276 764 Cutluea.
1311 703 1456 760 Sane
1485 703 1630 758 enim
1665 699 1857 754 Sama-

1982 704 2332 761 iccuratiores
2354 708 2479 762 anui
2509 707 2608 762 481
2649 710 3027 766 intercedunt:
3067 713 3337 771 Eusebius
3365 728 3547 773 autem

276 809 358 860 ria
387 807 420 874 ή
451 807 563 878 τῷν
597 801 886 858 Κουθαίων
939 801 1092 863 πόλις
1145 801 1248 853 dici
1301 793 1627 856 ὲπιθετικῶς
1662 793 1863 864 potuit.

1989 810 2186 852 rtentut
2244 812 2414 853 uerme
2469 802 2936 859 metachronismo
2989 805 3042 859 in
3077 807 3241 876 hujus
3289 810 3551 881 principis

277 898 448 971 Adde,
488 895 636 966 quod
668 903 885 963 tempus
901 901 1129 963 spectat,
1162 890 1329 946 videri
1359 891 1460 944 hoc
1488 898 1697 958 gestum
1732 898 1857 954 per-
1961 887 2171 954 epocba
2207 889 2587 944 constituenda
2637 902 2848 961 peccat,
2885 903 2940 947 ut
2968 899 3220 967 superius
3251 899 3547 966 innuimus,

279 990 454 1042 linere
483 988 558 1041 ad-
602 1000 807 1041 annum
842 985 1142 1039 secundum
1190 984 1394 1054 olymp.
1431 981 1556 1044 I65,
1598 976 1861 1034 sexennio
1956 992 2202 1050 ttnoxque
2232 981 2408 1037 fusius
2436 985 2791 1040 ostendemus
2828 1003 2893 1040 ex
2935 991 3116 1057 annis,
3145 1007 3283 1060 quos
3309 993 3550 1048 Alexan-
3614 987 3620 1037 ἶ

278 1089 572 1148 antequam
616 1078 687 1132 ab
709 1077 944 1132 Eusebio
963 1084 1335 1131 recenseatur.
1365 1072 1404 1127 Ε
1431 1070 1710 1127 contrario
1732 1068 1863 1122 Sca-

279 1171 415 1240 liger
441 1169 714 1224 sexdecim
739 1183 1013 1223 annorum
1047 1168 1529 1237 prochronismum
1570 1162 1659 1217 hic
1686 1168 1862 1231 putat.

351 1261 488 1317 Ibid.
539 1262 832 1316 Antiochus
867 1261 1181 1331 Cyzicenus.
1221 1257 1436 1313 Referri
1488 1256 1652 1326 hujus
1707 1253 1874 1307 initia-

275 1354 458 1407 soleut
495 1353 732 1408 triennio
767 1362 918 1407 ante.
941 1351 1071 1405 Vide
1102 1348 1497 1415 Iustinunrlib.
1529 1361 1718 1408 xxxix,
1740 1347 1864 1400 ω.

352 1445 495 1500 Ibid.
534 1447 895 1500 Antiochus...
927 1443 1104 1513 Grypo
1154 1445 1341 1512 ejecta.
1383 1440 1542 1496 Initia
1583 1439 1746 1509 Grypi
1798 1437 1869 1492 ad

272 1554 482 1597 annum
515 1539 814 1592 secundum
849 1537 1054 1608 olymp.
1092 1535 1193 1590 164
1219 1549 1343 1591 esse
1373 1531 1682 1594 referenda,
1707 1530 1864 1585 colli-

271 1650 375 1703 gas
405 1649 469 1688 ex
501 1631 805 1700 Porphyrio
851 1630 904 1684 in
960 1628 1256 1696 Excerptis'
1302 1625 1587 1696 Sealigeri,
1639 1639 1692 1693 p.
1737 1621 1862 1675 227.

275 1725 513 1795 I’rOpius
573 1722 643 1777 ab
710 1720 928 1776 Eusebii
994 1720 1312 1775 recensione
1376 1730 1521 1772 anno
1569 1717 1744 1787 primo
1795 1714 1867 1767 il-

273 1819 452 1889 ligant
514 1815 841 1884 Chronologi
894 1813 1252 1868 recentiores.
1341 1811 1400 1864 Ei
1469 1811 1578 1878 regi
1651 1817 1866 1876 propter

271 1911 398 1963 nasi
466 1906 885 1978 magnitudinem
930 1920 1218 1974 cognomen
1271 1900 1450 1972 Grypo
1493 1899 1661 1955 fuisse
1709 1906 1865 1951 notat

262 2003 549 2058 Justinus.

349 2095 469 2149 Col.
506 2093 632 2146 ηδ.
662 2090 955 2162 Jugurtha.
989 2089 1168 2159 Atque
1207 2088 1297 2142 hic
1327 2085 1554 2150 biennii,
1588 2094 1647 2139 ut
1686 2083 1866 2139 Scali-

268 2201 376 2254 ger
396 2186 608 2248 pridem
635 2184 944 2247 annotavit,
975 2179 1430 2251 pretltronismus
1459 2186 1577 2233 est:
1601 2175 1865 2246 siquidem

262 2279 339 2333 C.
391 2275 556 2332 Atilio
590 2275 832 2329 Serrano
916 2283 969 2329 et
1023 2272 1089 2339 ρ.
1129 2271 1358 2326 Servilio
1397 2270 1650 2340 Cmpione
1697 2281 1866 2332 coss.,

270 2379 474 2439 captus
506 2381 588 2424 est
622 2367 925 2437 Jugurtha:
953 2382 1052 2420 nec:
1085 2367 1226 2420 inter
1249 2367 1596 2435 pugnandum
1623 2360 1867 2430 quidem,

269 2461 377 2514 sed
411 2459 606 2513 Bocchi
642 2460 821 2513 soceri
855 2458 939 2512 sui
967 2457 1208 2512 insidiis.
1818 2505 1822 2509 .

355 2548 489 2605 Ibid.
522 2548 723 2603 Rhodo.
755 2547 955 2603 ﬂorifer
984 2563 1108 2603 cum
1145 2547 1230 2602 his
1289 2561 1410 2616 quae
1440 2543 1690 2615 superius
1719 2543 1867 2598 dixi-

267 2659 409 2699 ntus
432 2643 502 2697 ad
534 2659 682 2696 num.
718 2641 892 2706 1794;
929 2655 1103 2709 neque
1128 2640 1299 2704 enim,
1335 2649 1392 2693 ut
1421 2637 1662 2706 Scaliger
1692 2644 1869 2706 putat,

275 2739 500 2792 videtur
538 2737 682 2791 istud
720 2735 1060 2806 μνημονικὸν
1091 2734 1422 2803 ἁμάρτημα,
1454 2729 1873 2797 ευιιΙύτειιιὶδξὶῐι
1908 2781 1912 2786 ,

270 2834 498 2888 diversa
532 2840 779 2899 tempora
811 2828 1026 2884 Colossi
1057 2842 1270 2891 casum,
1307 2826 1400 2880 sed
1435 2824 1576 2879 alius
1633 2823 1874 2878 auctoris

269 2925 356 2980 ab
382 2938 450 2977 eo
481 2924 698 2976 laudata
731 2921 1025 2976 sententia.

355 3013 500 3068 Ibid.
548 3011 828 3066 Jonathas.
875 3010 1076 3064 lterum
1125 2997 1229 3062 iste
1275 3007 1329 3061 in
1368 3005 1574 3062 Graecis
1620 3005 1871 3060 Joanthes

1965 1070 2066 1125 der
2095 1082 2258 1142 atque
2279 1075 2586 1132 Alexandra
2609 1091 2923 1149 regnarunt.
2948 1081 3218 1138 Caeterum
3251 1087 3301 1140 in
3323 1086 3548 1151 Grmcis,

1966 1177 2088 1232 quae
2154 1164 2440 1222 laudamus
2479 1183 2543 1223 ex
2601 1167 2874 1226 Chronico
2921 1172 3172 1229 Pas‘chali
3222 1177 3382 1243 longe
3431 1189 3552 1234 erat

1973 1256 2313 1325 depravatior
2334 1275 2593 1315 numerus
2621 1261 2744 1331 φκξ⁸
2775 1280 2864 1316 an.
2892 1265 3018 1334 527,
3042 1282 3204 1336 quem
3239 1284 3267 1323 a
3301 1270 3552 1327 Celreno

1992 1350 2358 1419 nterpolatum
2399 1351 2644 1423 Scaliger
2669 1366 2840 1425 putat.
3526 1366 3535 1376 ’

2042 1443 2162 1497 Col.
2199 1444 2325 1499 424.
2372 1443 2470 1499 Vl.
2505 1445 2784 1504 Janna’us.
2813 1451 2951 1506 Num
2983 1454 3083 1508 iste
3111 1455 3411 1511 Alexander
3443 1466 3550 1520 cst.

1978 1537 2117 1604 quod
2158 1538 2212 1590 in
2251 1537 2484 1593 Exordio
2536 1541 2632 1609 ait,
2683 1542 2841 1611 ﬁnem
2874 1544 3082 1599 Juda't‘s
3133 1549 3336 1616 fecisse.
3391 1551 3552 1606 Certe

1969 1630 2328 1700 principatum
2356 1634 2422 1687 ab
2450 1633 2618 1704 impio
2641 1645 2792 1702 patre
2818 1639 3154 1704 Aristobulo,
3188 1644 3274 1696 vix
3308 1656 3548 1714 emptum

1982 1726 2179 1777 mutari
2213 1726 2265 1778 in
2298 1741 2535 1796 regnum,
2579 1737 2636 1780 ut
2676 1733 2750 1781 ait
2783 1729 3001 1800 Ioseph.
3049 1735 3237 1804 Antiq.
3288 1736 3387 1790 lib.
3430 1754 3548 1802 xttt,

1971 1831 2022 1870 c.
2057 1818 2144 1884 tl,
2181 1817 2329 1874 ﬁlius
2360 1820 2592 1889 nequior
2618 1809 2720 1876 sibi
2748 1829 3017 1893 asscrvit;
3055 1838 3105 1880 et
3135 1827 3292 1895 ﬁnem
3323 1826 3551 1895 Ιιιάωεε,

1972 1913 2089 1968 sive
2123 1911 2435 1967 Iudaeorum
2478 1915 2788 1984 reipublicae
2828 1919 3044 1973 videtur
3093 1920 3299 1988 fecisse.
3339 1921 3552 1975 Patrem

1973 2004 2046 2058 ibi
2072 2004 2338 2061 Eusebius
2364 2021 2469 2060 non
2504 2010 2848 2073 memoravit,
2889 2009 3134 2066 fortassis
3154 2026 3217 2066 ea
3253 2012 3319 2067 de
3351 2027 3544 2082 causa,

1972 2098 2102 2165 quia
2134 2111 2259 2151 cum
2299 2098 2350 2151 in
2395 2099 2712 2154 universum
2761 2101 2848 2154 vix
2884 2109 2996 2156 toto
3029 2117 3176 2156 anno
3220 2105 3551 2175 regnaverit,

1969 2202 2093 2242 eam
2143 2190 2297 2257 regni
2333 2199 2384 2245 et
2428 2191 2776 2259 pentilicatns
2817 2194 3076 2260 formam,
3131 2197 3248 2250 sive
3301 2199 3551 2268 tyranni-

1973 2281 2093 2335 dem
2126 2296 2222 2351 per
2253 2297 2478 2337 suorum
2505 2283 2681 2338 cades
2715 2285 2932 2340 tandem
2970 2288 3176 2343 ultimis
3207 2289 3396 2345 diebus
3427 2305 3551 2344 sce-

1974 2373 2282 2430 lestissima:
2308 2377 2452 2442 vitae,
2487 2377 2761 2446 Antigono
2801 2377 2973 2434 fratre
3017 2380 3227 2445 occiso,
3263 2381 3550 2437 induxisse

1976 2466 2276 2522 videretur.
2333 2466 2524 2523 Verior
2569 2477 2748 2524 tamen
2799 2471 2994 2537 multo,
3061 2475 3192 2542 quin
3235 2473 3344 2528 imo
3389 2476 3551 2532 unice

1976 2574 2126 2625 vera,
2159 2569 2423 2628 quantum
2461 2559 2642 2624 video,
2671 2561 3052 2632 interpretatio
3091 2575 3198 2632 est,
3225 2582 3346 2635 qua:
3385 2569 3552 2623 ntenti

1976 2651 2272 2717 succurrit,
2313 2660 2506 2718 estque
2562 2651 2874 2721 hujusmodi
2919 2656 3330 2711 :Alcxandrum
3386 2658 3547 2726 ﬁnem

1975 2743 2183 2799 Iudaeis
2215 2744 2411 2801 fecisse
2467 2745 2543 2800 ait
2578 2747 2869 2808 Eusebius.
2901 2763 2996 2802 seu
3023 2763 3086 2802 ex
3111 2747 3328 2803 Eusebii
3363 2750 3554 2806 Graeco

1979 2835 2363 2906 Hieronymus,
2399 2838 2547 2892 idest
2579 2839 2736 2893 [litem
2772 2837 3072 2894 Iudaeorum
3100 2856 3282 2911 regum
3312 2841 3548 2908 fecisse;

1980 2927 2207 2982 ultimus
2274 2944 2467 2998 netnpe
2531 2940 2614 2983 est
2671 2945 2734 2984 ex
2792 2930 3102 2985 Iu.|:norum
3166 2943 3346 3000 gente.
3411 2932 3550 2988 Nam

1982 3019 2284 3073 Alexandra
2333 3021 2451 3090 ejus
2493 3035 2664 3087 uxor,
2709 3036 2831 3092 quae
2867 3034 2989 3092 post
3021 3025 3089 3077 ‘27
3143 3040 3317 3080 annos
3353 3026 3552 3082 marito

268 3107 508 3165 dicitur,
542 3119 650 3157 non
703 3102 977 3171 Ἰωνάθης,
1005 3099 1290 3164 lauat/ms,
1322 3110 1382 3154 ut
1441 3099 1554 3153 vult
1585 3097 1826 3168 Scaliger
1859 3113 1873 3163 ;

1983 3111 2251 3176 succedit,
2295 3126 2399 3166 non
2437 3112 2524 3166 illa
2573 3113 2674 3168 rite
2712 3113 2858 3168 inter
2885 3115 3195 3171 Iudaeorum
3231 3133 3385 3185 reges
3413 3133 3546 3172 cen-

272 3211 603 3267 quanquam
622 3195 758 3248 alias
789 3194 1022 3248 Euseblo
1049 3193 1099 3245 in
1123 3191 1485 3245 Demonstrat.
1515 3187 1720 3257 Evang.
1745 3203 1868 3257 pag.

273 3293 395 3347 395
433 3299 491 3345 et
521 3304 637 3358 seq.
669 3285 956 3342 Ionatham
989 3287 1095 3340 dici
1155 3299 1264 3338 non
1301 3281 1613 3337 dilﬁtcutur.
1645 3279 1872 3334 Utrum-

271 3401 393 3457 que
427 3400 622 3438 nomeu
659 3383 923 3436 continuo
977 3391 1056 3434 est
1092 3392 1190 3448 pro
1215 3375 1445 3432 Joanne.

354 3477 476 3532 Col.
509 3477 633 3530 426.
667 3474 852 3530 Cicero
885 3474 1074 3542 Arpini
1118 3472 1380 3526 nascitur.
1429 3468 1656 3525 Videtur
1687 3473 1870 3522 autem

279 3573 523 3642 ipsemet
556 3571 748 3624 Cicero
801 3570 852 3620 in
914 3566 1080 3619 Bruto
1113 3581 1233 3634 cap.
1270 3565 1335 3618 Ib
1389 3562 1652 3616 familiam
1710 3574 1870 3616 suam

277 3667 475 3718 dicere
511 3663 706 3731 plebeii
737 3661 971 3724 ordinis,
1007 3659 1098 3713 ubi
1133 3660 1200 3713 de
1231 3655 1540 3712 humilior-is
1571 3657 1736 3711 sortis
1774 3654 1874 3709 ho-

279 3759 535 3812 rninibus
571 3758 624 3809 in
655 3757 899 3810 alienum
930 3755 1174 3822 ejusdem
1203 3751 1441 3807 nominis
1467 3767 1639 3822 genus
1675 3747 1872 3804 infusis

277 3851 545 3918 loquens,
576 3857 630 3900 ut
654 3849 718 3911 si,
747 3848 945 3917 inquit,
973 3862 1066 3916 ego
1104 3861 1181 3898 me
1201 3862 1231 3898 τι
1268 3844 1344 3900 Μ.
1381 3843 1555 3898 Tullio
1591 3858 1700 3896 esse
1729 3842 1870 3895 dice-

277 3961 435 4017 τέως..
465 3944 554 4012 qui
587 3943 846 4008 patricius
881 3956 1000 3993 cum
1026 3940 1206 3993 Servio
1239 3937 1474 4007 Sulpicio
1499 3934 1710 3990 consule
1734 3949 1874 3987 anno

285 4037 358 4089 10
387 4047 508 4105 post
536 4047 749 4088 exactos
782 4050 925 4103 reges
961 4033 1084 4102 fuit.
1115 4031 1473 4086 Occasionem
1515 4027 1714 4083 fabula:
1749 4028 1876 4081 fecit

284 4132 414 4199 ipse
453 4127 665 4184 Marcus
707 4125 936 4182 Tullius"
965 4125 1032 4181 de
1068 4123 1365 4179 Pltcrccide
1424 4119 1748 4191 philosm-ho
1797 4121 1874 4173 lo-

283 4236 498 4292 quens,
534 4220 625 4272 ubi
649 4235 744 4289 per
803 4219 972 4273 risum
1026 4218 1320 4286 jocumque
1371 4215 1468 4280 ait,
1522 4213 1690 4268 fuisse
1722 4211 1874 4266 illum

285 4315 639 4385 temporibus
675 4312 904 4366 Romani
954 4297 1110 4379 regis.
1153 4308 1360 4381 (Tullii)
1411 4307 1514 4362 sibi
1565 4304 1877 4377 agnominis

1975 3210 2152 3268 setur,
2185 3219 2321 3272 quos
2353 3205 2492 3260 inter
2521 3204 2699 3259 locum
2728 3206 2942 3261 feminas
2973 3209 3182 3261 nu‘lum
3237 3209 3552 3268 habebant:

1975 3295 2042 3348 ad
2072 3291 2207 3356 haec,
2236 3303 2452 3347 mortuo
2478 3294 2813 3361 Alexandro,
2848 3296 3063 3349 Judwos
3107 3313 3281 3351 rerum
3315 3300 3556 3370 confusio

1975 3394 2025 3439 et
2055 3384 2243 3439 clades
2275 3393 2524 3451 rei-petua
2563 3395 2972 3452 oppresserunt.
3008 3387 3198 3454 Neque
3226 3389 3556 3446 Alexandra:

1979 3472 2074 3528 filii
2111 3488 2336 3542 regnum
2381 3474 2762 3536 obtinuerunt,
2815 3491 2938 3526 nam
2988 3490 3133 3529 anno
3162 3478 3195 3531 9
3225 3477 3555 3533 Alexandra:

1939 3561 1945 3567 ’
1979 3565 2199 3626 matris,
2229 3563 2402 3619 Iudmi
2429 3565 2723 3634 vectigales
2757 3563 2910 3628 facti,
2951 3566 3302 3623 Aristobulus
3336 3570 3555 3626 vinctus

1979 3656 2246 3710 abductus
2286 3672 2314 3710 a
2354 3655 2632 3727 Pompeio,
2682 3656 2951 3711 Ilircanus
2977 3659 3095 3727 ejus
3135 3657 3304 3714 frater
3336 3663 3558 3730 pontifi-

1980 3760 2105 3804 catu
2133 3757 2343 3803 tantum
2375 3750 2606 3805 donatus
2632 3762 2734 3806 est.

2047 3843 2165 3898 Col.
2190 3843 2316 3899 425.
2337 3843 2672 3898 Aristobulus
2687 3852 2802 3912 post
2823 3861 2969 3914 quem
3008 3849 3242 3915 regnauit
3267 3861 3552 3901 canamus.

1979 3934 2134 4000 Quod
2166 3922 2370 3990 dudum
2406 3935 2708 4001 innuimus,
2736 3937 3038 3992 Aristobuli
3071 3938 3224 3991 initia
3250 3941 3315 3991 ad
3342 3955 3553 3992 annutn

1979 4028 2280 4082 secundum
2311 4027 2634 4098 Olympiadis
2683 4030 3039 4098 praecedentis
3083 4047 3206 4086 esse
3242 4031 3550 4104 referenda,

1981 4141 2046 4180 ex
2109 4139 2281 4192 eoque
2338 4124 2739 4181 reformandam
2782 4127 2936 4196 ejus,
2977 4130 3070 4197 qui
3133 4129 3208 4182 illi
3263 4129 3557 4191 successit.

1980 4215 2213 4282 Iamnei,
2251 4216 2368 4271 sive
2408 4215 2632 4271 Iamnzei
2674 4220 2960 4287 epocham,
3001 4219 3288 4287 probatum
3328 4220 3425 4273 ivit
3457 4220 3559 4275 bo-

1982 4309 2071 4364 nis
2108 4309 2444 4379 argumentis
2487 4306 2796 4363 Dodwellus
2832 4325 2898 4362 ex
2946 4309 3104 4365 anuis
3138 4309 3432 4364 Alexandri
3469 4320 3556 4364 at-

286 4414 362 4466 de
393 4425 495 4464 sua
534 4418 714 4479 gente.
751 4406 814 4460 Et
837 4418 1147 4476 quanquam
1173 4403 1398 4456 minime
1430 4416 1527 4470 par
1561 4396 1877 4453 sitcredere
1911 4429 1952 4488 ο
1982 4418 2090 4474 que
2147 4401 2470 4458 Alexandra!
2496 4443 2510 4468 ,
2567 4401 2620 4455 in
2660 4401 2937 4457 dissertat.
2969 4403 3167 4471 sapius
3213 4401 3427 4456 laudata
3489 4401 3558 4456 de

282 4504 647 4565 Ciceronem,
670 4508 876 4554 tantum
901 4497 1201 4560 hominem,
1219 4504 1271 4550 et
1292 4497 1458 4565 quise
1484 4508 1674 4547 novum
1705 4491 1879 4544 homi-

289 4610 419 4648 nem
456 4599 563 4648 tam
595 4607 736 4662 sa-pe
764 4590 982 4655 fatetur,
1017 4587 1257 4644 sensisse
1274 4587 1438 4641 altius
1462 4585 1527 4640 de
1549 4599 1626 4650 se,
1647 4597 1880 4638 consen-

291 4687 458 4740 tiunt
491 4693 674 4737 tamen
727 4683 966 4737 Eusebio
994 4689 1202 4745 nostro,
1228 4679 1344 4734 sive
1380 4676 1710 4746 Hieronymo
1732 4681 1883 4728 vete-

295 4796 392 4835 res
427 4778 520 4832 alii
547 4795 560 4831 :
594 4777 760 4833 Silius
783 4774 902 4830 Ital.
928 4775 1021 4830 lib.
1051 4773 1174 4840 ult.,
1202 4781 1255 4827 et
1289 4770 1364 4826 illi
1390 4784 1526 4840 quos
1557 4765 1884 4822 Plutarchus

291 4870 516 4930 laudat,
546 4868 638 4937 qui
671 4867 784 4930 jam
809 4878 940 4922 tunc
977 4864 1256 4935 jactabant
1283 4863 1344 4915 de
1374 4859 1532 4930 Regio
1577 4856 1885 4913 Volscorum

288 4977 496 5033 genere
528 4968 679 5015 Illum
709 4960 1009 5014 exstitisse.

372 5060 494 5114 Lor.
549 5055 674 5110 423.
724 5052 1059 5108 Aristobulus
1105 5049 1249 5120 ﬁlius
1295 5044 1563 5102 Ionatha’.
1615 5043 1888 5113 Iosephus

290 5151 406 5205 lib.
446 5165 541 5201 xm
571 5146 845 5216 Antiquit.
877 5158 997 5214 cap.
1033 5141 1120 5206 ll,
1157 5139 1299 5210 μετὰ
1333 5136 1702 5208 τετρακοσίων
1728 5132 1884 5204 ἀριθ-

293 5243 408 5314 μὸν
426 5241 584 5304 ἐτῶν,
602 5240 695 5292 καὶ
711 5238 1043 5307 ὀγδοὴκνοτα
1064 5235 1160 5289 καὶ
1192 5235 1330 5297 ἑνός,
1350 5234 1443 5286 καὶ
1468 5230 1653 5302 μηνῶν
1682 5225 1850 5298 τριῶν
1870 5244 1884 5280 :

290 5343 428 5398 past
449 5349 616 5385 annos
649 5347 866 5385 numero
888 5329 1297 5400 quadringentos
1323 5325 1589 5396 octoginta
1618 5331 1668 5376 et
1701 5336 1885 5387 unum,

291 5442 616 5496 metuasque
659 5436 783 5479 tres.
815 5423 917 5489 Qui
944 5432 1126 5477 tamen
1153 5434 1331 5489 neque
1380 5419 1494 5488 ipse
1548 5415 1650 5470 sibi
1675 5421 1892 5468 constat

291 5526 408 5580 lib.
447 5524 514 5577 de
566 5521 734 5586 Bello,
788 5520 877 5574 ubi
920 5520 1066 5574 solos
1095 5527 1352 5589 supputat
1381 5515 1506 5581 471,
1545 5514 1672 5579 nisi,
1707 5513 1758 5566 in
1793 5529 1892 5566 nu-

289 5613 534 5671 κλει-ἱείς
583 5614 728 5668 notis
800 5611 1150 5666 librariorum
1201 5610 1528 5679 depraVatus
1581 5617 1664 5662 est
1708 5607 1887 5676 culpa.

292 5711 419 5766 Sed
445 5708 590 5764 enim
615 5706 842 5762 Vossius
869 5704 1130 5761 Lnrouol.
1163 5703 1285 5758 Sac.
1315 5719 1366 5757 c.
1400 5703 1484 5767 12,
1539 5703 1676 5756 hanc
1703 5715 1886 5756 veram

634 5802 903 5863 Pnaon.
943 5799 1197 5861 XXYll.

1985 4505 2142 4550 aetate
2172 4495 2610 4567 Agatharchidis,
2659 4493 2818 4564 cujus
2863 4511 2979 4565 Ipsa
3016 4495 3182 4549 verba
3239 4493 3556 4559 describere

1986 4590 2074 4645 hic
2111 4599 2326 4658 praestat
2351 4609 2366 4646 :
2393 4589 2836 4653 I‘rml'uitautem,
2877 4588 3074 4659 inquit,
3114 4587 3350 4659 Egypto
3389 4585 3560 4642 Cleo-

1988 4697 2144 4753 patra
2195 4684 2354 4738 initio
2401 4683 2696 4739 Alexandri
2733 4681 3042 4738 Iudtcorum
3095 4683 3261 4751 regis,
3306 4695 3432 4736 cum
3466 4679 3558 4736 ille
3636 4680 3656 4696 ”

1994 4777 2382 4833 Ptolemaidem
2410 4779 2702 4834 obsideret.
2725 4777 3254 4833 Ptolemaidcnsibus
3269 4776 3414 4831 eriim
3436 4790 3566 4842 sup-

1993 4867 2167 4938 petias
2195 4867 2317 4922 tulit
2339 4868 2495 4922 exsul
2519 4867 2754 4939 Egypto
2779 4868 2960 4933 Soter,
2983 4868 3094 4936 jam
3130 4881 3365 4937 regnans
3385 4866 3438 4921 in
3461 4865 3569 4936 Cy-

1991 4971 2112 5030 pro,
2146 4974 2306 5029 quem
2343 4959 2642 5014 Lathurum
2679 4959 2919 5029 appellat
2952 4957 3250 5027 Iosephus,
3289 4959 3564 5028 Antiquit.

1993 5069 2114 5118 xm,
2140 5051 2231 5107 20.
2255 5052 2322 5106 Et
2349 5052 2586 5107 vicissim
2612 5051 2925 5106 Alexandro
2949 5049 3260 5106 Iudmorum
3297 5053 3409 5120 regi
3436 5051 3568 5104 sub-

1991 5147 2142 5202 venit
2158 5145 2210 5200 in
2231 5146 2398 5199 illium
2416 5144 2726 5213 ClcOpatra,
2745 5143 2876 5198 ibid.
2897 5159 2948 5198 e.
2967 5143 3058 5198 21.
3083 5143 3232 5200 Satis
3290 5152 3562 5198 accurate.

1995 5234 2275 5290 Successit
2315 5231 2600 5304 Hyrcanus
2637 5232 2822 5302 junior
2853 5232 3164 5303 Olympiade
3211 5231 3351 5296 I77,
3399 5233 3564 5284 tertio

1993 5341 2160 5388 anno,
2189 5323 2289 5378 sub
2323 5337 2464 5378 coss.
2507 5322 2634 5376 anni
2682 5319 2838 5376 Varr.
2874 5320 2979 5377 G85
3011 5321 3258 5393 (Ioseph.
3289 5319 3558 5386 Antiquit.

2001 5419 2135 5486 xiv).
2165 5417 2540 5488 Regnavitque
2563 5416 2868 5472 Alexander
2891 5417 3007 5486 ipse
3032 5431 3158 5468 ann.
3179 5414 3247 5468 27
3270 5410 3564 5484 (Antiquit.

1995 5527 2112 5576 xm,
2131 5511 2222 5580 25)
2243 5509 2546 5563 Alexandra
2569 5519 2751 5563 autem
2771 5507 3062 5564 Alexandri
3085 5519 3219 5561 uxor
3239 5521 3367 5559 anu.
3385 5505 3418 5560 9
3438 5503 3570 5574 (An-

1996 5603 2177 5672 tiquit.
2212 5615 2333 5666 xm,
2355 5599 2446 5668 24)
2471 5610 2596 5656 ante
2620 5599 2836 5655 initium
2861 5598 3115 5670 Hyrcani.
3138 5597 3200 5651 lli
3223 5595 3334 5652 duo
3355 5595 3567 5650 attineri

1995 5696 2230 5754 invicem
2256 5691 2432 5760 juncti
2463 5708 2640 5752 annos
2675 5694 2882 5752 faciunt
2915 5691 2986 5748 δι
3010 5707 3105 5747 seu
3128 5691 3466 5764 olympiadas
3491 5703 3568 5743 Ix.

3092 5786 3172 5846 32
