4014 6196
583 341 720 406 1003

1838 341 2248 403 VALLARSII
2291 340 2530 405 ΝΟΤιΕ.

3629 347 3730 410 1934

579 459 874 515 Demantur
903 475 1030 530 ergo
1058 460 1262 529 olymp.
1300 474 1350 513 tx
1382 473 1412 514 e
1447 473 1676 513 numero
1706 458 2088 529 'olympiadum
2127 475 2142 515 :
2175 460 2220 518 A
2247 467 2452 525 autem,
2479 468 2535 516 et
2559 458 2762 516 Marius
2815 457 3120 515 Numidiam
3178 459 3731 533 :rclinquuntural'tquut

580 551 822 619 reliquus
870 551 971 604 erit
1006 566 1182 605 annus
1229 551 1433 621 olyntp.
1473 550 1574 604 168
1614 550 1829 615 tertius,
1862 566 1970 618 quo
2016 565 2145 606 suc-

578 643 810 699 cesserit
852 643 1176 697 Alexander.
1228 644 1525 698 Demantur
1567 659 1756 698 rursus
1823 659 1888 698 ex
1923 647 2131 712 epoeha

584 732 914 788 Varroniana
939 735 1066 788 anni
1092 735 1180 798 36,
1207 735 1278 789 ita
1307 736 1639 790 successerit
1665 735 1970 791 Alexander
2001 752 2146 790 anno

577 825 732 878 Varr.
773 825 897 879 649.
956 825 1209 882 Poteram
1250 827 1467 896 quidem
1504 829 1557 881 in
1613 827 1870 898 praedicta
1929 843 2144 884 summa

585 917 740 983 pauci
785 919 1094 972 redundare
1147 934 1380 984 menses,
1437 920 1528 987 qui
1576 918 1878 983 ell‘ecerint,
1917 927 1978 974 ut
2021 935 2149 973 suc-

575 1009 804 1062 cesserit
831 1011 1134 1063 Alexander
1165 1011 1368 1081 olymp.
1405 1009 1506 1066 l68
1537 1011 1680 1066 tertii
1710 1012 1836 1065 anni
1867 1019 2022 1079 parte
2057 1024 2142 1076 ea,

574 1114 696 1164 quae
731 1116 871 1154 anno
898 1099 1055 1156 Varr.
1089 1102 1191 1158 618
1221 1104 1408 1172 potius
1438 1104 1801 1174 responderit.
1834 1102 1939 1160 Vix
1967 1106 2148 1176 potuit

573 1205 760 1243 annus
795 1192 986 1246 deesse
1025 1194 1250 1263 integer,
1284 1204 1342 1248 ut
1384 1209 1527 1249 anno
1567 1194 1724 1250 Varr.
1766 1195 1892 1260 647,
1941 1195 2144 1266 olymp.

579 1279 684 1334 168
721 1283 980 1348 secundo,
1026 1284 1218 1339 saltem
1254 1285 1574 1340 succederet
1620 1286 1951 1342 Alexander.
1987 1285 2146 1352 Quod

576 1383 766 1426 tamen
805 1377 1176 1430 necessarium
1207 1387 1351 1442 erat,
1383 1379 1427 1432 si
1461 1377 1751 1446 praedictus
1779 1394 1958 1433 annus
1985 1375 2146 1431 Varr.

574 1464 680 1518 590
711 1479 741 1518 e
776 1480 961 1535 regum
993 1468 1485 1523 Alexandrinorum
1512 1469 1863 1524 successione
1886 1467 2149 1523 exclude-

572 1564 744 1610 retur.
797 1557 932 1612 llinc
963 1575 1092 1628 ergo
1122 1575 1314 1616 rursus
1357 1561 1685 1632 colligimus,
1730 1571 1878 1618 recte
1911 1577 1942 1616 a
1981 1562 2143 1618 nobis

573 1646 723 1700 illum
780 1665 984 1704 annum
1041 1661 1272 1720 receptae
1323 1651 1704 1723 Egyptiorum
1747 1653 2136 1723 cltr0ttol03izn,

573 1737 737 1792 etiam
806 1753 1284 1808 astronomorum,
1359 1759 1482 1798 esse
1545 1744 1888 1798 restitutum.
1952 1741 2126 1798 Tenui

2257 552 2531 619 consules,
2564 567 2796 622 quorum
2822 552 3052 606 obscura
3079 551 3342 620 provincia
3366 563 3456 607 est.
3488 553 3603 619 Ergo
3631 572 3732 618 pnt-

2259 650 2406 698 tores
2449 643 2502 698 in
2559 643 2928 698 Macedoniam
2987 642 3208 710 profecti
3257 645 3358 698 sint
3409 656 3597 699 necesse
3653 661 3730 707 est,

2261 749 2367 803 qua
2415 733 2616 790 bellum
2651 735 2756 790 hoc
2789 749 2934 788 anno
2969 735 3134 790 fuisse
3163 734 3354 788 indicat
3378 733 3650 806 Obsequens,
3667 741 3732 806 qui

2261 825 2432 882 Mario
2469 836 2526 883 et
2558 823 2745 880 Flavio
2787 840 2930 880 coss.
2965 826 3200 880 Thraces
3229 827 3280 880 in
3331 827 3607 881 Macedonia
3636 832 3731 883 sub-

2260 924 2414 972 actos
2459 924 2634 971 notat.
2665 917 2709 970 A
2735 930 2844 985 quo
2883 924 3066 970 autem
3110 915 3310 970 subacti
3359 916 3472 976 sint,
3515 932 3596 985 pro
3625 929 3732 972 certo

2257 1006 2526 1061 amrmare
2554 1021 2664 1060 non
2705 1020 2953 1075 possunt.
3005 1004 3195 1058 Florus
3225 1005 3432 1074 quidem
3477 1017 3577 1075 post
3610 1007 3732 1061 Miuu-

2257 1097 2474 1151 cianatn
2518 1097 2828 1162 victoriam,
2876 1097 3086 1153 Pisonis
3129 1098 3397 1167 cujusdam
3445 1101 3644 1154 meminit
3674 1103 3731 1154 his

2263 1187 2445 1242 verbis
2497 1204 2514 1242 :
2571 1187 2692 1242 Piso
2739 1187 3019 1258 Rhodopen
3077 1188 3452 1259 Caucasumque
3496 1195 3729 1258 penetrarit.

2266 1279 2460 1334 Verum
2512 1280 2605 1349 qui
2645 1280 2771 1335 Piso
2807 1281 2994 1344 luerit,
3027 1291 3117 1334 aut
3157 1297 3262 1348 quo
3289 1281 3338 1334 in
3369 1283 3633 1350 magistratu
3665 1285 3731 1336 hac

2271 1370 2482 1433 fecerit,
2519 1387 2626 1426 non
2662 1372 2843 1426 tradit.
2881 1372 2942 1425 L.
2983 1384 3130 1426 certe
3167 1372 3306 1436 Piso,
3336 1375 3418 1440 qui
3458 1375 3616 1426 consul
3643 1390 3728 1426 rum

2263 1461 2438 1517 Druso
2473 1461 2598 1527 fuit,
2644 1463 3016 1518 Macedoniam
3058 1467 3282 1517 sortitus
3322 1478 3421 1516 non
3447 1473 3520 1518 est
3551 1467 3730 1537 :qttippe

2259 1571 2378 1611 cum
2426 1554 2657 1616 Drusus,
2702 1553 2907 1624 collega
2955 1554 3072 1624 ejus
3102 1554 3155 1608 in
3193 1554 3480 1618 consulatu,
3510 1570 3606 1607 eam
3630 1558 3728 1608 oliti-

2260 1647 2480 1713 nuerit;
2527 1655 2649 1717 post
2691 1647 3134 1716 quinquennium
3184 1657 3355 1701 autem
3382 1646 3437 1701 L.
3474 1646 3630 1702 Cassia
3649 1663 3726 1702 cos.

2259 1753 2290 1792 a
2331 1737 2611 1809 Tigurinis
2655 1741 2770 1807 ipse
2813 1738 2940 1792 Piso
2983 1737 3300 1794 interfectus
3335 1740 3418 1799 sit,
3446 1753 3592 1806 neque
3622 1755 3726 1803 vero,

573 1839 754 1884 autem
819 1832 945 1886 anni
1016 1834 1173 1888 Varr.
1237 1835 1341 1889 6i!)
1401 1836 1566 1889 etiam
1626 1835 1786 1890 initio
1837 1835 2147 1903 Cleopatra.
2193 1817 2234 1872 Β
2270 1830 2316 1884 si
2347 1829 2436 1884 ille
2470 1847 2580 1885 rem
2614 1830 2750 1885 bene
2776 1830 2829 1884 in
2855 1830 3167 1884 Macedonia
3193 1830 3454 1897 gessisset,
3482 1835 3728 1901 pratemis-

574 1923 775 1978 Pulsus
852 1925 997 1978 enim
1068 1940 1097 1978 a
1164 1926 1466 1994 Cleopatra:
1544 1926 2159 1999 dttcibuseCazlesyria

575 2012 772 2077 Soter,
827 2014 984 2070 Gazae
1030 2015 1306 2071 hiemavit.
1349 2018 1473 2072 lude
1532 2018 1585 2072 in
1617 2017 1870 2089 'Cyprum
1916 2020 2158 2076 recessit.

569 2105 682 2160 Nec
748 2113 926 2160 tamen
1005 2114 1132 2162 ante
1238 2121 1512 2162 recessum
1597 2109 1742 2165 illius
1811 2109 2022 2165 videtur
2098 2111 2149 2164 in

571 2193 867 2265 )Egyptunt
930 2197 1154 2251 rediisse
1205 2195 1512 2265 Cleopatra.
1580 2197 1804 2269 Joseph.
1868 2215 1986 2264 xm,
2051 2199 2142 2254 2!.

575 2283 698 2340 Non
757 2295 937 2340 tamen
971 2287 1223 2342 obstabat
1263 2303 1386 2355 pars
1416 2287 1506 2342 illa
1551 2289 1677 2342 anni
1711 2292 2015 2360 sequentis,
2051 2306 2158 2361 qua

574 2378 728 2448 regni
815 2380 1214 2448 possessionem
1277 2381 1445 2435 tenuit
1492 2379 1818 2450 Cleopatra,
1866 2384 2157 2451 quominus

574 2469 701 2525 anni
726 2469 920 2539 integri
940 2472 1325 2540 χρηματισμὸν
1343 2471 1624 2525 retinuerit
1651 2472 1800 2528 solus
1821 2471 2154 2529 Alexander.

643 2561 783 2617 Ibid.
823 2561 986 2618 Caius
1014 2561 1229 2617 Lucius.
1263 2563 1588 2635 Repugnare
1619 2565 1838 2620 videtur
1865 2565 2150 2632 Horatius,

573 2654 664 2710 cui
693 2669 861 2710 senes:
892 2653 1096 2710 dicitur
1122 2654 1188 2710 iis
1210 2656 1463 2712 versibus
1501 2657 1594 2712 lib.
1630 2671 1692 2722 tt,
1726 2658 1882 2714 satir.
1918 2658 1942 2711 l
1989 2673 2004 2710 :

1305 2786 1413 2845 Quo
1442 2787 1513 2848 tit,
1546 2793 1599 2836 ut
1623 2786 1786 2836 omnis

754 2847 926 2910 Yotiva
953 2851 1119 2909 pateat
1149 2845 1303 2898 veluti
1330 2845 1576 2910 descripta
1611 2849 1817 2908 tabella,

756 2909 864 2959 Vita
887 2912 1046 2960 senis.

571 3011 865 3068 Enimvero
919 3015 1122 3068 homini
1189 3030 1360 3070 annos
1402 3014 1470 3069 46
1511 3015 1709 3071 denato
1755 3029 2003 3075 senectus
2046 3036 2148 3073 non

589 3108 913 3174 imputatur.
959 3105 1250 3160 Conciliari
1283 3116 1465 3160 autem
1507 3110 1701 3176 possit,
1743 3125 1939 3166 atrum
1993 3123 2148 3178 putes

570 3195 940 3268 Pythagorici,
969 3208 1025 3252 ut
1061 3199 1236 3262 aiunt,
1276 3198 1392 3252 sive
1429 3198 1804 3255 Servitulliani
1849 3203 2031 3258 Lustri
2061 3223 2148 3260 ra-

573 3287 778 3342 tionem
829 3297 1108 3352 secntutn,
1156 3302 1285 3356 qua,
1327 3298 1388 3342 ut
1419 3303 1484 3341 ex
1513 3287 1805 3346 Tuberone
1845 3296 1910 3348 A.
1944 3295 2149 3352 Cellius

574 3379 670 3433 lib.
702 3394 760 3444 Χ,
800 3393 922 3448 cap.
959 3377 1052 3444 98,
1081 3379 1265 3444 tradit,
1301 3379 1532 3434 seniores
1566 3381 1999 3453 appellabantur,
2054 3390 2146 3456 qui

570 3470 1055 3540 quadragesltnttm
1090 3480 1303 3524 sextum
1350 3486 1552 3525 annum
1595 3474 1942 3542 excederent,
1975 3476 2148 3532 inira-

570 3578 678 3629 que
704 3577 828 3614 eum
881 3559 1151 3628 juniores.
1184 3558 1240 3613 In
1267 3558 1544 3616 Parmensi
1577 3576 1682 3616 ms.
1715 3574 1972 3636 corrupte
2009 3569 2146 3623 dici-

571 3667 660 3707 tur
699 3652 863 3708 Caius
901 3651 1095 3706 Lucius
1133 3669 1150 3706 :
1185 3653 1320 3708 etin
1364 3656 1538 3723 pritno
1587 3653 1838 3711 Palatino
1889 3661 2048 3713 annis
2079 3661 2144 3712 47

573 3746 716 3798 dietn
746 3759 902 3798 suum
938 3744 1164 3799 obiisse.

646 3835 787 3893 Ibid.
846 3849 909 3888 cc
1018 3835 1194 3888 millia
1251 3833 1623 3889 Tculonorum.
1679 3835 1871 3921 Vgrius
1919 3839 2148 3895 dixisset

576 3926 892 3989 Teutonum,
940 3926 1030 3994 qui
1085 3927 1430 3981 Cimbrorum
1487 3930 1707 3995 quidem
1769 3934 1901 3986 socii
1963 3943 2142 3995 erant,

576 4021 672 4072 sed
704 4019 809 4072 alia
841 4030 1019 4071 tamen
1051 4032 1205 4086 gens,
1253 4029 1418 4085 atque
1449 4033 1594 4073 anno
1642 4023 1991 4077 antecedente
2023 4039 2147 4092 pro-

575 4112 780 4178 tligata.
816 4109 919 4162 Sed
975 4109 1135 4162 facile
1166 4109 1426 4176 imposuit
1480 4113 1690 4166 auctori
1723 4123 1910 4168 nostro
1949 4115 2148 4168 Eutro-

581 4201 706 4268 pius
740 4201 834 4254 lih.
879 4217 932 4264 ν,
963 4213 1014 4254 c.
1050 4200 1102 4264 ι,
1159 4201 1245 4252 ubi
1280 4200 1346 4254 de
1379 4199 1547 4254 Mario
1621 4219 1671 4256 tv
1710 4205 1955 4268 rensule,
2016 4205 2146 4258 Cum

575 4290 830 4354 Cimbris,
855 4289 1054 4357 ittquit,
1082 4291 1338 4359 conﬂixit,
1369 4301 1418 4345 et
1448 4291 1650 4346 duobus
1675 4293 1871 4361 prteliis
1891 4309 1953 4349 cc
1979 4296 2147 4348 millia

499 4453 518 4459 _
571 4393 803 4437 nostrum
837 4383 1048 4446 cecidit,
1098 4398 1238 4436 Lxxx
1274 4383 1444 4438 millia
1477 4387 1634 4453 cepit,
1662 4395 1713 4440 et
1738 4387 1922 4441 ducent
1964 4403 2148 4443 eorum

2263 1938 2449 1976 surum
2506 1938 2630 1976 eum
2690 1920 2862 1976 fuisse
2915 1921 3219 1977 Ciceronem
3274 1930 3413 1990 puto,
3456 1937 3560 1975 cum
3595 1933 3724 1975 contra

2262 2007 2324 2064 L.
2359 2008 2607 2064 Pisonem
2645 2019 2899 2078 nepotem
2936 2010 3104 2079 hujus
3134 2011 3353 2073 diceret,
3386 2022 3525 2081 atque
3550 2010 3724 2065 Maccdo-

2261 2098 2443 2151 nicum
2476 2098 2593 2164 ejus
2627 2098 2914 2168 imperium
2949 2100 3272 2170 exagitaret,
3295 2116 3408 2154 cum
3433 2101 3629 2155 omnium
3650 2100 3724 2154 lere

2259 2189 2351 2259 qui
2386 2191 2438 2244 in
2477 2189 2794 2244 Macedonia
2827 2207 2940 2245 rem
2973 2193 3116 2247 bene
3165 2195 3436 2261 gesserint,
3481 2193 3722 2248 meminerit.

2259 2281 2400 2353 Ergo
2435 2285 2548 2338 haec
2587 2283 2813 2337 victoria
2850 2283 2904 2337 in
2942 2284 3116 2340 dubio
3155 2285 3492 2355 relinquatur.
3530 2284 3720 2338 (laterum

2259 2387 2354 2442 per
2413 2373 2662 2430 Pisonem
2719 2376 2978 2430 subactos
3032 2374 3298 2437 Thraces.
3355 2376 3560 2448 vulgaris
3598 2375 3724 2444 opinis

2255 2473 2359 2520 cst.
2397 2465 2529 2520 Vide
2559 2463 2802 2533 Florum,
2833 2474 2905 2529 tv,
2935 2465 3022 2529 12,
3051 2474 3109 2519 et
3129 2482 3208 2530 ιιι,
3239 2465 3272 2520 4

2280 2657 2283 2659 ’
2325 2640 2443 2696 Col.
2485 2641 2614 2698 ΗΒ.
2657 2639 2959 2710 Επριιιςο...
2993 2644 3058 2698 de
3079 2659 3234 2715 regno
3300 2642 3553 2708 Pltuscone,
3588 2654 3664 2699 etc.
3685 2645 3722 2699 ln

2254 2733 2534 2790 Parmensi
2569 2749 2672 2798 ms,
2720 2734 2981 2790 continua
3025 2737 3174 2791 serie
3209 2739 3458 2791 orationis
3503 2737 3668 2806 legitur,
3690 2746 3723 2788 et

2250 2827 2305 2877 in
2335 2824 2566 2895 Cyprum
2605 2825 2899 2890 secedente,
2932 2827 3044 2896 ipse
3079 2829 3310 2898 regnauit
3362 2827 3639 2886 Ptolemtzus,
3665 2827 3725 2894 qui

2253 2922 2301 2966 et
2332 2914 2767 2984 Alexander,etc.
2809 2915 2866 2969 In
2901 2917 3122 2973 duobus
3151 2918 3272 2972 aliis
3294 2934 3322 2972 a
3345 2919 3534 2972 Poltrro
3558 2921 3598 2972 in
3617 2917 3724 2972 Notis

2255 3011 2319 3062 ad
2369 3011 2700 3066 Clementem
2742 3011 3001 3076 laudatis,
3052 3015 3292 3083 itemque
3332 3015 3380 3068 in
3414 3015 3623 3081 Scaligeri
3649 3013 3724 3065 rdi-

2255 3099 2420 3162 tionc,
2454 3101 2506 3154 in
2527 3100 2756 3171 Cyprum
2783 3104 3078 3168 secedente,
3105 3104 3444 3170 Ptolemaus,
3466 3107 3539 3175 qui
3559 3105 3723 3157 Alexar-

2251 3188 2365 3262 der,
2395 3192 2644 3247 succedit.
2698 3191 2803 3249 Sed
2831 3205 2884 3248 et
2918 3195 3437 3252 Schurzlleischius;
3469 3197 3568 3250 llaec
3600 3195 3722 3262 periu-

2252 3282 2375 3346 che,
2422 3285 2616 3351 inquit,
2681 3285 2896 3342 diverse
2926 3285 2982 3341 in
3017 3288 3256 3345 diversis
3295 3290 3543 3344 codicibus
3571 3286 3720 3356 legitur.

2251 3371 2468 3430 Primus
2503 3373 2785 3454 Palatinus
2821 3377 3020 3444 .habet,
3066 3396 3160 3447 per
3210 3391 3418 3436 matrem
3453 3378 3717 3446 Cleopatram,

2250 3475 2299 3518 et
2331 3467 2385 3518 in
2407 3465 2633 3537 Cyprum
2657 3469 2949 3535 secedente,
2993 3471 3115 3540 ipsa
3143 3473 3392 3543 regnauit,
3426 3469 3601 3540 rejectis
3649 3466 3720 3520 illis

2249 3571 2370 3625 qua:
2401 3556 2468 3612 de
2496 3557 2792 3613 Ptolemaeo
2825 3560 3146 3616 Alexandro
3177 3563 3461 3617 adduntur.
3492 3560 3536 3613 ltt
3565 3557 3720 3624 reliquis

2251 3650 2581 3704 membranis
2611 3650 2681 3703 ita
2712 3651 2936 3719 legitur,
2966 3663 3018 3706 et
3063 3656 3120 3708 in
3160 3653 3385 3725 Cyprum
3420 3651 3720 3708 recedente,"-

2248 3741 2457 3808 g’ressus
2489 3740 2553 3795 de
2584 3741 2734 3810 fuga,
2767 3758 2983 3812 regnum
3012 3746 3265 3810 obtinuit,
3296 3762 3406 3799 cum
3429 3742 3719 3798 Alexandrum.

2249 3833 2341 3899 qui
2372 3843 2495 3886 ante
2529 3849 2644 3886 eum
2676 3833 2875 3902 fuerat,
2906 3838 2967 3888 ob
2998 3838 3226 3890 occisam
3256 3847 3458 3890 matrem
3480 3836 3587 3890 cit'es
3611 3847 3718 3899 ικνκο

2251 3923 2440 3978 lerant.
2472 3923 2608 3977 Cum
2653 3924 3060 3994 posterioribus
3112 3928 3262 3984 libris
3295 3927 3574 3984 Sichardins
3606 3923 3717 3975 editio

2252 4015 2396 4070 facit.
2433 4018 2536 4069 Sed
2567 4031 2629 4070 ea
2660 4032 2747 4070 res
2780 4017 3010 4070 traditur
3041 4029 3252 4088 postea,
3282 4030 3334 4074 et
3361 4030 3435 4073 est
3463 4015 3578 4073 apud
3602 4011 3716 4066 lusti-

2251 4123 2378 4161 num
2427 4107 2562 4161 libro
2613 4123 2797 4161 xxxix.
2857 4107 2978 4163 1am
3022 4119 3084 4164 ut
3125 4112 3342 4164 omnino
3381 4111 3446 4164 sit
3475 4107 3532 4162 ad
3567 4101 3714 4159 Eusebii

2252 4209 2489 4253 utentem
2524 4201 2787 4268 impressa
2817 4200 2997 4265 lectio,
3029 4203 3251 4270 grandis
3281 4211 3444 4256 tamen
3472 4199 3570 4267 ejus
3593 4203 3651 4250 est
3673 4192 3714 4242 ab

2252 4293 2505 4348 histerica
2557 4292 2806 4353 veritate,
2857 4304 2952 4348 aut
2999 4306 3149 4349 certe
3193 4295 3402 4364 quidem
3434 4309 3461 4347 a
3495 4285 3712 4356 Porphyrio

2251 4386 2578 4452 dissensus;
2626 4383 2695 4438 ab
2735 4385 2838 4439 hoc
2871 4385 3016 4440 enim
3065 4387 3120 4440 in
3154 4385 3420 4456 Excerptis
3453 4381 3568 4452 apud
3593 4375 3713 4432 Scali-

573 4476 948 4530 Teutobodum.
1012 4475 1212 4529 Ducem
1284 4476 1429 4530 hunc
1497 4476 1690 4532 Florus
1763 4479 2149 4536 Teutobocnum
2183 4500 2226 4556 ο
2252 4492 2438 4548 gerum
2469 4493 2588 4547 pag.
2627 4477 2734 4530 225
2769 4477 3056 4543 discimus,
3109 4494 3216 4535 non
3268 4479 3363 4533 hoc
3401 4478 3583 4531 demum
3617 4476 3712 4556 anno

575 4574 732 4620 vocat
763 4583 776 4618 :
805 4573 933 4619 sunt
974 4575 1026 4619 et
1063 4569 1153 4634 qui
1192 4564 1614 4633 Teutonoidum;
1666 4571 1914 4640 plerique
1957 4582 2141 4628 autem

573 4671 708 4711 tuss.
740 4670 864 4709 cum
892 4655 1126 4710 Eusebio
1157 4655 1560 4721 Tentomodum,
1587 4670 1682 4714 aut
1708 4659 2142 4722 Tlteutomodum.

642 4746 758 4802 Col.
792 4746 918 4800 426.
954 4746 1176 4800 Thraces
1208 4764 1238 4800 a
1269 4746 1523 4802 Romanis
1566 4751 1708 4805 victi.
1749 4750 1991 4823 Scaliger
2034 4770 2146 4809 me-

573 4838 1001 4892 tachronistuum
1042 4838 1400 4906 quinquennii
1440 4839 1527 4893 hic
1561 4841 1904 4909 reprehendit
1937 4859 1998 4897 ex
2030 4843 2143 4900 0b-

572 4928 853 4996 sequentis
895 4937 951 4983 et
999 4928 1149 4983 Sexti
1193 4929 1313 4983 Rufi
1363 4929 1702 4992 testimonio,
1751 4935 1892 5002 quod
1937 4935 2140 4990 laudat.

571 5015 750 5070 Malim
787 5031 910 5085 ego,
959 5027 1020 5072 ut
1057 5032 1085 5070 a
1124 5017 1351 5088 Sigouio
1401 5017 1713 5074 Comment.
1749 5021 1802 5075 in
1849 5022 2038 5080 Fastos
2076 5025 2142 5086 ad

572 5123 663 5162 an.
697 5107 765 5162 U.
798 5105 860 5160 C.
891 5123 1085 5162 ochtx
1119 5124 1231 5163 rem
1266 5108 1470 5164 discas.
1501 5109 1681 5178 Quod,
1715 5114 1918 5182 inquit,
1956 5117 2022 5168 ad
2058 5128 2143 5170 res

571 5199 948 5255 Macedonicas
968 5200 1184 5264 attinet,
1217 5201 1623 5271 intelligendum
1650 5211 1754 5266 est,
1787 5214 1909 5271 post
1940 5203 2011 5258 M.
2045 5205 2144 5260 Mi-

571 5293 723 5349 nucti
757 5306 872 5346 cos.
906 5292 960 5345 in
989 5289 1360 5346 Macedoniam
1397 5292 1708 5361 imperium,
1752 5295 1956 5350 nullius
1992 5312 2146 5351 men-

570 5383 775 5439 tionem
812 5381 924 5436 lieri
954 5385 1045 5451 qui
1093 5383 1283 5436 consul
1314 5383 1368 5437 in
1399 5383 1771 5440 Macedoniam
1803 5387 1872 5441 ad
1905 5390 2145 5457 compri-

569 5475 800 5529 mendas
823 5473 1095 5528 Thracum
1127 5473 1515 5543 impressiones
1546 5477 1781 5532 venerit.
1806 5477 1989 5548 Neque
2017 5495 2146 5537 vero

575 5569 688 5620 tere
743 5567 880 5619 mitti
935 5567 1190 5620 consules
1228 5580 1292 5619 eo
1341 5575 1657 5636 potuerunt,
1721 5585 1845 5623 nam
1903 5570 2145 5637 Silanus,

570 5656 838 5720 Scaurus,
891 5653 1135 5718 Cassius,
1178 5654 1379 5723 Caepio,
1433 5653 1706 5722 Manilius.
1767 5658 1991 5726 Marius,
2050 5677 2146 5718 sex

575 5748 828 5799 consules
872 5747 1118 5816 deinceps
1152 5747 1381 5804 Galliam
1444 5749 1620 5805 sort'ti
1680 5763 1806 5808 sunt
1849 5771 1860 5806 :
1907 5753 2148 5812 Metellus

2249 4569 2399 4638 regni
2445 4568 2528 4623 sui
2569 4569 2784 4623 decimo
2815 4570 3072 4638 septimo,
3115 4571 3210 4626 sed
3246 4571 3357 4640 ipso
3383 4567 3561 4621 decimo
3581 4555 3713 4627 expul'

2247 4675 2368 4715 sum
2403 4659 2567 4713 fuisse
2601 4659 2948 4715 Ptolemaeum
3005 4661 3359 4730 Physcouem,
3403 4659 3710 4714 evocatutuque

2247 4750 2368 4818 ejus
2402 4748 2627 4804 fratrem
2659 4750 3028 4805 Alexandrum
3054 4768 3084 4805 a
3103 4752 3399 4820 CIeOpatra.
3429 4748 3524 4802 Nec
3544 4741 3708 4798 dicimus

2249 4850 2449 4904 tamen,
2496 4841 2628 4896 solis
2678 4841 2866 4896 decem
2908 4853 3198 4911 regnatum
3245 4843 3312 4894 ab
3361 4853 3420 4893 eo
3451 4849 3554 4891 esse
3583 4850 3594 4885 :
3623 4827 3707 4897 qui“

2249 4931 2358 4985 imo
2386 4930 2592 4985 solidos
2631 4930 2680 4985 ci
2711 4931 2896 4985 decem
2939 4941 2994 4984 et
3025 4942 3229 5000 septem
3275 4944 3390 4984 cum
3430 4921 3620 4980 Eusebio
3651 4915 3707 4968 lti-

2248 5020 2488 5084 buimus,
2521 5018 2611 5074 scd
2647 5033 2740 5075 eos
2774 5020 3000 5074 minime
3039 5021 3344 5098 continuos,
3369 5033 3476 5086 quae
3499 5013 3616 5084 prior
3641 5005 3707 5058 Eu-

2249 5111 2383 5166 sebii
2442 5112 2806 5168 hallucinatio
2839 5125 2945 5177 est,
3002 5114 3088 5170 cui
3127 5117 3295 5168 altera
3321 5109 3534 5166 succedit
3560 5106 3612 5160 de
3629 5101 3704 5154 aliis

2248 5213 2396 5271 octo,
2430 5214 2711 5275 postquam
2741 5217 3023 5262 revocatus
3065 5217 3170 5270 est,
3201 5205 3370 5261 annis.
3405 5201 3498 5257 Sed
3524 5213 3574 5253 ea
3603 5195 3650 5248 dc
3671 5205 3705 5242 re

2249 5311 2373 5351 mox
2408 5297 2512 5354 erit
2542 5297 2759 5354 dicendi
2808 5298 2983 5355 locus.
3028 5299 3246 5354 Interim
3301 5310 3457 5366 neque
3503 5299 3616 5347 recte
3641 5283 3702 5339 solt

2247 5391 2433 5445 decem
2458 5391 2769 5445 Alexandro
2790 5394 3144 5447 ascribuntur
3167 5399 3286 5462 post
3308 5389 3476 5443 lratris
3493 5381 3701 5440 exsilium:

2247 5483 2512 5550 siquidem
2577 5483 2684 5548 hic,
2728 5492 2869 5539 teste
2925 5485 3222 5556 Porphyrio
3277 5485 3325 5537 iu
3373 5478 3569 5534 laudatis
3598 5465 3702 5523 modo

2251 5573 2554 5643 Excerptis,
2603 5575 2810 5631 solidos
2848 5575 3033 5631 decem
3071 5587 3123 5632 et
3159 5585 3279 5630 octo
3322 5572 3461 5628 exsul
3501 5568 3603 5636 egit.
3643 5569 3702 5622 tl"

2249 5679 2384 5734 quos
2409 5666 2754 5722 continenter
2783 5667 3067 5736 imperium
3085 5655 3402 5720 'Alexander
3429 5657 3584 5714 tenuit.
3602 5647 3700 5704 Con-

2250 5757 2331 5812 fer
2378 5757 2712 5814 Dodwellum
2768 5758 2966 5830 smptus
3016 5758 3230 5818 laudata
3258 5755 3454 5812 dissert.
3503 5747 3556 5802 dc
3589 5745 3696 5795 2W
