4014 6196
405 338 542 403 ιοοδ

1660 358 1896 422 VALLA
1913 363 2037 424 RSI
2050 366 2070 424 l
2110 367 2347 433 NOT.E.

3513 397 3649 460 1005

398 449 837 519 Agatharchidis.
879 454 1060 512 Dictus
1089 456 1179 513 hic
1228 467 1310 515 cst
1357 461 1522 518 etiam
1563 467 1780 533 Aletes,
1808 469 1966 524 Ἀλε-
2000 477 2042 534 Λ
2087 475 2279 533 decem
2307 497 2407 551 pro
2441 484 2625 543 decem
2685 500 2739 546 et
2789 504 2914 552 octo
2937 497 3232 560 Alexandri
3301 518 3650 579 computatis

398 541 495 579 n-
2157 568 2188 579 ··
2378 573 2408 579 “
2478 577 2490 579 ’

396 541 517 608 ξᾶς.

469 631 588 686 Col.
621 633 749 689 426.
788 635 1098 707 Reg...snm
1139 643 1194 696 in
1223 643 1435 714 Sicilia,
1473 661 1575 706 ctc.
1614 651 1842 710 Videtur
1880 657 1966 711 hic

391 736 519 777 esse
546 723 767 794 integrae
798 731 1122 800 olympiadis
1155 739 1606 804 prochronismus
1643 762 1656 797 :
1689 746 1964 815 siquidem

391 827 520 871 ante
562 831 799 888 quatuor
853 839 1028 881 annos
1077 828 1335 898 Aquilius
1371 836 1564 890 consul
1617 839 1772 894 alteri
1825 840 1966 896 bello

394 906 590 965 Servili
628 911 790 968 ﬁnem
822 915 1124 987 imposuit;
1152 925 1295 991 quod
1329 927 1547 995 quidem
1580 945 1687 985 non
1722 931 1962 1000 biennio,

391 1010 452 1055 ut
488 1006 653 1058 sentit
688 1005 981 1073 Eusebius,
1017 1013 1109 1068 sed
1142 1029 1317 1071 annos
1348 1034 1513 1088 prope
1537 1032 1774 1090 quatuor
1801 1026 1965 1081 dura-

389 1095 487 1148 vit.
534 1095 715 1153 Testis
757 1098 1025 1158 Diodorus
1076 1105 1171 1162 lib.
1211 1123 1397 1164 xnt't.
1452 1111 1585 1169 Vide
1634 1124 1688 1168 et
1738 1114 1959 1172 Florum

386 1185 482 1240 lib.
515 1202 594 1249 nt.
629 1205 751 1258 cap.
799 1192 887 1248 l9.
1770 1254 1771 1257 η

454 1275 587 1331 lbid.
631 1279 736 1334 llic
789 1283 1124 1344 Ptolemaeus.
1181 1291 1507 1367 Pto.em:ens
1558 1299 1697 1369 Apio
1732 1302 1821 1358 hic
1854 1313 1958 1372 est,

381 1367 706 1440 Physconis,
744 1377 858 1434 sive
889 1379 1112 1438 Lathuri
1147 1385 1315 1443 frater
1342 1391 1563 1459 nothus,
1601 1367 1692 1464 qui
1728 1395 1956 1467 Cyrenis

383 1467 649 1532 regnavit.
689 1466 822 1537 Ejus
845 1473 1028 1529 obitus
1058 1479 1280 1546 optime,
1316 1481 1360 1536 si
1386 1484 1514 1550 quid
1546 1486 1702 1550 alias,
1729 1466 1782 1542 in
1817 1491 1962 1547 hunc

379 1565 586 1606 annum
623 1557 692 1610 ab
725 1558 962 1617 Eusebio
1004 1567 1296 1623 confertur
1351 1574 1494 1640 quod
1549 1574 1774 1632 Liviana
1837 1581 1962 1650 Epi-

377 1653 527 1700 tome
572 1662 695 1714 Lxx,
737 1661 792 1705 et
820 1668 956 1708 cum.
997 1659 1191 1726 primis
1247 1659 1422 1719 Julius
1461 1665 1778 1734 Obsequens
1823 1688 1946 1742 cap.

377 1735 485 1792 1υο
519 1741 826 1810 conﬁrmat,
882 1747 982 1805 Cu.
1040 1751 1279 1809 Domitio
1321 1767 1372 1811 et
1418 1757 1480 1814 C.
1536 1759 1726 1817 Cassio
1785 1780 1955 1828 coss..

375 1827 724 1899 Ptolemteus,
758 1836 1032 1906 inquiens,
1065 1858 1156 1897 rea:
1189 1845 1414 1917 zEgypti
1461 1850 1679 1921 Cyrenis
1714 1827 1952 1912 mortuus

371 1920 436 1975 S.
466 1922 532 1977 Ρ.
567 1923 633 1990 Q.
663 1925 960 1984 Rontanum
986 1938 1245 1992 lueret/em
1275 1920 1516 2011 reliquit.
1542 1945 1740 2001 Errant
1769 1949 1951 2020 itaque

369 2011 534 2083 longo
571 2016 855 2076 intervallo
906 2037 1030 2079 cum
1079 2029 1171 2083 alii
1223 2035 1564 2094 recentiores
1603 2040 1946 2113 chronologi,

328 2103 333 2105 ’
368 2113 484 2159 ιυιη
534 2107 868 2181 Simsonius,
904 2119 994 2186 qui
1025 2131 1147 2189 post
1181 2138 1352 2180 annos
1396 2131 1694 2198 sexdecim,
1730 2134 1846 2193 sive
1879 2140 1945 2191 ad

365 2199 603 2268 primum
631 2205 957 2277 Olympiadis
999 2213 1096 2268 I75
1118 2225 1330 2284 gestum
1371 2222 1478 2279 hoc
1502 2223 1704 2280 differt.
1742 2227 1940 2285 lterum

365 2293 592 2359 quidem
629 2295 899 2353 Eusebius
933 2303 1052 2373 ejus
1081 2309 1334 2364 meminit
1370 2312 1560 2369 ultimo
1591 2332 1736 2373 anno
1768 2321 1942 2390 olym-

360 2385 546 2452 piadis
583 2387 705 2454 l78,
743 2393 838 2445 sed
881 2409 945 2448 ex
977 2394 1210 2452 aliorum
1247 2403 1627 2473 antiquorum,
1672 2419 1729 2464 ut
1763 2385 1942 2468 facere

357 2486 526 2540 amat,
563 2483 855 2546 sententia,
894 2500 999 2540 non
1037 2503 1157 2555 sua,
1201 2489 1396 2562 Libya,
1424 2495 1618 2565 inquit,
1652 2516 1748 2570 per
1773 2512 1938 2558 testa-

357 2579 592 2623 mentum
617 2572 839 2642 Apionis
868 2580 1027 2648 regis,
1056 2579 1312 2638 Romanis
1338 2587 1544 2643 relicta.
1571 2589 1684 2647 Non
1709 2595 1933 2653 dubium

354 2659 491 2728 quin
551 2663 913 2737 Κυρηναϊκήν
950 2669 1161 2744 Λιϐύην
1209 2675 1374 2731 dicat.
1415 2679 1648 2739 Gravius
1706 2690 1964 2755 proinde

353 2764 608 2821 peccant,
655 2759 747 2827 qui
794 2761 934 2818 duos
979 2762 1306 2824 Ptolemaeos
1345 2771 1582 2840 Apionas
1615 2793 1677 2832 ex
1718 2783 1933 2848 gemino

355 2844 575 2900 Eusebii
614 2851 929 2907 testimonio
976 2859 1272 2914 commenti
1321 2872 1471 2928 sunt,
1519 2844 1798 2936 Sigonius,
1846 2872 1931 2926 in-

351 2951 542 3003 quam,
569 2938 664 2992 lib.
701 2956 714 2993 ι
747 2941 814 2996 de
842 2943 1086 3015 Antiquo
1107 2947 1234 3018 jure
1259 2954 1695 3024 provinciarum,
1718 2970 1772 3015 et
1798 2961 1928 3017 Sca-

351 3024 579 3094 liger,in
625 3031 954 3090 Euscbianis
992 3036 1142 3093 hisce
1194 3042 1786 3116 animadversionibus,
1833 3055 1926 3124 qui

349 3128 408 3170 et
456 3119 645 3173 volunt
697 3125 926 3180 alterum
977 3129 1339 3200 Cyrenarum,

354 3207 559 3282 Libyas,
590 3214 704 3268 sive
727 3217 1116 3286 Ammoniacaa,
1142 3238 1346 3294 regem,
1371 3239 1421 3281 et
1446 3238 1739 3304 utrumque
1768 3237 1932 3308 Apio-

357 3318 481 3358 nem
521 3321 641 3360 esse
679 3309 907 3366 dictum.
955 3313 1335 3374 Commentum
1370 3321 1628 3380 refutavit
1680 3327 1928 3388 Valesius

354 3391 410 3446 in
437 3396 580 3450 nmis
612 3398 678 3452 ad
711 3401 987 3459 Ammian.
1037 3405 1414 3467 Marcellinum
1459 3415 1556 3471 lib.
1607 3435 1738 3486 ml,
1775 3423 1829 3476 in
1859 3439 1928 3480 eo

351 3484 616 3541 duntaxat
677 3490 793 3560 ipse
843 3493 1006 3548 etiam
1063 3501 1392 3569 culpandus,
1441 3509 1584 3576 quod
1632 3509 1687 3564 in
1726 3484 1925 3568 eadem

345 3577 612 3646 opinione
645 3593 920 3638 versatum
956 3585 1125 3643 fuisse
1158 3590 1474 3663 E‘usebium,
1507 3608 1561 3653 et
1589 3599 1782 3659 fecisse
1809 3605 1927 3660 lau-

345 3668 493 3723 datis
548 3672 758 3728 criticis
816 3675 1021 3746 fucum,
1081 3684 1312 3750 putavit.
1375 3685 1666 3760 Caeterum,
1725 3698 1924 3766 inquit,

346 3759 488 3815 duos
540 3761 712 3818 fuisse
758 3765 1080 3826 Ptolernzeos
1138 3773 1398 3842 Apionas,
1459 3794 1733 3851 nunquam
1786 3787 1920 3842 mihi

345 3852 461 3917 ipse
504 3856 828 3921 persuadere
876 3861 1049 3926 potui,
1101 3877 1280 3932 neque
1336 3869 1469 3923 tanti
1518 3882 1600 3928 est
1655 3879 1798 3945 apud
1836 3898 1919 3938 me

341 3941 540 3995 horum
583 3944 742 3999 trium
787 3942 1118 4016 scriptorum
1159 3952 1261 4008 hac
1295 3955 1346 4009 in
1383 3970 1537 4028 parte
1566 3969 1864 4025 auctoritas
1900 3987 1916 4025 :

342 4036 578 4090 maxime
609 4051 732 4091 cum
768 4038 976 4104 Livius,
1009 4053 1063 4097 et
1096 4045 1409 4116 Eutropius,
1444 4050 1713 4118 Justinus,
1756 4072 1919 4133 atque

341 4128 624 4196 Appianus
646 4129 782 4184 una
814 4131 1083 4189 Bellorum
1111 4137 1258 4193 civil.
1287 4149 1340 4194 et
1372 4141 1424 4196 in
1459 4143 1562 4200 line
1594 4128 1915 4219 Mithridat.,

341 4236 510 4273 unum
574 4220 920 4278 Ptolemaeum
984 4227 1248 4295 Apionem
1322 4233 1663 4303 Cyrenarum
1724 4260 1906 4316 regem

339 4321 662 4379 agnoscant,
698 4311 970 4368 Ptolemaei
1025 4315 1320 4386 l‘bysconis
1352 4337 1414 4376 ex
1454 4326 1647 4392 pellice
1691 4311 1858 4386 filiu'm
1897 4351 1910 4387 :

337 4417 498 4469 quem
540 4403 735 4457 Cicero
777 4405 829 4458 in
861 4422 895 4460 ιι
926 4415 1120 4462 contra
1163 4409 1404 4478 Rullum,
1452 4425 1507 4470 et
1540 4416 1762 4476 Tacitus
1811 4425 1908 4480 lib.

333 4510 447 4559 xiv,
479 4509 540 4548 ac
573 4495 893 4566 Eutropius,
931 4499 1196 4568 Apionem
1238 4505 1562 4574 simpliciter
1607 4516 1905 4582 appellant.
1935 4499 1992 4559 Ῑ)

331 4589 511 4656 Atque
541 4590 627 4643 hic
659 4590 984 4647 Ptolcmmus
1017 4595 1258 4652 moriens
1299 4599 1634 4668 Cyrenarum
1681 4621 1910 4676 regnum

331 4683 530 4751 populo
564 4697 791 4736 romano
824 4684 1059 4753 reliquit.
1116 4687 1449 4756 Cyrenarum
1506 4706 1687 4752 autem
1741 4715 1909 4771 regno

333 4776 503 4828 etiam
537 4776 736 4830 siccior
758 4776 928 4847 Libya
967 4787 1096 4833 tunc
1117 4782 1336 4850 quidem
1363 4785 1764 4855 continebatur,
1789 4808 1908 4860 qua:

330 4867 493 4934 longe
531 4877 712 4936 postea
746 4883 776 4921 a
808 4868 1106 4939 Cyrenaica
1152 4887 1246 4926 seu
1293 4871 1579 4944 Pentapoli
1630 4880 1904 4950 disparata

327 4967 438 5018 cst,
476 4967 534 5012 ut
568 4958 890 5014 Ammianus
923 4977 1084 5017 sunra
1117 4973 1367 5019 testatur.
1398 4967 1517 5032 Quo
1549 4970 1711 5039 igitur
1741 4974 1908 5036 Apio-

325 5049 417 5102 nis
454 5051 600 5103 illius
649 5053 793 5119 regis
843 5051 1025 5122 Libya:
1072 5059 1429 5112 commentitii
1483 5068 1904 5118 testamentum?

323 5157 452 5194 cum
485 5157 549 5194 ex
586 5142 860 5197 Ptolemaei
889 5143 1228 5214 Cyrenarum
1259 5149 1401 5218 regis
1434 5159 1759 5209 testamento
1791 5159 1904 5212 haec

325 5235 583 5287 universa
611 5250 742 5303 pars
783 5234 960 5305 Libyae
994 5235 1255 5294 Romanis
1304 5241 1416 5309 jam
1454 5245 1629 5314 legata
1687 5247 1897 5304 fuisset.

331 5327 418 5377 An
454 5325 507 5379 id
545 5342 782 5395 unquam
832 5328 1089 5383 tacuisset
1124 5327 1278 5385 Titus
1326 5331 1552 5388 Livius?
1595 5338 1749 5408 cujus
1795 5340 1899 5394 etsi

322 5417 450 5470 libri
503 5419 926 5483 interciderunt,
965 5419 1242 5489 Epitomas
1296 5431 1496 5488 tamen,
1554 5441 1648 5482 seu
1695 5433 1897 5498 potius,

323 5519 387 5564 ut
441 5513 714 5580 appellare
770 5514 952 5578 soleo,
1015 5515 1269 5585 prologos
1326 5519 1557 5572 maxima
1619 5523 1897 5578 diliucntia

318 5605 606 5660 confectos
646 5605 946 5682 habemus._

395 5697 516 5750 Col.
559 5701 682 5753 625.
723 5699 794 5753 Χ.
828 5699 1163 5760 Ptolenneus.
1195 5700 1356 5757 Redit
1401 5716 1676 5775 utcunque
1720 5706 1894 5762 Euse-

318 5788 445 5843 bius
471 5789 527 5844 in
562 5791 729 5858 viam,
779 5794 879 5849 hoc
915 5794 1134 5850 demum
1171 5812 1318 5852 anno
1370 5800 1704 5869 (quanquam
1763 5802 1894 5858 solis

1390 3137 1624 3194 alterum
1679 3143 1927 3203 siccioris
1956 3169 1999 3229 ο
2035 3137 2214 3230 patrua-
2245 3179 2446 3232 annus,

2076 568 2309 624 reditum
2375 573 2653 636 Ptolemaai
2710 583 2958 649 Lathuri.
3005 591 3142 661 sive,
3204 607 3262 651 ut
3313 600 3647 668 dicebamus,
3705 589 3715 600 ’

2082 657 2404 728 Physconis,
2443 671 2745 729 asc-ribens.
2783 676 2980 736 Recole
3015 687 3151 740 adeo
3196 704 3316 757 quae
3371 707 3537 763 supra
3567 699 3651 749 di-

2071 749 2252 806 ximus
2288 754 2352 808 ad
2387 756 2755 818 Alexandrum
2795 784 2808 822 :
2858 787 2981 826 nam
3015 778 3158 845 quod
3199 749 3402 848 spectat
3441 749 3647 857 iecepti

2067 842 2452 912 regniannos,
2495 856 2670 909 tenuit
2718 857 2771 911 id
2829 860 3101 921 Lathurus
3158 870 3375 939 quidem
3436 877 3650 947 reliquo

2067 933 2191 988 vita:
2221 953 2331 994 suae
2357 949 2620 1012 tempore,
2657 951 2748 1003 sed
2789 952 3016 1024 integris
3053 969 3175 1016 octo
3228 965 3388 1022 annis
3424 969 3472 1022 iu
3504 985 3642 1025 con-

2064 1026 2300 1093 stitisse,
2337 1035 2493 1102 quod
2526 1038 2638 1093 vult
2677 1039 2962 1111 Eusebius,
3013 1067 3200 1107 verum
3268 1072 3374 1112 non
3409 1061 3648 1117 videtur.
3695 1052 3707 1100 ἶ

2065 1117 2326 1185 Equidem
2360 1123 2619 1195 antiquus
2654 1148 2781 1187 mss.
2809 1138 2953 1206 apud
3011 1140 3321 1216 Potterum,
3385 1151 3646 1210 chronica

2066 1217 2221 1271 nota,
2256 1214 2418 1266 annis
2456 1226 2592 1279 orto,
2624 1227 3018 1293 praetermissa,
3041 1233 3339 1290 orationem
3365 1254 3469 1294 una
3504 1245 3648 1299 serie

2063 1301 2374 1367 continuat,
2419 1323 2705 1378 regressus,
2769 1327 2875 1372 etc.
2927 1319 3263 1396 Porphyrius
3325 1341 3503 1388 autem
3574 1338 3646 1390 ita

2065 1391 2331 1462 loquitur,
2364 1396 2640 1457 Dodwello
2678 1406 2998 1478 interprete,
3025 1391 3179 1484 quasi
3240 1422 3386 1477 solos
3438 1435 3644 1495 septem

2065 1498 2238 1540 annos
2263 1497 2314 1541 et
2340 1505 2430 1544 sex
2463 1509 2678 1552 menses
2714 1499 3040 1571 impleverit.
3075 1507 3226 1575 inde,
3282 1513 3466 1583 infert,
3525 1521 3643 1584 alii,

2064 1576 2155 1643 qui
2196 1578 2368 1646 iustos
2401 1583 2667 1642 duntaxat
2692 1606 2864 1648 annos
2923 1602 3308 1670 numerabant,
3359 1623 3532 1666 annos
3558 1617 3638 1667 ci-

2063 1667 2184 1722 dem
2212 1683 2335 1739 rost
2358 1678 2589 1732 reditum
2617 1693 2742 1738 octo
2769 1687 3034 1746 tribuunt.
3077 1693 3244 1760 Quasi
3282 1701 3538 1757 nimirum
3572 1711 3639 1761 ad

2064 1774 2264 1816 anntnn
2313 1777 2624 1834 spectarent
2655 1786 2904 1832 octavum
2933 1788 3253 1852 supervacui
3298 1790 3370 1844 illi
3399 1811 3639 1853 menses.

2063 1853 2234 1908 liabet
2274 1865 2452 1912 tamen
2484 1862 2586 1916 alia
2619 1864 2974 1939 Porphyrius,
3001 1889 3122 1944 qua:
3171 1881 3253 1958 ad_
3281 1899 3484 1940 annum
3539 1907 3637 1958 po-

2063 1944 2168 1998 tius
2198 1946 2228 1998 7
2265 1963 2479 2005 menses
2509 1953 2632 2010 illos
2655 1961 2975 2017 referendos
3007 1983 3130 2024 esse
3160 1954 3446 2034 suadeant.
3496 1983 3635 2053 Spa-

2057 2035 2194 2091 tium
2240 2041 2554 2100 universum
2584 2065 2611 2102 a
2645 2053 2812 2118 patris
2849 2058 3001 2114 obitu
3042 2065 3108 2117 ad
3160 2068 3366 2124 obitum
3424 2076 3634 2134 Soteris

2056 2129 2332 2186 concludit
2360 2151 2585 2192 numero
2607 2142 2683 2194 λε’
2710 2148 2973 2203 ἐνιαυτῶν
2999 2156 3137 2224 πρὸς
3172 2160 3335 2230 μηξὶν
3363 2165 3422 2230 ἒξ
3487 2167 3633 2223 Ilur-

2053 2235 2149 2275 sus
2174 2234 2361 2288 postea
2398 2245 2491 2283 sex
2535 2234 2673 2288 alios
2727 2253 2942 2297 menses
3001 2261 3269 2307 memorat
3321 2265 3630 2318 successori

2053 2314 2398 2384 tribuendos,
2436 2323 2484 2374 ei
2537 2331 2918 2402 συνεπλήρουν
2949 2340 3015 2393 τὰ
3057 2347 3352 2412 τριάκοντα
3404 2353 3463 2418 ἒξ
3507 2357 3625 2426 ἐτη.

2053 2404 2185 2426 Ιιλμμ
2234 2425 2239 2426 γ
2433 2415 2465 2426 ¹-
2595 2419 2607 2426 “
2750 2425 2754 2426 ⁷

3093 2404 3106 2412 .
3411 2404 3463 2418 -ῠ
3510 2404 3625 2426 "'t‘

2050 2404 2358 2479 lterumque
2397 2415 2491 2479 ait,
2526 2419 2656 2484 τοὺς
2689 2425 2898 2492 πάντας
2925 2433 3178 2501 (χρόνους
3202 2441 3436 2515 scilicet)
3475 2451 3539 2502 τὰ
3567 2451 3626 2517 ἒξ

2050 2498 2134 2517 -.μὶ
2274 2505 2288 2517 ⁸
2536 2509 2562 2517 ’³
2757 2515 2769 2517 ⁸

2048 2498 2140 2550 καὶ
2167 2505 2464 2570 τριάκοντα
2496 2509 2571 2579 τῷ
2597 2498 3388 2599 πρεσϐυτέρῴῖίπροσνέμονσι.
3418 2498 3433 2515 Ι
3453 2537 3518 2592 Ει
3550 2498 3625 2594 ta:

2046 2607 2167 2646 men
2204 2594 2416 2654 Soteris
2447 2602 2618 2672 ipsius
2653 2623 2923 2684 recenset,
2975 2625 3118 2676 κατὰ
3172 2594 3466 2701 δξαφόρους
3501 2639 3626 2707 χρό-

2043 2703 2186 2753 νους,
2227 2691 2501 2748 δεκαεπτᾶ
2539 2697 2631 2769 ἔτη
2668 2703 2760 2756 καὶ
2818 2711 2996 2780 μῆνας
3054 2715 3138 2783 ἓξ.
3186 2719 3292 2777 Pro
3347 2728 3623 2794 prioribus

2043 2795 2234 2849 nempe
2287 2787 2612 2846 rationibus.
2650 2794 2794 2853 Fieri
2826 2812 3020 2871 potest.
3052 2821 3108 2864 ut
3153 2812 3208 2867 in
3249 2787 3407 2886 primi
3453 2821 3616 2877 Sote-

2037 2879 2116 2933 ris
2140 2873 2384 2933 decennii
2427 2881 2531 2937 line
2550 2884 2602 2939 hi
2640 2889 2836 2951 fuerint
2864 2902 3182 2959 numerandi
3204 2923 3434 2977 menses,
3462 2927 3620 2982 spec-

2037 2977 2314 3048 tarintque
2369 2983 2433 3036 ad
2498 2999 2700 3041 annum
2739 2990 3040 3062 Cleopatrae
3079 2995 3166 3051 ll.
3224 2997 3298 3052 ita
3351 2977 3504 3059 fieret
3561 3018 3621 3061 ut

2035 3069 2090 3124 in
2119 3083 2436 3142 sequentem
2468 3093 2674 3134 annum
2706 3086 3114 3151 protrudendus
3160 3103 3304 3147 esset
3336 3095 3427 3150 ille
3459 3098 3618 3154 Cleo-

2507 3170 2652 3239 quod
2707 3187 2738 3228 e
2794 3173 3035 3246 Josepho
3086 3178 3197 3248 jam
3261 3185 3616 3252 probavimus

2034 3251 2200 3307 fuisse
2250 3256 2617 3317 verissimum.
2668 3261 2958 3335 Utcunque
3011 3281 3193 3328 tamen
3227 3275 3295 3330 56
3324 3291 3500 3334 annos
3551 3283 3606 3335 in

2035 3345 2356 3402 universum
2394 3355 2763 3412 numerandos
2792 3373 2913 3414 esse
2945 3375 3044 3428 pro
3079 3376 3260 3421 mente
3289 3365 3608 3440 Porphyrii,

2031 3450 2163 3489 sane
2193 3439 2540 3495 manilcstuut
2571 3454 2690 3511 est;
2740 3460 2834 3500 seu
2869 3450 3224 3509 redundarint
3253 3457 3307 3510 in
3342 3475 3611 3516 annorum

2029 3539 2259 3581 numero
2285 3544 2500 3586 menses
2529 3532 2630 3599 illi,
2665 3550 2758 3590 seu
2788 3541 2951 3592 etiam
2993 3541 3394 3603 defecerint.”
3425 3553 3602 3617 ipsum

2029 3617 2320 3674 conﬁrmat
2379 3623 2580 3680 celebri
2649 3629 2743 3682 illo
2799 3631 3032 3702 Appiani
3086 3637 3404 3694 testimonio
3456 3645 3551 3698 lib.
3587 3663 3606 3700 r

2029 3705 2162 3761 Bell.
2192 3708 2360 3775 civil.,
2405 3712 2494 3766 ubi
2526 3714 2736 3782 scribit,
2788 3717 3018 3784 Sullam,
3071 3724 3394 3793 Alexandri,
3419 3734 3509 3800 qui
3549 3734 3603 3788 in

2023 3796 2258 3868 .‘Egypto
2304 3815 2641 3872 regnaverat,
2679 3807 2846 3863 filium
2889 3811 2955 3864 ad
3022 3829 3080 3868 se
3132 3796 3604 3888 profugum-Ale-

2025 3885 2304 3944 xandrinis
2349 3907 2526 3960 r-gem
2559 3893 2790 3964 dedisse,
2827 3913 2986 3967 quem
3006 3902 3216 3959 decimo
3255 3925 3398 3964 neno
3449 3917 3596 3982 regni

2024 3977 2132 4041 die,
2168 3979 2310 4048 quod
2339 3981 2665 4038 insolentius
2701 4004 2760 4042 se
2787 3989 3026 4059 efferret,
3058 3995 3410 4055 Alexandrini
3472 4020 3594 4072 per-

2019 4079 2290 4124 emerunt.
2352 4071 2546 4143 Utique
2577 4078 2720 4131 euim
2773 4090 2894 4148 past
2927 4094 3150 4139 mortem
3191 4085 3416 4144 Lathuri
3460 4071 3601 4164 (ipse

2019 4173 2144 4213 eum
2175 4157 2422 4216 Soterem
2454 4167 2560 4220 alio
2612 4170 2833 4224 nomine
2867 4175 3044 4244 vocat)
3082 4177 3284 4234 missus
3316 4191 3419 4240 est.
3442 4186 3596 4252 regni

2018 4249 2238 4305 interim
2271 4253 2638 4322 gubernacula
2695 4269 2912 4316 tenente
2950 4265 3056 4318 filia
3108 4266 3336 4325 Lathuri
3369 4249 3595 4345 Cleopa—

2017 4349 2123 4395 tra.
2154 4342 2354 4398 Eodem
2390 4349 2615 4414 proinde
2641 4365 2789 4406 anno
2814 4368 2921 4420 quo
2954 4371 2984 4409 e
3010 4359 3145 4413 vivis
3172 4359 3446 4419 Lathurus
3477 4368 3594 4426 ipse

2015 4432 2320 4489 decesserat
2351 4455 2365 4502 ;
2427 4455 2532 4493 non
2572 4458 2713 4496 anno
2760 4456 2906 4498 certe
2941 4449 3070 4513 alio,
3099 4467 3224 4506 cum
3277 4471 3342 4509 ne
3371 4459 3591 4524 quidem

2016 4540 2232 4580 menses
2283 4529 2374 4597 qui
2428 4531 2654 4585 deerant
2721 4537 3051 4596 aJ'Latburi
3088 4531 3274 4600 annos
3297 4547 3589 4606 absolven-

2015 4619 2136 4686 dos,
2165 4620 2248 4677 his
2277 4626 2520 4694 (propter
2545 4630 2704 4696 regni
2743 4632 3080 4708 brevitatem)
3104 4641 3397 4696 attributes
3424 4653 3592 4699 teste-

2015 4719 2104 4764 tur
2160 4712 2673 4792 ipse_l’orphyrius.
2747 4723 2824 4776 Eo
2879 4736 3058 4780 autem
3106 4746 3254 4785 anno
3301 4733 3589 4791 missuma

2015 4799 2187 4857 Roma
2254 4805 2620 4863 Alexandrum
2675 4815 2839 4868 tradit
2902 4819 3198 4888 Appianus,
3227 4825 3319 4890 qui
3355 4841 3388 4877 ιι
3423 4829 3588 4883 Sulla:

2009 4895 2377 4960 consulatum,
2409 4913 2517 4966 quo
2540 4901 2798 4972 collegam
2833 4905 3021 4960 habuit
3049 4909 3114 4972 ρ.
3149 4911 3426 4970 Caecilium
3469 4917 3581 4974 Me-

2010 4983 2194 5038 tellum
2266 4987 2446 5054 Pium,
2508 4992 2749 5058 proxime
2815 4999 3111 5064 praecessit.
3154 5001 3203 5056 is
3263 5013 3441 5061 autem
3477 5025 3584 5065 non

2007 5074 2145 5127 alius
2177 5084 2278 5154 est,
2311 5093 2470 5143 quam
2504 5079 2877 5136 Varronianus
2913 5085 3040 5152 675,
3066 5103 3190 5143 cum
3221 5108 3330 5162 quo
3359 5093 3583 5152 Lethuri

2005 5178 2184 5216 annus
2211 5176 2525 5234 postremus
2554 5175 2854 5229 concurrit.
2892 5178 3168 5234 Addemus
3218 5184 3364 5240 aliud
3412 5203 3576 5256 argu-

2005 5263 2251 5308 mentum
2317 5273 2379 5311 ex
2440 5260 2726 5327 ipsiusmet
2778 5263 2996 5322 Eusebii
3054 5275 3356 5330 rationibus
3416 5279 3577 5347 paulo

2001 5356 2148 5415 post,
2178 5347 2267 5400 ubi
2303 5351 2369 5403 de
2400 5349 2662 5422 Dionyso.

2070 5436 2188 5491 Col.
2222 5438 2350 5492 4‘25.
2403 5441 2544 5495 Titus
2603 5441 2904 5503 Lucretius.
2957 5448 3072 5504 lluc
3120 5463 3369 5520 spectare
3422 5470 3576 5513 aiunt

2001 5526 2131 5580 illud
2168 5527 2320 5582 Statii
2354 5531 2448 5585 lib.
2489 5550 2549 5598 tt,
2587 5533 2732 5605 Sylv.
2774 5577 2820 5602 ..,
2853 5555 2995 5594 vers.
3035 5542 3143 5598 76:
3179 5544 3572 5617 Etdoctifnrar

1998 5615 2200 5669 arduus
2236 5616 2488 5674 Lucreti:
2516 5637 2828 5695 quanquam
2884 5629 2934 5682 id
2968 5628 3249 5686 Fabricius
3285 5636 3336 5689 in
3368 5638 3566 5694 bonam

1997 5717 2202 5777 partem
2236 5712 2399 5766 sumit
2429 5728 2526 5784 pro
2548 5718 2961 5790 ὲνθουσιασμῷε
2999 5738 3176 5792 neque
3208 5727 3352 5781 enim
3386 5734 3568 5786 credi-

1995 5801 2102 5858 bile
2131 5809 2215 5861 est
2246 5803 2343 5872 illi,
2383 5816 2488 5864 tam
2525 5809 2701 5868 bonos
2731 5827 2826 5883 per
2849 5814 3135 5872 intervalla
3190 5817 3417 5878 insania:
3466 5841 3566 5896 pu-
