4014 6196
545 343 676 400 lll'd't

1811 331 2208 386 \‘ALLARSII
2244 328 2483 388 ΝΟΤιΕ.

3570 337 3664 405 ιοιιι

552 452 731 506 tuisse
754 448 923 504 libros
965 439 1265 501 conscribi.
1290 436 1529 494 Etatem
1555 436 1671 508 eius
1697 437 1838 506 quod
1882 446 2117 506 spectat,
2150 447 2195 499 Α
2230 438 2421 511 Itaque
2450 438 2514 497 ϐ.
2551 439 2759 496 Marius
2789 440 2980 497 eximie
3026 440 3086 499 L.
3144 442 3357 500 Plotium
3383 448 3670 524 diluiuum

551 548 828 597 t’ontacus
887 552 941 589 tn
1001 534 1150 588 curis
1211 529 1629 599 pasterinrihus,
1679 545 1818 581 anno
1864 528 1953 594 lt,
1989 543 2110 583 cum

555 637 761 706 pridem
794 630 952 685 editis
990 624 1216 681 rest-tibi
1244 624 1409 694 jussit
1443 638 1540 694 pro
1575 622 1679 689 43;
1734 636 1972 691 cumque.
2011 637 2115 675 nu-

551 741 757 787 merum
797 722 1113 777 Parmensis
1144 735 1359 790 quoque
1382 718 1524 787 apud
1568 733 1669 771 nos
1705 731 1809 772 tns.
1848 714 2066 784 praefert
2100 729 2114 767 :

2229 534 2441 604 ingenio
2491 535 2711 602 putabat
2757 552 2818 590 ea
2877 551 2993 603 qua:
3041 548 3280 605 gesserat,
3305 556 3437 608 posse
3465 544 3672 604 celebrari.

2225 623 2529 681 Lambinus
2549 625 2622 680 ibi
2655 626 2825 681 edidit
2858 623 3151 683 Plautium.
3183 627 3253 684 lbi
3286 640 3410 687 recte
3428 632 3678 692 JanusGru-

2219 724 2392 781 terns,
2431 717 2648 772 idemid
2670 717 2880 789 quidem
2941 718 3204 787 Plautius,
3254 723 3340 790 ait,
3387 725 3465 778 sed
3500 726 3608 795 libri,
3642 742 3678 785 st

553 818 781 875 Palatini
850 826 1056 879 autem,
1111 823 1248 869 teste
1306 810 1783 872 Schurzlleischio,
1840 809 1988 864 solos
2047 807 2120 863 d5
2219 808 2378 874 edidi,
2398 809 2598 881 Plotius
2622 810 2831 866 habent.

548 912 773 966 habent.
842 908 1065 963 \'0ssius
1127 906 1367 961 triennio
1421 904 1601 959 adhuc
1654 902 1819 955 citius
1876 898 2118 953 Lucretii

550 1012 782 1059 mortem
821 1002 1107 1069 consignat
1160 1014 1224 1052 ex
1289 998 1556 1063 scriptore
1582 993 1722 1049 Vitze
1752 992 1982 1062 Virgilii,
2025 991 2120 1060 qui

547 1110 615 1150 eo
643 1095 731 1150 die
762 1093 988 1164 periisse
1012 1091 1161 1144 illum
1195 1101 1444 1149 testatur,
1479 1102 1585 1157 quo
1618 1086 1767 1140 Maro
1797 1097 1970 1155 togam
1995 1083 2123 1138 viti-

549 1187 655 1242 lem
710 1184 962 1253 sumpsit.
1010 1183 1115 1237 Sed
1168 1191 1377 1235 suntet
1419 1181 1511 1249 qui
1547 1180 1760 1242 eodem,
1815 1192 1925 1248 quo
1962 1186 2124 1232 natus

554 1286 641 1333 est
669 1276 932 1346 Virgilius
954 1276 1065 1338 die,
1104 1274 1415 1328 Lucretium
1451 1271 1877 1327 fernutobiissc.

620 1369 742 1426 Col.
775 1370 900 1424 496.
936 1367 1054 1421 Huc
1081 1384 1240 1438 usque
1272 1366 1451 1438 Syria,
1490 1376 1598 1420 etc.
1663 1365 1720 1418 ltt
1768 1364 1974 1419 Graecis
1999 1405 2016 1430 ,
2052 1365 2128 1418 ait

554 1461 816 1531 Scaliger,
883 1463 1106 1515 stetisse
1162 1460 1368 1513 dicitur
1401 1458 1573 1529 Syrize
1617 1471 1845 1526 regnum
1904 1457 2000 1524 ἐτη
2053 1463 2131 1523 σν(

549 1570 649 1625 pro
685 1552 797 1621 σλ’;
836 1553 979 1621 quod
1017 1550 1364 1605 intervallum
1410 1567 1435 1601 a
1479 1558 1656 1602 morte
1700 1547 1990 1601 Alexandri
2029 1547 2125 1600 dc-

549 1648 776 1701 dttctum
826 1643 989 1697 desiit
1047 1644 1100 1696 in
1153 1658 1307 1696 num.
1393 1639 1552 1694 19H.
1610 1640 1716 1694 Sed
1778 1640 1905 1709 quia
1960 1638 2131 1709 Syriae

552 1751 784 1805 regnum
821 1735 1039 1802 deiecit,
1072 1733 1363 1789 AntiOchia
1416 1748 1443 1785 a
1477 1732 1739 1785 Romanis
1768 1744 1948 1801 capta,
1977 1746 2129 1789 num.

2293 901 2431 958 Ibid.
2470 904 2534 959 C.
2591 901 2835 958 Valerius
2879 901 3117 958 Catulus.
3164 904 3272 960 Non
3302 905 3441 977 igitur
3466 908 3681 977 Sirmione,

2231 1004 2292 1050 ut
2339 996 2673 1050 recentiores
2696 996 2943 1051 nonnulli
2973 995 3295 1063 existimant,
3316 1007 3364 1052 et
3390 1015 3530 1070 nuper
3542 1003 3685 1059 sciolos

2223 1087 2445 1158 quidant
2476 1086 2672 1143 Catulli
2694 1087 2876 1143 editor
2906 1087 3231 1144 blateravit:
3260 1090 3343 1159 qui
3366 1105 3472 1144 cum
3494 1093 3534 1146 id
3555 1095 3687 1150 conlc-

2224 1182 2368 1236 cisse
2397 1193 2456 1234 se
2499 1179 2840 1247 potissimum
2874 1194 2940 1233 ex
2997 1194 3062 1233 eo
3095 1188 3261 1249 putat,
3290 1180 3417 1249 quod
3445 1183 3500 1236 de
3520 1182 3685 1239 llunici-

2227 1270 2317 1340 pio
2370 1268 2619 1324 Catullus
2674 1284 2735 1325 se
2783 1269 2930 1324 dicat
2995 1261 3164 1323 carm.
3201 1270 3260 1323 Π
3317 1271 3416 1342 (ubi
3450 1272 3689 1344 Municipem

2229 1378 2386 1416 suum
2422 1365 2609 1417 nescio
2638 1376 2801 1432 quem
2838 1362 3116 1418 hominem
3179 1364 3425 1419 insulsum
3458 1367 3689 1433 vocat),al-

2230 1471 2338 1525 que
2363 1456 2501 1511 adeo
2536 1470 2642 1509 non
2675 1453 2917 1521 Verona,
2970 1473 3091 1526 qua:
3148 1458 3348 1513 colonia
3371 1468 3502 1514 erat:
3529 1476 3593 1513 nte
3629 1462 3691 1514 ille

2230 1548 2362 1618 quid
2413 1546 2791 1616 municipium,
2845 1547 3045 1617 quidve
3095 1549 3298 1603 colonia
3344 1550 3463 1617 apud
3508 1551 3691 1620 auliun

2237 1639 2528 1709 signiticet,
2565 1649 2619 1695 et
2642 1654 2805 1710 quam
2841 1655 2985 1719 ξιξερο
3008 1640 3308 1712 promiscuo
3328 1656 3470 1696 sensu
3504 1642 3691 1709 apudeos

2234 1739 2508 1797 sumatur,
2535 1747 2760 1802 prorsus
2789 1732 3024 1802 ignorat.
3049 1731 3155 1789 Sed
3188 1748 3350 1802 neque
3373 1733 3503 1788 locus
3544 1733 3611 1787 hic
3639 1742 3692 1786 est

554 1801 730 1894 illi)?»
766 1828 908 1882 idem
947 1841 976 1880 a
1018 1801 1190 1880 morte
1226 1823 1520 1878 Alexandri
1557 1822 1762 1877 iuerint
1816 1823 1944 1877 anui
1996 1820 2124 1883 9.60,
2160 1801 2202 1856 Β
2229 1823 2295 1876 al
2336 1801 2681 1880 docendum:
2718 1832 2775 1880 et
2807 1801 2970 1879 nimis
3005 1827 3175 1879 multa
3227 1801 3346 1880 sunt
3390 1839 3513 1894 quia,
3562 1834 3695 1893 praeter

552 1937 662 1975 non
682 1920 814 1986 250,
846 1934 877 1973 a
911 1919 1160 1983 Seleuco,
1194 1915 1341 1970 unde
1374 1931 1561 1969 verum
1597 1915 1810 1969 initium
1840 1915 1992 1985 regni
2024 1913 2130 1984 Sy-

552 2015 648 2067 riae
707 2012 811 2066 247
843 2049 859 2077 ,
909 2010 1002 2080 qui
1032 2022 1292 2062 numerus
1344 2007 1592 2075 proxime
1622 2007 1777 2060 abest
1805 2019 1834 2059 a
1865 2004 2130 2059 ov'.Diee¢

553 2120 678 2159 mus
705 2105 805 2157 hac
833 2101 901 2155 de
938 2100 1143 2167 epoclta
1184 2114 1281 2153 nos
1322 2097 1494 2152 iusius
1525 2096 1928 2166 inlraladnum.
1969 2096 2130 2153 1948.

634 2194 767 2251 lbid.
826 2193 1032 2248 Bellum
1090 2192 1365 2245 adversum
1426 2189 1716 2245 Romanos;
1778 2188 1975 2243 Eadem
2024 2189 2133 2241 ler-

553 2307 643 2347 me
676 2292 835 2346 verba
868 2298 994 2343 sunt
1022 2285 1263 2354 Eutropii
1307 2283 1404 2338 lib.
1429 2298 1486 2348 v,
1529 2297 1646 2352 cap.
1690 2282 1886 2351 qua:
1918 2290 1972 2335 et
1997 2282 2131 2337 Sea-

551 2383 686 2454 liger
712 2381 931 2437 laudat:
964 2379 1024 2436 In
1058 2377 1220 2432 Italia
1248 2376 1619 2449 grauissimum
1655 2372 1845 2428 bellum
1869 2373 2128 2441 Picentes,

556 2473 752 2535 Marsi,
808 2470 1118 2541 Peliguique
1175 2478 1469 2522 "iuuerunt.
1533 2466 1639 2521 Sed
1688 2483 1808 2537 quae
1855 2465 1907 2520 id
1961 2480 2132 2536 genus

555 2574 688 2621 sunt
721 2563 923 2634 quibus
954 2562 1100 2616 nulla
1131 2561 1274 2615 inest
1318 2559 1632 2626 dililcultas,
1671 2559 1783 2614 l'ere
1817 2556 2132 2614 dissimula-

556 2673 702 2713 tuus.

626 2749 765 2805 Ibid.
808 2747 908 2802 Hic
941 2745 1281 2800 Ptolentwus.
1338 2743 1467 2798 Erat
1535 2744 1623 2798 hic
1677 2742 1822 2798 illius
1879 2740 2132 2796 Antiochi

559 2843 752 2915 Crypi,
784 2850 840 2897 ut
874 2848 1091 2895 constat
1119 2854 1185 2894 ex
1245 2838 1483 2908 Josepho
1535 2837 1810 2907 Antiquit.
1855 2836 1954 2891 lib.
2010 2850 2131 2902 xm,

557 2955 681 3008 cap.
716 2938 811 3003 2|,
849 2951 955 2990 non
989 2933 1246 2989 Antiochi
1299 2932 1380 2987 Pii
1414 2942 1469 2987 et
1516 2932 1763 2996 Selenes,
1799 2940 1858 2985 ut
1889 2929 2134 3002 Scaliger

557 3041 739 3104 putat.
789 3030 1054 3101 Regnavit
1110 3029 1164 3083 in
1230 3037 1413 3097 partes
1463 3027 1635 3098 Syriae
1688 3043 1812 3082 cum
1857 3026 2176 3081 Demetrio'

2231 1917 2456 1974 Eusebii
2512 1918 2909 1983 testimonium,
2980 1928 3164 1973 natum
3242 1915 3445 1972 Veronze
3497 1917 3692 1972 Catullum

2228 2013 2507 2067 evincunt.
2535 2010 2802 2067 Caeterum
2864 2024 3112 2072 rectene,
3152 2026 3218 2065 an
3255 2025 3401 2065 secus
3427 2012 3586 2066 natalis
3619 2010 3695 2079 eius

2231 2105 2349 2164 dies
2380 2103 2511 2158 huic
2544 2119 2689 2159 anno
2712 2104 3025 2174 assignetur
3077 2103 3351 2175 (siquidem
3379 2103 3567 2165 nullum,
3599 2100 3696 2170 quod

2233 2198 2329 2254 alii
2354 2197 2728 2268 suspicantur,
2762 2194 3066 2251 numericis
3110 2194 3254 2249 ttotis
3299 2209 3508 2249 errorem
3558 2193 3713 2255 inesse,

2234 2290 2585 2361 perspicuum
2620 2304 2686 2373 ex
2719 2295 2831 2342 toto
2859 2296 3121 2344 contextu
3144 2288 3270 2358 eet),
3297 2285 3511 2340 dicemus
3529 2284 3696 2339 interius

2235 2383 2300 2436 ad
2328 2381 2572 2451 ejusdem
2609 2394 2812 2434 annum
2849 2378 3180 2448 θανάσιμον,
3235 2392 3337 2449 quo
3381 2377 3485 2434 loco
3525 2378 3591 2431 his
3620 2375 3698 2428 lor-

2236 2486 2380 2530 tasse
2413 2474 2506 2530 lict
2555 2475 2709 2539 satis,
2748 2473 2838 2543 qui
2877 2471 3024 2527 haud
3061 2479 3210 2527 recte
3243 2470 3507 2526 Eusebium
3529 2469 3701 2523 rationes

2235 2563 2584 2626 subduxisse,
2607 2563 2967 2619 contendunt.

2307 2656 2439 2711 Ibid.
2483 2655 2635 2725 Sylla
2666 2656 3004 2711 Athenienses
3034 2663 3234 2710 uastat.
3253 2654 3399 2724 Cepit
3450 2651 3571 2708 Sulla
3587 2648 3705 2704 Athe-

2234 2763 2335 2803 nas
2364 2748 2627 2803 Kalendis
2652 2746 2859 2804 Martiis
2888 2747 3190 2819 superioris
3223 2746 3447 2817 proxime
3467 2745 3598 2798 anni:
3618 2738 3707 2794 sub-

2236 2840 2365 2896 inde
2433 2851 2616 2896 antem
2684 2840 2911 2895 victoria
2944 2839 3241 2894 crudeliter
3287 2837 3468 2892 abusus
3501 2844 3583 2897 est,
3605 2830 3703 2901 quod

2236 2933 2424 2987 animo
2446 2940 2592 2987 esset
2625 2932 2677 2987 in
2707 2931 3067 2987 Athenienses
3100 2930 3461 2987 infestissimo.
3492 2927 3600 2982 Vide
3618 2925 3708 2977 Plu-

2238 3026 2486 3081 tarchum
2558 3025 2611 3079 in
2665 3025 2832 3094 Sylla,
2896 3033 2951 3079 et
3016 3024 3153 3095 περὶ
3204 3020 3513 3091 ἀδολεσχίας.
3537 3015 3713 3087 Scaliger

560 3126 790 3182 Euczero
826 3125 995 3179 fratre
1024 3140 1040 3193 ;
1073 3137 1136 3177 ac
1175 3122 1382 3178 diutius
1420 3137 1553 3177 sane
1583 3137 1746 3191 quam
1795 3121 2011 3178 duobus
2036 3136 2128 3175 an-
2164 3148 2210 3211 c
2247 3116 2477 3171 Athenas
2509 3130 2606 3184 pro
2634 3114 2975 3171 Athenienses
3005 3115 3158 3189 legit.

564 3220 674 3286 nis,
719 3229 777 3272 ut
838 3215 1112 3271 Eusebius
1165 3224 1447 3284 supputat,
1502 3229 1727 3282 regnum
1783 3214 1903 3282 ejus
1961 3214 2133 3269 stetit.

560 3307 776 3361 Potitus
804 3314 949 3359 certe
979 3314 1062 3360 est
1099 3303 1727 3371 Aotiochia,totiusque
1761 3300 1936 3374 Syria:
1969 3318 2136 3373 regno

563 3407 689 3467 post
710 3410 886 3451 annos
916 3398 1086 3450 l'erme
1117 3404 1244 3448 octo
1280 3395 1347 3449 ab
1378 3404 1662 3464 assumpto
1715 3394 2045 3459 diademate,
2081 3401 2138 3448 et

561 3498 855 3559 postquam
949 3487 1286 3546 Uetnetrium
1352 3486 1495 3542 bello
1563 3495 1914 3557 superasset,
1988 3487 2135 3541 circa

562 3582 887 3655 olympisdis
950 3579 1073 3634 1⁸15.
1148 3580 1329 3635 linem.
1395 3582 1697 3648 Oppressus
1731 3579 1927 3635 deinde
1972 3589 2058 3633 est
2107 3594 2136 3632 a

562 3663 815 3734 Gabinio,
849 3688 972 3726 cum
1015 3671 1067 3726 in
1109 3670 1403 3741 IEgvptum
1437 3672 1814 3736 contenderet,
1853 3670 2140 3741 suppetias

567 3765 952 3821 Alexandrinis
980 3765 1213 3833 laturus.
1248 3763 1465 3820 Videsis
1520 3762 1883 3834 Porphyrium
1949 3766 2001 3817 in
2039 3763 2139 3817 Ex-

564 3858 772 3929 cerptis
800 3857 1063 3927 Scaltgcri
1098 3871 1225 3929 pag.
1265 3856 1390 3910 227.
1431 3857 1605 3910 Porro
1657 3856 1983 3918 Aulim-bus,
2047 3857 2138 3927 qui

566 3953 623 4005 in
686 3948 921 4003 Parthos
983 3947 1228 4019 fugiendi
1290 3945 1579 4001 consilium
1640 3956 1885 4015 ceperat,
1942 3946 2142 4002 deinde

565 4040 828 4110 Pompeio
859 4055 920 4094 se
955 4038 1203 4099 tradidit,
1236 4037 1492 4092 Antiochi
1532 4037 1611 4091 Pii
1662 4037 1825 4102 illius,
1883 4037 2140 4093 Antiochi

567 4128 821 4201 Cyziceni
881 4144 1049 4198 nepos
1111 4128 1232 4183 fuit.
1287 4126 1509 4183 Gestum
1561 4138 1740 4182 autem
1809 4128 1913 4183 hoc
1965 4129 2142 4200 ipsum

571 4232 697 4289 post
734 4235 908 4275 annos
949 4220 1176 4290 contigit
1215 4236 1325 4274 non
1364 4234 1497 4274 sane
1535 4235 1760 4289 paucos.
1827 4218 1958 4276 Vide
2013 4219 2141 4274 Dio-

568 4330 717 4379 nem,
752 4323 806 4368 et
844 4313 1152 4384 Appianum
1193 4314 1245 4367 in
1301 4312 1561 4384 Syriacis,
1596 4311 1871 4368 Justinum
1922 4327 2144 4383 quoque

566 4405 662 4461 lib.
695 4423 782 4461 ιιι..
1034 4404 1037 4407 ’

642 4497 764 4552 Col.
798 4497 924 4551 4'25.
973 4494 1178 4549 Plotius
1200 4495 1407 4552 Gallus.
1442 4495 1544 4550 Ms.
1590 4496 1923 4560 Parmensis,
1971 4493 2146 4550 Ploti-

572 4603 694 4648 nus.
736 4588 840 4640 sire
877 4585 1065 4640 Potius
1098 4588 1329 4651 primus,
1358 4597 1504 4651 etc.;
1566 4596 1678 4641 tum
1709 4588 1974 4653 absolute,
2043 4605 2147 4643 coe-

571 4679 712 4747 pisse
776 4676 1043 4731 Plotinum
1092 4677 1394 4748 quemdam.
1469 4677 1789 4733 Econtrario
1847 4680 2032 4747 habet,
2084 4694 2149 4735 ac

572 4772 750 4840 primo
771 4771 1036 4825 duntaxat
1066 4775 1188 4825 loco
1212 4770 1405 4825 tertius
1424 4769 1723 4838 Palatinus,
1753 4780 1888 4827 teste
1913 4770 2151 4827 Schutz-

573 4864 842 4928 lleisehio,
881 4862 1111 4926 Plotius,
1142 4863 1252 4917 sive
1276 4861 1563 4919 Plotinus:
1597 4863 1741 4933 quod
1779 4872 1834 4921 et
1869 4871 2027 4935 putat
2059 4864 2148 4919 ille

575 4957 805 5011 Grtcculi
840 4956 1046 5012 librarii
1080 4966 1476 5014 commentum.
1527 4957 1664 5013 Tum
1711 4957 2016 5024 Ciceronis,
2069 4958 2169 5013 in-'

575 5049 716 5116 quit,
746 5049 908 5102 verba
955 5048 1147 5103 Garcia
1172 5066 1200 5104 a
1235 5048 1451 5112 Loaisa.
1482 5049 1550 5106 ad
1582 5047 1790 5106 lsodori
1835 5049 2147 5106 Chronicon

498 5133 505 5140 ’
575 5157 633 5210 p.
654 5140 746 5202 «i7,
776 5139 848 5194 ita
883 5153 913 5195 e
939 5155 1040 5194 ms.
1070 5156 1172 5196 suo
1203 5142 1458 5214 castigat,
1510 5141 1750 5211 Amplius
1784 5144 2038 5197 memoria
2073 5153 2151 5197 te-

578 5251 696 5298 neo,
720 5242 826 5287 etc.
865 5230 1022 5301 Apud
1055 5230 1376 5289 Suetonium
1413 5246 1594 5289 autem
1625 5235 1692 5289 de
1719 5234 1867 5291 Clar.
1920 5232 2151 5291 Rhetor.

577 5341 695 5396 cap.
721 5325 779 5390 9.,
805 5340 964 5395 quem
1020 5325 1197 5379 locum
1251 5326 1615 5398 Hieronymus
1665 5326 1877 5392 laudat,
1930 5324 2151 5399 legitur,

582 5417 837 5489 Equidem
865 5416 1120 5471 memoria
1155 5424 1323 5472 teneo.
1390 5416 1661 5473 Caeterum
1697 5418 1840 5474 idem
1873 5418 1945 5475 ibi
1973 5433 2156 5491 gram-

578 5509 835 5572 maticus,
871 5507 1328 5576 quemadmodum
1351 5506 1403 5560 in
1427 5504 1757 5573 Eusebio,L.
1788 5507 1996 5563 Plotius
2024 5507 2153 5564 Gal-

580 5597 664 5650 lus
699 5607 944 5661 vocatnr,
981 5599 1074 5665 qui
1114 5598 1165 5651 in
1201 5596 1544 5669 Fragmentis
1577 5599 1954 5655 Ciceronianis
1984 5597 2152 5653 etiam

579 5687 634 5740 in
670 5688 1015 5743 Gronoviana
1043 5691 1303 5760 editione,
1342 5690 1590 5745 Plautius
1623 5693 1905 5747 scribitur.
1970 5692 2155 5746 Memi-

580 5779 662 5830 nit
691 5778 930 5844 eiusdem
966 5782 1124 5839 Plotii
1151 5783 1522 5853 Cicet‘o,0rat.
1556 5798 1654 5854 pro
1682 5784 1886 5840 Archia
1913 5799 2034 5854 cap.
2069 5782 2102 5838 9
2135 5799 2150 5839 :

2312 3208 2429 3262 Col.
2459 3206 2584 3265 426.
2615 3206 2971 3278 Descriptione
2998 3208 3184 3266 Romte‘
3206 3212 3364 3282 facta,
3395 3220 3490 3264 etc.
3537 3206 3583 3260 lu
3624 3203 3713 3258 Par-

2245 3300 2419 3355 mensi
2453 3316 2580 3364 ms.,
2607 3314 2664 3356 ut
2701 3311 2754 3356 et
2784 3306 2960 3373 primo
2996 3304 3269 3369 Palatino,
3292 3304 3494 3360 Inventa
3541 3296 3717 3379 suntho-

2244 3394 2444 3446 minum
2467 3408 2793 3449 cccccxxnv
2815 3395 3005 3453 millia.

2315 3482 2432 3539 Col.
2466 3483 2592 3540 425.
2637 3484 2911 3554 Templum
2976 3487 3265 3556 Apollinis,
3317 3497 3414 3542 cte.
3451 3482 3638 3543 Scimus,
3660 3478 3718 3531 in-

2245 3577 2365 3647 quit
2392 3575 2656 3646 Scaliger,
2686 3580 2794 3633 hoc
2828 3595 2975 3633 anno
3014 3580 3406 3641 Macedoniam,
3453 3579 3566 3630 duce
3589 3569 3718 3629 Taxili?

2250 3685 2281 3724 a
2322 3667 2635 3725 Thracibus
2659 3670 2955 3726 crudeliter
2983 3670 3316 3737 divexatam,
3353 3679 3405 3725 et
3433 3665 3718 3737 depopulatam

2248 3759 2455 3817 fuisse:
2524 3770 2579 3815 et
2636 3762 2895 3816 credibile
2946 3771 3030 3818 est
3094 3762 3334 3817 Thracas
3377 3760 3437 3815 ad
3460 3759 3579 3824 lines
3600 3764 3720 3821 usque

2248 3852 2517 3908 Phocidos
2549 3854 2884 3926 pervenisse,
2914 3865 2967 3911 et
2991 3854 3279 3925 Templum
3310 3844 3721 3909 succendisseNam

2249 3945 2314 3999 de
2344 3945 2568 3999 incenso
2595 3944 2811 3999 tertium
2833 3960 2862 3998 a
2896 3945 3204 4002 Thracibus
3238 3947 3417 4017 Pithyo
3441 3945 3548 3997 iano
3568 3942 3720 3993 constat

2248 4051 2316 4092 ex
2343 4037 2438 4092 lib.
2473 4052 2525 4092 tv
2567 4036 2865 4108 Praeparat.
2906 4037 3113 4112 Evang.
3153 4040 3215 4094 8|
3246 4057 3258 4093 :
3289 4040 3359 4091 Τὸ
3389 4039 3479 4107 μέν
3504 4052 3557 4111 γε
3588 4029 3725 4095 Asilo:-

2250 4130 2345 4183 κὺν
2378 4132 2718 4202 χρηστήριον
2772 4132 2957 4203 τρίτον
2989 4133 3097 4188 ὑπὸ
3131 4133 3360 4205 Θρᾳκῶν
3422 4123 3724 4199 ἐμπρησθῆναι

2251 4220 2474 4291 κατέχει
2535 4220 2694 4290 λόγος
2740 4240 2795 4275 κ.
2830 4241 2880 4276 τ.
2910 4224 2963 4279 λ.
2994 4222 3198 4279 Fertur
3230 4225 3366 4279 enim
3411 4221 3544 4276 tertio
3574 4210 3727 4281 Delphi-

2251 4330 2369 4369 cum
2399 4313 2673 4368 oraculum
2696 4314 2862 4384 fuisse
2887 4333 2921 4370 a
2947 4315 3239 4372 Thracibus
3274 4317 3534 4370 incensum.
3559 4307 3729 4363 Schan-

2252 4402 2533 4460 ﬂeiscbius
2567 4404 2682 4459 ait:
2727 4407 2784 4460 Ιιι
2838 4407 3170 4477 quibusdam
3229 4408 3380 4463 libris
3411 4405 3596 4476 legitur,
3621 4396 3728 4450 Teu-

2178 4506 2226 4567 D
2252 4495 2401 4569 plum
2449 4498 2602 4551 tertio
2638 4499 2782 4568 apud
2840 4498 3069 4571 Delphos
3104 4502 3391 4561 incensum,
3425 4492 3611 4548 omissis
3632 4485 3731 4538 νοεὶο

2252 4592 2377 4654 hus,
2411 4607 2443 4644 a
2477 4588 2791 4660 Thracibus,
2817 4606 2955 4658 quas
2987 4600 3169 4648 tamen
3209 4593 3413 4659 primus
3435 4584 3730 4642 Pal:tiuus,tt

2259 4680 2580 4738 Sicbardina
2622 4682 2813 4749 editio,
2875 4695 3204 4752 agnoscunt.
3265 4678 3541 4737 Pausanias
3566 4667 3727 4726 Phocic-

2252 4788 2378 4843 0³1).
2409 4772 2468 4838 5,
2507 4773 2596 4828 ubi
2634 4772 2748 4828 lata
2775 4773 2938 4845 hujus
2973 4775 3156 4838 templi
3183 4773 3314 4828 satis
3340 4766 3522 4838 alioqui
3550 4765 3733 4818 accurate

2251 4873 2603 4932 enarrantur,
2642 4879 2750 4919 non
2786 4872 2962 4932 notat,
2995 4874 3118 4935 post
3149 4864 3219 4919 58
3251 4853 3729 4934 olympiadetnl’annm

2258 4955 2408 5010 istud
2441 4955 2625 5011 denuo
2651 4956 3021 5021 combustum,
3045 4956 3139 5010 scd
3173 4970 3292 5019 cap.
3330 4953 3360 5007 7
3411 4966 3438 5004 a
3491 4944 3659 5002 Calatis
3679 4936 3734 4991 die

2254 5059 2464 5117 reptum
2519 5048 2898 5102 tantummodo
2956 5046 3172 5103 asserit.
3206 5046 3286 5101 Ad
3316 5040 3609 5113 Capitolium
3634 5023 3731 5125 qll‘lfl

2257 5139 2477 5205 θιιῖιιοι,
2512 5141 2628 5211 citis
2653 5139 3137 5210 conﬂagrationem
3179 5132 3513 5205 subsequenti
3540 5140 3656 5182 anno
3673 5118 3732 5215 alii

2254 5209 2552 5295 ascribunt,
2586 5229 2649 5285 L.
2684 5209 2935 5286 Cornelio
2965 5228 3224 5299 Scipione
3267 5237 3319 5281 et
3354 5225 3409 5278 C.
3438 5218 3652 5275 Norbano
3673 5209 3731 5260 l’i'

2255 5337 2388 5377 sone
2420 5337 2591 5380 coss..
2640 5331 2694 5376 et
2753 5320 2914 5391 hujus
2957 5324 3175 5391 quidem
3243 5318 3367 5375 anni
3411 5313 3565 5386 pridie
3608 5301 3733 5357 Nonas

2254 5413 2546 5480 Quintiles,
2577 5423 2635 5467 ut
2692 5414 3012 5485 prtcdictum
3067 5413 3173 5469 sibi
3231 5412 3438 5466 fuerant
3486 5419 3510 5455 a
3558 5391 3728 5485 dum"?

2253 5502 2514 5569 fanatico,
2549 5504 2845 5576 contigisse
2896 5504 3152 5559 narrabat
3215 5499 3386 5557 Sulla.
3416 5486 3661 5550 Sallustius
3681 5491 3732 5528 tl-

2256 5599 2461 5653 cesimo
2486 5607 2613 5652 ante
2646 5598 3075 5664 coniurationem
3095 5595 3341 5656 Catilina:
3368 5601 3495 5646 anno
3521 5580 3731 5675 incensum

2256 5690 2584 5760 Capitolium
2644 5701 2817 5753 notat,
2868 5693 3013 5759 quod
3040 5686 3325 5743 Cornelius
3351 5692 3549 5754 quoque
3567 5671 3732 5727 Τιιείιιις

2257 5782 2353 5839 lib.
2390 5774 2620 5853 ttt,’cap.
2651 5782 2741 5848 7'“),
2779 5782 3082 5838 conlirmat.
