4014 6196
382 330 527 393 1309

1641 341 2047 404 VALLARSH
2078 341 2322 406 ΝΟΤᾹΞ.

3486 355 3628 421 1010

445 443 566 497 Col.
599 443 724 499 426.
747 443 1003 502 lauimus
1043 464 1136 503 rex
1165 447 1506 506 Judazorum.
1568 452 1856 523 Papera'rn
1893 467 1949 509 ιιι
1981 468 2024 517 η
2056 456 2391 511 Mat-mtuum
2426 472 2465 512 ιι
2502 456 2733 514 Saturn.
2763 458 2819 513 2.
2859 458 3179 525 Ensehiani,
3217 478 3355 533 quos
3387 463 3631 535 Scaliger

370 534 658 589 Parmensi
711 550 816 590 ms.
846 547 901 591 ct
932 548 1130 606 quarto
1174 539 1443 607 Palatino,
1503 543 1737 612 aliisque
1799 547 1944 614 apud

371 625 897 682 Sz—hutzﬂeischium
928 629 1103 695 libris.
1143 632 1207 691 L.
1234 636 1467 689 Annwus
1510 635 1599 691 hic
1655 651 1755 706 pro
1802 636 1945 692 Jan-

278 726 284 731 ”
370 734 537 772 na'tts
569 719 787 786 legitur.

442 807 582 864 ibid.
623 808 879 865 Vicesimo
907 821 1123 868 sexto...
1152 822 1257 867 etc.
1288 812 1417 869 Post
1455 816 1594 872 duos
1632 818 1812 875 adhuc
1843 836 1947 876 aui-

374 916 478 952 nos
517 899 758 973 Scaliger
782 904 1096 973 periocbaln
1163 904 1305 961 hanc
1357 907 1557 973 dill'ert,
1585 926 1747 979 quam
1782 928 1949 982 porro

375 991 877 1051 Scburzﬂeischius
908 1004 1160 1063 testatur,
1210 1013 1242 1052 a
1267 1010 1502 1068 quatuor
1531 999 1948 1060 Palatinismss.

370 1082 528 1137 libris
567 1099 789 1152 prorsus
842 1089 1070 1153 abesse;
1119 1088 1290 1143 videri
1332 1102 1513 1146 autem
1559 1108 1624 1147 ex
1676 1096 1741 1149 Α.
1772 1095 1950 1152 Gellio

375 1174 473 1227 lib.
530 1190 619 1239 xv,
667 1190 785 1245 cap.
819 1177 911 1245 28,
970 1179 1039 1235 ab
1083 1180 1261 1236 aliena
1291 1198 1478 1248 manu,
1513 1186 1694 1241 saltim
1729 1204 1839 1242 non
1879 1191 1950 1245 ab

376 1263 614 1320 Eusebio
647 1267 737 1323 hic
760 1284 880 1325 esse
904 1271 1237 1328 inl'arcitam.
1265 1272 1579 1332 Parmensis
1605 1295 1715 1346 quo
1741 1281 1950 1336 utimur

374 1372 481 1410 tus.
512 1357 597 1413 hic
625 1358 730 1413 loci
761 1360 943 1426 refert,
977 1371 1296 1433 tantumque
1350 1365 1405 1420 in
1450 1383 1518 1424 eo
1551 1368 1767 1438 alludit,
1802 1371 1951 1442 quod

372 1446 522 1502 solos
545 1462 719 1503 annos
748 1449 820 1504 25
852 1451 944 1506 dat
965 1452 1242 1509 Ciceroni.

445 1539 564 1594 Col.
592 1539 721 1596 425.
749 1540 1020 1599 Terentius
1090 1545 1281 1604 Varro.
1346 1549 1543 1607 lterum
1623 1553 1952 1611 Schurzllei-

370 1631 565 1686 s'hius
602 1650 617 1686 :
657 1633 816 1700 Vero,
870 1637 1067 1707 inquit,
1125 1642 1448 1699 similiorem
1502 1654 1657 1716 putat
1706 1647 1952 1717 Scaliger

377 1722 660 1778 lioratiani
702 1724 1022 1796 interpretis
1074 1735 1275 1787 veteris
1298 1737 1653 1801 sententiam,
1683 1740 1776 1808 qui
1809 1738 1951 1796 Var-

2053 546 2351 612 consuluit,
2381 562 2511 603 mss.
2539 550 2764 618 quidam
2795 551 3093 618 Vultucius,
3139 554 3231 608 alii
3260 556 3459 609 Acilius
3497 574 3631 625 pra:-

2055 636 2303 693 l‘erebant
2336 656 2350 693 :
2384 641 2527 696 male
2554 642 2688 696 editi
2737 645 3085 709 vetustiores,
3139 645 3392 702 Vuc‘llius.
3428 645 3627 701 Verum

2052 736 2107 783 et
2140 731 2309 785 codex
2349 733 2569 802 quidam
2601 732 2930 804 Vossianus,
2962 748 3100 794 teste
3132 739 3465 805 llurmanno,
3501 740 3631 796 Vol-

2054 819 2270 875 tacilius
2300 822 2483 885 habet,
2512 832 2565 878 et
2588 823 2798 880 Pilutus
2828 843 2924 896 pro
2951 827 3161 884 Plotus.

2125 912 2247 967 Col.
2278 913 2405 970 428.
2447 914 2609 971 'Sulla
2660 917 2881 974 Romam
2936 922 3184 982 obtinuit.
3238 923 3438 995 Utique
3504 937 3630 996 post

2054 1005 2335 1061 biennium
2364 1008 2432 1063 ab
2463 1009 2567 1063 hoc
2599 1026 2853 1077 numero,
2880 1014 3042 1067 tertio
3064 1014 3270 1070 scilicet
3295 1030 3437 1071 anno
3454 1017 3631 1088 olym-

2054 1096 2232 1167 piadis
2264 1098 2388 1164 1⁸15,
2421 1110 2496 1165 et,
2528 1100 2676 1171 quod
2701 1100 2949 1174 Scaliger
2983 1104 3279 1165 inllclatur.
3316 1117 3440 1176 post
3469 1110 3625 1163 bien-

2054 1189 2230 1255 nium,
2278 1205 2344 1246 ex
2389 1206 2501 1261 quo
2529 1192 2717 1250 Romae
2757 1196 3045 1266 imperium
3076 1199 3230 1253 solus
3259 1200 3524 1270 arripuit;
3571 1202 3623 1254 id

2055 1281 2203 1336 enim
2237 1291 2323 1337 est
2351 1285 2498 1354 quod
2530 1284 2801 1344 Eusebius
2830 1298 3010 1354 notat,
3043 1304 3148 1344 non
3178 1303 3244 1344 ex
3270 1305 3381 1360 quo
3408 1292 3629 1361 Capito-

2056 1372 2186 1427 lium
2222 1372 2559 1445 deﬂagravit.

2123 1463 2242 1520 Col.
2278 1465 2404 1520 427.
2440 1464 2628 1521 Roscio
2659 1476 2846 1522 contra
2892 1469 3316 1541 Chrysogonum,
3345 1483 3450 1527 etc.
3489 1472 3634 1528 Con-

2056 1556 2138 1613 l‘cr
2166 1559 2229 1614 A.
2264 1559 2501 1614 Gellium
2532 1559 2630 1615 lib.
2665 1575 2757 1629 xv,
2793 1576 2912 1632 cap.
2951 1561 3042 1628 28;
3061 1564 3382 1619 Ciceronem
3411 1582 3633 1635 quoque

2056 1649 2232 1717 ipsum
2259 1646 2356 1705 lib.
2384 1666 2421 1704 ιι
2454 1650 2521 1705 de
2550 1648 2900 1723 Oﬂlciis,cap.
2921 1652 3070 1719 M,et
3093 1655 3145 1709 in
3174 1653 3361 1721 Bruto,
3392 1670 3512 1726 cap.
3535 1640 3632 1721 90.

2054 1739 2432 1806 Plutarchum,
2474 1751 2583 1798 etc.

377 1831 565 1908 runem
592 1817 661 1871 ab
680 1819 866 1885 Atace,
888 1820 1109 1877 ﬂumine
1130 1824 1495 1896 Narbonensi,
1517 1834 1721 1886 dictum
1751 1833 1947 1891 voluit.
1983 1819 2024 1875 Β
2126 1831 2244 1888 Coi.
2276 1833 2403 1889 428.
2458 1833 2686 1900 Lepidus
2734 1835 2898 1889 hostis
2951 1835 3214 1905 publicus.
3279 1837 3527 1908 Contigit
3563 1855 3632 1896 co

374 1907 769 1966 Meminitsanc
790 1913 911 1982 ejus
939 1915 1182 1974 ﬂuminis
1209 1918 1408 1974 Strabo
1439 1923 1532 1979 lib.
1558 1941 1609 1978 rx
1634 1926 1947 1994 aliquoties.

375 1997 630 2057 Attamen
666 2018 698 2057 a
729 2002 1050 2063 ﬂuminibus
1073 2013 1295 2079 grutilia
1342 2014 1591 2072 derivare
1625 2017 1806 2075 Latini
1838 2034 1948 2075 non

376 2093 583 2150 solent.

446 2186 566 2241 Col.
602 2188 730 2243 427.
768 2189 868 2247 XI.
922 2191 1238 2249 Ptolentteus
1312 2198 1615 2270 Dionysius.
1675 2201 1948 2268 Diximus,

377 2291 502 2330 cum
535 2278 601 2331 ad
634 2278 933 2349 Dionysum
974 2294 1198 2339 ventum
1235 2297 1399 2351 esset,
1436 2287 1550 2342 fore
1580 2298 1639 2343 ut
1662 2305 1724 2346 ex
1752 2291 1952 2362 ipsius-

360 2376 490 2423 ﬂuet
524 2371 742 2426 Eusebii
784 2373 1093 2431 rationibus
1120 2392 1262 2432 novo
1291 2391 1617 2449 argumento
1649 2392 1948 2448 con~taret,

376 2462 751 2529 Ptolemaeum,
774 2468 865 2537 qui
900 2471 1200 2538 praecessit,
1229 2471 1362 2526 solis
1379 2481 1586 2542 septem
1613 2476 1776 2530 annis
1798 2484 1953 2545 past-

374 2573 540 2624 quam
570 2570 867 2614 revocatus
882 2568 987 2624 est,
1008 2576 1232 2631 regnum
1268 2564 1506 2620 tenuisse
1537 2584 1551 2619 :
1581 2578 1634 2621 et
1655 2566 1973 2637 Dionysum'

376 2649 738 2706 nihilosecius
789 2661 935 2707 recte
988 2654 1169 2709 adhuc
1216 2669 1422 2709 annum
1478 2657 1805 2728 Olympiadis
1843 2659 1955 2714 174'

374 2754 629 2807 quartum
668 2743 884 2799 referri.
918 2744 1121 2811 Nempe
1165 2759 1234 2801 eo
1276 2746 1370 2812 qui
1428 2747 1790 2806 intermetlius
1841 2760 1948 2818 est,

375 2850 525 2890 anno
548 2849 776 2905 regnum
813 2835 1214 2892 administravit
1242 2837 1351 2893 ﬂlia
1382 2837 1691 2907 Cleopatra,
1715 2841 1802 2896 cui
1837 2843 1954 2898 suf-

379 2928 551 2983 fectus
566 2928 769 2983 dicitnr
792 2928 1121 2985 Ptolemaeus
1139 2930 1443 2987 Alexander
1466 2932 1558 2998 lli,
1585 2945 1952 3003 cognomento

375 3018 787 3090 Philadelphus.
820 3020 993 3087 Hujus
1037 3021 1254 3090 quidem
1302 3023 1571 3078 Eusebius
1597 3039 1707 3078 non
1760 3027 1948 3081 memi-

379 3110 482 3176 nit,
506 3113 652 3181 quod
685 3112 835 3168 brevi
866 3113 1134 3169 exciderit
1166 3130 1333 3182 regno
1363 3132 1376 3170 :
1413 3117 1662 3171 meminit
1700 3134 1829 3173 vero
1853 3119 1948 3174 Ci-

374 3220 504 3260 cero
539 3206 593 3260 in
622 3206 849 3277 Agraria
882 3208 938 3273 1,
967 3215 1022 3261 et
1050 3207 1453 3281 Wesselingius
1482 3217 1689 3273 monet,
1721 3211 1787 3265 ad
1820 3226 1947 3266 eum

381 3297 577 3352 referri
602 3307 855 3366 oportere
878 3298 1044 3354 verba
1075 3298 1239 3370 Trogi
1270 3315 1335 3355 ex
1364 3302 1593 3371 prologo
1628 3302 1722 3356 lib.
1752 3318 1946 3369 xxxix,

379 3388 526 3456 quod
558 3396 612 3443 et
658 3388 936 3460 Rupertus
976 3399 1035 3445 et
1062 3389 1309 3447 Granius
1365 3391 1575 3460 pridem
1623 3392 1946 3449 docuerant.

379 3480 458 3535 De
489 3480 724 3550 Dionyso
750 3490 932 3535 autem
965 3482 1101 3536 nihil
1126 3492 1209 3537 est
1240 3482 1467 3538 dubiqu
1503 3485 1641 3552 quin
1699 3483 1821 3554 ejus
1846 3484 1954 3539 iui.

373 3571 444 3625 tia
494 3572 795 3628 rectissime
834 3572 961 3627 huic
1009 3588 1156 3629 anno
1204 3575 1586 3642 assignentur.
1628 3574 1942 3631 Dodweilns

373 3664 574 3732 smpius
606 3663 824 3719 laudata
862 3665 1092 3721 Dissert.
1159 3664 1228 3720 de
1260 3674 1420 3720 aetate
1453 3666 1643 3736 scripti
1676 3667 1948 3737 Agathar-

373 3757 553 3812 chidis
577 3775 592 3812 :
623 3757 939 3822 Concurrit,
968 3757 1165 3828 inquit,
1187 3773 1364 3815 annus
1394 3761 1498 3814 iste
1525 3769 1753 3828 quartus
1773 3758 1950 3830 olym-

374 3847 550 3915 piaalis
579 3848 704 3912 174,
749 3862 875 3903 cum
909 3847 1205 3918 posteriori
1239 3859 1394 3917 parte
1442 3850 1572 3903 anni
1620 3849 1949 3905 Varroniani

377 3940 507 4005 673,
535 3951 588 3995 et
613 3941 681 3996 ad
706 3940 852 3995 illam
897 3942 1068 4011 ipsam
1095 3941 1225 3995 anni
1253 3939 1583 3996 Varroniani
1618 3951 1829 4013 partem
1863 3958 1949 3998 re-

367 4033 465 4101 jici
498 4046 720 4089 necesse
740 4043 880 4098 erat,
901 4042 1121 4103 propter
1141 4048 1236 4089 sex
1259 4034 1380 4089 illos
1405 4050 1639 4097 menses,
1671 4051 1813 4106 qups
1836 4035 1947 4091 dixi

373 4128 737 4190 addititios.Si
760 4130 889 4200 quid
919 4145 1052 4200 ergo
1077 4131 1129 4185 in
1153 4130 1414 4187 Chronici
1444 4116 1951 4202 Eusebianfdispo-

372 4223 573 4277 sitioue
587 4239 783 4278 sanum
805 4224 899 4288 sit,
924 4224 1031 4279 hoc
1056 4224 1129 4279 ita
1153 4239 1214 4280 se
1233 4224 1438 4280 habere
1465 4225 1947 4280 verosimiliimum

372 4327 478 4372 est.
513 4316 709 4372 llabuit
759 4333 913 4388 ergo,
968 4325 1030 4374 ut
1080 4318 1316 4383 videtur,
1368 4317 1638 4373 Eusebius
1694 4327 1947 4375 auctores

373 4411 595 4467 Graecos
618 4412 711 4481 qui
746 4411 1020 4467 Ptolemaei
1065 4411 1285 4484 Dionysi
1337 4412 1619 4468 introitum
1652 4413 1718 4467 ad
1747 4412 1947 4483 pradi-

1972 3156 2021 3219 C

2056 1925 2197 1995 ipso,
2231 1941 2341 1995 quo
2372 1924 2522 1979 Sulla
2547 1933 2797 1981 mortuus
2825 1936 2929 1993 est,
2964 1942 3109 1981 anno
3135 1946 3149 1982 :
3182 1942 3354 1996 quare
3382 1929 3626 2000 Scaliger

2056 2019 2334 2072 immerito
2386 2020 2454 2075 de
2480 2020 2905 2089 prochronismo
2947 2020 3151 2075 biennii
3205 2020 3500 2078 Eusebium
3545 2040 3634 2078 rc-

2055 2110 2367 2179 prehendit.
2522 2176 2525 2179 γ

2122 2199 2242 2255 Col.
2269 2198 2392 2256 427.
2428 2199 2576 2255 Titus
2616 2199 2885 2268 Quintius.
2940 2201 3104 2270 Idem,
3143 2212 3202 2259 ut
3257 2207 3492 2270 videtur,
3529 2208 3627 2275 qui

2052 2294 2117 2346 A.
2151 2290 2346 2357 Gellio,
2398 2306 2500 2347 nec
2558 2298 2729 2348 semel
2780 2292 2944 2350 Caius
2994 2296 3244 2362 Quintius
3280 2297 3411 2355 Atta
3449 2302 3629 2355 uomi—

2053 2395 2237 2439 natur.

2120 2473 2241 2531 Coi.
2281 2476 2404 2532 128.
2460 2478 2786 2532 Alexandra.
2843 2479 3003 2535 Hanc
3056 2480 3327 2550 lost-phus
3376 2479 3629 2538 Salomon

2054 2566 2401 2622 continenter
2428 2576 2584 2622 vocat
2613 2583 2711 2637 pro
2748 2568 2961 2624 Salina.

2121 2653 2237 2709 Col.
2266 2654 2393 2709 427.
2430 2656 2636 2711 Bellum
2668 2658 3051 2728 gladiatorum.
3091 2661 3276 2717 Satius
3310 2675 3448 2728 erat,
3480 2666 3628 2734 quod

2052 2753 2106 2798 et
2138 2742 2379 2816 Scaliger
2407 2757 2613 2810 monet.
2649 2759 2767 2817 post
2808 2749 3088 2806 biennium
3123 2752 3324 2808 bellum
3355 2753 3499 2809 istud
3529 2771 3617 2809 rc—

2054 2833 2220 2901 l'erre,
2252 2834 2324 2892 Μ.
2353 2838 2606 2895 Terentio
2628 2839 2875 2897 Varrone
2907 2853 2961 2897 et
2994 2844 3056 2900 C.
3081 2845 3276 2900 Cassio
3301 2843 3448 2900 Varo
3473 2861 3621 2900 coss.

2051 2927 2189 2983 Vide
2239 2930 2593 2986 Plutarchum
2656 2932 2711 2988 in
2760 2934 2980 2999 Crasso,
3033 2935 3266 3006 Appian.
3301 2937 3438 2993 Bell.
3495 2937 3628 2993 Civ.

2053 3019 2149 3075 lib.
2186 3041 2227 3086 ι,
2285 3022 2504 3078 Florum
2547 3023 2639 3080 lib.
2678 3038 2760 3117 tu,
2798 3025 3118 3105 Eutropium
3151 3042 3226 3092 vr,
3283 3025 3538 3083 Orosium
3576 3043 3626 3091 v,

2053 3120 2161 3165 CIC.

2129 3205 2263 3261 ibid.
2301 3206 2363 3262 L.
2394 3205 2651 3262 Lucullus
2676 3211 2880 3277 primus
2898 3210 3222 3277 impcrator.‘
3246 3208 3364 3264 Non
3409 3219 3498 3265 cst
3528 3224 3629 3265 cur

2052 3297 2301 3353 scxennii
2353 3299 2833 3368 prochronismum
2873 3300 3117 3372 Scaliger
3157 3300 3513 3369 criminetur,
3546 3297 3633 3357 'si-

2052 3390 2273 3460 quidem
2308 3388 2500 3459 liqu’et,
2532 3405 2639 3445 non
2666 3392 2856 3457 unius,
2906 3391 3002 3447 sed
3036 3392 3279 3461 plurium
3308 3409 3439 3448 ann.
3473 3405 3627 3465 gesta

2063 3483 2163 3535 hac
2190 3479 2448 3549 periocha
2466 3480 2756 3537 Eusebium
2783 3483 3276 3552 comprehendere,
3298 3500 3422 3555 qua:
3450 3486 3630 3540 disces

2050 3588 2117 3628 ex
2147 3571 2393 3642 Appiano
2420 3587 2476 3626 In
2515 3571 2917 3638 Mithridaticis,
2967 3572 3260 3629 Plutarcho
3289 3574 3343 3628 in
3375 3572 3623 3642 Lucullo,

2052 3679 2215 3737 atque
2251 3666 2395 3722 aliis.
2449 3664 2659 3722 Nisibin
2707 3666 2849 3736 quod
2899 3674 3135 3734 spectat,
3197 3681 3359 3736 qttam
3397 3664 3622 3720 Nesibin

2054 3758 2299 3830 Scaliger
2343 3767 2525 3822 vocat,
2568 3756 3108 3825 ‘Schurzﬂeischius.
3140 3767 3293 3812 notat
3342 3756 3397 3811 in
3451 3758 3626 3827 primo

2053 3847 2223 3902 Palat.
2252 3862 2357 3903 ms.
2390 3856 2647 3917 corrupte
2681 3844 2803 3901 Nisi
2819 3847 2943 3914 legi.
2964 3846 3096 3901 Tum
3129 3849 3245 3903 ait:
3281 3846 3472 3903 Nisibis
3495 3848 3626 3903 urbs

2050 3951 2135 3997 est
2170 3938 2493 4011 Mygdoniae,
2516 3941 2606 3994 ubi
2629 3940 2794 3995 frater
2815 3939 3092 4010 Tigranis,
3119 3940 3508 3996 Armeniorum
3541 3956 3627 3995 reo

2052 4032 2158 4103 gis,
2195 4030 2396 4095 Guras,
2432 4041 2627 4101 captus
2656 4040 2762 4094 est,
2794 4031 3067 4088 referente
3096 4031 3384 4087 Plutarcho
3428 4032 3483 4085 in
3517 4030 3626 4086 Lu-

2050 4125 2222 4189 cullo,
2247 4133 2381 4181 tom.
2419 4122 2443 4177 I
2473 4122 2611 4195 Opp.
2644 4141 2699 4194 p.
2729 4125 2857 4191 5M,
2889 4124 2983 4179 ubi
3020 4133 3197 4180 tamen
3237 4125 3421 4179 minus
3452 4132 3624 4188 recte,

2049 4216 2118 4286 ἢν
2139 4216 2189 4268 ol
2216 4215 2318 4287 μὲν
2345 4216 2613 4287 βάρϐαροι
2644 4217 2816 4282 Σὶϐιν,
2848 4217 2900 4270 οἱ
2928 4217 2976 4269 δ’
3004 4217 3269 4288 Ἕλληνες
3287 4215 3625 4287 Ἀντιόχειαν

2050 4307 2405 4381 Μυγδονικὴν
2446 4309 2883 4380 προσηγόρευον,
2933 4308 3158 4380 legitur.
3213 4309 3367 4363 Adde
3395 4317 3451 4363 et
3501 4307 3625 4362 Dio—

2050 4417 2199 4465 nem,
2225 4400 2320 4457 lib.
2343 4418 2507 4457 xxxv.
2539 4402 2672 4461 Eam
2701 4401 2966 4458 Jovianus
2992 4411 3179 4472 postea
3206 4402 3537 4472 imperator,
3568 4401 3621 4455 in

358 4486 518 4579 Zetum
555 4503 886 4573 olympiadis
910 4505 1185 4574 praedictae
1228 4519 1434 4559 annum
1463 4504 1772 4561 retulerim.
1824 4504 1946 4561 Jam
1978 4493 2023 4551 D
2051 4494 2289 4551 dedecus
2315 4492 2547 4549 Romani
2575 4492 2792 4564 imperii
2825 4493 3148 4557 maximum,
3185 4491 3403 4563 Sapori,
3430 4492 3623 4548 Persa-

358 4590 439 4671 :de
468 4596 628 4649 anuis
677 4597 876 4665 quibus
903 4612 1133 4666 regnum
1163 4597 1420 4662 obtinuit,
1451 4606 1505 4653 et
1534 4614 1673 4669 quos
1702 4598 1792 4652 alii
1819 4607 1945 4654 tan-

358 4682 492 4759 ftnm
528 4686 717 4753 viginti
753 4702 952 4743 novem
997 4696 1317 4759 supputant,
1370 4688 1461 4741 alii
1513 4697 1842 4758 exaggerant
1875 4688 1943 4743 ad

358 4758 713 4836 'trict-simum
744 4795 919 4852 usque
952 4778 1642 4852 primum,dicemusinlra
1673 4793 1775 4833 suo
1798 4778 1940 4834 loco.

370 4871 582 4927 Nomen
634 4873 757 4941 eius
805 4872 953 4939 quod
982 4881 1216 4942 spectat,
1273 4872 1417 4926 male
1444 4872 1498 4926 in
1534 4870 1794 4927 omnibus
1830 4869 1944 4928 iere

369 4966 545 5032 libris,
602 4975 656 5020 ct
690 4967 833 5035 apud
893 4965 1231 5032 Scaligerum
1268 4964 1325 5019 in
1376 4963 1575 5019 Latino
1634 4964 1841 5032 pariter
1884 4972 1943 5018 et

375 5057 566 5112 (ΞΓ-,ι’οο
607 5056 893 5128 Dionysius
966 5067 1016 5113 et
1065 5056 1346 5118 Διονύσιος
1394 5055 1755 5119 scribebatur,
1797 5053 1945 5125 quod

373 5144 670 5199 emendare
725 5144 778 5197 in
817 5143 1105 5216 Dionysum
1143 5154 1197 5199 et
1233 5145 1488 5198 Διόνυσον
1549 5143 1688 5198 nihil
1727 5143 1945 5198 dubita-

372 5234 575 5290 vimus.
634 5234 820 5291 Dictus
862 5246 948 5291 est
999 5239 1160 5291 etiam
1194 5236 1405 5291 Auletes
1459 5237 1511 5291 id
1539 5245 1643 5299 est,
1732 5236 1941 5300 tibicen,

374 5324 520 5394 quod
572 5340 736 5383 nemo
796 5329 1035 5398 ignorat.
1089 5328 1219 5385 Vide
1275 5327 1336 5383 S.
1398 5327 1734 5384 Clementem
1791 5327 1943 5383 Stro-

373 5428 506 5473 mat.
538 5435 574 5474 Ι.

2046 4604 2164 4644 ιἰιιιι
2200 4588 2335 4660 regi,
2370 4586 2674 4645 reddidisse
2703 4587 2900 4660 legitur
2926 4584 3070 4656 apud
3092 4587 3434 4640 Ammianum
3469 4582 3614 4640 Mar-

2044 4684 2325 4750 cellinum,
2352 4684 2447 4739 lib.
2481 4698 2606 4751 xxv,
2639 4700 2762 4755 cap.
2790 4685 2883 4740 5i.

2115 4775 2393 4832 001.428.
2454 4774 2761 4844 Pompeius.
2844 4775 3120 4829 Maluisset
3184 4773 3425 4842 Scaliger
3483 4775 3619 4828 verti
3712 4794 3721 4801 ·

2045 4866 2114 4921 ab
2173 4865 2505 4936 Hieronymo
2566 4866 2907 4934 Hispaniam,
2967 4865 3201 4920 vitanda:
3279 4864 3617 4934 ἀμφιϐολίας

2044 4959 2219 5028 gratia
2247 4972 2265 5016 :
2292 4959 2441 5028 quod
2479 4959 2533 5014 id
2574 4958 2837 5025 temporis
2863 4956 3030 5012 etiam
3071 4956 3244 5012 Iberia
3289 4956 3359 5013 ad
3382 4956 3617 5012 Pontum
3664 4945 3671 4966 ¹

2046 5051 2189 5106 bello
2220 5066 2251 5105 a
2274 5050 2539 5106 Romanis
2584 5059 2927 5121 quateretur,
2952 5061 3117 5121 atque
3143 5050 3259 5106 hinc
3278 5050 3419 5121 ipsa
3454 5052 3619 5120 paulo

2047 5152 2172 5216 post
2206 5159 2239 5198 a
2270 5142 2531 5213 Pompeio
2566 5144 2797 5200 subacta
2826 5142 2921 5201 sit.
3393 5181 3406 5193 .

2112 5236 2234 5292 Col.
2260 5236 2387 5293 427.
2420 5234 2482 5293 ι.
2508 5235 2763 5290 Lucullus
2799 5237 3020 5305 primus,
3059 5244 3168 5293 etc.
3203 5236 3385 5290 Etiam
3412 5234 3610 5289 Eutro-

2047 5330 2171 5398 pius
2190 5329 2287 5383 lib.
2305 5343 2382 5393 vr,
2410 5342 2528 5397 cap.
2562 5328 2651 5394 10,
2683 5329 2843 5398 cujus
2859 5328 3106 5382 abutitur
3122 5325 3452 5381 auctoritate
3481 5325 3621 5379 Sca-

2048 5421 2205 5489 liger,
2252 5419 2319 5473 ad
2357 5417 2422 5474 υ.
2462 5417 2525 5474 C.
2571 5431 2700 5473 ann.
2748 5419 3184 5472 sescentesimum
3235 5415 3611 5485 octogesimum

442 5513 560 5568 θυι.
591 5512 721 5570 426.
763 5513 1081 5569 Vultacilius
1133 5512 1228 5586 [at].
1266 5513 1523 5586 Acilius].
1574 5512 1838 5567 Suetonio
1886 5513 1940 5566 in
2042 5509 2292 5576 primum,
2324 5506 2506 5561 Bessis
2533 5503 2745 5560 illatum
2783 5520 2817 5559 a
2839 5504 2910 5561 Μ.
2946 5505 3171 5561 Lucullo
3193 5504 3390 5559 bellum
3420 5502 3608 5570 refert,

371 5601 655 5674 impressis
688 5605 844 5662 libris
868 5606 1070 5661 dicitur
1110 5604 1301 5661 Lucius
1336 5606 1595 5661 Otacilius
1623 5604 1839 5670 Pililus,
1866 5603 1940 5659 al.

374 5692 671 5750 Octacilius
705 5694 921 5752 Pilatus
946 5714 965 5753 :
1018 5712 1116 5767 pro
1163 5712 1273 5768 quo
1309 5697 1585 5764 Ciraldus,
1628 5706 1762 5752 teste
1803 5695 1941 5751 Leo-

377 5785 567 5853 pardo,
612 5785 890 5845 l’itltolatts
944 5788 1095 5861 legit,
1142 5789 1600 5860 quemadmodum
1658 5799 1743 5846 est
1794 5791 1935 5860 apud

2045 5600 2111 5655 ad
2143 5600 2290 5654 hunc
2321 5611 2514 5665 nempe
2537 5596 2742 5667 ipsum,
2770 5597 2856 5653 cui
2886 5598 2985 5651 abs
3006 5596 3334 5667 Hieronymo
3361 5602 3609 5663 assigna—

2046 5699 2153 5743 tur.
2197 5689 2379 5757 Quare
2423 5704 2549 5743 eum
2598 5689 2871 5743 immerito
2905 5686 3147 5755 Scaliger
3187 5688 3287 5741 hac
3316 5687 3507 5742 saltem
3533 5701 3600 5740 ex

2045 5794 2199 5854 pnite
2228 5782 2294 5836 de
2325 5782 2591 5852 septennii
2626 5779 3039 5850 prochronismo
3074 5788 3315 5835 accusat.
3351 5778 3598 5833 Attamen
