4014 6196
424 387 558 451 ,1611

1683 375 2094 444 VALLARSII
2136 382 2380 445 NOTAE.

3484 378 3590 446 1012

424 517 602 572 n-que
631 501 743 569 ipsa
788 497 1042 568 perfectis
1077 496 1236 551 unius
1287 495 1448 551 modo
1494 494 1622 550 anni
1663 505 1811 566 gesta
1862 508 1993 548 con-
2025 493 2074 553 Α
2103 497 2198 553 69t
2227 497 2531 553 concurrit.
2567 495 2703 552 Vide
2737 494 3068 551 Simsonium
3123 494 3187 549 ad
3236 505 3415 548 annum
3444 494 3594 549 mundi

424 600 584 648 tinet.
621 593 676 647 In
719 600 865 646 textu
914 590 1135 644 verbum
1185 588 1369 642 vicinis
1418 588 1622 652 deerat,
1671 587 1836 657 quod,
1871 585 1992 655 ipso
2100 590 2260 646 5942,

433 689 762 740 admonente
797 682 1058 747 Pontaco,
1109 697 1138 735 e
1175 682 1382 736 nostris
1411 697 1547 737 mss.
1579 681 1810 750 aliisque
1837 677 1994 733 libris

2177 684 2296 740 Col.
2323 685 2463 751 4'27.
2487 684 2659 738 Lucus
2693 685 3112 751 Dapnnenstum.
3138 684 3280 739 Novo
3296 683 3476 739 scilicet
3502 697 3601 750 rttu,

431 779 773 835 calfecimus.
803 775 1096 842 Historiam
1129 775 1273 856 quod
1304 776 1516 839 attinet,
1539 775 1694 844 plura
1727 772 1830 854 huc
1862 769 1998 824 Sca—
2103 788 2161 831 et
2197 780 2420 848 propria
2459 779 2755 847 Pompeius
2785 777 3052 848 religione
3079 779 3394 832 consecravit
3422 795 3433 831 :
3465 795 3608 848 neque

429 875 567 943 ligor
603 871 897 941 conger-sit,
946 885 1044 940 pro
1087 871 1288 938 quibus
1318 869 1517 924 habeto
1546 881 1716 938 pauca
1751 856 1940 919 isthatc
1966 877 1997 916 e

434 963 944 1020 Schurztleischio:
980 961 1238 1027 Quidam,
1295 960 1488 1030 inquit,
1521 959 1737 1017 codices
1789 957 1998 1025 legunt,

2107 870 2254 924 enim
2295 870 2519 924 dubium
2589 869 2756 927 fuisse
2790 879 2953 924 antea
3001 869 3068 923 ab
3096 869 3346 923 Antiocho
3379 870 3609 938 Epipbane

2108 962 2288 1019 lucum
2320 963 2495 1018 eidem
2535 962 2746 1017 numini
2794 962 3120 1027 dedicatum,
3180 961 3316 1030 quod
3357 975 3414 1015 ex
3439 961 3612 1015 .Instino

433 1062 496 1113 ds
536 1058 679 1112 Vesis
728 1059 1092 1127 triumphavit,
1149 1066 1304 1128 capta
1333 1056 1552 1124 Cabyle.
1598 1054 1908 1110 Jornaudes
1934 1052 2002 1106 de
2107 1055 2210 1110 lib.
2231 1071 2320 1117 xv,
2353 1062 2427 1120 et,
2462 1070 2622 1124 quem
2653 1053 2898 1124 Scaliger
2925 1051 3351 1122 quoquelaudat,
3373 1051 3612 1107 Ammiano

433 1167 728 1221 regnorum
767 1152 1117 1206 successione
1151 1166 1204 1220 p.
1239 1150 1307 1202 40
1336 1168 1348 1202 :
1384 1148 1653 1211 Lucullus,
1685 1147 1777 1212 ait,
1803 1148 2002 1214 primus

434 1245 487 1296 in
534 1242 762 1296 Thracia
799 1251 984 1294 contra
1015 1241 1204 1296 Bessos
1254 1257 1520 1310 pugnans,
1556 1257 1641 1293 eos
1672 1240 1762 1308 qui
1790 1238 2006 1305 fortitu-

436 1333 572 1386 tlin’s
612 1334 756 1392 fama
806 1332 1086 1398 nrwibant,
1121 1333 1376 1385 devicit...
1413 1329 1896 1398 Emimontiosqne
1917 1327 2006 1381 de-

439 1425 661 1486 bellans,
726 1424 1115 1489 Pulendcnam,
1183 1441 1299 1493 qua:
1358 1441 1496 1479 nunc
1553 1419 2004 1492 Philippopolis...

438 1513 492 1564 in
521 1511 892 1581 Romanorum
951 1515 1142 1582 redegit
1179 1514 1495 1568 dominium.
1535 1511 1794 1567 Similiter
1822 1521 1870 1566 et
1918 1527 2008 1564 ca-

439 1601 584 1666 piens
638 1602 901 1668 civitates,
962 1619 1078 1672 qua:
1140 1603 1307 1656 littori
1365 1603 1587 1656 Pontico
1614 1599 2008 1656 inhwrebant...

441 1701 489 1746 ct
528 1691 718 1746 Tomos
753 1692 910 1755 Istri,
946 1695 1226 1763 omniaque
1275 1695 1390 1746 lora
1424 1711 1585 1762 usque
1619 1694 1686 1746 ad
1713 1693 2014 1746 Danubium

442 1783 687 1844 subdens,
720 1782 928 1852 Scythis
965 1782 1323 1837 Romanorum
1356 1785 1579 1837 ostxudit
1612 1785 1879 1836 t'irtutem.
1905 1781 2013 1834 Ca-

445 1872 613 1942 bylem
663 1874 755 1926 alii
808 1873 1042 1944 Calybcn
1075 1875 1372 1942 appellant,
1417 1883 1477 1928 ut
1519 1893 1547 1929 e
1585 1874 1865 1943 Stephano
1917 1887 2013 1924 (ιο-
2053 1854 2091 1907 Β

445 1963 639 2033 gnosci
684 1972 886 2033 potest,
945 1965 1306 2034 frequentiori
1356 1965 1468 2030 illa,
1505 1981 1665 2034 quam
1700 1965 1883 2020 doceri
1921 1963 2015 2018 de-

447 2056 593 2120 heat,
638 2053 942 2109 litterarum
1014 2055 1462 2124 transpositione.
1536 2055 1732 2126 Caber
1783 2053 2016 2109 Jornan-

448 2148 530 2201 dis
552 2154 636 2202 est
658 2146 1064 2215 Philippopolis.
1091 2147 1288 2202 Strabo
1313 2146 1407 2200 lib.
1433 2164 1532 2212 vn,
1557 2163 1613 2217 p.
1649 2147 1754 2202 320
1779 2147 2016 2217 ε’Υπέρ-

436 2255 623 2292 κειται
667 2239 724 2290 δὲ
757 2237 852 2291 τοῦ
896 2236 1196 2302 Βυζαντίου
1244 2239 1307 2292 τὸ
1367 2239 1478 2292 τῶν
1532 2238 1740 2293 Ἀστῶν
1767 2239 1919 2302 ἔθνος
1957 2242 2019 2292 ἐν

441 2323 486 2396 ᾧ
519 2331 675 2394 πόλις
703 2329 923 2399 Καλύὸη
955 2330 1226 2384 Φιλίππου
1260 2331 1353 2385 τοῦ
1381 2331 1653 2400 Ἀμύντου
1690 2332 1816 2394 τοὺς
1848 2347 2018 2401 πονη-

439 2422 706 2490 ροτάτους
762 2418 999 2474 ἐνταῦθα
1040 2421 1386 2492 ἱόρὺςαντος.
1443 2425 1596 2477 lianc
1657 2428 1728 2478 ob
1787 2437 2012 2478 causam

422 2516 606 2580 modo
635 2515 1056 2584 PhilippOpolis,
1111 2517 1272 2572 modo
1307 2517 1658 2587 Poneropolis
1687 2527 1877 2574 vocata
1914 2527 2019 2574 est.

447 2603 658 2660 Plinius
691 2603 754 2657 Η.
785 2603 853 2660 Ν.
910 2605 1005 2662 lib.
1037 2621 1111 2673 tv,
1156 2621 1276 2677 cap.
1329 2609 1397 2661 12
1442 2626 1455 2663 :
1495 2607 1786 2678 Oppidum,
1819 2606 2017 2678 inquit,

440 2701 540 2750 sub
566 2696 818 2768 Rhodope
868 2700 1214 2769 Poneropolis
1271 2711 1453 2766 antea,
1511 2717 1635 2756 mox
1678 2719 1710 2755 a
1747 2702 2022 2755 conditore

460 2791 855 2864 Philippopolis.
880 2796 1098 2852 Clarius
1123 2811 1234 2850 rem
1265 2804 1497 2851 narrate
1515 2794 1868 2866 Theopompo
1895 2794 2023 2849 Stti-

450 2887 549 2939 das
581 2886 635 2940 itt
667 2887 946 2942 ΔΟΥΛΩΝ
971 2888 1199 2949 ΠοΑιΣ,
1229 2888 1388 2942 Ἐστι
1415 2889 1470 2942 δέ
1495 2906 1579 2952 τις
1604 2891 1702 2942 καὶ
1724 2891 1858 2959 περὶ
1880 2887 2025 2960 Θρᾴ-

453 2995 557 3049 κην
574 2979 962 3049 πονηρόπολις,
985 2980 1055 3049 ἢν
1075 2981 1345 3035 Φίλιππόν
1371 2999 1506 3050 φασι
1531 2981 1864 3045 συνοικίσαι,
1897 2981 2026 3042 τοὺς

447 3070 547 3124 ἐπὶ
571 3071 811 3142 πονηρίᾳ
841 3070 1303 3143 διαϐαλλομένους
1337 3059 1526 3128 adstitit
1551 3076 1953 3143 συναγαγόντα.

2114 1146 2428 1201 Marcellino
2461 1155 2803 1215 compertum
2837 1153 2939 1198 est.
2970 1142 3212 1198 Meminit
3239 1141 3388 1208 hujus
3430 1143 3614 1195 lociauL

2115 1248 2236 1294 etor
2266 1238 2362 1293 lib.
2405 1238 2450 1292 ll
2483 1237 2918 1292 Machatneorum
2950 1250 3071 1298 cap.
3103 1249 3174 1301 tv,
3211 1233 3392 1289 Strabo
3417 1233 3614 1287 lium:

2122 1331 2366 1400 Daphne,
2392 1329 2591 1399 inquit,
2623 1329 2900 1395 mediocris
2931 1328 3073 1380 vicus
3087 1336 3132 1381 et
3156 1327 3297 1380 lucus
3317 1327 3476 1396 ingens
3495 1336 3618 1394 atque

2117 1437 2334 1490 opacus,
2373 1419 2608 1490 fontanis
2645 1419 2795 1487 aquis
2840 1417 3097 1487 irriguus,
3125 1417 3177 1469 in
3208 1415 3349 1477 cuius
3397 1414 3539 1467 medio
3559 1423 3619 1468 est

2118 1512 2346 1584 asylum,
2396 1521 2444 1565 et
2481 1511 2728 1577 templum
2755 1511 3023 1579 Apollinis
3057 1525 3117 1561 ac
3167 1508 3364 1562 Biante.
3394 1506 3523 1561 Adde
3556 1507 3622 1561 bis

2118 1602 2570 1674 Chrysostomum
2615 1601 2670 1660 in
2700 1600 2926 1655 humilia
2948 1600 3014 1654 de
3053 1599 3111 1653 S.
3145 1597 3354 1668 Babylo,
3385 1607 3436 1650 ut
3457 1598 3656 1666 pleros-'-

2121 1709 2227 1764 que
2259 1694 2394 1748 alios
2416 1695 2686 1748 omittam.
2725 1693 3094 1764 Hierooymus
3143 1690 3344 1745 videtur
3372 1688 3619 1758 Scaligcro,

2123 1803 2186 1842 ex
2229 1788 2494 1857 Eutropio
2518 1786 2800 1856 accepisse
2843 1787 2939 1841 lib.
2980 1803 3052 1848 vt,
3074 1800 3198 1853 cap.
3228 1784 3290 1837 16
3325 1799 3339 1837 :
3370 1781 3624 1836 Antiochen-

2121 1881 2266 1934 sibus
2337 1878 2673 1949 (Pompeius)
2726 1877 2935 1932 obsides
2996 1876 3227 1930 reddidit
3273 1892 3291 1928 :
3345 1875 3624 1943 aliquantum

2122 1988 2370 2043 agrorum
2406 1971 2811 2040 Daphnensibus
2831 1971 3102 2038 dedit,quo
3132 1969 3273 2022 lucus
3306 1967 3371 2021 ibi
3391 1965 3623 2035 spatiosior

2122 2067 2293 2136 ﬁeret,
2325 2064 2617 2120 delectatus
2661 2064 2971 2118 amoenitate
3002 2061 3103 2114 loci
3153 2069 3200 2114 et
3238 2075 3473 2129 aquarum
3501 2057 3632 2110 abuu-

2123 2157 2468 2213 dantiaJnde
2494 2157 2562 2211 ad
2588 2155 2834 2210 Judazam
2858 2149 3629 2223 transgressus,Hierosolymam,

2125 2262 2280 2320 caput
2304 2249 2493 2320 gentis,
2547 2249 2703 2301 tertio
2737 2262 2914 2301 mense
2943 2245 3100 2312 cepit,
3145 2253 3248 2298 etc.
3277 2241 3456 2296 Sextus
3491 2238 3629 2292 huius

2125 2342 2299 2395 eidem
2335 2340 2608 2409 Scaligero
2632 2339 2910 2402 laudatus,
2942 2346 3228 2406 postquam
3268 2331 3628 2402 Hierosolymam

2125 2438 2522 2502 expugnasset,
2569 2429 2786 2484 venisse
2835 2427 3118 2498 Daphnem
3161 2425 3455 2491 Pompeium
3487 2421 3634 2484 tradit,

2125 2526 2318 2582 Judaza
2365 2535 2541 2596 capta,
2569 2523 2996 2592 Hierosolymam
3061 2521 3326 2576 obtinuit:
3375 2533 3477 2570 cum
3500 2515 3636 2569 Persis

2129 2598 2298 2687 foedus
2323 2618 2409 2671 icit
2451 2615 2710 2671 :rediens
2757 2615 2898 2680 apud
2946 2613 3279 2667 Antiochiam
3333 2608 3633 2670 Daphnensem

2129 2711 2326 2774 lucum,
2351 2709 2645 2763 delectatus
2676 2706 2779 2760 laci
2809 2705 2933 2776 (pro
2951 2706 3079 2775 loci)
3113 2701 3423 2764 amoenitate,
3447 2707 3486 2751 et
3509 2710 3636 2764 aqua-

2130 2817 2245 2854 rum
2275 2799 2636 2863 abundantia,
2661 2798 2843 2853 addito
2889 2812 3104 2851 nemore
3139 2791 3464 2849 consecravit.
3506 2786 3560 2840 Ut
3595 2793 3641 2837 ut

2132 2891 2386 2947 habuerit
2411 2906 2470 2946 se
2505 2906 2618 2954 res,
2641 2890 2834 2945 solida:
2881 2888 3058 2942 ferme
3091 2883 3400 2957 olytnpiadis
3426 2876 3640 2950 prochro-

2132 2986 2312 3041 nismo
2353 2983 2789 3054 Hieronymiante
2819 2981 3058 3036 rationes
3089 2979 3349 3032 laborant.

2205 3077 2322 3133 Col.
2355 3075 2480 3130 428.
2519 3075 2695 3130 ,1ηάωί
2755 3073 3126 3127 Romanorum
3173 3069 3492 3138 vectigales...
3521 3059 3642 3130 lacti.
3687 3059 3691 3063 ’

529 3184 647 3242 Col.
677 3187 804 3242 427.
843 3166 1228 3252 (ἴναεέιισιθιο.
1271 3187 1530 3244 Voculam
1589 3207 1790 3262 quoque
1852 3191 2028 3248 Scali-
2057 3199 2104 3262 C
2135 3169 2334 3225 Eadem
2372 3166 2714 3262 “beant”
2765 3164 2957 3235 quin“)
2988 3162 3200 3262 “me
3227 3174 3382 3262 mm.”
3431 3155 3487 3209 ad

462 3294 560 3345 ger
593 3279 977 3347 praetermittit,
1007 3279 1097 3349 qui
1129 3289 1186 3335 et
1215 3279 1493 3347 admonet,
1526 3282 1708 3338 Crassi
1739 3287 2032 3340 ovationem

472 3370 650 3437 potius
673 3369 952 3425 dicendam
983 3370 1176 3437 fuisse,
1205 3387 1365 3442 quam
1393 3373 1750 3443 triumphum.

540 3483 661 3540 Col.
694 3483 819 3540 428.
864 3483 1114 3556 Virgilius
1150 3483 1326 3541 Maro.
1375 3484 1433 3540 In
1464 3501 1564 3541 ms.
1616 3485 1900 3543 Parmensi
1932 3488 2037 3542 An-

467 3576 583 3631 dos.
632 3575 810 3648 Vulgo
850 3588 1032 3633 autem
1088 3579 1337 3634 creditur
1368 3593 1542 3648 pagus
1584 3579 1686 3633 iste
1711 3620 1726 3645 ,
1771 3579 1859 3648 qui
1891 3593 2035 3634 nunc

475 3669 670 3725 Pietole
700 3671 1053 3738 nominatur;
1086 3671 1181 3726 sed
1230 3685 1295 3725 ex
1333 3679 1481 3725 tanta
1510 3671 1758 3726 vocabuli
1792 3671 2035 3726 dissimi—

462 3762 723 3828 litudine,
775 3770 939 3830 atque
983 3776 1048 3816 ex
1099 3777 1164 3816 eo
1203 3776 1327 3816 cum
1382 3762 1574 3830 primis
1612 3765 1756 3832 quod
1789 3762 1904 3830 ipse
1935 3761 2038 3816 sub

465 3854 727 3910 Menalca:
778 3857 996 3909 nomine
1049 3853 1332 3925 Virgilius,
1368 3855 1568 3922 prtedia
1621 3870 1722 3908 sua
1761 3853 1956 3909 dolens
2008 3869 2037 3908 a

468 3946 740 4002 militibus
772 3947 983 4000 colonis
1029 3946 1266 4015 direpta,
1311 3961 1374 4000 ea
1415 3946 1561 4001 dicat
1588 3946 1891 4014 exstitisse,
1932 3965 2040 4019 qua

471 4055 527 4094 se
554 4038 842 4093 subducere
868 4038 1029 4092 colles
1064 4038 1324 4107 incipiunt
1354 4052 1373 4089 :
1431 4053 1691 4108 perquam
1729 4038 1943 4094 erudite
1978 4053 2042 4094 ac

469 4131 706 4186 feliciter
754 4129 988 4199 conjecit
1035 4137 1223 4185 noster
1275 4129 1489 4184 march.
1549 4129 1736 4200 Scipio
1771 4129 2041 4197 Maﬂeius,

473 4225 623 4281 aliud
662 4225 832 4281 fuisse
853 4236 1022 4295 poeta:
1045 4224 1224 4280 natale
1251 4225 1449 4280 solum.
1476 4217 1654 4294 Atque
1680 4225 1784 4279 hoc
1821 4226 2045 4294 quidem

470 4319 527 4373 in
563 4331 698 4388 pago
732 4332 963 4386 quonam
988 4317 1186 4389 exiguo
1215 4318 1366 4388 juxta
1401 4317 1732 4374 Veronensis
1756 4317 1870 4388 agri
1908 4332 2044 4372 con-

471 4410 600 4463 tinia
637 4410 770 4481 (quo
825 4411 1082 4464 nimirum
1131 4410 1255 4466 loco
1306 4409 1569 4465 desinunt
1614 4420 1832 4466 montes
1871 4411 2042 4479 esse),

469 4504 530 4557 in
571 4499 868 4566 Cauriana,
913 4511 973 4556 ut
1024 4510 1242 4566 vocant,
1299 4503 1635 4560 constituit:
1688 4503 1779 4572 qui
1837 4503 2045 4572 jamdiu

466 4593 601 4646 olim
639 4601 693 4646 et
723 4606 874 4646 nunc
915 4593 1133 4661 proprio
1180 4592 1444 4646 vocabulo
1484 4593 1671 4647 Bande
1715 4594 2044 4662 appellatur.

471 4682 690 4738 \‘idesis
717 4682 916 4738 librum
947 4683 1183 4753 primum
1210 4683 1275 4738 de
1307 4683 1682 4753 Scriptoribus
1712 4683 2048 4740 Veronensi-

467 4777 571 4830 iius
602 4791 652 4832 c.
685 4777 738 4831 1.

546 4912 688 4968 ibid.
721 4915 1004 4970 Antiochia
1047 4925 1096 4970 et
1144 4914 1303 4986 Syria
1331 4931 1362 4969 a
1411 4915 1662 4970 Romanis
1691 4925 1866 4984 capta.
1915 4916 2050 4970 Par—

475 5004 692 5060 mensis
732 5019 838 5060 ms.
885 5017 1045 5076 atque
1095 5007 1228 5061 editi
1276 5008 1604 5062 vetustiores
1644 5008 1868 5076 quidam
1919 5007 2047 5062 libri

476 5096 797 5167 pmlerunt,
815 5099 1095 5153 Antiochia
1122 5109 1172 5154 et
1193 5100 1352 5170 Syria
1379 5109 1549 5169 capta:
1574 5117 1605 5153 α
1639 5098 2049 5167 Romanis,'etc.

483 5186 730 5260 Scaliger
758 5189 1235 5259 prochronismum
1270 5191 1491 5244 triennii
1522 5192 1575 5245 in
1607 5202 1832 5247 auctore
1863 5201 2050 5248 nostro

479 5281 688 5352 culpat,
715 5281 858 5351 quod
888 5288 1124 5344 constet,
1157 5282 1383 5351 potitum
1416 5297 1536 5338 esse
1585 5281 1901 5353 Pompeium
1935 5285 2051 5339 An-

479 5371 689 5427 tiochia
743 5386 870 5426 cum
917 5379 1026 5426 tota
1079 5370 1260 5442 Syria,
1303 5373 1448 5426 victo
1489 5373 1744 5444 Tigrane,
1797 5389 1944 5430 anno
1986 5391 2052 5431 eo

487 5465 800 5531 desinente,
847 5465 939 5537 qui
979 5465 1224 5536 proxime
1273 5465 1568 5520 antecessit
1599 5465 1944 5520 consulatum
1981 5466 2049 5521 Μ.

493 5560 658 5617 Tullii
693 5561 972 5617 Ciceronis
1015 5571 1072 5616 et
1098 5559 1160 5616 C.
1193 5559 1438 5614 Antonii.
1468 5556 1674 5616 Vereor
1726 5559 1912 5630 itaque
1986 5575 2056 5616 ne

492 5653 838 5722 quadriennii
891 5653 1072 5723 potius
1125 5650 1575 5724 prochronismus
1640 5650 1741 5707 iste
1790 5651 2055 5710 dicendus

495 5749 588 5802 sit.
630 5747 899 5802 Caeterum
949 5746 1002 5801 in
1054 5747 1344 5817 provinciae
1400 5743 1630 5799 fortnam
1685 5744 1905 5800 redacta
1974 5756 2057 5803 est

493 5842 648 5906 Syria
679 5842 787 5898 250
822 5841 1232 5900 Seleucidarum
1263 5856 1426 5907 anno,
1464 5842 1554 5912 qui
1578 5856 1700 5897 cum
1723 5838 1787 5896 U.
1824 5842 1886 5898 C.
1914 5855 2056 5899 anno

2138 3275 2272 3316 sane
2322 3259 2504 3314 verius
2536 3258 2651 3313 haec
2700 3261 2974 3325 Spectant.
3029 3253 3282 3307 Dicemus
3304 3257 3356 3304 et
3391 3261 3481 3301 nos
3524 3242 3643 3313 plura

2137 3351 2236 3407 ibi.
2277 3350 2379 3412 Ms.
2427 3351 2765 3411 Parmensis,
2797 3346 2975 3402 Judaei
3002 3343 3362 3401 Romanorum
3389 3339 3492 3394 novi
3518 3333 3644 3390 vecti-

2137 3443 2283 3513 gales
2313 3441 2468 3506 facti,
2506 3450 2640 3504 etc.,
2673 3437 2918 3508 Pompeii
2949 3437 3177 3518 nomine
3210 3431 3546 3492 dissimulato,
3564 3424 3642 3478 ad-

2138 3536 2252 3591 dito
2287 3545 2464 3590 autem
2507 3534 2647 3596 novi,
2687 3546 2807 3600 qua:
2848 3531 3006 3602 ῥῆσις
3039 3529 3230 3585 nescio
3263 3524 3385 3598 quid
3416 3523 3519 3593 plus
3542 3532 3645 3573 con-

2140 3624 2246 3679 iert
2276 3624 2538 3679 historiae.
2559 3621 2713 3690 Quod
2741 3620 2817 3676 ait
2855 3621 3225 3691 Hieronymus
3249 3620 3302 3672 in
3329 3631 3440 3685 cap.
3459 3605 3650 3666 )latthai

2143 3731 2257 3771 xvn
2289 3716 2487 3787 (neque
2517 3715 2662 3770 enim
2711 3714 2818 3769 hoc
2866 3714 3042 3783 ipsum
3095 3707 3527 3768 dissimulandum
3569 3707 3652 3760 est.

2142 3810 2288 3878 quod
2325 3809 2569 3878 Scaliger
2599 3808 2862 3878 exagitat)
2899 3824 2913 3862 ε
2965 3805 3092 3860 Post
3129 3805 3414 3874 Augustum
3439 3798 3653 3854 Caesarem

2140 3904 2328 3957 sudwa
2384 3903 2531 3969 facta
2581 3912 2655 3956 est
2700 3899 3008 3964 tribularia,
3060 3908 3112 3954 et
3155 3887 3658 3969 omnescensicapite

2144 3998 2470 4069 ferebantur.
2527 3994 2678 4050 Unde
2721 4005 2770 4048 et
2823 3993 3019 4063 Ioseph
3073 4010 3194 4047 cum
3227 3987 3396 4045 Maria
3436 3983 3656 4054 professus

2147 4089 2240 4159 (ai.
2270 4088 2562 4160 profectus)
2599 4098 2674 4142 est
2712 4088 2766 4141 in
2797 4085 3082 4149 Bethleem,
3121 4085 3196 4138 ita
3231 4077 3590 4151 accipiendum.
3617 4077 3661 4123 ιιι

2147 4183 2368 4252 gravius
2389 4179 2586 4234 Judreaa
2618 4189 2739 4250 post
2771 4179 3073 4248 Augustum
3117 4177 3375 4231 tributum
3401 4167 3660 4239 impositum

2148 4276 2316 4342 dicat,
2344 4289 2466 4328 cum
2495 4274 2718 4327 tninime
2752 4281 2937 4327 tamen
2983 4280 3147 4341 neget
3187 4277 3342 4324 antea
3372 4256 3660 4328 Vceligalem.

2147 4378 2203 4424 et
2250 4367 2447 4439 capitis
2477 4366 2660 4421 censui
2699 4367 2969 4421 addictam
3012 4366 3120 4420 sub
3157 4364 3420 4432 Augusto,
3453 4355 3555 4424 ipso
3586 4345 3660 4402 lo-

2149 4461 2302 4532 sephi
2333 4471 2386 4514 et
2413 4459 2595 4514 Maria:
2630 4458 2879 4528 exemplo
2911 4459 3244 4514 consentiat.

2081 4563 2124 4619 ι)
2221 4553 2359 4609 Ibid.
2404 4550 2565 4608 VIII.
2601 4550 2891 4605 Hircanus.
2944 4548 3186 4618 Scaliger
3236 4545 3353 4606 ait;
3402 4539 3495 4606 Qui
3524 4542 3665 4589 annus

2153 4644 2280 4700 linis
2314 4644 2467 4712 regni
2512 4640 2837 4697 Alexandra;
2871 4639 2994 4705 fuit,
3045 4639 3188 4694 idem
3222 4650 3276 4693 et
3306 4634 3506 4692 initium
3545 4620 3664 4690 regni

2149 4737 2417 4808 Hyrcani.
2447 4737 2627 4803 Quare
2671 4735 2762 4791 hic
2793 4748 2972 4788 annus
3001 4741 3147 4786 recte
3180 4727 3423 4798 congruit
3451 4723 3556 4793 ejus
3581 4715 3664 4773 ini-

2152 4831 2250 4885 tio.
2275 4830 2383 4886 Sed
2408 4841 2696 4900 postquam
2723 4837 2834 4884 tres
2863 4840 3081 4882 menses
3113 4839 3291 4880 rerum
3321 4821 3507 4892 potitus
3532 4820 3666 4874 esset,

2153 4919 2220 4974 de
2255 4919 2609 4990 possessione
2665 4917 2917 4987 deiectus
2967 4924 3052 4971 est
3101 4914 3326 4969 airatre
3378 4903 3666 4964 Aristobulo,

2149 5010 2243 5078 qui
2302 5023 2528 5078 regnum
2582 5007 2807 5071 insedit,
2863 5020 3033 5074 usque
3066 5007 3310 5075 adﬁcapta
3350 4999 3408 5056 lli
3442 4995 3667 5064 rosolyma

2151 5115 2306 5154 num.
2333 5100 2492 5156 ίθςι.
2526 5100 2588 5154 Ει
2616 5110 2767 5165 tunc,
2804 5113 2869 5154 co
2898 5114 2926 5152 a
2956 5091 3476 5161 Romanisdcpulso,
3504 5084 3669 5156 llyrcﬂ.

2155 5209 2256 5248 nus
2295 5193 2348 5248 in
2392 5207 2616 5261 regnum
2655 5191 2938 5246 restitutus
2977 5198 3080 5244 est.
3117 5184 3299 5252 Quare
3329 5181 3468 5251 prius
3494 5185 3664 5271 ponen-

2152 5288 2281 5342 dttm
2329 5296 2447 5340 erat
2493 5284 2788 5339 triennium
2844 5297 2965 5337 cum
3003 5281 3252 5342 semisse,
3291 5274 3425 5345 quod
3465 5267 3666 5337 regnat"

2153 5377 2532 5441 Aristobulus,
2580 5375 2738 5430 initio
2775 5382 2997 5443 sumpto
3040 5387 3070 5425 a
3115 5382 3269 5424 num.
3309 5350 3666 5454 i950;_d_einde

2155 5470 2370 5524 iuitimn
2407 5467 2641 5540 Hyrcani
2683 5464 3033 5524 statuendum
3057 5464 3109 5518 in
3144 5475 3292 5515 num.
3322 5447 3662 5540 i954.Videsis

2155 5530 2470 5631 Josephum'
2503 5559 2600 5614 lib.
2635 5573 2759 5623 xm,
2790 5571 2912 5627 cap.
2944 5555 3044 5610 ult.
3080 5562 3132 5608 et
3177 5565 3290 5616 xw,
3324 5562 3438 5616 cap.
3477 5542 3521 5604 i,
3546 5546 3586 5592 et
3610 5530 3661 5586 ἀι

2157 5655 2304 5710 Bello
2338 5655 2430 5708 lib.
2464 5671 2501 5716 ι,
2526 5669 2647 5723 cap.
2672 5655 2726 5710 4.
3351 5732 3363 5734 ᾼ
3406 5729 3433 5734 __
3501 5725 3512 5734 _
3580 5719 3606 5734 _,

2227 5749 2346 5804 Col.
2383 5746 2507 5803 ω.
2541 5745 2707 5816 Libya
2764 5761 2856 5814 per
2894 5748 3277 5800 testamentum.
3324 5725 3657 5816 liallucioatio-

2161 5857 2282 5898 nem
2328 5840 2396 5897 de
2443 5813 2658 5910 duplici
2689 5839 2913 5911 Apione,
2949 5837 3116 5893 altero
3155 5833 3491 5904 Cyrenarum,
3520 5813 3656 5870 alters
