3974 6192
317 358 463 422 1613

1591 361 2009 426 VALLARSII
2053 364 2293 425 NOTAE.

3444 369 3584 430 1014

314 477 500 543 Libyae
547 491 694 548 rege,
728 493 890 547 quam
942 478 1192 547 superius
1225 480 1489 546 cavimus,
1527 478 1768 551 Scaliger
1807 480 1896 534 hic
1929 484 1974 539 Α
2004 479 2313 538 Parmensis
2346 498 2448 539 ms.
2496 493 2550 538 et
2587 483 2825 554 Scaliger
2862 483 2996 539 Livii
3044 499 3266 549 nomen,
3305 484 3595 540 Sallustius

313 568 497 622 denuo
539 569 771 636 probare
811 571 1105 625 lectoribus
1139 573 1252 628 suis
1286 572 1496 628 nititur.
1530 573 1647 627 Non
1700 581 1784 628 est
1813 587 1909 626 au-

315 671 426 713 tem
456 675 557 715 cur
586 659 676 715 illa
713 661 911 716 iterum
963 661 1249 718 refutanda
1293 665 1671 729 immorcmur,
1715 665 1761 720 si
1789 678 1908 734 qum

312 752 439 820 ejus
487 753 706 807 dernnm
756 754 1206 810 hallucinationis
1261 770 1427 811 causa
1476 755 1662 819 fuerit,
1715 755 1906 826 depre-

313 845 629 900 hendimus.
663 843 996 903 Ptolomaeus
1031 848 1172 917 Apio
1221 847 1443 903 Lathuri
1484 848 1648 904 frater
1683 845 1905 915 nothus,

313 939 410 1005 qui
447 938 678 1009 Cyrenis
701 941 984 1008 regnabat,
1017 943 1258 996 moriens
1279 943 1427 998 circa
1456 941 1669 997 initium
1704 942 1906 1012 olytnp.

314 1032 443 1096 ΠΙ,
478 1040 538 1085 ut
569 1019 671 1087 suo
703 1031 826 1086 loco
875 1047 940 1086 ex
987 1031 1114 1086 Julii
1171 1032 1542 1104 Obsequentis
1589 1033 1912 1089 testimonio

311 1125 654 1186 monuimus,
691 1125 954 1194 populum
993 1124 1297 1180 Romanum
1325 1133 1660 1182 testamento
1689 1125 1907 1193 reliquit

314 1216 610 1270 Irreredem.
647 1215 746 1271 Diu
783 1225 925 1284 post,
955 1217 1070 1272 sive
1107 1225 1229 1285 post
1262 1233 1433 1271 annos
1464 1217 1635 1271 ferme
1663 1217 1902 1286 triginta,

311 1317 479 1374 atque
507 1306 610 1361 hoc
647 1307 902 1362 nimirum
939 1320 1178 1376 tempore
1250 1313 1394 1374 quod
1432 1309 1702 1363 Eusebius
1730 1318 1904 1372 notat,

311 1395 642 1451 Ptolemaeus
671 1399 829 1462 alter,
857 1397 973 1452 sive
998 1398 1266 1454 Alexand.
1296 1398 1386 1464 Ill,
1417 1400 1507 1468 qui
1543 1399 1745 1469 Tyrum
1782 1414 1907 1467 pro-

313 1490 551 1558 fugerat,
581 1491 729 1544 brevi
763 1491 1024 1556 moriens,
1059 1491 1176 1559 ejus
1208 1492 1298 1546 cui
1338 1492 1629 1558 praefuerat
1664 1492 1904 1564 Egyptii

311 1580 466 1648 regni
501 1582 756 1650 populum
790 1582 1096 1638 Romanum
1151 1585 1417 1639 haeredem
1453 1585 1696 1654 scripsit.
1732 1585 1907 1653 Atque

313 1672 406 1725 hic
434 1687 555 1727 esse
584 1673 798 1727 videtur
859 1690 1020 1742 quem
1050 1676 1320 1731 Eusebius
1352 1675 1706 1730 I’tolemmnm
1746 1677 1781 1728 Α
1795 1676 1906 1744 pio-

313 1779 442 1816 nem
472 1764 728 1834 appellat,
758 1775 810 1820 et
835 1767 1062 1840 Libyam
1099 1768 1362 1822 Romanis
1408 1769 1576 1822 tradit
1609 1785 1701 1836 per
1742 1778 1903 1822 testa-

313 1865 561 1909 mentum
616 1857 920 1925 reliquisse,
975 1859 1111 1913 IIinc
1165 1868 1316 1915 certe
1369 1876 1524 1914 error
1579 1862 1646 1916 de
1700 1860 1904 1929 duplici

313 1947 526 2012 Apione
553 1958 733 2001 ortum
772 1949 980 2014 habuit,
1013 1951 1068 2004 in
1108 1967 1269 2020 quem
1305 1962 1427 2020 post
1460 1950 1746 2021 Sigoniuut
1795 1953 1907 2018 lap-

313 2054 411 2092 sus
443 2049 528 2092 est
555 2039 817 2108 Scaliger.
852 2040 1122 2095 Creterum
1151 2051 1205 2096 et
1241 2044 1294 2095 in
1323 2051 1473 2097 textu
1506 2043 1645 2097 male
1678 2042 1766 2098 hic
1802 2042 1906 2095 lla-

316 2147 597 2182 manorum
641 2146 739 2200 pro
774 2132 1025 2187 Romanis
1079 2135 1225 2203 legit.
1271 2135 1348 2188 Ad
1408 2136 1520 2190 hare
1555 2133 1911 2190 Schnrzﬂeis-

314 2223 512 2277 rhins:
538 2224 828 2293 Apioncm,
864 2227 1062 2294 inquit,
1084 2242 1276 2282 omnes
1306 2228 1425 2281 libri
1452 2243 1546 2297 per
1573 2244 1605 2295 p
1635 2228 1907 2297 geminum

313 2313 569 2366 scribunt
618 2314 940 2383 Appionem.
977 2316 1239 2369 ΛΠΙΩΝΑ
1271 2315 1490 2370 Cra-cos
1532 2333 1746 2384 semper
1779 2319 1913 2373 scri-

314 2405 468 2470 bere,
504 2420 614 2458 non
643 2415 792 2460 recte
823 2409 1056 2462 allii-mat
1084 2407 1352 2478 Scaliger.
1384 2409 1730 2463 Contrarium
1763 2411 1908 2463 enim

317 2504 466 2563 patet
495 2512 526 2552 e
558 2495 825 2568 Procopio
859 2500 896 2554 1.
937 2517 950 2553 ι
993 2516 1112 2570 cap.
1147 2501 1178 2556 8
1223 2502 1534 2571 Περσικῶν,
1569 2500 1910 2571 Theophane

314 2590 626 2660 tilirouogr.
662 2608 714 2662 p.
745 2593 869 2652 12⁸7.
893 2593 1406 2664 MalalaChronogr.
1429 2605 1568 2664 part.
1602 2609 1664 2656 ll,
1700 2609 1753 2662 p.
1787 2595 1909 2656 I32,

314 2683 460 2739 aliis.
502 2686 648 2740 Idem
689 2701 884 2741 nomen
934 2687 1314 2758 Egyptiacnm
1364 2701 1484 2742 esse
1516 2694 1688 2756 putat,
1720 2687 1788 2740 ab
1813 2685 1911 2754 Api

310 2779 423 2833 dco
454 2777 789 2834 derivatum.
824 2778 1013 2849 Neque
1048 2790 1198 2834 caret
1227 2780 1443 2848 ingenio
1476 2784 1588 2834 haec
1620 2780 1927 2849 cogitatio.-

310 2869 520 2922 Eadem
550 2871 695 2924 enim
736 2871 910 2924 forma
956 2871 1242 2939 Σεραπίων
1295 2887 1323 2925 a
1367 2871 1557 2937 Serapi
1603 2870 1913 2938 deducitur.

314 2959 484 3016 Vocis
518 2963 879 3019 nihilominus
911 2964 1115 3031 Appian
1155 2963 1481 3029 scripturam
1513 2963 1774 3017 librorum
1805 2980 1918 3018 ma-

314 3067 395 3104 nu
446 3062 796 3108 exaratorum
863 3057 1192 3110 auctoritate
1245 3055 1537 3110 defendere
1591 3072 1903 3124 possumus.

308 3143 396 3195 Ita
434 3143 503 3196 ab
529 3145 724 3212 Appius
755 3145 1080 3200 formabitur
1121 3147 1312 3215 Appio,
1351 3156 1402 3200 ut
1438 3162 1467 3199 a
1518 3146 1734 3200 Marcus
1767 3147 1913 3200 Mar-

318 3237 464 3293 cion.
500 3249 528 3288 a
561 3235 788 3292 Paullus
825 3237 1021 3305 Pollio,
1050 3256 1078 3293 a
1113 3239 1357 3293 Moschus
1389 3237 1676 3304 Moschion,
1698 3241 1765 3293 ab
1794 3239 1917 3292 Am-

318 3325 535 3380 monius
562 3327 598 3379 Α
613 3330 862 3383 mmonio.

399 3412 536 3467 Ibid.
591 3414 845 3471 Iloratius
907 3416 1157 3474 Flaccus.
1212 3417 1366 3489 Legit
1415 3419 1656 3491 Scaliger
1701 3420 1917 3484 Venusi,

315 3503 507 3559 minus
537 3514 702 3563 recte.
735 3509 936 3566 Confer
970 3521 1140 3581 poetae
1171 3512 1341 3578 ipsius
1374 3512 1467 3564 lib.
1507 3527 1580 3578 vt,
1616 3526 1788 3566 carm.
1819 3513 1913 3577 2t,

314 3603 376 3648 ct.
428 3595 524 3650 lib.
559 3613 577 3651 I
623 3613 792 3654 scrin.
845 3600 930 3667 6;
983 3600 1305 3656 Suetonium
1347 3615 1584 3670 quoque,
1617 3602 1762 3658 unde
1803 3603 1917 3656 haec

312 3686 512 3742 hausit
574 3688 962 3762 Hieronymus,
1007 3699 1068 3746 ut
1131 3701 1186 3746 et
1235 3706 1358 3761 quae
1403 3691 1812 3762 subsequuntur
1851 3693 1918 3747 de

313 3780 655 3848 Apollodoro
686 3782 1048 3853 Pergameno.

313 3882 348 3922 ι.
391 3872 513 3928 Col.
565 3871 692 3927 4‘28.
745 3873 1098 3943 Pompeius...
1136 3871 1354 3928 Judwos
1405 3873 1717 3927 tributarios
1757 3873 1912 3944 facit.

311 3965 590 4019 Convenit
635 3965 878 4034 apprime
912 3975 1149 4034 tempus,
1189 3974 1353 4034 atque
1402 3965 1644 4019 ltistorize
1677 3967 1916 4020 veritas:

317 4067 639 4120 quanquam
675 4068 780 4107 non
815 4069 1056 4118 omnem,
1091 4053 1184 4108 sed
1220 4070 1469 4124 magnam
1502 4063 1679 4108 tamen
1715 4053 1918 4110 Judaetr

291 4150 541 4208 partem
576 4149 710 4197 tunc
757 4142 1078 4211 vectigalem
1129 4157 1158 4197 a
1194 4141 1453 4212 Pompeio
1502 4141 1698 4197 factam
1730 4146 1919 4198 existi-

327 4248 573 4288 mamus.
607 4232 717 4289 IIac
761 4243 910 4289 certe
956 4235 1168 4288 ratione
1208 4241 1320 4288 tum
1356 4249 1540 4289 secum
1573 4234 1690 4304 ipse
1720 4236 1914 4291 I-Iiero-

321 4341 540 4398 nymus,
580 4341 702 4379 cum
755 4327 985 4380 aliorum
1044 4337 1286 4380 veterum
1317 4325 1599 4379 sententia:
1641 4326 1827 4382 venire
1859 4329 1913 4382 in

320 4415 677 4472 concordiam
711 4427 969 4486 possunt.
1005 4415 1142 4469 Nam
1178 4416 1320 4484 quod
1359 4427 1556 4486 negant
1583 4416 1914 4473 recentiores

1941 3170 1986 3223 C

2012 574 2192 627 scribit
2230 583 2278 627 et
2324 574 2501 630 Livius
2531 579 2648 641 hoc,
2680 587 2788 631 etc.

2084 665 2197 720 Col.
2230 666 2354 721 428.
2399 668 2581 722 Cicero
2630 671 2682 722 in
2721 670 2908 723 exsilio
2942 687 3140 723 annum
3173 671 3323 739 facit.
3375 669 3596 730 Pcecat.

2011 756 2156 825 quod
2197 765 2251 810 et
2289 754 2562 826 Scaligero
2605 770 2851 813 notatum
2909 770 3014 825 est,
3067 763 3286 814 triennii
3327 761 3591 830 prochro-

2014 848 2213 914 nismo,
2258 848 2528 918 siquidem
2585 850 2644 904 L.
2682 852 2973 921 Calpurnio
3016 853 3213 908 Pisone
3265 867 3318 906 et
3362 854 3428 910 Α.
3479 852 3592 906 Ga-

2012 941 2164 995 binio
2194 956 2341 996 coss.
2373 952 2530 997 actus
2561 953 2644 997 est
2690 943 2742 996 in
2774 944 3024 999 exsilium
3055 944 3268 1000 Cicero.
3300 944 3435 999 Vide
3473 943 3598 1006 eius

2010 1035 2176 1088 vitam
2213 1050 2242 1088 a
2279 1035 2574 1089 Ft-anrisco
2599 1035 2850 1090 Fabricio
2881 1045 3140 1090 accurate
3168 1036 3519 1106 descriptam.

2077 1124 2194 1180 Col.
2220 1126 2339 1180 4‘27.
2374 1126 2651 1195 Pompeius
2683 1128 2990 1196 imperator.
3017 1127 3177 1191 Bene,
3210 1129 3255 1182 si
3277 1129 3402 1197 quid
3434 1128 3592 1190 alias,

2013 1219 2065 1272 in
2099 1220 2245 1274 hunc
2279 1220 2454 1273 locum
2492 1230 2897 1274 commentatus
2944 1230 3026 1274 est
3062 1219 3325 1290 Scaliger,
3357 1221 3596 1288 impera-

2011 1321 2117 1376 tor,
2145 1313 2420 1382 inqniens,
2459 1327 2566 1364 non
2604 1315 2782 1380 potuit
2831 1311 3116 1381 appellari,
3162 1311 3264 1366 nisi
3303 1313 3353 1364 in
3397 1312 3603 1366 exerci-

2012 1413 2090 1458 tu.
2126 1403 2298 1457 Notus
2329 1419 2444 1458 mos
2490 1396 2655 1457 etiam
2692 1404 2983 1472 tyronibus
3031 1405 3272 1458 historia!
3325 1405 3601 1458 Romanae.

2011 1496 2078 1549 At
2113 1507 2241 1550 tunc
2272 1495 2562 1562 Pompeius
2608 1504 2722 1548 erat
2758 1496 2810 1548 in
2845 1495 3012 1550 Urbe.
3069 1496 3222 1548 Aliud
3273 1496 3505 1550 habebat
3549 1497 3602 1548 in

2010 1590 2194 1642 animo
2229 1588 2516 1646 Eusebius.
2547 1588 2657 1648 cui,
2704 1597 2762 1642 ut
2795 1589 2997 1640 homini
3034 1589 3244 1648 Cerco,
3277 1589 3595 1641 c0ndonalt-

2011 1679 2134 1730 dum
2172 1675 2215 1728 si
2253 1677 2380 1744 quid
2425 1685 2612 1746 peccat
2655 1678 2707 1730 in
2747 1675 3009 1730 Romanis
3058 1679 3242 1734 rebus.
3285 1677 3476 1741 liabet,
3510 1679 3601 1730 inn

2013 1786 2199 1834 quam,
2239 1769 2290 1822 in
2324 1770 2505 1823 animo
2560 1769 2882 1838 Pompeium
2923 1771 3221 1824 salutatum
3267 1770 3515 1838 Magnum
3571 1786 3611 1824 a-

2015 1859 2162 1914 Sulla
2200 1863 2253 1912 in
2295 1859 2575 1926 triumpho
2608 1875 2767 1927 quem
2806 1861 3040 1929 primum
3072 1862 3140 1915 de
3187 1861 3384 1915 Hiarba
3415 1861 3605 1915 Nurni-

2013 1949 2200 2003 darnm
2237 1963 2364 2018 rege
2393 1950 2522 2019 egit.
2561 1947 2690 2005 Vide
2721 1965 2875 2005 num.
2918 1951 3090 2006 1957.
3127 1952 3319 2020 Itaque
3349 1962 3606 2020 peccatur

2014 2045 2188 2108 primo
2217 2040 2664 2107 hallucinatione,
2699 2041 2894 2096 deinde
2926 2042 3387 2098 metacltronismo
3414 2057 3594 2097 anno-

2014 2148 2133 2185 rum
2166 2132 2251 2186 I9.
2289 2132 2394 2186 Sed
2426 2131 2672 2202 Epitome
2700 2133 2815 2187 Liv.
2848 2149 2965 2197 cm,
3007 2135 3059 2186 in
3088 2135 3370 2203 triumpho
3402 2135 3469 2187 de.
3493 2135 3593 2188 Mi-

2016 2224 2249 2278 thridate
2280 2222 2532 2294 Magnum
2568 2223 2863 2278 salutatum
2902 2223 3070 2280 fuisse
3102 2227 3267 2280 dicit:
3319 2225 3413 2280 Cn.
3451 2225 3610 2279 Post-

2014 2314 2159 2380 peius
2187 2313 2249 2368 de
2299 2313 2473 2369 liberis
2507 2313 2853 2378 Mithridatis,
2887 2314 3114 2385 Tigrane
3167 2329 3214 2370 et
3265 2316 3510 2387 Tigranis
3539 2316 3604 2384 ﬁ-

2016 2406 2086 2458 lio
2117 2406 2482 2472 triumphavit,
2513 2403 2838 2475 Magnusque
2865 2424 2895 2459 a
2931 2416 3042 2460 tota
3076 2409 3320 2461 concione
3343 2408 3608 2474 salutatus

2013 2505 2112 2548 est.
2153 2493 2262 2550 lloc
2292 2497 2520 2567 contigit
2560 2513 2786 2552 ntnnero
2825 2499 2982 2553 1955.
3018 2497 3130 2553 Erit
3184 2497 3266 2554 sic
3294 2500 3456 2553 etiam
3493 2516 3610 2553 me-

2014 2587 2442 2650 tachrouismus.
2481 2589 2576 2643 sed
2633 2589 2794 2644 unius
2847 2591 2999 2644 anni.
3049 2591 3230 2656 Quare
3273 2591 3392 2645 sine
3439 2591 3610 2645 dubio

2020 2696 2115 2746 pro
2147 2696 2358 2748 magno,
2407 2681 2780 2751 imperatorem
2826 2682 3032 2751 posuit.
3085 2683 3269 2751 Itaque
3314 2683 3607 2737 dicendum

2017 2778 2156 2835 erat,
2187 2771 2475 2843 Πομπήϊος
2517 2771 2809 2842 Ῥωμαίων
2859 2773 3166 2843 στρατηγὸς
3205 2775 3397 2841 Μέγας
3436 2791 3611 2840 προς-

2017 2862 2282 2932 ηγορεύη,
2328 2879 2431 2918 ιιοη
2475 2875 2658 2919 autem
2695 2867 2977 2936 Πομπήϊος
3015 2869 3040 2918 ὁ
3069 2867 3281 2932 Μέγας,
3317 2865 3612 2928 Ῥωμαίων

2021 2955 2350 3024 στρατηγὸς,
2385 2956 2744 3026 αὐτοκράτωρ
2783 2957 3234 3028 προσηγορεύθη.
3271 2958 3327 3009 1η
3367 2957 3609 3025 Pompeii

2022 3046 2260 3101 denariis
2286 3063 2301 3102 ε
2332 3046 2443 3103 CN.
2478 3047 2760 3103 MAGNUS
2794 3047 2932 3103 IMP.
2959 3067 2974 3114 ;
3023 3049 3153 3103 itctn
3205 3049 3438 3103 diversis
3469 3058 3613 3099 ten:-

2023 3139 2288 3204 pOriltus:
2341 3138 2500 3194 MAG.
2553 3140 2694 3194 IMP.
2759 3139 3045 3196 ITERUM.
3109 3140 3262 3210 Apud
3315 3138 3622 3202 Czcsarent,

2021 3247 2078 3286 III
2108 3231 2664 3300 Commentariomelli
2693 3233 2894 3300 civilis,
2923 3235 2997 3289 ita
3025 3236 3255 3304 legimus
3285 3250 3299 3288 :
3334 3233 3611 3298 Pompeius

2018 3338 2078 3376 eo
2109 3324 2295 3391 prrelio
2322 3325 2610 3392 imperator
2639 3333 2714 3380 est
2747 3327 3066 3395 appellatus.
3113 3326 3224 3379 Hoc
3255 3343 3437 3380 nomen
3475 3331 3610 3379 obli-

2020 3416 2158 3477 nuit,
2197 3424 2355 3483 atque
2388 3416 2461 3467 ita
2492 3431 2550 3469 se
2581 3426 2760 3482 postea
2786 3417 3016 3470 salutari
3043 3435 3229 3482 passus
3261 3428 3358 3482 est,
3399 3417 3501 3470 Sed
3528 3435 3616 3470 ne~

2019 3521 2119 3576 que
2157 3507 2208 3558 in
2237 3505 2425 3558 litteris
2452 3521 2583 3574 quas
2612 3506 2842 3560 scribere
2873 3515 2948 3558 est
2981 3508 3194 3566 solitus,
3227 3523 3388 3572 neque
3417 3508 3470 3557 in
3499 3506 3614 3572 fas-

2020 3597 2166 3651 cibus
2207 3595 2436 3665 insignia
2466 3595 2663 3650 laurea
2692 3596 2897 3650 intulit.
2951 3595 3076 3650 ιιωο
3109 3597 3200 3665 qui
3239 3597 3364 3659 legit
3413 3596 3484 3648 ita
3525 3601 3612 3648 ln-

2023 3699 2370 3759 terpretatur,
2427 3696 2686 3758 tanquam
2745 3704 3026 3760 nunquam
3098 3699 3255 3742 antea
3318 3688 3613 3753 imperator

2022 3778 2320 3846 appellatus
2354 3777 2581 3842 fuisset;
2626 3793 2750 3831 nam
2801 3776 3078 3847 quomodo
3111 3777 3269 3830 aliter
3299 3776 3464 3830 verba
3496 3776 3611 3829 (Σειδ-

2020 3867 2159 3922 saris
2207 3868 2457 3937 accipere
2513 3869 2789 3938 possimus
2853 3884 2961 3924 non
3033 3869 3211 3923 video.
3272 3866 3616 3922 Numismata

1987 3959 2166 4035 aliud
2211 3969 2521 4026 testantur;
2563 3960 2659 4016 sed
2705 3960 2851 4015 aliud
2902 3969 2987 4016 est
3043 3960 3270 4014 salutari
3311 3959 3612 4028 imperato-

2022 4059 2165 4114 r'cm.
2217 4052 2362 4105 aliud
2399 4052 2567 4116 scribi
2621 4053 2674 4106 in
2730 4053 2950 4117 litteris,
2982 4063 3039 4106 et
3085 4052 3138 4105 in
3181 4050 3418 4104 nunnnis
3461 4049 3609 4103 cudi.

2022 4145 2186 4212 quue
2219 4145 2292 4197 ita
2321 4144 2638 4198 solvendmn
2671 4159 2792 4200 esse
2820 4158 2926 4197 non
2964 4143 3184 4198 dubito.

2089 4234 2202 4288 Col.
2244 4235 2370 4290 429.
2401 4233 2534 4288 ΧΗ.
2567 4234 2871 4304 Cleopatra.
2902 4233 3018 4288 Non
3054 4233 3180 4299 isto,
3214 4232 3308 4287 sed
3341 4233 3609 4300 superiori

2021 4328 2268 4396 proxime
2293 4343 2437 4382 anno
2453 4327 2797 4397 Cle0patram
2817 4341 2939 4380 eum
2965 4325 3220 4379 fratribus
3243 4325 3470 4392 imperio
3489 4341 3615 4376 suc-

2020 4417 2255 4471 cessisse
2317 4420 2535 4470 tradunt
2579 4415 2833 4472 Clemens
2880 4414 3236 4471 Alexandrin.
3273 4414 3536 4466 Stroruat.
3573 4428 3611 4474 t,

319 4508 574 4577 quidam,
607 4511 886 4562 redactam
916 4519 1044 4562 tunc
1076 4507 1247 4562 fuisse
1269 4506 1514 4561 .Indararn
1549 4508 1602 4560 in
1630 4509 1924 4577 provincia:
1955 4526 2000 4582 ι)
2030 4517 2082 4560 ct
2110 4507 2469 4578 Porphyrius,
2498 4520 2636 4575 quos
2663 4513 2718 4560 et
2743 4505 2990 4559 nonnulli
3022 4520 3051 4558 e
3082 4503 3479 4557 recentioribus
3503 4515 3615 4553 ma-

321 4600 588 4661 formam,
642 4599 1079 4654 luculentissimo
1132 4597 1452 4653 testimonio
1513 4597 1745 4652 aﬂirmat
1802 4597 1920 4654 Cic.

320 4691 482 4748 Orat.
521 4708 618 4762 pro
651 4691 850 4746 Flacco
877 4707 928 4744 c.
959 4691 1052 4754 28,
1087 4690 1178 4744 ubi
1209 4689 1274 4744 dc
1317 4686 1558 4744 ludatis:
1593 4688 1754 4743 Nunc
1778 4707 1921 4755 vero,

322 4786 530 4854 inquit,
565 4785 661 4837 hoc
691 4788 880 4854 magis,
932 4782 1070 4852 quod
1120 4781 1214 4835 illa
1254 4797 1401 4852 gens,
1449 4780 1578 4849 quid
1610 4780 1673 4834 de
1706 4782 1923 4851 imperio

320 4885 508 4930 ποειτο
536 4877 772 4935 sentiret,
801 4875 1026 4927 ostendit
1057 4873 1217 4928 armis
1241 4889 1258 4927 :
1279 4889 1438 4936 quant
1464 4871 1626 4926 chara
1688 4872 1789 4926 diis
1822 4873 1923 4926 im-

325 4967 642 5022 mortalibus
670 4975 825 5030 essct,
850 4965 1028 5019 docuit
1049 4964 1186 5035 quod
1207 4973 1282 5018 est
1307 4963 1468 5024 uicta,
1493 4963 1631 5031 quod
1657 4977 1922 5028 ELocan,

322 5059 469 5128 quod
493 5068 722 5112 servata.
756 5055 1029 5110 Elocatam
1060 5054 1213 5122 dicit,
1248 5053 1390 5124 quod
1423 5054 1488 5108 ad
1521 5053 1921 5123 provinciarum

329 5153 508 5204 instar
540 5165 567 5203 a
605 5150 928 5205 censoribus
962 5149 1174 5203 elocata
1223 5147 1297 5203 sit
1333 5147 1660 5219 publicanis,
1696 5147 1787 5216 qui
1823 5147 1920 5200 tri-

327 5244 462 5298 Iruta
497 5243 856 5298 redimebant.
889 5241 1046 5296 Paria
1099 5241 1262 5295 habet
1295 5239 1568 5309 Joscpltus
1603 5239 1790 5307 Antiq.
1824 5239 1920 5292 lih.

327 5346 444 5394 xrv,
470 5347 591 5398 cap.
626 5331 681 5396 4.
711 5341 765 5387 et
800 5332 896 5386 lib.
952 5347 970 5385 ι
1000 5331 1066 5386 de
1099 5330 1246 5385 Bello
1277 5345 1400 5399 cap.
1453 5329 1507 5394 7,
1547 5329 1638 5383 ubi
1675 5339 1730 5382 et
1777 5329 1923 5382 Σκά-

326 5439 523 5492 νουρον
567 5423 884 5492 impositum
937 5422 1135 5479 Judaaze
1181 5432 1450 5479 rectorem
1500 5422 1766 5477 nominat.
1826 5421 1926 5477 Dc-

328 5517 501 5584 niqne
560 5517 836 5572 Ammian.
889 5517 1232 5572 Marcellinus
1282 5515 1380 5571 lib.
1434 5533 1523 5583 xv,
1561 5532 1612 5571 c.
1649 5517 1722 5571 8:
1760 5515 1926 5568 Pom-

329 5609 478 5676 peius
497 5606 699 5662 Iudaeis
720 5610 946 5673 domitis,
971 5618 1018 5663 et
1041 5607 1088 5663 Η
1111 5608 1418 5678 erosolymis
1447 5608 1618 5677 captis
1644 5609 1696 5661 in
1718 5607 1925 5676 provin-

330 5704 428 5755 cia:
470 5703 716 5772 speciem,
764 5701 970 5756 Hectori
1009 5703 1187 5756 delata
1218 5699 1615 5769 jurisdictione,
1646 5697 1919 5768 formavit.

401 5793 524 5852 Col.
558 5795 682 5855 4‘27.
721 5794 802 5851 Ea
850 5811 965 5866 qua:
996 5796 1058 5851 de
1099 5792 1358 5863 Catilina,
1409 5803 1514 5851 ctc.
1571 5793 1920 5858 lntcrscr,unt

2028 4599 2115 4671 gni
2168 4598 2407 4653 nominis
2455 4597 2775 4668 chronologi
2827 4605 3159 4666 sequuntur.
3213 4593 3276 4648 Ili
3327 4592 3613 4655 nimirum,

2027 4694 2119 4761 qni
2152 4707 2257 4746 non
2285 4691 2386 4745 nisi
2414 4705 2590 4744 annos
2622 4689 2810 4760 viginti
2857 4703 3051 4742 novem
3086 4687 3384 4741 Ptolctnreo
3419 4685 3617 4756 Diony-

2027 4798 2108 4848 se,
2153 4783 2268 4837 sive
2299 4781 2498 4844 Anleti,
2524 4781 2796 4851 assignant
2829 4797 2844 4846 ;
2878 4794 3046 4850 quare
3098 4767 3298 4832 ct'nos
3343 4793 3404 4831 ea
3458 4779 3525 4831 de
3560 4793 3618 4830 re

2027 4874 2209 4929 dicere
2242 4875 2351 4930 huc
2391 4874 2720 4935 distulinnls,
2748 4873 2889 4942 quod
2917 4888 2944 4926 a
2977 4872 3168 4925 mortis
3203 4870 3418 4941 Dionysi
3456 4879 3608 4924 certa

2027 4967 2230 5033 epocha
2269 4964 2571 5035 CleOpzttrae
2617 4965 2769 5018 initia
2811 4961 3185 5030 dependeant.
3221 4960 3392 5015 Porro
3433 4969 3612 5013 autem

3662 4935 3671 4962 l

2027 5057 2092 5110 ad
2128 5057 2342 5111 Eusebii
2395 5057 2656 5121 rationes,
2703 5055 2795 5124 qni
2837 5053 3056 5123 triginta
3103 5055 3152 5108 ei
3187 5069 3361 5108 annos
3399 5054 3610 5115 trihnit,
3663 5041 3667 5048 ’

2028 5149 2251 5202 maximi
2290 5150 2546 5203 momenti
2596 5159 2677 5202 est
2707 5147 2864 5202 Caelii
2918 5145 3290 5201 testimonium
3335 5146 3388 5198 in
3438 5145 3608 5211 Epist.

2027 5242 2093 5295 ad
2122 5241 2439 5294 Ciceronem
2469 5240 2607 5293 libro
2633 5255 2723 5292 vtn
2751 5247 2968 5307 quarta,
3000 5238 3330 5293 scribentis:
3367 5233 3600 5287 Nuntia-

2029 5343 2137 5385 tum
2166 5333 2338 5400 nobis,
2373 5340 2423 5387 et
2455 5347 2552 5400 pro
2589 5341 2732 5384 certo
2756 5331 2873 5400 jam
2905 5329 3150 5393 habetur,
3189 5343 3352 5396 regem
3380 5326 3612 5378 Alexan-

2027 5426 2181 5478 drum
2213 5433 2495 5478 mortuum.
2530 5423 2636 5478 Nec
2664 5425 2808 5478 enim
2854 5423 3077 5478 dubium
3110 5421 3241 5489 quin
3275 5419 3341 5471 de
3372 5417 3618 5487 Dionyso-

2028 5514 2194 5577 dicat,
2219 5522 2274 5568 et
2297 5515 2426 5584 quin
2461 5515 2666 5585 scripta
2693 5516 2920 5585 epistola
2963 5517 3075 5567 hzcc
3129 5513 3199 5566 sit
3245 5525 3391 5563 anno
3442 5508 3610 5564 Urbis

2036 5603 2372 5660 Varroniano
2398 5606 2524 5670 703,
2554 5618 2845 5678 postquam
2882 5606 3070 5661 consul
3110 5613 3326 5658 creatus
3361 5612 3508 5656 esset
3537 5602 3601 5655 C.

2030 5695 2336 5762 Marcellus,
2364 5708 2418 5754 ct
2443 5700 2623 5756 adhuc
2638 5701 2973 5771 designatus,
3002 5712 3054 5753 et
3085 5696 3345 5753 Kalendis
3372 5693 3596 5763 qttnlem

2033 5789 2353 5860 Sextilibus,
2404 5790 2456 5849 in
2503 5804 2822 5863 sequentem
2873 5806 3076 5848 annum
3113 5789 3304 5846 consul
3355 5787 3612 5844 A'Jntilius
