3974 6192
425 339 570 406 1615

1692 336 2104 401 VALLARSII
2140 337 2382 401 NCT/8.

3497 341 3607 409 illis

418 457 645 517 Paulus.
672 460 823 518 Adeo
851 462 1021 518 hocce
1050 474 1219 537 anno,
1268 459 1363 529 qui
1391 458 1671 518 secundus
1717 466 1801 517 est
1831 456 2005 529 olymo
2029 455 2080 513 Δ
2106 456 2213 512 099
2238 457 2499 523 incurrit,
2539 456 2629 526 qui
2659 453 3045 526 subsequentis
3086 452 3386 526 olympiadis
3427 456 3507 512 181
3539 475 3608 515 se-

419 551 595 619 piadis
640 552 769 625 182,
812 562 869 609 et
936 552 991 608 in
1037 551 1243 609 dictum
1295 550 1696 608 Varroniauum
1740 549 1995 611 incurrit,

416 641 689 715 Dionysus
717 644 1059 702 decesserit:
1108 642 1164 699 id
1200 643 1360 715 plane
1427 644 1608 713 ipsum
1641 642 1789 714 quod
1833 641 2000 697 Euse-

417 736 542 791 bius
573 734 745 805 ponit.
780 734 899 791 lant
934 751 1006 793 ne
1042 751 1244 806 pugnet
1274 751 1397 815 curn
1426 735 1713 808 Porphyrii
1746 749 1998 800 nurnero,

417 826 685 880 rationem
715 826 1047 896 excogitavit
1069 827 1378 885 Dodvvcllus
1404 829 1605 899 saepius
1634 827 1853 884 laudata
1883 829 2000 884 Dis-

417 924 550 968 sert.
604 914 675 970 de
723 924 887 973 atate
931 916 1119 989 scripti
1193 918 1634 989 Agatharebidis,
1681 918 2000 989 signiﬁcans

413 1011 558 1079 eius,
607 1012 714 1079 qui,
740 1011 1048 1083 Dionysum
1098 1014 1402 1083 praecessit,
1458 1013 1722 1083 principis
1755 1012 1999 1067 damnati

417 1101 655 1167 primum
706 1117 931 1169 annum,
975 1116 1261 1176 postquam
1300 1106 1398 1160 ille
1433 1115 1592 1161 actus
1642 1113 1729 1159 est
1761 1103 1819 1158 in
1850 1103 1999 1159 essio

417 1192 576 1258 lium,
609 1194 676 1249 ad
713 1193 938 1267 Dionysi
976 1190 1215 1252 rationes
1265 1199 1590 1252 accessisse.
1641 1195 1747 1251 Sed
1778 1193 2002 1249 minime

419 1284 637 1355 probari
679 1287 783 1344 hoc
812 1303 975 1359 pos=e
1010 1287 1167 1345 nobis
1208 1288 1478 1358 intelliges
1530 1304 1593 1342 es
1626 1287 1715 1343 bis
1742 1302 1863 1359 quae
1889 1286 2003 1342 dis-

415 1382 603 1443 putata
635 1386 763 1431 sunt
793 1378 860 1432 ad
925 1393 1053 1433 cum
1076 1379 1277 1434 locum.
1310 1379 1501 1433 Melius
1526 1392 1662 1433 sane
1691 1377 2002 1442 conveniet,

414 1465 463 1521 si
506 1481 539 1522 a
573 1469 875 1539 Cleopatra
926 1470 1084 1527 initio
1122 1479 1410 1542 exceptum
1442 1486 1647 1526 annum
1694 1469 1869 1533 illum.
1907 1475 2006 1525 aut

413 1560 545 1615 anni
578 1572 787 1631 partem
837 1579 868 1618 a
908 1563 1233 1635 Porphyrio,
1280 1576 1333 1619 et
1364 1564 1459 1635 qui
1509 1578 1632 1620 eum
1668 1561 1840 1619 secuti
1875 1570 2003 1618 sunt

414 1648 541 1706 aliis
571 1649 854 1708 dicamus:
910 1653 1072 1724 idque
1109 1670 1177 1710 eo
1227 1654 1451 1725 propius
1500 1653 1567 1708 ad
1609 1669 1823 1720 verum,
1859 1653 2002 1724 quod

412 1741 557 1796 banc
589 1743 798 1800 solidos
832 1745 1019 1816 viginti
1072 1746 1212 1802 duos
1258 1748 1312 1800 in
1349 1761 1516 1819 regno
1543 1747 1872 1817 explevisse,
1907 1748 1999 1801 alii

415 1847 484 1887 ex
516 1834 757 1905 antiquis
788 1846 1007 1906 negent.
1059 1837 1405 1894 Monebimus
1445 1839 1548 1894 bac
1584 1839 1658 1893 de
1702 1852 1761 1894 re
1806 1838 2003 1893 iterum

415 1923 651 1981 fortasse
681 1924 936 1983 inferius.

484 2039 605 2096 Col.
643 2039 772 2095 628.
808 2039 1073 2098 Catullus.
1110 2042 1281 2098 Recte
1328 2043 1381 2099 id
1414 2043 1634 2114 quidem
1668 2060 1824 2102 suam
1852 2044 2008 2117 iusta

409 2130 761 2204 hypothesim
794 2130 1165 2206 Hieronymus
1185 2152 1201 2202 ;
1235 2150 1350 2190 rem
1399 2136 1545 2192 enim
1585 2137 1742 2206 plane
1771 2138 2012 2195 incredi-

409 2222 572 2278 bilem
608 2233 937 2291 proponunt,
972 2223 1065 2292 qui
1101 2224 1169 2280 de
1198 2227 1477 2296 corruptis
1511 2226 1598 2283 hic
1633 2228 1875 2285 numeris
1906 2228 2009 2284 du-

409 2311 607 2380 bitant,
657 2329 722 2369 ac
769 2328 933 2385 porro
981 2315 1235 2372 dubitare
1282 2331 1382 2372 nos
1429 2318 1641 2388 iubent.
1687 2317 2007 2377 Certissima

407 2402 604 2459 isthaec
644 2404 760 2460 sive
793 2404 1014 2462 Eusebii
1087 2407 1204 2464 sive
1240 2406 1557 2482 Hieronymi
1587 2411 1728 2468 ratio
1761 2422 1813 2465 et
1850 2428 2008 2471 mens

410 2495 560 2552 fuit:
600 2495 877 2553 Catullum
916 2508 1106 2555 natum
1138 2499 1381 2556 secundo
1417 2501 1745 2574 Olympiadis
1780 2506 1882 2560 175
1912 2523 2008 2562 ano

410 2599 642 2650 no,cum
675 2587 852 2641 astatis
882 2588 1219 2644 tricesimum
1234 2598 1441 2661 ageret,
1464 2600 1626 2663 atque
1646 2593 1780 2650 adeo
1813 2597 2007 2652 ultimo

409 2674 740 2746 olympiadls
772 2675 898 2741 180,
949 2678 1135 2734 vivere
1188 2681 1441 2738 desiisse.
1491 2682 1627 2738 Vera
1661 2696 1866 2753 autem,
1905 2704 2006 2744 nec

410 2782 479 2822 ne
505 2766 713 2835 dicant,
740 2769 1153 2841 disputandum.
1174 2772 1443 2840 Equidem
1471 2790 1630 2831 neruo
1654 2794 1815 2840 unus,
1837 2795 2007 2849 quan—

408 2868 526 2916 tum
560 2863 702 2928 scio,
736 2866 937 2935 estqui
985 2865 1053 2920 ab
1082 2868 1325 2925 auctoris
1365 2870 1534 2925 nostri
1585 2879 1689 2927 stet
1719 2873 2002 2943 partibus:

407 2953 542 3022 quin
577 2955 771 3011 volunt
825 2958 984 3029 vulgo
1006 2974 1223 3027 omnes,
1252 2962 1343 3016 diu
1380 2975 1500 3033 post
1537 2965 1872 3021 tricesimum
1906 2983 2003 3021 an-

410 3063 541 3102 num
576 3063 754 3119 eglsse
784 3061 995 3120 poetam
1045 3055 1188 3109 inter
1221 3055 1394 3110 vivos.
1436 3056 1695 3113 Inventus
1723 3067 1806 3113 est
1835 3062 2000 3115 etiam

2103 550 2317 605 cmulus
2345 555 2450 603 est.
2477 546 2608 602 Inde
2636 547 2928 610 evincitur,
2963 554 3087 616 post
3112 544 3322 600 biennio
3348 548 3515 603 saltem
3535 550 3609 604 ad-

2102 641 2302 696 visisse
2333 639 2634 702 Catullum,
2663 653 2829 708 quam
2849 638 2941 692 hic
2990 636 3187 692 dicitur
3245 635 3449 691 abiisse.
3494 638 3603 693 For-

2106 743 2250 789 tasse
2270 744 2449 789 tamen
2475 731 2726 800 componi
2760 731 2866 785 hoc
2907 743 3032 784 eum
3096 725 3299 783 Eusebii
3350 728 3610 786 testimonio

2102 806 2296 896 potest,
2313 839 2589 895 causaque
2609 823 2686 878 vel
2703 821 2758 877 in
2779 806 3119 879 lereobviurn
3134 818 3376 891 eiusmodi
3392 822 3615 877 anach-

2103 917 2363 982 nismum,
2421 916 2505 971 vel
2535 917 2590 971 in
2643 914 2941 971 discrimen
2993 910 3239 967 Paliliutn
3282 909 3489 966 rotundi.
3519 910 3619 965 ⁸11(-

2104 1020 2219 1066 stat
2302 1010 2550 1073 tertium,
2607 1007 2754 1078 quod
2811 1014 2869 1061 et
2924 1004 3032 1061 sibi
3092 1002 3397 1075 palmarium
3453 1003 3618 1059 ducum

2105 1111 2489 1175 argumentum
2528 1116 2594 1155 es
2632 1114 2804 1156 carm.
2832 1097 2924 1166 δᾶ,
2949 1097 3047 1153 ubi
3094 1096 3299 1153 Vatinii
3353 1097 3620 1154 consulatus

2108 1198 2427 1254 nominatur
2458 1235 2473 1250 .
2793 1228 2796 1231 -

2289 1291 2391 1341 Per
2420 1288 2732 1340 consulatum
2751 1286 2944 1348 peierat
2964 1281 3213 1333 Vatinius.

2106 1387 2169 1444 P.
2197 1398 2395 1454 nempe
2428 1382 2699 1443 Vatinius,
2724 1378 2791 1446 ρ.
2826 1377 2978 1433 Fusii
3007 1376 3198 1433 Caleni
3221 1374 3409 1445 collega
3445 1373 3492 1427 in
3514 1388 3616 1427 eon-

2108 1476 2290 1532 sulatu
2345 1473 2447 1528 luit
2492 1486 2639 1527 anno
2679 1468 2841 1525 Urbis
2890 1468 3036 1530 707.
3073 1467 3166 1537 qui
3222 1474 3305 1521 est
3356 1464 3629 1535 olympiadis

2112 1570 2218 1625 183
2248 1567 2545 1623 secumlns.
2579 1566 2731 1622 Adeo
2765 1564 2965 1619 nedum
2991 1560 3265 1615 tricesimo
3298 1558 3458 1613 astatis
3498 1573 3613 1611 utor-

2110 1670 2366 1716 tnusnou
2414 1668 2499 1712 est
2525 1654 2793 1717 Catullus,
2817 1650 3036 1707 vivebat
3054 1650 3168 1721 iam
3210 1645 3625 1716 quadragesimum

2112 1757 2553 1821 praetergressus,
2587 1759 2713 1801 eum
2745 1759 2809 1799 ea
2837 1742 3127 1799 scriberet.
3191 1739 3289 1794 His
3340 1737 3458 1809 quid
3502 1752 3626 1807 repo-

2114 1843 2260 1899 nas?
2316 1842 2446 1911 Ego,
2481 1838 2698 1894 veniam
2730 1835 3079 1906 deprecatus,
3116 1831 3163 1887 si
3191 1831 3317 1901 quid
3349 1841 3515 1886 contra
3554 1844 3623 1883 re-

2112 1943 2332 2006 ceptum
2376 1932 2540 2002 vulgo
2574 1943 2797 1985 sensum
2858 1941 2961 1997 pro
3014 1923 3249 1979 Eusebio
3310 1936 3420 1976 meo
3471 1919 3628 1982 audeo,

2113 2029 2227 2084 ﬁeri
2263 2027 2508 2096 potuisse
2533 2031 2761 2079 autumo
2784 2061 2800 2087 ,
2833 2036 2942 2077 non
2993 2033 3157 2090 quam
3202 2016 3309 2086 iam
3360 2013 3627 2069 obtinuisset

2114 2120 2364 2176 Vatinius
2395 2118 2745 2189 dignitatem,
2781 2115 2876 2172 sed
2899 2111 3064 2184 quam
3109 2112 3200 2167 diu
3249 2117 3398 2163 antea
3425 2106 3629 2166 ambiret,

2110 2231 2141 2271 a
2166 2213 2386 2271 Catullo
2418 2212 2509 2267 hic
2534 2207 2826 2266 n0tari.-Et
2849 2220 3045 2262 sensus
3080 2204 3196 2265 sit,
3254 2216 3320 2256 eo
3349 2198 3633 2270 processisse

2109 2307 2351 2363 audaciae
2367 2302 2668 2365 Vatinium,
2683 2315 2744 2355 ut
2766 2299 3119 2354 consulatum
3144 2294 3419 2349 ambitiose
3447 2298 3630 2363 peteret,

2109 2401 2228 2456 sive
2250 2397 2416 2455 etiam
2450 2390 3005 2463 bariolandoiurarit,
3027 2392 3271 2443 futurum
3299 2402 3356 2442 se
3380 2385 3628 2447 consulem,

2109 2508 2269 2565 quem
2300 2490 2675 2557 rnagiétratnm
2710 2496 2844 2540 tunc
2870 2481 3134 2553 temporis
3154 2497 3260 2535 nou
3289 2478 3353 2535 sit
3375 2486 3629 2539 assecutus,

2109 2600 2275 2658 atque
2314 2585 2369 2639 in
2402 2598 2469 2639 eo
2507 2580 2651 2652 quod
2677 2576 2945 2651 iuraverit
2976 2589 3075 2645 per
3120 2570 3471 2632 consulatum,
3517 2566 3635 2658 prie-

2110 2656 2335 2736 raverit.
2375 2676 2603 2747 Egregie
2623 2675 2908 2729 enimvero
2939 2667 3010 2723 Μ.
3043 2665 3260 2720 Tullius
3285 2664 3416 2717 libro
3437 2675 3487 2715 ιιι
3528 2656 3632 2713 Oili-

2108 2774 2244 2829 cior.
2285 2788 2301 2826 :
2347 2770 2471 2825 Non
2522 2769 2681 2831 enim,
2716 2762 2929 2833 inquit,
2962 2758 3183 2833 falsum
3216 2755 3423 2825 jurare,
3443 2751 3637 2820 peierare

2106 2877 2237 2931 est;
2293 2867 2384 2919 sed
2444 2863 2582 2933 quod
2641 2872 2706 2911 ea:
2758 2853 2925 2910 animi
2970 2854 3050 2905 tui
3100 2847 3355 2905 sententia
3387 2839 3637 2915 iuraveris,

2109 2960 2245 3015 sicut
2270 2955 2441 3011 verbis
2474 2950 2771 3019 concipitur
2816 2962 2964 3002 more
2986 2953 3195 3007 nostro,
3254 2940 3309 2995 id
3363 2954 3454 2992 non
3485 2935 3641 3005 farm,

2109 3050 2411 3123 perjurium
2447 3055 2549 3100 est.
2590 3042 2744 3098 lianc
2771 3049 2922 3096 certe
2953 3035 3456 3108 interpretationem
3491 3027 3546 3123 si
3578 3025 3638 3123 ie:

409 3143 527 3212 qui,
565 3147 666 3197 hoc
707 3156 765 3199 ut
807 3144 1073 3199 obtineat.
1128 3148 1366 3216 priorem
1414 3167 1636 3221 quoque
1684 3154 1995 3221 terminum,
2029 3133 2072 3194 C
2108 3121 2235 3200 runt
2260 3139 2460 3198 Catulli
2488 3136 2673 3200 verba,
2714 3133 2851 3189 nihil
2876 3139 3036 3187 erunt
3079 3144 3204 3200 quae
3234 3130 3483 3182 hactenus
3522 3121 3637 3175 docti

406 3235 523 3291 sive
553 3238 786 3291 natalem
819 3237 984 3297 diem.
1030 3238 1261 3293 duarum
1289 3242 1455 3297 lenne
1482 3245 1847 3316 olympiadum
1876 3262 2002 3315 spa-

407 3326 487 3381 tio
514 3327 827 3383 antevertit.
883 3330 981 3384 Cui
1037 3347 1138 3386 nos
1173 3334 1390 3401 quidem
1445 3336 1728 3391 meliorem
1762 3346 2002 3393 mentem

407 3432 731 3487 precamur;
770 3436 945 3490 neque
999 3424 1144 3478 enim
1195 3441 1362 3480 causa
1412 3427 1520 3482 ulla
1572 3438 1690 3484 erat
1723 3445 1823 3487 cur
1852 3444 2003 3486 coru-

410 3520 655 3566 meutum
683 3511 784 3567 hoc
819 3529 978 3568 suum
1030 3527 1272 3571 veterum
1309 3521 1623 3576 auctoritati
1658 3534 2000 3595 apponeret;

410 3612 576 3675 atque
599 3619 660 3659 ea
708 3621 842 3662 sane
891 3607 1093 3678 inepta,
1129 3626 1290 3678 quam
1328 3613 1640 3681 praetendit,
1681 3616 1726 3672 si
1775 3618 2003 3673 calculis

410 3696 634 3752 Eusebii
669 3706 902 3765 stemus,
949 3700 1201 3755 Catulum
1258 3705 1484 3772 petiisse
1513 3705 1823 3779 Bithyniam
1857 3725 2003 3766 anno

410 3787 586 3843 sitatis
610 3787 695 3856 14,
733 3804 893 3856 quam
922 3799 1134 3845 tetatcm
1171 3792 1713 3865 dicitineptissimam
1742 3796 1819 3853 ad
1860 3814 2002 3856 cutis

407 3878 553 3949 quod
598 3880 840 3947 gerebat,
910 3892 1141 3951 praetore
1187 3882 1460 3940 Memmio.
1510 3886 1755 3942 Aliorum
1808 3890 2001 3957 proba-

409 3970 623 4026 bilitate
657 3986 765 4026 non
805 3985 956 4027 caret
988 3979 1257 4028 sententia
1309 3976 1401 4045 qui
1460 3975 1769 4048 θανάσιμον
1803 3980 1995 4036 dunta-

405 4068 502 4114 xat
538 4076 741 4115 annum
776 4072 948 4132 poettc
997 4064 1049 4118 in
1085 4069 1386 4134 posteriora
1421 4067 1505 4122 his
1536 4076 1778 4139 tempora
1812 4072 2000 4127 detru-

406 4152 580 4219 dunt;
611 4153 703 4221 qui
750 4153 880 4209 licet
931 4155 984 4209 in
1016 4171 1308 4224 annorum,
1359 4160 1558 4229 quibus
1592 4172 1871 4233 superstes
1905 4163 1997 4220 ille

404 4238 596 4309 fuerit,
635 4260 861 4301 numero
910 4244 1234 4303 dissentiant
1282 4249 1532 4305 nonnihil
1585 4244 1727 4308 inter
1773 4268 1856 4320 sc,
1898 4270 1998 4312 sua

405 4345 585 4390 tamen
617 4347 940 4407 argumenta
996 4355 1149 4411 atque
1194 4357 1388 4400 omnes
1428 4357 1495 4400 ex
1528 4342 1744 4402 Gil‘anio
1772 4355 1827 4403 et
1863 4345 1998 4403 Sea-

404 4426 576 4497 ligero
604 4428 922 4498 cumprimis
967 4431 1302 4489 delibarunt.
1342 4434 1441 4491 llic
1480 4452 1610 4493 vero
1656 4439 1818 4494 etiam
1874 4451 1998 4509 post

2106 3236 2207 3291 viri
2237 3233 2470 3289 Eusebio
2500 3240 2552 3285 et
2572 3228 2905 3299 Hieronymo
2946 3225 3294 3294 obiecerunt.

2173 3327 2289 3383 Col.
2338 3325 2464 3382 427.
2522 3322 2788 3377 Callidius
2822 3309 3031 3373 orator.
3063 3316 3203 3372 Cum
3239 3316 3260 3369 ι
3291 3311 3502 3381 simplici
3538 3307 3638 3361 Par-

2106 3417 2310 3471 mensis
2332 3428 2435 3469 ms.
2465 3420 2519 3467 ct
2549 3410 2791 3481 Scaliger
2815 3409 3025 3479 legunt,
3054 3422 3181 3478 qua:
3204 3416 3258 3462 ct
3279 3402 3519 3460 recentior
3534 3396 3643 3454 scri-

2105 3519 2261 3579 ptura
2295 3515 2397 3563 est.

2175 3601 2295 3655 Col.
2327 3597 2454 3655 429.
2494 3597 2721 3653 Crassus
2774 3597 2981 3659 consul,
3028 3603 3141 3651 etc.
3194 3591 3429 3663 Conligit
3467 3583 3645 3644 biennio

2104 3702 2248 3765 post.
2284 3692 2421 3748 Vide
2452 3691 2828 3755 Plutarchum,
2878 3688 3214 3760 Appianum,
3246 3684 3512 3748 Velleium,
3546 3678 3643 3733 Flo-

2104 3803 2247 3851 rum,
2272 3785 2549 3852 Orosium,
2582 3794 2690 3840 etc.

2179 3879 2313 3934 Ibid.
2352 3877 2647 3933 Ventidius.
2676 3875 2920 3932 Pertinet
2951 3890 3084 3930 vero
3116 3875 3236 3930 haec
3277 3872 3511 3936 victoria,
3532 3865 3643 3936 quod

2102 3980 2159 4028 et
2210 3972 2451 4043 Scaliger
2505 3979 2679 4035 notat,
2724 3969 2866 4024 infra
2917 3968 2983 4023 ad
3023 3968 3327 4024 secundum
3374 3958 3651 4036 olympiadis

2105 4063 2208 4118 183
2263 4077 2486 4117 annum.
2543 4059 2782 4116 Consule
2827 4058 3136 4130 Appianum
3186 4057 3241 4113 in
3297 4054 3562 4114 Parthicis,
3603 4061 3646 4130 et

2104 4152 2352 4210 laudatos
2378 4152 2543 4208 modo
2579 4162 2851 4208 auctores.
2883 4129 3096 4222 iPagius
3128 4148 3322 4205 Pacori
3352 4145 3552 4206 caulem,
3575 4129 3645 4209 qu|

2103 4244 2323 4311 Orodis,
2349 4244 2493 4315 regis
2524 4241 2876 4309 Parthorum,
2912 4242 3057 4298 illius
3099 4249 3243 4308 erat,
3275 4241 3341 4296 ad
3382 4251 3560 4294 annum
3585 4233 3645 4286 iu-

2102 4342 2422 4404 sequentem
2454 4332 2641 4399 refert,
2671 4332 2815 4403 quod
2840 4339 2896 4388 et
2943 4332 3129 4388 verius
3160 4333 3397 4388 videtur.

2175 4427 2294 4485 Col.
2324 4427 2449 4483 450,
2478 4426 2662 4483 Cwsar
2691 4425 3022 4481 Germanos..
3058 4428 3290 4482 Rectius
3322 4428 3373 4481 in
3410 4413 3642 4479 Parmensi

403 4519 637 4575 Caesaris
683 4521 887 4577 ert-dem
930 4523 1132 4580 visissc
1173 4525 1448 4582 Catullum
1499 4531 1888 4593 contendebat,
1939 4540 1994 4585 et

2107 4536 2205 4576 ms.
2246 4521 2367 4575 vicit
2410 4535 2510 4591 pro
2554 4520 2719 4590 capit.
2772 4518 3070 4575 Historiam
3125 4531 3314 4590 repete
3351 4534 3411 4574 es
3459 4510 3647 4572 Catsaris

342 4590 353 4639 δ
405 4610 569 4666 ludos
613 4612 846 4681 Augusti
895 4615 1187 4672 saeculares
1231 4626 1540 4687 Spectasse,
1582 4620 1644 4675 C.
1691 4622 1917 4687 Furnio,
1944 4622 2004 4678 P.

406 4699 572 4758 Junio
609 4703 1002 4763 Sillanotoss.
1034 4724 1189 4766 num.
1235 4710 1400 4780 200i,
1432 4728 1561 4770 cum
1599 4730 1801 4770 annum
1829 4717 2009 4775 astatis

406 4789 468 4845 ’11
499 4789 701 4862 ageret.
741 4794 847 4854 Sed
879 4812 1003 4853 cum
1034 4799 1136 4856 hoc
1164 4816 1228 4857 es
1252 4803 1515 4872 carmine,
1544 4816 1601 4861 ut
1628 4814 1806 4875 vocat,
1837 4820 2012 4864 saccu-

340 4884 352 4935 .'
409 4878 515 4940 lari

822 5002 995 5053 Dianai
1016 5016 1188 5054 sumus
1213 5007 1263 5055 in
1286 5006 1402 5067 ﬁde,

413 5098 664 5171 colligat,
695 5097 876 5155 lubido
905 5102 1101 5158 nititur
1125 5103 1522 5173 fundamento;
1554 5122 1676 5162 nam
1710 5124 1885 5180 neque
1907 5127 2009 5167 stc-

404 5192 587 5247 culare
612 5205 834 5247 carmen
868 5192 1000 5248 illud
1047 5204 1150 5261 est,
1199 5207 1257 5250 ut
1307 5198 1474 5267 probe
1504 5209 1663 5255 nutat
1683 5200 2004 5258 Theodorus

409 5283 728 5349 Mareillius,
759 5299 937 5356 neque
965 5287 1032 5340 ad
1059 5288 1293 5357 Augusti
1324 5303 1573 5361 tempora
1602 5306 1796 5362 resque
1817 5303 2003 5364 gestas

407 5377 632 5432 omnino
657 5379 913 5449 pertinet.
965 5380 1210 5437 Alterum
1242 5383 1427 5453 itaque
1475 5384 1567 5439 alii
1615 5396 1999 5456 argumentum

409 5477 603 5538 urgent
632 5485 695 5525 es
728 5473 972 5528 carmine
1000 5474 1123 5541 111,
1158 5476 1249 5532 ubi
1274 5477 1574 5533 secundum
1600 5476 1843 5549 Pompeii
1870 5496 2002 5536 con-

410 5557 650 5613 sulatum
693 5568 852 5630 pocta
880 5575 1147 5620 memorat
1167 5579 1184 5620 :

506 5686 517 5693 ’
594 5692 831 5755 Pompeio
850 5695 978 5746 facto
1000 5699 1205 5749 consule
1227 5711 1355 5749 nunc
1396 5697 1599 5749 iterum.

411 5793 517 5857 ilic
561 5795 769 5851 scilicet
818 5803 1134 5862 consulatus
1167 5805 1221 5860 in
1254 5818 1409 5861 tamn
1460 5806 1527 5861 ab
1590 5803 1735 5861 Urbe
1775 5808 1993 5864 conlita

2113 4612 2419 4669 Comment.
2450 4615 2544 4679 vt.|

2183 4706 2300 4765 Col.
2334 4706 2461 4764 430.
2488 4707 2755 4762 Diodorus
2771 4704 3007 4763 Siculus.
3028 4704 3195 4762 Addit
3228 4702 3521 4761 Parmensis
3542 4710 3645 4752 ms.:

2112 4799 2285 4864 Alias,
2328 4798 2639 4869 Dionysius,
2676 4798 2820 4870 quod
2845 4811 3045 4853 nomen
3100 4798 3269 4851 unice
3318 4808 3412 4865 pro
3458 4787 3646 4845 Diodoro

2113 4878 2324 4959 primus
2381 4889 2654 4957 Palatin.,
2720 4898 2859 4945 teste
2931 4884 3414 4945 Schurzlleisebio,
3479 4882 3647 4935 servat.

2113 4982 2357 5055 Scaliger
2431 4983 2654 5040 Diodori
2720 4983 3054 5040 mentionem
3116 4977 3459 5038 statuendam
3513 4971 3646 5026 fuisse

2112 5074 2397 5130 contendit
2425 5089 2570 5130 anno
2597 5076 2761 5130 tertio
2814 5072 3112 5144 superioris
3171 5066 3483 5141 olympiadis
3529 5059 3650 5119 181).

2108 5176 2484 5238 quotempore
2510 5165 2691 5222 Caesar
2718 5166 2917 5222 bellum
2944 5180 3066 5219 cum
3106 5162 3285 5219 Gallis
3321 5159 3468 5215 inivit
3497 5173 3511 5223 ;
3564 5152 3652 5221 ipse

2112 5257 2260 5313 enim
2296 5257 2597 5314 historicus
2627 5255 2792 5327 paulo
2818 5266 2945 5310 ante
2966 5253 3126 5309 linem
3164 5249 3415 5324 proremii
3446 5240 3614 5301 scribit
3634 5272 3648 5300 .

2110 5350 2383 5423 principio
2429 5348 2550 5419 eius
2581 5349 2705 5406 belli
2737 5363 2795 5404 se
2821 5347 3105 5402 historiam
3148 5359 3305 5399 suam
3346 5336 3649 5398 terminasse.

2115 5422 2250 5500 Vide
2284 5442 2636 5507 Fabricium,
2685 5441 2729 5496 si
2756 5440 2927 5508 lubet,
2980 5437 3308 5494 Bibliothcc.
3349 5433 3517 5489 Graec.
3571 5422 3645 5479 lib.

2105 5535 2439 5685 ιηίὶιξῖρλὸῗ
2454 5574 2540 5681 ἐκ
2556 5642 2653 5680 noc
2680 5640 2791 5679 loco
2804 5625 3119 5678 continua...
3137 5619 3457 5688 Praeponunt
3469 5608 3649 5683 quidam

2101 5736 2233 5776 mss.
2253 5738 2318 5776 ex
2338 5720 2421 5774 his
2445 5718 2754 5790 ctiatnquos
2774 5716 3011 5787 Scaliger
3034 5715 3189 5777 vidit.
3206 5708 3465 5769 istbxede
3481 5706 3649 5777 glossa‘

2103 5814 2234 5871 toris
2270 5812 2485 5882 ingenio
2517 5830 2529 5869 :
2561 5809 2646 5867 lix
2669 5813 2762 5867 hoc
2795 5811 2905 5865 ιοιο
2962 5808 3212 5863 continua
3269 5798 3512 5859 Romanis
3552 5808 3633 5847 m-
