4014 6196
1840 276 1869 308 κ

300 372 438 439 MT?

1563 378 1973 446 VALLABSII
2009 379 2271 464 item.

3419 379 3562 448 10ιεί

292 496 516 541 eruntin-
541 487 784 558 imperia,
818 488 875 543 in
903 490 1040 544 diem
1070 491 1189 547 sine
1204 494 1547 563 priuetpttfis,‘
1580 504 1635 549 et
1676 500 1864 565 regnat
1891 490 1936 547 Δ
1962 489 2032 547 de
2057 491 2212 563 Cycl.
2244 490 2434 563 Calyp.
2467 507 2590 566 pag.
2622 494 2688 551 8i
2722 500 2778 550 et
2804 494 2895 561 85,
2926 492 3213 552 Prideaux
3247 492 3396 551 llist.
3455 495 3549 551 Ju-

290 578 438 644 apud
478 575 742 633 Romanos
770 580 972 648 primus
997 582 1231 635 omnium
1270 582 1432 638 Caius
1457 582 1637 641 Julius
1665 583 1871 645 Crater,

289 669 383 737 qui
409 670 632 736 primus,
655 680 763 724 etc.
791 669 966 725 Etiam
1014 685 1114 741 pro
1177 674 1421 740 obtinuit,
1480 675 1535 729 in
1586 674 1870 730 Parmensi

292 773 398 815 ms.
424 769 482 814 et
500 759 761 831 Scaligeri
786 761 1027 818 editione
1050 764 1259 821 rectius
1280 774 1365 821 est
1405 767 1661 835 arripuit.

355 850 477 907 Col.
505 851 630 908 429.
659 851 711 909 Ι.
743 852 807 908 C.
836 851 1014 910 Julius
1035 854 1237 913 Ctesar.
1260 857 1468 915 Menses
1495 858 1874 914 tantummodo

285 956 387 997 sex
409 952 834 999 numerantium
880 946 1089 1017 aliquot
1140 948 1282 1019 apud
1345 950 1641 1006 Pontacum
1691 965 1869 1020 mss.,

284 1042 403 1089 tum
432 1035 541 1103 qur
567 1035 684 1092 hanc
705 1037 834 1092 olim
865 1040 1005 1108 κσετὲ
1033 1039 1186 1106 λέξιν
1248 1041 1563 1114 descripsit,
1619 1043 1861 1115 Prosper

285 1127 344 1181 in
389 1125 687 1184 Chronico.

352 1218 474 1273 Col.
515 1220 643 1274 t3l.
676 1220 752 1273 Ab
786 1221 883 1275 hoe
918 1222 1068 1285 loco,
1109 1232 1220 1281 etc.
1263 1226 1434 1282 Abest
1492 1242 1522 1282 a
1582 1228 1867 1296 Parmensi

280 1324 392 1366 ms.
426 1312 538 1365 ha-c
575 1313 848 1381 pericopa.
883 1313 959 1367 De
1004 1313 1121 1381 ipsa
1186 1325 1368 1372 autem
1414 1318 1867 1376 Antiochensium

278 1411 413 1461 aera,
450 1408 699 1454 notatum
724 1410 851 1455 ante
879 1416 981 1457 nos
1003 1403 1183 1458 doctis
1212 1405 1369 1470 viris,
1408 1409 1555 1477 quod
1592 1408 1662 1464 ab
1712 1409 1866 1465 urbis

276 1495 500 1554 recepta
534 1489 782 1545 libertate
809 1501 1134 1561 supputetur
1162 1511 1177 1551 :
1204 1498 1346 1552 unde
1376 1506 1431 1552 et
1474 1499 1867 1570 χρηματισμὸς

273 1579 380 1648 τῆς
409 1581 763 1651 Ἀντιοχείας,
796 1594 853 1637 et
889 1584 1017 1639 anni
1078 1587 1541 1658 χρηματιζοῠσης
1607 1590 1710 1660 τῆς
1762 1589 1863 1644 πό-

275 1668 419 1733 λεως
445 1683 732 1727 vocantur.
752 1672 946 1740 Incipit
971 1675 1041 1730 ab
1073 1684 1337 1733 autumno
1369 1694 1459 1733 an.
1508 1681 1719 1748 period.
1763 1680 1866 1737 Ju-

274 1761 410 1815 lian.
448 1762 614 1823 4665.
654 1763 805 1834 cyclo
829 1765 962 1822 solis
1008 1768 1092 1830 ιλ
1142 1768 1283 1823 luna:
1345 1769 1435 1836 10,
1497 1771 1691 1826 indici.
1745 1772 1858 1841 15;

272 1850 536 1919 Eusebio,
568 1852 817 1924 Evagrio,
845 1857 1054 1912 auctori
1072 1858 1726 1926 ChroniciAlexandtini,
1757 1862 1860 1918 Ce-

272 1945 470 2012 dreno,
495 1956 548 2000 et
573 1945 875 2016 Nicephoro
901 1949 959 2001 in
996 1964 1099 2004 usu
1131 1959 1236 2006 est.

344 2030 463 2091 Col.
502 2031 632 2088 450.
657 2033 937 2103 Pompeius
960 2038 1147 2105 prwlio
1176 2040 1363 2095 uictus.
1424 2040 1550 2097 llwc
1604 2042 1702 2110 illi,
1735 2058 1857 2113 qua:

268 2123 522 2193 proxime
541 2129 840 2195 pmcesslt,
877 2128 1128 2199 pericopa
1160 2129 1218 2184 in
1250 2129 1619 2203 Sraligeratta.
1653 2136 1856 2190 editio-

267 2231 340 2270 ne
371 2215 563 2271 ordine
590 2216 895 2285 praefertur.
950 2219 1382 2276 Alexandrinum
1448 2239 1630 2295 regem
1688 2240 1850 2292 quem

267 2315 542 2362 memorat
573 2307 861 2373 Eusebius,
892 2308 1177 2364 Pothinum
1210 2312 1444 2366 alterum
1492 2325 1647 2382 puta,
1676 2314 1849 2371 lilium

266 2396 498 2468 Dionysi
608 2400 726 2456 sive
776 2399 1024 2469 Auiola,
1089 2411 1146 2458 et
1203 2404 1325 2460 vide
1352 2405 1684 2462 Strabonem
1752 2408 1851 2465 lib.

263 2504 404 2545 XVII.

338 2577 603 2637 CoIJQ9.
641 2581 928 2640 ILCarIius
959 2582 996 2658 ['
1015 2587 1090 2640 al.
1133 2587 1379 2643 Ceciliae
1410 2586 1454 2661 J.
1498 2589 1561 2644 in
1595 2598 1853 2646 r'armcn-

263 2668 312 2725 si
341 2684 449 2725 ms.
485 2671 729 2728 (Ia-cilius
762 2676 853 2743 hic
880 2685 1124 2743 voratur,
1161 2688 1213 2733 et
1249 2678 1316 2734 Τ.
1373 2696 1684 2749 ρικιιοιιιθιι
1739 2684 1855 2738 An-

262 2759 366 2814 nio
415 2758 685 2818 aufertur.
754 2762 871 2817 Mox
924 2764 978 2818 in
1041 2766 1222 2834 primo
1301 2767 1548 2824 Palatino
1610 2780 1844 2827 testatur

263 2850 763 2908 Schunﬂeisehius
787 2854 917 2923 legi,
948 2855 1002 2908 in
1050 2855 1280 2925 Tyrione
1325 2857 1514 2913 Brutio
1555 2876 1682 2930 agro
1735 2879 1851 2917 iuo-

271 2938 466 2995 lientes
493 2958 513 2996 :
542 2942 609 2997 de
635 2943 792 3012 cujus
824 2944 925 2999 loci
986 2946 1369 3002 emendatione
1428 2950 1639 3004 consuli
1688 2950 1848 3019 jubet

261 3029 762 3088 Abrah.0rtelium
799 3034 1082 3091 Thesauro
1139 3036 1501 3108 Geographie.
1571 3055 1702 3097 voce
1760 3041 1846 3096 Ti-

1976 583 2144 637 daeor.
2186 583 2282 639 lib.
2329 600 2405 651 tv,
2445 595 2590 655 part.
2627 601 2689 654 ιι,
2715 601 2877 656 quos,
2919 595 2979 643 ut
3029 586 3310 653 consulas,
3363 596 3549 645 auctet

1974 686 2119 728 sum.
2155 672 2488 732 Laudandus
2516 676 2767 745 equidem
2803 686 2929 733 ante
2963 691 3158 733 omnes
3200 684 3320 732 erat
3371 676 3550 732 Scali-

1972 777 2089 833 ger,
2119 764 2209 821 cui
2242 766 2477 836 primum
2526 782 2680 824 error
2724 767 2945 839 Iosephi
2977 768 3260 835 suboluit;
3312 768 3409 824 sed
3461 769 3549 826 ille

1973 855 2099 909 dum
2123 870 2225 924 pro
2262 856 2478 927 ingenio
2530 872 2632 913 suo
2669 867 2982 928 exaggerat,
3026 872 3092 914 ac
3140 872 3305 927 porro
3348 856 3535 911 omnia

1972 941 2181 1000 incerta
2211 959 2333 1002 esse
2355 947 2713 1017 pronuntiat.
2785 945 2892 1001 alia
2940 961 3007 1002 es
3066 954 3240 1016 parte,
3305 960 3408 1001 nec
3464 944 3546 1001 leo

1970 1033 2098 1090 rius
2127 1042 2340 1105 peccat.
2374 1034 2494 1091 Non
2523 1050 2658 1092 sane
2678 1035 2890 1092 dubitat
2908 1036 2977 1091 de
2995 1035 3314 1092 alterutrius
3337 1050 3523 1107 germa

1969 1121 2147 1179 nitate
2189 1122 2397 1181 decreti
2430 1140 2673 1195 nuperos
2709 1125 2936 1197 Josephi
2975 1126 3151 1180 editor
3212 1123 3543 1199 Hudsonus.

1983 1212 2120 1283 quin
2148 1213 2262 1270 imo
2325 1216 2627 1272 conciliare
2656 1216 2709 1271 id
2732 1219 2915 1271 studet
2947 1232 3011 1272 ex
3042 1215 3192 1271 Sam.
3224 1214 3387 1272 Petili
3422 1231 3542 1272 con-

1966 1301 2183 1372 jactura
2212 1302 2268 1359 in
2304 1304 2491 1375 Eclog.
2524 1303 2786 1361 Chronol.
2822 1305 2968 1376 quod
3004 1304 3543 1361 senatusconsultum

1940 1432 1943 1435 ν
1968 1394 2153 1450 Idibus
2184 1395 2595 1457 Decembribus.
2630 1396 3049 1460 Atheniensium
3077 1411 3205 1452 vero
3230 1396 3545 1466 psephisma

1968 1486 2173 1542 mensis
2228 1501 2423 1556 panem
2465 1487 2550 1555 (F.
2586 1489 2995 1560 ποσιιδεῶνος)
3078 1488 3383 1544 desinentis
3458 1487 3543 1543 die

1965 1577 2181 1647 quinto,
2210 1577 2322 1634 sive
2365 1578 2528 1636 Junio
2569 1578 2811 1644 Juliano,
2866 1580 3178 1635 ascribatur
3229 1596 3243 1634 :
3313 1592 3543 1650 utraque

1966 1682 2146 1728 autem
2187 1673 2395 1743 scripta
2454 1673 2622 1730 fuisse
2679 1689 2825 1729 anno
2888 1674 3241 1744 pontificatus
3307 1674 3544 1746 llyrcani

1967 1779 2115 1818 nono
2168 1764 2468 1820 concludit.
2519 1765 2681 1822 Adito
2735 1765 3049 1822 Salvianum
3080 1766 3150 1821 ad
3202 1781 3294 1821 an.
3356 1767 3544 1823 mundi

1891 1827 1932 1883 Β
1961 1855 2131 1920 4007,
2168 1857 2496 1927 paragraph.
2532 1857 2602 1912 36
2623 1867 2676 1912 ct
2707 1871 2827 1926 seq.
2852 1857 2913 1912 lu
2938 1856 3195 1913 editionis
3215 1856 3544 1913 Pontacena:

1961 1954 2114 2001 textu
2147 1948 2343 2018 copula
2373 1960 2419 2003 et
2450 1948 2659 2014 deerat,
2693 1962 2973 2017 sensuque
2999 1947 3138 2003 adeo
3166 1948 3276 2003 alio
3295 1957 3348 2003 et
3378 1947 3542 2015 falso,

1959 2038 2135 2092 solum
2165 2038 2444 2095 Decretum
2474 2049 2692 2096 senatus
2739 2039 3139 2095 Atheniensium
3190 2030 3544 2095 memoraba-

1959 2143 2069 2185 tur.
2104 2129 2210 2186 Sed
2241 2140 2295 2186 et
2359 2132 2412 2185 in
2447 2131 2730 2189 Parmensi
2771 2147 2875 2187 ms.
2937 2143 2994 2188 et
3042 2132 3217 2189 *ιι-ξιιιο
3292 2132 3543 2198 Palatino

1959 2224 2152 2279 vocula
2183 2224 2271 2280 illa
2301 2225 2648 2285 desideratur

2025 2313 2145 2370 Col.
2209 2316 2340 2373 429.
2433 2318 2733 2389 Cleopatra.
2790 2328 2968 2389 Atque
3016 2322 3108 2376 hic
3175 2321 3531 2388 castigandus

1958 2404 2217 2475 Scaliger,
2247 2409 2336 2478 qui
2358 2424 2424 2465 ex
2458 2409 2719 2481 Eutropio
2771 2413 2889 2467 haec
2938 2411 3326 2483 Hieronymus
3375 2426 3541 2467 acce-

1956 2498 2097 2566 pisse
2150 2501 2500 2567 pronuntiat:
2532 2503 2920 2572 concluditque
2984 2518 3052 2557 ex
3110 2519 3178 2559 eo
3242 2510 3537 2573 peceatum

1953 2587 2244 2658 dupliciter
2276 2608 2309 2647 a
2346 2592 2403 2649 S.
2435 2593 2691 2658 doctore,
2723 2594 2958 2663 primutn
3004 2594 3151 2663 quod
3190 2593 3306 2649 haec
3348 2601 3539 2649 essent

1952 2680 2009 2734 in
2045 2681 2235 2737 eodem
2273 2699 2418 2738 anno
2447 2684 2502 2738 in
2534 2684 2838 2740 continenti
2895 2686 3165 2755 ponenda,
3227 2700 3337 2755 quo
3392 2683 3535 2740 refe—

1953 2781 2152 2829 runtur
2176 2774 2246 2831 ab
2278 2773 2564 2846 EntrOpio,
2601 2778 2693 2846 qui
2747 2777 2851 2831 hoc
2903 2785 3119 2847 gestuin
3158 2789 3284 2831 cum
3356 2786 3535 2833 morte.

1950 2865 2230 2921 Ptolemaei
2262 2868 2406 2934 regis
2437 2868 2619 2923 fratris
2675 2868 2977 2938 Cleopatra:
3040 2868 3327 2939 coniungit
3358 2869 3532 2925 :alte~

1950 2972 2071 3012 rum
2094 2958 2240 3029 quod
2273 2960 2461 3014 urbem
2484 2999 2502 3025 ,
2530 2975 2695 3031 quam
2755 2960 2898 3030 regio
2934 2961 3191 3014 comitatu
3244 2960 3531 3029 Cleopatra

1949 3050 2154 3104 dicitur
2181 3052 2418 3121 ingressa
2442 3090 2458 3115 ,
2492 3052 2825 3107 intellexerit
2851 3050 3081 3106 Romam
3112 3066 3233 3120 .pro
3285 3051 3528 3107 Alexan-

261 3125 476 3224 riarius.
503 3216 516 3224 .
541 3124 646 3181 Sed
678 3136 731 3224 et
784 3126 1062 3195 Scaligero
1114 3129 1461 3184 emendatum
1516 3132 1688 3200 probe
1725 3141 1845 3189 erat
1873 3163 1920 3224 ο
1952 3140 2093 3203 dria.
2118 3158 2236 3211 qua:
2260 3145 2384 3196 urbs
2412 3144 2527 3212 ipsa
2559 3144 2719 3198 etiam
2770 3143 2906 3196 κατ’
2970 3141 3172 3211 ἐξοχὴν
3220 3141 3367 3198 dicta
3419 3152 3527 3198 est.

259 3215 317 3269 in
353 3215 644 3279 Tituriana,
674 3216 961 3289 Brutioque
1003 3235 1153 3290 agro,
1183 3236 1345 3290 quam
1386 3220 1840 3280 lectionem‘mss.

258 3321 484 3377 quoque
514 3309 908 3378 exemplarium
964 3312 1290 3367 auctoritate
1353 3315 1757 3383 comprobavit,
1789 3324 1845 3372 et

257 3413 365 3454 nos
424 3400 763 3455 restituiinus
787 3416 886 3471 pro
950 3403 1239 3459 manifeste
1292 3405 1553 3460 mendosa
1613 3406 1843 3463 Pontaci

255 3491 315 3546 in
361 3488 616 3547 Thiriano
681 3493 989 3563 Brixioque.
1051 3495 1250 3550 Notum
1298 3497 1557 3566 oppidum
1615 3497 1840 3565 Thurii,

256 3585 408 3654 quod
442 3595 497 3639 et
525 3568 737 3640 Thuriae
766 3596 820 3642 et
857 3585 1111 3640 Tlturiunt
1138 3588 1466 3656 appellatum
1516 3598 1627 3656 est,
1678 3593 1841 3646 item-

255 3691 367 3746 que
396 3676 525 3731 olim
547 3676 790 3749 Sybaris,
831 3679 885 3733 in
938 3678 1199 3743 Lucania,
1235 3681 1305 3737 ad
1343 3681 1655 3739 Brutiorum
1725 3684 1840 3755 agri

253 3769 520 3825 confinia.
579 3768 651 3825 Ut
693 3786 821 3825 vero
881 3772 948 3826 de
1006 3772 1155 3827 hisce
1194 3774 1331 3829 locis
1373 3789 1678 3830 sermonem
1720 3792 1842 3832 esse

252 3878 366 3917 non
391 3861 647 3924 dubites.
700 3862 828 3918 facit
864 3864 1090 3920 historia
1128 3865 1270 3935 ipsa.
1323 3866 1510 3922 Caesar
1565 3867 1722 3922 Ctmt.
1778 3884 1839 3922 Ill

251 3951 419 4007 Civil.
451 3967 572 4020 cap.
617 3953 691 4006 2‘2
721 3972 734 4007 :
764 3952 977 4018 Ctrlius,
1015 3956 1206 4025 inquit,
1274 3958 1503 4025 peruenit
1572 3957 1790 4013 Thurios
1817 3975 1841 4024 ,-

250 4053 309 4098 et
380 4044 612 4100 Velleius
660 4061 698 4100 ιι
727 4086 743 4108 ,
777 4061 830 4103 c.
864 4045 935 4103 68
978 4062 997 4080 °
1046 4046 1181 4103 ﬂilo
1250 4050 1395 4105 circa
1474 4050 1699 4106 Thurios
1744 4068 1839 4118 op-

254 4150 473 4204 pressus
502 4145 599 4189 est.

323 4222 445 4279 Col.
476 4225 602 4280 450.
640 4225 837 4290 Rouia',
874 4227 1095 4282 basilica
1121 4227 1274 4283 Julia
1325 4229 1593 4286 dedicata.
1651 4228 1833 4287 Julius

252 4314 441 4370 Casu
471 4325 526 4370 et
545 4317 715 4371 aedem
754 4318 938 4373 tinniat
967 4317 1177 4385 habuit,
1203 4328 1257 4375 et
1301 4319 1581 4384 basilicam
1612 4322 1667 4375 in
1716 4322 1836 4378 foro

254 4403 529 4461 Romano.
570 4406 643 4461 De
674 4407 899 4464 basilica
949 4408 1247 4466 Suetonius
1310 4409 1367 4466 in
1413 4410 1654 4482 Caligula
1708 4429 1831 4481 cap.

1946 3232 2208 3288 Neutrum
2263 3235 2547 3290 enimvero
2576 3234 2635 3289 S.
2695 3234 2851 3289 Pater
2913 3232 3185 3288 admisit:
3225 3247 3351 3286 nam
3406 3240 3530 3285 tan-

1947 3330 2061 3376 tum
2090 3322 2266 3388 abest,
2295 3324 2442 3391 quod
2481 3322 2882 3378 criminationis
2920 3330 3085 3390 caput
3139 3329 3249 3385 est,
3294 3320 3365 3375 ab
3413 3318 3529 3374 Eu-

1950 3412 2125 3481 tropio
2151 3414 2264 3467 haec
2288 3429 2413 3467 eum
2440 3412 2741 3480 accepisse,
2779 3420 2838 3465 ut
2876 3426 3052 3477 neque
3081 3425 3176 3479 par
3196 3410 3267 3465 sit
3297 3412 3525 3467 credere

1950 3503 2267 3569 Eutmpium
2319 3502 2484 3571 hujus
2535 3501 2672 3569 gesti
2744 3500 2971 3556 omnino
3033 3501 3372 3556 meminiSsc.
3426 3502 3526 3555 Est

1945 3593 2164 3662 quidem
2221 3594 2417 3645 lacinia
2462 3590 2571 3657 illa,
2616 3607 2733 3661 qua:
2772 3590 3105 3662 (CleOpatra)
3150 3600 3332 3659 postea
3381 3592 3524 3660 regio

1943 3686 2199 3738 comitatu
2233 3684 2409 3737 urbem
2438 3686 2679 3753 ingressa
2703 3691 2807 3742 est.
2837 3681 2893 3734 in
2920 3682 3204 3737 nonnullis
3249 3682 3524 3749 sequioris

1945 3784 2085 3831 nota:
2152 3790 2281 3828 mss.
2335 3775 2563 3848 aliisque
2619 3773 2782 3828 editis
2836 3772 2957 3843 ejus
2989 3771 3254 3827 Breviarii
3338 3771 3519 3835 libris,

1942 3881 2077 3936 quos
2104 3867 2163 3919 P.
2200 3865 2418 3920 liiacoui
2454 3865 2827 3920 atlditiouibtts
2852 3864 3259 3933 interpolarunt
3287 3863 3518 3926 librarii,

1941 3959 2036 4013 sed
2073 3957 2128 4010 in
2161 3958 2282 4011 aliis
2333 3956 2606 4027 plerisque
2646 3956 2924 4023 omnibus,
2981 3966 3147 4027 atque
3209 3956 3278 4012 iis
3325 3970 3522 4025 uiague

1941 4064 2193 4112 numero,
2230 4048 2476 4137 integri:
2538 4050 2946 4118 gerinanisque,
2986 4058 3100 4103 tum
3157 4063 3360 4118 nupera
3400 4048 3525 4117 ipsa

1942 4141 2179 4197 editione
2230 4140 2480 4212 Lugduni
2554 4139 2884 4195 Batavorum
2943 4140 3072 4194 anni
3118 4140 3254 4196 “29
3289 4140 3509 4209 penitus

1940 4232 2240 4303 ignoratur.
2266 4232 2376 4287 Nec
2395 4246 2528 4286 sane
2550 4239 2674 4300 post
2700 4246 2891 4284 eorum
2912 4230 3160 4284 codicum
3213 4232 3521 4284 auctorita-

1940 4331 2068 4397 tem,
2092 4322 2320 4378 dubium
2342 4338 2466 4378 esse
2488 4324 2672 4386 debet,
2722 4322 2852 4383 quin
2884 4321 3087 4376 fuerint
3130 4321 3295 4376 verba
3325 4321 3412 4374 illa
3446 4336 3516 4374 ex

1938 4409 2362 4481 llteronymiano
2391 4410 2554 4465 hocce
2586 4411 2705 4464 luco
2732 4410 2840 4463 illis
2890 4408 3135 4478 Eutropii
3179 4407 3514 4475 exemplari-

247 4497 319 4551 57
350 4509 370 4551 :
418 4496 677 4553 Nummos
707 4517 810 4556 non
839 4502 1115 4556 inediocris
1174 4518 1392 4557 summa
1420 4519 1449 4560 e
1478 4506 1694 4574 fastigio
1737 4505 1833 4560 ba-
1866 4493 1911 4549 υ
1940 4503 2041 4557 bus
2076 4502 2397 4564 incrustata,
2431 4517 2551 4570 qua:
2580 4500 2643 4556 P.
2678 4501 2957 4557 Diacouus
2986 4499 3358 4569 interpolavit.
3388 4498 3506 4554 Non

243 4590 418 4646 tilica:
453 4590 609 4657 Julii,
666 4608 759 4659 per
817 4594 1018 4665 aliquot
1068 4595 1182 4649 dies
1230 4597 1430 4662 sparsit
1495 4596 1554 4649 in
1609 4597 1831 4665 plebem.

243 4681 417 4738 Edes
454 4698 609 4738 sacra
632 4696 750 4740 erat
783 4699 799 4738 :
834 4685 1058 4741 basilica
1082 4684 1331 4755 profana,
1369 4686 1425 4741 in
1448 4702 1555 4756 qua
1585 4698 1835 4744 centum-

245 4775 450 4830 virales
480 4791 659 4832 cause
688 4779 1011 4846 agebantur.
1046 4777 1168 4833 Vid.
1201 4780 1389 4847 Quint.
1431 4780 1526 4835 lib.
1571 4796 1672 4846 xit,
1718 4781 1831 4838 Pli-

248 4867 409 4922 nium
438 4867 728 4937 Episto'ar.
762 4871 858 4925 lib.
891 4886 946 4926 ν.
975 4870 1137 4941 epist.
1163 4870 1373 4927 ultima.

319 4958 458 5015 Ibid.
496 4960 773 5016 Decretum
791 4973 1028 5020 senatus.
1050 4964 1231 5019 Fat-ile
1261 4964 1504 5019 adducor
1526 4974 1587 5018 ιιι
1613 4967 1831 5021 credam

241 5052 580 5123 imposuisse
624 5053 861 5109 Eusebio
893 5054 1189 5126 Josephnm
1244 5054 1513 5125 Antiquit.
1572 5056 1667 5115 lib.
1714 5071 1827 5120 Xiv,

240 5158 374 5211 cap.
408 5144 464 5209 9,
502 5145 647 5200 atad
685 5145 993 5217 llyrcanum
1050 5148 1197 5202 hunc
1263 5147 1562 5202 secundum
1607 5147 1826 5203 decreta

237 5235 436 5292 istbaec
462 5236 715 5306 referret,
766 5254 889 5308 qua:
927 5240 992 5293 ad
1052 5239 1347 5304 seniorem,
1402 5241 1517 5293 sive
1563 5242 1822 5311 primum,

238 5336 375 5382 ante
402 5343 577 5383 annos
601 5329 775 5386 ferme
806 5330 1104 5401 nonaginta
1136 5338 1408 5401 spectant,
1444 5332 1569 5387 sive.
1591 5332 1677 5388 illa
1707 5332 1827 5388 fue-

236 5414 319 5469 rit
348 5412 887 5487 Josepbiipsiusinet
920 5419 1299 5487 liallucinatio,
1356 5422 1472 5477 sive
1518 5437 1822 5477 amanuen-

1939 4592 2124 4663 ilaque
2155 4593 2327 4663 potuit
2380 4592 2742 4666 Hieronymus
2791 4593 2860 4648 ab
2898 4592 3147 4661 Eutropii
3178 4591 3517 4654 rationibus,

1937 4696 2060 4751 quae
2089 4684 2252 4738 nulla:
2283 4684 2502 4739 fuerunt
2543 4685 2645 4740 hac
2676 4685 2732 4739 in
2771 4696 2871 4749 re,
2914 4682 3195 4737 discedere
3227 4693 3243 4735 :
3271 4681 3365 4750 qui
3409 4697 3512 4735 nec

1933 4772 2299 4835 discessisset.
2331 4775 2373 4828 si
2406 4774 2571 4844 (quod
2614 4774 2843 4828 minime
2876 4782 3056 4825 tamen
3102 4769 3353 4840 admitto)
3376 4785 3509 4824 vera

1933 4866 2021 4920 illa
2052 4876 2237 4921 essent
2269 4867 2513 4934 Eutropii
2539 4865 2736 4920 verba:
2765 4880 2887 4919 nam
2910 4874 2963 4918 et
2990 4871 3168 4929 postea
3188 4861 3513 4926 dicituribi,

1931 4973 2044 5013 non
2070 4959 2257 5013 eodem
2296 4972 2465 5023 anno,
2494 4972 2594 5011 uec
2620 4957 2979 5010 detenninala
3004 4955 3260 5023 quapiam
3294 4963 3505 5024 tempe.

1930 5048 2007 5104 ris
2065 5047 2367 5112 notatione,
2415 5047 2655 5125 ingressa
2714 5044 2916 5100 Urbem
2958 5043 3269 5114 Cleopatra.
3333 5045 3512 5101 Porro
3544 5102 3556 5125 ί

1928 5156 2031 5195 nec
2064 5142 2238 5209 potuit
2273 5139 2501 5195 Ruinam
2544 5154 2612 5194 eo
2670 5138 2888 5194 nomine
2932 5138 3262 5196 intellexisse
3313 5139 3498 5195 lliero-
3544 5138 3555 5203 ξ

1927 5247 2141 5305 rixatus.
2164 5232 2258 5301 qui
2285 5248 2386 5288 suo
2420 5232 2535 5287 haec
2559 5246 2723 5286 sensu
2753 5228 2940 5293 reﬂert,
2973 5245 3085 5285 non
3114 5232 3312 5287 alienis
3374 5247 3501 5287 ver-

1926 5327 2031 5393 bis,
2087 5340 2188 5379 nec
2219 5325 2320 5379 nisi
2346 5324 2542 5393 injuria
2582 5322 2729 5378 credi
2793 5334 2997 5391 p0lesl,
3043 5323 3323 5395 ignorasse
3373 5325 3499 5378 Ale-

1924 5419 2220 5477 xandriam
2255 5432 2473 5487 quoque
2522 5430 2616 5485 per
2642 5416 3072 5469 antonomasiam
3108 5416 3281 5469 urbem
3306 5416 3499 5484 appel-

233 5510 322 5567 sis
351 5510 498 5566 aliud
527 5514 878 5584 exsequentis
901 5555 918 5582 ,
946 5524 1005 5569 et
1031 5513 1406 5586 Hyrcanorum
1467 5515 1819 5587 bomouymia
1921 5513 2106 5577 latam,
2142 5511 2200 5567 ιιι
2224 5511 2369 5581 quod
2399 5508 2744 5580 postmodum
2801 5508 3110 5578 Steph-anus
3166 5509 3521 5573 annotavit“,

235 5602 479 5673 decepti.
504 5601 837 5659 ﬂonuerunt
868 5608 968 5660 hac
998 5605 1067 5661 de
1100 5622 1160 5661 re
1190 5606 1397 5676 pridem
1423 5607 1621 5662 summi
1651 5609 1818 5663 chro-
1918 5614 1975 5659 et
2002 5603 2321 5659 Eustatnius
2349 5601 2417 5656 ad
2444 5598 2594 5655 lliad.
2635 5598 2687 5668 β.
2719 5607 2774 5653 et
2800 5598 2899 5655 ΟιΙ-
2953 5615 3017 5663 αι
3060 5608 3115 5651 ει
3173 5596 3238 5650 ad
3292 5596 3493 5668 Bion!-

234 5693 423 5765 nologi
449 5692 700 5751 Petavius
730 5697 799 5752 de
828 5697 1079 5753 Doctrina
1110 5706 1343 5769 temper.
1370 5708 1516 5767 part.
1546 5713 1606 5764 ll,
1643 5698 1815 5755 Ussc-

1920 5696 2068 5751 sicut
2096 5694 2364 5766 Periech
2401 5709 2546 5750 vers.
2575 5692 2707 5758 25.5,
2748 5701 2807 5747 ut
2874 5691 3011 5746 alios
3073 5690 3350 5744 emittam.
3406 5688 3499 5742 Aul

252 5782 461 5843 niusin
484 5788 784 5846 Annalibus
809 5788 1207 5861 pag.il9,27l
1240 5799 1295 5846 et
1321 5790 1445 5856 505,
1508 5790 1814 5848 Dodwellus
1920 5799 2126 5846 textum
2210 5787 2353 5858 quod
2442 5786 2705 5856 pcttiuct,
2762 5783 2900 5839 male
2989 5783 3044 5839 in
3097 5780 3379 5839 Parmensi
3432 5769 3495 5837 it
