4014 6196
521 377 655 445 ῙΟΖΩ

1783 358 2186 422 VALLARSU
2225 354 2464 418 NOTAE.
2541 365 2546 369 ‘

3562 345 3660 408 lilii)

519 493 748 552 quatuor
813 479 983 533 Palat.
1038 488 1172 529 mss.
1228 471 1346 526 lucc
1403 467 1754 536 subsequenti
1823 463 2093 537 perio‘clne
2120 475 2171 534 Α
2197 462 2479 518 codicibus
2515 473 2622 512 non
2656 457 2990 512 inveniretur
3013 493 3028 519 ,
3075 450 3355 522 expuusit.
3393 450 3511 515 Nos.
3548 469 3672 522 quan-

524 591 633 628 uno
666 588 832 628 sensu
876 581 1146 638 jllllgllur,
1201 579 1432 633 ingressa
1468 560 1730 630 prohibita
1783 569 1882 622 est,
1939 565 2096 621 ctc.;

523 679 648 719 tiiox
702 673 918 731 quoque
980 668 1170 712 contra
1230 670 1360 710 mss.
1389 655 1545 708 Iidem
1615 651 1856 718 Scaliger
1886 689 1901 714 ,
1945 649 2099 701 annis

523 751 906 820 quinquaginta
960 747 1196 818 quinque
1289 745 1453 799 habet
1548 758 1646 812 pro
1745 739 2102 809 quadraginta

526 846 772 913 quinque.

595 933 711 988 Col.
770 931 900 986 450.
945 928 1194 999 Nigidius
1243 923 1488 996 Figulus.
1539 922 1780 978 Ascribit
1837 918 2106 990 superiori

526 1023 771 1095 proxime
799 1037 942 1076 anno
988 1019 1229 1089 Scaliger
1265 1033 1280 1071 :
1335 1016 1426 1086 qui
1461 1024 1516 1070 et
1550 1014 1734 1069 laudat
1774 1012 1840 1067 de
1886 1009 2105 1080 Nigidio

528 1113 862 1170 l’rocemium
922 1109 1265 1166 Ciceroniani
1323 1107 1443 1161 libri
1506 1105 1574 1160 de
1650 1101 2012 1158 Uuiversitate
2057 1109 2112 1154 et

529 1210 692 1276 epist.
723 1207 810 1270 15,
839 1205 938 1258 lib.
981 1219 1055 1268 tv,
1112 1211 1237 1255 ante
1299 1213 1411 1254 tres
1469 1212 1640 1252 annos
1676 1212 1705 1250 a
1731 1195 1994 1250 Cicerone
2044 1191 2112 1246 ad

531 1313 654 1350 cum
679 1311 900 1351 missam
926 1333 942 1359 ,
975 1309 1098 1348 cum
1133 1308 1188 1346 ιιι
1215 1291 1412 1347 exsrlio
1444 1297 1649 1360 ageret.
1669 1289 1747 1341 Ad
1770 1285 2113 1355 Rutgersium

531 1389 686 1444 Varr.
727 1388 878 1442 Lect.
901 1403 978 1450 ιιι,
1015 1385 1102 1440 l6.

604 1481 721 1534 Col.
747 1478 874 1534 429.
921 1477 1139 1532 Cassius
1179 1475 1390 1540 ludam,
1446 1481 1554 1528 etc.
1611 1469 1886 1541 Joscphus
1941 1467 2118 1524 Scali-

532 1586 660 1644 gero
684 1569 957 1635 laudatus,
988 1568 1174 1635 Antiq,
1237 1566 1333 1625 lib.
1377 1579 1490 1629 stv,
1558 1579 1608 1618 c.
1683 1563 1771 1628 ll,
1807 1559 1944 1615 nihil
1972 1558 2124 1627 ejus-

534 1664 681 1719 modi
734 1663 802 1717 de
857 1674 1012 1731 capta
1059 1658 1268 1725 Judasa,
1321 1658 1628 1727 temploque
1669 1654 1904 1725 spoliato
1936 1650 2119 1714 habet,

534 1764 854 1824 tantumque
907 1754 982 1808 ait
1045 1751 1298 1807 Cassium
1395 1748 1627 1804 maxime
1695 1745 1943 1799 Juda'am
1995 1741 2126 1811 afﬂi-

533 1863 694 1912 xtsse,
726 1854 928 1900 exactis
956 1847 1022 1898 ab
1061 1859 1124 1897 ea
1179 1839 1518 1911 septingentis
1557 1837 1629 1909 (al
1659 1833 1993 1906 octingentis)
2021 1847 2115 1885 αι·-
2149 1828 2189 1882 Β

537 1938 680 2006 genti
710 1936 948 1990 talentis.
977 1937 1156 2004 Atque
1188 1934 1239 1987 id
1271 1933 1450 2002 ipsum
1484 1940 1609 2002 post
1633 1927 1864 1984 Caesaris
1911 1925 2113 1980 caedem

537 2037 724 2083 narrat
748 2028 1046 2098 contigisse
1082 2043 1096 2079 :
1139 2027 1226 2081 cui
1259 2039 1360 2096 ego
1401 2023 1688 2080 sententiae
1723 2021 1905 2075 malim
1957 2032 2115 2072 acce-

537 2122 690 2186 dere,
722 2121 1010 2189 ipsumque
1041 2127 1231 2179 nutare
1270 2116 1568 2172 Eusebium
1623 2115 1695 2168 ita
1726 2111 2071 2168 recensuisse
2100 2150 2117 2168 .

539 2213 634 2266 sed
701 2211 903 2267 iactum
960 2210 1310 2265 librariorum
1372 2207 1704 2270 oscitantis,
1767 2212 1827 2259 ut
1884 2205 1998 2258 haec
2043 2202 2120 2256 illi

540 2302 814 2370 periochae
844 2311 1320 2371 praeponerentur.

617 2394 763 2450 Ibid.
812 2393 996 2449 Idibus
1022 2395 1254 2447 Martiis.
1292 2395 1348 2446 ln
1379 2391 1586 2462 aliquot
1610 2391 1724 2447 suis
1742 2405 1878 2446 mss.
1915 2388 2122 2444 invenit

543 2482 790 2552 Scaliger
817 2484 1102 2552 scriptum,
1139 2483 1194 2536 in
1243 2480 1410 2536 Curia
1473 2481 1610 2546 erui,
1675 2490 1772 2536 aut
1828 2481 1964 2544 erui,
2024 2494 2122 2547 pro

542 2590 651 2642 quo
683 2574 972 2645 legendum
999 2583 1155 2644 putat
1187 2575 1240 2628 in
1283 2573 1449 2629 Curia
1501 2573 1655 2629 Cnei.
1709 2571 1876 2626 :Nihil
1941 2572 2120 2624 simile

545 2666 718 2722 nostri
757 2681 890 2720 mss.
923 2667 1142 2721 habent.
1745 2709 1754 2711 -

613 2758 734 2813 Col.
785 2757 911 2811 450.
963 2755 1176 2813 Servius
1219 2756 1499 2826 Sulpitius.
1559 2753 1673 2810 lluc
1743 2753 1887 2808 refer
1959 2760 2124 2805 totam

544 2849 902 2920 Philippicam
944 2848 1225 2905 Ciceronis
1270 2863 1490 2921 nonam,
1534 2848 1752 2902 brevem
1805 2847 1949 2898 illam
2009 2844 2127 2914 qni-

546 2941 692 3006 dem,
741 2939 910 2995 'utait
953 2939 1216 3011 Scaliger,
1252 2939 1346 2993 sed
1401 2939 1666 2994 divinam.
1734 2933 1789 2988 lu
1847 2933 2128 2990 nonnullis

547 3047 682 3087 mss.
715 3031 954 3103 Sergius,
986 3048 1083 3102 pro
1121 3031 1339 3088 Servius
1386 3030 1614 3086 dicitur.
1663 3026 1813 3082 Obiit
1867 3041 1995 3080 vero
2041 3025 2129 3079 hic

2201 567 2360 623 quam
2393 566 2498 606 non
2547 549 2835 605 dillitemur
2883 542 3139 600 nonnulla
3209 543 3259 594 in
3287 542 3348 596 iis
3405 557 3508 596 esse
3539 560 3629 610 quae
3655 562 3675 599 ι

2204 645 2419 715 placitis
2477 639 2835 712 interpretum
2893 635 3029 707 legis
3082 633 3329 689 Falcidia:
3391 633 3677 701 abhorreant,

2205 753 2328 794 cum
2383 737 2496 793 sint
2533 746 2714 788 tamen
2757 731 2809 786 in
2851 727 3108 784 omnibus
3157 723 3344 793 quibus
3387 723 3558 776 utimur
3583 740 3678 780 mss.

2205 843 2372 900 atque.
2398 827 2564 884 editis
2601 825 2763 880 libris
2783 867 2799 890 ,
2861 817 3198 892 praetermitti
3224 816 3427 870 omnino
3446 830 3538 868 non
3566 815 3681 870 duxi-

2211 938 2370 979 n;us:
2408 917 2764 976 distinximus
2795 921 2978 967 autem
3015 919 3137 980 post
3174 907 3452 962 Pootacum
3480 907 3565 961 alio
3590 908 3682 961 clis.

2210 1023 2440 1068 ractere.
2465 1008 2684 1064 Omittit
2713 1021 2778 1061 ex
2811 1004 2894 1059 his
2925 1002 3128 1072 primus
3172 997 3398 1052 Palatin.
3430 998 3680 1064 nis..verba,

2211 1104 2315 1158 sive
2343 1102 2543 1164 liberis,
2570 1114 2668 1168 pro
2696 1098 2895 1167 quibus
2923 1093 3049 1164 legit
3080 1089 3388 1154 Sichardus,
3407 1089 3502 1142 suis
3530 1089 3682 1143 liberis:

2214 1207 2328 1252 tum
2361 1192 2670 1250 Parmensis
2717 1198 2861 1245 tacet
2891 1188 2996 1241 sive
3028 1185 3251 1240 exteris:
3306 1180 3564 1250 Siqbardus
3599 1195 3684 1233 cum

2217 1292 2482 1360 impressa
2531 1285 2768 1340 lectione
2813 1281 2965 1335 iacit.
2999 1278 3105 1332 Sed
3139 1275 3278 1332 enim
3308 1274 3544 1328 Lacinium
3569 1283 3686 1326 totam

2221 1381 2485 1438 Lucensis
2513 1379 2684 1433 codex
2715 1373 2938 1436 omittit,
2974 1378 3028 1425 et
3061 1377 3147 1424 est
3207 1381 3330 1421 vero
3375 1365 3610 1419 manifeste
3627 1379 3689 1418 as-

2221 1481 2344 1532 suta
2374 1489 2403 1528 a
2437 1471 2666 1540 leguleio
2713 1468 2896 1524 aliuuo
2950 1471 3073 1534 post
3102 1460 3381 1517 Iustiniani
3409 1466 3638 1524 tempora,
3669 1473 3689 1509 ι

2223 1585 2331 1639 quo
2364 1566 2602 1636 primum
2643 1561 2773 1616 illud
2807 1558 3170 1614 constitutum
3193 1563 3274 1607 est
3303 1565 3352 1604 ιιι
3383 1552 3431 1604 in
3459 1551 3690 1603 liberisob-

2226 1667 2558 1715 servaretur.
2591 1652 2813 1708 Novella
2846 1651 2928 1709 l8.
2953 1651 3024 1702 de
3052 1648 3286 1716 legitima
3311 1645 3562 1698 liberorum
3582 1651 3691 1695 aucta

2228 1752 2293 1804 ad
2335 1748 2627 1806 Falcidiam
2661 1744 2849 1798 trahit.
2883 1741 3019 1794 Vide
3050 1738 3270 1794 Glossas
3319 1734 3568 1794 Basilicas,
3595 1730 3689 1784 llar-

2223 1839 2567 1909 menopolum
2590 1837 2838 1904 Prompt.
2868 1834 2964 1888 lib.
2995 1847 3049 1897 ν,
3081 1832 3163 1884 tit.
3198 1830 3249 1890 9,
3278 1826 3304 1897 §
3329 1828 3381 1887 5,
3406 1833 3453 1878 ct
3475 1825 3584 1878 ibid.
3605 1821 3692 1876 Sco-

2222 1933 2364 1986 liasl.
2409 1932 2648 1995 itemque
2709 1926 3041 1981 Scoliaslem
3099 1921 3164 1975 ari
3217 1917 3482 1985 Theophil.
3522 1916 3598 1967 lib.
3631 1929 3692 1977 ιι,

2223 2027 2305 2080 tit.
2338 2024 2430 2087 2‘2,
2461 2018 2772 2074 Michaelem
2801 2015 3038 2071 Psellt‘tm
3077 2012 3308 2080 Synops.
3345 2009 3436 2078 lrg.
3467 2021 3580 2060 vers.
3607 2004 3690 2062 295.

2227 2127 2280 2172 et
2313 2112 2591 2168 Francisci
2634 2107 2880 2162 Balduini
2918 2106 2987 2159 de
3033 2105 3133 2157 hac
3167 2103 3278 2170 lege
3305 2098 3574 2153 diatribam.

2297 2206 2433 2260 Ibid.
2465 2203 2679 2256 Curtius
2711 2199 2989 2253 Salassus.
3018 2194 3331 2254 Sichardus,
3356 2190 3525 2258 aliique
3551 2197 3697 2240 veteres

2224 2301 2344 2354 libri
2385 2296 2554 2356 Arda,
2609 2309 2709 2364 pro
2743 2308 2853 2360 quo
2893 2288 3076 2341 Arado
3129 2281 3475 2351 reponendum
3501 2320 3514 2338 ,
3557 2275 3696 2342 iamdiu

2223 2401 2329 2454 est,
2367 2405 2489 2443 cum
2524 2386 2668 2440 doeti
2721 2389 3078 2438 monuerunt.
3128 2376 3262 2431 Vide
3299 2373 3540 2428 laudatum
3583 2367 3699 2421 Scali-

2186 2495 2191 2501 '
2225 2498 2354 2553 gero
2384 2479 2606 2532 Dionem
2634 2475 2731 2530 lib.
2767 2489 2955 2528 XLVIII.

2299 2570 2414 2626 Col.
2452 2569 2577 2624 432.
2620 2566 2829 2621 Vibium
2858 2563 3180 2625 Maximum,
3235 2567 3336 2612 rte.
3389 2557 3591 2619 Scaliger
3627 2552 3698 2602 ait-

2229 2666 2428 2720 Eadem
2461 2662 2686 2716 historia
2713 2659 3072 2728 ejusdemque
3100 2651 3395 2722 argumenti
3420 2663 3523 2702 cum
3546 2659 3594 2698 ea
3615 2641 3703 2694 Bn-

2230 2756 2364 2810 barii
2384 2754 2640 2822 Philippi,
2674 2751 2769 2804 lib.
2799 2765 2864 2803 ιιι
2903 2749 2966 2800 de
2998 2745 3104 2800 Oli.
3139 2751 3314 2813 pra-L,
3341 2740 3590 2804 eodemque
3609 2741 3702 2785 Irm-

2231 2861 2405 2916 pore,
2461 2857 2658 2913 nempe
2711 2843 2812 2895 sub
2861 2836 3231 2891 trimnviratu.
3273 2831 3392 2884 Mihi
3440 2833 3702 2882 constatnon

2231 2947 2351 2988 csse
2382 2932 2651 2992 diversas,
2679 2927 2770 2983 seri
2799 2927 3020 2981 nomina
3047 2933 3256 2976 tantum
3322 2927 3499 2973 mutata
3546 2922 3705 2980 etqua-

2238 3037 2448 3081 sturam
2473 3037 2568 3091 pro
2604 3031 2834 3088 pra'tura
2867 3015 3126 3083 positam.
3166 3011 3258 3064 Dio
3287 3011 3372 3064 lib.
3403 3019 3538 3060 sum
3558 3018 3570 3056 :
3593 2999 3707 3061 Μάξι-

550 3135 674 3193 post
736 3094 1025 3180 Servilium
1093 3140 1238 3180 anno
1296 3123 1568 3193 sequenti,
1606 3125 1672 3176 Α.
1730 3120 1904 3174 Hirtio
1966 3117 2126 3173 etC.

2188 3159 2200 3178 .
2240 3135 2338 3186 μον
2377 3113 2500 3184 (οὖν
2551 3129 2672 3166 τινα
2724 3107 3045 3178 ταμιεύσειν
3101 3105 3351 3174 μέλλοντα
3397 3094 3610 3166 ἐγνώρισέ
3629 3102 3708 3141 τεο

2188 3194 2201 3212 ⁸
2241 3210 2259 3214 ι
2388 3208 2399 3214 -
2655 3204 2667 3214 .
2718 3203 2731 3214 .
2802 3202 2814 3214 .
3121 3199 3134 3214 ι
3234 3195 3314 3214 ορ
3365 3199 3450 3214 ..ι..
3480 3189 3598 3214 1.2.x.
3627 3181 3708 3214 tui-

550 3216 713 3274 Vibio
802 3219 984 3272 Pansa
1060 3231 1206 3271 coss.
1280 3214 1644 3285 Hieronymus
1731 3222 1971 3281 tempora
2042 3211 2131 3264 hi—

555 3311 744 3368 storiae
815 3325 924 3366 non
1009 3325 1184 3367 annos
1260 3308 1458 3365 saeuius
1528 3317 1587 3364 ut
1648 3305 1925 3362 professus
1986 3312 2069 3359 est
2107 3342 2122 3368 ,

501 3438 504 3442 -
553 3410 785 3468 spectat.

625 3494 744 3549 Col.
778 3491 903 3549 4&9.
933 3491 1114 3547 Romae
1147 3501 1250 3547 tres
1273 3490 1428 3546 soles.
1481 3493 1680 3544 Deerat
1710 3505 1761 3541 Ill
1819 3487 2128 3540 Pontacena

553 3585 792 3640 editione
825 3585 888 3638 τὸ
941 3584 1102 3640 simul
1137 3584 1281 3653 quod
1311 3583 1515 3638 habent
1564 3580 1689 3636 libri
1741 3579 1830 3633 alii
1889 3576 2051 3638 editi,
2086 3584 2140 3628 et

557 3693 693 3732 mss.
730 3675 837 3731 Pro
901 3677 1160 3742 coierunt,
1209 3675 1450 3744 Scaliger
1506 3672 1815 3728 coaluerunt
1872 3670 2023 3737 legit.
2065 3665 2141 3720 De

562 3768 838 3838 hocporro
863 3776 916 3822 et
941 3767 1295 3836 subsequcnti
1323 3766 1567 3836 prodigio
1604 3763 1798 3818 videsis
1826 3760 2143 3828 Obsequen-

562 3871 668 3914 lem
696 3862 769 3926 ,in
807 3875 1042 3927 eumque
1067 3863 1354 3915 doctorum
1387 3857 1668 3913 hominum
1719 3865 1904 3910 notas.

632 3951 750 4005 Col.
784 3949 1001 4007 459.”.
1025 3947 1208 4004 Caesar
1229 3950 1493 4018 Augustus
1526 3947 1869 4002 Octavianus.
1906 3949 2018 4004 Non
2048 3950 2145 4004 ad-

563 4043 699 4096 dunt
723 4057 939 4097 menses
963 4041 1214 4096 istossex
1235 4049 1329 4094 aut
1383 4039 1689 4110 Syncellus,
1748 4041 1841 4108 qui
1897 4039 2143 4096 Graecum

565 4133 808 4199 Eusebii,
846 4143 936 4187 aut
961 4131 1218 4202 Prosper,
1251 4134 1342 4199 qui
1380 4131 1629 4185 Latinum
1669 4131 2000 4202 Hieronymi,
2026 4140 2148 4187 tex-

566 4235 680 4280 tum
733 4224 1072 4279 describunt.
1129 4224 1386 4290 Adderct,
1452 4238 1647 4290 necne,
1711 4223 1980 4277 dubitavit
2029 4224 2148 4292 ipse

567 4317 732 4371 etiam
801 4315 1113 4382 Pontacus;
1175 4332 1297 4370 nam
1349 4324 1496 4369 certe
1545 4313 1810 4368 Eusebius
1850 4314 2008 4368 solus
2053 4329 2147 4369 sev

569 4425 743 4464 annos
779 4407 1002 4463 Cannne
1029 4411 1081 4462 inn
1117 4411 1222 4464 hoc
1259 4409 1378 4478 ipso
1416 4416 1692 4476 supputat.
1752 4407 1917 4460 Addit
1961 4417 2140 4461 tamen

569 4502 827 4557 Chronici
869 4503 1216 4556 Alexandrini
1251 4509 1462 4555 auctor.

639 4593 756 4647 Col.
792 4593 917 4646 452.
953 4591 1132 4646 Cicero
1162 4591 1438 4645 occiditur.
1496 4591 1645 4644 Alias
1701 4586 2014 4642 Formiano.
2044 4587 2144 4643 Ms.

574 4683 888 4739 Parmensis
920 4695 1240 4752 perperam,
1269 4681 1426 4734 tacita
1456 4691 1504 4735 et
1537 4680 1752 4751 copula,
1794 4681 1858 4734 ab
1891 4679 2150 4734 Herennio

507 4847 513 4853 _
574 4775 784 4846 Popilio
819 4775 970 4844 legit.
1024 4774 1212 4833 Livius
1265 4775 1410 4832 solos
1461 4773 1710 4830 Ciceroni
1744 4773 2068 4839 tribuittres
2103 4780 2152 4826 et

504 4941 510 4948 ἱ
574 4869 851 4938 sexaginta
884 4883 1074 4921 annos.

647 4961 766 5015 Col.
818 4960 944 5016 451.
985 4961 1205 5016 Ovidius
1259 4959 1412 5014 Naso
1458 4967 1720 5013 nascitur.
1775 4956 1979 5014 Confer
2033 4968 2156 5024 qua:

574 5052 734 5107 Joan.
773 5050 1061 5106 Massonus
1088 5050 1306 5122 scripsit
1336 5051 1403 5105 de
1437 5051 1617 5106 Ovidii
1645 5047 1766 5103 Vita
1795 5064 1811 5116 ;
1837 5048 1979 5118 piget
2009 5045 2154 5102 enim

580 5142 667 5195 liis
701 5140 1006 5196 immorari.

653 5234 792 5289 Ibid.
828 5233 891 5290 C.
929 5234 1226 5291 Falcidius.
1258 5234 1597 5295 Parmensis.
1634 5242 1854 5300 tresque
1880 5230 1966 5284 alii
1999 5229 2158 5284 Pala-

583 5326 685 5381 tini
722 5325 942 5402 codices
978 5326 1201 5391 locaret,
1260 5340 1361 5396 pro
1414 5324 1635 5395 legaret,
1670 5331 1929 5390 corrupte
1949 5321 2158 5391 legunt.

583 5419 850 5490 Scaliger,
879 5435 1000 5475 cum
1045 5427 1360 5474 annotassel
1386 5458 1402 5483 ,
1443 5433 1550 5473 non
1585 5416 1686 5480 C.,
1719 5415 1814 5471 sed
1857 5415 1918 5471 P.
1952 5430 2163 5484 prmuo-

586 5529 708 5567 men
738 5513 908 5569 fuisse
940 5512 1181 5568 Falcidio
1210 5511 1462 5574 tribuno,
1524 5511 1766 5578 illudque
1813 5507 2159 5579 plebiscitum

587 5605 758 5660 latum
777 5607 1212 5678 sequentianno,
1242 5603 1485 5658 substitit
1505 5603 1571 5656 ad
1599 5602 1822 5655 verbum
1842 5609 2160 5669 superesset,

589 5707 646 5752 et
673 5698 934 5768 reliquam
965 5698 1177 5768 longam
1208 5695 1488 5760 laciniam,
1515 5701 1704 5762 utpote
1729 5692 1965 5762 ineptam
1997 5702 2162 5761 atque

594 5799 831 5845 assulam
858 5807 886 5844 a
907 5790 1249 5850 tnalcfcriatis
1276 5787 1606 5847 hominibus,
1633 5793 1688 5840 et
1711 5799 1828 5847 quae
1853 5784 1908 5838 in
1932 5781 2151 5844 scriptis

2236 3181 2504 3275 έεσπότης
2526 3246 2542 3270 ,
2583 3204 2677 3258 καὶ
2709 3202 2968 3271 ἀπήγαγε
2991 3241 3007 3266 ,
3049 3199 3144 3251 καὶ
3172 3195 3322 3249 τοῦτο
3363 3199 3450 3261 μὲν
3477 3189 3598 3248 ἀδεὲς
3627 3181 3708 3245 iri-

2237 3316 2358 3352 νξτο
2389 3298 2721 3366 τολμήσαντι
2751 3294 2851 3362 τὴν
2885 3292 3062 3360 ἀρχὴν
3093 3289 3332 3359 αἰτῆσαι.
3379 3284 3470 3338 Sed
3533 3284 3614 3334 hoc
3646 3289 3710 3345 ge-

2241 3402 2384 3444 stum
2405 3389 2623 3443 biennio
2651 3395 2793 3455 post,
2829 3385 2890 3438 L.
2927 3381 3124 3436 Porcio
3148 3377 3449 3436 Censorino,
3471 3373 3524 3426 C.
3541 3367 3710 3424 Calvisio

2243 3485 2449 3536 Sabino
2500 3495 2648 3536 coss.
2703 3479 2890 3548 Itaque
2942 3477 3036 3531 hic
3064 3490 3170 3531 non
3210 3471 3371 3529 semel
3405 3458 3708 3548 ariselimnisni

2242 3575 2549 3633 commissi.
3509 3541 3523 3558 .

2313 3668 2431 3722 Col.
2469 3667 2604 3720 4⁸51.
2644 3665 2692 3719 Ε
2740 3663 2978 3719 Taberna
3031 3659 3328 3716 Meritoria.
3383 3651 3522 3708 Addit
3544 3646 3710 3711 Scaligct

2243 3774 2307 3812 ex
2339 3773 2444 3811 uno
2470 3757 2721 3810 alterove
2743 3770 2848 3811 ms.
2879 3771 2894 3808 :
2932 3751 3118 3808 Cicero
3139 3793 3154 3818 ,
3185 3761 3238 3803 ut
3269 3746 3543 3817 quibusdam
3581 3737 3713 3804 placet.

2243 3853 2298 3904 in
2325 3848 2525 3919 Cajetis
2585 3847 2696 3918 (al.
2723 3886 2740 3912 ,
2771 3844 2968 3902 Calatis
2999 3887 3011 3906 .
3049 3853 3106 3899 et
3159 3837 3408 3904 Zrcsetis)
3455 3828 3713 3896 interﬁcitur:

2246 3958 2366 4011 qua:
2417 3939 2677 4011 periocha
2727 3954 2852 3993 cum
2902 3951 2931 3990 a
2989 3936 3263 4006 plerisque
3313 3930 3424 3984 aliis
3457 3940 3566 3979 mss.
3605 3925 3714 4011 atque

2247 4036 2408 4090 editis
2441 4034 2595 4087 libris
2623 4031 2879 4087 omnibus
2907 4005 3052 4084 absit
3076 4070 3088 4088 ,
3124 4029 3378 4083 Pontaco,
3409 4028 3564 4077 uta-ite
3584 4005 3710 4063 νοθεί·

2249 4145 2314 4190 ας
2347 4134 2596 4194 suspecta
2630 4166 2645 4190 ,
2674 4122 3042 4192 przetermissa
3077 4137 3180 4174 est.
3219 4119 3375 4171 Abest
3422 4115 3558 4164 etiam

2252 4219 2424 4274 mensi
2466 4217 2675 4279 codice,
2718 4224 2772 4271 et
2795 4213 3098 4270 Veronensi
3131 4212 3268 4280 apud
3301 4223 3427 4269 nos,
3472 4209 3600 4266 atque
3621 4188 3713 4246 aliis.

2251 4328 2389 4381 quos
2418 4311 2600 4365 videre
2629 4309 2808 4364 licuit.
2875 4307 3029 4360 Mitto
3063 4304 3204 4375 quod
3263 4303 3577 4366 incongruum
3609 4283 3715 4381 illa“.i3

2254 4406 2350 4465 sit,
2384 4404 2436 4456 in
2489 4403 2635 4456 hunc
2689 4412 2893 4454 annmn
2954 4394 3245 4450 Ciceronis
3284 4399 3488 4444 mortem
3533 4373 3711 4433 conferri.

2188 4488 2446 4550 “Refert
2495 4501 2673 4546 tamen
2731 4487 3140 4544 illustrissimus
3197 4480 3422 4538 Mansius
3485 4470 3710 4540 perimllim

2251 4592 2422 4659 ipsam
2455 4595 2663 4642 totam:
2702 4601 2722 4636 ι
2764 4583 2936 4647 Quam
2976 4579 3220 4649 δεπιίὲθτ
3272 4565 3553 4640 adopmu’
3591 4562 3716 4659 '5‘“

2252 4696 2372 4735 rere
2414 4681 2465 4734 in
2494 4675 2722 4732 Lucensi
2752 4689 2856 4728 ms.
2884 4711 2898 4736 ,
2950 4672 3042 4725 sed
3105 4668 3301 4723 intima:
3348 4676 3447 4715 ora:
3478 4647 3637 4740 Ialerali

2253 4772 2509 4842 criptam,
2535 4778 2589 4822 et
2622 4766 2686 4820 ad
2721 4780 2924 4819 annum
2965 4763 3201 4832 primum
3262 4755 3414 4824 hujus
3463 4731 3715 4842 olympiadis.

2255 4865 2341 4918 cui
2377 4861 2650 4916 Eusebius
2689 4856 2970 4912 Ciceronis
3018 4867 3206 4907 necem
3263 4847 3502 4912 assignat.
3537 4853 3552 4885 ι
3595 4827 3718 4918 βιαιο

2257 4952 2441 5010 sanda:
2467 4949 2828 5019 Scaligerante
2855 4943 3117 5002 licentiae,
3143 4957 3212 4995 an
3236 4937 3362 4992 satis
3389 4933 3478 4985 hoc
3500 4924 3577 5019 sit,
3605 4916 3716 5019 Iactet

2254 5045 2480 5115 iudicet.
2510 5041 2584 5096 De
2621 5041 2776 5094 nobis
2814 5048 2960 5092 certe
2982 5034 3273 5092 mentitur.
3305 5022 3433 5094 qu‘l"
3455 5008 3717 5115 memmi“?

2260 5087 2593 5206 Scaligerum
2625 5128 3024 5200 acceperimus,
3057 5133 3112 5177 ut
3151 5121 3230 5176 illi
3263 5117 3475 5176 videtur,
3517 5087 3718 5163 noniud"

2263 5226 2433 5280 cabit.
3458 5278 3460 5280 _
3576 5277 3618 5288 η
3665 5270 3695 5288 __,

2334 5315 2470 5371 Ibid.
2502 5314 2794 5368 Antonium
2826 5317 3037 5378 superat
3061 5311 3346 5371 Augustus.
3389 5296 3541 5356 Αιίιιιθ
3576 5281 3716 5380 hic?

2264 5412 2384 5472 (les,
2413 5422 2520 5462 non
2557 5405 2725 5460 unius
2763 5401 2979 5472 proprie
3007 5396 3135 5452 anni
3171 5387 3436 5446 historiam
3462 5368 3623 5472 notari.

2233 5507 2241 5514 ‘
2268 5499 2472 5555 Ionium
2500 5453 2789 5566 superavitr
2803 5453 3082 5562 Atignstus
3106 5484 3259 5541 initio
3280 5477 3428 5549 huius
3451 5453 3715 5566 QIYT‘Pl‘f‘E

2266 5547 2869 5657 iuin‘ille'iurg'aﬁAlpes
2893 5547 3270 5648 iransgressus
3293 5613 3308 5638 ,
3350 5547 3478 5638 illind
3531 5547 3716 5657 Lepid?

2269 5699 2326 5740 sc
2360 5683 2592 5752 recepit;
2626 5679 2860 5748 denique
2889 5689 3008 5729 eum
3039 5669 3185 5726 vires
3219 5678 3340 5739 suis
3370 5658 3576 5752 Augf'sw

2273 5778 2425 5833 lisset
2488 5732 2694 5832 [contra
2758 5732 2984 5826 llrutum
3034 5732 3414 5819 Cassiumque.
3465 5732 3717 5800 hortantibus
