4014 6196
271 382 405 450 1οῚ

1535 388 1944 452 VALLARSII
1987 393 2226 456 NOTAE.

3399 406 3535 469 10:2

267 488 667 557 orantibusque
694 487 978 553 militibus,
1014 487 1066 543 in
1099 485 1394 546 amicltiam
1429 507 1538 549 una
1571 509 1693 551 cum
1738 498 1840 554 Le-
1865 502 1914 561 Α
1939 509 2040 557 est.
2076 502 2229 560 Unus
2260 501 2590 576 Parmensis,
2637 521 2854 580 tresque
2883 511 2971 565 alii
3004 511 3231 568 Palatini
3266 529 3395 568 mss.
3423 530 3525 571 ro-

265 581 398 650 pido
427 589 683 649 receptus
713 588 812 633 est.
848 582 1050 636 Auctor
1080 581 1320 638 Velleius
1359 583 1454 639 lib.
1488 587 1548 652 it,
1588 601 1712 656 cap.
1747 587 1840 644 65.

263 677 590 741 Quanquam
641 669 837 726 Noster
862 673 930 727 ab
958 672 1066 728 alio
1112 683 1353 742 auctore,
1387 667 1479 746 qui
1512 693 1627 733 rem
1679 681 1842 749 paulo

263 769 424 820 aliter
454 765 710 829 narrarit,
759 773 922 834 atque
973 766 1028 820 in
1079 767 1181 821 hoc
1211 775 1450 839 tempus,
1502 770 1745 838 biennio,
1781 783 1841 828 ut

263 858 481 920 volunt,
523 857 685 911 citius
712 871 864 922 vero,
898 857 1212 922 contulerit,
1262 853 1538 930 accepisse
1567 863 1836 919 videatur.

260 949 467 1004 Confer
489 949 822 1003 Dodwellum
854 950 909 1003 in
940 951 1194 1006 Annal'ib.
1229 951 1542 1017 Velleianis,
1567 964 1674 1009 etc.
1708 955 1840 1011 Sca-

257 1039 404 1108 liger
441 1038 640 1103 injuria
696 1037 1076 1110 Hieronymum
1138 1050 1382 1108 accusat,
1417 1044 1560 1112 quod
1587 1059 1683 1111 per
1712 1060 1840 1115 pro-

260 1129 569 1197 perantiam
599 1126 785 1197 Lepidi
817 1143 1040 1193 nomen,
1071 1129 1214 1195 quod
1244 1139 1330 1186 est
1351 1130 1404 1185 in
1432 1133 1635 1188 Graecis
1658 1172 1673 1198 ,
1699 1149 1838 1204 prae-

261 1217 524 1272 tt-riverit
561 1230 578 1272 :
613 1232 792 1287 neque
839 1218 984 1274 enim
1013 1218 1231 1274 Eusebii
1281 1221 1368 1275 illa
1393 1261 1410 1284 .
1458 1225 1551 1277 sed
1600 1222 1835 1294 Syncelli

256 1319 414 1364 sunt.

329 1424 473 1480 Ibid.
527 1424 844 1494 Corniﬁcius
889 1434 1064 1494 poeta.
1117 1425 1262 1481 Idem
1318 1427 1408 1482 ille
1467 1429 1703 1498 videtur,
1743 1435 1830 1486 cui

253 1514 574 1569 mandatum
625 1531 652 1570 a
685 1526 880 1570 senatu
942 1517 1140 1570 bellum
1199 1528 1280 1572 est
1319 1528 1507 1573 contra
1562 1520 1832 1591 Bassum,

254 1605 571 1675 tributaque
608 1607 770 1676 paulo
810 1617 991 1670 antea,
1016 1611 1127 1662 sire
1154 1624 1244 1664 an.
1304 1608 1467 1664 Urbis
1530 1612 1656 1672 709,
1706 1627 1833 1680 pro-

251 1697 435 1751 vincia
465 1695 638 1766 Syria.
675 1698 862 1752 Plures
895 1697 960 1752 ad
989 1713 1112 1752 eum
1145 1707 1357 1754 exstant
1401 1699 1679 1758 Ciceronis
1709 1701 1835 1773 Epi-

248 1785 403 1840 stolas
436 1787 529 1841 lib.
553 1802 648 1851 xtt,
679 1803 815 1854 quas
840 1788 1063 1844 videsis.

321 1875 442 1932 Col.
489 1877 613 1932 451.
664 1877 871 1948 Templa
927 1880 1273 1936 Rhodiorum.

250 1967 456 2033 Pansa,
483 1970 796 2040 utScaliger
827 1973 996 2038 ponit,
1028 1976 1123 2028 sed
1153 1975 1397 2042 sequenti
1428 1990 1595 2042 anno,
1627 1977 1697 2031 Μ.
1727 1977 1829 2030 1E-

250 2059 405 2112 milio
436 2057 636 2128 Lepido
667 2077 703 2114 ll
735 2069 785 2116 et
814 2061 876 2117 L.
908 2062 1146 2118 Munatio
1174 2065 1372 2121 Planco
1402 2067 1830 2135 coss.,thodum

249 2150 614 2219 depopulatus
640 2161 722 2207 est
742 2152 992 2210 Cassius.
1040 2154 1251 2211 Videsis
1301 2157 1526 2212 Dionem
1579 2158 1826 2214 Cassium

249 2240 354 2294 lib.
392 2257 580 2307 vatn,
611 2259 667 2312 p.
696 2244 822 2311 595,
877 2256 930 2300 et
966 2247 1344 2316 cognominem
1377 2247 1600 2303 Dionem
1647 2249 1827 2320 Chry-

249 2345 559 2388 sostomum
588 2334 642 2388 in
673 2335 884 2391 Rhodia
919 2353 1040 2406 cap.
1086 2339 1213 2393 337.
1241 2338 1406 2395 Recte
1443 2339 1578 2394 adeo
1613 2339 1826 2396 Eusebii

250 2424 496 2480 rationes
527 2426 747 2490 habent,
781 2438 875 2482 aut
913 2439 1058 2483 certe
1096 2429 1302 2486 biennii
1347 2432 1823 2499 metachrouismo,

247 2515 319 2570 de
344 2532 454 2585 quo
479 2533 602 2571 eum
631 2518 873 2588 Scaliger
901 2521 1268 2591 reprehendit,
1305 2537 1410 2576 non
1449 2533 1656 2588 peccat.

322 2609 443 2664 Col.
471 2610 600 2667 452.
646 2609 886 2666 Secunda
948 2614 1226 2668 successio.
1282 2612 1421 2668 Male
1463 2614 1727 2684 Scaliger,
1771 2623 1827 2669 et

247 2714 450 2758 contra
517 2720 650 2760 mss.
716 2707 872 2760 Iidem
930 2705 1069 2762 hanc
1118 2707 1429 2777 periocbam
1499 2708 1824 2776 prtecedenti

249 2807 402 2850 anno
446 2795 692 2862 ascribit,
735 2797 1081 2866 postulatque
1126 2797 1398 2862 immerito
1432 2797 1821 2868 Hieronymum

247 2887 320 2940 de
362 2885 524 2941 unius
547 2887 698 2952 anni,
729 2902 887 2955 quem
920 2887 1149 2957 ipsemet
1185 2888 1500 2952 admiserat,
1562 2890 1824 2958 prochro-

247 2977 453 3032 nismo.
485 2977 682 3033 Confer
723 2977 1056 3055 Appianum,
1100 2988 1156 3034 et
1187 2978 1504 3046 Suetonium
1542 2979 1594 3034 in
1638 2980 1822 3048 Augu-

246 3079 356 3133 sto,
385 3084 504 3138 cap.
535 3069 624 3124 I5.

322 3180 440 3236 Col.
472 3182 596 3237 431.
631 3183 904 3240 Cornelius
941 3182 1138 3252 Nepos.
1171 3185 1288 3241 Hoc
1326 3201 1429 3240 non
1455 3185 1617 3240 habet
1647 3185 1822 3240 Euse-
1853 3187 1896 3244 C

253 3271 403 3337 bitus,
431 3271 545 3327 sive
569 3273 952 3346 Hieronymus,
988 3276 1044 3329 in
1077 3290 1226 3330 more
1268 3277 1528 3345 positum,
1585 3285 1644 3329 ttt
1700 3285 1829 3331 tunc

254 3363 560 3419 clarescere
590 3375 873 3420 auctorem
923 3365 1160 3435 aliquem
1197 3366 1419 3434 dicant,
1480 3369 1701 3435 quando
1736 3369 1832 3423 ali-

253 3457 403 3525 quod
439 3459 701 3528 scriptum
736 3459 880 3525 edit,
916 3460 969 3514 id
1007 3461 1151 3530 quod
1185 3461 1428 3531 Scaliger
1459 3463 1664 3518 factum
1701 3479 1832 3517 con-

257 3551 456 3615 tendit,
485 3559 545 3604 ut
573 3551 675 3607 hoc
712 3567 855 3606 anno
881 3563 1059 3622 putes,
1092 3553 1358 3609 Chronica
1391 3570 1486 3609 sua
1538 3555 1831 3624 scripsisse

255 3640 576 3696 Cornelium
604 3639 892 3712 Nepotem.
933 3640 1156 3698 Scilicet
1192 3652 1250 3698 ut
1278 3661 1400 3700 cum
1460 3646 1621 3715 hujus
1648 3647 1830 3716 operis

251 3733 590 3789 mentionem
625 3733 787 3791 faciat
813 3735 1088 3799 Catullus,
1138 3737 1282 3792 hunc
1317 3738 1514 3793 inferat
1560 3749 1680 3806 post
1718 3741 1832 3794 haec

250 3836 503 3896 tempora
525 3827 748 3882 vixisse.
773 3827 937 3893 Quid,
966 3827 1112 3897 quod
1141 3844 1248 3883 non
1273 3845 1396 3883 eum
1425 3831 1586 3886 modo
1609 3831 1831 3896 librum,

251 3917 350 3971 sed
386 3917 570 3987 plures
600 3919 742 3972 alios
769 3919 1012 3974 cuncivis
1035 3919 1124 3974 hic
1155 3930 1361 3984 noster,
1381 3922 1684 3976 historicus
1710 3936 1834 3976 om-

256 4008 410 4062 nium
463 4008 636 4065 ferme
685 4011 1122 4080 elegantissimus
1157 4050 1172 4075 ,
1227 4013 1602 4067 elucubravit?
1660 4030 1832 4083 neque

251 4101 579 4156 verosimile
607 4111 728 4168 est,
759 4105 975 4160 etiamsi
1005 4106 1162 4170 velis,
1201 4106 1265 4160 ad
1307 4106 1427 4160 libri
1464 4107 1696 4175 alicujus
1721 4109 1837 4163 edi-

255 4193 460 4247 tionem
523 4195 825 4264 respexisse
876 4195 1208 4258 Eusebium.
1257 4207 1534 4268 spectasse
1584 4214 1704 4254 eum
1748 4201 1836 4256 hic

253 4279 374 4353 loci
397 4273 663 4336 Chronica
685 4323 701 4347 ,
734 4299 854 4353 quae
887 4285 1013 4340 licet
1040 4286 1196 4340 docta
1227 4327 1243 4348 ,
1297 4285 1508 4356 Jupiter
1534 4330 1548 4353 ,
1591 4299 1646 4344 et
1680 4289 1834 4343 labo-

253 4369 402 4423 riosa
427 4407 444 4433 ,
491 4371 670 4441 exigui
719 4382 899 4428 tamen
933 4375 1112 4444 operis
1165 4385 1211 4430 et
1247 4377 1404 4431 molis
1453 4388 1631 4444 erant,
1668 4381 1832 4433 tribus

252 4460 521 4527 explicata
557 4464 768 4531 ,chartis
795 4506 808 4529 ,
866 4473 920 4520 et
957 4476 1014 4521 ut
1045 4469 1296 4522 videnlur
1321 4508 1336 4533 ,
1399 4471 1571 4540 prima
1629 4472 1828 4543 ingenii

250 4553 376 4622 ejus
406 4553 735 4611 rudimenta.
785 4557 905 4613 Alia
950 4571 1078 4614 sunt
1109 4576 1248 4627 quae,
1295 4563 1511 4633 ingenio
1565 4580 1662 4634 per
1707 4581 1829 4619 acta-

254 4654 364 4696 tem
401 4644 574 4714 magis
609 4645 860 4708 subacto,
890 4649 1090 4716 scripta
1123 4649 1326 4713 edidit,
1374 4661 1578 4718 etquae
1631 4663 1833 4707 tantam

251 4733 468 4788 auctori
497 4749 600 4790 suo
650 4735 854 4790 famam
907 4749 1239 4807 pepererunt
1265 4779 1280 4801 ,
1330 4750 1383 4794 et
1410 4757 1529 4810 quae
1559 4743 1692 4795 Vita:
1721 4745 1837 4805 eius

250 4827 558 4894 scriptores
594 4829 840 4899 impense
873 4831 1122 4886 laudant.
1151 4831 1311 4887 Certe
1333 4847 1443 4902 quo
1473 4833 1560 4887 hic
1593 4844 1836 4902 tempore

251 4922 325 4975 ab
376 4919 613 4977 Eusebio
660 4935 1038 4991 memoratur,
1090 4928 1177 4980 vix
1223 4927 1435 4997 integro
1497 4928 1767 4986 decennio
1802 4947 1831 4987 a

252 5024 433 5067 morte
462 5013 673 5078 aberat,
705 5025 760 5069 et
793 5015 960 5071 fuisse
990 5031 1112 5071 eum
1149 5026 1324 5070 tamen
1355 5025 1514 5072 aetate
1543 5033 1832 5088 suppurent

251 5103 503 5166 Catullo,
547 5104 781 5160 fortasse
815 5105 979 5160 etiam
1016 5107 1171 5175 paulo
1199 5107 1543 5173 grandiorem
1572 5118 1700 5163 natu
1727 5152 1742 5176 ,
1769 5127 1828 5166 es

251 5195 378 5262 ejus
405 5203 575 5262 poeta:
603 5196 847 5250 carmine
866 5197 1057 5267 primo
1081 5197 1326 5267 colligas.

331 5303 496 5361 Falso
555 5307 816 5376 Scaliger,
880 5309 922 5364 si
971 5325 1106 5365 mss.
1172 5313 1328 5367 fidem
1376 5323 1608 5384 spectes,
1661 5331 1834 5387 eoque

253 5395 434 5464 magis
491 5397 537 5450 si
570 5397 811 5452 historia:
837 5399 1142 5466 veritatem,
1195 5403 1509 5470 periocham
1561 5404 1628 5459 de
1678 5405 1834 5460 Anti-

249 5487 383 5556 goni
426 5501 582 5554 nece,
640 5505 760 5555 quae
791 5489 1018 5547 inferius
1048 5494 1238 5563 quinto
1264 5494 1332 5548 ab
1355 5495 1456 5549 hoc
1492 5511 1639 5551 anno
1668 5497 1831 5555 habe-

251 5586 346 5630 tur
371 5615 391 5640 ,
433 5583 539 5631 huc
571 5576 759 5632 refert.
803 5579 1050 5636 Dicemus
1084 5595 1148 5636 ea
1199 5582 1267 5637 de
1311 5599 1368 5639 re
1401 5599 1502 5640 nos
1531 5585 1625 5641 ibi.

322 5688 464 5742 Ibid.
499 5687 688 5742 Furnii
711 5701 880 5756 pater.
914 5689 992 5746 Ita
1023 5691 1224 5746 habent
1266 5705 1399 5774 mss.
1434 5708 1644 5750 omnes.
1698 5697 1832 5753 Sca-

254 5794 392 5854 ιίεετ
438 5779 630 5836 Furnii
679 5784 848 5854 legit,
899 5799 1021 5854 qua:
1071 5783 1205 5841 levis
1233 5792 1410 5841 tamen
1441 5787 1828 5848 dissimilitudo

1950 608 2043 649 ces
2073 601 2225 663 pater
2250 606 2299 649 et
2326 595 2472 663 [ilius
2491 601 2933 666 praetermittunt.
2955 600 3144 657 Plures
3174 603 3240 657 ad
3257 603 3522 660 Furnium
3581 589 3589 612 ³

1947 684 2234 743 Ciceronis
2285 688 2536 758 Epistolas
2591 699 2720 746 sunt
2775 693 2866 748 lib.
2897 709 2952 747 x.
2991 694 3126 748 Vide
3156 703 3210 749 et
3237 697 3514 751 laudatum

1948 774 2226 848 Scaligero
2258 779 2520 835 Senecam
2558 781 2653 838 lib.
2687 797 2722 836 ιι
2755 783 2820 838 de
2852 783 3041 838 Benef.
3073 800 3193 854 cap.
3225 784 3316 841 25.

2018 868 2136 924 Col.
2188 871 2318 927 452.
2372 870 2660 928 Sallustius
2705 873 2844 928 diem
2895 877 3044 931 obiit.
3098 879 3215 932 Iloc
3265 879 3522 934 nimirum

1946 972 2114 1026 anno,
2149 977 2326 1031 pugna
2353 963 2496 1018 enim
2527 965 2670 1033 apud
2723 966 2934 1030 Actium
2968 969 3139 1024 altero
3185 984 3327 1026 anno
3355 973 3528 1026 conti-

1944 1051 2019 1122 git
2057 1053 2443 1123 subsequentis
2487 1055 2840 1126 olymp.187.

2013 1142 2131 1202 Co‘.
2155 1145 2278 1199 451.
2307 1144 2499 1202 Bavius
2523 1157 2696 1212 poeta.
2729 1148 2992 1221 Virgilius
3017 1150 3135 1207 Ecl.
3160 1167 3244 1216 ιιι,
3265 1165 3406 1209 vers.
3428 1155 3520 1209 90.

1942 1231 2089 1287 Alias
2120 1233 2208 1288 ille
2246 1232 2440 1289 Vavius
2473 1236 2694 1290 dicitur.
3001 1311 3004 1314 Δ

2013 1325 2148 1382 Ibid.
2187 1327 2480 1397 Antigonus
2533 1344 2721 1383 contra
2746 1329 2963 1386 Judwos
3000 1332 3281 1388 dimicans.
3331 1333 3521 1400 Multa,

1941 1426 2063 1479 quae
2117 1413 2358 1483 Scaliger
2395 1417 2488 1471 hic
2542 1417 2650 1473 loci
2695 1420 2813 1474 sive
2874 1420 2990 1489 ipse
3033 1432 3256 1491 peccat,
3311 1425 3425 1478 sive
3455 1425 3525 1478 ab

1941 1502 2178 1557 Eusebio
2206 1514 2259 1559 et
2281 1507 2613 1578 Hieronymo
2636 1520 2858 1578 peccata
2882 1527 2984 1580 qua
3006 1511 3152 1587 jure,
3187 1527 3291 1582 qua
3319 1513 3520 1582 injuria

1941 1599 2310 1668 reprehendit.
2347 1601 2587 1657 Primum
2638 1603 2804 1673 paulo
2853 1612 2980 1658 ante
3026 1604 3345 1670 innuimus,
3377 1609 3520 1676 quod

1943 1690 2083 1744 hanc
2115 1691 2428 1760 periocltam
2466 1695 2710 1748 secundo
2743 1694 3070 1765 Olympiadis
3101 1697 3347 1764 proxime
3378 1713 3520 1767 prae-

1940 1779 2184 1837 cedentis
2207 1797 2350 1838 anno
2379 1785 2735 1853 ascripserit,
2771 1795 2962 1839 contra
2997 1796 3242 1841 veterum
3268 1789 3516 1843 codicum

1367 1883 1483 1936 Non
1557 1883 1730 1940 ιιῖιυιῑο
1779 1897 1831 1941 et
1857 1853 1907 1915 Β
1933 1873 2338 1940 auctoritatem,
2376 1873 2662 1942 ipsamque
2691 1873 2850 1928 fidem
2891 1874 3161 1931 historiae.
3208 1876 3378 1940 Quem
3413 1893 3514 1930 au-

1934 1979 2052 2019 sum
2088 1963 2142 2017 in
2173 1962 2329 2019 Notis
2360 1978 2500 2018 novo
2540 1978 2728 2019 errore
2755 1964 3054 2019 cumulavit
3086 2001 3103 2028 ,
3135 1965 3280 2032 quod
3312 1965 3518 2020 biennii

1933 2053 2349 2124 prochrouismo
2409 2052 2662 2109 laborare
2731 2055 2976 2123 auctoris
3037 2056 3208 2109 nostri
3277 2056 3520 2111 rationes

1931 2145 2107 2208 dixit,
2159 2145 2269 2199 imo
2329 2144 2505 2200 effecit
2572 2145 2704 2214 ipse,
2757 2161 2879 2201 cum
2925 2161 3148 2215 prorsus
3179 2146 3520 2201 econtrario

1931 2238 2050 2305 ejus
2114 2237 2387 2290 intervalli
2429 2237 2894 2292 mctachronismo
2936 2251 3161 2306 peccare
3211 2237 3516 2292 vidcantur.

1930 2326 2095 2382 Recte
2149 2327 2428 2382 enimvero
2455 2327 2726 2399 Iosephus
2760 2325 3256 2397 Hierosolymorum
3307 2327 3521 2381 cladem

1929 2417 2143 2475 conlert
2181 2420 2237 2487 in
2264 2420 2608 2474 consulatum
2654 2419 2724 2475 Μ.
2757 2419 3008 2491 Agrippa:
3041 2431 3096 2474 et
3134 2417 3346 2474 Canidii
3379 2423 3516 2487 (ve-

1929 2512 2048 2568 rius
2079 2510 2336 2583 Caninii)
2372 2510 2534 2577 Galli,
2567 2526 2714 2566 anno
2744 2523 2942 2582 quarto
2974 2513 3176 2583 olymp.
3219 2511 3323 2567 I85
3349 2550 3364 2575 ,
3403 2525 3516 2579 quo

1928 2603 2062 2658 item
2096 2618 2242 2658 anno
2277 2603 2420 2671 (post
2450 2602 2660 2671 aliquot
2696 2610 2877 2658 tamen
2919 2617 3137 2657 menses
3161 2641 3176 2666 ,
3211 2611 3269 2656 ut
3299 2601 3354 2654 iu
3391 2600 3521 2654 sub-

1929 2697 2216 2766 sequentis
2252 2697 2454 2766 olymp.
2489 2695 2706 2750 initium
2753 2697 2991 2766 potuerit
3020 2697 3336 2762 incurrere)
3365 2692 3515 2746 Anti-

1927 2802 2105 2856 gonus
2171 2787 2313 2857 apud
2382 2787 2771 2853 Antiochiam,
2821 2798 3051 2856 urgente
3120 2795 3350 2841 mortem
3401 2786 3522 2854 ejus

1926 2878 2183 2946 Herode,
2251 2880 2432 2935 securi
2496 2896 2795 2950 percussus
2870 2888 2975 2937 est.
3043 2879 3180 2936 Vide
3237 2876 3516 2944 Antiquit.

1931 2968 2028 3023 lib.
2067 2985 2178 3032 xtv,
2208 2983 2331 3038 cap.
2383 2968 2586 3034 ultim.,
2639 2978 2693 3024 et
2739 2971 3020 3040 sequentis
3075 2969 3197 3023 libri
3254 2967 3497 3021 initium.

1928 3059 2068 3112 Hinc
2115 3060 2202 3113 ille
2245 3059 2448 3113 biennii
2503 3061 3036 3126 metachronismus,
3094 3073 3256 3130 quem
3310 3057 3518 3126 saepius

1929 3150 2202 3205 offendere
2229 3153 2336 3204 erit
2365 3149 2503 3203 infra
2535 3151 2586 3204 in
2621 3149 2837 3205 Eusebii
2867 3150 3156 3205 Chronico
3184 3165 3200 3207 :
3240 3166 3338 3205 nec
3367 3152 3513 3205 enim

1934 3258 2118 3297 moror
2148 3243 2374 3297 Dionem
2416 3244 2510 3297 lib.
2553 3259 2712 3309 thx,
2747 3259 2869 3314 pag.
2912 3243 3039 3310 463,
3072 3244 3163 3313 qui
3197 3259 3341 3298 anno
3371 3259 3513 3314 pra:-

1933 3335 2182 3401 cedente,
2211 3335 2435 3390 Claudio
2466 3343 2519 3388 et
2553 3333 2811 3389 Norbano
2865 3350 3012 3390 coss.
3049 3343 3234 3406 captas
3265 3335 3518 3390 Hieroso-

1933 3424 2106 3494 lynvas
2147 3425 2392 3478 censuit:
2430 3425 2478 3477 id
2515 3426 2654 3492 quod
2695 3433 2884 3478 noster
2915 3424 3135 3493 quidem
3169 3425 3419 3482 Norisius
3459 3428 3512 3480 in

1934 3516 2267 3582 Cmnolaplt.
2302 3513 2482 3568 Pisau.
2522 3515 2736 3583 probat,
2787 3515 2880 3569 sed
2919 3515 3040 3586 jure
3066 3514 3338 3585 improbat
3369 3517 3518 3585 rein:

1935 3616 2120 3676 tatque
2148 3589 2349 3676 Pagius
2385 3605 2437 3658 itt
2488 3604 2760 3674 Apparatu
2811 3605 2947 3660 Crit.
2999 3605 3052 3659 in
3083 3605 3320 3661 Annales
3349 3607 3513 3661 Baro-

1936 3700 2034 3755 nii.
2085 3698 2415 3754 Contextum
2468 3698 2610 3766 quod
2659 3697 2900 3764 attinet,
2966 3698 3217 3767 suggillat
3271 3698 3514 3768 Scaliger

1937 3789 2414 3860 Hieronymianam
2441 3789 2773 3852 versionem,
2791 3799 2970 3842 contra
2988 3786 3026 3841 .1
3031 3789 3206 3842 udazos
3226 3789 3510 3849 dimicans,

1938 3881 2147 3935 tondent
2175 3880 2436 3934 occiditur
2458 3897 2476 3934 :
2503 3895 2627 3934 nam
2667 3894 2841 3948 neque
2878 3891 3072 3934 contra
3103 3879 3320 3934 Judzros
3353 3881 3512 3935 ditni-
3558 3871 3567 3879 ’

1935 3973 2076 4026 cavit
2106 3971 2409 4040 Antigonus
2437 4010 2452 4032 ,
2493 3985 2672 4039 neque
2709 3970 2978 4025 dimicans
3001 3971 3216 4026 occisus
3248 3978 3332 4026 est
3356 4012 3371 4036 ,
3412 3988 3510 4025 ne-

1934 4079 2040 4135 que
2075 4064 2216 4118 hunc
2248 4078 2412 4132 porro
2480 4078 2702 4118 sensum
2751 4061 2937 4118 Gncca
2997 4064 3139 4132 apud
3193 4061 3505 4132 Syncellum

1935 4156 2249 4226 przeferunt.
2283 4155 2536 4210 Fortasse
2563 4163 2747 4209 autem
2779 4169 2905 4210 vere
2933 4154 3226 4223 scripserat
3248 4152 3307 4209 S.
3337 4155 3510 4208 inter:

1936 4263 2060 4317 pres
2089 4290 2104 4313 ,
2159 4257 2346 4301 contra
2396 4246 2678 4310 lduntaras,
2731 4260 2797 4300 ex
2835 4261 2894 4298 ea
2925 4245 3068 4299 enim
3116 4254 3235 4299 erat
3269 4244 3511 4300 IIcrodcs

1936 4349 2116 4409 gente.
2146 4339 2298 4404 Quod
2339 4339 2381 4391 si
2435 4336 2652 4392 Judmos
2685 4337 2944 4405 scripsit.
2977 4352 3036 4388 ea
3071 4345 3250 4404 potest
3300 4337 3510 4390 ratione

1935 4428 2172 4491 defendi,
2208 4427 2352 4496 quod
2385 4428 2520 4482 istos
2559 4426 2754 4494 opponi
2788 4426 3016 4480 voluerit
3041 4423 3466 4494 Hierosolymitis
3493 4465 3511 4490 ,

1867 4525 1912 4584 Ι)
1939 4534 2172 4588 quorum
2198 4519 2473 4571 civitatem
2499 4531 2834 4587 regnumque
2856 4516 3156 4586 Antigonus
3184 4515 3509 4583 occupabat.

1945 4609 2150 4662 Htvera
2186 4608 2352 4662 falsus
2385 4617 2469 4662 est
2503 4606 2743 4676 Scaliger
2781 4610 3074 4677 depravata
3119 4606 3355 4661 lectione
3393 4621 3514 4672 qua:

1939 4702 2209 4769 sequitur,
2239 4699 2722 4770 Hierosolymorum
2775 4715 2993 4768 regnum
3037 4699 3358 4752 destructum
3403 4709 3506 4757 est.

1939 4807 2036 4860 pro
2075 4790 2640 4859 Hierosolymam-um,
2673 4799 2804 4853 etc.,
2836 4801 3067 4857 quamet
3097 4789 3335 4843 melioris
3374 4800 3514 4842 nota:

1938 4881 2060 4935 libri
2096 4896 2216 4934 cum
2257 4882 2408 4941 editi.
2438 4893 2556 4934 tum
2616 4897 2748 4934 mss.
2805 4881 3150 4948 praeferunt,
3206 4895 3512 4948 sensusque

1939 4977 2058 5041 ipsc
2086 4973 2346 5042 postulat.
2380 4973 2529 5026 Adco
2578 4971 2712 5024 nihil
2768 4981 2898 5026 sunt
2929 5009 2944 5035 ,
2993 4985 3112 5038 qum
3143 4969 3287 5024 idem
3316 4980 3510 5025 contra

1938 5064 2415 5134 llieronymianam
2490 5063 2652 5133 ltujus
2707 5062 2813 5116 loci
2869 5062 3381 5131 interpretationem
3443 5064 3508 5115 ad

1937 5155 2214 5210 fastidium
2253 5170 2426 5223 usque
2453 5155 2749 5222 congessit.
2785 5154 2856 5208 De
2897 5152 3086 5208 Gra'co
3121 5163 3292 5219 textu,
3333 5170 3509 5222 quan-

1935 5248 2228 5313 doquidem
2267 5247 2438 5302 certis
2469 5261 2528 5300 se
2561 5247 2704 5301 notis
2733 5244 3105 5301 Euscbianum
3145 5263 3252 5302 non
3291 5244 3504 5311 pro-.lit,

1934 5332 2138 5387 frustra
2177 5334 2506 5403 disputatur.

2003 5425 2120 5482 Col.
2154 5427 2276 5481 δδι.
2315 5427 2594 5496 Hyrcanus
2652 5435 2845 5480 contra
2906 5425 3226 5480 Parthum.
3274 5423 3515 5478 Herodes

1931 5515 2222 5584 Antipatri.
2256 5516 2386 5582 Qum
2432 5518 2714 5570 historiam
2748 5527 3033 5587 Spectant,
3079 5526 3201 5572 sunt
3242 5533 3301 5570 ea
3333 5531 3504 5585 pecu-

1930 5608 2154 5662 liaribus
2191 5608 2366 5672 libris,
2395 5621 2448 5663 et
2481 5622 2510 5661 a
2552 5609 2795 5676 pluribus
2825 5610 3043 5678 quidem
3110 5608 3390 5677 doctisque
3417 5609 3506 5661 vi-

1930 5699 2005 5753 ris
2059 5709 2403 5767 pertractata,
2439 5717 2557 5770 qua:
2604 5701 2868 5770 replicare
2934 5709 3182 5755 notarum
3235 5702 3501 5770 angustia-

1933 5807 2035 5847 uou
2074 5801 2279 5847 smuut.
2320 5791 2400 5846 Tu
2435 5795 2635 5849 videsis
2670 5793 2988 5864 Joscphum,
3024 5803 3076 5847 rt
3109 5809 3171 5848 ιχ
3217 5799 3492 5850 recentio-
