4014 6196
553 282 575 345 i
587 283 692 346 023

1814 285 2220 347 VALLARSII
2254 287 2499 351 NOTIE.

3564 293 3660 357 102$

543 402 700 456 ribus
739 398 1115 456 Christianum
1168 396 1422 453 Noldium
1454 397 1512 453 in
1543 398 1781 456 diatriba
1814 402 1880 457 de
1916 398 2044 455 Vita
2073 410 2126 457 et
2153 408 2198 464 Α
2230 416 2312 468 so,
2363 400 2629 458 decurrit.
2685 400 2781 456 Est
2829 406 3010 455 autem
3056 399 3153 455 iste
3183 400 3391 472 Hyrcani
3432 404 3663 466 tricesimus

545 489 728 546 Gestis
762 490 1066 557 ilerodum,
1104 499 1162 545 ut
1191 490 1331 545 alios
1365 505 1516 545 nunc
1542 491 1976 562 praetermittam.
2009 490 2116 554 Re-

490 594 498 653 ;
544 591 714 651 ponet
754 583 841 636 hic
873 582 1009 639 satis
1055 597 1332 652 superque
1363 581 1664 655 Scaligero,
1693 584 1786 654 qui
1814 584 2110 640 Eusebium

486 657 518 673 ”
546 682 602 726 et
637 671 1026 744 Hieronymum
1061 673 1269 730 erroris
1296 682 1449 728 tanto
1479 683 1705 740 conatu,
1728 686 1948 745 tamque
1978 674 2117 730 mul-

549 764 623 820 tis
649 764 832 821 verbis
872 765 1153 838 redarguit
1176 803 1193 832 ,
1247 767 1394 836 quod
1446 766 1810 838 alienigenam
1842 766 2115 839 Herodem

549 855 841 913 allirment.
878 858 1165 914 Aﬁirmant
1197 860 1344 915 enim
1369 898 1387 926 ,
1418 859 1597 931 inquit
1624 897 1642 927 ,
1695 873 1822 915 cum
1876 859 2118 915 Eusebio

544 962 671 1003 cum
709 950 798 1004 hic
820 990 836 1014 ,
871 959 985 1005 tum
1025 951 1080 1006 in
1117 952 1328 1009 ilistor.
1358 952 1574 1008 Eccles.
1604 968 1621 1008 ι
1660 966 1783 1024 cap.
1814 952 1848 1008 6
1876 951 2117 1022 plurimi,

554 1039 897 1109 Epiphanius
940 1041 1033 1097 lib.
1079 1043 1346 1099 tadvers.
1379 1042 1589 1100 Haeres.
1623 1052 1756 1100 tom.
1803 1061 1883 1110 ιι,
1934 1046 2121 1113 Augu-

544 1129 723 1187 stinus
756 1131 847 1186 lib.
880 1135 1097 1190 xvntde
1123 1134 1287 1190 Civit.
1336 1136 1457 1200 Dei,
1487 1136 1715 1193 Phenus
1740 1135 1997 1193 Bibliotb.
2022 1152 2120 1194 co-

543 1222 655 1277 dic.
695 1224 801 1279 258
829 1262 846 1291 ,
901 1237 1009 1282 etc.
1068 1226 1405 1300 Scaligerum
1453 1229 1706 1300 sequitur
1754 1230 2118 1288 Casaubonus

544 1314 784 1371 Exercit.
815 1332 869 1383 ι,
903 1327 959 1373 et
987 1317 1339 1376 Torniellus:
1367 1335 1603 1391 quorum
1652 1322 1794 1378 ratio
1838 1324 2116 1394 praecipua

541 1420 575 1459 ο
606 1415 668 1472 ι,
717 1408 863 1476 quod
898 1409 1143 1466 Herodes
1191 1419 1347 1481 patre
1395 1412 1472 1469 sit
1516 1421 1681 1470 natus
1708 1416 2026 1488 proselyto;
2056 1425 2116 1471 et

540 1499 685 1565 quod
716 1498 937 1555 ldumtei
963 1501 1080 1571 jam
1107 1502 1235 1559 inde
1265 1505 1334 1561 ab
1359 1504 1603 1576 Hyrcani
1627 1517 1873 1579 tempore
1895 1520 1993 1580 pro
2020 1508 2118 1564 Ju-

541 1592 677 1649 d:eis
707 1593 909 1653 fuerim
937 1596 1128 1654 habiti.
1172 1599 1327 1655 Unde
1367 1601 1449 1656 sic
1491 1609 1906 1671 argumentatur
1942 1599 2115 1656 Scali-

539 1699 673 1752 ger:
699 1685 840 1741 Nulli
871 1687 1041 1745 Judaei
1070 1699 1227 1746 erant
1249 1692 1593 1763 alienigenae;
1614 1692 1838 1748 ldumi
1859 1693 1931 1748 ab
1959 1693 2120 1747 annis

2229 501 2465 563 quartus
2491 501 2544 547 et
2574 491 2818 547 ultimus.
2853 491 2987 546 Item
3016 492 3174 561 paulo
3204 501 3312 561 post
3337 492 3448 561 legit
3472 495 3665 565 Scaliger,

2231 587 2418 642 nescio
2439 586 2634 655 qu‘bus
2663 601 2726 640 cx
2756 585 2931 650 libris,
2958 585 3273 639 restaurandi
3301 585 3347 640 in
3372 586 3561 642 Dalllt‘lls
3586 592 3668 645 loco

2231 691 2332 748 pro
2356 676 2723 741 respondendi.
2755 673 2887 730 Vide
2922 676 3205 742 Daniel.tx,
3232 677 3296 731 25
3316 687 3362 732 et
3382 694 3488 747 seqq
3525 681 3668 736 lterum

2228 768 2492 838 lnira,ubi
2526 769 2726 825 dicitur
2755 767 3413 839 Hierosolymitarumpdmn
3441 771 3502 825 Hi
3519 776 3669 844 mla.

2232 878 2442 918 marum
2472 861 2623 931 legit,
2666 869 2723 915 et
2773 860 3119 931 nequidquam
3148 878 3240 932 pro
3266 880 3562 934 nequaquam.
3590 865 3670 920 iam

2235 954 2305 1011 ab
2335 950 2716 1010 contendendo
2745 966 2870 1005 cum
2917 948 3133 1007 Eusebii
3168 952 3439 1007 rationibus
3472 953 3674 1020 puplice:

2232 1054 2517 1111 contextu,
2544 1040 2689 1113 quod
2726 1055 2826 1096 nec
2867 1043 3009 1098 satis
3038 1042 3170 1097 bene
3194 1045 3375 1113 exponi
3396 1043 3529 1113 longo
3574 1061 3676 1113 πιρ-

2231 1139 2385 1210 έργῳ
2413 1147 2618 1208 posset,
2648 1136 2771 1204 post
2799 1143 2880 1190 tot
2915 1135 3196 1189 doctorum
3227 1135 3472 1188 hominum
3497 1133 3677 1203 disputa-

2228 1232 2408 1287 tiones
2435 1232 2847 1288 abstinebimus.

2302 1326 2421 1382 Col.
2451 1326 2576 1381 454.
2600 1324 2651 1382 I.
2680 1326 2909 1380 Herodes
2930 1324 3239 1392 alienigena.
3268 1322 3372 1376 Non
3395 1323 3568 1376 videtur
3587 1321 3676 1375 Sca-

2231 1418 2370 1488 liger
2405 1416 2623 1473 Eusebii
2677 1419 2921 1473 rationes
2950 1418 3124 1487 probe
3169 1422 3450 1479 assecutus,
3478 1429 3575 1468 cum
3601 1417 3678 1477 ait,

2232 1519 2383 1565 recte
2415 1509 2485 1564 ab
2515 1509 2616 1565 hoc
2651 1525 2797 1565 anno
2825 1509 3038 1564 institui
3085 1507 3289 1563 initium
3321 1505 3515 1561 llerodis
3536 1522 3584 1558 ex
3609 1522 3678 1569 ro,

2227 1600 2373 1670 quod
2397 1615 2543 1655 anno
2565 1600 2863 1669 superiore,
2895 1599 3069 1669 captis
3106 1599 3207 1654 sub
3234 1598 3380 1653 tinem
3403 1595 3568 1653 {astatis
3594 1596 3678 1650 ili--

2229 1693 2536 1764 rosolymis,
2563 1691 2635 1747 M.
2658 1692 2891 1763 Agrippa
2914 1690 2977 1748 ι.
3004 1690 3231 1751 Caninio
3252 1705 3408 1755 coss.,
3444 1690 3681 1744 interfectus

538 1775 609 1828 90
648 1777 764 1831 sive
792 1778 861 1831 ab
892 1778 1167 1852 Hyrcano,
1187 1790 1347 1836 erant
1377 1781 1550 1837 Judaei
1588 1782 1708 1851 (per
1752 1782 1883 1839 Ant.
1913 1797 2034 1844 χιιι,
2070 1797 2122 1838 c.
2156 1777 2197 1833 Β
2227 1794 2312 1840 est
2356 1786 2665 1856 Antigonus
2711 1785 2940 1840 ultimus
2999 1784 3478 1839 llasamonazorutn.
3526 1780 3678 1836 Altltnlit

539 1867 656 1933 27).
695 1867 858 1938 Ergo,
894 1879 1002 1925 etc.
1040 1870 1146 1927 Sed
1189 1872 1302 1928 haee
1349 1872 1534 1935 basta,
1580 1873 1781 1943 stipula
1818 1886 1927 1930 est.
1980 1873 2118 1928 Nam

543 1957 762 2014 ldumzei
789 1975 896 2015 non
927 1972 1085 2018 erant
1115 1963 1335 2033 proprie
1366 1964 1541 2021 Judaei
1567 1981 1584 2033 ;
1610 1968 1703 2021 sed
1731 1967 1892 2032 tales,
1924 1966 2016 2036 qui
2039 1966 2125 2021 vel

539 2051 855 2122 ἐπιχώριοι,
906 2069 1006 2110 seu
1062 2056 1176 2111 nati
1231 2056 1287 2110 in
1332 2054 1541 2123 Iudaea,
1585 2066 1746 2113 erant
1776 2058 2116 2129 alienigenas.

537 2141 766 2213 Proprie
810 2147 956 2201 enim
989 2144 1163 2203 Judaei
1215 2148 1440 2205 nonnisi
1478 2149 1574 2220 qui
1624 2151 1763 2207 tales
1794 2151 2027 2219 origine,
2064 2150 2116 2206 id

538 2246 644 2307 est,
673 2235 940 2295 Jacohitae
959 2250 1167 2297 essent.
1197 2240 1354 2297 Unde
1385 2242 1438 2297 in
1471 2252 1798 2315 argumento
1827 2244 2119 2315 Scaligeri,

539 2330 717 2400 major
746 2334 992 2400 procedit
1031 2335 1100 2390 de
1122 2334 1327 2392 Judaais
1352 2337 1543 2408 primae
1563 2345 1619 2393 et
1647 2338 1821 2393 tertiae.
1849 2338 2123 2409 signiﬁca-

540 2423 729 2486 tionis.
754 2441 865 2480 non
887 2428 1162 2485 secundae.
1188 2428 1351 2484 Certe
1378 2430 1425 2486 si
1458 2428 1705 2487 Herodes
1731 2432 1953 2503 preprie
1978 2432 2120 2489 fuis-

539 2524 623 2568 set
645 2513 887 2580 Judzeus,
925 2534 1032 2574 non
1057 2536 1195 2589 opus
1220 2521 1507 2578 habuisset
1534 2522 1703 2579 libros
1739 2524 2120 2596 genealogieos

540 2604 852 2663 incendere.
875 2609 1072 2665 Euseb.
1104 2610 1312 2667 lli‘stor.
1348 2611 1532 2683 i,cap.
1563 2612 1630 2681 7;
1667 2614 1894 2670 Hieron.
1926 2615 2024 2672 lib.
2057 2631 2119 2672 ιιι

541 2698 596 2752 in
626 2698 768 2756 Luc.
807 2701 993 2770 Neque
1021 2703 1168 2757 enim
1196 2703 1302 2759 hoc
1330 2719 1471 2773 opus
1499 2705 1723 2761 trahere
1757 2705 1810 2760 in
1847 2707 2072 2763 dubium
2100 2723 2116 2774 ;

543 2792 702 2858 quasi
729 2792 938 2863 absque
965 2793 1168 2849 tabulis
1196 2795 1573 2868 genealogieis
1598 2798 1897 2868 descriptio
1927 2798 2118 2865 Qniri-

538 2884 721 2949 niana,
752 2883 886 2940 Luc.
914 2901 977 2951 ιι,
1002 2886 1028 2940 1
1059 2902 1202 2959 seq.,
1225 2889 1387 2960 juxta
1423 2905 1599 2961 genus
1626 2891 1968 2962 singulorum
2005 2906 2114 2947 non

538 2976 810 3041 potuisset
856 2979 992 3032 ﬁeri.
1022 2979 1230 3050 Alting:
1266 2982 1323 3036 in
1364 2982 1534 3039 Schil.
1561 2983 1659 3038 lib.
1688 2998 1765 3047 tv,
1806 2997 1930 3053 cap.
1964 2984 2020 3048 9.,
2060 3001 2115 3054 p.

2224 1879 2504 1932 enimvero
2563 1875 2759 1932 Noster
2800 1878 3007 1942 integra
3076 1873 3365 1946 olympiade
3411 1888 3426 1930 :
3467 1872 3539 1925 hic
3585 1873 3681 1923 enim

2225 1977 2487 2037 supputat
2519 1966 2620 2021 186
2652 1966 2881 2036 ejusque
2915 1981 3118 2019 annum
3139 1964 3364 2017 .tertium
3398 1978 3414 2018 :
3441 1978 3527 2016 non
3555 1969 3682 2013 autem

2226 2063 2412 2132 hujus,
2436 2062 2531 2117 sed
2561 2059 2993 2130 superioris't83
3031 2057 3265 2111 secundo
3286 2069 3415 2109 anno
3442 2054 3681 2121 Antigonum

2225 2154 2377 2224 ponit
2401 2153 2667 2207 occisum.
2701 2152 2783 2207 Re
2809 2151 2977 2204 rtiam
3002 2151 3129 2219 ipsa
3164 2164 3268 2201 non
3298 2146 3390 2201 185
3419 2144 3548 2200 tertio
3573 2157 3687 2207 anno,

2223 2248 2318 2305 sed
2352 2257 2549 2316 quarto
2571 2245 2929 2316 praecedentis
2954 2238 3224 2312 supplicio
3265 2241 3471 2295 allectus
3490 2246 3555 2292 est
3578 2236 3685 2290 Anti-

2223 2353 2422 2408 gonus.
2449 2348 2504 2392 et
2532 2338 2900 2407 principatum
2929 2334 3176 2391 llcrodes
3197 2334 3332 2394 iniit.
3351 2332 3511 2386 tribus
3525 2327 3686 2387 exactis.

2226 2440 2514 2498 postquam
2551 2444 2580 2483 a
2612 2440 2808 2485 senatu
2843 2431 3053 2499 regiam
3099 2428 3403 2496 dignitatem
3443 2423 3685 2477 obtinuerat.

2221 2519 2496 2590 Josephus
2530 2535 2757 2589 regnum
2790 2518 2990 2574 Iudaeae.
3021 2519 3219 2574 scribit
3246 2518 3474 2586 adeptum
3500 2529 3594 2570 esse
3615 2511 3689 2565 lle-

2224 2612 2411 2666 rodcm
2448 2627 2476 2666 a
2509 2620 2698 2666 senatu
2733 2611 2827 2664 ἐπὶ
2861 2611 2962 2678 τῆς
2994 2609 3045 2681 ρ’
3076 2611 3170 2664 καὶ
3195 2615 3245 2662 π’
3264 2612 3353 2663 καὶ
3376 2607 3416 2661 δ’
3434 2604 3690 2674 ὸγυμπιὰδος

2223 2703 2588 2767 ὑπατεύοντος
2631 2704 2797 2758 Γαΐου
2831 2702 3103 2773 Δομετίου
3135 2701 3395 2757 Καλϐίνου
3428 2700 3480 2753 τ’)
3512 2697 3692 2761 δεύτερον

2221 2796 2317 2848 καὶ
2369 2794 2531 2849 Γαίου
2585 2794 2821 2848 ’Δεινίου
2865 2794 3178 2863 Πωλίωνος,
3220 2792 3489 2865 olympiade
3522 2790 3614 2855 l8l,
3649 2784 3690 2838 C.

2227 2887 2460 2941 Domitio
2504 2884 2727 2944 Calvino
2757 2888 2946 2942 iterum
2992 2897 3046 2941 et
3083 2888 3145 2942 ϐ.
3180 2885 3357 2940 Asinio
3385 2881 3568 2939 Polione
3598 2893 3692 2930 ron.

2223 2978 2464 3049 intellige
2493 2995 2614 3034 cum
2657 2980 2891 3048 primum
2920 2979 3144 3034 Antonii
3182 2986 3236 3032 et
3260 2976 3489 3034 Caesaris.
3519 2971 3570 3025 ad
3594 2983 3690 3037 quos

540 3081 612 3121 tn.
644 3067 774 3124 212.
805 3067 939 3124 Nam
974 3072 1150 3140 potuit
1176 3072 1426 3129 subicere
1453 3073 1796 3145 singulorum
1823 3074 2113 3144 professio:

2108 3092 2113 3131 ε
2144 3082 2190 3146 c
2225 3066 2494 3138 confugit,
2520 3083 2622 3136 ope
2659 3084 2752 3123 rex
2801 3068 3117 3123 declaratus
3145 3076 3266 3121 est:
3299 3063 3431 3132 quod
3454 3062 3595 3131 ipsum
3612 3071 3693 3111 cum

540 3166 711 3226 atque
737 3158 872 3214 adeo
901 3159 1227 3231 ἀπογραφὴ,
1276 3176 1435 3232 mque
1478 3163 1660 3234 peragi
1693 3164 1748 3217 in
1776 3161 1964 3218 Judaza
1998 3163 2121 3220 sine
2221 3161 2443 3215 circiter
2476 3158 2765 3214 Octobrem
2800 3160 2941 3229 ejus,
2984 3174 3153 3229 quem
3188 3157 3315 3212 dicit
3346 3150 3694 3223 Joseplnis,anni

541 3250 820 3305 accuratis
849 3251 1206 3325 genealogiis,
1256 3267 1323 3309 ac
1370 3252 1476 3309 fuit
1527 3263 1752 3325 peracta
1806 3255 1863 3309 in
1916 3256 2119 3326 populo

539 3338 809 3406 Romano,
849 3342 1003 3410 cuius
1035 3358 1230 3400 sensus
1267 3355 1352 3399 ter
1391 3352 1572 3410 actus,
1607 3344 1839 3401 Sueten.
1893 3346 1947 3401 in
1998 3347 2118 3403 Au-

537 3441 683 3502 gust.
715 3449 836 3504 cap.
863 3435 963 3499 27,-
984 3449 1051 3489 ac
1085 3436 1143 3491 in
1176 3435 1333 3491 Italia
1373 3475 1389 3502 ,
1421 3435 1520 3493 Dio
1563 3435 1705 3494 llist.
1736 3453 1835 3504 ut,
1870 3453 1991 3507 mu,
2024 3455 2112 3506 LV,

536 3538 648 3593 Lvt;
682 3525 839 3597 Syria
872 3524 1095 3595 Jose'pb.
1156 3527 1431 3600 Antiquit.
1473 3543 1610 3595 xvtt,
1678 3516 1801 3599 cap.
1859 3530 1965 3592 15:
2004 3530 2118 3587 imo

540 3632 707 3687 super
736 3625 910 3674 totum
936 3619 1151 3686 orbem,
1187 3618 1320 3679 Luc.
1350 3637 1415 3687 ιι,
1444 3621 1497 3677 l.
1533 3622 1818 3677 Hactenus
1845 3622 1956 3678 ille.
2007 3620 2115 3677 Sed

539 3725 719 3780 neque
747 3711 883 3767 illud
915 3712 1119 3782 injuria
1140 3724 1319 3780 vacat,
1349 3727 1460 3784 quo
1489 3713 1640 3769 addit
1663 3713 1928 3783 Scaliger,
1953 3712 2113 3767 matri

536 3802 769 3858 Herodis
795 3804 1073 3873 proprium
1097 3802 1274 3860 fuisse
1300 3818 1496 3860 nomen
1521 3802 1774 3874 Κύπρος,
1800 3804 1944 3874 quod
1973 3803 2115 3859 falso

531 3896 587 3948 in
615 3895 870 3965 Κύπριδα
913 3906 970 3952 et
997 3896 1215 3967 Κύπριν
1257 3893 1526 3951 Eusebius
1563 3895 1812 3950 mutarit.
1839 3893 2109 3965 Equidem

532 3986 737 4058 Cyprus
773 3986 1054 4057 proprium
1099 3995 1220 4040 erat
1258 3992 1420 4056 atque
1450 3985 1734 4041 idioticum
1758 4022 1774 4049 ,
1828 3984 1977 4055 quod
2006 3982 2109 4039 lle-

530 4078 662 4132 lrrmi
696 4077 946 4149 [ep/trait
981 4078 1195 4141 dicunt,
1223 4075 1501 4145 Josephus
1544 4075 1898 4132 Ben-Gorion
1940 4075 2110 4144 Ripa.

532 4186 668 4236 ron;
700 4170 966 4227 Eusebius
1011 4181 1192 4226 autem
1236 4169 1303 4223 ad
1354 4167 1556 4224 Graeca:
1589 4169 1793 4239 linguae
1820 4167 2109 4237 ingenium

531 4262 765 4328 inﬂexit,
807 4278 985 4333 neque
1039 4276 1205 4331 porro
1240 4260 1294 4316 id
1325 4260 1604 4332 piaculum
1642 4259 1749 4315 sibi
1791 4259 2108 4323 duxerunt,

531 4357 625 4425 qui
656 4356 830 4412 secuti
857 4371 979 4411 eum
1011 4364 1158 4421 sunt,
1184 4354 1495 4426 Syneellus,
1519 4352 1880 4424 Nicephorus,
1910 4352 2110 4409 Cedre-

2221 3253 2534 3322 contigerit,
2555 3262 2787 3320 apparet
2809 3252 3074 3307 debuisse
3110 3251 3176 3305 ad
3210 3250 3428 3319 primum
3448 3245 3695 3311 subsequen-

2224 3345 2292 3400 tis
2320 3344 2645 3416 olympiadis
2678 3343 2785 3400 ’185
2831 3344 3049 3399 referri.
3078 3344 3292 3398 Exinde
3332 3353 3433 3397 tres
3460 3335 3570 3391 anni
3591 3332 3695 3386 sbiev

2221 3446 2373 3498 runt,
2419 3418 2501 3490 ad.
2530 3433 2584 3489 id
2622 3449 2795 3503 usque
2842 3435 3109 3502 temporis
3135 3473 3151 3496 ,
3199 3447 3306 3503 quo
3331 3446 3360 3487 e
3387 3427 3509 3483 vivis
3542 3422 3696 3479 sublato

2217 3527 2510 3596 Antigono,
2564 3525 2713 3596 regni
2763 3526 3009 3579 habenas
3066 3525 3303 3593 arripuit
3339 3540 3352 3576 :
3387 3531 3533 3589 quare
3567 3511 3697 3567 stlide

2218 3618 2540 3689 Olympiadis
2568 3619 3059 3680 metachronismo,
3084 3627 3275 3670 contra
3299 3610 3453 3681 atque
3494 3603 3697 3671 Scaligm

2219 3712 2392 3784 placet
2421 3752 2436 3777 ,
2489 3710 2704 3767 Eusebii
2752 3711 2999 3764 rationes
3029 3709 3302 3764 laborant.
3333 3694 3455 3759 Vide
3493 3697 3696 3754 laudati!!!

2218 3802 2382 3858 modo
2412 3801 2667 3856 Noltlinm
2714 3788 2867 3855 num.
2902 3799 2971 3855 £5
3002 3810 3059 3855 et
3096 3814 3215 3869 seq.

2287 3894 2406 3950 Col.
2440 3894 2564 3958 455,
2599 3893 2694 3948 litt.
2727 3891 3081 3955 duodecima,
3116 3890 3183 3944 Et
3219 3889 3481 3944 credentur.
3507 3882 3701 3937 Parmen-

2216 3988 2293 4042 sis
2324 4002 2424 4041 ms.
2462 3986 2662 4056 aliique
2693 3985 2934 4040 nonnulli
2966 3983 3199 4040 Pottcrtt
3225 3983 3278 4038 in
3309 3979 3448 4036 Notis
3474 3977 3529 4032 ad
3549 3971 3594 4028 S.
3618 3969 3700 4024 Cl!-

2216 4087 2459 4133 mentcm
2499 4078 2729 4142 laudati,
2757 4077 2906 4131 belli:
2942 4076 3160 4147 legunt,
3198 4090 3301 4129 non
3341 4062 3699 4127 πωπω-μήθ-

2215 4186 2342 4235 nus,
2376 4169 2446 4224 Et
2473 4170 2819 4225 concidentur
2857 4168 3125 4240 quomodo
3159 4169 3214 4221 in
3262 4163 3551 4232 catacigsnto
3584 4163 3698 4220 “tl”

2214 4262 2282 4317 ad
2312 4263 2469 4333 ﬁnem
2510 4261 2654 4325 belli,
2681 4262 2821 4332 quod
2854 4261 3169 4316 concidetur
3199 4274 3356 4329 usque
3385 4257 3448 4308 ad
3477 4250 3697 4305 interitum.

2215 4354 2320 4410 Sed
2353 4366 2407 4410 et
2440 4355 2491 4408 in
2520 4354 2708 4410 (ἴγδει-ο
2752 4368 2908 4409 sacro
2945 4362 3100 4407 textu
3134 4353 3242 4415 ἓως
3292 4349 3468 4411 τέλους
3506 4342 3697 4408 πολέμους

528 4464 657 4512 nus,
707 4448 930 4511 Taetze.
961 4448 1191 4518 aliique.
1221 4446 1361 4502 Tum
1398 4449 1646 4503 Arabicae
1688 4462 1824 4502 mss.
1859 4445 2107 4501 omnium
2141 4441 2290 4503 Dlta
2337 4459 2390 4502 et
2432 4446 2572 4501 infra
2621 4448 3133 4501 consummationem
3178 4443 3418 4514 temporis
3449 4433 3609 4491 minori
3635 4442 3700 4481 III-

534 4542 698 4596 lcctio
723 4552 827 4603 est,
864 4556 962 4611 pro
994 4555 1102 4609 quo
1133 4540 1371 4618 malebat
1400 4540 1646 4610 Scaliger
1676 4539 1967 4595 Arabiam.
2010 4539 2111 4593 De-

534 4633 703 4703 nique
742 4633 918 4688 Palat.
964 4647 1129 4697 mss.,
1161 4645 1302 4701 quos
1349 4630 1539 4686 laudat
1568 4628 2067 4699 Schurzﬂeischius
2090 4668 2108 4696 ,

474 4783 483 4796 ι
532 4729 655 4799 plus
684 4727 885 4785 habent
914 4741 1026 4783 uno
1056 4726 1247 4794 verbo,
1276 4726 1502 4796 suscepit
1533 4724 1817 4795 imperium
1861 4732 1912 4779 et
1958 4723 2111 4796 prin-

530 4820 786 4889 cipatum.

484 4917 490 4927 ‘
603 4911 721 4966 Col.
752 4911 879 4966 451.
901 4911 1254 4982 Hyrcanus...
1287 4910 1356 4965 Et
1386 4910 1501 4981 ipse
1527 4910 1650 4965 erit.
1676 4910 1736 4966 In
1767 4910 1993 4966 instanti
2029 4920 2107 4965 est

479 4980 486 4995 Ι
531 5004 718 5072 legunt
747 5018 872 5057 cum
914 4980 1190 5074 Scaligero
1231 5003 1345 5067 alii,
1396 4980 1450 5058 et
1504 5018 1626 5058 tuo:
1684 5004 1953 5074 signiﬁcat
2010 5019 2115 5073 pro

528 5096 808 5168 pra’fatur.
873 5096 1047 5151 Paulo
1099 5097 1332 5152 inferius
1379 5096 1770 5167 rescripsimus
1808 5097 1969 5151 annis
2002 5097 2113 5153 485

529 5205 634 5259 pro
670 5187 796 5254 486,
823 5188 964 5259 quod
998 5201 1112 5243 erat
1146 5190 1471 5245 Pontacenm
1509 5189 1769 5247 editionis
1817 5189 2100 5247 mendum.

528 5280 676 5338 Idem
709 5295 976 5337 numerus
1014 5282 1252 5336 recurrit
1299 5282 1464 5351 paulo
1495 5281 1635 5335 inl‘ra
1674 5299 1689 5335 :
1720 5282 1921 5351 quibus
1962 5281 2103 5338 locis

527 5378 586 5434 S.
620 5375 854 5447 Prosper
880 5389 990 5429 uno
1017 5373 1137 5445 plus
1165 5373 1321 5439 dicit,
1344 5373 1460 5430 sive
1484 5374 1610 5442 484,
1642 5374 2102 5445 quemadmodum

519 5482 581 5525 'ct
605 5470 805 5525 laudati
840 5470 1060 5540 ipsimct
1090 5466 1329 5522 Pontaco
1362 5482 1494 5523 mss.
1529 5469 1709 5537 plures
1754 5469 1975 5523 codices
2004 5468 2102 5521 ha-

519 5565 680 5617 ibent.
708 5559 1007 5615 Deducitnr
1034 5558 1124 5613 ille
1158 5572 1420 5613 numerus
1448 5559 1515 5615 ab
1546 5569 1738 5615 exacta
1769 5559 1975 5632 olymp.
1998 5559 2092 5627 65,

523 5660 698 5719 .atqnc
733 5650 870 5704 adeo
901 5664 929 5703 a
965 5647 1355 5719 subsequentis
1387 5646 1457 5702 66
1509 5664 1655 5705 anno
1699 5652 1898 5720 primo,
1950 5661 2004 5706 et
2034 5652 2101 5707 ad

521 5742 757 5797 ’tcrtium
785 5758 959 5814 usque
985 5743 1189 5816 olymp.
1226 5740 1353 5808 186,
1384 5742 1623 5800 termino
1652 5753 1886 5816 utroque
1922 5746 2105 5802 inclu-

2214 4557 2390 4605 mero,
2441 4557 2562 4594 cum
2618 4538 2829 4604 Grmco,
2886 4539 3210 4602 συντελείας
3259 4533 3478 4607 καιροῦ,
3519 4541 3597 4601 ι)ῖο
3627 4533 3701 4592 ll“

2213 4645 2504 4704 temporum
2540 4632 2806 4701 Scaliger,
2841 4642 3008 4699 atque
3044 4632 3138 4686 alii
3172 4632 3374 4700 legunt.

2279 4725 2417 4781 lhid.
2439 4725 2668 4780 Herodes
2693 4723 3093 4789 Anaaanelum,
3130 4734 3242 4780 etc.
3266 4717 3457 4783 Sentis,
3477 4729 3570 4771 non
3588 4708 3701 4764 ultins

2210 4818 2375 4874 modo
2405 4817 2558 4883 anni,
2585 4818 2678 4873 sed
2719 4818 2954 4874 duorum
2996 4817 3197 4873 saltem
3236 4814 3503 4870 historiam
3529 4808 3609 4861 hac
3634 4813 3699 4870 pe-

2213 4909 2399 4964 riocha
2430 4908 2722 4964 contineri.
2774 4909 2927 4964 Adeo
2961 4907 3169 4978 injuria
3198 4905 3452 4973 Scaliger.
3483 4907 3535 4954 ut
3555 4902 3695 4950 caeteri

2209 5002 2351 5057 bene
2392 5001 2611 5065 habeat,
2659 5012 2939 5058 auctorem
2999 5010 3252 5057 nostrum
3296 4999 3361 5053 de
3398 4990 3577 5051 biennii
3617 4996 3702 5053 Ρω·

2209 5097 2523 5152 chronismo
2549 5105 2794 5151 accusat.
2823 5093 2889 5148 Et
2917 5093 3101 5149 dit‘l‘ert
3123 5104 3305 5148 tamen
3330 5088 3414 5145 ille
3436 5086 3528 5141 hoc
3550 5084 3701 5147 κοεῑιπιι

2211 5191 2264 5243 in
2294 5196 2622 5259 sequentem
2674 5201 2901 5241 annum.
2933 5186 3059 5239 Vid.
3100 5184 3330 5253 Josepb.
3365 5173 3598 5243 Antiquit.
3633 5163 3697 5219 lib.

2208 5299 2298 5345 xv.
2333 5298 2454 5352 cap.
2481 5282 2535 5345 5,
2573 5289 2627 5336 et
2671 5281 2739 5335 de
2783 5279 2932 5335 Bello
2958 5296 2998 5344 ι,
3036 5278 3142 5345 t7;
3176 5274 3521 5347 liegesiouum
3546 5268 3702 5332 qua!"

2210 5390 2249 5440 1,
2283 5374 2351 5430 56
2382 5383 2437 5430 et
2468 5389 2583 5443 ευιι.

2276 5467 2395 5522 Col.
2420 5466 2544 5522 432.
2572 5464 2737 5520 Luna:
2765 5464 3051 5520 secundum
3077 5460 3345 5516 Romanos
3373 5465 3542 5510 cursus
3567 5448 3699 5500 ium-

2208 5568 2315 5616 tus.
2356 5557 2483 5612 “me
2530 5558 2582 5612 in
2637 5554 2917 5611 Parmensi
2967 5568 3072 5609 ms.
3112 5548 3367 5622 periocha
3399 5541 3695 5636 desideraui-7.

2207 5653 2349 5709 Audi
2377 5667 2507 5709 vero
2547 5649 2883 5722 Sealigcrum
2931 5649 3030 5702 ttae
3063 5659 3236 5715 super
3272 5657 3351 5699 rc.
3389 5639 3449 5696 lu
3476 5636 3590 5722 line.
3615 5632 3699 5721 ³⁸)

2208 5747 2332 5803 ιιιηί
2363 5745 2680 5816 superioris,
2704 5720 2851 5815 prid.
2873 5738 2998 5797 Kal.
3027 5735 3257 5794 Januar.
3292 5733 3389 5790 fuit
3410 5730 3564 5788 coitus
3581 5720 3700 5773 lunr
