3974 6192
289 303 429 367 1025

1555 308 1965 373 VALLARSII
2009 313 2244 376 NOTE.

3409 289 3558 386 1026'

287 421 533 482 narium.
569 433 801 475 numero
837 434 1006 477 aureo
1048 421 1103 486 5,
1145 430 1335 491 epacta
1382 423 1651 493 castigata
1688 423 1776 489 19,
1815 434 1868 479 ct
1900 431 1939 488 Α
1974 430 2097 498 ρπζ¹
2120 429 2306 496 ἐτειδν,
2336 430 2494 485 linem
2524 429 2831 504 Egyptiaci
2866 435 3014 505 regni
3051 435 3402 493 constituere.
3439 439 3550 494 Sed

283 525 421 568 san’e
454 513 742 568 character
769 515 1091 579 neomeniw,
1111 512 1316 570 Tebetli
1341 528 1407 570 eo
1429 529 1600 578 anno,
1623 517 1714 584 qui
1745 524 1866 570 erat

283 605 500 660 lndaiei
528 615 768 675 computt
803 607 1048 662 hodierni
1081 606 1223 662 3727
1263 607 1362 662 fuit
1398 607 1647 675 5,5,788,
1677 609 1866 663 ultima

287 695 633 763 Decembris,
668 696 800 750 feria
833 697 887 760 5,
917 699 1069 768 cyclo
1100 699 1230 754 solis
1261 699 1314 753 5.
1349 697 1532 766 Quare
1562 699 1607 755 si
1641 700 1866 753 Romani

286 805 316 841 a
354 788 570 842 visione
610 788 810 843 sideris
843 791 1107 858 putabant
1150 792 1305 845 lunas
1355 807 1508 856 suas,
1546 801 1607 844 ut
1658 793 1869 848 Arabes

286 895 422 936 suos
451 895 672 935 menses
706 881 914 945 civiles,
963 882 1174 951 primus
1205 882 1324 936 dies
1359 883 1500 939 lunae
1528 883 1784 938 inciderit
1815 885 1868 938 in

303 973 584 1028 Kalendas
629 971 874 1026 Januarii
926 989 1076 1028 num.
1115 974 1220 1028 hoc
1270 973 1578 1030 Eusebiano
1618 974 1773 1041 1985,
1816 975 1872 1030 in

284 1072 447 1141 cujus
481 1069 680 1124 Martio
729 1070 980 1140 sequenti
1035 1085 1302 1126 numerus
1354 1087 1558 1126 aureus
1611 1070 1642 1126 6
1702 1070 1872 1140 cmpit

284 1177 537 1218 currere.
570 1162 680 1217 Hoc
711 1163 950 1232 aliquam
1006 1163 1248 1232 speciem
1284 1163 1398 1218 veri
1437 1163 1639 1228 habet,
1677 1163 1722 1217 si
1761 1178 1868 1218 non

283 1273 478 1310 verum
507 1267 612 1319 est,
643 1255 826 1320 idest,
867 1257 910 1308 si
941 1256 1047 1309 alia
1075 1265 1157 1310 cst
1191 1257 1328 1309 ratio
1367 1256 1530 1324 hujus
1573 1256 1870 1326 periochze.

286 1347 398 1401 Sed
433 1347 801 1418 Hieronymus
850 1346 963 1399 hinc
1009 1347 1221 1416 accepit
1253 1361 1280 1398 a
1313 1345 1555 1415 computi
1598 1345 1874 1400 Paschalis

281 1439 664 1492 conditoribus
697 1437 880 1490 saeculi
927 1438 1010 1490 sui
1041 1477 1054 1498 ,
1092 1437 1183 1506 qui
1233 1436 1284 1488 in
1320 1433 1616 1492 Occidente
1657 1437 1875 1489 inibant

287 1539 612 1598 computum
647 1524 896 1583 lunarem
927 1542 955 1580 a
990 1526 1252 1581 Kalendis
1281 1524 1550 1593 Januarii,
1579 1543 1744 1581 aureo
1773 1543 1877 1581 nu-

286 1636 444 1676 mero
473 1621 528 1684 ὅ,
573 1619 731 1689 cujus
762 1619 1004 1689 computi
1049 1619 1264 1673 initium
1304 1629 1388 1673 est
1418 1619 1486 1674 ab
1517 1633 1662 1673 anno
1693 1633 1880 1673 sacro-

287 1715 472 1768 sancti
503 1729 795 1768 consessus
816 1710 1044 1766 Nicacni.
1067 1713 1223 1766 Anno
1246 1712 1733 1782 antecedente,fqui
1759 1720 1876 1766 erat

286 1805 494 1860 Christi
522 1804 840 1874 Dionysiani
873 1803 1002 1868 52.4,
1032 1814 1224 1872 epacta
1259 1815 1366 1856 tam
1391 1776 1679 1872 castigata,
1706 1818 1872 1872 quam
1904 1776 1951 1837 Β

287 1897 578 1965 mquabilis
615 1903 736 1949 erat
776 1893 862 1959 l8,
898 1909 1018 1963 qua:
1043 1910 1166 1949 cum
1196 1895 1303 1950 sita
1332 1893 1402 1949 sit
1429 1895 1486 1947 in
1527 1893 1753 1948 Kalend.
1781 1893 1877 1947 Ja-

291 1990 499 2050 nuarii,
541 1989 728 2058 procul
763 1987 930 2041 dubio
971 1985 1044 2039 ibi
1081 1985 1420 2042 novilunium
1478 1983 1603 2044 fuit.
1657 1985 1724 2039 de
1769 1999 1878 2055 quo

293 2091 556 2149 computo
595 2079 757 2133 locuti
794 2093 985 2132 sumus
1015 2082 1068 2131 in
1106 2077 1247 2130 libro
1276 2076 1631 2132 tttCanonum
1669 2074 1878 2147 lsagog.

294 2174 352 2226 in
394 2187 519 2242 cap.
563 2171 600 2225 2
646 2171 766 2225 libri
803 2171 981 2238 primi,
1020 2170 1229 2223 delinit.
1274 2171 1328 2224 4.
1367 2169 1550 2234 Quare
1583 2168 1672 2222 hic
1707 2179 1877 2222 meta-

307 2266 676 2319 chrontsmus
710 2271 792 2315 cst
825 2260 1066 2314 triennii.
1097 2257 1233 2312 Natu
1263 2268 1668 2328 camputatores
1707 2257 1784 2311 illi
1815 2257 1883 2310 ab

295 2359 548 2426 Augusto
574 2351 788 2408 Caesare
814 2352 964 2406 illum
995 2359 1310 2420 computum
1345 2351 1576 2414 inibant,
1610 2366 1753 2405 anno
1783 2347 1880 2403 lu-

300 2452 454 2504 liano
486 2447 541 2512 9,
579 2447 673 2500 sed
702 2446 886 2514 inepte
924 2459 1067 2498 anno
1095 2443 1315 2497 Juliano
1353 2442 1672 2496 ncomenias
1708 2441 1885 2495 Nicat-

298 2558 405 2598 nas
433 2539 874 2596 accommodant.
905 2547 962 2591 ut
993 2536 1048 2589 in
1078 2537 1210 2603 ipsis
1241 2536 1548 2590 canonibus
1575 2535 1880 2589 deruimns.

302 2637 433 2691 lla-c
462 2645 545 2689 est
577 2648 704 2688 vera
734 2631 899 2702 hujus
930 2630 1035 2685 loci
1088 2627 1506 2698 llieronyiniani
1541 2627 1840 2695 explicatio
1869 2663 1885 2690 ,

305 2742 484 2797 neque
513 2724 898 2780 dubitandum.

379 2820 498 2873 Col.
530 2818 656 2872 435.
716 2815 931 2870 Antonii
982 2822 1030 2868 et
1063 2815 1300 2884 (ingusttf
1325 2815 1515 2882 rendus.
1550 2813 1753 2867 Eadem
1802 2811 1891 2866 hic

305 2922 396 2965 est
428 2909 615 2964 solidae
649 2904 974 2977 Olympiadis
1019 2903 1269 2973 trajectio
1306 2905 1360 2957 in
1415 2902 1626 2957 Eusebii
1668 2904 1895 2955 rationi-

305 3006 436 3065 bus,
463 3015 625 3070 quam
661 3001 898 3068 prmced.
932 2995 1039 3051 col.
1067 3005 1191 3050 nota
1214 2995 1721 3049 animadvertimus.
1749 2991 1893 3045 Prie-

309 3108 468 3150 terea
525 3104 811 3162 peccatum
847 3106 1066 3161 qttoque
1097 3100 1179 3143 est
1228 3090 1450 3142 triennii
1494 3086 1892 3140 mctacbrouis-

305 3203 428 3252 mo,
464 3185 736 3253 siquidem
771 3199 878 3236 nun
915 3183 1082 3246 aliud,
1112 3191 1168 3234 ιιι
1202 3196 1296 3249 par
1325 3181 1548 3234 credere
1581 3189 1685 3244 est,
1715 3178 1896 3232 lmdus

310 3286 475 3333 notat
515 3277 806 3330 Antonium
837 3275 978 3328 inter
1011 3282 1064 3328 ct
1092 3275 1382 3337 Caesarem,
1415 3288 1577 3341 quam
1609 3271 1752 3340 quod
1787 3283 1900 3324 sta-

312 3371 419 3423 tim
451 3384 478 3421 a
513 3367 716 3421 Fulvia:
744 3374 921 3420 morte
953 3365 1226 3420 sancitum
1253 3375 1335 3418 est
1380 3363 1442 3418 L.
1475 3363 1704 3418 Cocceio
1752 3365 1899 3431 pacis

315 3472 631 3528 sequestro.
665 3474 786 3513 cum
822 3461 887 3512 ad
917 3458 1237 3512 firmandam
1271 3458 1412 3510 inter
1445 3469 1734 3524 utrumque
1757 3455 1900 3508 anti-

315 3554 536 3613 crtiam,
574 3554 854 3604 Uctartam
891 3564 1132 3604 sororem
1164 3563 1318 3601 suam
1349 3549 1531 3602 Cresar
1560 3547 1634 3601 Μ.
1664 3547 1904 3600 Antonio

315 3643 634 3697 collocat-it.
697 3641 869 3710 Aliter
930 3649 1026 3694 aut
1091 3639 1326 3692 luxatam
1382 3639 1520 3691 hanc
1585 3639 1900 3705 perint-bam

315 3733 495 3787 fuisse
524 3733 870 3786 librariorum
907 3731 1090 3799 culpa,
1125 3740 1220 3784 aut
1252 3730 1401 3784 aliud
1443 3729 1511 3785 ab
1550 3729 1782 3786 Eusebio
1808 3744 1905 3798 ge-

316 3837 470 3882 stum
504 3826 702 3888 notari,
735 3825 1036 3892 putandum
1077 3834 1182 3879 est.

401 3905 680 3972 ιζυιέιδδ.
757 3917 1028 3986 Augustus
1080 3917 1443 3982 triumphavit.
1539 3915 1758 3986 Spectat
1808 3915 1910 3970 hoc

323 4027 551 4080 quoque
589 4025 807 4078 gestum
847 4013 922 4060 at?
945 4007 1232 4077 superiora
1284 4019 1549 4078 tempora,
1579 4009 1763 4063 statim
1797 4007 1909 4062 sci-

325 4102 459 4156 licet
494 4101 561 4155 ab
588 4103 724 4154 inito
757 4098 964 4153 fmd'ere
993 4113 1118 4152 cum
1163 4100 1402 4151 Antonio
1441 4115 1453 4149 :
1506 4097 1797 4166 siquidem,
1856 4104 1913 4149 ιιι

327 4193 812 4250 verosimillimum
848 4202 950 4252 cst,
986 4199 1042 4246 ct
1078 4193 1233 4259 vulgo
1273 4193 1446 4246 critici
1479 4186 1742 4258 sentiunt:
1786 4205 1916 4245 ova-

329 4289 419 4342 tio
459 4287 548 4342 illa
587 4287 951 4356 significatur,
980 4284 1070 4338 cui
1105 4285 1319 4338 titulum
1353 4293 1408 4338 et
1443 4299 1660 4338 causam
1695 4300 1798 4355 pax
1825 4300 1916 4339 ea-

328 4381 458 4434 dem
504 4379 631 4433 fecit
663 4394 682 4436 :
713 4376 854 4446 quod
888 4386 943 4430 et
975 4375 1120 4430 Fasti
1168 4375 1460 4444 Capitolini
1497 4385 1706 4431 notant.
1741 4374 1918 4432 Unius

1974 537 2149 576 annos
2194 524 2278 576 hic.
2307 535 2577 592 numerat,
2627 527 2824 596 quibus
2858 527 3146 596 imperiutu
3178 529 3354 592 stetit,
3393 530 3500 584 298
3533 547 3550 596 ;

1973 623 2167 667 auctor
2206 613 2462 670 Chronici
2491 617 2797 682 Paschalis,
2831 619 2960 674 296.
2997 619 3116 675 Uno
3156 623 3357 687 minus,
3391 631 3552 692 atque

3593 597 3624 633 υ(

1973 704 2216 758 Οιιιιιίιιιιι
2254 706 2471 780 quidem
2525 709 2809 764 verissime
2844 711 3134 766 Eusebius.
3195 713 3323 768 Vide
3358 712 3545 769 l‘etav.
3597 693 3616 788 ζ,

1973 793 2027 847 ἱιι
2062 778 2326 864 Epiphatt.
2362 796 2426 850 dc
2460 795 2631 851 Pond.
2662 808 2713 853 et
2753 798 2928 855 Meus.
2969 817 3090 871 pag.
3136 802 3264 861 382.

2048 883 2190 939 Ibid.
2219 885 2450 951 Quidam
2481 888 2541 940 ab
2577 889 2672 955 ltoc
2714 891 2853 956 loco,
2888 899 2993 946 etc.
3024 891 3280 948 Pluribus
3312 904 3421 964 egit
3453 908 3558 947 nuc

1975 974 2042 1029 de
2065 989 2211 1028 anno
2234 974 2476 1046 Scaliger
2493 977 2544 1030 in
2565 978 2882 1034 Canonil-us
2907 980 3219 1052 lsagngicis,
3242 986 3306 1036 ad
3331 1000 3468 1054 quos
3499 985 3554 1038 in

1977 1065 2132 1120 Notis
2163 1082 2383 1136 quoque
2418 1070 2469 1122 in
2509 1071 2650 1124 hunc
2687 1070 2866 1124 locum
2909 1084 3190 1140 provocat.
3229 1075 3382 1130 Adde
3420 1076 3554 1129 huic

1977 1157 2138 1222 alios,
2173 1159 2263 1227 qui
2298 1159 2625 1230 Tcmpornm
2665 1163 2972 1217 doctrinam
3029 1165 3275 1231 tradunt,
3323 1177 3376 1220 et
3433 1182 3559 1222 cum

1979 1251 2171 1318 primis
2203 1250 2510 1306 Petavintn.

2049 1341 2185 1398 Ibid.
2216 1343 2401 1398 Ca'sur
2451 1346 2748 1414 appellatus
2775 1350 3066 1420 Augustus.
3124 1351 3364 1423 Contigit
3411 1352 3566 1408 bicu-

1981 1433 2069 1487 nio
2094 1445 2239 1503 pOSI,
2276 1446 2333 1489 ut
2365 1436 2610 1509 Scaliger
2647 1452 2801 1496 notat
2835 1458 2902 1496 ex
2938 1443 3241 1498 Censorino
3296 1460 3415 1514 cap.
3471 1445 3566 1509 2|,

1980 1526 2066 1576 Ex
2089 1535 2210 1579 ante
2230 1528 2366 1580 diem
2392 1530 2648 1582 decimum
2674 1543 2879 1585 sextum
2916 1531 3047 1587 Kal.
3082 1532 3239 1588 Febr.
3281 1535 3570 1595 imperator

1980 1613 2164 1668 Caesar
2193 1617 2306 1670 Divi
2340 1619 2507 1686 ﬁlius,
2533 1623 2794 1675 sententia
2829 1622 2977 1676 Lucii
3015 1625 3254 1678 Munacii
3299 1624 3486 1678 Planci
3535 1641 3570 1678 a

1981 1715 2169 1760 senatu
2195 1710 2500 1779 cwlerisque
2527 1711 2722 1763 civibus
2755 1711 3022 1782 Angustus
3049 1713 3348 1784 appellatus
3376 1724 3472 1782 est,
3501 1714 3571 1769 Se

1979 1798 2284 1866 septimum,
2340 1811 2388 1853 et
2420 1801 2498 1853 Μ.
2552 1801 2806 1871 Vipsania
2874 1805 3107 1874 Agrippa
3161 1807 3376 1859 tertium
3429 1823 3570 1860 coss.

1980 1887 2305 1956 Quanquam
2355 1892 2450 1944 alii
2485 1908 2539 1947 tn
2584 1910 2712 1948 cum
2745 1896 2886 1949 diem
2917 1897 3143 1950 minime
3171 1897 3526 1952 consentiunt
3555 1913 3570 1952 :

1979 1991 2034 2036 et
2069 1997 2201 2036 sane
2232 1983 2456 2053 prepius
2487 1989 2554 2040 ad
2591 1985 2752 2040 (idem
2799 1985 3049 2050 Ovidius,
3099 1997 3286 2058 utpote
3335 1991 3428 2058 qui
3478 2004 3577 2042 eo-

1982 2073 2102 2126 dem
2141 2081 2388 2144 tempore
2437 2076 2794 2140 advirebat,t
2829 2078 3046 2134 Fastor.
3084 2095 3224 2134 vers.
3263 2078 3389 2143 589,
3423 2080 3579 2136 dela-

1984 2175 2096 2218 tum
2130 2165 2203 2218 illi
2236 2181 2431 2222 nomen
2458 2169 2763 2238 Augustum
2796 2172 2929 2241 ipsis
2955 2171 3143 2226 Idibus
3170 2171 3449 2227 Ianuariis
3480 2172 3580 2227 do-

1983 2271 2088 2316 ('t‘l-

2054 2353 2191 2410 lbitl.
2231 2353 2507 2423 Nicopolis
2543 2357 2703 2424 juxta
2742 2354 2954 2410 Actium
3003 2358 3240 2414 condita.
3279 2357 3576 2414 Suetonius

1985 2463 2105 2516 cap.
2144 2446 2230 2511 18,
2268 2447 2548 2515 Nicopolin
2585 2447 2726 2515 apud
2775 2448 2978 2501 Actium
3019 2447 3202 2516 dixit;
3256 2449 3468 2504 variant
3525 2457 3581 2502 et

1988 2539 2160 2595 Graeci
2195 2538 2520 2608 scriptores,
2557 2538 2759 2608 quibus
2797 2546 2850 2593 et
2906 2539 3044 2608 πρὸς
3092 2539 3296 2610 Ἀκτίῳ
3345 2549 3398 2594 et
3438 2539 3581 2608 ὑπὲρ

1987 2629 2080 2682 τοῦ
2118 2629 2358 2682 Ἀκτίου.
2399 2627 2895 2684 Sehurzl‘leischius
2927 2631 3004 2682 ait
3035 2645 3050 2682 :
3083 2627 3414 2699 Stephanus,
3458 2628 3582 2698 ’Λρ-

1918 2789 1922 2794 η
1991 2721 2175 2783 κᾶδιος
2205 2719 2261 2771 δὲ
2291 2721 2347 2772 ὲν
2382 2722 2445 2788 τῇ
2479 2719 2848 2790 ὀρθογραφὶᾳ,
2921 2717 3135 2790 Ἀκτίᾳ,
3170 2721 3202 2791 ὴ
3250 2719 3430 2788 πόλις,
3489 2721 3584 2772 καὶ

1993 2813 2026 2880 ὴ
2068 2810 2257 2881 ἑορτή.
2324 2810 2618 2863 Arcadium
2677 2820 2856 2863 tamen
2912 2808 3225 2878 Stephanus
3275 2811 3582 2879 subiunctis

1996 2905 2081 2957 his
2117 2905 2298 2956 verbis
2330 2901 2702 2971 reprehendit,
2737 2901 2942 2972 Ἀλλ’ή
3008 2904 3108 2971 μὲν
3134 2903 3296 2973 ἑορτὴ
3351 2901 3586 2972 βαρύνε-

1997 3013 2108 3060 ται,
2141 2994 2207 3046 τὰ
2236 2993 2522 3062 ’Λκτια,ή
2563 2993 2620 3045 δὲ
2669 2992 2824 3056 πόλις
2879 2992 3104 3060 λέγεται
3153 2993 3476 3063 οὐδετέρως,
3527 2991 3587 3044 τὸ

1924 3119 1966 3176 C
2003 3089 2248 3139 Ἄκτιον.
2289 3084 2479 3138 Merito
2520 3085 2846 3151 reprehendi
2893 3085 3192 3140 Arcadium
3244 3086 3588 3138 Abraliatntts

2003 3181 2278 3236 lietkelius
2315 3191 2485 3248 putat,
2526 3196 2649 3235 cum
2695 3192 2876 3235 tamen
2924 3181 3167 3236 Africani
3221 3183 3366 3236 hunc
3408 3182 3586 3236 locum

2004 3274 2160 3341 plane
2208 3284 2337 3325 ante
2378 3272 2562 3326 oculos
2599 3271 2858 3327 habuisse
2904 3272 3175 3327 videatur.
3219 3273 3422 3328 Deinde
3459 3275 3590 3342 quid

2006 3365 2116 3418 sibi
2152 3363 2268 3416 vult
2304 3361 2638 3430 Stephanus,
2682 3365 2900 3430 quando
2937 3364 3092 3426 dicit,
3159 3361 3298 3416 Ἀλλ’
3345 3365 3377 3432 ή
3429 3363 3592 3432 ἑορτὴ

2009 3458 2108 3526 μὲν
2143 3454 2456 3525 βαρύνεται,
2511 3453 2582 3506 τὰ
2635 3437 3089 3508 ’ΛκτιαῖΝυιιηε
3139 3456 3282 3508 enim
3327 3457 3360 3524 ἡ
3399 3454 3593 3508 Ἀκτια

2007 3560 2225 3616 quoque
2273 3547 2597 3614 barytonutn
2629 3554 2714 3599 est
2761 3545 3135 3599 vocabulum?
3185 3546 3383 3600 Suidas
3445 3547 3594 3598 ’ΔΚ-

2008 3636 2308 3706 ΤΙΑ,ἀγὼν
2333 3637 2586 3699 παλαιὸς,
2607 3637 2682 3699 ὡς
2711 3637 3065 3708 Καλλίμαχος
3097 3641 3154 3691 ὲν
3178 3638 3256 3708 τῷ
3287 3639 3416 3708 περὶ
3444 3637 3596 3704 ἁγώ-

2011 3752 2119 3787 νων
2151 3731 2309 3801 δῆλον
2339 3733 2504 3785 misi.
2572 3728 2782 3786 Tamen
2816 3741 2870 3786 et
2900 3730 2975 3785 ibi
3021 3731 3123 3785 viri
3165 3730 3311 3786 docti
3353 3729 3596 3785 scribere

2013 3827 2222 3880 tnalunt
2254 3827 2478 3878 Ἀκτια.
2533 3824 2609 3877 lta
2644 3823 2803 3878 Rich.
2836 3823 3112 3879 Bentleius
3156 3823 3222 3876 ad
3275 3821 3596 3878 Callimachi

2015 3919 2345 3988 fragmenta.
2405 3915 2633 3971 Videtur
2681 3931 2814 3986 ergo
2863 3925 3022 3971 vetus
3072 3915 3331 3971 mendum
3378 3929 3499 3968 esse
3543 3914 3596 3967 in

2015 4005 2519 4080 Alt'icano,'ibiqtie
2555 4009 2660 4079 legi
2692 4010 2892 4065 debere
2921 4010 2954 4079 ἡ
2984 4010 3124 4061 κατὰ
3149 4010 3396 4069 Ἀκτιον,
3427 4017 3480 4060 et
3507 4005 3603 4060 de-

2017 4107 2165 4173 inde,
2200 4107 2294 4160 καὶ
2322 4106 2546 4159 "Aucta.
2597 4101 2970 4157 Memorantur
3013 4101 3214 4153 ’Δκτια
3245 4101 3302 4152 ἐν
3354 4098 3602 4152 Νικοπὸ-

2018 4201 2100 4253 λει
2154 4200 2297 4268 apud
2351 4197 2645 4252 Gruterum
2700 4193 2952 4262 inscript.
2984 4207 3024 4258 t,
3077 4208 3130 4262 p.
3171 4191 3298 4245 '5“.
3373 4191 3606 4243 Ambra-

2021 4291 2160 4346 ciam
2203 4303 2309 4340 non
2351 4301 2472 4342 esse
2502 4282 2813 4351 Nicopolin,
2865 4291 2924 4336 ut
2959 4282 3172 4351 putavit
3213 4279 3462 4345 Servius,
3505 4281 3606 4332 do-

2023 4382 2138 4437 cuit
2161 4379 2412 4441 Martius.
2446 4375 2603 4446 Opin.
2636 4375 2732 4431 lib.
2766 4391 2804 4442 t,
2842 4389 2964 4443 cap.
3003 4373 3055 4429 7.
3094 4371 3319 4428 Servius
3348 4370 3608 4440 deceptus

331 4483 398 4528 ut
454 4473 660 4526 dudum
721 4468 1210 4525 animadvertimus
1233 4508 1249 4534 ,
1289 4467 1611 4537 Olympiadis
1672 4467 1916 4535 traiectio
1951 4461 1993 4516 D
2024 4473 2163 4528 forte
2190 4480 2274 4526 est
2304 4485 2412 4526 non
2443 4470 2582 4524 bene
2602 4469 2847 4538 inspecto
2878 4466 3090 4537 Pulybii
3119 4465 3240 4519 loco
3261 4465 3356 4520 lib.
3385 4479 3461 4527 tv,
3484 4478 3607 4532 cap.

335 4567 395 4620 in
425 4564 648 4620 Eusebii
681 4563 932 4626 calculis,
961 4569 1158 4615 caetera
1200 4576 1319 4629 qua:
1359 4560 1427 4614 ab
1471 4559 1554 4614 his
1587 4560 1916 4627 pendebant,

337 4669 660 4713 transversa
686 4655 869 4709 omnia
891 4653 1022 4723 egit.
1075 4650 1318 4718 Scaliger
1345 4650 1479 4703 satis
1505 4649 1704 4702 acriter
1732 4663 1918 4718 repre-

334 4750 533 4805 hendit
553 4749 680 4802 illud
697 4749 949 4817 pedestris
969 4745 1277 4799 certaminis
1299 4741 1564 4809 triumpho
1583 4755 1678 4810 pro
1695 4742 1921 4810 pedestri

337 4839 632 4907 triumpho.
665 4836 746 4891 Tu
795 4837 1002 4891 videsis
1036 4851 1097 4890 ea
1129 4835 1197 4888 de
1239 4847 1296 4887 re
1343 4829 1764 4898 Wessclingium
1826 4831 1922 4888 lib.

339 4947 382 4986 ιι
415 4930 705 4987 Observat.
735 4933 790 4986 4.

416 5025 538 5079 Col.
586 5025 712 5080 456.
753 5025 979 5094 Augusti
1038 5032 1086 5078 et
1126 5022 1361 5091 Antoni",
1382 5029 1487 5077 etc.
1525 5019 1681 5074 Redit
1712 5019 1927 5073 demum

345 5120 404 5172 in
459 5119 597 5170 viam
652 5117 919 5171 Eusebius
956 5134 972 5172 :
1009 5118 1144 5172 satis
1178 5116 1322 5170 enim
1357 5115 1498 5170 bene
1541 5125 1754 5183 tempus
1794 5129 1928 5167 con-

349 5212 504 5264 venit
540 5209 953 5263 inimicitiarum
1017 5210 1286 5264 Czesarem
1329 5208 1471 5262 inter
1545 5215 1708 5271 atque
1755 5205 1932 5258 Anto-

354 5302 536 5364 nium,
572 5317 690 5369 qmr
734 5301 837 5355 hoc
870 5301 990 5368 ipso
1021 5315 1165 5354 anno
1213 5298 1314 5352 Cn.
1355 5299 1592 5354 Domitio
1620 5295 1934 5351 ίΕιιοϋιιιιιιι

351 5405 409 5449 et
437 5395 502 5450 C.
539 5393 727 5449 Sossio
769 5409 911 5450 coss.
943 5401 1290 5448 exarserunt.
1325 5390 1462 5446 Vide
1495 5390 1844 5445 Plutarchum
1879 5389 1933 5442 in

359 5491 622 5544 Antonio.

423 5581 542 5638 Col.
583 5580 708 5637 455.
744 5580 1028 5650 Cleopatra
1065 5588 1113 5634 ct
1165 5581 1444 5634 Antonius.
1509 5579 1717 5633 Mallem
1777 5595 1939 5647 snpe-

367 5674 500 5727 riori
549 5676 798 5744 proxime
836 5691 980 5728 anno
1007 5673 1349 5742 ascripsisset
1405 5691 1417 5724 :
1466 5686 1771 5741 quanquam
1826 5671 1941 5724 scio

365 5766 710 5839 Africanum,
755 5781 921 5836 aquo
973 5765 1242 5824 Eusebius
1298 5765 1552 5834 sumpsit,
1608 5762 1942 5835 ὀῖ.ῡμπιάδος

2028 4568 2120 4635 63,
2151 4565 2332 4630 αὐτὸς.
2359 4603 2375 4618 .
2398 4603 2414 4618 .
2441 4562 2688 4616 σπεύδων
2715 4560 2970 4630 διαϐῆναι
2993 4557 3087 4611 τὸν
3117 4557 3176 4610 Ἀ
3188 4555 3491 4626 μϐρανικὸν
3514 4571 3613 4607 κα-

2029 4661 2291 4731 λούμενον
2323 4657 2548 4720 κόλπον,
2593 4654 2670 4717 ὡς
2721 4651 3058 4713 «avdita-:6;
3101 4650 3219 4702 ἐστι
3251 4647 3394 4701 κατὰ
3424 4647 3484 4700 τὸ
3505 4647 3616 4699 τῶν

2031 4751 2388 4822 Ἀκαρνάνων
2417 4750 2584 4817 ἱερὸν,
2612 4745 2949 4813 καλούμενον
2976 4741 3222 4798 Ἄκτιον.
3251 4739 3324 4792 lie
3345 4736 3614 4808 Nicopoli,

2031 4855 2087 4901 et
2125 4846 2228 4899 hoc
2259 4857 2453 4912 agone,
2487 4842 2581 4894 Dio
2613 4841 2708 4893 lib.
2745 4853 2820 4901 ιι,
2859 4835 3119 4902 Virgilius
3153 4833 3247 4888 lib.
3283 4848 3364 4897 ιιι,
3399 4831 3619 4885 Plutar-

2034 4937 2170 4991 chus
2215 4947 2270 4988 et
2312 4932 2635 4993 Sui-tonius,
2668 4939 2794 4985 sunt
2829 4926 3086 4982 addendi.
3121 4925 3231 4980 Nec
3265 4933 3444 4979 tamen
3504 4925 3621 4991 pri-

2038 5043 2188 5080 mum
2222 5027 2524 5079 constituta
2568 5032 2698 5076 sunt
2725 5021 2794 5074 τὰ
2824 5020 3046 5072 "Amat.
3081 5017 3436 5071 Contrarium
3470 5016 3615 5070 enim

2039 5135 2070 5175 c
2128 5118 2297 5174 Suida
2346 5116 2602 5178 vidimus,
2627 5113 2793 5166 Ἀλλὰ
2821 5095 3012 5165 τοῦτὸν
3048 5111 3238 5180 ἀγῶνα.
3268 5113 3619 5178 εντιμὸτερον

2043 5211 2297 5280 ἐποίησεν
2323 5211 2350 5262 ὁ
2384 5210 2621 5276 Καῖσαρ,
2657 5216 2716 5260 ιιι
2749 5207 2823 5259 ait
2871 5204 3069 5258 Strabo
3121 5204 3220 5258 lib.
3260 5218 3355 5266 rit,
3403 5215 3456 5268 p.
3491 5197 3620 5254 525.

2044 5307 2162 5358 Duo
2191 5320 2324 5360 mss.
2354 5298 2668 5355 Parmensis
2707 5309 2759 5352 ct
2799 5297 3009 5366 primus
3045 5292 3496 5359 l’alatinusjuxto
3520 5290 3624 5343 Ac-

2049 5394 2244 5442 tiacum
2277 5388 2458 5440 minus
2501 5395 2649 5439 recte
2693 5383 2915 5437 habent.

2119 5477 2236 5532 Col.
2437 5475 2605 5530 Censu
2639 5473 2819 5529 Roma:
2847 5474 3069 5542 agitato,
3103 5477 3208 5521 etc.
3245 5481 3301 5518 ,ιι
3339 5465 3620 5520 t'armensi

2051 5583 2151 5622 tus.
2185 5577 2240 5621 ιιι
2272 5578 2324 5620 et
2357 5567 2532 5637 primo
2572 5566 2839 5627 Palatino,
2882 5565 3092 5619 inrenta
3129 5565 3251 5609 sunt
3299 5558 3487 5611 civium
3523 5556 3627 5610 llo-

2052 5677 2325 5714 ntanorum
2358 5675 2578 5714 nccutv
2608 5659 2796 5712 millia.
2834 5656 2989 5725 Apud
3031 5646 3365 5715 Scalisel‘um
3390 5666 3472 5704 ιιι
3505 5667 3626 5704 τεη-

2053 5764 2170 5810 lena
2221 5764 2269 5810 et
2300 5769 2423 5808 thv
2466 5753 2661 5821 millia,
2706 5751 2758 5808 id
2810 5759 2890 5804 est
2946 5747 3267 5815 4,104,000,
3301 5759 3463 5814 quam
3518 5745 3626 5800 lec-
