4014 6196
513 292 648 357 ΙΟΞἾ

1774 295 2177 358 VALLARSII
2211 296 2451 360 NOTAE.

3610 306 3748 369 1098

493 407 698 459 tionem
729 414 783 460 et
817 418 1107 460 numerum
1156 404 1340 462 Graeca
1406 405 1549 476 apud
1601 405 1908 476 Syncellum
1941 423 2073 464 con—
2102 413 2150 470 Α
2181 407 2422 479 Scaliger
2456 407 2646 473 sentit,
2673 407 2788 465 sive
2810 423 2953 466 anno
2981 412 3050 468 ab
3097 410 3163 469 U.
3212 413 3272 470 C.
3304 415 3433 480 737,
3464 417 3744 486 prmlectiis

497 497 740 550 ﬁrmant.

567 586 686 641 Col.
715 588 1141 643 45o.nnaxt.aus
1165 604 1476 642 uartsswus.
1501 588 1700 660 Objicit
1717 590 2072 660 quinquennii

497 678 975 743 proehronismum
1014 679 1284 749 Scaliger,
1337 695 1400 733 cs
1451 695 1517 734 eo
1570 682 1711 748 quod
1746 683 1912 739 fuisse
1955 693 2070 738 tum

497 768 758 836 temporis
802 768 1102 836 astrologos
1151 779 1203 824 et
1237 771 1659 840 praestigiatores
1693 771 1836 828 Urbe
1887 774 2073 842 pulsos

435 851 438 855 ’
495 859 562 912 ab
599 859 867 928 Augusto,
901 859 996 913 Dio
1032 868 1260 915 asserat.
1297 862 1459 931 Atqui
1491 863 1636 917 aliud
1671 863 1738 918 ab
1764 879 1828 918 eo
1858 876 2069 935 gestum

493 949 598 1004 hoc
629 949 811 1014 fuerit,
857 952 1000 1021 quod
1054 952 1326 1008 Eusebius
1359 964 1514 1009 uotat
1546 971 1561 1010 :
1616 956 1900 1025 spectabat
1927 966 2072 1012 certe

493 1042 817 1096 Auasilaum
871 1043 1050 1099 unice.
1103 1046 1254 1111 Quod
1304 1062 1515 1116 magum
1567 1055 1744 1110 vocat,
1799 1049 1907 1118 jam
1960 1064 2068 1103 non

493 1135 941 1200 prmstigiatorcm
975 1150 1078 1206 ope
1109 1137 1439 1200 daemonum,
1475 1146 1532 1191 ut
1584 1136 1825 1208 Scaliger
1862 1141 2065 1209 culpat,

417 1262 421 1267 .
493 1225 587 1278 sed
650 1225 788 1278 mira
841 1229 1087 1296 quaedam
1145 1238 1201 1282 et
1262 1229 1466 1282 ludicra
1516 1228 1801 1284 facientem
1858 1233 2064 1298 signiti-

491 1323 582 1369 cat
644 1315 930 1381 Eusebius.
991 1321 1108 1375 sive
1168 1319 1528 1392 Hieronymus
1590 1339 1654 1376 ex
1707 1327 2064 1378 vrtusriorum

489 1417 774 1462 auctorum
809 1425 996 1465 sensu.
1037 1410 1167 1466 Vide
1198 1410 1502 1468 Fabriciuin
1537 1414 1855 1472 Bibliothcc.
1887 1416 2061 1470 Graec.

491 1507 624 1553 tom.
675 1501 712 1561 Ι,
781 1518 902 1570 pag.
965 1503 1090 1564 741,
1140 1514 1192 1558 ct
1231 1515 1360 1559 tom.
1407 1504 1545 1569 Xlll,
1585 1522 1707 1575 pag.
1745 1506 1811 1560 56
1855 1515 1904 1560 et
1946 1522 2059 1576 seq.

559 1590 698 1646 Ibid.
752 1593 965 1647 Marcus
1018 1594 1310 1648 Terentius.
1357 1595 1507 1649 IIane
1556 1595 1912 1664 subsequeuti
1975 1612 2064 1663 pc-

487 1682 730 1734 riocbam
763 1684 950 1737 ordine
977 1687 1238 1754 praeponit
1266 1686 1532 1754 Scaliger.
1567 1685 2062 1751 VidendusStrahu

2179 508 2395 554 creatus
2439 508 2544 555 est.
2583 501 2738 556 Tunc
2773 511 2955 558 autem
3002 509 3416 575 prochronismo
3457 510 3550 564 illo
3584 527 3749 564 anno-

2178 601 2298 641 rum
2352 603 2572 654 novem,
2602 605 2761 659 quem
2806 592 3048 663 Scaliger
3103 606 3277 660 notat,
3313 597 3750 670 Hieronymum-

2177 677 2415 734 rationes
2463 680 2823 736 laborabant:
2857 684 3002 752 quod
3035 701 3134 756 ego
3165 687 3380 756 quidem
3421 705 3528 744 non
3560 691 3750 743 admit-

2177 774 2253 831 to,
2311 761 2500 823 eodem
2553 770 2728 825 Taciti
2770 775 3085 831 testimonio
3133 777 3304 844 nisus,
3353 782 3446 847 qui
3482 783 3669 835 statim
3721 800 3748 836 ι

2176 859 2440 923 Messallae
2470 864 2698 931 repudio
2723 863 2959 919 Taurum
2993 867 3267 924 Statiliqu
3304 873 3403 938 ait,
3438 891 3743 945 quanquam

2171 961 2417 1020 provecta
2439 962 2614 1019 (etate,
2648 971 2844 1011 ntuuus
2878 957 3009 1012 illud
3057 961 3276 1031 egregie
3335 965 3624 1020 tolerasse.
3678 967 3747 1020 Et

2173 1059 2283 1108 quo
2335 1046 2499 1100 etiam
2557 1046 2838 1113 Messallm,
2876 1065 2972 1104 cur
3008 1055 3341 1121 repudiaret,
3366 1072 3593 1113 causam
3645 1077 3747 1115 non

2171 1135 2338 1190 fuisse
2365 1137 2682 1202 senectutis,
2715 1139 2836 1194 licet
2860 1155 3109 1210 arguere.

2242 1226 2360 1280 Col.
2397 1229 2528 1282 457.
2575 1229 2864 1299 Augustus,
2899 1243 3004 1287 etc.
3047 1234 3372 1292 Monucrunt
3413 1239 3664 1312 Scaliger
3695 1255 3746 1299 et

2168 1317 2548 1384 Casaubonus,
2609 1324 2752 1391 quod
2820 1340 3014 1379 verum
3057 1326 3216 1382 unice
3267 1341 3351 1384 est
3400 1331 3747 1390 Cantabriam

2182 1407 2496 1478 legendum,
2557 1413 2718 1482 inque
2774 1415 2892 1483 ipso
2943 1415 3133 1472 Graeco
3180 1429 3326 1474 textu
3366 1423 3744 1495 Κανταὸρέαν.

2169 1502 2247 1554 Ad
2278 1503 2390 1557 haec
2421 1503 2659 1574 Scaliger
2693 1506 2957 1562 Gallaecos
3004 1509 3091 1562 hic
3121 1525 3246 1565 esse
3277 1514 3630 1583 accipiendos
3657 1535 3746 1586 pro

2169 1590 2358 1657 Gallis,
2417 1597 2531 1650 sive
2561 1597 2847 1664 Γαλάταις
2893 1617 3014 1654 nam
3066 1603 3316 1666 Astures,
3380 1621 3522 1675 quos
3567 1609 3745 1666 Cesar

2171 1699 2275 1737 una
2311 1699 2430 1738 cum
2473 1688 2761 1743 Cantabris
2785 1693 3020 1760 subegit,
3057 1707 3332 1762 ponuntur
3365 1698 3419 1752 in
3456 1700 3736 1757 Galla-cia.

487 1771 580 1825 lib.
621 1773 831 1827 ultimo.
880 1777 1200 1830 Ammianus
1252 1778 1598 1832 Marcellinus
1634 1778 1725 1830 lib.
1765 1794 1896 1844 xrtt,
1938 1793 2058 1847 cap.
2098 1745 2138 1802 Β
2169 1773 2412 1842 Οιόδὶιιε,
2469 1777 2729 1834 Cattlabri
2770 1793 2815 1835 ei
2869 1785 3091 1838 Astures
3156 1786 3424 1844 Culla’ciw
3460 1796 3744 1860 provincia

484 1859 539 1925 δ,
581 1863 645 1913 ιὶι·
679 1863 879 1919 Thebis
919 1866 1006 1919 his
1056 1867 1284 1935 loquens
1315 1884 1330 1924 :
1363 1866 1659 1929 Cornelius,
1704 1868 1900 1936 inquit,
1930 1869 2062 1922 Cal-

485 1954 564 2004 lus
602 1952 891 2007 Octaviano
925 1973 1003 2009 res
1041 1964 1243 2010 tenente
1281 1958 1574 2026 Romanas,
1604 1958 1816 2028 /Egypti
1858 1962 2060 2013 Procu-

482 2050 651 2100 rator,
690 2043 928 2094 exhausit
963 2045 1227 2098 civitatem
1256 2047 1496 2114 plurimis
1528 2049 1855 2116 interceptis,
1888 2058 1994 2102 etc.

551 2131 683 2184 Ibid.
722 2133 993 2190 Cornelius
1025 2136 1229 2192 Gallus.
1266 2137 1487 2192 Rectius
1543 2140 1646 2194 hoc
1694 2140 2057 2210 sobscquenti

481 2238 625 2277 anno
673 2237 882 2292 gestum
934 2229 1258 2293 addixisset,
1313 2231 1435 2285 vide
1475 2231 1698 2286 Dionem
1754 2233 1847 2288 lib.
1881 2249 1972 2287 Llll
2006 2241 2062 2288 et

487 2311 718 2366 Sueton.
755 2314 809 2369 in
847 2315 1090 2386 Augusto
1126 2334 1240 2386 cap.
1277 2318 1363 2373 66.
1397 2319 1537 2386 Jam,
1578 2321 1722 2391 quod
1752 2323 1903 2377 addit
1932 2324 2061 2379 Sca-

485 2402 641 2473 liger,
672 2421 920 2474 magnam
954 2422 1076 2462 esse
1110 2409 1588 2464 halltteinatioucm
1637 2415 1813 2468 Servii
1858 2415 1910 2468 iu
1958 2431 2056 2471 ex-

486 2501 722 2548 tremum
784 2495 1098 2562 Bucolicon,
1127 2501 1510 2557 confundentis
1540 2504 1750 2558 Gallum
1773 2545 1787 2568 ,
1822 2507 2056 2574 primum

483 2583 705 2655 Egypti
731 2588 1074 2657 prtefectum,
1102 2607 1225 2646 cum
1256 2593 1320 2648 C.
1342 2593 1532 2650 Asinio
1561 2599 1809 2662 consule,
1843 2615 2055 2666 vereor,

484 2693 552 2732 ne
590 2679 679 2733 ille
726 2679 1082 2737 librariorum
1131 2685 1203 2740 sit
1250 2699 1423 2740 error.
1475 2687 1641 2741 Recte
1677 2691 1879 2759 quippe
1924 2693 2056 2748 alibi

484 2768 684 2824 habent
711 2772 965 2829 meliores
988 2775 1256 2831 editiones
1287 2793 1299 2829 :
1334 2775 1508 2840 Huius
1547 2777 1804 2833 Pollionis
1837 2783 2012 2851 ﬁlium
2039 2825 2054 2849 ,

483 2859 543 2915 C.
571 2861 846 2928 Asinium,
868 2875 916 2920 et
948 2864 1249 2920 Cornelium
1277 2866 1510 2942 Gallum,
1535 2879 1799 2924 oratorem
1827 2875 2054 2938 clarum,

484 2962 532 3006 et
569 2965 773 3022 poetam
806 2972 908 3010 non
936 2960 1247 3014 mediocrem
1276 2961 1410 3015 miro
1442 2978 1625 3017 amore
1653 2965 1839 3018 dilexit
1887 2964 2059 3037 Virgi-

2168 1868 2340 1934 portio
2366 1877 2509 1922 sunt.
2551 1870 2684 1925 Vide
2728 1871 2952 1928 Dionem
2993 1877 3084 1932 lib.
3121 1894 3238 1945 LIII,
3273 1880 3498 1936 Florum
3547 1901 3599 1938 ιι·
3627 1902 3741 1956 cap.

2172 1959 2384 2020 ultimo.
2427 1961 2690 2016 Vcileium
2726 1962 3068 2022 Patcrculutn
3104 1986 3139 2024 ιι
3173 1987 3295 2041 cap.
3339 1974 3432 2035 90,
3477 1984 3591 2029 etc.
3623 1977 3742 2032 0m-

2173 2051 2318 2102 nium
2355 2055 2660 2110 rectissime
2703 2057 2972 2114 Eusebius
3003 2073 3219 2126 gestum
3249 2065 3357 2120 huc
3390 2066 3564 2122 refert
3596 2087 3608 2121 :
3646 2075 3742 2124 hcc

2170 2143 2316 2195 enim
2361 2147 2576 2214 proprie
2618 2163 2763 2201 anno
2800 2151 3084 2219 profectus
3131 2165 3213 2211 est
3254 2157 3439 2214 Caesar
3479 2162 3741 2218 adversus

2167 2234 2494 2301 Cantabros,
2571 2256 2692 2292 cum
2722 2241 2832 2310 jam
2875 2246 3218 2302 consulatum
3255 2265 3305 2304 ιι
3331 2251 3572 2321 iuiisset,
3603 2259 3742 2325 quod

2170 2325 2269 2379 Dio
2298 2338 2552 2383 testatur.
2592 2331 2743 2386 Adde
2775 2345 2828 2388 et
2856 2334 3180 2392 Suetonium
3210 2355 3330 2410 cap.
3361 2343 3454 2396 26.

2236 2418 2360 2476 Col.
2401 2421 2525 2477 458.
2557 2424 2851 2494 Augustus,
2885 2437 2991 2482 etc.
3029 2430 3262 2497 Scitum,
3298 2433 3458 2488 initio
3487 2443 3743 2501 superio-

2168 2511 2244 2565 ris
2279 2517 2531 2581 prosime
2562 2518 2688 2571 anui
2728 2519 3035 2591 Augustum
3083 2525 3396 2582 simulatam
3435 2532 3740 2588 orationem

2170 2603 2420 2660 habuisse
2469 2607 2522 2661 in
2567 2623 2785 2676 senatu,
2836 2627 2940 2680 qua
2973 2629 3032 2670 se
3082 2615 3310 2686 imperio
3365 2636 3574 2677 exuere
3612 2627 3744 2680 vclie

2166 2697 2530 2766 significabat,
2567 2703 2712 2770 qttod
2748 2713 2928 2758 tamen
2965 2708 3188 2762 retinuit
3222 2709 3440 2766 Patrum
3474 2713 3739 2771 hortatu:

2168 2791 2312 2844 unde
2362 2792 2413 2844 in
2450 2795 2618 2848 veteri
2660 2795 2840 2865 lapide
2890 2799 3031 2869 apud
3085 2801 3379 2856 Gruterum
3434 2821 3563 2876 pag.
3611 2807 3738 2874 2‘29,

2167 2879 2446 2938 Summum
2475 2887 2752 2956 imperium
2786 2893 2923 2944 orbis
2960 2903 3226 2948 terrarum
3258 2897 3459 2954 dicitur
3489 2904 3743 2969 auspica-

2169 2983 2276 3031 tus.
2314 2977 2570 3035 Potestnc
2603 2981 2769 3052 igitur
2799 2984 2927 3050 dici,
2960 2989 3208 3044 rcnuisse
3242 2991 3402 3058 paulo
3433 3003 3583 3062 post,
3615 3011 3737 3050 cum

2621 3043 2650 3052 ν
2916 3043 2926 3050 .
3243 3043 3256 3058 .
3321 3043 3340 3044 η
3434 3043 3583 3062 .--ν.
3621 3043 3736 3050 -—---

488 3043 613 3098 lius.
651 3045 824 3099 Porro
855 3057 1045 3101 contra
1077 3065 1208 3104 mss.
1239 3060 1374 3119 quot
1417 3054 1532 3106 scio
1567 3055 1808 3108 ornuium
1853 3054 2010 3109 fidem
2036 3095 2051 3122 ,
2087 3098 2130 3155 ο
2167 3068 2474 3136 provincias
2507 3072 2646 3126 inter
2675 3089 2734 3129 se
2767 3084 2822 3129 et
2855 3079 3117 3146 populum
3147 3081 3315 3135 dividi
3349 3084 3543 3150 voluit,
3581 3097 3737 3157 atque

489 3136 895 3203 qttaaragesimo
921 3144 1152 3204 tantum,
1179 3155 1276 3208 pro
1297 3145 1697 3214 quadragesimo
1725 3146 1879 3198 tertio
1914 3163 2056 3202 anno

488 3226 732 3296 Scaliger
765 3228 915 3298 legit.

558 3319 694 3374 Ibid.
733 3319 942 3375 Tralles
993 3323 1200 3386 civitas.
1252 3323 1506 3380 Fortasse
1554 3330 1754 3384 rectius
1799 3332 1854 3385 in
1916 3330 2051 3386 Par-

490 3412 664 3467 mensi
699 3428 823 3480 ms.,
857 3415 1198 3468 conciderunt
1229 3432 1247 3470 :
1282 3415 1513 3472 Palatini
1561 3421 1843 3484 scribunt,
1886 3426 2064 3478 consi-

487 3504 703 3558 derant.
735 3503 979 3569 Scaliger
1004 3506 1228 3577 praefert
1261 3506 1470 3564 Tralles
1507 3527 1606 3578 pro
1658 3511 1878 3580 Trallis,
1913 3515 2062 3584 quod

489 3595 630 3651 idem
665 3604 748 3650 est
779 3597 1014 3664 plurium
1048 3614 1301 3654 numero.

558 3687 693 3740 Ibid.
751 3686 992 3741 Ilassala
1069 3689 1351 3746 Cori-inus.
1413 3692 1794 3750 Praefecturam
1854 3699 2055 3767 Urbis,

486 3780 807 3849 dignitatem
835 3781 1145 3851 gravissimi
1179 3785 1385 3850 oneris,
1426 3801 1476 3839 et
1518 3788 1800 3843 insolentia
1836 3795 2060 3859 parendi

480 3874 772 3940 breviorem
798 3916 813 3940 ,
858 3873 989 3928 dicit
1014 3875 1179 3930 Corn.
1210 3874 1434 3931 Tacitus
1463 3881 1657 3934 Annali
1710 3897 1785 3944 vr,
1817 3899 1934 3952 cap.
1971 3885 2058 3951 II,

488 3974 542 4019 et
580 3967 670 4035 qui
713 3980 770 4019 se
811 3966 982 4035 probe
1042 3967 1094 4022 in
1161 3985 1222 4023 ea
1288 3972 1604 4040 gesserint,
1657 3990 1766 4029 non
1822 3977 2059 4032 admini-

483 4065 689 4112 strasse
751 4061 869 4123 ait,
926 4058 1019 4112 sed
1083 4070 1438 4129 temperasse,
1494 4066 1626 4132 quin
1699 4077 1754 4121 et
1809 4069 2058 4123 tolerasse

483 4159 828 4216 potestatem.
891 4150 1124 4206 Omnino
1184 4153 1350 4222 igitur
1409 4157 1618 4210 erudite
1679 4167 1839 4226 atque
1898 4170 2059 4216 acute

487 4237 733 4310 Scaliger
763 4241 992 4311 eonjecit
1023 4242 1106 4298 hic
1138 4246 1570 4323 rescribendum,
1606 4249 1914 4304 imbecillam
1946 4267 2056 4306 sese

477 4334 728 4399 potestati
761 4345 1082 4402 contestans,
1121 4353 1184 4390 ex
1219 4347 1420 4404 vetere,
1458 4349 1514 4392 ut
1553 4351 1723 4406 putat,
1755 4342 2048 4412 scriptura,

478 4427 748 4480 iuvecilem
799 4443 911 4481 sese
967 4439 1054 4492 et,
1100 4445 1196 4498 pro
1251 4445 1360 4498 quo
1399 4431 1667 4485 incivilem
1709 4450 1854 4497 esse,
1896 4445 2003 4490 etc.
2031 4475 2048 4500 ,

2167 4461 2355 4528 ﬁcabat
2389 4464 2620 4519 dictasse
2652 4483 2917 4526 ATBATINO
2970 4486 3185 4531 accusat

478 4517 759 4584 aequiores
791 4517 960 4571 critici
994 4521 1358 4587 reposuerint.
1433 4520 1555 4576 Ilzrc
1585 4524 1864 4578 enimvero
1895 4527 2056 4580 lectio

477 4603 670 4659 falsam
731 4621 790 4660 se
815 4608 997 4660 statim
1051 4622 1114 4660 ac
1168 4609 1517 4675 depravatam
1575 4614 1803 4679 prodit:
1841 4619 2054 4674 tametsi

480 4711 590 4751 non
646 4707 945 4764 mutamus,
974 4700 1113 4768 quod
1183 4717 1315 4755 mss.
1365 4719 1470 4758 non
1515 4707 1907 4778 sum-agentur,
1944 4713 2055 4769 imo

477 4791 725 4858 Palatini,
757 4808 897 4847 novo
919 4793 1284 4863 glossatorum
1305 4809 1462 4862 ausu,
1499 4798 1699 4852 civilem
1731 4802 2043 4870 praeferant.

478 4883 584 4937 Sed
609 4901 770 4953 quam
825 4886 976 4940 addit
1023 4887 1114 4942 ille
1146 4903 1376 4941 causam
1432 4889 1823 4946 imbecillitatis
1865 4899 2053 4967 πὸῤῥω

475 4976 1127 5045 ήλικίας,.υιςτ;ινῐοιειη
1178 4963 1235 5034 se
1273 4981 1440 5035 annis
1495 4981 1745 5036 Messalla
1777 4984 2052 5045 Corvinus

477 5067 708 5130 diceret,
745 5083 904 5136 quam
941 5080 998 5123 ut
1059 5080 1210 5124 tanto
1241 5073 1394 5125 oneri
1448 5089 1544 5143 par
1579 5086 1746 5141 esset,
1786 5077 1837 5130 id
1868 5081 2050 5134 minus

476 5158 672 5227 probat
728 5157 1242 5229 Sehurzfleischius,
1294 5167 1386 5232 qui
1440 5181 1496 5219 se
1556 5181 1660 5220 non
1714 5183 1912 5238 capere
1953 5172 2048 5235 ait,

474 5251 773 5320 quomodo,
807 5254 851 5305 si
883 5253 955 5306 ita
992 5254 1281 5324 legendum
1310 5259 1402 5324 sit,
1434 5259 1486 5312 in
1520 5258 1698 5315 Fastis
1726 5260 2050 5330 Capitolinis

473 5359 616 5397 anno
644 5344 710 5397 ab
747 5342 810 5399 U.
843 5343 902 5398 C.
932 5346 1055 5408 726,
1086 5347 1333 5403 Messalla
1374 5351 1740 5422 triumphasse
1766 5353 1833 5408 de
1884 5353 2050 5412 Gallis

473 5437 611 5490 tradi
646 5439 834 5505 possit,
869 5441 1140 5509 praecipue
1195 5457 1318 5494 cum
1368 5453 1490 5511 post
1529 5460 1652 5498 cum
1709 5447 2047 5516 triumphum

471 5542 569 5596 per
596 5529 815 5598 aliquod
849 5539 1064 5600 tempus
1106 5531 1305 5586 vixisse
1343 5550 1492 5599 eum,
1524 5545 1578 5589 et
1619 5535 1833 5592 Tibullo
1868 5540 2048 5609 Elegia

475 5632 544 5670 vn
577 5627 810 5673 constet.
842 5621 1002 5690 Atqui
1041 5633 1162 5675 erat
1205 5623 1305 5676 hoc
1352 5624 1522 5691 ipsum
1574 5627 1852 5682 intellectu
1905 5631 2046 5686 haud

477 5697 722 5772 difﬁcile;
747 5709 791 5763 si
838 5720 960 5779 post
1017 5721 1139 5767 octo
1185 5714 1401 5768 demum
1454 5729 1644 5782 annos,
1706 5719 1849 5788 quod
1904 5720 2044 5776 idem

2165 3161 2301 3214 alias
2339 3162 2760 3231 stipendiarias,
2795 3169 2930 3223 alias
2963 3172 3276 3228 tributarias
3311 3178 3476 3231 esse?
3501 3179 3745 3249 Scaliger

2166 3248 2306 3303 nihil
2358 3251 2565 3309 minus.
2607 3255 2778 3321 Quam
2814 3259 3081 3316 Eusebius
3135 3268 3509 3324 monarchiam
3568 3285 3736 3338 vocat,

2165 3353 2284 3394 eam
2333 3356 2452 3398 esse
2486 3344 2811 3411 dictaturam
2838 3353 3022 3419 sentit,
3056 3356 3354 3426 uitilurquc
3410 3363 3506 3416 illo
3565 3364 3737 3424 cht'II

2164 3432 2310 3496 loco,
2375 3435 2728 3506 Dictaturam,
2769 3459 2928 3512 quam
2984 3450 3330 3516 pertinaciter
3378 3456 3429 3508 ei
3475 3458 3734 3527 deferebat

2164 3526 2407 3592 populus,
2444 3535 2552 3580 tam
2586 3542 2889 3588 constanter
2911 3540 3107 3600 renuit.

2243 3638 2361 3693 Col.
2399 3641 2524 3695 457.
2558 3643 2848 3714 Augustus,
2874 3658 2981 3705 etc.
3013 3652 3245 3710 Biennio
3281 3665 3401 3725 post
3443 3664 3735 3734 contigisse

2167 3727 2292 3792 hoc,
2342 3744 2492 3786 norat
2530 3735 2793 3806 Scaliger,
2828 3736 2896 3794 LI.
2928 3741 3156 3812 Apuleio
3187 3757 3242 3800 et
3271 3749 3332 3802 P.
3368 3749 3506 3808 Silio
3567 3727 3734 3811 chsra

2163 3835 2312 3876 cess.
2347 3823 2408 3878 Et
2478 3825 2657 3896 Tyriis
2726 3833 2942 3899 quidem
2997 3845 3160 3905 atque
3226 3839 3470 3897 Sidoniis
3525 3860 3736 3916 propter

2165 3915 2430 3972 factiones
2462 3921 2790 3989 supplicium
2815 3925 3117 3997 irrogatam
3171 3931 3340 3988 fuisse
3403 3945 3553 4003 tunc,
3612 3915 3736 3994 con-

2163 4009 2288 4056 ειιι.

2233 4087 2372 4149 Ibid.
2413 4099 2716 4154 Atratinus.
2795 4101 2938 4158 Nihil
2997 4107 3378 4178 dubitandum,
3439 4118 3574 4184 quin
3653 4121 3732 4174 hic

2163 4183 2252 4238 ille
2267 4186 2380 4252 -sit,
2412 4187 2567 4256 cujus
2599 4190 2892 4249 Suetonius
2925 4199 3172 4254 meminit
3197 4215 3317 4272 cap.
3349 4203 3384 4257 2
3442 4183 3511 4262 de
3567 4208 3730 4263 Claris

2162 4272 2538 4333 Rhetorihus:
2580 4279 2739 4336 Hunc
2771 4288 3007 4344 eumdem
3050 4289 3132 4360 (L.
3201 4291 3462 4366 Plotium)
3498 4299 3574 4354 Μ.
3625 4301 3732 4356 Ctt-

2162 4366 2262 4420 lius
2298 4369 2352 4420 in
2381 4372 2640 4434 oratione,
2677 4391 2946 4444 quampro
2999 4398 3058 4434 sc
3093 4386 3158 4436 de
3217 4387 3267 4439 vi
3311 4388 3513 4455 habuit,
3581 4397 3734 4462 signi.

3188 4481 3272 4533 ori
3301 4497 3417 4546 suo,
3451 4487 3730 4550 actionem,

2160 4561 2268 4606 etc.
2313 4552 2556 4608 Meminit
2588 4557 2706 4625 ejus
2761 4570 2815 4614 ct
2862 4562 3054 4619 Cicero
3104 4571 3353 4626 oratione
3401 4589 3500 4643 pro
3536 4576 3730 4641 leio,

2162 4644 2302 4699 unde
2327 4645 2430 4699 alia
2467 4649 2710 4714 quardam
2739 4653 2803 4707 de
2823 4655 3075 4710 Atratino
3094 4663 3360 4729 expiscari
3407 4665 3562 4724 licet.
3619 4670 3733 4725 llaec

2160 4751 2258 4790 nos
2293 4736 2349 4790 in
2377 4739 2640 4808 Scaligeri
2698 4747 2926 4812 gratiam
2981 4748 3304 4819 dixerimus,
3355 4757 3449 4824 qui
3519 4762 3732 4816 nescire

2091 4863 2094 4870 .
2158 4840 2215 4879 se
2246 4827 2557 4884 Atratinum
2620 4831 2768 4888 hunc
2818 4847 3088 4894 oratorem
3157 4841 3358 4898 tatetur
3393 4865 3406 4900 :
3438 4863 3502 4902 ac
3569 4851 3732 4905 ferme

2183 4931 2279 4984 pro
2313 4917 2406 4977 illo
2441 4923 2668 4992 accepit,
2705 4927 2793 4992 qui
2823 4928 2927 4982 hoc
2974 4944 3118 4987 anno
3163 4935 3417 4990 scribitur
3463 4938 3516 4992 in
3553 4938 3730 4994 Fastis

2154 5005 2472 5074 Capitolinis
2507 5014 2571 5068 de
2599 5016 2779 5072 Africa
2815 5021 3206 5091 triumphasse.
3255 5027 3487 5093 Quidam
3561 5043 3722 5087 vetu-

2157 5098 2359 5156 sliores
2390 5103 2514 5156 iibri
2539 5106 2847 5163 Acralinttm
2873 5126 2997 5166 cum
3028 5127 3245 5172 vocant.

2229 5191 2365 5247 Ibid.
2403 5194 2727 5254 Cantabri...
2784 5206 3176 5272 opprimuntur.
3209 5211 3291 5265 Ab
3336 5213 3571 5284 Agrippa
3624 5219 3723 5271 sci-

2155 5285 2308 5352 licet;
2337 5295 2497 5357 atque
2534 5289 2634 5344 hoc
2670 5292 2788 5362 ipso
2821 5310 2986 5361 aunt),
3031 5301 3173 5368 quod
3239 5302 3463 5367 mirum,
3516 5309 3720 5362 nescire

2150 5391 2209 5432 se
2249 5378 2412 5436 fateri
2444 5380 2804 5454 Scaligerum.
2836 5386 3092 5447 Iloratius
3133 5394 3234 5450 sub
3257 5395 3417 5450 linem
3465 5401 3621 5470 epist.
3656 5402 3714 5454 Η

2153 5470 2244 5525 lib.
2277 5486 2292 5524 ι
2325 5489 2336 5525 :

2335 5610 2405 5676 lje
2441 5615 2602 5676 tamen
2625 5616 2839 5676 ignores,
2861 5630 2959 5676 quo
2981 5620 3044 5666 sit
3088 5621 3298 5670 Romana
3329 5624 3437 5672 loco
3460 5636 3564 5672 res:

2333 5672 2576 5722 Cantaber
2599 5672 2846 5738 Agrippte,
2867 5672 3033 5730 Claudi
3065 5685 3246 5736 virtute
3269 5685 3475 5736 Neronis

2335 5737 2599 5784 Armenius
2619 5737 2813 5801 cecidit,
2836 5737 2839 5738 ⁷
2863 5749 2956 5789 etc.
