4014 6196
401 280 539 346 1029

1707 276 2117 341 VALLARSU
2159 280 2397 344 NOT/E.

3516 283 3655 351 1030

412 389 560 446 Vide
586 398 643 445 et
671 388 897 445 Dionem
938 389 1035 445 lib.
1071 404 1179 456 LIV,
1208 400 1410 445 etcum
1450 386 1730 458 primisJ.
1778 387 1986 443 Masso-
2014 393 2059 450 Α
2093 387 2228 442 ferat
2261 387 2585 444 Dufresnius
2611 404 2663 459 p.
2706 389 2805 445 εει
2838 399 3116 449 notarum.
3175 392 3242 447 At
3269 391 3516 449 Caesarea
3553 393 3657 448 ὑπὸ

409 498 542 538 num
563 479 681 536 Jani
716 481 962 537 Reserati
1000 497 1119 551 cap.
1160 481 1216 546 6,
1244 491 1379 537 sect.
1407 482 1464 537 3.

465 574 587 630 Col.
618 572 744 629 458.
776 570 1030 628 Herodes.
1072 572 1358 642 Vitilitigat
1406 573 1670 644 Scaliger,
1707 573 1806 642 qui
1837 571 1974 627 ntul-

398 676 452 720 ta
481 674 533 719 et
566 680 759 733 magna
793 679 954 734 opera
986 678 1083 733 pro
1121 664 1280 727 (cdes,
1326 664 1471 733 quod
1523 666 1840 736 genericum
1873 677 1973 716 no-

396 770 520 810 men
549 765 656 819 est,
683 753 940 809 debuisse
970 753 1362 823 Hieronymum
1411 754 1762 825 interpretari
1835 768 1972 809 con-

396 846 596 901 tendit.
1945 895 1948 899 .

461 935 584 997 Col.
611 935 736 990 ‘57.
775 934 1008 990 Herodes
1048 935 1380 1001 Samariam,
1417 947 1528 1002 etc,
1562 937 1747 991 Disces
1799 951 1829 990 a
1864 935 1971 991 No-

392 1027 529 1081 risio
567 1037 785 1091 nostro,
808 1027 1025 1083 dissert.
1065 1027 1098 1081 5
1123 1028 1189 1081 de
1215 1027 1454 1097 Epochis
1485 1027 1968 1099 Syro-Macedon.,

390 1133 502 1186 quo
534 1132 681 1172 anno
702 1117 920 1171 condita
951 1104 1018 1172 ab
1048 1118 1260 1177 lierode
1290 1118 1519 1175 Sebaste
1577 1118 1742 1174 fuerit
1781 1134 1796 1176 :
1824 1119 1970 1174 nullo

387 1208 535 1262 enim
576 1215 801 1262 auctore
826 1207 1072 1277 Scaliger
1101 1207 1398 1264 Eusebium
1421 1210 1491 1264 de
1542 1209 1762 1264 triennii
1796 1220 1967 1265 meta-

385 1302 708 1357 chronismo
738 1311 979 1357 accusat.
1005 1302 1144 1356 Tum
1183 1316 1316 1357 vero
1363 1301 1620 1357 acerbius
1648 1302 1716 1357 de
1762 1317 1827 1356 eo
1863 1316 1966 1371 po-

384 1393 585 1458 stulat,
620 1393 766 1462 quod
832 1395 1103 1472 putaverit
1158 1395 1382 1458 Πάνιον,
1440 1409 1547 1449 non
1591 1395 1694 1449 loci
1766 1409 1965 1451 nomen

382 1500 529 1548 esse.
567 1485 663 1540 sed
703 1486 916 1554 templi,
973 1495 1138 1556 atque
1178 1486 1231 1540 id
1262 1486 1437 1556 ipsum
1491 1486 1636 1555 quod
1697 1485 1875 1542 fuerat
1910 1489 1964 1543 in

380 1577 617 1633 Caesaris
676 1578 949 1634 honorem
1011 1580 1330 1641 excitatum.
1391 1590 1748 1651 vocatumque
1829 1582 1966 1638 adeo

383 1669 748 1739 Καισάρειον,
779 1662 897 1739 ipse
958 1670 1159 1725 Πάνιον
1205 1671 1408 1726 dixerit
1441 1672 1626 1728 tunde
1675 1672 1961 1743 Syncellus

2078 480 2317 549 Πανείῳ,
2352 496 2447 535 seu
2492 480 2714 545 Πανέας,
2749 492 2913 551 prout
2935 483 3231 541 Ptolrmazo
3281 494 3528 550 vocatur,
3553 488 3659 543 alio

2075 570 2318 633 nomine,
2362 571 2605 625 Cirsarea
2648 570 2882 642 Philippi
2910 574 3053 629 dicta
3087 586 3190 643 est,
3214 586 3272 632 ut
3316 577 3656 649 Nicephorus

2075 669 2349 714 monstrat
2380 661 2475 716 lib.
2508 678 2564 725 κ,
2611 678 2734 733 cap.
2758 664 2826 718 30
2862 664 2999 722 liist.
3032 666 3261 731 Eccles.,
3286 684 3517 739 eamque
3561 670 3659 725 Ne-

2072 749 2320 815 rodiada,
2360 760 2565 806 mutato
2587 755 2766 811 denuo
2788 757 3023 821 nomine,
3047 759 3335 826 appellavit
3390 760 3652 831 Agrippa,

2080 850 2137 895 ut
2169 839 2553 911 Josephusiih.
2594 862 2658 899 xx
2687 848 2975 917 Antiquitt.
3037 865 3135 918 cap
3215 851 3249 905 8
3306 860 3497 905 auctor
3543 862 3653 909 est.

2071 931 2212 989 Huic
2245 934 2390 999 urbi,
2420 950 2531 989 non
2559 937 2717 992 alteri
2755 938 2855 1001 illi,
2890 940 3165 997 Eusebius
3194 949 3382 997 noster
3430 922 3689 1000 natales!

2070 1038 2179 1103 non
2209 1025 2416 1089 minus,
2450 1041 2610 1095 quam
2642 1026 2897 1096 honores,
2928 1030 3118 1086 debet.
3178 1031 3336 1087 Manu
3392 1034 3653 1103 descripti

2070 1094 2193 1162 libri
2235 1109 2403 1179 aliqui
2468 1111 2763 1167 Ca’soriam
2817 1116 3084 1172 scribunt.
3138 1116 3419 1190 Benjamin
3476 1123 3655 1179 Tude-

2067 1199 2238 1254 iensis
2267 1210 2478 1262 διν-ττιω
2516 1205 2567 1257 ἰιι
2602 1206 2907 1261 itinerario.

2137 1293 2255 1349 Col.
2290 1295 2416 1350 437,
2458 1298 2725 1367 Augustus
2755 1298 2956 1356 Samiis
3000 1300 3293 1357 libertate»:
3322 1304 3485 1360 dedit.
3508 1306 3657 1361 Con~

2069 1384 2526 1457 tcnditSealiger,
2565 1397 2844 1457 peccatum
2879 1392 2966 1446 hic
3019 1394 3225 1449 biennii
3287 1397 3657 1454 metachroni-

2066 1490 2207 1530 smo.
2295 1476 2446 1532 Tune
2469 1489 2620 1535 certe
2679 1483 2939 1551 temporis
2995 1484 3141 1539 Sami
3200 1486 3382 1540 CaESlil'
3443 1488 3652 1543 hiema-

2065 1567 2181 1622 bat.

2143 1659 2420 1719 Col0438.
2451 1664 3021 1724 Germanos...Lolttus
3070 1680 3304 1739 supcrat.
3348 1673 3486 1725 Puta
3538 1673 3651 1740 pri-

380 1736 686 1815 arbitratus
713 1736 816 1826 sit,
845 1761 1159 1817 dedicatum
1192 1760 1491 1832 fuissent?)
1520 1762 1681 1817 Πανί.
1716 1736 1955 1818 'Nostra

2069 1757 2157 1806 mo
2191 1753 2376 1808 statim
2431 1759 2695 1823 adventu,
2722 1760 2827 1814 hoc
2872 1761 3063 1828 utique
3107 1776 3250 1816 anno
3284 1781 3297 1817 :
3326 1778 3450 1816 nam
3504 1765 3649 1831 quod

378 1851 519 1905 nihil
539 1863 907 1908 commentum
937 1855 1042 1907 hoc
1065 1852 1293 1909 interest
1318 1869 1335 1909 :
1368 1855 1512 1924 quod
1535 1862 1715 1910 tamen
1743 1866 1796 1910 et
1828 1854 1962 1910 Phi-

379 1943 649 2014 lostorgio
705 1945 950 2013 placuit;
1004 1943 1296 2000 Eusebium
1349 1955 1530 2000 autem
1584 1954 1639 2002 et
1694 1945 1963 2018 Hierony-

379 2049 530 2089 mum
555 2036 831 2092 viudicare
861 2036 918 2091 in
972 2045 1224 2106 promptu
1272 2045 1377 2091 est.
1426 2036 1729 2107 Scripsisse
1805 2038 1958 2093 illum

377 2140 446 2180 ex
477 2123 669 2180 Pasch.
700 2125 907 2180 Chron.
936 2138 1162 2182 auctore
1212 2126 1520 2197 colligimus
1547 2143 1562 2183 :
1588 2126 1688 2179 Ἐν·
1729 2127 1961 2182 Πανεάδι

377 2216 437 2269 δὲ
465 2218 527 2269 τὸ
558 2218 753 2271 Πάνιον
784 2216 1197 2271 κατεσκεύασεν
1223 2233 1237 2270 :
1266 2217 1413 2287 quod
1467 2217 1776 2274 rectissime
1838 2216 1963 2272 Hie-

378 2322 642 2378 ronymus
671 2349 685 2370 ,
711 2319 768 2362 ut
807 2310 859 2363 in
889 2308 1130 2377 antiquis
1157 2316 1242 2364 est
1299 2308 1480 2374 libris,
1534 2308 1716 2372 vertit,
1793 2318 1840 2363 et
1907 2308 1961 2360 in

382 2396 866 2467 Paneadeidquod
923 2399 1159 2454 Panium
1213 2407 1456 2463 vocatur,
1504 2399 1786 2454 exstruxit.
1836 2396 1957 2453 Non

377 2489 634 2562 meminit
669 2491 854 2559 itaque
877 2492 1077 2559 templi,
1131 2491 1278 2560 quod
1313 2505 1510 2546 nomen
1556 2506 1737 2558 netue
1786 2490 1957 2544 nostri

377 2594 513 2635 mss.
546 2594 724 2649 neque
754 2579 870 2648 ipsa
898 2582 1101 2636 retinet
1151 2582 1318 2636 editio
1387 2580 1675 2651 Scaligeri,
1747 2594 1958 2650 nosque

374 2668 499 2738 jure
520 2672 891 2740 espunximus
912 2687 941 2726 e
977 2669 1311 2741 l’entacena,
1356 2671 1409 2727 in
1445 2687 1549 2742 qua
1576 2671 1871 2742 legebatur,
1903 2672 1958 2725 id

372 2761 625 2827 templum
651 2762 813 2831 quod.
843 2772 948 2818 etc.
1004 2764 1154 2818 Adeo
1205 2763 1431 2818 Panium
1500 2763 1766 2818 duntaxat
1818 2764 1958 2817 scri-

374 2851 525 2906 bitur
557 2852 625 2907 ab
654 2852 868 2907 Herode
890 2863 1289 2919 constructum,
1317 2855 1367 2909 id
1403 2854 1550 2923 quod
1589 2855 1731 2908 bono
1768 2857 1958 2923 utique

373 2958 563 3007 sensu,
600 2945 750 3014 iuxta
782 2947 951 3015 ipsam
980 2945 1239 3016 Scaligeri
1308 2945 1709 3013 expositionem
1764 2946 1939 2999 inter-

373 3036 573 3105 pretari
611 3052 704 3106 per
728 3047 913 3106 partes
967 3037 1116 3102 licet,
1175 3045 1338 3105 atque
1394 3036 1468 3090 ita
1525 3035 1777 3106 accipere
1830 3051 1951 3090 cum

371 3130 578 3193 60am,
604 3139 658 3179 ιιι
691 3143 816 3182 cum
856 3128 1022 3182 Punic
1058 3128 1312 3196 templum
1347 3127 1552 3183 C:esari
1616 3128 1685 3183 ab
1739 3125 1955 3182 Herode

371 3219 616 3274 dicatum
652 3219 897 3274 vicinum
918 3230 1098 3284 esset,
1136 3235 1256 3273 eum
1286 3234 1452 3274 unum
1490 3234 1580 3273 rex
1632 3226 1956 3282 exstrueret,

374 3309 522 3363 aliud
554 3324 772 3378 quoque
871 3309 1151 3377 putandus
1188 3308 1258 3363 sit
1301 3322 1604 3378 reparasse.
1655 3305 1774 3362 Jam
1836 3322 1961 3360 vero

375 3408 585 3454 textum
617 3399 760 3469 quod
787 3409 1017 3467 spectat,
1073 3397 1570 3452 Schurzileischius
1624 3413 1722 3466 pro
1776 3400 1958 3451 veritis

371 3495 501 3547 olim
526 3493 670 3563 jam,
704 3493 910 3547 invenit
942 3493 995 3546 in
1033 3496 1206 3562 primo
1235 3491 1480 3545 Palatino
1512 3492 1634 3545 cod.
1676 3490 1952 3559 scriptum

375 3585 624 3651 Olisiam,
685 3586 829 3653 quod
860 3601 1075 3651 nomen,
1156 3596 1213 3638 ut
1265 3582 1609 3637 manifestum
1665 3592 1768 3647 cst,
1818 3582 1955 3635 stri-

370 3676 564 3729 harum
597 3674 805 3728 incuria
833 3686 1174 3743 corruptum,
1202 3687 1339 3726 noso
1398 3671 1514 3742 ipse
1540 3686 1724 3725 errore
1756 3686 1955 3725 eumu-

368 3766 486 3820 lare
514 3764 720 3826 mallet,
745 3762 1053 3818 rescribens
1114 3761 1353 3816 Carizin.
1380 3759 1493 3815 Non
1542 3760 1684 3830 quod
1741 3776 1954 3828 negem,

374 3856 738 3910 incontente
792 3854 1054 3923 teu'pium
1109 3852 1238 3906 illud
1310 3852 1612 3917 exstitisse,
1659 3850 1803 3918 quod
1868 3850 1957 3905 ille

370 3948 550 4003 otiose
578 3948 740 4002 nimis
767 3956 847 4001 tot
872 3956 1114 4000 veterum
1180 3943 1506 3998 testimoniis
1558 3943 1753 4013 probat
1816 3943 1952 4008 ;sed

375 4040 522 4106 quod
553 4038 685 4093 illud
724 4039 944 4093 minimc
967 4037 1229 4092 habuisse
1260 4034 1314 4089 in
1377 4034 1563 4088 animo
1625 4032 1949 4096 Eusebium,

369 4133 602 4187 omnino
657 4147 723 4185 ex
752 4131 855 4184 lori
889 4139 1140 4185 contextu
1178 4136 1378 4198 pateat.
1410 4126 1614 4181 Caetera
1672 4142 1791 4195 quae
1848 4126 1954 4181 huc

370 4230 621 4289 spectant
644 4234 711 4274 ex
745 4218 932 4275 eodem
957 4219 1122 4273 docto
1144 4216 1272 4271 xire
1297 4216 1615 4271 describere
1647 4231 1751 4269 non
1791 4215 1947 4285 pige-

371 4314 471 4367 liit.
500 4312 815 4381 Stephanus
847 4310 1025 4381 inquit
1064 4309 1119 4363 in
1152 4308 1367 4363 Πάνιατ
1417 4307 1577 4360 Ἐστι
1607 4306 1663 4360 δὲ
1692 4307 1785 4361 καὶ
1836 4308 1949 4360 Πά-

371 4420 484 4457 νιον
515 4401 902 4471 Παλαιστίνης,
935 4399 1032 4470 ἀφ’
1090 4398 1149 4453 οὗ
1202 4400 1399 4469 ὲκρεϊὸ
1455 4398 1702 4468 ποταμὸς
1753 4397 1954 4469 Ἰορδά-

368 4511 487 4564 νης.
512 4493 647 4550 Vide
680 4494 750 4548 ibi
784 4499 1259 4549 commentatores.
1321 4490 1401 4545 Ad
1464 4488 1698 4561 Syncelii
1757 4489 1957 4553 marei-

371 4598 495 4639 nem
539 4583 778 4640 habetur
806 4583 922 4637 haec
947 4582 1192 4645 rubrica,
1215 4581 1371 4634 Διατί
1440 4579 1662 4647 ἐλέγετο
1721 4579 1955 4640 navata;

366 4679 401 4748 ὴ
428 4676 523 4731 νῦν
555 4676 869 4746 Καισάρεια
898 4673 993 4745 τῆς
1024 4674 1403 4742 Παλαιστίνης.
1428 4673 1575 4727 idem
1604 4671 1690 4725 ille
1720 4668 1954 4739 Stepha-

367 4773 539 4828 ttusin
562 4773 868 4842 Καισάρεια
898 4786 913 4826 ;
959 4769 1268 4841 Καισάρεια
1285 4767 1340 4822 δὲ
1368 4767 1686 4835 τις,ἱη(ιιιὶι,
1711 4762 1824 4819 ἔστι
1861 4765 1956 4818 και¹

366 4866 857 4936 Παλαιστίνηςριαὶ,
874 4864 1030 4935 τρίτη
1054 4863 1188 4933 πρὸς
1213 4866 1276 4931 τῇ
1301 4861 1826 4931 Πανεάδι.,1)ἰνθιειιε
1854 4858 1954 4926 igi-

309 5022 317 5029 ,
366 4968 455 5015 tur
492 4960 805 5030 Stephanus
855 4958 986 5012 facit
1025 4956 1190 5011 urbes
1217 4954 1520 5013 Cassarcam
1550 4952 1869 5017 Palaestina,
1894 4964 1948 5009 et

309 5046 319 5069 ⁵
365 5049 674 5107 (ἒπειιιειιιιι
707 5051 807 5119 τὴν
849 5050 956 5102 ὑπὸ
986 5047 1227 5116 Πανειῳ,
1258 5056 1442 5100 contra
1470 5058 1630 5114 quam
1667 5043 1946 5115 Syncellus

365 5141 545 5197 facere
579 5143 812 5198 videtur.
870 5138 1072 5207 Nempe
1136 5138 1447 5206 Stephanus
1478 5150 1574 5205 per
1636 5135 1942 5191 Caesaream

364 5234 671 5291 Palaestina:
696 5250 816 5290 eam
867 5230 1121 5300 intelligit
1152 5245 1313 5299 quam
1370 5227 1714 5297 Καισάρειαν
1769 5227 1942 5297 Στρά-

362 5347 535 5392 τωνος
558 5328 885 5385 Ptolemaeus
915 5327 1011 5383 lib.
1067 5342 1120 5392 v,
1150 5326 1238 5390 i6,
1294 5323 1531 5387 vocavit,
1581 5336 1812 5391 quaeque
1871 5321 1939 5375 ab

356 5422 470 5491 hac
505 5422 809 5478 Palaestinae
834 5420 1082 5476 Caesarea
1125 5416 1357 5487 Philippi
1406 5415 1575 5486 probe
1604 5423 1688 5469 est
1741 5413 1941 5468 distin-

359 5516 602 5598 guenda,
626 5514 729 5569 etsi
758 5527 850 5568 eas
880 5510 1188 5569 confuderit
1216 5508 1405 5598 etiam,
1436 5506 1507 5598 ad
1562 5504 1822 5598 Antonini
1849 5503 1936 5556 iti-

360 5595 647 5675 ξιεητίιιιιι
674 5602 1036 5675 Hieronymus
1083 5600 1291 5657 Sui-ita.
1348 5596 1486 5652 Vide
1538 5600 1603 5651 de
1663 5595 1932 5659 Caesarea,

363 5709 635 5770 Simoni,-
660 5710 853 5775 pyrgo,
885 5710 1001 5768 qua:
1029 5691 1096 5749 ad
1128 5690 1465 5750 Chronicum
1520 5687 1784 5745 Paschale
1810 5703 1932 5758 pro-

2063 1844 2316 1911 sequenti
2347 1857 2626 1915 superatus
2658 1850 2774 1918 ipse
2803 1851 2873 1904 sit
2904 1867 2933 1904 a
2970 1851 3265 1907 Germanis
3294 1853 3365 1907 Si.
3424 1853 3648 1916 Lollius,

2063 1930 2209 1986 haud
2251 1943 2398 1989 recte
2427 1935 2590 1991 infert
2614 1937 2877 2010 Scaliger,
2913 1939 3142 1996 historia
3197 1958 3351 2013 aeque
3413 1956 3478 1999 ac
3513 1952 3651 1998 tem-

2064 2037 2197 2094 pore
2229 2035 2508 2092 peccatum
2554 2029 2639 2104 hic
2669 2046 2787 2085 esse
2819 2032 2887 2085 ab
2923 2042 3145 2089 auctore
3175 2044 3387 2090 nostro.

2132 2113 2250 2169 Coi.
2282 2117 2412 2173 457.
2464 2116 2660 2174 Varius
2721 2131 2770 2173 et
2819 2120 3013 2177 Tucca.
3058 2108 3136 2176 ‘ln
3189 2126 3362 2192 primo
3408 2124 3651 2182 Palatino

2062 2220 2217 2268 mss.,
2246 2209 2335 2276 qui
2363 2207 2609 2266 [Ειιείἀω
2659 2212 2817 2267 libros
2849 2229 2867 2268 :
2897 2223 3023 2268 sunt
3075 2228 3129 2270 et
3184 2216 3275 2285 qui
3335 2215 3644 2273 zEneadum

2064 2295 2270 2366 legant.

2130 2388 2249 2443 Coi.
2290 2391 2423 2448 4'58.
2463 2391 2706 2448 Coloniw
2726 2390 2996 2466 Bergium,
3025 2408 3125 2452 etc.
3156 2397 3351 2453 Strabo
3378 2400 3470 2454 lib.
3496 2417 3582 2455 xvt
3631 2420 3646 2457 :

2061 2479 2289 2552 Berytus
2324 2499 2358 2536 α
2388 2484 2666 2555 Tryphoue
2695 2503 2877 2542 eversa
2908 2488 2974 2541 ab
3008 2488 3257 2544 Romanis
3284 2507 3425 2544 nunc
3492 2493 3647 2547 resti-

2060 2580 2176 2627 tuta
2199 2571 2404 2627 duabus
2430 2572 2810 2645 legionibus’ab
2863 2579 3097 2648 Agrippa
3148 2580 3200 2632 in
3228 2596 3345 2633 eam
3380 2579 3647 2635 deductis.

2064 2663 2219 2731 Quod
2248 2663 2441 2720 Patras
2465 2674 2701 2735 spectat,
2734 2667 2978 2739 Scaliger
3023 2685 3087 2725 ex
3141 2674 3326 2726 eodem
3375 2671 3648 2728 Strabone

2061 2756 2267 2826 colligit
2298 2757 2586 2813 deductam
2618 2759 2888 2814 coloniam
2914 2762 3277 2830 quadriennio
3314 2774 3466 2819 ante.

2129 2844 2250 2901 Col.
2275 2847 2400 2904 457.
2452 2847 2656 2903 Cestius
2689 2847 3016 2922 Smyrnwus.
3080 2852 3176 2908 Hic
3198 2853 3394 2909 Lucius
3418 2855 3647 2911 Cwstins

2060 2934 2191 2991 Pius
2222 2938 2535 2995 nominatur
2564 2941 2618 2994 in
2645 2942 2903 3011 Cataiogo
2966 2944 3278 3008 rhetorum,
3335 2949 3426 3015 qui
3497 2947 3638 3002 Sue-

2063 3028 2196 3082 tonii
2222 3027 2364 3084 libro
2388 3032 2455 3084 de
2503 3030 2680 3087 Claris
2742 3033 3076 3089 lthctorihus
3128 3036 3182 3088 in
3241 3050 3377 3091 mss.
3432 3037 3647 3107 aliquot

2062 3118 2344 3176 codicibus
2371 3122 2687 3192 prmilgitur.
2724 3123 2887 3179 Plura
2931 3128 2997 3179 de
3053 3140 3119 3180 eo
3161 3125 3365 3182 Seneca
3406 3129 3459 3183 in
3499 3130 3648 3184 Con-

2060 3213 2363 3277 troversiis,
2423 3215 2516 3270 sed
2553 3223 2606 3268 et
2636 3214 2699 3271 L.
2733 3215 2958 3271 Cmstius
2995 3216 3117 3272 Piso
3152 3233 3251 3288 pro
3298 3217 3429 3274 Pius
3457 3220 3511 3275 in
3535 3221 3645 3278 alio

2062 3320 2167 3362 ms.
2199 3304 2423 3359 dicitur.

2131 3397 2246 3453 Col.
2271 3397 2395 3453 459.
2426 3397 2659 3452 Herodes
2684 3400 2736 3452 in
2781 3398 3101 3456 Palestina.
3138 3402 3251 3458 lloc
3313 3402 3481 3458 ferme
3507 3405 3645 3458 duo-

2058 3486 2234 3542 decim
2269 3502 2537 3542 annorum
2564 3502 2726 3558 opus.
2756 3498 2894 3544 teste
2927 3488 3169 3560 .losepho
3200 3492 3503 3562 Antiquitt.
3538 3495 3639 3552 lib.

2059 3594 2127 3632 xv
2183 3580 2459 3643 inceptum
2486 3579 2626 3632 circa
2669 3580 2943 3634 decimum
2998 3594 3210 3635 sextum
3278 3581 3509 3638 Herodis
3537 3599 3639 3639 an-

2058 3686 2187 3725 num
2234 3680 2335 3726 cst.
2371 3670 2638 3726 Eusebius
2663 3672 2727 3727 ad
2782 3674 3101 3726 vicesimum
3126 3676 3425 3729 secundum
3450 3676 3638 3740 refert,

2057 3762 2202 3831 quod
2239 3770 2351 3816 tum
2386 3762 2618 3818 fortasse
2680 3763 2734 3816 in
2799 3772 3002 3818 tantam
3050 3764 3161 3835 jam
3221 3766 3633 3834 amplitudinem

2057 3856 2413 3923 excrevisset,
2445 3866 2505 3911 ut
2566 3855 2834 3920 dedicari,
2915 3856 3091 3926 deque
3143 3857 3376 3914 Ca'saris
3418 3859 3640 3915 nomine

2056 3945 2320 4015 appellari
2368 3945 2634 4014 potuerit.
2665 3946 2828 4002 Certe
2866 3951 2929 4001 de
2987 3948 3229 4001 octenuii
3274 3949 3639 4002 metarhroni-

2058 4048 2199 4101 smo,
2264 4036 2410 4105 quod
2465 4034 2713 4107 Scaliger
2762 4035 2914 4092 facit.
2992 4036 3474 4091 reprehendendus
3530 4052 3639 4092 non

2055 4140 2114 4181 es
2123 4136 2163 4182 ι.

2128 4216 2264 4271 Ibid.
2304 4217 2563 4282 lleroaes,
2595 4229 2705 4274 etc.
2739 4218 2951 4274 Primus
2980 4221 3257 4275 Palatinus
3291 4221 3639 4291 Antipatrea:

1994 4322 2008 4333 ’
2055 4307 2200 4376 legit.
2239 4306 2384 4361 haud
2426 4317 2572 4362 recte
2601 4325 2617 4373 ;
2647 4311 2741 4363 sed
2774 4324 2872 4362 nec
2898 4310 3053 4373 hene,
3082 4310 3244 4376 paulo
3283 4322 3422 4377 post,
3445 4312 3637 4380 oppida

1989 4414 2029 4471 ι)
2059 4412 2156 4466 pro
2188 4413 2367 4465 opera,
2430 4414 2674 4467 nuperus
2741 4398 2968 4454 critieus
3016 4403 3206 4470 reponi
3261 4401 3435 4469 jubet.
3469 4402 3639 4458 Porro

2060 4492 2339 4546 conditum
2388 4490 2650 4546 Caesareae
2680 4502 2865 4546 secuta
2900 4494 3017 4549 haec
3059 4501 3208 4560 sunt,
3233 4507 3291 4549 ut
3322 4496 3539 4566 proprie
3566 4495 3634 4550 ad

2060 4582 2291 4661 Herodis
2327 4598 2533 4638 annum
2572 4584 2890 4641 vicesimum
2922 4595 3176 4640 octavum
3212 4599 3480 4657 spectent.
3503 4589 3637 4645 Vide

2055 4674 2352 4745 Josephum
2384 4676 2677 4746 Antiquitt.
2699 4693 2811 4744 ιιι,
2847 4692 2968 4748 cap.
2990 4678 3046 4733 9.
3109 4678 3187 4734 Ex
3234 4682 3636 4739 recentioribus

2055 4765 2332 4831 Noldiutu,
2372 4776 2426 4821 et
2453 4768 2744 4823 Prideaux.

2123 4855 2349 4911 Veteres
2370 4857 2590 4925 quidam
2629 4872 2762 4913 mss.
2799 4868 2962 4926 atque
3026 4861 3154 4915 editi
3189 4862 3334 4922 libri,
3359 4875 3420 4915 ae
3450 4868 3628 4935 capti-

2052 4948 2147 5001 vis.
2183 4945 2385 5002 Confer
2425 4945 2649 5002 Dionem
2684 4947 2776 5003 lib.
2842 4966 2951 5014 Liv,
3011 4962 3065 5006 et
3131 4951 3387 5008 Vciieinm
3414 4970 3477 5019 ιι,
3507 4972 3628 5026 cap.

2050 5037 2141 5094 96.

2120 5131 2418 5188 Suetonius
2447 5133 2499 5186 in
2523 5132 2643 5199 ejus
2664 5131 2837 5199 Vitaf:
2866 5130 3065 5199 Natus,
3102 5134 3299 5202 inquit,
3327 5146 3402 5188 est
3426 5135 3622 5201 (liora-

2049 5218 2176 5290 tius)
2208 5228 2355 5273 sexto
2390 5218 2521 5273 Idus
2542 5218 2865 5284 Decembres,
2924 5221 3085 5275 Lucio
3141 5222 3295 5278 Cotta
3360 5233 3407 5278 et
3466 5221 3627 5276 Lucio

2048 5310 2317 5382 Torquato
2343 5329 2479 5367 coss.
2507 5313 2742 5367 Decessit
2769 5315 2949 5383 quinto
2974 5313 3246 5370 Kalendas
3296 5313 3624 5381 Decembres,

2043 5406 2171 5463 Caio
2191 5406 2390 5461 Marcio
2419 5405 2728 5469 Censorino,
2754 5408 2884 5462 Caio
2902 5408 3085 5462 Asinio
3115 5406 3269 5461 Gallo
3319 5423 3435 5460 coss
3462 5444 3483 5472 ,
3508 5416 3625 5471 post

2041 5513 2238 5553 nonum
2271 5504 2319 5551 et
2371 5498 2862 5568 quinquagesimum
2899 5515 3117 5553 annum.
3150 5496 3206 5550 In
3239 5513 3402 5567 quem
3442 5499 3618 5551 lorum

2041 5591 2315 5646 Vinetus:
2353 5588 2638 5657 Consules,
2665 5590 2865 5661 inquit,
2902 5590 3120 5671 l'qerunt
3181 5588 3384 5645 Lucius
3446 5591 3622 5643 Aure-

2041 5685 2144 5742 lius
2166 5682 2322 5742 Coua
2354 5694 2407 5740 ct
2431 5682 2630 5742 Lucius
2668 5683 2895 5741 Manlius
2936 5682 3265 5755 Torquatus,
3293 5697 3435 5738 anno
3453 5679 3618 5739 Urbis
