3974 6192
485 323 625 390 1031

1761 310 2166 376 γΑιιΑιιειι
2214 311 2453 373 NOTAE.

3594 303 3717 373 1032

485 444 615 508 b89,
646 441 742 500 sed
763 440 928 497 Cuius
948 439 1183 495 Marcius
1213 435 1547 494 Censorinus
1567 443 1620 490 ct
1651 432 1817 490 Caius
1838 433 2064 491 Asinius
2092 439 2138 497 Α
2164 425 2254 483 ‘Zl.
2284 427 2351 479 de
2384 425 2538 482 Notis
2569 425 2884 496 vulgaribus
2911 439 2926 488 ;
2956 421 3305 492 Bevcregium
3327 435 3578 492 quoque,
3599 423 3642 479 si
3658 424 3731 477 lu-

481 535 672 589 Gallus
710 535 870 588 annis
901 543 1027 601 post
1052 531 1143 595 57,
1177 531 1281 585 hoc
1330 535 1416 583 cst
1476 542 1622 581 anno
1688 527 1871 581 Romae
1934 523 2054 579 746.

483 627 740 693 Quarcin
804 623 1025 679 Eusebii
1056 621 1374 676 -Chronicis
1419 620 1622 675 rectius
1669 628 1918 673 notatum
1952 627 2058 680 est,

483 721 765 775 Iloratium
797 720 1255 789 ouinquagesimo
1283 717 1516 787 septimo
1568 715 1747 769 aztatis
1777 727 1890 768 sua:
1915 727 2061 766 anno

485 815 676 863 ttomae
731 825 852 863 esse.
907 817 1208 864 mortuum.
1263 806 1533 861 Caeterum
1585 803 1729 866 ride,
1794 803 1938 872 quod
2002 810 2063 854 et

487 901 1203 962 Schurzlleischinsmouet,
1242 915 1410 953 unum
1445 911 1544 968 pro
1597 895 1812 952 cunctis
1841 894 1906 949 T.
1958 893 2062 949 Fa-

483 997 640 1050 brum
671 995 761 1048 lib.
787 1010 823 1048 ιι
859 993 1088 1061 Epistol.
1119 992 1189 1046 46
1217 1010 1233 1058 ;
1271 991 1459 1046 center
1489 999 1542 1045 et
1601 988 1824 1043 Pontaci
1879 999 2059 1045 net-ss.

549 1087 672 1141 Col.
705 1087 829 1142 459.
864 1085 1029 1140 Caius
1047 1085 1228 1140 Julius
1263 1084 1522 1153 Hyginus.
1593 1081 1799 1137 Dicitur
1831 1081 1884 1135 iu
1930 1079 2060 1154 Par-

485 1181 660 1236 mensi
699 1196 854 1244 mss.,
909 1180 1092 1234 Julius
1150 1180 1399 1235 Scltinius
1444 1185 1786 1246 cognomento
1841 1174 2065 1246 Polyca-

482 1285 597 1331 stor
625 1289 644 1328 :
669 1277 722 1330 in
759 1276 932 1346 primo
956 1275 1131 1328 Palat.
1161 1272 1414 1327 absolute
1471 1271 1649 1326 Julius
1712 1281 2060 1341 cognomento

487 1367 822 1438 Polycastor,
848 1369 1052 1437 reiecto
1114 1366 1310 1436 Ilygini
1341 1365 1426 1418 vel
1452 1365 1654 1419 Schinii
1683 1364 1919 1418 nomine.
1953 1364 2064 1419 Nec

484 1458 1080 1514 videturdubitandum
1137 1460 1267 1527 quin
1301 1457 1417 1511 hinc
1476 1448 2065 1526 llieronymusdescri-

479 1555 652 1623 pserit
684 1567 714 1605 e
774 1551 1019 1605 Suetonii
1053 1551 1150 1603 lib.
1190 1549 1258 1604 de
1318 1548 1632 1602 lllustribus
1677 1546 2063 1603 Grammaticis

483 1644 746 1713 cap.26:
789 1642 951 1695 Caius
1006 1640 1190 1694 Julius
1248 1640 1511 1709 Ilyginius
1569 1639 1797 1709 Augusti
1824 1639 2062 1703 libertus,

483 1735 700 1788 natione
731 1734 1023 1802 Hispanus,
1059 1745 1166 1787 etc.
1227 1733 1304 1786 Er
1357 1747 1466 1801 quo
1534 1742 1716 1785 autem
1790 1731 2064 1801 acceperit

479 1829 550 1882 de
579 1839 945 1897 cognomento
978 1826 1070 1880 illo
1093 1825 1425 1895 Polgeastor,
1467 1841 1562 1880 seu
1595 1822 1928 1887 l’olicastor,
1958 1839 2058 1894 pro

481 1937 592 1990 quo
621 1920 743 1974 libri
771 1922 1015 1989 plerique
1058 1919 1150 1972 alii
1195 1916 1582 1988 l’olyliistorem
1641 1918 1854 1982 dicunt,
1921 1917 2060 1972 divi-

481 2011 721 2066 nandum
753 2021 858 2065 est.
896 2009 1387 2089 Scburzlleiscbius
1420 2019 1592 2081 putat,
1618 2009 1900 2076 deceptum
1935 2025 2062 2078 pro-

481 2105 728 2174 perantia
779 2102 1057 2157 scribendi
1133 2102 1533 2172 Hieronymum
1587 2117 1651 2154 ex
1706 2100 2060 2171 subsequcuti

482 2196 731 2250 Suetonii
764 2203 1053 2257 contextu,
1105 2193 1338 2245 studiose
1377 2201 1426 2244 et
1483 2191 1636 2245 avide
1690 2193 1935 2245 imitatus
1983 2199 2060 2245 est

479 2288 787 2344 Cornelium
841 2287 1228 2348 Alexandrum,
1299 2287 1710 2356 grammaticum
1793 2284 2058 2350 Greeeunt,

481 2399 635 2454 quem
676 2391 891 2451 propter
957 2380 1295 2447 antiquitatis
1377 2379 1623 2432 notitiam
1673 2378 2062 2448 Polyhistorem

482 2472 732 2529 multi....
769 2471 1116 2524 nominabant
1148 2485 1166 2524 :
1203 2479 1260 2524 ut
1309 2471 1455 2541 quod
1498 2469 1798 2524 Suetonius
1831 2470 1897 2524 de
1930 2469 2062 2525 Ale-

486 2563 694 2618 xandro
718 2561 878 2627 dixit,
913 2577 1073 2630 quem
1109 2563 1181 2616 ita
1252 2562 1703 2632 cognominatum
1765 2570 1955 2616 narrat
2005 2571 2059 2616 et

482 2656 703 2718 Suidas,
735 2656 847 2725 ipse
873 2656 939 2709 ad
974 2653 1236 2726 Hyginum
1264 2654 1529 2710 retulerit.

562 2770 704 2826 ibid.
735 2769 967 2824 Herodes
1001 2767 1316 2833 Hircanum,
1371 2775 1474 2821 etc.
1515 2763 1742 2820 Videtur
1801 2763 2067 2819 Eusebius

488 2871 922 2932 totperpctratas
943 2864 1008 2916 ab
1037 2860 1252 2916 llerode
1291 2874 1470 2925 neces,
1504 2859 1774 2928 nonquod
1817 2858 2066 2913 huecrc-

483 2959 636 3013 deret
680 2959 835 3026 juxta
858 2967 1164 3024 temporum
1217 2953 1485 3009 rationem
1559 2966 1831 3024 speetare,
1877 2954 1972 3006 sed
1999 2953 2064 3007 ad

478 3048 767 3103 srevissimi
792 3047 933 3114 regis
969 3046 1404 3116 exaggerandam
1457 3046 1839 3100 crudelitatem
1871 3081 1887 3107 ,
1956 3059 2064 3096 uno

481 3139 645 3196 simul
671 3139 793 3192 loco
828 3151 1312 3190 eoinmemorasse.
1374 3136 1452 3190 Re
1503 3136 1650 3190 enim
1708 3143 2135 3208 recensueratc

482 3233 715 3299 ipsemet
755 3227 1055 3281 Aristobnli
1090 3240 1283 3279 necem
1315 3237 1443 3280 ante
1467 3240 1640 3279 annos
1679 3225 1872 3294 viginti
1916 3241 2009 3280 sex
2047 3243 2062 3283 ε

483 3331 586 3370 nec
617 3316 685 3370 de
716 3313 967 3386 llyrcano
994 3315 1244 3384 ignorare
1289 3313 1482 3384 potuit,
1524 3313 1669 3380 quod
1697 3313 2066 3369 luculentissi-

483 3421 570 3462 me
586 3403 859 3477 Iosephus
886 3405 1074 3474 Antiq.
1101 3404 1196 3459 lib.
1233 3419 1325 3466 xv,
1364 3420 1486 3474 cap.
1511 3406 1566 3471 9,
1611 3415 1868 3474 testatur,
1895 3406 2064 3461 fuisse

482 3514 776 3554 eumanuo
831 3499 1070 3555 Actiacae
1107 3499 1350 3554 victoriae
1396 3497 1765 3562 interfectum,
1811 3500 1903 3571 qui
1940 3515 2063 3555 cum

483 3603 678 3649 octavo
739 3592 968 3648 llcrodis
1019 3593 1334 3648 concurriti-
1410 3593 1766 3647 Mariamnem
1820 3609 2062 3649 sororem

484 3702 638 3741 suam
681 3687 930 3756 sequenti
967 3699 1134 3746 anno,
1165 3685 1278 3741 sive
1306 3687 1456 3756 regni
1489 3687 1573 3740 sui
1620 3701 1784 3748 nono,
1840 3687 2060 3751 occidit,

484 3787 537 3832 et
564 3778 724 3848 paulo
754 3788 874 3846 post
901 3778 1263 3831 Alexandrum
1288 3793 1527 3832 socrum.
1562 3777 1606 3831 E
1642 3779 1918 3833 contrario
1934 3794 2062 3847 pro-

483 3871 635 3939 prios
669 3870 805 3924 lilios
836 3870 1204 3924 Alexandrum
1256 3880 1418 3940 atque
1443 3869 1813 3926 Aristobulum
1876 3871 2062 3925 multis

484 3963 686 4018 abhinc
741 3962 924 4027 annis,
958 3963 1074 4016 sive
1114 3962 1334 4016 biennio
1395 3961 1568 4018 lenne
1623 3974 1918 4032 antequam
1946 3962 2062 4034 ipse

489 4074 519 4112 e
557 4055 702 4111 vivis
731 4055 1041 4122 excederet;
1075 4054 1176 4107 Bcs
1217 4057 1254 4108 ti
1286 4053 1450 4125 jussit
1509 4055 1900 4110 contrucidari.
1936 4056 2059 4111 Non

486 4160 570 4206 est
604 4152 788 4219 itaque
822 4189 837 4214 ,
893 4151 937 4203 si
973 4155 1209 4203 mentem
1245 4148 1484 4202 auctoris
1525 4149 1696 4203 nostri
1719 4149 1886 4218 probe
1910 4165 2060 4205 asse-

483 4245 726 4312 quiinur,
783 4243 926 4313 quod
983 4243 1032 4298 ei
1082 4241 1236 4305 vitio,
1271 4251 1330 4295 ut
1400 4239 1639 4312 Scaliger
1687 4241 1838 4307 facit,
1892 4251 2061 4296 meta-

485 4337 834 4392 etzronismos
891 4345 944 4391 et
1012 4333 1460 4405 procbronismos
1510 4334 1749 4405 plurium
1785 4348 2058 4389 annorum

482 4439 782 4486 vertamus.

553 4542 672 4597 Col.
723 4542 850 4598 459.
908 4543 1140 4598 Tiberius
1195 4546 1260 4597 de
1298 4545 1516 4599 lihwtis.
1582 4543 1756 4613 Negat
1790 4541 2057 4612 Scaliger,

483 4632 758 4686 memoria:
789 4633 1060 4701 proditum
1115 4648 1353 4702 unquam
1387 4633 1452 4686 de
1476 4633 1730 4688 Armenis
1788 4631 2064 4688 Tiberium

485 4722 872 4791 triumphasse.
906 4723 1114 4780 Caetera
1135 4724 1349 4805 consuli
1367 4722 1522 4794 jubet
1541 4725 1780 4781 Annales
1831 4725 2062 4796 August.

483 4815 553 4872 lli.
583 4816 818 4876 Velseri.

551 4933 664 4990 Col.
698 4934 822 4992 HO.
857 4935 1129 4991 Albucius.
1163 4937 1431 4994 Suetonio
1469 4939 1534 4993 de
1566 4937 1743 4993 Claris
1815 4937 2064 4993 Rhetori-

483 5024 584 5078 bus
605 5038 723 5091 cap.
757 5023 789 5078 5
825 5025 1024 5080 dicitur
1062 5026 1223 5081 Caius
1255 5026 1504 5082 Albutius
1534 5025 1703 5094 Silus,
1736 5042 1846 5082 non
1903 5026 2064 5092 Silo;

483 5116 577 5170 Sed
611 5123 664 5170 et
694 5119 856 5172 bitias
873 5118 1099 5172 scibitur
1133 5121 1275 5188 apud
1310 5121 1592 5175 Senecam.

549 5225 667 5281 Col.
697 5227 820 5284 439.
854 5228 1121 5296 Augustus
1142 5229 1371 5285 Iuliam.
1396 5231 1656 5288 Triennio
1677 5243 1797 5302 post
1828 5234 2060 5303 relegata

480 5331 586 5386 est,
616 5322 661 5376 si
693 5320 896 5375 Velleio
929 5323 1204 5378 credimus
1260 5325 1354 5379 lib.
1385 5343 1441 5390 ιι,
1475 5342 1523 5382 c.
1593 5328 1695 5382 100
1729 5346 1744 5393 ;
1778 5328 1854 5383 ait
1917 5330 2060 5382 enim

481 5412 759 5468 tricesimo
786 5429 930 5467 anno
961 5422 1087 5467 ante
1107 5414 1301 5468 Vinicii
1341 5418 1707 5480 consulatum,
1735 5433 1902 5486 quem
1938 5433 2060 5485 ges‘

479 5505 723 5559 sitanno
750 5504 813 5560 U.
848 5504 912 5560 C.
956 5505 1084 5568 785,
1153 5515 1326 5560 actam
1365 5507 1417 5560 in
1483 5508 1756 5561 exsilium.
1819 5507 2060 5576 Scaliger

481 5613 511 5650 e
545 5598 824 5652 contrario
849 5613 992 5654 anno
1023 5597 1356 5663 antecedenti
1389 5597 1698 5653 damnatam
1732 5601 1904 5668 ponit,
1948 5612 2059 5669 quo

483 5688 706 5747 liberius
733 5692 1034 5748 rationibus
1067 5691 1290 5748 Eusvbii
1319 5690 1592 5744 detrahat.

555 5785 689 5838 ibid.
727 5785 936 5843 Marcus
971 5786 1197 5841 Tullius.
1235 5782 1431 5842 Confer
1475 5783 1736 5840 lsidorum
1802 5781 1897 5837 lib.
1931 5797 1969 5848 ι,
2005 5796 2055 5837 c.

2171 521 2286 584 bet,
2310 518 2474 574 Prazl.
2525 519 2592 575 ad
2620 517 3029 574 Arithmeticam
3073 515 3543 583 chronological».

2238 613 2376 668 Ibid.
2408 618 2676 682 Augustus
2703 609 3106 678 gladiatorium.
3135 607 3432 664 Consentit
3492 605 3733 671 Velleius,

2162 699 2352 754 eodem
2379 714 2489 769 quo
2523 699 2753 770 relagata
2781 708 2859 753 est
2897 697 3063 762 Julia,
3091 711 3257 755 anno.
3280 696 3488 751 editam
3523 694 3735 751 Nauma-

2167 791 2344 844 chiam
2369 807 2390 858 .;
2419 792 2511 846 sed
2541 790 2650 858 ille,
2685 800 2742 845 ut
2773 798 3020 844 notatum
3057 798 3163 855 est,
3195 797 3415 860 gestum
3454 799 3733 858 utrumque

2169 880 2407 936 triennio
2439 883 2642 936 abhinc
2708 882 2881 950 ponit.

2236 968 2356 1024 Col.
2387 969 2494 1025 440
2555 970 2810 1025 Melissus
2843 969 3174 1038 Spoletinus.
3195 974 3389 1039 Neque
3412 972 3557 1034 Con,
3587 984 3737 1038 neque

2163 1061 2358 1127 Marci,
2398 1071 2454 1117 ut
2480 1061 2652 1126 vides,
2680 1076 2987 1132 praenomen
3003 1061 3130 1115 huic
3161 1061 3322 1115 datur
3350 1061 3456 1114 abs
3489 1057 3738 1128 Hierony-

2165 1169 2257 1208 mo
2279 1169 2294 1210 :
2312 1152 2553 1222 Scaliger
2568 1163 2747 1207 tamen
2760 1151 2814 1206 ll
2822 1170 2977 1206 arcus
2997 1150 3311 1222 przeposuit,
3332 1163 3394 1204 ut
3417 1167 3447 1205 e
3466 1150 3735 1214 Suetonio,

2164 1245 2258 1315 qui
2280 1244 2467 1301 Caium
2493 1254 2649 1300 vocat
2675 1245 2768 1300 lib.
2817 1260 2910 1298 ιιι
2935 1244 3001 1298 de
3035 1245 3350 1298 lllustribus
3369 1241 3738 1300 Grammaticis

2163 1352 2286 1405 cap.
2323 1338 2413 1403 22,
2455 1346 2701 1392 nostrum
2735 1335 2940 1390 erroris
2999 1335 3299 1388 insimulet.

2233 1427 2355 1484 Col.
2391 1428 2519 1483 459.
2555 1427 2789 1482 Herodes
2816 1428 2885 1479 ad
2918 1442 2999 1492 ea,
3026 1436 3134 1480 etc.
3169 1426 3350 1494 Atque
3377 1426 3496 1498 haec
3523 1427 3737 1495 plurium

2165 1535 2358 1574 annor.
2433 1519 2750 1574 memoriam
2814 1518 3066 1587 periocha
3124 1518 3430 1572 continet:
3495 1533 3620 1571 nam
3649 1534 3741 1588 quo

2167 1626 2309 1665 anno
2339 1609 2578 1666 llerodes
2603 1610 2946 1665 doctissimos
2983 1607 3290 1662 Judmorum
3321 1617 3378 1663 et
3412 1609 3550 1679 legis
3566 1612 3731 1678 patria:

2169 1703 2514 1771 interpretes,
2547 1700 2741 1756 ludam
2781 1714 2831 1755 et
2879 1700 3160 1755 Matthiain
3198 1702 3318 1768 (hos
3352 1700 3503 1768 enim
3543 1702 3610 1754 ab
3642 1701 3735 1755 Eu-

2090 1810 2128 1864 Β
2164 1795 2316 1850 sebio
2345 1794 2590 1863 indicari
2627 1795 2875 1861 autumo)
2903 1793 3174 1862 supplicio
3235 1792 3447 1853 ati‘ecit.
3477 1794 3735 1861 proximus

2163 1886 2282 1957 ipse
2321 1889 2479 1943 morti
2501 1898 2650 1943 erat:
2691 1903 2800 1958 quo
2821 1903 2952 1943 vero
2977 1885 3366 1948 Costobarum,
3395 1886 3579 1939 virum
3605 1885 3735 1940 Salo-

2166 1993 2267 2033 mae
2297 1977 2547 2044 alterum,
2578 1977 2807 2032 interlici
2834 1975 2998 2045 jussit
3028 1973 3193 2044 (quod
3229 1975 3521 2044 ignorasse
3543 1973 3737 2027 videtur

2167 2070 2450 2140 Scaliger)
2483 2085 2588 2124 una
2622 2085 2744 2123 cum
2768 2069 3116 2139 Lysimacho,
3147 2066 3464 2135 Antipatro,
3499 2065 3738 2120 Dositlue

2165 2172 2327 2233 atque
2349 2162 2490 2227 aliis,
2515 2161 2640 2231 ipse
2683 2161 2903 2216 circiter
2933 2159 3314 2234 duodecimum
3347 2160 3500 2222 regni
3531 2159 3733 2226 agebat.

2166 2254 2230 2310 Et
2266 2269 2401 2309 sane
2435 2253 2608 2324 digeri
2644 2254 2756 2307 hinc
2781 2268 2878 2320 per
2935 2261 3204 2320 tempora,
3267 2235 3380 2302 non
3419 2265 3518 2317 per
3567 2265 3738 2313 annos,

2163 2347 2384 2402 memini
2409 2365 2421 2400 :
2445 2345 2510 2399 ad
2539 2345 2651 2400 haec
2673 2359 2794 2399 esse
2815 2343 3107 2398 etiamnum
3136 2340 3365 2397 Herodis
3383 2340 3655 2396 historiam
3671 2350 3740 2392 te-

2163 2427 2349 2492 nebris
2385 2451 2544 2503 titiam
2575 2451 2698 2505 quae
2760 2435 2992 2487 maxime
3010 2432 3282 2487 obsism:
3325 2431 3423 2486 sed
3447 2447 3601 2499 quem
3637 2429 3736 2484 Eu-

2166 2527 2352 2581 sebius
2380 2535 2654 2580 auctorem
2699 2532 2924 2579 secutus
2989 2525 3084 2589 sit,
3116 2539 3225 2577 non
3280 2522 3553 2576 invenio:
3598 2520 3737 2576 lose-

2167 2620 2309 2688 phus
2349 2619 2493 2673 enim
2531 2618 2586 2672 in
2615 2617 2720 2671 alia
2779 2617 2966 2671 omnia
3029 2615 3164 2670 abit.
3213 2614 3346 2671 Mss.
3382 2615 3554 2669 Palat.
3606 2613 3743 2668 Solo-

2168 2726 2266 2764 ma:
2289 2708 2606 2779 praeferunt.

2238 2823 2357 2877 Col.
2383 2813 2507 2877 459.
2535 2821 2920 2876 Tertullianus.
2953 2813 3132 2875 F'aeile
3157 2821 3432 2875 assentiar
3459 2795 3742 2891 Scaligero,

2189 2913 2358 2970 fuisse
2385 2914 2526 2968 hanc
2555 2913 2863 2984 pericopem
2902 2913 2954 2966 in
2985 2919 3193 2966 textum
3225 2928 3290 2965 ex
3323 2912 3508 2982 glossa
3555 2913 3738 2980 impor-

2173 3018 2362 3072 tatam,
2405 3021 2526 3059 nam
2551 3016 2606 3058 et
2636 3005 2688 3058 in
2719 3002 3220 3058 vetustissimorum
3247 3004 3461 3072 aliquot
3496 3003 3728 3058 codicum
3827 3035 3831 3039 ~

2172 3099 2417 3168 margine
2475 3095 2800 3151 minuscu'is
2862 3095 3058 3148 litteris
3104 3094 3381 3164 descripta
3436 3102 3540 3148 est.
3603 3095 3738 3161 Quod

2171 3207 2298 3246 vero
2324 3198 2533 3260 spectat
2560 3187 2878 3242 Tertulliani
2913 3187 3079 3241 verba
3101 3199 3150 3238 c.
3183 3185 3215 3239 8
3236 3188 3503 3242 adversus
3525 3185 3739 3250 .lndaaos,

2173 3283 2414 3338 Videmus
2469 3291 2666 3346 autem,
2725 3279 2974 3350 quoniam
3045 3281 3458 3348 quadragesimo
3508 3291 3556 3332 et
3590 3283 3740 3346 primo

2170 3393 2308 3430 anno
2343 3375 2549 3444 imperii
2595 3374 2842 3441 Augusti,
2875 3388 2977 3440 quo
3009 3387 3123 3442 post
3178 3379 3404 3424 mortem
3473 3371 3742 3438 Cleopatra

2167 3468 2463 3538 imperavit,
2496 3466 2736 3520 nascitur
2761 3463 3034 3525 Christus,
3075 3473 3210 3526 etc.,
3255 3465 3444 3519 malim
3490 3479 3552 3519 ea
3577 3476 3742 3534 putare

2167 3577 2290 3617 cum
2317 3561 2441 3622 isto,
2484 3565 2598 3611 tum
2633 3557 2759 3611 huic
2797 3553 2961 3611 simili
3019 3556 3141 3609 loco
3174 3554 3336 3625 paulo
3368 3563 3519 3617 post.
3571 3556 3742 3614 depra-

2167 3665 2290 3708 rata
2313 3654 2659 3710 librariorum
2698 3652 2880 3722 culpa.
2943 3650 3176 3704 Gravior
3209 3649 3412 3716 quippe
3468 3648 3742 3702 hallucina-

2169 3749 2242 3804 tio
2271 3749 2385 3804 haec
2406 3757 2509 3812 est,
2542 3762 2704 3815 quam
2756 3761 2878 3815 quae
2921 3746 3166 3813 potuisse
3212 3743 3269 3796 in
3330 3742 3736 3797 vetustissimum

2167 3851 2445 3894 auctorem
2488 3837 2682 3892 cadere
2708 3835 2994 3890 videatur:
3029 3848 3204 3887 annus
3241 3831 3391 3886 enim
3428 3832 3519 3885 ille
3561 3831 3610 3885 ll
3648 3829 3743 3882 Au.

2165 3930 2308 4001 gusti
2360 3937 2680 3983 numeratur
2710 3941 2739 3980 a
2769 3926 2917 3981 caede
2976 3924 3233 3985 Caesaris,
3273 3922 3367 3990 qui
3401 3938 3428 3975 a
3465 3921 3740 3989 Cleopatra:

2165 4031 2343 4075 morte
2394 4020 2606 4074 nonnisi
2656 4016 2726 4072 28
2757 4026 2910 4071 erat:
2955 4016 3124 4086 idque
3185 4013 3418 4068 minime
3476 4014 3734 4084 ignorasse

2164 4113 2584 4173 Tertulliauum.
2617 4126 2681 4166 ex
2716 4109 2927 4178 reliquo
2961 4116 3079 4162 toto
3113 4115 3378 4161 contextu
3409 4110 3734 4174 perspicuum

2163 4216 2264 4262 est.
2298 4206 2466 4262 Velim
2493 4205 2656 4276 igitur
2717 4211 3007 4270 utramque
3049 4198 3221 4253 fuisse
3273 4200 3344 4251 ab
3378 4213 3448 4252 eo
3502 4197 3739 4266 epocbam

2163 4299 2486 4354 indicatam:
2549 4295 2721 4348 altero
2750 4302 2930 4346 autem
2961 4289 3084 4344 loco
3140 4286 3545 4355 descriptormu
3607 4284 3739 4338 oscio

2163 4389 2337 4442 tantia
2366 4385 2678 4440 numericas
2709 4393 2867 4435 notas
2890 4378 3180 4441 excidisse,
3217 4391 3361 4446 quas
3385 4375 3458 4429 ita
3494 4375 3636 4427 nullo
3659 4388 3740 4426 nec

2166 4479 2308 4548 gotio
2367 4477 2617 4547 suppleas
2683 4481 2804 4543 post
2842 4469 3075 4541 Augusti
3119 4482 3355 4528 nomen,
3390 4465 3484 4529 ‘28,
3515 4480 3614 4534 quo
3636 4472 3735 4530 post

2174 4582 2398 4626 mortem
2463 4568 2778 4636 Cleopatra’,
2818 4574 2925 4626 etc,
2949 4563 3025 4617 [ta
3055 4569 3110 4615 et
3142 4560 3522 4614 llieronkus
3547 4557 3740 4610 videtur

2170 4677 2460 4733 utramque
2481 4661 2742 4730 cpocham
2803 4669 3060 4726 expresse
3130 4661 3433 4708 conuolare
3497 4650 3738 4709 voluisse,

2171 4757 2225 4810 in
2287 4757 2594 4810 Comment.
2654 4751 2709 4805 in
2744 4759 2906 4818 caput
2963 4747 3267 4802 secundum
3323 4743 3504 4804 Isaiae,
3545 4738 3740 4800 ubisit,

2175 4849 2383 4904 Veteres
2413 4844 2739 4900 revolvamus
2800 4840 3086 4904 historias,
3119 4847 3167 4892 et
3221 4836 3546 4890 inveniemus
3599 4844 3741 4899 usque

2166 4943 2235 4996 ad
2255 4941 2324 4995 εὶὸ
2351 4954 2549 4993 annum
2573 4935 2803 4992 Caesaris
2837 4931 3082 5003 Augusti,
3111 4935 3262 4997 cujus
3295 4928 3359 4982 M
3437 4942 3575 4978 arma
3600 4923 3736 4977 Clui-

2172 5042 2284 5086 stus
2319 5040 2478 5084 uatus
2515 5037 2591 5081 est
2615 5029 2668 5079 iu
2690 5024 2898 5087 .luda'a,
2936 5023 2988 5075 in
3011 5029 3118 5073 toto
3139 5035 3189 5071 οι
3205 5017 3266 5072 be
3306 5029 3566 5070 terrarum
3594 5014 3738 5082 fuisse

2165 5124 2510 5189 discordiam,
2533 5130 2582 5175 et
2614 5118 2851 5188 singulas
2879 5115 3124 5168 nationes
3171 5122 3362 5165 contra
3404 5110 3602 5162 uicinas
3625 5119 3733 5174 gen-

2166 5231 2239 5271 tes
2265 5217 2456 5270 arsisse
2483 5214 2658 5268 stuaio
2679 5210 2984 5281 pt'teliandi,
3011 5208 3089 5260 ita
3133 5217 3187 5258 ut
3213 5203 3499 5266 cruciarent,
3519 5209 3566 5252 et
3587 5199 3731 5250 mdes

2167 5323 2373 5373 rentur,
2407 5317 2515 5370 etc,
2551 5307 2737 5362 Priore
2767 5304 2887 5358 loco
2917 5303 2985 5356 ab
3019 5301 3240 5354 Actiata
3280 5294 3505 5350 victoria
3535 5309 3549 5347 :
3580 5291 3728 5344 altero

2165 5424 2194 5462 a
2234 5405 2467 5462 Caesaris
2492 5403 2639 5459 ςενιΙο
2703 5399 2952 5454 eumdem
3012 5394 3226 5463 imperti
3285 5389 3510 5459 Augusti
3543 5398 3721 5440 annum

2163 5499 2430 5568 designat.
2465 5497 2625 5552 Certe
2657 5492 2855 5548 falsum
2914 5497 3020 5553 est,
3065 5484 3207 5556 quod
3247 5483 3490 5551 Scaliger
3520 5486 3722 5534 conten-

2165 5597 2264 5658 dit,
2297 5603 2355 5647 ut
2382 5593 2559 5646 locum
2611 5584 2912 5642 attendenti
2965 5581 3147 5636 serius
3205 5577 3431 5648 patebit,
3483 5573 3718 5636 Hierony-

2165 5703 2312 5740 mntn
2346 5700 2469 5739 cum
2501 5684 2640 5738 idem
2691 5677 3025 5749 principium
3053 5672 3125 5727 28
3151 5685 3206 5727 et
3234 5671 3298 5725 ll
3338 5669 3467 5722 anni
3511 5659 3711 5732 Augusti

2165 5781 2346 5848 faciat,
2377 5777 2590 5835 diversa
2627 5775 2742 5832 haec
2775 5782 3016 5841 tempora
3077 5766 3252 5824 fuisse
3279 5761 3612 5823 arbitratum,
3637 5759 3711 5814 ei.
