2007 3098
159 154 228 200 1033

789 151 990 199 numen
1010 159 1129 200 NOTAE.
1721 180 1787 214 1035

155 231 208 258 que
241 223 442 251 Tertullianum
480 224 507 251 itt
549 224 672 251 eamdem
710 221 949 251 halluciuailonem
965 229 989 255 Α
1003 227 1056 252 lG'c'i
1086 226 1309 261 interpretatione
1331 231 1466 260 inferius:
1488 227 1645 270 quanquam
1664 223 1721 265 haec
1738 249 1788 274 pa-

156 269 305 304 praeivisse.
321 269 453 297 Caeterum
469 271 495 297 in
512 270 652 297 Parmensi
663 277 713 297 ms.
738 270 854 304 aliisque
873 269 947 296 Pon-

155 318 217 341 tneo
232 315 357 347 laudatis,
377 322 430 342 non
449 315 495 347 4i,
527 316 573 342 sed
588 314 634 347 40,
653 314 778 341 absolute
792 314 889 348 legitur
903 313 947 340 hic

154 360 217 391 luci,
237 368 296 393 qua:
314 361 370 395 ipsa
387 368 494 395 quoque
506 361 653 394 incongrua
672 360 753 387 lectio
768 367 821 387 non
838 364 889 387 est.

187 405 248 434 Col.
264 406 326 433 440.
343 406 457 441 Cyrinus
471 409 503 432 est:
522 406 644 437 consilio,
664 409 717 432 etc.
735 405 834 433 Reliin
852 406 944 434 loettm

153 451 228 478 hunc
250 451 370 487 Scaliger
385 459 434 486 pro
461 452 595 479 arbitratu
623 459 672 478 suo
695 451 749 479 ita:
764 450 889 483 Quirinus
911 454 944 478 ea:

153 497 264 524 consilio
292 503 398 524 senatus
424 498 452 523 in
474 496 598 524 Judaram
628 498 735 530 missus,
760 503 832 532 etc.;
854 499 944 526 verbis

153 543 269 569 edicenle
298 542 412 575 Ca'sare,
430 551 490 578 quae
521 543 653 577 putavita
679 544 880 572 correctoribus
898 545 942 571 in-

152 591 284 619 crustata,
301 588 507 621 praetermissis.
517 588 587 615 Dein
602 589 714 622 erroris,
728 596 809 624 quem
826 590 882 623 ipse
895 589 943 616 ad-

152 633 237 664 misit,
252 633 279 659 in
294 628 383 660 verbis
398 641 429 660 ea:
450 633 562 660 consilio
574 639 692 668 senatus,
710 639 818 670 torquet
834 635 862 662 in
876 635 941 663 Hie-

152 686 294 713 ronymum
305 680 410 714 culpam
425 687 432 707 :
446 680 563 715 denique
581 685 663 708 totam
678 681 832 716 periocham
844 680 941 709 subse-

150 724 244 759 quenti
260 724 293 752 de
308 725 407 752 Christi
425 731 485 752 ortu
510 727 658 761 postponit.
672 721 775 760 Quibus
788 728 861 755 ausis
872 735 938 755 mss.

149 770 344 798 auctoritatem
356 779 404 797 tios
434 771 514 799 unice
530 773 703 806 opponimus,
732 773 837 809 singula
863 775 938 801 enitn

151 816 279 849 persequi
294 823 343 843 nec
356 821 445 848 vacat,
468 825 519 844 nec
532 825 599 845 sane
615 819 725 846 lectoris
742 819 865 847 ittterest.
875 819 935 847 Non

147 862 392 896 pmlerntitletnus
414 868 503 890 autem
519 871 578 897 quas
604 864 762 893 Theodorus
776 865 880 901 Rykius
895 867 937 894 di-

146 914 198 941 gna
217 908 287 934 lectu
301 908 381 935 habet
391 909 424 935 de
440 909 553 942 Quirino
566 918 593 937 tn
611 897 832 941 animadvers.in
849 913 935 941 Taeit.
952 897 977 935 δ

146 951 222 986 p.57
234 957 262 979 et
277 959 377 988 seqq.:
398 953 428 981 P.
459 954 585 989 Sulpitlo,
611 955 709 990 inquit,
743 956 866 991 Quirino,
882 966 936 985 non

148 997 271 1030 Quirinio
285 1006 437 1033 cognomen
450 999 535 1028 fuisse
569 1002 645 1035 plura
672 1008 833 1038 argumenta
861 1007 936 1032 sunt.

145 1042 267 1070 Primum
284 1044 356 1071 enim
371 1046 467 1074 suadet
497 1048 652 1076 terminatio
678 1051 868 1085 cognmninum
881 1059 934 1079 non

144 1088 333 1117 denotantiutn
359 1087 446 1118 artem
478 1092 598 1127 aliquam
631 1094 682 1122 hoc
709 1099 827 1129 tempore
850 1097 936 1123 usita-

143 1139 223 1163 tam:
250 1136 311 1163 dein
335 1143 466 1172 expressa
497 1139 598 1174 aliquot
619 1145 741 1168 veterum
772 1143 933 1170 auctoritas.

143 1182 222 1215 Apud
240 1181 400 1210 Suetonium
418 1183 483 1211 Tib.
502 1192 527 1211 c.
544 1185 590 1217 ‘9,
605 1186 634 1213 in
643 1187 771 1214 omnibus
793 1188 873 1215 codd.
894 1188 934 1215 le-

142 1227 236 1262 gitur:
259 1229 288 1255 in
304 1230 422 1263 gratiam
436 1230 541 1262 Quirini
566 1232 715 1260 consularis
744 1234 892 1266 p'rwdivilis
907 1238 933 1260 et

141 1273 212 1300 orbi.
237 1273 266 1300 In
292 1274 381 1302 Fastis
397 1276 497 1304 Siculis
512 1283 628 1310 exserte,
650 1279 782 1306 Μεσσάλα
802 1282 849 1306 καὶ
865 1280 932 1307 Κυι-

142 1321 228 1356 ρῐνου.
247 1320 381 1349 Nummus
405 1323 476 1358 apud
504 1323 653 1351 Hubertum
671 1325 805 1353 Goltziutn
829 1329 855 1353 in
877 1335 929 1354 una

140 1373 204 1394 area
228 1367 330 1395 circum
351 1368 442 1403 lupam
463 1369 609 1397 Romulum
629 1377 656 1398 et
678 1372 792 1398 Remum
819 1373 926 1400 lactan-

139 1417 205 1446 tem,
229 1420 310 1447 super
337 1421 419 1447 quant
446 1419 552 1442 montes
578 1420 693 1450 Septem,
714 1417 783 1444 infra
809 1418 928 1447 Trin-ris.

139 1458 172 1486 P.
198 1459 381 1488 SULPITIUS
421 1460 452 1489 P.
486 1461 516 1489 F.
551 1462 577 1488 in
604 1464 688 1489 altera
721 1464 824 1491 circum
847 1469 929 1499 caput

138 1506 221 1534 deat:
251 1507 419 1540 QUIRINUS
450 1507 497 1535 Ill.
530 1508 612 1536 “IL.
638 1509 685 1543 qui
721 1517 777 1536 rem
816 1511 927 1538 decidit.

139 1545 217 1580 Unde
233 1561 288 1581 non
305 1554 495 1586 dubitattdum,
515 1554 580 1588 quin
596 1557 623 1582 ln
654 1552 732 1583 Dion.
751 1556 840 1583 Indice
853 1565 925 1584 coss.

139 1609 155 1629 a
186 1602 240 1629 742
262 1608 391 1637 corrupte
423 1603 550 1638 Κυρίνιος
582 1604 686 1639 legatur
712 1613 759 1637 pro
789 1605 925 1640 liutpfvoc.

137 1647 194 1675 Nec
206 1648 283 1676 aliter
298 1648 460 1676 terminatur
476 1650 528 1677 ho'c
548 1652 756 1684 eosnomentunt
774 1650 800 1677 in
813 1652 873 1678 altis
890 1651 928 1677 fa-

138 1693 233 1726 miliis,
266 1698 429 1722 auetoreset
457 1694 561 1728 lapides
588 1699 730 1722 testantur.
757 1696 826 1723 Hinc
855 1698 926 1731 apud

138 1741 302 1777 Cyprianum
318 1741 380 1769 libti
392 1749 421 1769 ttt
441 1740 555 1769 Testim.
568 1746 663 1769 contra
675 1742 784 1770 Judaaos
804 1743 837 1769 ad
861 1743 927 1775 Qni-

139 1790 229 1815 rinum
256 1792 306 1815 :et
320 1789 347 1815 in
375 1788 573 1823 Martyrologiis
601 1789 666 1823 non:
679 1796 751 1815 unus
786 1789 924 1821 Quirinus.

141 1834 285 1869 Inscriptio
303 1838 382 1861 vettts
397 1835 467 1868 apud
490 1834 658 1866 liciitesium,
679 1842 705 1862 c.
731 1842 878 1862 ssnruoxto
897 1842 923 1863 c.

135 1888 187 1908 rtL.
201 1888 318 1913 ovmttvo,
333 1887 386 1909 etc.
399 1880 511 1908 Faciunt
525 1881 577 1909 huc
589 1884 616 1907 et
625 1881 710 1909 Janus
719 1881 845 1915 Quirinus
853 1881 924 1916 apud

135 1928 307 1958 Suetonium,
323 1928 400 1954 collis
417 1927 545 1959 Quirinus
579 1929 650 1962 apud
675 1927 812 1959 Ovidium,
838 1935 924 1962 popu-

135 1971 176 1998 Ius
209 1970 337 2003 Quirinus
369 1972 438 2007 apud
464 1972 617 2003 Horatium,
645 1971 758 2004 Quirina
786 1972 875 2000 tribus
895 1973 922 2000 in

130 2017 270 2051 lapidibus
286 2018 414 2053 antiquis,
435 2018 507 2046 Juno
522 2018 635 2051 Quirina
663 2018 735 2054 apud
752 2018 921 2054 Dionysium.

133 2062 188 2090 Nec
208 2063 291 2091 refert
309 2065 378 2098 quod
402 2065 428 2092 in
457 2064 603 2100 Evangelio
639 2070 666 2092 et
681 2066 751 2100 apud
771 2065 919 2100 .losephutu

131 2109 236 2143 legatur
259 2111 405 2145 Κυρήνιος,
419 2111 445 2137 in
466 2110 651 2139 Alexandrino
672 2111 819 2144 Chronico,
848 2112 921 2139 Msa-

131 2155 201 2181 σᾶλα
216 2156 262 2182 καὶ
276 2155 421 2191 Kuptvloo;
438 2157 557 2184 externis
568 2156 638 2184 enim
666 2157 797 2184 usitatam
817 2165 920 2192 cogno-

130 2202 205 2227 mina
222 2201 405 2229 ltotnanomm
418 2203 443 2229 in
457 2203 499 2229 ius
522 2202 639 2230 subinde
663 2203 773 2236 etl'erre,
790 2205 918 2238 quoniam

1002 278 1062 298 rum
1079 272 1111 298 ad
1132 275 1300 308 propositum
1324 283 1448 305 nostrum
1476 286 1611 314 spectant,
1647 281 1699 311 Sed
1725 272 1787 312 mo-

1000 317 1107 345 nendus
1126 319 1222 347 sedqu
1248 329 1288 355 es,
1305 323 1399 351 lector.
1416 325 1449 352 de
1478 325 1608 364 Scaligeri
1633 331 1787 359 hallucina-

1000 363 1086 397 tione,
1118 373 1180 400 qua;
1202 368 1311 396 maximi
1327 370 1353 397 in
1378 378 1407 398 re
1431 372 1629 407 Cltronologtca
1654 380 1786 406 momenti

998 409 1057 444 est;
1092 411 1165 440 hunc
1189 415 1261 441 enim
1290 423 1404 450 annutn,
1423 417 1581 453 quiCltrtstt
1606 420 1703 451 nataiis
1723 424 1785 458 fuit,

998 458 1025 481 et
1046 461 1079 482 ex
1103 464 1157 491 quo
1187 463 1338 492 temporum
1369 467 1450 496 atque
1477 464 1654 494 historiarum
1686 477 1784 498 conse-

997 505 1140 535 qttenttum
1158 504 1275 533 rationes
1291 507 1420 540 pendent,
1436 508 1480 536 ille
1495 518 1548 537 non
1571 514 1631 539 eum
1651 514 1686 541 42
1703 515 1784 542 Titie-

996 546 1041 579 rii,
1058 550 1088 575 ut
1102 551 1213 577 omnino
1243 552 1329 579 voluit
1362 553 1506 588 Eusebius,
1528 563 1708 593 comparavit.
1734 565 1782 590 sed

995 599 1058 620 cum
1077 594 1261 630 subsequente
1276 599 1309 625 45
1323 606 1330 626 :
1345 607 1377 626 ex
1395 609 1448 635 quo
1471 600 1586 636 factum,
1612 610 1639 631 ιιι
1668 608 1783 635 turbatis

995 637 1080 667 semel
1104 642 1226 675 calculis,
1261 652 1371 673 omnem
1400 650 1569 681 praeverterit
1598 651 1782 682 Ettseltianam

994 684 1178 721 hypolbesim,
1195 693 1223 716 et
1240 691 1431 726 paralogiSmis
1461 694 1624 724 ittttnanibus
1645 699 1702 726 fere
1717 709 1783 728 con-
1797 724 1800 727 .

994 731 1109 759 tinentet
1131 739 1225 767 peccet
1246 744 1253 762 :
1283 737 1310 763 in
1332 744 1401 772 quos
1423 740 1672 770 animadverterunt
1704 745 1783 773 Peta—

994 778 1052 805 vius
1071 779 1105 806 de
1123 779 1202 808 Doct.
1227 778 1323 817 Temp.
1349 784 1396 811 lib.
1415 793 1453 817 ιιι.
1472 794 1497 819 c,
1518 788 1545 820 6,
1565 794 1594 816 et
1620 791 1719 825 Pagttts
1747 793 1780 820 ad

991 822 1102 851 Baronii
1121 825 1253 859 Annales,
1271 833 1338 855 tom.
1356 829 1375 861 Ι,
1398 838 1424 865 p,
1441 831 1483 860 I5.

1027 868 1086 899 Col.
1098 871 1161 900 441.
1181 871 1258 900 Iesus
1275 874 1441 904 Christus...
1462 877 1591 909 nascitur.
1611 881 1671 909 IIa-c
1698 884 1781 910 nimi-

991 921 1050 940 rum
1065 920 1117 948 est,
1133 917 1160 944 in
1177 922 1253 945 tanto
1281 925 1423 948 auctorum
1439 914 1565 953 dissensu
1590 927 1662 954 circa
1684 936 1779 956 verum

990 961 1093 989 Christi
1120 964 1236 990 natalem
1278 963 1392 1000 annum,
1413 972 1441 995 et
1465 971 1546 1005 vulgo
1570 974 1715 1008 receptiOr,
1750 981 1779 1003 et

989 1009 1100 1042 propior
1121 1009 1155 1036 ad
1176 1010 1255 1037 ﬁdem
1277 1011 1387 1040 Eusebii
1413 1016 1564 1047 sententia,
1583 1017 1725 1046 referentis
1744 1021 1779 1047 ad

988 1055 1099 1080 tertium
1119 1054 1280 1089 Olympiadis
1302 1057 1365 1089 194.
1389 1060 1424 1086 ab
1448 1060 1514 1088 Urb.
1537 1064 1620 1091 cond.
1641 1064 1702 1098 752,
1722 1067 1779 1093 Att-

986 1099 1056 1132 gusti
1073 1099 1118 1132 42,
1138 1106 1200 1128 ante
1217 1103 1337 1136 ejusdem
1362 1107 1475 1134 mortem
1495 1108 1538 1141 15,
1561 1110 1620 1144 ipso
1654 1112 1777 1149 Augusto

987 1145 1021 1172 15
1041 1151 1068 1172 et
1095 1146 1200 1174 Plautio
1221 1148 1314 1176 Silano
1328 1158 1399 1178 coss.
1411 1171 1419 1183 ,
1446 1154 1491 1187 qui
1509 1158 1598 1183 anuus
1615 1162 1657 1184 est
1673 1145 1776 1186 periodi

984 1192 1097 1219 Juliana:
1118 1193 1200 1226 4712,
1221 1195 1297 1229 cyclo
1314 1196 1382 1224 solis
1395 1197 1423 1229 8,
1442 1204 1495 1227 etc.
1517 1200 1590 1228 Idem
1614 1203 1671 1237 ipse
1688 1204 1774 1232 Eust-~

984 1238 1045 1264 bius
1062 1238 1130 1265 Ilist.
1151 1240 1257 1269 Eeclcs.
1281 1242 1329 1270 lib.
1345 1250 1363 1274 t,
1379 1252 1439 1279 cap.
1456 1245 1494 1273 6:
1508 1243 1562 1274 'IIv
1585 1247 1617 1283 δὴ
1632 1247 1680 1276 οὖν
1694 1251 1773 1278 τοῦτο)

983 1283 1109 1318 δεύτερον
1139 1287 1185 1311 καὶ
1213 1290 1433 1323 τεσσαρακοστδν
1462 1291 1532 1325 ἔτος,
1561 1302 1587 1321 κ.
1602 1303 1628 1322 τ.
1644 1295 1668 1322 λ.
1681 1298 1773 1325 Annus

983 1331 1113 1364 agebatur
1131 1334 1262 1359 secundus
1278 1339 1302 1360 el
1318 1336 1535 1372 quadragesimus
1554 1342 1628 1375 regni
1641 1343 1772 1378 Augusti,

982 1376 1013 1401 ab
1028 1375 1141 1411 [Egi/pio
1169 1384 1256 1405 autem
1273 1381 1425 1417 subjttgafa,
1439 1389 1463 1410 et
1482 1385 1514 1411 ab
1542 1387 1648 1414 Antonii
1664 1375 1774 1424 (ῖλεομαζ

982 1427 1079 1455 lt'a’qtte
1095 1428 1185 1455 morle,
1206 1433 1291 1451 attritis
1307 1432 1416 1454 octavus
1433 1433 1457 1455 et
1474 1430 1623 1459 vicesimus.
1641 1432 1694 1460 Sed
1710 1442 1771 1463 eum

980 1467 1201 1500 disputationum,
1213 1479 1271 1505 quae
1286 1475 1421 1503 sexcentis
1437 1476 1513 1506 libris
1529 1483 1628 1514 scrtpta
1644 1486 1697 1513 est,
1721 1489 1771 1509 nec

980 1513 1044 1538 dum
1068 1514 1151 1546 finita,
1177 1522 1300 1545 retexere
1322 1519 1489 1555 iniEusebii
1512 1513 1640 1558 gratiam,
1665 1534 1771 1554 nostra-

982 1565 1041 1583 rum
1068 1560 1185 1592 partium
1217 1570 1271 1589 non
1295 1567 1347 1591 est.
1382 1563 1461 1599 Vide,
1484 1573 1513 1594 ιιι
1537 1577 1620 1597 unum
1650 1571 1769 1606 aliquem

984 1609 1017 1628 ex
1039 1602 1073 1629 iis
1090 1605 1239 1640 nominem,
1257 1610 1302 1642 qui
1338 1610 1366 1637 in
1396 1612 1446 1638 hac
1466 1621 1496 1640 se
1531 1617 1655 1648 palaestra
1684 1618 1769 1645 multa

982 1656 1044 1675 cum
1071 1650 1151 1678 laude
1179 1654 1372 1687 exercuerunt.
1405 1657 1578 1687 Salomonem
1607 1661 1664 1689 Van
1682 1662 1769 1696 Till.,

981 1694 1176 1723 dissertatione
1197 1698 1231 1724 de
1253 1699 1297 1726 die
1317 1705 1343 1726 et
1360 1707 1432 1729 anno
1458 1704 1559 1732 Christi
1588 1708 1684 1735 natali.

1016 1740 1083 1768 ibid.
1108 1742 1189 1769 Cuius
1214 1743 1404 1774 (ἑπέταν-,Πρω
1427 1755 1460 1774 ex
1487 1749 1644 1779 .I’urmensi
1670 1762 1722 1780 ms.
1738 1760 1768 1781 ιιι

980 1789 1008 1813 et
1022 1786 1153 1822 Scaligeri
1178 1790 1299 1818 editione
1333 1792 1489 1826 periocltam
1512 1797 1603 1823 statim
1635 1806 1649 1823 ιι
1664 1799 1766 1827 Christi

980 1832 1062 1858 natali
1081 1833 1284 1867 collocavitnus,
1312 1844 1372 1871 quae
1395 1840 1529 1874 superiori
1550 1849 1623 1869 anno
1640 1843 1666 1870 in
1686 1849 1767 1873 antea

980 1877 1073 1911 editis,
1100 1882 1128 1905 et
1144 1880 1216 1914 apud
1248 1880 1399 1910 Pontacum
1419 1880 1621 1916 recensebatttr.
1642 1888 1699 1917 Hoc
1725 1892 1767 1918 ui-

979 1924 1077 1951 mirum
1100 1933 1173 1953 anno
1201 1929 1280 1955 tertio
1299 1930 1461 1965 olympiadis
1478 1934 1539 1966 I95,
1572 1936 1655 1963 Caius
1674 1938 1766 1965 Caesar

977 1972 1090 2005 Augusti
1122 1972 1193 2000 ﬁlius
1222 1975 1365 2009 adoptivus
1389 1978 1489 2007 missus
1507 1986 1549 2009 est
1571 1983 1597 2010 in
1612 1983 1762 2015 Orientem.

977 2015 1014 2043 Ibi
1030 2024 1093 2043 eum
1114 2017 1246 2046 Phraates
1269 2020 1430 2050 Parthorum
1463 2032 1509 2052 rex
1532 2027 1565 2054 ad
1593 2030 1758 2066 colloquium

977 2061 1104 2090 invitavit
1118 2071 1125 2091 :
1138 2072 1189 2099 qua
1206 2068 1239 2090 de
1255 2073 1283 2092 re
1298 2068 1412 2095 omnino
1432 2070 1535 2098 videsis
1563 2061 1692 2102 Velleiunt
1711 2076 1766 2104 Pa-

977 2110 1112 2137 tet-culum
1134 2111 1182 2138 lib.
1219 2121 1248 2146 tt,
1270 2121 1332 2148 cap.
1353 2115 1413 2147 lOl,
1429 2123 1461 2142 ex
1488 2113 1574 2152 Lipsii
1590 2122 1761 2152 recensione.

977 2157 1108 2191 Scaliger,
1133 2160 1179 2193 qui
1210 2159 1292 2194 hujus
1316 2159 1566 2199 historitetetnpus
1585 2166 1618 2193 ad
1648 2169 1758 2196 tertium

975 2203 1124 2237 superioris
1161 2205 1323 2240 olympiadis
1352 2214 1454 2235 annutn
1494 2208 1588 2242 refert,
1621 2210 1652 2239 D.
1680 2212 1762 2241 Ltelio

131 2248 242 2282 gentilia
268 2248 308 2275 sic
323 2248 394 2283 apud
422 2256 469 2276 eos
493 2249 618 2277 desinere
646 2256 786 2278 noverant.
813 2251 866 2284 Sic‘
883 2251 919 2280 Μ,
935 2258 962 2289 Β
978 2248 1070 2281 Balbo,
1084 2248 1115 2277 C.
1135 2250 1253 2276 AlllISlIO
1274 2248 1376 2278 Vetere
1393 2248 1476 2283 ουδὲ..
1493 2255 1672 2290 quinquennii
1703 2266 1759 2285 me-

130 2293 264 2320 Claudius
291 2292 428 2328 Pupienus
443 2295 540 2329 imper.
554 2296 581 2322 in
598 2304 711 2324 nummo
727 2297 916 2331 Tarsensium,

129 2341 200 2368 apud
218 2339 374 2368 Tristanum
398 2347 509 2369 vocatur
529 2342 563 2369 Μ.
578 2342 676 2370 ΚΛΟΔ.
704 2344 915 2373 ΠΟΠΛΗΝΙΟΣ.

131 2384 167 2411 Ut
183 2389 297 2417 taceam,
320 2387 390 2420 apud
408 2387 442 2413 Ι).
455 2420 458 2423 ι
472 2386 574 2414 Lucam
594 2395 647 2415 nou
680 2396 775 2416 omnes
808 2390 917 2417 codices

129 2429 233 2458 trahere
247 2431 398 2466 Κυρηνίου,
415 2432 462 2459 sed
492 2435 625 2467 quosdam
651 2433 794 2469 Κυρείνου,
817 2436 917 2470 quibus

128 2476 250 2502 concinit
272 2477 364 2504 versio
395 2477 521 2513 Vulgata,
546 2487 607 2513 qua:
639 2480 757 2515 Cyrino:
782 2481 914 2515 quosdam

126 2523 286 2558 Κηρυνῐουε
312 2532 343 2551 ex
360 2534 412 2560 qtta
447 2526 629 2554 inconstantia
648 2527 681 2554 de
704 2528 803 2555 mendo
823 2529 915 2564 suspi-

127 2569 185 2595 cari
206 2569 280 2597 licet.
304 2571 332 2597 In
349 2571 401 2598 hoc
417 2576 519 2603 autent,
544 2573 614 2608 αὕτη
639 2574 788 2609 ἀπογραξὴ
806 2574 912 2610 πρώτη,

126 2613 236 2646 ἐγένετο
251 2615 464 2649 ἡγεμονεύοντος
478 2616 527 2651 τῆς
557 2618 656 2648 Συρίας
684 2619 833 2652 Κυρηνίου,
854 2627 912 2647 esse

125 2661 289 2693 explicanda
305 2669 367 2689 cum
381 2662 554 2694 Casaubono,
568 2671 619 2691 non
636 2672 698 2691 cum
711 2665 765 2692 illis
774 2674 821 2697 qut
838 2665 915 2701 πρώ-

124 2706 303 2745 m‘positum
321 2708 406 2734 velint
427 2715 475 2742 pro
486 2710 621 2744 προτέρα,
638 2715 684 2737 aut
703 2711 805 2745 μᾶλλον
819 2712 915 2739 subin-

125 2741 224 2785 teliigi,
240 2741 470 2787 pneterquainrex
492 2741 642 2783 rationibus
662 2765 676 2783 ιι
691 2757 854 2785 (Σιιελιιὴοηο
873 2761 915 2785 al-

126 2794 200 2827 latis,
237 2803 268 2823 ex
294 2797 346 2825 hoc
378 2803 452 2832 patet
471 2798 617 2828 Eusebiani
650 2802 777 2830 Chronici
805 2804 875 2835 loco,
888 2810 914 2832 et

125 2841 215 2868 adhuc
243 2843 344 2871 clarius
384 2852 417 2872 ex
441 2846 577 2881 Syncello.
602 2847 737 2877 [lactentis
761 2850 817 2878 ille.
836 2851 914 2878 Dice-

125 2894 187 2913 mus
209 2892 236 2914 et
251 2896 300 2915 nos
322 2889 437 2918 fortasse
456 2891 489 2918 de
505 2891 606 2921 Lucani
640 2895 722 2930 hujus
744 2897 912 2925 vexatissiuti

288 2936 423 2969 ΡΑτιιοι.
457 2939 585 2972 XXVII.

974 2296 1188 2325 tachronismnm
1221 2297 1340 2325 Eusebio
1372 2300 1531 2333 exprobrat.
1566 2301 1618 2328 Sed
1655 2302 1758 2330 fallitur

972 2344 1031 2377 ipse
1045 2343 1198 2378 splendide,
1222 2350 1251 2371 ιιι
1276 2351 1337 2378 post
1360 2345 1506 2378 Vclleium,
1521 2355 1601 2382 quem
1624 2350 1756 2384 diximus,

972 2386 1050 2415 facile
1065 2389 1200 2423 intelliges
1216 2390 1251 2416 ab
1273 2390 1380 2417 Norisio
1411 2397 1505 2419 nostro
1532 2394 1683 2429 Cenotaplt.
1712 2396 1759 2422 Pi-

971 2440 1031 2460 satt.
1060 2441 1122 2467 pag.
1155 2434 1204 2461 I87
1218 2440 1244 2461 et
1266 2443 1324 2471 seq.
1354 2436 1413 2470 Ipsa
1438 2437 1495 2464 Caii
1533 2445 1599 2466 a-tas
1625 2442 1758 2469 dedocrre

971 2478 1138 2514 Scaligcrum
1162 2481 1270 2514 potuit:
1291 2487 1317 2508 et
1345 2490 1444 2510 versUs‘
1465 2492 1534 2519 quos
1560 2486 1674 2519 ipsemet
1699 2488 1759 2515 latt-

971 2524 1028 2559 dat,
1042 2526 1131 2553 Ovidii
1145 2527 1178 2554 de
1197 2527 1256 2554 Art.
1269 2527 1287 2554 l.
1317 2536 1342 2555 t:

1061 2583 1315 2623 Auspiciisiannlsque
1326 2587 1488 2623 patris,puer,
1501 2597 1564 2623 arma
1577 2593 1694 2623 movebis,

1093 2616 1123 2638 lit
1137 2616 1220 2639 vinces
1231 2623 1301 2640 anuis
1311 2616 1486 2650 auspiciisque
1502 2622 1586 2652 patris.

970 2667 1070 2699 quibus
1086 2674 1152 2693 sane
1179 2667 1345 2702 signiﬁcatur
1359 2669 1450 2702 Caius,
1473 2672 1554 2699 sicuti
1585 2673 1687 2707 pridem
1705 2682 1754 2708 pa-

970 2719 1011 2740 ter
1034 2714 1093 2749 ejus
1131 2714 1279 2748 Augustus,
1319 2717 1521 2746 undevicesimo
1559 2721 1646 2747 :L-tatis
1683 2730 1755 2748 anno

970 2759 1038 2786 bella
1063 2759 1229 2793 auspicatus.
1250 2760 1334 2788 Nuttts
1365 2762 1445 2797 igitur
1467 2771 1529 2790 eum
1556 2765 1602 2795 sit,
1623 2767 1755 2799 quemad-

970 2805 1079 2832 modum
1106 2805 1154 2832 Dio
1170 2806 1220 2833 lib.
1239 2814 1280 2833 Ltv
1305 2812 1429 2840 testatur,
1448 2817 1518 2836 anno
1533 2811 1566 2836 alt
1590 2810 1622 2838 U.
1642 2812 1672 2839 (ἶ.
1690 2813 1752 2844 755,

969 2859 1028 2879 eam
1049 2852 1249 2885 etpeditimtetn
1265 2853 1338 2881 circa
1361 2855 1413 2881 ’155
1434 2857 1564 2891 suscepit,
1611 2863 1694 2892 atque
1727 2861 1753 2886 in

969 2897 1083 2927 I‘artltos
1107 2899 1211 2927 movit:
1238 2899 1290 2928 hoc
1323 2908 1420 2935 nempe
1448 2903 1508 2937 ipso
1533 2907 1656 2939 tempore
1679 2906 1752 2940 quod

1876 221 1889 231 δ
