2007 3098
162 178 228 211 1037

161 236 311 271 πόματος,
328 236 555 271 quemadmodum
569 241 594 265 et
609 236 791 272 llieronymus
803 237 866 272 legit
878 236 950 271 apud
965 242 986 270 Α

158 282 316 314 Eusebium,
331 283 397 317 legit
412 283 566 319 Synccllus,
583 284 638 311 ἀπὸ
652 284 699 310 τοῦ
717 284 854 317 σώματος.

193 327 253 355 Col.
268 328 331 355 Mf.
347 328 378 355 In
393 328 507 356 Herodis
523 329 589 363 loco,
606 334 660 357 etc.
676 330 742 363 Qum
757 330 790 357 de
805 329 946 365 θανασῑμῳ

158 374 275 402 Herodis
290 383 362 402 anno
378 376 497 403 diximus
508 396 515 408 .
534 377 622 404 locum
641 377 685 404 hic
702 385 809 412 quoque
827 378 944 409 habent;

157 425 260 448 certum
274 425 316 448 est
327 421 416 453 enim,
430 423 520 449 statim
533 430 547 449 a
564 424 648 457 patris
661 428 747 450 morte
760 431 844 458 regno
856 424 945 450 admi-

156 468 301 494 nistrando
318 467 482 494 Archelaum
502 469 678 496 successisse.
708 468 868 504 Quanquam
887 469 945 496 dis-

156 512 341 540 sentientibus
355 520 370 540 e
386 513 501 547 vestigio
517 514 589 541 inter
604 522 633 541 se
648 514 780 541 fratribus
792 533 799 545 .
816 522 945 542 causain-

155 567 209 593 que
226 559 318 586 Roma:
334 560 404 594 apud
418 561 568 595 Augustum
585 560 757 593 dicentibus,
773 568 823 588 nec
840 562 944 596 regium

155 613 265 636 nomen.
290 613 339 632 nec
365 610 448 632 totam
473 607 558 641 patris
581 607 711 634 ditionem
737 608 885 635 Archelaus
909 608 944 635 ab

153 651 276 686 Augusto
288 651 415 678 obtinuit.
428 651 563 686 Iosephus
575 650 718 688 Antiquizt.
731 653 777 681 lib.
792 662 847 681 xvn
860 662 868 680 :
880 655 944 689 Ἀρ-

153 697 251 731 χὲ).αον
269 696 382 731 βασιλέα
403 697 452 731 μὲν
469 698 518 724 οὐκ
539 699 739 732 ἀποφαίνεται,
759 708 832 727 κντ.
849 700 876 727 λ.
892 700 945 727 Ille

816 166 1018 221 iuuans“
1041 164 1158 211 item.

153 742 257 776 quidem
274 743 433 778 (Augustus)
451 744 608 771 Archelaum
625 753 710 779 regem
728 754 779 772 non
796 746 916 773 declarat
933 755 943 774 ε
957 770 963 776 .

152 788 198 815 sed
213 788 269 822 ejus
284 789 404 821 ditionis,
420 797 480 824 qua:
509 790 609 817 Herodi
624 796 680 818 erat
696 792 827 826 subjecta,
839 793 866 819 in
879 801 944 827 par-

154 838 206 860 tem
227 834 366 868 dimidiam
387 836 475 869 ipsum
496 838 630 863 constituit
652 837 835 865 etlmarcham.
857 839 943 866 Dimi-

153 880 225 906 diam
245 880 356 907 alteram
377 885 482 916 partetn
504 882 630 910 bifariam
651 884 768 911 divisam
789 885 895 920 Antipae
914 889 942 913 et

1001 236 1188 273 principatum,
1204 235 1311 263 Asinius
1323 244 1386 270 pene
1400 235 1435 262 ad
1449 240 1593 262 extremum
1608 235 1722 260 duravit.
1739 234 1788 260 Sc-

1000 283 1117 310 cundum
1138 284 1210 314 haec,
1228 287 1254 309 et
1270 290 1302 310 ea
1314 302 1321 315 ,
1338 287 1398 317 qure
1414 275 1553 317 αὐτόπτης
1571 281 1711 309 scribebat
1727 281 1791 308 Ovi-

998 329 1078 361 dius,
1103 324 1307 356 commntarnnt
1331 329 1420 356 locum
1447 328 1474 356 in
1500 328 1635 356 Chronico
1662 327 1789 357 Eusebii,

998 374 1094 407 Pollio,
1109 379 1137 402 et
1152 374 1288 408 Messalla,
1303 379 1332 401 ut
1342 382 1423 402 .num.
1437 374 1508 402 2020
1524 372 1648 401 Messalla
1665 379 1790 400 mortuus

998 413 1091 452 fuerit,
1107 420 1193 448 Poi'lio
1206 429 1272 449 vero
1286 421 1356 448 2029
1373 429 1380 449 :
1398 421 1470 449 unde
1485 427 1557 449 recte
1573 425 1669 448 auctor
1686 420 1788 454 Dialith

997 466 1096 493 dixerit
1121 467 1248 494 Asinium
1275 474 1344 501 pene
1370 467 1402 494 ad
1427 471 1579 495 extremum
1607 468 1787 502 principatum

996 513 1116 551 Augusti
1127 513 1283 547 pervenisse
1294 532 1301 544 ,
1318 513 1484 547 penultimus
1500 514 1572 540 enim
1589 521 1678 541 annus
1693 515 1789 548 Angu-

996 559 1029 585 sti
1046 559 1141 586 incidit
1158 560 1183 585 in
1201 568 1275 586 nutu.
1290 559 1371 585 2020.
1389 560 1482 593 Itaqtte
1497 557 1558 586 cum
1575 559 1686 587 Asinius
1701 559 1788 586 Pollio

996 596 1094 631 vixerit
1115 612 1181 642 ann.
1203 605 1247 636 80,
1270 610 1348 631 natus
1370 606 1450 639 igitur
1470 605 1552 632 fuerit
1571 613 1686 633 numero
1709 607 1789 638 I949,

995 651 1090 677 consul
1106 650 1192 678 factus
1207 659 1293 678 annos
1310 658 1390 678 natus
1406 649 1440 679 29
1455 650 1502 678 aut
1518 652 1564 679 28.
1580 652 1638 679 Val.
1656 651 1790 679 Maximus

997 695 1067 723 libro
1082 704 1139 728 vtn,
1155 704 1215 731 cap.
1233 691 1277 730 Μ,
1293 703 1372 725 voeat
1387 693 1512 725 Asinium
1530 692 1680 725 Pollionem
1699 703 1791 725 nume-

995 749 1063 769 rosa:
1076 744 1225 770 vivacitatis
1240 744 1311 771 haud
1327 753 1437 778 parvum
1453 745 1613 778 exemplum.
1629 744 1702 772 Vixit
1717 746 1789 772 enim

996 793 1098 819 annos,
1116 793 1144 814 ut
1159 788 1298 821 diximus,
1315 789 1361 816 80.
1377 789 1503 816 Jamvero
1520 789 1622 817 textum
1640 790 1711 824 quod
1728 798 1791 824 spe-

995 836 1069 864 ctat,
1086 833 1190 867 primus
1208 833 1347 862 Palatinus
1366 842 1435 865 ms..
1454 840 1520 862 teste
1538 835 1789 866 Schurzlleiscltio,

996 876 1060 912 legit
1081 878 1167 905 ulcere
1192 871 1243 913 illi,
1269 881 1366 907 tertius
1387 879 1492 908 haltere
1511 873 1562 914 illi,
1583 882 1656 916 quod
1677 878 1790 908 omnino

154 924 280 960 Philippo
298 928 444 954 concessit.
463 927 646 960 Quamobrem
667 929 788 965 Scaliger
803 932 873 958 totis
891 931 941 958 ha-

996 924 1087 951 verius
1104 931 1169 959 puto
1185 933 1266 960 quam
1285 927 1450 961 impressum
1466 928 1550 955 etiam
1567 928 1594 954 in
1613 927 1789 963 Scaligeraua

153 971 233 999 benis
251 976 348 999 contra
368 972 514 1000 Eusebium
534 973 693 1007 effunditur,
714 977 787 1009 quod
808 976 882 1002 dicat
901 975 944 1003 fa-

151 1021 212 1044 ctas
228 1018 391 1045 tetrarchias
407 1023 524 1054 quatuor
540 1019 566 1046 in
582 1024 703 1059 quatuor
720 1021 818 1048 fratres
830 1041 837 1052 .
857 1022 944 1049 Hero-

151 1061 235 1094 dem,
255 1062 446 1097 Antipatrum,
469 1063 599 1099 Lysiam.
621 1070 648 1091 et
670 1065 837 1100 Philippum.
861 1066 944 1099 Quas.

151 1108 255 1142 inquit,
278 1109 369 1136 omnia
395 1109 509 1137 ridicula
535 1115 609 1141 sunt,
635 1118 697 1137 nam
724 1111 865 1145 Antipater
886 1111 943 1146 jzim

153 1153 275 1187 quinque
301 1153 399 1181 diebus
415 1161 477 1182 ante
491 1155 593 1182 obitum
609 1154 693 1189 patris
709 1155 805 1189 laqueo
818 1160 944 1191 strangu-

152 1197 225 1224 latus
240 1202 299 1225 erat
316 1206 324 1226 :
342 1197 472 1233 Lysanias
488 1207 551 1227 vero
567 1199 647 1233 plane
662 1200 865 1227 catninentitius
882 1204 921 1227 est
935 1221 942 1233 ,

154 1252 237 1277 quem
272 1244 357 1271 filium
381 1252 518 1278 nunquam
542 1246 634 1281 genuit
656 1245 791 1284 Herodes,
816 1246 889 1273 nulla
911 1254 943 1273 ex

152 1297 252 1318 novem
273 1291 404 1319 uxoribus
426 1291 540 1319 Herodis
560 1292 673 1327 peperit.
694 1292 783 1325 Quare
805 1293 891 1328 pergit
911 1292 944 1320 de

153 1337 367 1365 hallucinatione
380 1338 490 1365 Eusebii
503 1345 536 1365 ex
550 1339 702 1365 tetram-him
714 1339 846 1366 vocabqu
860 1339 942 1365 multa

152 1382 206 1409 huc
218 1390 380 1417 congerens,
392 1389 419 1411 et
439 1385 596 1419 cumprimis
608 1386 640 1412 dc
654 1385 743 1420 Lysia,
758 1392 803 1412 aut
816 1386 943 1421 Lysania,

151 1428 199 1463 qui
219 1429 243 1456 si
263 1429 296 1457 de
315 1429 416 1458 familia
436 1431 550 1458 Herodis
568 1439 601 1459 ex
634 1432 733 1459 Arabia
764 1438 810 1460 aut
831 1433 943 1461 aliunde

152 1474 222 1507 fuit,
241 1474 314 1503 Illius
333 1479 424 1503 tamen
442 1476 502 1511 ejus
519 1484 572 1503 non
591 1477 650 1504 fuit.
668 1477 775 1510 Quibus
792 1479 921 1506 omnibus
933 1499 940 1512 ,

152 1527 186 1547 ne
201 1519 322 1555 longius,
337 1528 418 1555 quam
434 1529 482 1556 per
494 1526 622 1549 notarum
636 1523 775 1557 angustias
790 1523 863 1556 licet,
878 1532 942 1551 eva~

150 1574 264 1601 gemur,
276 1566 358 1594 faciet
374 1566 491 1595 fortasse
507 1569 575 1596 satis
593 1569 692 1603 saepius
709 1569 818 1597 laudata
836 1569 940 1598 disser—

152 1612 254 1640 tatione
272 1612 385 1641 Noldius
396 1633 403 1645 ,
420 1622 499 1648 quem
515 1619 543 1641 ut
557 1615 702 1648 consulas,
720 1621 815 1643 auctor
831 1624 902 1648 sum.
926 1624 940 1643 a

150 1666 229 1697 num.
244 1658 278 1685 40
297 1659 468 1687 continenter
484 1667 570 1696 usque
587 1660 624 1698 ad.
638 1660 682 1687 42.
700 1654 774 1688 Adde
791 1667 817 1689 et
836 1662 941 1689 Basna-

150 1704 225 1739 gium
238 1704 309 1732 'tom.’
325 1704 347 1736 Ι,
363 1709 437 1740 part.
451 1713 481 1737 tt,
496 1705 597 1733 Histor.
612 1704 769 1734 Iudaeorum
784 1715 844 1740 cap.
862 1708 906 1734 ll.

163 1784 167 1788 .
186 1750 245 1777 Col.
262 1750 324 1777 442.
342 1750 484 1777 Philistion
501 1752 710 1787 mimographus.
726 1752 808 1780 Notat
823 1754 942 1781 Schurz-

151 1794 290 1823 ﬂeischius
314 1796 340 1823 in
355 1796 443 1831 primo
456 1796 570 1824 Palatio.
585 1805 637 1825 ms.
652 1794 859 1833 monographum
872 1800 943 1826 male

152 1836 223 1868 hunc
238 1842 328 1869 vocari
346 1851 354 1869 ς
370 1843 403 1869 ab
421 1843 473 1870 hoc
489 1849 579 1870 autem
595 1842 757 1871 Philistione
768 1865 775 1877 ,
791 1849 860 1872 teste
877 1845 939 1880 Epi-

152 1884 253 1922 phanio
264 1908 272 1921 ,
289 1888 397 1916 fabulas
413 1896 478 1916 suas
495 1889 665 1924 ineptiasque
682 1891 832 1925 sumpsisse
849 1890 938 1917 Simo-

152 1941 214 1961 nem
232 1934 336 1969 Magunt
352 1940 378 1961 et
393 1934 549 1962 Gnosticos.
565 1936 632 1963 Vide
649 1935 814 1963 Fabricium.

190 1978 260 2007 Ibid.
279 1979 398 2007 Tiberius
415 1981 507 2008 Cwsar
523 1981 678 2014 Dalmatas,
697 1986 749 2009 etc.
766 1982 863 2009 Confer
879 1973 941 2008 Vel-

152 2025 233 2065 leiutn
252 2026 297 2065 lib.
318 2035 348 2059 tt,
366 2034 424 2062 cap.
438 2027 503 2059 104,
522 2027 646 2055 Tacitqu
666 2035 774 2061 quoque
789 2029 887 2055 Annal.
908 2037 940 2059 tt,

151 2071 197 2103 46,
210 2077 238 2099 et
251 2064 362 2099 Dionem
378 2073 424 2100 lib.
437 2081 480 2102 ιν.
495 2080 510 2099 e
522 2074 621 2107 quibus
636 2073 781 2107 intelliges.
797 2074 867 2101 haud
880 2074 941 2107 jure

150 2123 308 2152 suspectum
326 2118 408 2146 fuisse
425 2110 565 2153 Seuligero
582 2119 671 2145 locum
689 2120 721 2145 de
737 2120 879 2147 Sarmatis.

188 2163 266 2197 (Ibid.
278 2164 353 2197 Apud
365 2164 502 2199 Vallarsi).
516 2165 579 2197 Qua:
588 2164 833 2196 Italico,utvocaut,
844 2168 940 2193 cbara-

149 2212 224 2236 cletc
242 2215 380 2243 notantur,
394 2219 447 2238 non
462 2219 547 2246 usque
561 2211 629 2238 adeo
643 2212 759 2246 genuina
768 2217 842 2243 sunt,
855 2220 939 2246 neque

954 1596 977 1628 C

998 969 1118 997 editione
1135 970 1221 997 ulcere
1239 971 1300 998 sibi.
1318 972 1346 998 lu
1366 971 1419 999 fine
1437 971 1594 1000 Parmensis
1612 980 1664 999 ms.
1683 977 1789 1000 tantum

996 1022 1085 1043 annos
1100 1015 1134 1042 70
1149 1016 1239 1043 aetatis
1254 1007 1388 1043 Messallae
1404 1022 1558 1051 computat.

1031 1060 1089 1088 Col.
1102 1061 1165 1088 441.
1179 1061 1363 1096 Augustus....
1386 1071 1491 1089 censum
1504 1055 1596 1090 Romw
1607 1066 1724 1100 agitans,
1736 1070 1789 1094 etc.

996 1106 1092 1132 Actum
1110 1104 1232 1141 scqltenti
1250 1115 1334 1140 anno,
1350 1108 1371 1134 si
1388 1109 1497 1143 quidem
1516 1106 1643 1137 muneres
1659 1119 1672 1138 ει
1689 1109 1789 1138 Kalen-

996 1152 1038 1178 dis
1054 1151 1205 1185 Januariis,
1223 1146 1295 1193 quod
1316 1159 1406 1180 tamen
1425 1152 1538 1181 minimc
1557 1153 1692 1183 Eusebius
1711 1158 1787 1185 facit.

996 1199 1034 1225 Ita
1057 1199 1185 1231 fidejubet
1202 1207 1262 1226 osse
1281 1201 1419 1234 Augustus
1437 1201 1551 1236 ipsemet
1570 1203 1595 1228 in
1618 1203 1708 1231 iudice
1726 1209 1787 1231 suo.

995 1236 1208 1273 Niptzuntus.
1234 1246 1398 1274 Lvsrnvu
1423 1248 1485 1282 (egi)
1510 1248 1670 1277 CONLEGA
1694 1250 1788 1277 TIBE-

995 1290 1064 1317 RIO.
1079 1291 1179 1318 SEXT.
1192 1291 1351 1319 POMPEIO.
1364 1293 1407 1319 ET
1418 1293 1519 1321 SICX'I'.
1536 1291 1697 1322 APVIJZIO.
1711 1293 1788 1323 COS.

996 1337 1066 1370 QVO
1088 1338 1239 1370 LVSTRO,
1262 1338 1345 1366 HOM.
1366 1339 1531 1367 CAPITVM.
1553 1340 1787 1374 QVADIlAGIES.

994 1382 1147 1411 CENTVM.
1166 1384 1263 1411 MILIA
1281 1384 1459 1412 TRIGINTA.
1479 1383 1522 1411 ET
1542 1386 1677 1413 SEPTEM
1697 1387 1788 1422 (censa

995 1432 1078 1461 sunt).
1095 1430 1155 1463 Quo
1175 1430 1233 1457 loco
1252 1430 1374 1466 Scaliger
1389 1438 1397 1458 :
1415 1431 1530 1464 Melius,
1549 1433 1604 1464 ait,
1622 1434 1785 1461 crediderim

995 1475 1048 1511 ipsi
1061 1476 1194 1511 Augusto.
1211 1476 1323 1503 Multum
1350 1484 1416 1504 sane
1445 1471 1577 1505 differunt
1595 1469 1741 1510 0.570.000
1757 1486 1786 1507 et

993 1521 1156 1554 4,157,000,
1179 1523 1271 1556 utique
1293 1523 1353 1556 plus
1373 1530 1496 1551 semtsse.
1519 1516 1547 1550 In
1570 1523 1711 1552 Parmensi
1732 1529 1784 1553 ms.

994 1568 1119 1606 nonagies
1132 1576 1212 1595 cccu
1230 1561 1314 1595 mil/in
1330 1568 1461 1596 dumtaxat
1477 1575 1551 1597 sunt.

1029 1605 1098 1641 Ibid.
1122 1605 1267 1641 Archelaus
1292 1623 1359 1642 nono
1382 1623 1451 1642 anno
1473 1617 1547 1651 regni
1569 1618 1620 1644 sui.
1643 1614 1680 1644 Ita
1705 1617 1785 1645 Jose-

994 1658 1064 1697 phus
1083 1658 1116 1685 de
1138 1659 1211 1685 Bello
1231 1659 1280 1686 lib.
1303 1667 1335 1691 It,
1355 1667 1414 1694 cap.
1437 1660 1465 1692 6,
1487 1661 1543 1687 ἔτει
1563 1662 1613 1696 τῆς
1631 1662 1721 1697 ἀρχῆς
1742 1663 1785 1689 ὲν-

993 1696 1077 1738 νᾶτῳ,
1103 1712 1171 1731 nono
1195 1705 1360 1739 principatus
1383 1706 1425 1732 sui
1449 1704 1532 1737 anno.
1555 1707 1662 1742 pulsum
1681 1696 1712 1735 in
1735 1712 1784 1735 cx-

994 1750 1086 1776 silium
1102 1750 1265 1776 Archelaum
1283 1749 1381 1781 tradit,
1398 1751 1442 1784 qui
1461 1754 1551 1777 tamen
1568 1752 1717 1786 Antiquitt.
1735 1753 1783 1779 lib.

994 1802 1047 1821 xvtt
1057 1816 1064 1826 ,
1080 1795 1130 1821 sub
1147 1789 1210 1825 Iln..
1223 1794 1329 1831 δεκάτῳ
1343 1795 1398 1822 ἔτει
1412 1796 1461 1830 τῆς
1476 1797 1564 1832 ἀρχῆς
1574 1816 1582 1830 ,
1597 1798 1699 1824 decimo
1715 1802 1785 1825 antu)

994 1841 1143 1875 contigisse
1159 1841 1184 1867 id
1201 1835 1305 1874 scribit,
1321 1849 1392 1869 nono
1408 1841 1513 1869 scilicet
1525 1842 1580 1877 jam
1595 1843 1714 1877 expleto.
1730 1844 1784 1871 Sed

995 1886 1103 1918 gravior
1121 1886 1230 1913 Eusebii
1251 1887 1499 1915 metachronismus
1515 1893 1557 1915 est
1571 1896 1605 1915 ex
1619 1889 1703 1916 semel
1720 1894 1783 1916 tur-

995 1931 1065 1958 batis
1077 1931 1148 1958 circa
1169 1930 1285 1958 Herodis
1300 1932 1403 1959 obitum
1420 1932 1545 1960 calculis.
1572 1932 1694 1968 Scaliger
1711 1941 1781 1969 qua.

993 1973 1110 2005 driennii
1126 1985 1185 2005 esse
1194 1978 1294 2010 sentit;
1312 1986 1373 2011 nos,
1390 1978 1411 2005 si
1427 1984 1497 2005 recte
1513 1984 1634 2007 rationes
1650 1980 1782 2007 subduxi-

994 2032 1062 2053 tuus.
1080 2024 1115 2052 ibi
1131 2024 1163 2051 de
1174 2024 1299 2051 Archelai
1314 2025 1409 2055 initiis.
1437 2026 1577 2060 patrisque
1599 2026 1659 2060 ejus
1681 2031 1782 2059 morte,

993 2070 1123 2097 sexennio
1140 2071 1228 2098 solido
1242 2071 1397 2098 aberrattun
1415 2071 1580 2107 collig‘imtts.

1026 2115 1084 2142 Col.
1099 2116 1161 2142 413.
1177 2116 1220 2142 Ill
1238 2116 1352 2143 Herodes
1374 2119 1518 2145 tctt'ar‘c'lta.
1549 2118 1626 2146 llttnc
1643 2119 1781 2148 Ardul‘nus

995 2161 1078 2188 filium
1094 2153 1226 2189 Zcuodori
1256 2162 1332 2193 facit,
1349 2171 1403 2189 non
1431 2162 1544 2190 Herodis
1561 2172 1568 2191 :
1585 2171 1704 2200 eumque
1731 2167 1780 2198 ait.

994 2209 1083 2243 patrio
1097 2209 1168 2243 jure,
1186 2217 1238 2236 non
1256 2210 1382 2244 p‘rrcarin
1399 2218 1411 2235 a
1438 2211 1569 2238 Romanis
1588 2219 1730 2247 regnasse.
1748 2212 1777 2240 In

150 2256 287 2284 habentur
299 2258 368 2292 apud
382 2258 560 2292 Scaligerum.
579 2258 714 2286 Pontacus
730 2259 764 2285 ita
786 2259 888 2293 pridem
906 2255 941 2285 ab

996 2254 1043 2281 has
1062 2262 1123 2281 eum
1141 2259 1206 2288 pttto
1229 2250 1369 2288 angustas
1394 2250 1523 2290 Scaligeri
1548 2258 1706 2289 argumenta
1730 2257 1778 2283 de-

148 2304 254 2337 rrliquo
274 2309 347 2331 textu
368 2305 501 2332 distinxit.

185 2350 253 2377 Ibid.
272 2350 387 2378 Messala
403 2351 531 2378 Corvinus
546 2356 647 2378 orator.
666 2340 788 2385 Scaliger
804 2352 873 2378 hanc
890 2359 936 2385 pc-

98 2399 101 2402 ‘
147 2397 267 2424 riocham
285 2398 395 2424 biennio
409 2402 468 2432 post
483 2397 576 2424 refert.
594 2397 677 2424 l‘orro
691 2398 717 2424 in
733 2398 809 2424 Notis
822 2405 856 2425 ex
872 2398 936 2425 Ovi-

147 2443 184 2471 dii
205 2443 379 2473 testimonio,
398 2443 543 2470 scribentis
560 2442 592 2469 ad
611 2442 793 2470 Messallinum
811 2442 845 2470 de
864 2438 934 2470 Mes-

147 2489 221 2515 sallae
237 2489 321 2523 patris
337 2489 397 2521 eius
412 2488 519 2522 funere,

193 2546 236 2570 Cui
248 2553 293 2570 nos
304 2549 330 2571 et
343 2545 473 2577 Iacrymns,
485 2553 626 2576 supremum
641 2547 664 2570 in
674 2546 761 2570 funere
774 2553 872 2576 munus,

224 2577 256 2601 Et
266 2579 379 2602 dedimus
390 2577 470 2602 medio
484 2578 574 2602 scribta
587 2578 693 2601 canenda
706 2578 769 2607 foro,

146 2627 288 2653 contendit
304 2631 366 2653 ante
380 2627 506 2653 exsilium
520 2626 609 2654 Ovidii
624 2634 685 2653 ettm
699 2627 754 2661 jam
770 2623 933 2658 decessisse,

147 2672 199 2699 hoc
217 2677 275 2702 est,
294 2677 356 2700 ante
374 2681 449 2698 num.
468 2673 548 2700 2099.
568 2673 635 2700 Tum
654 2672 691 2699 ait
712 2681 718 2699 :
738 2672 843 2700 Rursus
861 2673 932 2699 aliud

145 2719 258 2746 dubium
278 2718 418 2745 sttboritur
435 2726 442 2746 :
461 2718 484 2745 si
504 2719 538 2744 M.
558 2718 616 2745 Val.
635 2718 758 2745 Messalla
779 2719 844 2745 obiit
863 2711 935 2745 2039

147 2773 261 2791 num-~ro
273 2785 280 2794 .
296 2770 434 2799 superstes
451 2764 500 2790 fuit
516 2764 532 2790 9
549 2764 627 2790 annis
643 2764 673 2791 C.
692 2765 786 2791 Asinio
801 2763 933 2796 Pollioni,

145 2811 194 2843 qui
214 2811 332 2838 decessit
354 2819 429 2837 num.
449 2809 530 2837 2020'.
550 2810 691 2842 Quomodo
711 2818 776 2843 ergo
797 2811 934 2837 tuebimur

148 2857 154 2881 l
167 2863 200 2883 oc
215 2856 347 2882 adversus
360 2864 390 2882 ra
420 2865 478 2890 qua:
494 2861 588 2883 auctor
604 2856 703 2890 Dialogi
719 2856 752 2883 de
767 2856 856 2882 causis
871 2864 933 2882 cor-

147 2905 234 2932 rupta:
248 2901 409 2934 eloquentia?
421 2902 515 2928 scribit
529 2909 536 2928 ί
549 2900 674 2929 Cervinus
685 2901 711 2927 iu
724 2901 836 2927 medium
851 2908 932 2934 usque

992 2303 1146 2331 truserunt,
1166 2304 1239 2326 totus
1260 2299 1302 2327 Inc
1317 2299 1389 2326 enim
1409 2300 1434 2326 in
1451 2307 1484 2327 eo
1497 2306 1549 2333 est,
1567 2305 1596 2328 ut
1620 2301 1675 2328 falli
1693 2301 1779 2329 Eusc-

989 2345 1063 2372 bium
1091 2342 1263 2379 persuadeat,
1282 2346 1326 2380 qui
1342 2346 1416 2380 regni
1432 2344 1547 2373 Ilerodis
1562 2346 1668 2373 initium
1686 2346 1780 2374 Itactes

988 2396 1040 2416 nus
1059 2391 1206 2422 distulerit,
1224 2392 1286 2417 eum
1311 2396 1416 2417 constet
1431 2391 1486 2424 jam
1511 2396 1612 2418 annum
1641 2392 1778 2419 decimum

989 2443 1115 2470 regnasse
1132 2443 1193 2462 cum
1225 2436 1251 2462 in
1272 2437 1419 2463 tetrarchia
1434 2444 1482 2462 sua
1499 2442 1506 2464 :
1525 2444 1611 2470 neque
1628 2437 1702 2464 fratri
1727 2440 1779 2465 Ar-

987 2482 1083 2509 chelao
1112 2482 1284 2512 successerit.
1314 2482 1393 2514 cujus
1409 2485 1465 2509 tota
1496 2482 1522 2509 in
1539 2484 1635 2509 tiscntn
1663 2484 1774 2512 redacta

973 2526 1126 2562 .pOSsessio
1140 2532 1190 2554 cst.
1207 2527 1288 2563 Atqui
1314 2535 1366 2555 nou
1389 2528 1496 2555 videtur
1519 2529 1652 2562 Scaliger,
1680 2532 1773 2557 studio

988 2574 1108 2609 litigandi
1121 2574 1262 2608 abreptus,
1291 2575 1408 2601 nativum
1425 2574 1570 2602 verborum
1588 2576 1696 2603 Eusebii
1714 2584 1776 2603 sen-

987 2629 1047 2648 sutn
1077 2620 1342 2658 percepiSSe,qttetn
1358 2620 1468 2654 quidem
1486 2621 1552 2648 nihil
1578 2622 1629 2648 sibi
1655 2623 1775 2649 voluisse

987 2667 1062 2694 aliud
1081 2671 1158 2701 puto.
1173 2674 1255 2700 quum
1282 2666 1414 2692 lleroilem
1432 2666 1571 2701 Antipam,
1591 2667 1702 2693 fratrum
1721 2668 1773 2693 nti-

986 2720 1039 2747 qne
1052 2712 1189 2741 Archelai.
1202 2716 1343 2746 postquam
1357 2713 1408 2739 iste
1425 2712 1521 2746 pulsus
1537 2716 1578 2739 est
1596 2712 1621 2738 iu
1636 2712 1774 2744 exsiiium,

985 2763 1068 2794 caput
1096 2759 1216 2786 nationis
1247 2757 1404 2785 .Imlzcorum
1431 2766 1463 2785 ac
1486 2758 1635 2793 principem
1665 2759 1772 2792 egisse:

985 2813 1066 2840 quam
1094 2805 1168 2839 digni
1182 2809 1252 2831 atem
1276 2805 1344 2831 alter
1364 2804 1432 2839 ejus
1454 2804 1537 2831 frater
1554 2803 1693 2838 Philippus
1718 2812 1773 2831 non

984 2856 1043 2877 erat
1066 2850 1235 2881 sustinendo,
1262 2855 1355 2884 utpote
1371 2851 1415 2885 qni
1429 2855 1455 2877 ct
1475 2850 1579 2877 meritis
1595 2853 1621 2875 rt
1636 2855 1698 2875 nam
1720 2852 1773 2876 mi4

986 2905 1035 2924 nur
1048 2906 1054 2931 ;
1069 2897 1099 2923 ad
1118 2897 1174 2924 luce
1192 2897 1271 2923 etiam
1290 2898 1392 2923 lturzczc
1408 2896 1555 2928 tctrarclm,
1574 2903 1627 2922 non
1643 2895 1773 2927 Caldam,
