3974 6192
497 387 636 458 1039

1747 347 2166 424 ’VALLAHSII
2209 334 2452 410 NCT/ii.

3531 316 3632 394 tito

497 425 636 458 ιυὸῖι

489 515 552 559 ut
590 481 870 555 ιιεί-οάοει
901 504 1022 562 qua:
1045 487 1178 544 ditio
1211 498 1306 554 pro
1333 478 1534 537 Iudaee
1563 479 1716 545 parte
1735 483 1952 538 semper
1982 473 2068 521 est
2095 473 2139 526 Α
2169 468 2322 516 ctore
2355 454 2547 511 Tacito
2573 494 2587 518 ,
2620 455 2848 520 spectat.
2887 444 2995 500 Sed
3029 452 3084 498 et
3118 441 3206 498 alii
3247 441 3298 496 in
3327 425 3641 514 Hieronymum

1767 559 1777 562 _
2199 554 2212 562 .
2305 551 2344 562 κ
2451 548 2465 562 ι
2489 548 2501 560 I
2567 560 2590 562 ,_
2627 544 2913 562 9-----_.._-“
2949 537 3246 562 --ἓιζιιιι-..ηι
3273 535 3354 562 Ωιζζ
3398 539 3517 562 Jun-au.
3557 537 3618 562 ‘-:

493 591 700 648 habita.
731 559 1039 656 Igitur-iste
1088 585 1404 647 quanquam
1456 567 1566 637 jam
1600 578 1630 617 a
1660 559 1876 615 decimo
1918 566 2064 608 anno

493 688 547 740 in
581 654 808 754 privata,
853 683 910 728 ut
969 672 1043 724 ita
1095 668 1293 726 dicam,
1339 654 1637 716 tetrarchia
1686 660 1945 719 regnans,
1973 658 2067 696 ex-

493 777 651 846 pulso
673 767 959 830 Archelao,
991 777 1098 818 non
1122 760 1176 813 in
1200 756 1317 827 eius
1343 750 1561 824 quidem
1584 741 1806 799 ditionis
1836 746 2064 802 sortem,

495 868 587 923 sed
627 868 676 917 in
710 860 886 934 gentis
918 865 1079 924 caput
1132 860 1186 905 et
1238 847 1536 919 principem
1571 840 1694 910 jure
1748 831 2066 889 assumitur,

491 971 658 1028 atque
705 953 834 1007 inde
865 966 1001 1004 nova
1033 944 1199 998 veluti
1231 937 1380 1009 regni
1411 935 1530 1004 ejus
1557 929 1760 998 epocha
1791 931 2067 980 censetur.

493 1013 609 1107 lla'c
671 1051 905 1109 ratione,
939 1050 994 1094 ut
1028 1035 1246 1090 Eusebii
1275 1074 1289 1095 ,
1321 1033 1393 1084 ita
1437 1025 1614 1082 nullus
1650 1013 1968 1086 Hieronymi
2014 1013 2069 1065 in

495 1150 666 1212 caput
698 1157 710 1193 ι
759 1134 992 1192 Matthzci
1025 1142 1178 1182 error
1211 1135 1313 1185 est,
1338 1136 1496 1190 quem
1529 1113 1769 1181 Scaliger
1796 1104 2030 1162 somniat
2053 1142 2070 1168 ,

495 1199 605 1291 tto'n
640 1234 784 1287 enim
821 1229 895 1282 ait
931 1227 1002 1280 ibi
1027 1223 1083 1276 S.
1126 1220 1280 1274 Pater
1313 1212 1666 1271 Archelaum,
1691 1202 1784 1258 sed
1822 1199 2071 1267 Autipam

498 1325 824 1396 Lugdunum
859 1318 1178 1387 relegatum.
1223 1307 1328 1361 Sed
1383 1299 1626 1361 videsis,
1687 1311 1750 1348 ne.
1805 1288 2075 1355 longiores

499 1435 653 1490 aequo
710 1417 903 1476 simus,
943 1405 1192 1477 Basnagil
1244 1396 1538 1454 Historiam
1591 1389 1832 1445 .ludtcor.
1863 1391 1994 1436 tom.
2028 1378 2074 1442 1,

500 1521 615 1566 ιοιο
643 1523 702 1562 ea
714 1507 824 1576 pite
857 1511 1068 1555 octavo.

569 1561 851 1651 Cobilli.
894 1586 1124 1657 Defectio
1184 1581 1332 1635 solis.
1373 1574 1562 1642 Neque
1615 1565 1925 1636 Augustum
1971 1561 2078 1614 hoc

502 1703 647 1743 anno
680 1686 908 1743 obiisse,
944 1680 1038 1735 sed
1094 1671 1364 1744 sequenti,
1417 1679 1593 1735 neque
1651 1662 1756 1716 hoc
1790 1669 1957 1719 anno,
1985 1651 2078 1708 sed

504 1778 752 1848 sequenti
789 1789 907 1827 eam
947 1769 1310 1824 delet-tionem
1345 1761 1476 1816 solis
1500 1753 1790 1814 accidisse,
1818 1763 1882 1803 ex
1912 1746 2081 1799 Dione

2167 554 2282 609 sive
2305 548 2598 604 Eusebium
2627 544 2916 610 insurgunt
2945 537 3248 594 criticorum
3273 535 3378 598 lilii,
3397 539 3519 605 quod
3551 537 3645 592 Asi-

2168 647 2244 703 nii
2267 644 2403 701 Galli
2432 653 2619 696 necem
2648 637 2822 706 primo
2840 631 3047 688 Tiberii
3078 641 3217 682 anno
3242 627 3414 697 illiget,
3439 642 3538 694 qua:
3557 627 3647 696 eius

2170 738 2515 808 imperatoris
2556 732 2618 784 l7
2673 727 2922 793 contigit.
2956 723 3062 776 Pro
3106 729 3249 775 certo
3277 718 3650 782 habetur,luisse

2170 827 2448 883 Tiberium
2507 822 2650 877 malo
2717 821 2982 872 adversus
3023 813 3262 867 Asinium
3315 811 3443 864 hunc
3492 811 3648 876 animo,

2171 935 2237 975 ex
2287 933 2398 989 quo
2439 915 2754 984 Vipsanium
2800 910 3035 978 priorem
3092 903 3360 973 coniugem
3405 917 3579 956 suauia
3609 915 3654 957 se

2175 1011 2540 1080 repudiatam,
2575 1006 2663 1058 hic
2711 1003 2810 1058 sibi
2853 997 3202 1054 matrimonio
3240 993 3498 1068 copulavit.
3529 993 3654 1047 Addit

2175 1065 2340 1158 aliam
2377 1101 2484 1154 odii
2522 1065 2742 1152 causam
2776 1092 2893 1156 Dio,
2919 1089 3061 1161 quod
3094 1089 3284 1156 Seiano
3317 1065 3654 1154 obsequeretur,

2174 1199 2333 1266 eique
2366 1194 2571 1265 primas
2605 1189 2906 1248 tribueret;
2933 1184 3024 1254 qui
3055 1182 3277 1251 Sejanus
3305 1178 3496 1233 Tiberio
3519 1179 3562 1231 in
3586 1193 3658 1232 su-

2177 1287 2478 1357 spicionem
2516 1284 2627 1353 jam
2673 1287 2913 1332 venerat.
2963 1274 3228 1329 Caeterum
3269 1270 3456 1323 artibus
3487 1268 3659 1338 quidem

2179 1381 2427 1442 dolisnue
2491 1371 2698 1427 Tiberii
2757 1369 3035 1439 coniectus
3091 1364 3142 1418 in
3201 1375 3454 1416 carcerem
3495 1360 3662 1414 Asinius

2179 1472 2314 1535 fuit;
2349 1467 2418 1521 ibi
2454 1476 2635 1520 autem
2667 1461 2808 1515 laure
2842 1476 2907 1512 an
2941 1458 3087 1512 ferro
3124 1452 3352 1524 perierit,
3380 1451 3565 1504 dubium
3586 1458 3660 1504 est.

2179 1531 2339 1617 Certe
2393 1558 2615 1625 Capreis
2651 1564 2780 1608 tunc
2820 1551 3009 1622 agebat
3053 1547 3320 1602 Tiberius.
3351 1531 3520 1598 Confer
3542 1541 3661 1595 Taci-

2182 1665 2318 1710 tum.
2355 1652 2577 1706 Asinius
2609 1647 2800 1710 Pollio,
2829 1654 2984 1714 pater
3009 1639 3182 1695 Asinii
3214 1637 3362 1691 Galli.
3387 1636 3446 1688 ab
3471 1631 3660 1688 Eusebio

2187 1757 2372 1802 oestro
2406 1754 2529 1796 ante
2559 1755 2730 1794 annos
2751 1737 2936 1792 decem
2970 1745 3143 1786 morte
3170 1745 3262 1783 sua
3297 1728 3475 1781 abiisse
3519 1724 3664 1779 dicitur

505 1874 722 1940 quidem
774 1875 922 1920 notat
970 1860 1210 1927 Scaliger
1250 1873 1263 1908 :
1303 1855 1420 1922 ipse
1465 1858 1643 1903 autem
1679 1843 1881 1898 nullam
1915 1838 2082 1891 fuisse
2115 1833 2155 1887 Β
2185 1854 2298 1906 δρα,
2337 1851 2488 1890 num,
2522 1833 2686 1886 2020,

509 1966 645 2020 solis
686 1959 1043 2014 defectionem
1094 1948 1418 2008 contendit,
1484 1940 1582 1995 sed
1639 1939 1819 1991 lunam
1881 1931 2079 1987 diebus

507 2057 578 2112 59
611 2071 639 2108 a
686 2063 862 2107 morte
902 2044 1132 2116 Augusti
1178 2041 1439 2095 defecisse
1478 2047 1670 2088 tatam.
1701 2027 1934 2083 Proinde
1973 2038 2078 2076 non

509 2150 575 2204 76
612 2146 786 2202 relatis
821 2157 937 2196 sna'
983 2153 1142 2201 anno,
1167 2135 1261 2187 sed
1297 2147 1405 2184 uno
1435 2126 1666 2188 auctius,
1701 2121 1815 2177 sive
1845 2118 1936 2182 77,
1970 2114 2078 2168 Au-

509 2249 730 2312 gustum
761 2231 998 2292 abiisse,
1035 2229 1086 2279 in
1123 2227 1238 2293 ipso
1286 2217 1596 2272 Eusebiano
1616 2216 1878 2267 contextu
1909 2205 2078 2276 ponit,

511 2343 697 2388 contra
729 2341 862 2380 mss.
897 2330 1032 2392 quot
1079 2319 1193 2372 seio
1226 2315 1467 2367 utnnittm
1494 2318 1656 2376 atque
1682 2304 1954 2360 editorum
1988 2311 2080 2353 co-

512 2425 693 2479 dicum
723 2416 1132 2473 auctoritatem.
1167 2405 1320 2472 Quod
1349 2401 1565 2472 quidem
1594 2397 1728 2453 satis
1756 2408 1878 2449 esse
1905 2390 2080 2455 debet,

513 2525 576 2572 ut
616 2517 704 2578 iis,
730 2526 849 2581 qua:
906 2507 1074 2561 multa
1126 2503 1175 2554 in
1220 2497 1374 2551 Not‘s
1453 2493 1518 2546 ad
1579 2486 1916 2561 hypothesim
1947 2483 2087 2536 hanc

517 2621 672 2662 suam
701 2599 1031 2656 ex'sidcrum
1067 2590 1235 2662 cyclis
1275 2582 1643 2644 assercndam,
1686 2573 2088 2632 accusandum-

517 2712 622 2767 que
663 2688 1105 2748 ballucinatibnis
1143 2679 1462 2738 Eusebium,
1491 2673 1789 2741 coogessit,
1813 2669 1936 2739 jure
1970 2681 2091 2720 om-

517 2757 642 2844 nem
681 2784 919 2851 deneges
953 2777 1136 2830 tidem.
1166 2771 1453 2825 Prolitetnr
1487 2765 1604 2833 ipse
1639 2761 1812 2829 palam
1849 2757 2092 2812 Schurza-

519 2877 826 2944 ﬂeischius,
857 2887 962 2925 non
993 2883 1112 2921 eam
1142 2879 1200 2918 se
1233 2856 1569 2930 Scaligerani
1595 2853 1730 2924 cycli
1753 2865 1875 2906 esse
1902 2855 2093 2918 putare

523 2935 916 3029 sinceritatem,
950 2969 1009 3014 ut
1043 2965 1123 3010 tot
1167 2954 1289 3007 aliis
1320 2947 1658 3008 auctoribus,
1691 2950 1746 2997 et
1776 2950 1855 2994 t0t
1889 2940 1942 2994 in
1980 2935 2095 3008 pri-

526 3066 630 3120 tuis
661 3077 795 3117 mss.
838 3056 1071 3125 amplius
1100 3045 1398 3104 contradici
1429 3040 1618 3110 possit.
1653 3034 1793 3089 Sunt
1813 3032 2098 3086 enimvero

526 3155 673 3213 omni
728 3149 1050 3216 exceptione
1101 3139 1409 3209 majorum,
1443 3145 1616 3200 eaque
1660 3123 2096 3183 luculentissima

2263 1929 2396 1984 lbid.
2443 1925 2660 1981 Ouidius
2706 1928 2860 1989 poeta
2898 1917 2955 1971 in
3001 1913 3191 1968 exsilio
3235 1906 3516 1978 perit.Vide
3546 1915 3667 1959 unum

2189 2035 2286 2094 pro
2336 2017 2547 2072 cunctis
2586 2013 2745 2068 Joan.
2785 2010 3094 2078 Massonnm
3137 2006 3189 2058 in
3229 2002 3394 2056 Ovidii
3431 2000 3548 2053 Vita.

2231 2111 2375 2166 Col.
2403 2107 2526 2163 Hd.
2563 2104 2905 2162 Germanicus
2936 2097 3142 2154 Caesar.
3183 2092 3412 2150 liescribi
3435 2085 3668 2142 vultScall-

2197 2222 2292 2275 ger
2327 2205 2392 2257 de
2421 2201 2650 2262 Chattis,
2675 2198 2741 2250 de
2790 2195 2989 2264 quibus
3019 2205 3154 2246 sane
3197 2189 3356 2241 hocce
3397 2197 3534 2242 anno,
3555 2189 3599 2233 ut
3625 2179 3671 2232 de

2194 2297 2509 2360 Cheruscis,
2529 2304 2582 2347 et
2619 2287 2953 2361 Angrivariis
2986 2281 3349 2339 Germanicus
3375 2272 3669 2345 triumphavit,-

2192 2391 2336 2462 quod
2366 2385 2588 2439 Tacitus
2618 2380 2814 2435 Annal.
2859 2390 2923 2441 ll,
2952 2389 3074 2446 cap.
3109 2375 3198 2434 il,
3232 2381 3460 2426 testatur.

2268 2481 2387 2537 Col.
2421 2478 2548 2534 445.
2589 2470 2998 2540 Quatuordecim
3039 2469 3194 2520 urbes
3239 2470 3680 2517 terrwmotttcorrttea

2195 2581 2339 2626 runt.
2375 2568 2559 2637 Atqui,
2587 2564 2762 2634 inquit
2812 2557 3330 2617 Scburzlieiscbius,
3355 2548 3676 2623 quatuordeeim

2195 2667 2358 2721 urbes
2415 2667 2811 2721 recensentur,
2847 2668 2956 2707 non
3000 2649 3286 2710 tredecim,
3338 2647 3399 2700 de
3444 2657 3535 2713 quo
3577 2638 3680 2695 inira

2198 2756 2526 2813 videbimus.
2556 2752 2661 2806 Pro
2694 2746 2975 2802 Mosthene
3029 2742 3244 2812 primus
3289 2735 3539 2790 Palatinus
3570 2732 3683 2783 habet

2200 2850 2502 2909 Hosthene;
2539 2841 2849 2914 Syncellus,
2894 2835 3175 2904 Μοστῑνην
3207 2838 3377 2886 vocat.
3406 2827 3571 2880 Eodem
3605 2825 3685 2875 lere

2202 2945 2364 2997 modo
2429 2913 2667 2991 llloozlva.
2723 2933 2792 2986 ab
2849 2928 3103 2982 Hierocle
3161 2923 3480 2978 nominatur.
3525 2913 3687 2970 Mosen-

2203 3035 2328 3097 νοὺς
2359 3029 2633 3086 Ptolennci
2677 3023 2930 3094 intelligit
2985 3019 3256 3088 Scaliger.
3305 3012 3474 3083 Populi
3513 3009 3688 3064 enimet

2210 3125 2360 3181 urbis
2381 3137 2580 3176 nomen
2610 3131 2902 3172 commune
2932 3111 3130 3175 fuisse,
3162 3117 3400 3162 autumat
3428 3105 3539 3158 Chr.
3564 3098 3691 3156 Cella-

530 3189 673 3213 υιιιη.
728 3189 1049 3216 unum“..-
1102 3189 1205 3209 ---Ἰ
1251 3189 1258 3190 ,
1395 3189 1409 3198 ,
1531 3189 1543 3200 _

530 3261 818 3308 auctorum
853 3238 1188 3297 testimonia.
1235 3230 1470 3286 Velleius
1521 3221 1839 3277 Paterculus
1890 3218 1989 3270 lib.
2039 3227 2103 3276 tt,
2131 3189 2175 3249 (ἶ
2214 3224 2350 3283 rius.
2383 3219 2449 3272 ρ,
2478 3217 2542 3270 Α,
2579 3216 2676 3270 ιη).
2715 3229 2792 3274 ιη’
2825 3226 2947 3280 cap.
2981 3209 3036 3274 ι’
3067 3208 3162 3277 qui
3215 3222 3247 3260 θ
3297 3203 3507 3258 nummis
3535 3197 3691 3271 egregie

843 3354 860 3393 :
912 3333 1166 3389 Securum
1217 3341 1271 3380 se
1324 3323 1593 3391 Augustus
1650 3313 1984 3384 prazdicuns,
2016 3320 2108 3360 nec

531 3412 816 3509 quidquam
834 3430 950 3507 jam
983 3425 1043 3478 de
1077 3423 1201 3491 fine,
1231 3412 1276 3472 si
1308 3415 1422 3484 [ala
1447 3414 1738 3481 poscerent,
1763 3416 2106 3457 recusans....

534 3534 591 3587 in
624 3545 720 3582 sua
758 3517 1018 3578 resolutus
1052 3513 1308 3570 vinitia....
1340 3503 1721 3576 septuagesimo
1775 3506 1922 3552 sexto
1968 3506 2109 3545 anno

536 3626 772 3678 animam
809 3615 1067 3671 calcstem
1130 3605 1256 3660 calo
1305 3599 1555 3655 reddidit.
1615 3590 1911 3647 Suetonius
1947 3587 2109 3637 etiam

535 3713 883 3787 expressius:
915 3703 1122 3759 Duobus
1150 3697 1346 3758 Sextis,
1368 3689 1614 3786 Pompeio
1639 3696 1686 3740 et
1707 3683 1925 3750 Apuleio
1947 3693 2107 3741 coss.,

538 3771 624 3865 xui
654 3805 780 3862 Kal.
807 3797 1144 3871 Septembris,
1172 3793 1300 3846 liora
1331 3787 1436 3839 diei
1471 3771 1631 3842 nona,
1658 3776 2040 3846 septuagesimo
2066 3778 2114 3821 et

540 3879 698 3959 sexto,
722 3895 895 3954 relatis
950 3904 1123 3950 anno,
1179 3881 1358 3936 diebus
1393 3877 1617 3946 quinque
1667 3870 1883 3939 triginta
1918 3866 2114 3917 minus.

543 3958 702 4053 Paria
735 3990 831 4046 Din
862 3986 1024 4041 habet
1057 3980 1150 4034 lib.
1177 3991 1285 4038 ινι,
1321 3982 1484 4041 atque
1513 3967 1626 4023 alii.
1659 3962 1799 4029 Quid
1824 3958 1970 4030 quod
1993 3971 2114 4012 eam

543 4085 802 4154 eclipsim
865 4076 1062 4134 tabulae
1136 4067 1519 4124 astronomiae
1564 4050 1958 4126 comprobant?
2011 4048 2119 4103 Sed

543 4143 600 4238 et
649 4143 704 4234 in
755 4189 821 4231 eo
864 4171 1041 4242 pergit
1093 4164 1204 4221 falli
1253 4158 1516 4230 Scaliger,
1549 4151 1695 4224 quod
1740 4159 1943 4203 annum
1975 4143 2122 4197 hunc

548 4268 763 4343 imperii
801 4260 1030 4334 Augusti
1056 4251 1573 4329 quinquagesimum
1610 4250 1823 4298 sextum
1868 4251 1994 4293 cum
2027 4234 2123 4290 de-

547 4323 691 4420 cimo
728 4323 922 4429 quarto
964 4323 1166 4407 Christi
1204 4338 1519 4401 connectit,
1552 4332 1647 4404 qui
1691 4343 1847 4386 error
1879 4339 1908 4380 a
1939 4323 2124 4394 priore

551 4447 647 4510 illo
679 4451 817 4514 lloit,
849 4456 1009 4514 quem
1069 4451 1170 4494 suo
1224 4433 1345 4487 loco
1384 4425 1718 4504 amavimus,
1745 4416 1842 4473 ubi
1881 4411 2123 4485 primum

2211 3314 2424 3385 probat,
2459 3310 2742 3376 Μοστήνην
2767 3347 2782 3368 ,
2817 3312 2981 3371 atque
3015 3299 3163 3370 apud
3194 3297 3407 3352 Latinos
3450 3293 3691 3348 llostenem.

2211 3381 2332 3461 sine
2376 3401 2567 3459 halitu,
2629 3395 2979 3452 scribendum
3029 3406 3183 3446 esse.
3229 3389 3376 3458 Apud
3413 3381 3690 3451 Nicephorum

2212 3501 2309 3555 lib.
2339 3514 2376 3563 t,
2401 3511 2522 3563 cap.
2570 3493 2653 3551 l7.
2683 3488 2988 3560 Μωστηνὴν
3028 3485 3288 3541 habetur.
3332 3479 3420 3536 llis
3454 3478 3586 3539 adde,
3609 3485 3694 3542 qua

2218 3594 2319 3647 Th.
2345 3587 2580 3660 liytkius
2619 3585 2684 3638 ad
2715 3583 2991 3644 Tacitum,
3035 3594 3096 3648 p.
3127 3577 3199 3632 45
3225 3570 3692 3632 Animadversionum,

2215 3658 2461 3756 protulit.
2501 3677 2753 3733 Tmolum
2831 3675 3046 3745 primus
3079 3669 3354 3726 Palatinus
3377 3667 3425 3720 in
3461 3658 3693 3732 Hymettia,-

2217 3754 2410 3833 tertios
2443 3774 2496 3826 in
2527 3760 2790 3832 Ymolum,
2807 3776 3037 3838 quartus
3056 3763 3295 3834 denique
3312 3762 3363 3815 ln
3388 3754 3595 3811 Tantalon
3613 3759 3698 3800 ver-

2219 3870 2304 3923 tit.
2341 3867 2400 3923 In
2423 3863 2626 3920 Graecis
2659 3869 2743 3917 est
2771 3859 3021 3930 Τμῶλοςι
3063 3854 3374 3931 Legendum
3412 3860 3562 3904 tamen
3586 3851 3698 3907 repu-

2221 3961 2443 4018 tarerim
2475 3954 2825 4012 ΤΥΜΩΛΟΣ.
2863 3952 3184 4022 Stephanus
3219 3939 3549 4003 ΤΥΜΩΛΟΣ.
3576 3933 3699 3990 οὕτως

2219 4056 2248 4109 ὅ
2288 4051 2517 4122 Τμῶλος
2546 4049 2689 4102 κατὰ
2729 4045 3018 4116 ποιητικὴν
3058 4033 3574 4113 μετασχηματισμόν.
3605 4023 3701 4078 Hinc

2222 4120 2365 4217 apud
2388 4143 2706 4200 Ciceronem
2738 4139 2800 4192 τδ
2830 4135 3046 4192 totum
3075 4129 3359 4193 Timolites,
3384 4120 3701 4198 peribant!“

2225 4238 2518 4293 formatum
2559 4241 2736 4308 exstat
2770 4250 2784 4286 :
2823 4230 2930 4284 nisi
2975 4229 3029 4282 in
3082 4226 3361 4297 Stephano
3412 4217 3568 4290 potius
3606 4204 3706 4263 seri-

2224 4333 2460 4390 bendum
2501 4330 2573 4386 sit
2621 4325 2940 4383 ἸΊΜΩΛΟΣ.
2982 4321 3199 4377 Plinius
3235 4319 3302 4374 ll.
3355 4316 3416 4372 N.
3455 4312 3703 4390 lih.v,c:p-

2337 4441 2349 4477 :
2377 4423 2570 4493 Lydia,
2596 4419 2797 4488 inquit,
2823 4415 3125 4470 celebratur
3156 4410 3380 4466 maxime
3424 4398 3644 4459 Sardibus,
3668 4389 3706 4441 in

552 4487 647 4510 Ιιιυ
680 4487 817 4514 ......,
850 4487 1009 4514 .,..-.-.
1069 4487 1160 4494 ---,
1529 4494 1538 4504 .

551 4546 760 4604 Christi
809 4552 934 4593 cum
988 4527 1220 4600 Augusti
1249 4519 1668 4594 quadragesimo
1705 4511 1866 4567 tertio
1895 4520 2123 4576 compo‘
2155 4533 2204 4590 ο
2229 4519 2392 4573 mere
2424 4487 2600 4569 'Tmou
2649 4487 2864 4573 manus,
2896 4509 2986 4578 qm-
3033 4515 3196 4558 anlea
3223 4499 3444 4556 rimam
3467 4487 3707 4561 appella,“

2915 4597 2957 4604 ’⁸
3224 4595 3235 4604 ·
3469 4583 3522 4604 It!
3576 4584 3614 4604 ιιι
3639 4571 3693 4604 lib

721 4631 919 4686 Recole
953 4638 1076 4696 qua:
1117 4619 1191 4674 ibi
1237 4616 1390 4671 dicta
1438 4618 1566 4665 sunt
1595 4621 1612 4662 :
1647 4604 1876 4659 multum
1925 4599 2126 4670 quippe

555 4690 803 4790 interest,
835 4737 899 4778 ex
932 4690 1038 4790 qua
1074 4705 1502 4771 hallucinatione
1532 4697 1728 4769 reliqui
1765 4696 1884 4767 ejus
1906 4690 2129 4764 paralo-

455 4844 465 4852 ο
559 4821 716 4895 gismi
759 4817 1102 4874 deriventur,
1126 4807 1471 4863 observasse.
1500 4796 1668 4851 Porro
1702 4788 1848 4861 quod
1895 4785 1972 4841 ait
2000 4783 2129 4839 llie-

559 4930 820 4989 ronymus
861 4909 1049 4965 Atella:
1075 4907 1130 4959 in
1160 4896 1461 4970 Campania
1491 4898 1768 4948 mortuum
1798 4883 2130 4954 Augustum,

561 4975 858 5078 scriptores
894 5003 1143 5072 plerique
1203 4995 1296 5050 alii
1359 5003 1554 5046 omnes
1604 4981 1783 5046 Nalm,
1819 4966 1935 5032 srve
1988 4972 2132 5042 apud

559 5100 752 5156 Nolam
785 5091 1135 5148 succubuisse
1171 5100 1295 5139 eum
1325 5081 1566 5137 tradunt.
2094 5133 2100 5140 _

629 5190 748 5249 Col.
780 5187 906 5242 «lu.
935 5180 1051 5237 111.
1077 5178 1313 5234 Tiberius
1338 5177 1647 5241 imperator.
1678 5165 1815 5222 Tota
1846 5164 1961 5219 haec
1989 5158 2136 5232 peri-6

563 5301 700 5355 copa
745 5299 774 5336 a
814 5274 1092 5336 Parmensi
1139 5287 1242 5325 ms.
1274 5269 1447 5321 abest.

652 5376 774 5431 Col.
811 5371 938 5426 445.
967 5366 1128 5423 Caius
1167 5361 1376 5416 Asinius
1411 5356 1619 5413 Gallus.
1650 5350 1827 5407 Sentit
1875 5345 2138 5415 Scaliger,

568 5467 861 5537 Virgilium
893 5463 949 5517 in
987 5457 1178 5512 eadem
1212 5451 1400 5520 ecloga
1449 5446 1702 5501 Sicelides
1728 5442 1924 5508 Musaz,
1961 5446 2015 5492 et
2044 5452 2143 5508 pa-

573 5561 673 5614 tris
713 5556 774 5624 ς.
806 5554 978 5611 Asinii
1016 5544 1280 5604 Pollionis
1315 5540 1647 5604 meminisse,
1682 5545 1738 5591 et
1762 5534 1880 5599 lilii,
1921 5546 2048 5587 cum
2082 5543 2146 5583 ea

577 5653 752 5705 dicata
777 5649 847 5702 sit
877 5645 1037 5715 patri,
1081 5643 1134 5695 in
1191 5637 1418 5709 gratiam
1450 5642 1629 5687 autem
1669 5629 1761 5682 lilii
1799 5625 1957 5680 facta.
1988 5623 2150 5678 Erra-

583 5757 642 5794 re
671 5749 848 5793 autem
904 5739 1292 5806 Hieronymum
1323 5766 1340 5794 ,
1375 5725 1469 5795 qui
1506 5722 1758 5777 miseram
1812 5716 1906 5770 lilii
1947 5722 2149 5768 sortem

585 5828 693 5892 huc
726 5828 946 5893 referat,
980 5827 1046 5882 ad
1078 5824 1224 5898 quod
1276 5830 1495 5892 tempus
1516 5829 1614 5888 par
1636 5810 1805 5883 patris
1828 5809 2033 5873 exitus,
2055 5819 2154 5862 au-

2231 4571 2383 4665 Adde
2412 4604 2666 4662 Ovidium
2691 4602 2788 4656 lib.
2825 4571 2880 4653 vt
2909 4571 3277 4663 iletamorph.
3310 4605 3442 4644 vers.
3467 4583 3544 4642 l5,
3574 4584 3616 4632 et
3639 4571 3707 4665 lib.

2231 4709 2308 4766 ιι,
2339 4712 2485 4754 vers.
2531 4694 2622 4760 85,
2654 4692 2747 4747 ubi
2798 4691 2975 4744 vineta
3013 4659 3208 4740 Timoli
3259 4680 3604 4736 memorantur.
3639 4659 3710 4716 Pw

2237 4751 2457 4848 Tmolus
2487 4751 2761 4857 interpres
2787 4782 3078 4852 Nicephori
3119 4775 3308 4838 habet,
3339 4765 3559 4825 Timolus.
3582 4751 3712 4857 Sedit!

2235 4885 2424 4942 (ἶνωοο
2635 4840 2865 4950 Talao;
2883 4840 2989 4931 est.
3023 4872 3132 4927 Pro
3166 4870 3358 4924 Temno
3405 4852 3615 4930 Syncello
3641 4840 3714 4897 Τῦ⁴

2240 4993 2341 5047 μος
2375 4983 2728 5029 memoratur.
2765 4967 2984 5033 Nescio,
3012 4980 3143 5018 num
3177 4961 3393 5030 Τύμνος
3435 4953 3550 5006 forte
3581 4944 3714 5009 legen-

2239 5071 2365 5126 dum
2402 5069 2493 5132 sit,
2527 5079 2691 5133 quam
2746 5061 2921 5118 Caria:
2981 5057 3170 5112 urbem
3219 5028 3506 5120 Stephanus
3534 5028 3715 5089 vocat":

2239 5179 2310 5218 an
2341 5118 2513 5229 Tﬁvo';
2535 5118 2752 5227 portus,
2804 5151 2950 5222 quod
2986 5165 3086 5219 pro
3108 5118 3331 5215 Τῆμινοἑ
3371 5135 3494 5204 “md
3540 5118 3717 5229 “mf”

2244 5266 2358 5310 tum
2382 5249 2647 5306 occurrit.
2679 5245 3004 5306 Salmasius,
3045 5241 3098 5294 in
3142 5238 3294 5292 Notis
3329 5235 3389 5288 ad
3409 5230 3612 5284 Gracam
3645 5212 3717 5266 Ειι·

2246 5345 2380 5402 sebii
2416 5342 2683 5416 syllogen,
2721 5337 2880 5392 Ttez
2915 5303 3063 5404 lusit,
3092 5333 3160 5385 ne
3187 5344 3291 5398 qua
3325 5322 3450 5379 υνδε
3482 5303 3718 5416 “ﬁmi”.

2248 5436 2406 5507 genia
2434 5395 2541 5490 sita
2561 5395 2588 5411 υ
2606 5429 2923 5499 Stephanus
2951 5395 3240 5478 videndus.
3284 5414 3489 5470 Terntius
3519 5395 3720 5507 Niceglro‘

2248 5485 2313 5584 :0
2339 5485 2510 5597 Titio;
2561 5485 2826 5578 est.lPro
2883 5517 3100 5584 Τῆμνος
3157 5509 3298 5582 apud
3345 5500 3588 5597 Polybiu’t‘n
3624 5485 3722 5581 Τέξιο

2250 5639 2340 5684 νος
2387 5571 2782 5688 ιὲείῖιιιξνθίἱίζ
2819 5609 2884 5663 ll.
2937 5571 3215 5662 Talesittrti
3245 5613 3362 5670 pag.
3401 5589 3510 5648 575.

2252 5650 2338 5684 νυθ
2388 5650 2604 5688 ισδιιυι.
2675 5650 2782 5666 nu.
2821 5650 2884 5663 ι..
2953 5650 3214 5662 ....-..------
3249 5650 3343 5670 (Ἴ,
3588 5650 3594 5661 Ι

2218 5723 2226 5729 ’
2254 5710 2580 5783 quibusdam
2610 5704 2763 5778 libris
2797 5702 2940 5772 Cyne
2969 5703 3220 5752 vocatur.
3253 5685 3421 5745 Possit
3449 5691 3559 5736 sane
3582 5650 3720 5783 1(ὶὶίῖ

2295 5744 2580 5767 "musca...
2611 5744 2763 5761 ...μη
2798 5744 2833 5758 ν
2878 5744 2938 5754 ..-
2981 5744 3217 5752 .-ψη
3263 5744 3271 5745 ,

2255 5744 2484 5870 “AUMGQ,
2513 5774 2790 5870 Stephano
2830 5744 3152 5853 memorata,
3184 5776 3418 5847 intelligi.
3457 5744 3722 5826 Alteramlﬁ-
