3974 6192
298 343 430 416 1041

1555 341 1962 406 VALLARSH
2005 339 2243 405 ΝΟΤιΕ.

3416 329 3554 396 1042

297 469 458 524 terim
515 465 807 523 lectionem
833 507 850 532 ,
900 465 1166 523 librorum
1217 465 1566 526 auctoritate,
1629 474 1863 531 quorum
1893 459 1946 520 Α
2041 460 2172 514 Ibid.
2209 457 2276 522 ρ.
2305 456 2578 511 Haterius.
2611 453 2854 525 Scaliger
2879 451 3158 508 Haterium
3181 449 3393 512 scribit,
3427 449 3550 504 libri

298 570 478 616 tamen
517 559 684 627 aliqui
737 559 900 614 Cana:
936 559 1208 622 scribunt,
1237 556 1436 621 nisam,
1481 555 1649 608 nolim
1684 552 1872 607 detur-

296 654 422 710 bare
472 651 591 705 loco
647 667 770 706 suo.
804 652 1045 715 Quartus
1085 649 1391 706 Palatinus.
1432 647 1730 709 Themmos,
1763 645 1881 716 εει-τ.

296 759 429 807 mos,
489 742 756 810 Smyrna;
815 731 1010 796 tertius
1039 781 1055 806 ,
1089 739 1340 805 Temnus,
1376 738 1730 810 Cymemirina
1761 753 1870 793 uno

297 838 490 900 verbo,
523 847 753 907 uterque
775 847 1052 905 corrupte,
1074 835 1278 907 legunt.
1304 835 1398 889 Dia
1425 831 1875 903 aliquibuslibris

300 932 420 1004 Dya
456 931 683 986 dicitur.
724 929 1028 984 Salmasius
1055 943 1154 1000 pro
1182 928 1310 994 Dia,
1343 927 1640 1000 Hyrcania,
1668 935 1727 981 ut
1757 935 1878 980 tre-7

293 1025 472 1078 decim
517 1021 777 1076 videlicet
830 1019 995 1075 urbes
1056 1020 1438 1076 tantummodo
1495 1017 1871 1080 nominentur,

293 1116 580 1184 legendum
630 1114 684 1166 in
729 1111 924 1167 Graeco
960 1121 1108 1167 textu
1133 1112 1363 1182 putavit,
1396 1110 1496 1174 Δία
1530 1111 1562 1178 ἡ
1611 1109 1711 1178 τῆς
1758 1108 1875 1160 Κα-

296 1209 444 1277 ρίας.
474 1204 584 1262 Pro
625 1205 724 1258 Dia
774 1191 1074 1274 Hyrcania,
1111 1203 1165 1258 in
1197 1202 1507 1271 Nicephoro
1555 1201 1744 1255 Graeco
1773 1190 1874 1254 est

292 1300 395 1352 Ala
441 1281 730 1373 'ngcavta,
763 1296 931 1353 καὶ...
981 1294 1257 1351 Lacunam
1310 1294 1549 1365 esplevit
1602 1293 1874 1359 interpres

293 1407 435 1447 vnce
452 1388 669 1461 Cybira.
697 1397 753 1444 et
801 1388 946 1445 delet
982 1387 1290 1458 ’Υρκανίας
1334 1384 1684 1440 vocabulum.
1720 1384 1875 1437 Μοα-

294 1485 467 1560 τέτης
506 1480 756 1555 Κιόύρας
812 1481 1084 1552 τύραννος
1136 1485 1472 1534 memoratur
1523 1475 1663 1545 apud
1715 1471 1880 1545 Polya

294 1578 446 1632 bium
480 1576 735 1644 Escerpt.
761 1573 894 1643 Leg.
932 1589 1062 1637 xxx,
1094 1588 1214 1643 pag.
1240 1570 1398 1626 “59.
1425 1567 1885 1638 ldem~Nicepho—_

293 1683 536 1724 rus-eam
575 1667 812 1737 Ἔφεσος
833 1675 1014 1731 vocat,
1036 1665 1193 1734 cujus
1217 1662 1421 1719 mentio
1452 1659 1700 1730 injicitur
1731 1658 1886 1728 apud-

294 1755 622 1814 Strabonem
645 1798 660 1822 ,
711 1758 816 1814 lib.
851 1773 948 1812 xm
992 1765 1261 1812 extremo.
1308 1771 1362 1823 p.
1400 1754 1528 1811 630.
1561 1752 1739 1807 Etiam
1773 1753 1876 1807 hoc

1977 553 2067 606 alii
2118 552 2399 614 Atterium,
2445 549 2538 603 sed
2570 556 2625 602 et
2679 547 3002 602 observante
3063 542 3552 599 Schurzlleist-ltio.

1979 640 2249 695 Diodorus
2296 640 2562 707 'Aréptov,
2600 637 2892 708 Dionysius
2926 634 3256 704 Τερμένιον,
3312 634 3375 686 Α.
3429 629 3554 684 Gel-

1980 736 2082 790 lius
2111 751 2166 794 ιι,
2197 735 2250 798 2,
2279 733 2579 796 Thermum,
2603 732 2811 786 Plinius
2837 729 3038 797 “1,28,
3069 727 3398 785 Afternium,
3426 723 3558 780 Cas-

1979 830 2232 883 siodorus
2255 827 2546 886 A’ernium,
2570 826 2938 879 nominarunt.
2971 822 3176 880 Livius.
3207 819 3295 873 lib.
3325 835 3404 879 ut,
3430 835 3554 886 cap.

1979 920 2068 981 3|,
2107 931 2164 973 ut
2190 929 2274 974 est
2303 920 2353 972 in
2388 916 2683 986 Sigoniano
2725 916 2886 973 libro,
2916 913 3209 967 Tercinium
3241 921 3418 966 vocat.
3460 909 3556 964 Ja-

1979 1027 2084 1066 nus
2113 1010 2458 1074 Gebhardus,
2489 1010 2541 1064 in
2573 1007 3054 1062 Emendationibus
3088 1019 3220 1058 mss.
3244 1002 3382 1071 apud
3409 1016 3556 1054 curn-

1980 1105 2102 1160 dcm
2136 1102 2680 1167 Scburzlleischium,
2713 1103 2766 1155 in
2800 1099 2973 1170 primo
2995 1112 3060 1152 ac
3092 1097 3250 1151 tertio
3295 1093 3556 1149 Palatinis

1979 1198 2138 1256 codd.
2174 1199 2405 1268 Appium
2449 1197 2699 1251 Actinum
2749 1193 2974 1249 invenit.
3016 1191 3167 1246 Adeo
3215 1189 3316 1244 hoc
3360 1201 3554 1240 nomen

1981 1294 2179 1364 saepius
2210 1294 2468 1362 varieque
2497 1297 2814 1359 corruptum
2839 1297 2942 1342 est.
2975 1283 3217 1354 Scaliger
3241 1279 3553 1352 pcriocham

1983 1388 2124 1442 hanc
2157 1387 2212 1441 in
2249 1398 2452 1440 annum
2481 1383 2860 1452 insequentem
2903 1377 3101 1440 differt,
3149 1373 3466 1441 invenitque
3501 1369 3554 1422 in

1983 1481 2087 1536 hac
2125 1480 2244 1550 ipsa
2274 1475 2594 1534 recensione
2625 1473 2828 1528 biennii
2853 1468 3326 1541 prOchronismum
3358 1481 3374 1520 :
3407 1462 3553 1531 quod

1982 1574 2186 1631 scilicet
2236 1572 2336 1626 Cn.
2369 1568 2602 1625 Lentulo
2636 1565 2903 1622 Getulico.
2936 1563 2998 1617 C.
3058 1561 3217 1616 Coss.
3270 1557 3554 1613 ΑιΙιμτίιιιιι

1983 1666 2285 1726 decessisse
2317 1679 2462 1720 anno
2493 1663 2560 1720 Π.
2591 1661 2654 1718 C.
2681 1660 2783 1716 7-79
2810 1666 3002 1715 auctor
3032 1657 3105 1714 sit
3160 1653 3385 1710 Tacitus
3442 1651 3555 1708 An-

1986 1759 2094 1816 nal.
2124 1774 2196 1826 tv,
2235 1774 2356 1828 cap.
2387 1757 2478 1812 61-.

293 1851 462 1914 addo,
493 1851 639 1920 quod
672 1849 865 1905 Malala
888 1848 1197 1917 Chronogr.
1233 1863 1286 1917 p.
1320 1846 1471 1901 5171'
1532 1845 1658 1898 Ἐπὶ
1686 1844 1742 1897 δὲ
1772 1841 1868 1896 τοῦ

2045 1852 2161 1905 Col.
2191 1851 2317 1905 444.
2351 1848 2562 1905 Servius
2595 1846 2834 1900 Plautus.
2868 1842 3177 1906 Parmensi,
3211 1849 3268 1895 ut
3298 1847 3352 1894 et
3383 1838 3557 1894 tribus

292 1944 594 2008 Κλαυδίου,
623 1943 721 2008 ait,
773 1941 1058 2012 Καίσαρος
1106 1939 1306 1994 ἔπαθεν
1356 1938 1462 1993 ὑπὸ
1511 1935 1807 2008 θεομηνιας
1837 1935 1870 2003 ἡ

293 2038 536 2103 Ἔφεσος
571 2036 751 2107 (cujus
786 2035 874 2090 hic
904 2034 1112 2103 mentio
1147 2049 1252 2088 non
1285 2033 1385 2101 ﬁt),
1426 2031 1518 2085 καὶ
1554 2033 1588 2101 ἡ
1621 2029 1879 2100 Σμύρνα,

289 2129 400 2180 καὶ
438 2126 630 2179 πολλαὶ
667 2125 845 2182 ἄλλαι.
869 2126 1059 2189 πόλεις
1106 2126 1204 2192 τῆς
1239 2123 1454 2188 Ἀσὶας.
1481 2122 1720 2177 Claudio.
1741 2135 1872 2190 ergo

287 2216 642 2279 Germanico,
709 2230 818 2270 non
866 2215 1096 2273 Claudio
1134 2215 1378 2277 Tiberio,
1426 2218 1710 2278 regnante,
1769 2213 1872 2266 hoc

286 2307 606 2376 contigerit,
638 2307 682 2360 si
709 2305 957 2360 Malalam
990 2321 1301 2375 sequemur.
1331 2304 1436 2357 Sed
1469 2303 1626 2358 nobis
1651 2300 1868 2370 quidem

285 2402 398 2462 alia
433 2402 614 2456 omnia
647 2402 728 2456 vel
770 2417 800 2457 e
839 2399 1133 2464 Strabone,
1172 2401 1369 2470 aequali
1407 2400 1707 2467 scriptore,
1733 2412 1868 2450 con-

286 2503 461 2548 stant.
506 2493 578 2546 De
613 2493 887 2547 Archelao
931 2500 986 2550 et
1023 2491 1268 2546 Caesarea
1297 2489 1650 2567 Cappadocia:
1679 2487 1868 2541 eadem

289 2593 593 2638 narrantur
639 2584 780 2654 apud
817 2583 1042 2638 Suidam
1073 2584 1125 2636 in
1161 2580 1552 2635 ΚΑΙΣΑΡΕΙΑ.
1602 2577 1696 2631 llis
1732 2575 1872 2630 adde

287 2675 438 2744 quod
465 2685 724 2746 corrupte
749 2675 915 2752 habet
941 2674 1249 2740 Parmens.,
1276 2673 1472 2729 Ostene
1492 2687 1586 2741 pro
1613 2670 1867 2734 Mostene,

286 2780 348 2822 et
391 2769 760 2823 Diabiercania
824 2784 923 2838 pro
980 2767 1084 2821 Dia
1145 2767 1446 2837 Hyrcania.
1482 2763 1769 2831 Praestabit
1816 2769 1874 2817 et
1921 2801 1925 2805 η

287 2861 646 2914 consuluisse
672 2857 1011 2923 Gronovium
1051 2857 1328 2928 iuniorem
1383 2856 1448 2908 ad
1505 2869 1868 2908 marmoream

288 2949 474 3004 basim
525 2949 737 3006 Colossi
775 2947 1054 3003 Tiberiani
1110 2948 1241 3000 tum.
1279 2945 1368 3003 Yll
1399 2945 1691 3013 Antiquitt.
1721 2943 1872 2998 Grae-

287 3056 509 3103 carum,
549 3040 821 3110 capitibus
852 3037 1156 3111 praesertim
1195 3037 1226 3088 5
1252 3047 1308 3090 et
1337 3035 1429 3101 24,
1455 3036 1544 3090 ubi
1570 3052 1679 3090 uno
1699 3035 1866 3090 verbo

287 3133 428 3203 legit
460 3130 830 3201 Apollonidea,
865 3147 962 3203 pro
1001 3129 1281 3198 Apollonia
1314 3130 1426 3193 dia,
1461 3145 1624 3198 quam
1679 3128 1869 3184 lectio-

288 3241 422 3279 uem
457 3224 644 3277 multis
679 3223 934 3277 Veterum
967 3221 1300 3277 testimoniis
1331 3221 1674 3292 comprobat,
1707 3231 1872 3292 atque

290 3319 404 3373 hoc
429 3317 547 3386 ipso
573 3315 910 3387 Hieronymi,
945 3314 1038 3385 qui
1068 3319 1192 3369 eum
1225 3314 1470 3368 tredecim
1507 3315 1650 3370 dicat
1677 3313 1873 3370 civita-

288 3420 383 3469 tes
413 3409 692 3488 corruisse
725 3415 1062 3470 terraemotu,
1091 3406 1308 3460 interim
1344 3408 1739 3477 quatuordecim
1769 3422 1873 3460 nu-

291 3485 564 3561 meraret,
585 3499 630 3552 si
658 3499 804 3568 quod
843 3499 895 3552 in
932 3498 1057 3552 aliis
1087 3514 1224 3553 mss.
1256 3485 1528 3564 editisque
1559 3499 1712 3554 libris
1737 3500 1870 3570 legi—

288 3601 411 3654 tur,
460 3589 774 3660 Apollonia,
829 3591 950 3642 oria
1004 3589 1333 3658 scripsisset.
1371 3589 1499 3644 Erat
1547 3590 1662 3643 haec
1691 3598 1872 3644 autem

288 3699 406 3739 non
431 3679 720 3752 Apollonia
761 3679 941 3749 Trojte
963 3718 979 3744 ,
1007 3678 1104 3734 sed
1151 3679 1501 3749 Apollonidea
1529 3678 1741 3750 Lydiae,
1771 3696 1870 3734 cu-

282 3775 385 3845 jus
414 3773 709 3843 provinciae
743 3779 798 3828 et
830 3770 1052 3841 reliquae
1080 3770 1348 3838 civitates,
1377 3770 1428 3826 id
1460 3779 1565 3838 est,
1598 3771 1740 3827 Asiae
1769 3771 1875 3826 mi-.

286 3871 448 3931 noris
486 3879 635 3924 sunt.

367 3961 490 4014 (μοι.
523 3960 652 4014 463.
695 3956 1001 4014 Fenestella
1052 3955 1401 4010 historiarum
1422 3955 1670 4023 scriptor.
1701 3957 1875 4010 Antea

285 4050 602 4116 addebatur
627 4062 674 4107 et
705 4053 1004 4106 carminum
1033 4049 1086 4104 in
1120 4049 1280 4105 editis
1310 4049 1464 4104 libris
1493 4064 1555 4104 ac
1579 4065 1712 4105 mss.
1743 4058 1878 4119 quot

1898 3191 1946 3254 C

235 4174 243 4178 -
285 4145 560 4210 vidimus,
590 4152 752 4213 atque
813 4147 950 4198 adeo
975 4151 1031 4198 et
1064 4142 1118 4196 in
1177 4141 1346 4212 priori
1381 4141 1621 4196 editione
1665 4150 1873 4196 nostra.
1922 4154 1929 4161 ·

283 4235 669 4305 Expungimus
702 4241 885 4289 autem
917 4249 1062 4288 nunc
1088 4248 1183 4288 eas
1213 4247 1374 4288 voces
1409 4233 1474 4287 ad
1524 4233 1686 4288 Iidem
1733 4235 1880 4302 epti-

284 4329 369 4380 mi
406 4323 670 4379 Lucensis
699 4339 829 4391 ms.,
865 4324 922 4378 in
950 4338 1061 4396 quo
1092 4325 1436 4378 historiarum
1468 4324 1713 4392 quidem,
1769 4339 1876 4378 non

283 4419 425 4474 item
455 4425 508 4470 et
550 4417 849 4471 carminum
901 4416 1138 4486 scriptor
1187 4414 1484 4470 Fenestella
1542 4415 1874 4484 perhibetur.

1982 1943 2220 1998 Palatin.
2265 1957 2423 2005 mss.,
2463 1940 2636 2005 Seius,
2670 1938 2973 2007 Scaligero,
2999 1948 3162 2004 atque
3187 1933 3308 1988 aliis
3350 1931 3556 1996 Serius,

1980 2047 2036 2093 et
2067 2037 2270 2092 Sa'vius
2299 2033 2544 2090 tenebrio
2569 2034 2658 2087 hic
2686 2033 3010 2101 appellatur.

2052 2127 2169 2182 Col.
2202 2127 2328 2181 “3.
2362 2124 2644 2194 Philippus
2674 2124 2940 2176 tetrarcha
2969 2123 3022 2176 in
3055 2121 3240 2191 Syria,
3275 2130 3377 2173 etc.
3409 2119 3558 2174 Con-

1982 2219 2059 2274 fer
2091 2219 2474 2288 Hieronymum
2508 2215 2662 2270 initio
2694 2214 2786 2268 lib.
2847 2230 2900 2269 Ill
2931 2215 2982 2268 in
3031 2213 3340 2267 Mattlneum
3368 2227 3382 2264 :
3432 2209 3555 2263 Phi-

1980 2304 2148 2378 lipp'ns
2181 2311 2276 2368 isfe
2303 2318 2378 2364 est
2418 2309 2585 2376 frater
2619 2306 2932 2363 Herodis...'
2965 2306 3055 2374 qui
3095 2305 3148 2356 in
3193 2303 3440 2357 honorem
3474 2298 3561 2353 Ti-

1979 2399 2107 2452 berii
2141 2398 2368 2453 Cresam
2393 2397 2690 2454 Camenam
2733 2415 2851 2469 quae
2911 2412 3047 2450 nunc
3078 2395 3284 2450 Paneas
3335 2394 3558 2457 dicitur,

1977 2493 2321 2555 construxit,
2365 2501 2412 2546 et
2451 2493 2508 2545 in
2557 2493 2807 2546 honorent
2842 2490 3069 2545 Cwsaris
3123 2489 3428 2556 pariterque
3474 2487 3561 2543 sui

1979 2585 2203 2640 nominis
2236 2585 2516 2653 appellavit
2559 2602 2673 2639 eam
2707 2583 3006 2640 Gazsaream
3055 2583 3361 2652 Philippi...
3397 2590 3445 2635 et
3489 2595 3554 2633 ex

1979 2678 2185 2731 nomine
2216 2678 2342 2747 ﬁliae
2370 2679 2483 2748 ejus
2515 2679 2786 2734 Juliadem
2817 2689 2965 2732 trans
3013 2677 3300 2733 Iordanem
3351 2683 3558 2729 exstru-

1976 2771 2079 2824 xit.
2139 2769 2354 2827 Vidcsis
2402 2787 2568 2842 porro
2625 2787 2746 2841 quas
2778 2773 3068 2826 observata
3103 2769 3263 2824 nobis
3308 2775 3437 2822 sunt
3487 2765 3558 2820 ad

1979 2861 2126 2917 hunc
2157 2862 2587 2919 locum.'Notum
2622 2862 2892 2918 Libiadem
2925 2873 2976 2917 ct
2998 2861 3273 2936 Juliadem
3304 2859 3558 2928 Antiquis

1983 2957 2295 3023 promiscue
2325 2956 2459 3022 dici;
2496 2957 2695 3011 mirum
2739 2966 2941 3026 autem,
2972 2954 3116 3023 quod
3143 2969 3265 3008 cum
3299 2951 3470 3007 semel
3502 2950 3556 3003 in

1981 3045 2172 3102 ϐιαιεο
2215 3049 2336 3116 ejus
2367 3047 2523 3102 urbis
2547 3047 2750 3102 mentio
2781 3046 2873 3114 sit,
2901 3061 3064 3114 quam
3105 3043 3388 3116 Syncellus
3418 3043 3557 3095 ‘lou-

1978 3139 2137 3194 λιάδα
2175 3148 2352 3206 vocat,
2383 3154 2492 3193 non
2536 3139 2651 3193 haec
2699 3145 2880 3192 tamen
2912 3139 3006 3202 sit,
3051 3139 3146 3192 sed
3189 3145 3352 3205 quam
3383 3135 3557 3188 altero

1979 3228 2049 3282 ab
2089 3228 2194 3285 hoc
2230 3242 2461 3283 numero
2499 3227 2772 3282 Libiadem
2823 3226 3058 3298 appellat
3094 3227 3455 3298 Hieronymus
3492 3225 3560 3280 ab

1977 3317 2189 3373 Herode
2216 3327 2574 3373 exstructam.

2045 3409 2162 3466 Col.
2190 3411 2317 3465 M5.
2379 3409 2614 3463 Joannes
2667 3409 2813 3477 ﬁlius
2867 3410 3170 3464 Zachariaz.
3230 3408 3444 3464 Perstat
3503 3408 3557 3462 in

1977 3503 2211 3572 pristino
2246 3517 2432 3557 errore
2468 3501 2732 3568 Scaliger.
2792 3517 2916 3556 cum
2952 3502 3017 3556 l5
3070 3500 3301 3565 Tiberii,
3354 3501 3557 3556 vicesi-

1978 3610 2127 3648 mum
2165 3610 2374 3649 nonum
2403 3594 2606 3648 Christi
2663 3609 2866 3648 annum
2927 3609 3027 3662 pro
3078 3594 3362 3648 tricesimo.
3409 3606 3563 3647 com-

1975 3701 2196 3755 parans.
2219 3685 2442 3740 Frustra
2481 3684 2616 3739 adeo
2647 3685 2700 3739 in
2730 3686 2876 3739 notis
2925 3684 2991 3739 de
3016 3686 3116 3739 hac
3163 3685 3280 3739 iusa
3329 3697 3557 3751 compa—

1976 3779 2189 3834 ratione
2223 3777 2473 3847 pluribus
2505 3777 2766 3846 disputat,
2795 3793 2913 3846 qurc
2939 3778 3163 3832 omnino
3195 3786 3321 3831 sunt
3352 3787 3547 3833 contra

1976 3871 2197 3926 Eusebii
2234 3879 2490 3928 mentem.
2518 3870 2712 3927 Recole
2733 3886 2854 3941 qum
2882 3871 3182 3925 adannum
3203 3868 3274 3924 42
3304 3869 3531 3940 Augusti

1979 3964 2356 4020 observamus.
3307 3982 3309 3984 ·

2050 4057 2190 4114 lbid.
2259 4057 2584 4113 ἔρρωται...
2651 4057 3043 4124 Computantnr
3095 4056 3152 4109 in
3227 4064 3558 4118 prensantem.

1977 4149 2309 4220 Corruptum
2346 4151 2522 4205 locum
2567 4150 2715 4204 hunc
2747 4157 2880 4217 puto
2929 4149 3277 4202 librariorum
3325 4150 3559 4210 incuria,

1982 4257 2145 4314 quem
2188 4243 2260 4296 ita
2292 4242 2570 4302 restituas,
2611 4239 2976 4308 suppleasque
3013 4253 3077 4291 ex
3125 4237 3412 4293 iusinsmet
3450 4239 3555 4291 Eu-

1982 4333 2116 4387 sebii
2154 4332 2478 4388 Praeter-ioue
2501 4332 2552 4385 in
2588 4329 2732 4384 hunc
2789 4330 3026 4392 librum:
3076 4331 3115 4382 ,4
3147 4330 3372 4382 secundo
3421 4346 3560 4382 anno

1989 4423 2161 4488 Darii,
2204 4435 2252 4477 et
2286 4420 2672 4477 instauratione
2707 4419 2925 4488 Templi,
2957 4433 3094 4487 qum,
3129 4426 3237 4472 etc.
3289 4419 3394 4470 Aut
3417 4427 3562 4470 certe

286 4508 372 4564 Re
407 4507 569 4564 etiam
602 4521 728 4562 vera
767 4504 1074 4562 condidisse
1101 4519 1226 4560 cum
1250 4504 1493 4560 carmina
1515 4505 1733 4560 aliunde
1771 4521 1876 4560 non
1911 4533 1958 4590 Β
1985 4534 2111 4576 cum
2131 4517 2421 4587 prospero,
2453 4513 2692 4570 inductis
2716 4511 2897 4567 verbis
2917 4529 2948 4566 a
2974 4509 3200 4564 secundo
3235 4527 3394 4575 anno,
3419 4511 3562 4580 lnge-

283 4608 537 4661 constat,
592 4605 647 4652 et
681 4597 926 4667 Scaliger
956 4612 1258 4667 pernegare
1312 4612 1418 4652 non
1463 4605 1665 4654 cessat.
1710 4599 1880 4656 Porro

279 4687 441 4754 quod
474 4687 671 4743 Noster
703 4685 1020 4750 Fenestella:
1074 4695 1306 4742 mortem
1341 4686 1409 4743 ad
1444 4688 1590 4743 hunc
1645 4687 1810 4743 refert
1847 4688 1881 4742 5

281 4781 502 4837 Tiberii
535 4795 762 4847 annum,
789 4780 1023 4846 Plinius,
1053 4780 1146 4851 qui
1177 4781 1296 4851 ejus
1330 4780 1632 4850 saepissime
1686 4782 1879 4836 tnemi-
1912 4829 1921 4837 .

278 4873 417 4936 nit,
480 4872 786 4928 novissimo
850 4870 1099 4943 ejusdem
1156 4872 1503 4941 imperatoris
1566 4872 1876 4944 principatu

276 4965 489 5022 scribit
513 4965 831 5034 contigisse.

366 5056 508 5113 Ibid.
546 5055 788 5113 Tiberius
820 5058 1016 5112 multos
1051 5072 1216 5127 reges.
1271 5055 1517 5126 Eutropii
1550 5056 1718 5110 verba
1750 5063 1880 5109 sunt

275 5152 348 5206 in
382 5149 629 5205 Breviar.
667 5150 765 5206 lib.
791 5165 885 5216 vn,
917 5165 1040 5221 cap.
1073 5149 1160 5215 ll,
1197 5159 1405 5204 tantum
1442 5147 1586 5218 quod
1623 5149 1880 5218 quosdam

277 5259 447 5314 reges
474 5257 574 5313 pro
597 5243 789 5297 multos
822 5242 978 5307 dicit,
1011 5251 1120 5299 tum
1153 5241 1222 5316 de
1249 5241 1516 5296 Archelao
1539 5240 1876 5310 Cappadoce,

273 5335 450 5403 cujus
474 5335 634 5390 etiam
663 5351 878 5407 regnum
915 5336 971 5391 in
997 5337 1279 5406 provincia:
1327 5336 1555 5406 formam
1587 5335 1805 5402 redegit,
1830 5345 1879 5390 et

271 5430 591 5485 maximam
626 5431 887 5486 civitatem
920 5431 1178 5503 appellari
1209 5430 1417 5486 nomine
1440 5446 1535 5484 suo
1551 5429 1736 5499 jussit,
1762 5445 1879 5499 qua:

271 5525 546 5579 Caesarea
599 5524 846 5593 dicitur,
905 5544 1026 5583 cum
1079 5527 1304 5582 Mazaca
1364 5542 1522 5582 antea
1557 5533 1874 5581 vocaretur.

263 5617 458 5674 Adito
485 5620 728 5674 auctoris
761 5621 923 5690 hujus
969 5620 1313 5688 scholiastas,
1366 5620 1686 5675 Suetonium
1743 5633 1878 5687 quo-

260 5724 401 5780 que
432 5711 487 5764 in
519 5710 742 5767 Tiberio
770 5728 888 5783 cap.
923 5715 1012 5780 37,
1041 5714 1266 5784 eiurare
1317 5714 1658 5785 interpretes,
1719 5712 1878 5768 Taci-

263 5812 408 5860 tum
437 5802 536 5860 lib.
561 5818 597 5860 ιι
621 5819 740 5877 cap.
773 5805 861 5874 42,
893 5815 1017 5862 etc.-

1987 4611 2062 4666 sis
2079 4608 2284 4670 ἁπλῶς,
2320 4608 2416 4682 ΑΙ)¹
2440 4606 2826 4661 instauratione
2861 4601 3056 4668 Templi
3109 4618 3245 4672 qme,
3271 4613 3380 4662 etc.
3417 4601 3560 4657 lnl'ra

1988 4704 2042 4758 in
2067 4701 2225 4756 annis
2254 4700 2323 4754 ab
2353 4713 2578 4769 egressu
2613 4696 2828 4753 Israelis
2873 4712 2936 4751 ex
2970 4693 3204 4766 IEgypto
3239 4710 3347 4750 uno
3382 4696 3562 4751 minus

1987 4795 2151 4851 habet
2181 4792 2447 4861 Scaliger,
2477 4792 2591 4847 sive
2617 4791 2773 4849 1538.

2045 4887 2123 4942 Id.
2144 4885 2279 4942 Ibid.
2319 4883 2646 4940 Joannes....
2679 4881 2722 4936 Α
2745 4881 2943 4934 diluvio
2969 4897 3132 4937 usque
3172 4880 3241 4934 ad
3270 4881 3561 4934 Abraham.

1983 4978 2298 5033 Postremus
2323 4977 2460 5032 duas
2487 4977 2620 5030 istas
2642 4989 2670 5026 a
2725 4971 2934 5027 diluvio
2985 4973 3052 5026 ad
3085 4973 3383 5038 Abraham,
3413 4982 3469 5028 et
3495 4974 3563 5025 ab

1982 5071 2278 5126 Adamoad
2330 5069 2596 5123 diluvium
2637 5063 3076 5136 supputationes.
3131 5081 3323 5121 vereor
3382 5074 3441 5120 ut
3491 5067 3560 5119 ab

1983 5163 2102 5233 ipso
2120 5161 2353 5218 Eusebio
2397 5167 2491 5216 aut
2539 5157 2869 5228 llicronymo
2929 5156 3059 5211 sint.
3113 5155 3400 5212 Enimvero
3433 5165 3485 5209 et
3528 5169 3556 5206 a

1985 5251 2262 5323 proposito
2296 5250 2488 5321 Operis
2509 5257 2621 5304 toto
2651 5245 2789 5302 coelo
2830 5238 3118 5308 abludunt,
3196 5256 3250 5301 et
3271 5260 3394 5300 cum
3425 5259 3561 5310 pra:-

1984 5344 2306 5401 cedeutibus
2348 5343 2578 5398 summis
2645 5341 2868 5395 minime
2948 5345 3380 5400 connectuntur,
3438 5351 3556 5404 quae

1983 5449 2179 5491 omnes
2217 5434 2283 5489 ad
2307 5432 2510 5490 Tiberii
2545 5431 2818 5488 decimum
2841 5432 3088 5501 quintum
3112 5445 3313 5483 annum
3348 5443 3560 5497 respec-

1985 5539 2096 5584 tum
2128 5528 2350 5592 babent,
2383 5526 2451 5582 ad
2480 5541 2716 5595 eumque
2745 5527 3031 5581 terminum
3059 5531 3205 5579 recta
3254 5522 3556 5578 COIlllllaltl.

1983 5621 2218 5677 Proinde
2268 5635 2369 5676 nec
2413 5627 2664 5688 spectant
2728 5619 2796 5673 ad
2851 5617 3138 5672 Aliraliami
3192 5632 3383 5681 seram,
3439 5634 3560 5686 qttze

1977 5715 2130 5784 juxta
2181 5712 2603 5768 contractiorem
2656 5709 2864 5765 Hebraei
2918 5715 3099 5762 textus
3147 5722 3434 5762 numerum
3490 5708 3560 5762 ab

1983 5805 2217 5864 Eusebio
2255 5803 2424 5862 semel
2479 5803 2779 5875 proposita,
2831 5802 2899 5856 ab
2944 5801 3047 5858 hac
3097 5810 3323 5874 augetur
3364 5802 3560 5860 latiore
