4014 6196
272 393 413 463 1345

1529 385 1939 452 VALLARSII
1981 382 2220 443 ΝΟΤᾸΞ.

3391 377 3529 440 1046

270 508 491 578 septimo
521 505 859 576 Quamgvuti,
896 514 1124 574 tempore
1152 503 1305 568 veris,
1349 502 1538 558 ultimo
1585 503 1670 556 die
1705 504 1845 557 tertii
1873 507 1922 561 Δ
1951 498 2194 554 Oratoris
2221 498 2547 552 meminere:
2584 498 2804 555 Tacitus
2830 499 3027 557 Annal.
3066 516 3105 565 ι,
3140 494 3208 553 72
3229 505 3280 554 et
3311 514 3388 566 tv,
3423 497 3519 561 21,

273 597 492 677 mensis,
528 598 633 677 huc
670 611 731 650 ea
761 596 978 671 eclipsis
1013 596 1154 652 male
1195 594 1450 650 refertur.
1492 593 1704 662 Inspice
1755 593 1844 646 Bi-

275 671 532 743 bliothec.
558 671 869 743 Cermanic.
896 699 1031 743 tom.
1070 686 1131 755 V,
1167 702 1220 758 p.
1245 687 1334 755 50,
1383 693 1490 742 etc.
1523 686 1847 755 Quanquam

274 796 408 835 vero
443 780 573 835 solis
597 780 696 834 iste
741 779 983 836 defectus
1019 779 1158 836 male
1213 795 1246 836 a
1278 778 1500 835 Iesuitis
1545 789 1599 834 et
1628 777 1855 833 Mullero

277 870 344 925 ad
368 871 594 941 eclipsin
629 869 1018 939 passionalem,
1059 885 1219 939 quam
1270 878 1486 933 vocant,
1546 868 1714 924 fuerit
1753 883 1854 938 ap-

276 962 703 1032 plicitus_,nihil
766 962 891 1017 inde
959 963 1173 1018 veritati
1238 961 1567 1033 evangelicae
1606 960 1854 1016 decedit.

282 1055 465 1110 Solem
497 1057 795 1125 deliquium
825 1073 948 1112 esse
981 1072 1202 1128 passum
1231 1063 1382 1112 certo
1421 1055 1672 1110 novimus
1699 1072 1713 1108 :
1756 1069 1852 1109 ex-

284 1147 706 1202 traordinarium
745 1150 910 1204 fuisse
943 1165 1030 1204 res
1055 1150 1170 1220 ipsa
1201 1149 1459 1221 loquitur.
1511 1147 1708 1203 Totum
1770 1161 1861 1200 or-

279 1249 403 1294 bem
431 1255 496 1293 eo
515 1240 684 1295 fuisse
725 1241 1070 1296 obscuratum
1110 1243 1348 1298 nondum
1401 1243 1567 1311 liquet
1601 1239 1858 1310 :Origeni

278 1346 382 1402 ego
418 1334 765 1399 accesserim,
807 1334 897 1404 qui
930 1351 1034 1390 non
1062 1336 1199 1390 ultra
1230 1335 1570 1390 Palaestinam
1598 1334 1856 1398 extendit,

276 1423 689 1480 Commentario
743 1426 798 1480 in
846 1427 1180 1482 Matthaeum.
1223 1426 1442 1482 Fabulis
1468 1437 1521 1482 et
1550 1426 1860 1481 fictionibus

281 1517 350 1570 ad
376 1518 512 1572 tanti
545 1519 802 1574 momenti
838 1536 951 1575 rem
976 1521 1354 1576 stabiliendam
1376 1521 1507 1574 nihil
1532 1521 1858 1589 indigemus.

349 1605 470 1663 Col.
490 1607 616 1663 M5.
640 1608 1161 1679 Argantentum......
1191 1613 1361 1666 tribus
1389 1612 1544 1666 annis
1577 1611 1861 1664 Dominum

280 1699 619 1765 prrditasse.
646 1700 764 1765 Quo
796 1701 847 1756 id
885 1713 1042 1772 pacto
1070 1703 1302 1758 excudat
1332 1719 1396 1757 ex
1429 1701 1656 1757 Joannis
1689 1702 1863 1755 Evan-

281 1791 423 1860 gelio
454 1789 720 1846 Eusebius
754 1808 817 1847 ex
840 1793 1069 1863 ipsomet
1102 1795 1278 1850 disces
1307 1795 1400 1849 lib.
1428 1811 1442 1848 ι
1471 1795 1676 1848 Histor.
1714 1793 1859 1848 Eccl.

1966 593 2205 662 itemque
2240 592 2294 647 in
2329 593 2552 663 Dialogo
2603 594 2673 649 de
2727 593 3047 651 Oratoribus
3107 611 3226 666 cap.
3288 595 3376 660 19,
3413 594 3524 661 26;

1957 682 2253 738 Suetonius
2299 684 2351 738 in
2381 685 2625 754 Augusto
2664 701 2783 756 cap.
2811 687 2903 752 56,
2951 696 3004 741 et
3033 687 3088 741 in
3125 687 3366 756 Caligula
3392 702 3520 755 eap.

1957 776 2046 840 I6,
2070 788 2124 832 et
2160 776 2213 830 in
2244 776 2459 832 Vitellio
2484 793 2602 846 cap.
2631 778 2668 832 2
2698 795 2713 845 ;
2746 779 2950 834 Plinius
2979 779 3074 833 lib.
3115 795 3231 845 VIII,
3263 794 3384 847 cap.
3421 779 3528 844 12;

1957 867 2262 923 Macrobius
2291 869 2385 933 lib,
2418 885 2452 923 ιι
2488 885 2608 940 cap.
2634 871 2707 938 4;
2749 870 3173 937 Quinctilianus,
3211 882 3258 925 et
3315 871 3527 926 Seneca

1959 960 2202 1014 omnium
2245 959 2708 1030 frequentissime.
2761 960 2916 1015 Nihil
2940 970 3119 1016 tamen
3175 963 3373 1018 exinde
3425 964 3526 1018 ha-

1959 1062 2154 1107 ctenus
2180 1052 2357 1117 licuit,
2391 1053 2532 1122 quod
2563 1054 2627 1108 ad
2662 1053 2984 1108 medicinam
3041 1056 3145 1109 loci
3179 1057 3341 1126 hujus
3389 1071 3524 1110 con-

1960 1141 2147 1206 ferret,
2196 1144 2371 1200 doctis
2423 1145 2635 1199 criticis
2685 1146 2992 1200 excudisse.
3047 1145 3288 1214 Scaliger
3348 1157 3528 1201 autem

1963 1236 2320 1300 pronuntiare
2383 1237 2549 1292 audet
2629 1237 2922 1308 scripsisse
2977 1239 3372 1309 Hieronymum
3444 1240 3534 1306 qui

1963 1327 2316 1392 Quintianum
2374 1331 2428 1382 in
2459 1330 2584 1384 ludo
2611 1331 2814 1384 luserat
2842 1330 3173 1400 prourbium.
3204 1330 3533 1385 Prourbium

1961 1423 2132 1488 enim,
2162 1423 2258 1488 ait,
2290 1431 2377 1478 est
2415 1425 2753 1488 πρσάστειον
2791 1426 2856 1479 ad
2892 1425 3144 1489 verbum,
3200 1434 3284 1505 ut.
3319 1437 3537 1491 promu-

1964 1515 2133 1582 rium,
2169 1515 2553 1585 procestrium.
2597 1515 2958 1582 Quintianum
2998 1517 3163 1586 igitur
3191 1516 3534 1585 prourbium,

1963 1607 2078 1660 sive
2136 1608 2481 1670 suburbium,
2546 1611 2880 1677 praetorium,
2938 1618 3031 1664 aut
3098 1609 3281 1664 villam
3362 1610 3536 1664 Cassii

1965 1692 2148 1748 Severi
2178 1694 2430 1763 intelligi,
2482 1693 2830 1761 Quintianum
2889 1697 3108 1767 quidem
3141 1712 3168 1750 a
3203 1696 3513 1762 Quintianis

1968 1786 2156 1855 pratis,
2193 1787 2282 1842 ubi
2313 1787 2420 1842 sita
2485 1796 2624 1843 erat.
2654 1799 2714 1844 ut
2746 1790 2942 1844 merito
2969 1790 3297 1860 προάστειον
3332 1787 3493 1841 fuerit
3521 1801 3536 1839 :

282 1898 406 1951 Cap.
444 1883 530 1938 I0.
554 1885 757 1941 Alludit
787 1886 929 1940 inter
967 1897 1163 1942 caetera
1188 1902 1237 1941 c.
1275 1902 1351 1950 ιι,
1389 1888 1478 1954 51,
1512 1897 1738 1952 etxvm,
1776 1888 1862 1951 I3,

1968 1877 2429 1945 quemadmodum
2510 1879 2703 1935 Cicero
2795 1880 3165 1950 Argiletanum
3247 1868 3539 1934 a'dit‘icium

279 1973 480 2043 quibus
508 1975 640 2030 locis
673 1977 904 2048 Caiphas
931 1978 1130 2033 dicitur
1153 1981 1387 2046 pontifex
1411 1981 1538 2033 anni
1564 1980 1710 2033 illius

279 2076 477 2134 passus
494 2064 868 2122 eSIChristus.
905 2066 1143 2138 Scaliger
1160 2076 1323 2124 nouos
1359 2070 1409 2122 iu
1435 2070 1616 2137 scirpo
1647 2069 1866 2138 quaerit.

355 2149 494 2203 Ibid.
530 2154 934 2223 Argumentum.
979 2191 995 2209 .
1036 2192 1051 2207 .
1089 2193 1107 2212 .

282 2258 413 2298 mus
447 2244 514 2299 de
537 2245 700 2316 hujus
742 2247 971 2302 monstri
1017 2255 1257 2317 tempore
1287 2250 1486 2317 saepius
1550 2251 1692 2319 apud
1737 2251 1862 2304 llie-

283 2346 598 2402 ronymum,
633 2335 727 2406 qui
764 2352 873 2390 uno
906 2337 1023 2392 loco
1050 2348 1301 2408 excepto,
1339 2339 1520 2393 fucum
1577 2342 1678 2394 sibi
1743 2341 1857 2395 fieri

285 2438 485 2492 passus
511 2434 594 2479 est
629 2428 695 2478 ab
733 2427 985 2492 Eusebio,
1041 2429 1129 2482 cui
1166 2428 1443 2498 Iosephus
1505 2431 1735 2498 pridem.
1772 2442 1862 2485 aut

283 2520 437 2568 certe
458 2515 699 2584 corrupti
727 2513 948 2586 Iosephi
977 2517 1197 2572 codices
1225 2519 1620 2588 imposuerant,
1643 2531 1701 2573 ut
1731 2521 1863 2574 illud

287 2604 358 2659 ad
394 2605 688 2662 Dominicae
727 2609 1002 2678 passionis
1060 2618 1278 2680 tempus
1313 2611 1597 2668 referrent.
1647 2609 1864 2667 Vides-is

291 2712 412 2766 qua:
441 2698 798 2756 observamus
829 2701 896 2755 ad
929 2703 1147 2772 epistol.
1187 2703 1239 2757 in
1303 2712 1486 2758 nostra
1543 2706 1864 2760 recensione
1907 2759 1910 2762 .

289 2790 382 2855 18,
423 2791 488 2846 ad
519 2792 758 2857 Damas.,
791 2811 940 2850 num.
974 2795 1030 2862 9,
1063 2804 1118 2849 et
1151 2797 1276 2863 120,
1318 2797 1384 2852 ad
1438 2797 1738 2864 lledibiam,
1766 2814 1861 2867 qu.

291 2881 630 2952 8;denique
674 2882 983 2940 Comment.
1041 2887 1094 2939 in
1155 2885 1466 2940 Matthazum
1527 2901 1648 2956 cap.
1691 2903 1858 2943 xxvn.
1939 2911 1947 2918 -

289 2969 498 3026 Locum
557 2972 647 3028 ubi
705 2973 771 3027 ad
807 2973 1028 3045 Iosephi
1065 2986 1298 3030 mentem
1361 2975 1577 3030 confert
1638 2977 1752 3030 hmo
1799 2976 1860 3032 S.

287 3058 564 3131 Interpres
596 3064 648 3118 in
681 3064 874 3119 excidii
915 3067 1362 3139 Ierosolymitani
1396 3077 1662 3138 tempora,
1687 3067 1861 3133 habes

289 3153 345 3208 In
387 3153 697 3212 Comment.
728 3174 856 3212 xvm
897 3159 952 3213 in
976 3159 1189 3223 Isaiam,
1228 3175 1350 3229 cap.
1387 3161 1488 3215 ult.

1174 2155 1658 2228 Transmigremus.
1725 2159 1869 2211 Dixi-

1979 1977 2153 2033 vocat,
2191 1969 2337 2038 quod
2371 1970 2426 2025 in
2463 1971 2709 2041 Argileto
2742 1971 2928 2026 Retine
2973 1982 3349 2026 constructum
3382 1981 3495 2034 erat
3523 1991 3538 2039 ;

1973 2069 2025 2113 et
2087 2057 2335 2114 Cassium
2395 2059 2673 2114 hominem
2742 2061 3096 2129 perditissimi
3151 2070 3430 2128 nepotatus
3489 2071 3544 2115 et

1973 2150 2398 2220 profligatissimi
2445 2151 2615 2214 luxus
2690 2151 2742 2203 in
2810 2152 2936 2205 ludo
2997 2152 3126 2205 aleae
3187 2152 3542 2214 Quintianum

1970 2259 2128 2297 suum
2157 2242 2361 2297 lusisse
2391 2243 2684 2313 designari,
2711 2254 2823 2298 etc.
2856 2245 3052 2298 Credat
3076 2243 3294 2297 Imlams
3333 2245 3541 2312 Apella.

1971 2332 2094 2387 Srio
2130 2333 2511 2400 Quinetianum
2538 2335 2825 2403 quemdam
2850 2335 3071 2388 mollitia
3123 2335 3356 2402 corporis
3405 2335 3544 2406 infa-

1967 2409 2123 2484 mem,
2185 2433 2233 2476 et
2283 2440 2314 2476 a
2347 2422 2562 2478 Nerone
2607 2425 2859 2493 probroso
2911 2427 3146 2480 carmine
3205 2426 3542 2493 di/fumatum

1966 2516 2254 2570 metziorari
2299 2517 2492 2572 Tacito
2520 2517 2659 2572 libro
2698 2533 2785 2584 xv,
2820 2533 2938 2586 cap.
2976 2518 3066 2573 49.
3100 2517 3234 2572 Num
3300 2533 3365 2572 ex
3420 2518 3538 2585 ejus

1978 2614 2090 2658 vita
2126 2615 2217 2659 aut
2253 2607 2398 2663 dicto
2443 2607 2624 2677 aliquo
2685 2611 3056 2678 proverbium
3097 2618 3284 2663 natum
3344 2609 3436 2672 sit,
3475 2609 3541 2672 ad

1965 2695 2109 2763 quod
2133 2695 2378 2750 alluserit
2397 2706 2587 2752 auctor
2617 2697 2700 2767 (ut
2721 2697 3030 2751 verosiutile
3059 2695 3166 2764 est)
3228 2695 3542 2760 Suetonius,

1964 2799 2124 2854 quem
2153 2785 2518 2857 l'lieronymus
2559 2787 2847 2853 describit,
2901 2788 3140 2842 viderint
3170 2789 3464 2851 doctiores.

2035 2898 2175 2951 Ibid.
2217 2897 2347 2964 Qua:
2381 2899 2568 2955 Italico
2610 2900 2926 2954 charactere
2966 2900 3054 2952 hic
3085 2907 3139 2952 et
3167 2898 3364 2966 srepius
3399 2896 3542 2950 infra

1964 3003 2251 3064 notantur,
2299 2993 2574 3048 Pontacus
2621 3008 2651 3048 e
2701 2991 3094 3047 vetustioribus
3147 2991 3308 3044 editis
3370 2989 3528 3043 libris

1963 3087 2274 3156 descripsit.
2321 3086 2452 3143 Mss.
2505 3094 2686 3141 autem
2755 3085 2999 3156 plerique
3050 3090 3264 3146 Omnes,
3314 3083 3543 3152 ipsaque

1965 3176 2220 3246 Scaligeri
2246 3176 2410 3231 editio
2431 3175 2668 3245 ignorat.

359 3247 544 3305 Ibid...
600 3249 780 3304 scribit
842 3261 1039 3306 autem.
1089 3253 1291 3309 Confer
1359 3250 1658 3322 Iosephum
1748 3253 1859 3306 An-
1888 3239 1935 3300 ο
2035 3239 2155 3321 δοῖ,
2185 3266 2316 3320 447,
2344 3239 2553 3319 Ρξιιῖιιιε
2580 3273 2696 3328 post
2726 3262 3116 3331 ευρναάὶσιαηι.
3150 3259 3447 3316 llisloriam
3466 3253 3542 3318 ab

288 3339 499 3408 tiquitt.
530 3340 674 3396 libro
705 3358 860 3408 xvru,
889 3358 1011 3413 cap.
1053 3343 1108 3411 3,
1141 3354 1194 3399 et
1217 3345 1284 3399 de
1315 3345 1464 3400 Bello
1516 3345 1611 3400 lib.
1643 3362 1705 3412 ιι,
1737 3360 1859 3414 cap.

290 3431 345 3487 9.
383 3430 622 3503 Scaliger
651 3432 859 3490 factum
893 3436 998 3490 hoc
1032 3452 1155 3492 esse
1208 3437 1492 3492 contendit
1532 3439 1720 3492 statim
1776 3447 1862 3489 at—

292 3539 402 3595 que
437 3526 644 3582 Pilatus
680 3527 732 3582 in
761 3525 1003 3583 Iudaeam
1064 3529 1252 3593 venit;
1306 3529 1406 3584 has
1452 3545 1578 3584 vero
1613 3530 1862 3598 ingentes

292 3618 583 3686 periochas
606 3619 674 3674 de
722 3618 976 3689 paésione
1005 3619 1210 3697 Christi
1266 3635 1334 3674 ex
1371 3621 1554 3690 priore
1624 3619 1764 3675 libro
1806 3620 1860 3674 in

291 3708 439 3764 hunc
466 3709 742 3765 Canonem
775 3711 1052 3766 traductas
1089 3711 1258 3766 fuisse
1289 3711 1356 3766 ab
1379 3711 1729 3782 Hieronymo.
1753 3708 1863 3765 Nos

293 3807 668 3855 commentum
707 3799 814 3856 hoc
846 3800 1022 3868 futile,
1078 3789 1302 3856 tametsi
1358 3784 1645 3856 doctor-um
1705 3802 1864 3871 vulgo

294 3901 510 3946 mentes
547 3893 808 3960 pervasit,
843 3892 978 3948 satis
1003 3893 1217 3948 abunde
1267 3909 1388 3950 cum
1427 3893 1576 3958 alibi,
1632 3904 1748 3948 tum
1811 3895 1861 3947 in

292 3982 537 4036 nutis'ad
573 3981 966 4051 praefationem
1002 3981 1220 4038 Eusebii
1256 3985 1308 4036 in
1334 3983 1477 4038 hunc
1512 3985 1710 4037 librum
1765 4000 1865 4037 ex-

293 4071 589 4142 plodimus.
635 4072 902 4129 Caeterum
959 4073 1271 4130 Parmensis
1325 4090 1427 4130 ms.
1461 4083 1630 4128 totam
1680 4067 1864 4143 perio-

291 4164 454 4218 cbam
506 4165 934 4232 subsequentem
996 4181 1026 4220 a
1077 4166 1256 4220 verbis
1317 4166 1408 4219 sed
1443 4169 1863 4235 repugnantibus

288 4255 495 4310 Juawis
573 4271 746 4326 usque
804 4250 968 4326 jussit
1032 4256 1258 4325 auferri,
1324 4265 1466 4310 tacet
1519 4273 1534 4313 :
1592 4264 1735 4311 tacet
1811 4266 1864 4310 et

287 4345 553 4416 Scaliger,
601 4359 653 4402 et
681 4348 1004 4414 ut_videtur,
1039 4347 1267 4402 Palatini
1333 4362 1559 4418 quoque
1618 4347 1858 4413 codices,

289 4453 432 4505 quos
467 4454 590 4493 cum
649 4438 912 4509 Scaligeri
942 4439 1182 4495 editione
1245 4438 1546 4494 Salmasius
1608 4440 1858 4504 contulit,

289 4539 494 4584 tacent.
527 4530 714 4601 Neque
747 4545 912 4602 porro
952 4531 1008 4585 in
1035 4530 1225 4586 Graeco
1254 4539 1405 4586 textu
1437 4533 1724 4602 Syncellus
1741 4546 1858 4585 eam

291 4623 663 4692 novit,quam
729 4632 912 4677 tamen
968 4625 1137 4678 verbo
1200 4633 1360 4678 tenus
1415 4624 1712 4679 Eusebium
1775 4624 1864 4678 hic

287 4714 648 4784 descripsisse
679 4713 1025 4782 perspicuum
1051 4724 1137 4769 est
1171 4729 1188 4768 :
1217 4723 1274 4766 ut
1301 4714 1524 4768 omnino
1561 4728 1735 4781 neque
1797 4714 1865 4766 ab

287 4804 533 4872 Eusebii,
565 4821 739 4875 neque
770 4807 838 4860 ab
869 4805 1189 4879 Hieronymi
1222 4806 1430 4860 calamo
1483 4805 1745 4882 profecta,
1771 4805 1864 4859 sed

288 4897 362 4950 ab
392 4896 639 4951 studioso
680 4897 866 4967 aliquo
898 4907 1083 4952 assuta
1125 4897 1373 4954 videatur
1397 4913 1463 4952 ex
1503 4898 1588 4953 his
1612 4913 1730 4964 quae
1753 4898 1860 4953 du-

289 4988 422 5040 dum
452 4987 736 5042 innuimus
771 4987 994 5058 Iosephi
1031 4989 1384 5044 testimoniis.
1422 4989 1718 5055 Pontacus,
1769 4988 1862 5059 qui

290 5090 414 5130 eam
448 5087 570 5144 post
600 5077 930 5133 vetustiores
956 5077 1223 5133 editiones
1288 5077 1537 5140 retinuit,
1587 5079 1754 5145 jussit
1811 5079 1863 5132 iu

291 5167 442 5222 curis
478 5169 903 5236 posterioribus,
944 5169 1034 5224 ubi
1070 5170 1268 5225 dicitur
1298 5171 1367 5224 ad
1396 5179 1615 5223 mortem
1647 5186 1864 5238 praepu-

293 5261 425 5319 rati,
475 5260 703 5315 rescribi
767 5262 836 5317 ad
891 5261 1145 5323 Martem,
1211 5277 1331 5332 qua
1374 5263 1593 5332 quidem
1670 5263 1866 5317 incon.-

289 5365 428 5420 grua
460 5352 634 5420 magis
660 5339 822 5408 lectio
884 5363 992 5409 est.
1053 5352 1237 5408 Salius
1291 5362 1408 5407 erat
1455 5363 1626 5408 totum
1686 5353 1864 5408 locum

293 5457 404 5494 una
437 5441 599 5497 litura
616 5443 902 5506 enitendari
939 5459 954 5496 :
1006 5459 1107 5500 nos
1153 5444 1339 5500 Italico
1392 5445 1708 5501 cbaracrere
1752 5445 1868 5500 dis-

294 5535 578 5592 tinximus.

365 5625 506 5679 Ibid.
549 5626 766 5684 Cassius
807 5629 1048 5684 Severus.
1080 5628 1320 5695 Quidam
1377 5644 1512 5684 mss.
1572 5627 1866 5694 Quintilia-

294 5734 395 5771 nus
428 5719 636 5788 legttnt,
689 5737 833 5778 unus
887 5721 1164 5777 Palatinus
1206 5723 1460 5791 jusserat,
1498 5738 1595 5791 pro
1643 5722 1860 5776 luserat.

227 5849 230 5851 -
294 5809 379 5864 Ad
413 5813 527 5868 bam
553 5829 696 5885 saepe
724 5825 934 5873 veteres
965 5815 1260 5886 scriptorcs
1288 5815 1463 5873 Cassii
1485 5815 1648 5885 hujus
1675 5814 1862 5871 Severi

1967 3356 2202 3426 Iosepho
2266 3357 2617 3425 Antiquitatt.
2657 3356 2795 3410 libro
2838 3369 2991 3417 ινιιι,
3052 3369 3173 3422 cap.
3224 3353 3278 3415 5,
3340 3353 3408 3405 'et
3480 3350 3547 3404 de

1966 3449 2110 3502 Bello
2139 3448 2278 3501 libro
2316 3463 2378 3509 tt,
2415 3462 2532 3514 cap.
2559 3445 2612 3511 9,
2646 3454 2847 3515 repete.
2881 3445 3124 3513 Scaliger
3179 3444 3386 3498 Corban
3444 3459 3544 3511 pro

1965 3537 2460 3609 C0rb0nam,qttod
2494 3551 2628 3591 mss.
2666 3536 2911 3591 omnium
2968 3545 3071 3598 est,
3134 3535 3281 3604 legit.
3353 3532 3544 3588 Graece

1969 3639 2124 3686 vocat
2153 3627 2425 3696 Iosephus
2456 3626 2740 3694 Κορϐανᾶς
2774 3642 2789 3681 :
2818 3626 2872 3679 in
2926 3624 3154 3679 Ηεὶιτειεο
3191 3634 3368 3678 autem

1964 3722 2208 3784 omnium
2247 3734 2368 3789 quae
2417 3717 2527 3786 Deo
2593 3728 3010 3786 consecrantur,
3057 3718 3368 3790 genericum
3441 3735 3538 3772 no-

1967 3827 2088 3866 men
2117 3821 2221 3868 est.
2489 3825 2493 3829 '

2035 3905 2172 3962 Ibid.
2210 3906 2440 3976 Sejanus
2473 3906 2752 3978 prwfeclus
2811 3903 3027 3959 Tiberii.
3103 3899 3331 3956 Dederat
3382 3900 3537 3970 Seja-

1974 4014 2078 4053 nus
2115 4002 2352 4056 triennio
2413 4010 2538 4055 ante
2578 4001 2846 4055 scelerum
2910 4013 3119 4068 poenas,
3157 4011 3453 4065 oppressus
3504 4010 3534 4048 a

1966 4091 2186 4146 Tiberio
2214 4109 2277 4146 xv
2311 4092 2581 4160 Kalendas
2615 4091 2950 4149 Novembres
2997 4089 3239 4158 ejusdem
3272 4087 3400 4140 anni
3424 4102 3533 4156 quo

1965 4180 2012 4236 is
2039 4183 2206 4244 solus,
2251 4183 2452 4251 collega
2487 4182 2745 4251 principe
2769 4183 3015 4246 absente,
3046 4180 3389 4237 consulatum
3421 4191 3543 4244 ges-

1965 4274 2055 4328 sit.
2095 4274 2164 4330 Ut
2191 4274 2354 4342 igitur
2395 4275 2636 4328 historiae
2665 4289 2828 4342 quam
2894 4273 3050 4328 Philo
3111 4272 3380 4327 narratde
3443 4269 3537 4323 Iu-

1965 4361 2206 4416 decorum
2237 4374 2395 4432 gente
2435 4350 2708 4424 delenda,
2743 4363 2943 4414 veritas
2984 4369 3217 4422 constet.
3281 4374 3346 4412 eo
3403 4367 3539 4412 teut-

1965 4455 2114 4525 poris
2139 4455 2330 4510 referri
2379 4455 2588 4510 debuit.
2621 4457 2892 4508 Auetores
2921 4451 3153 4510 Tacitus,
3172 4461 3224 4504 et
3253 4452 3369 4504 Dio.
3523 4443 3528 4448 ’

1895 4570 1943 4627 D
2040 4571 2158 4626 Col.
2185 4571 2311 4626 M7.
2361 4569 2580 4624 Persius
2615 4567 2864 4626 Flaccus.
2892 4569 2948 4622 In
2986 4565 3263 4621 Parmensi
3325 4579 3427 4618 ms.
3487 4573 3542 4618 et

1969 4665 2142 4733 primo
2171 4664 2414 4719 Palatino
2451 4663 2731 4726 Vulterris,
2769 4663 2822 4715 in
2860 4661 3004 4723 aliis,
3044 4669 3180 4715 teste
3203 4656 3531 4713 Schurzllei-

1965 4755 2140 4818 schio,
2179 4755 2492 4820 Volaterraz,
2518 4756 2610 4824 qui
2648 4755 2874 4823 coniicit
2903 4755 3105 4808 lectum
3134 4754 3363 4808 fortasse
3393 4752 3525 4808 olim

1977 4845 2250 4909 Valteris;
2283 4845 2556 4912 siquidem
2613 4847 2757 4902 Stra.
2796 4847 2838 4896 l.
2871 4861 2900 4897 v
2951 4843 3382 4914 Οὐαλδετέρῤας,
3451 4845 3537 4898 vel

1967 4937 2320 5007 υὺαλτέρῤας
2350 4951 2470 4988 eam
2518 4941 2702 4994 urbem
2763 4935 2993 4992 vocavit.
3038 4935 3236 4988 Verum
3277 4950 3384 4988 non
3438 4935 3536 5001 ibi,

1967 5029 2112 5098 quod
2151 5029 2226 5082 rei
2261 5037 2426 5095 caput
2455 5037 2558 5090 est,
2590 5027 2683 5081 sed
2719 5025 2945 5094 Tigulim
2975 5025 3032 5080 in
3088 5025 3251 5079 Portu
3291 5025 3536 5091 Veneris,

1968 5135 2086 5189 qua:
2144 5135 2290 5174 nunc
2339 5115 2492 5172 audit
2523 5129 2575 5176 ta
2607 5119 2824 5187 Spezia,
2879 5125 3064 5171 natum
3094 5116 3366 5181 Persium,
3397 5132 3536 5170 cou-

1969 5212 2142 5266 tendit
2193 5210 2415 5266 criticus
2473 5227 2580 5266 non
2620 5226 2802 5275 nemo,
2842 5211 3145 5281 probatque
3185 5210 3536 5281 potissimum

1967 5319 2034 5360 ex
2066 5303 2151 5358 bis
2195 5309 2295 5357 sat.
2323 5302 2355 5357 6
2387 5317 2402 5358 :

2699 5412 2814 5464 Mihi
2848 5425 2980 5461 nunc
3025 5412 3172 5473 Ligus
3191 5423 3274 5459 ora

2088 5478 2303 5537 Intepet.
2337 5474 2660 5537 hibernatque
2693 5489 2858 5537 meum
2881 5487 3035 5532 mare,
3063 5488 3165 5537 qua
3190 5473 3315 5520 latus
3360 5473 3536 5534 ingens

2089 5535 2218 5586 Dant
2239 5540 2447 5599 scopuli,
2475 5546 2528 5587 et
2552 5535 2703 5586 multa
2734 5535 2873 5584 littus
2897 5548 2951 5583 se
2981 5535 3107 5583 valle
3131 5538 3372 5599 receptat.

2093 5599 2259 5648 Lunaei
2294 5597 2486 5660 portum
2511 5602 2606 5652 est:
2629 5611 2795 5660 operte
2815 5607 3135 5660 cognoscere,
3170 5597 3349 5644 cives...

1968 5722 2207 5795 Tempus
2236 5721 2378 5790 quod
2411 5731 2644 5790 spectat,
2683 5722 2822 5774 diem
2876 5717 2992 5784 ejus
3052 5717 3285 5769 natalem
3320 5713 3536 5773 Cassio-

1969 5815 2133 5870 dorus
2185 5828 2330 5868 anno
2388 5812 2738 5884 subscquenti
2796 5809 3040 5865 ascribit.
3105 5808 3335 5864 Faciunt
3399 5824 3540 5878 vero
