3974 6192
507 316 642 381 1ὓ4ε1

1762 317 1850 387 VA
1863 316 1995 377 LLA
2008 315 2161 375 RSII
2192 315 2432 377 ΝΟΤΕ.

3597 317 3730 385 1048

498 446 622 484 cum
653 429 888 486 Eusebio
924 428 1059 483 Vita:
1091 427 1263 483 Persii
1291 436 1505 494 auctor,
1532 426 1625 497 qui
1658 424 1907 491 Valerius
1939 428 2066 481 Pro-
2089 432 2137 493 Α
2167 427 2221 481 in
2253 428 2473 491 laudato
2512 430 2668 489 nobis
2730 432 3079 494 r'ragmettto,
3112 422 3293 483 ’modo
3364 427 3660 481 ’Λνκὺλιον
3710 449 3725 485 :

500 526 602 578 bus
634 524 899 585 creditur,
933 520 1175 589 Pighius,
1201 529 1310 575 etc.

565 614 683 669 Col.
720 612 845 667 447.
875 612 1129 681 Agrippa,
1179 612 1403 667 Herodis
1436 612 1569 682 regis
1623 612 1793 681 ﬁlius.
1820 609 2065 677 Pessime

496 724 617 761 cum
652 706 962 776 depravatis
992 705 1143 760 libris
1168 704 1427 776 Scaliger,
1455 706 1710 776 Agrippa,
1727 705 1868 779 ﬁlius
1891 703 2063 769 Hero-2

494 799 575 850 dis
600 798 756 865 regis,
786 808 921 858 etc.,
969 797 1111 867 quod
1158 805 1242 853 est
1280 782 1500 867 quidem
1529 781 2061 865 turpe‘librariorum

495 888 785 953 mendum;
816 888 907 943 sed
947 898 1030 943 est
1060 904 1193 943 sane
1212 889 1433 959 turpius
1470 889 1752 959 Scaligero
1784 887 1928 959 quod
1952 901 2060 943 non

497 978 945 1033 animadverterit
976 979 1079 1034 loci
1114 980 1532 1053 mutilationem,
1563 994 1907 1049 praecepsque
1936 978 2062 1033 ierit

495 1071 547 1121 in
585 1069 770 1124 turbas
801 1084 954 1131 suas.
981 1083 1035 1124 et
1079 1085 1244 1143 quem
1278 1070 1504 1126 minime
1560 1070 1849 1132 intellexit,
1886 1068 2059 1139 Ense:

497 1163 645 1214 bium
694 1170 843 1215 tanta
876 1162 1202 1217 contumelia
1222 1164 1512 1235 exceperit.
1543 1162 1760 1233 Optime
1778 1165 2059 1219 enimvero

498 1250 786 1318 Eusehius,
828 1262 886 1306 ut
917 1270 945 1307 a
979 1254 1220 1309 Pontaco
1251 1256 1460 1324 pridem
1497 1256 1813 1310 restitutum
1840 1264 1948 1318 est,
1997 1263 2057 1314 et

494 1344 665 1397 nostri
695 1360 909 1413 quoque
984 1361 1117 1400 mss.
1182 1345 1501 1416 praeferunt,
1552 1347 1843 1418 Agrippam
1900 1344 2041 1417 dixit

500 1436 667 1487 lilium
705 1436 1025 1502 Aristobuli,
1063 1437 1156 1507 qui
1195 1437 1425 1493 Herodis
1488 1437 1664 1507 Magni
1722 1437 1865 1502 lilius
1928 1438 2053 1492 luit.

498 1526 629 1581 Vide
656 1526 986 1599 Basnagtum
1052 1531 1096 1597 si
1130 1530 1298 1585 lubet.
1368 1529 1763 1587 Mutilationem
1820 1530 2055 1587 nominis

492 1616 823 1684 Aristobuli,
864 1617 935 1672 ob
968 1618 1166 1674 similis
1194 1619 1342 1675 vocis
1380 1620 1524 1690 [ilius
1571 1629 1625 1674 et
1651 1618 1775 1688 ﬁlii,
1802 1620 1917 1676 sive
1937 1619 2055 1684 alb;

484 1719 541 1763 et
594 1708 713 1761 υἱοῦ
747 1723 1053 1775 recursum,
1084 1724 1242 1777 passa
1278 1723 1429 1774 sunt,
1462 1710 1764 1765 scribarum
1812 1710 2049 1765 oscitan-

2166 520 2309 589 quod
2342 518 2561 589 quidem
2605 516 2799 571 falsum
2834 526 3003 588 puto;
3037 532 3102 574 eo
3155 520 3324 581 enim,
3379 535 3544 589 quem
3600 521 3731 575 indi.

2165 621 2321 681 gnat,
2369 610 2514 676 loco,
2572 608 2807 671 ’Δειλιος
2868 608 3191 680 appellatur.
3244 609 3382 667 Vide
3422 606 3728 686 'Josephum

2161 704 2453 772 Antrquttt.
2493 702 2583 756 lin.
2621 716 2908 772 xvnt,cap.
2950 700 3049 767 l5;
3081 702 3331 758 Orosium
3363 703 3461 760 lib.
3488 721 3585 772 vn,
3612 722 3725 776 cap.

2163 792 2216 857 5,
2260 791 2553 855 Zonaram,
2582 801 2693 849 etc.

2229 886 2366 940 Ibid.
2415 884 2693 945 Passienus
2750 883 2921 952 ﬁlius.
2974 882 3033 938 In
3090 882 3375 939 Parmensi
3417 900 3526 941 ms.
3559 896 3620 941 ut
3676 898 3726 945 et

2160 986 2393 1047 quatuor
2429 975 2695 1032 Palatinis
2717 1016 2735 1043 ,
2769 975 2832 1029 ob
2858 976 3102 1046 fraudem
3137 974 3470 1031 htereditatis
3494 960 3613 1033 ‘m
3638 996 3725 1033 ne-

2161 1078 2335 1123 catur.

2231 1160 2351 1217 Col.
2381 1159 2506 1231 448.
2543 1156 2705 1217 Caius
2728 1160 2998 1216 Murnmii.
3035 1165 3154 1216 Duo
3185 1172 3348 1218 verba
3384 1172 3725 1233 cognomento

2163 1250 2413 1324 Caligula
2442 1238 2617 1322 neque
2643 1252 2978 1315 Parmensis,
3011 1267 3188 1321 neque
3209 1252 3301 1306 alii
3332 1253 3574 1307 melioris
3597 1264 3729 1308 nota

2164 1345 2288 1411 libri
2328 1353 2653 1417 agnoscunt.
2692 1344 2831 1399 Tum
2863 1344 3028 1398 habet
3058 1343 3267 1415 primus
3290 1341 3572 1421 Palatinus
3604 1360 3725 1406 ms.,

2160 1437 2432 1505 impellens
2459 1453 2577 1490 eum
2607 1452 2661 1505 se
2682 1435 2861 1502 uxoris
2886 1450 2999 1499 sui;
3026 1443 3231 1503 patrem
3250 1432 3498 1498 scribere,
3524 1447 3575 1487 et
3601 1450 3722 1487 esse.

2158 1530 2292 1585 Illud
2323 1529 2567 1595 scribere,
2602 1543 2701 1599 pro
2742 1528 2939 1591 dicere,
2991 1527 3123 1597 satis
3170 1526 3347 1581 otiose
3392 1525 3641 1596 Scaliger
3675 1528 3724 1581 in

2160 1620 2584 1691 llierouymiana
2638 1619 3090 1689 interpretatione
3116 1617 3403 1681 cavillator
3439 1632 3455 1669 :
3488 1618 3723 1672 defendit

2157 1724 2285 1763 vero
2339 1708 2849 1775 Schurzﬂeischius,
2884 1708 2977 1777 qui
3010 1707 3300 1777 scripsisse
3347 1721 3515 1775 porro
3566 1712 3725 1765 sentit

488 1800 583 1861 tia,
609 1800 772 1854 etiam
805 1814 926 1869 quae
953 1815 1019 1854 ex
1047 1798 1322 1857 Chronico
1353 1802 1594 1879 paschali
1634 1802 1818 1857 Graeca
1846 1802 2046 1871 lauda:
2092 1785 2131 1841 Β
2162 1799 2476 1854 Memmium
2514 1816 2576 1857 se
2611 1802 2799 1855 uxoris
2842 1814 2956 1854 sua:
2992 1809 3199 1868 patrem
3236 1798 3289 1852 in
3325 1798 3528 1867 tabulis
3557 1807 3614 1853 et
3650 1802 3720 1853 in-

493 1907 638 1944 IIIUS.

563 1981 698 2037 Ibid.
722 1982 965 2037 Pilato...
1008 1982 1202 2041 Scribit
1257 1980 1640 2038 Tertullianus.
1676 1982 1732 2035 In
1769 1980 2054 2037 Parmensi

486 2092 590 2131 ms.
629 2085 688 2130 ut
713 2087 767 2130 et
799 2078 823 2130 1
856 2076 1103 2131 Palatino
1144 2078 1353 2139 isthtec,
1403 2076 1583 2130 scribit
1626 2075 1978 2130 Tertullianus
2002 2076 2056 2127 in

483 2166 835 2236 Apologetico,
875 2168 1256 2237 praetermissis
1307 2183 1427 2236 quae
1476 2167 1667 2223 Italico
1725 2167 2043 2220 charactere

489 2242 769 2314 distincta
800 2270 949 2327 sunt,
986 2275 1108 2315 cum
1173 2259 1487 2328 insequenti
1530 2259 1784 2327 periocha
1811 2261 2051 2329 jungun-

486 2360 577 2405 tur
624 2364 732 2404 uno
760 2362 943 2411 sensu,
977 2349 1165 2404 multos
1208 2347 1525 2404 Senatorum
1557 2358 1605 2402 et
1642 2347 1891 2416 Equitum
1945 2345 2053 2400 Ro-

485 2455 765 2491 manorum
799 2440 1122 2507 interfectos.
1156 2438 1417 2511 Scaligeri
1442 2438 1609 2493 editio
1669 2439 1805 2492 nihil
1858 2439 2050 2492 horum

482 2531 699 2599 penitus
723 2532 958 2603 retinet;
985 2543 1037 2587 et
1072 2532 1251 2602 priora
1301 2544 1477 2586 tamen
1502 2532 1588 2587 illa
1621 2532 1685 2586 de
1718 2530 2053 2587 Tertulliano

484 2619 675 2691 Graece
706 2637 924 2692 quoque
966 2623 1112 2676 novit
1143 2622 1450 2695 Syncellus.
1481 2624 1575 2679 Rei
1596 2624 1874 2679 veritatem
1904 2624 2052 2693 quod

482 2720 712 2781 spectat,
744 2713 949 2767 scimus
996 2711 1317 2768 Tertulliani
1346 2714 1657 2770 testimonio
1710 2716 1778 2769 de
1826 2728 2051 2769 accusa-

484 2804 691 2873 toribus
720 2794 1157 2861 Christianorum
1189 2805 1377 2862 doctos
1410 2806 1631 2873 criticns
1684 2821 1826 2875 aegre
1886 2806 2048 2858 (idem

482 2895 763 2961 adhibere,
785 2898 936 2968 quod
973 2916 1147 2969 neque
1177 2909 1359 2954 essent
1385 2910 1512 2953 tunc
1536 2899 1714 2953 Romae
1734 2896 2048 2962 Christiani,

485 2987 683 3061 nedum
718 3000 776 3041 ut
804 3001 1021 3057 possent
1047 2992 1113 3046 de
1148 2990 1374 3046 crimine
1410 2991 1628 3058 publico
1682 2990 1821 3058 apud
1854 2990 2052 3043 Roma-

486 3094 586 3133 nos
608 3082 884 3151 accusari.
942 3081 1023 3135 Ad
1056 3083 1170 3137 haec
1228 3083 1510 3136 videantur
1538 3098 1661 3135 cum
1697 3097 1757 3135 ea
1784 3080 2053 3135 narratio-

483 3184 553 3223 ne
589 3168 792 3225 Tiberii
823 3186 1029 3236 mores,
1063 3181 1117 3226 et
1151 3181 1378 3227 senatus
1414 3170 1711 3235 auctoritas
1755 3167 2047 3237 dissidere.

489 3260 572 3314 Tu
602 3263 801 3319 videsis
825 3262 1178 3319 Pearsonium
1233 3261 1479 3319 Lection.
1514 3278 1567 3319 tv
1596 3263 1650 3317 in
1692 3261 1815 3321 Act.
1839 3263 2055 3330 Apost.,

482 3351 631 3407 adito
664 3362 717 3408 et
751 3350 838 3407 Jo.
873 3352 1067 3408 Clerici
1101 3338 1244 3408 llist.
1278 3352 1485 3408 Eccles.
1516 3352 1581 3407 ad
1616 3368 1746 3407 ann.
1780 3352 1875 3406 29.
2028 3340 2031 3343 ⁴

554 3444 694 3500 Ibid.
725 3445 965 3500 Tiberius
999 3446 1310 3512 imperator.
1376 3444 1673 3499 Suetonius
1729 3444 1783 3499 in
1834 3442 2054 3498 Tiberio

481 3551 605 3605 cap.
635 3536 741 3592 73:
782 3535 922 3592 Obiit
950 3536 1249 3607 (Tiberius)
1283 3538 1337 3591 in
1367 3536 1496 3591 villa
1519 3535 1837 3599 Lucullana,
1870 3544 2054 3588 octavo

480 3638 529 3682 et
567 3630 949 3697 septuagesimo
980 3630 1153 3685 (elatis
1190 3645 1349 3693 anno,
1372 3629 1522 3683 tertio
1569 3628 1900 3683 etvicesimo
1939 3630 2049 3680 im-

480 3722 636 3787 perii,
675 3722 872 3776 decimo
902 3723 1117 3790 septimo
1170 3723 1434 3777 Kalendas
1479 3723 1708 3791 Apriles,
1736 3720 1835 3777 Cn.
1891 3723 2049 3775 Acer-

481 3814 629 3867 rom'o
650 3813 900 3880 Proculo,
930 3814 991 3870 C.
1016 3813 1207 3869 Pontio
1247 3813 1419 3885 Nigro
1463 3830 1633 3881 coss.,
1662 3815 1730 3870 ab
1755 3812 1899 3873 Urbe
1920 3828 2050 3869 con-

482 3904 594 3959 dita
622 3905 1103 3974 septingentesimo
1157 3905 1506 3974 nonagesimo
1538 3915 1752 3975 quarto,
1779 3914 1837 3959 ut
1882 3904 2051 3959 Euse-

480 3995 609 4051 bius
638 4006 915 4066 supputat,
954 3997 1023 4049 ad
1059 3996 1221 4050 linem
1279 4004 1536 4066 vergente
1594 3995 1918 4067 Olympiadis
1948 3994 2051 4048 l03

481 4103 649 4142 anno.
682 4086 887 4145 Confer
924 4096 977 4141 et
1009 4085 1257 4141 Tacitum
1302 4088 1502 4142 Annal.
1542 4102 1619 4148 vt.
1650 4097 1701 4142 et
1750 4086 2045 4156 Josephurn

486 4179 581 4232 lib.
618 4196 774 4233 xvtu.
804 4178 983 4234 Minus
1002 4178 1138 4234 bene
1167 4178 1270 4233 init
1304 4180 1540 4235 rationes
1570 4179 1795 4249 Dio,qui
1828 4194 1931 4232 non
1962 4178 2047 4243 l6,

482 4271 574 4326 sed
601 4270 671 4326 26
696 4271 783 4326 die
812 4270 1013 4333 Martii,
1035 4269 1197 4341 hujus
1218 4269 1402 4340 utique
1419 4269 1568 4335 anni,
1592 4278 1818 4325 mortem
1842 4268 2049 4351 Tiberii

480 4362 780 4430 consignat.

2158 1896 2476 1950 strumentis
2506 1894 2798 1956 dotalibus,
2829 1908 2950 1962 qua:
2980 1891 3290 1963 συμϐόλαια
3312 1889 3483 1946 Gmci
3516 1906 3717 1955 vocant,

2156 1998 2387 2053 quaeque
2421 1998 2519 2049 per
2554 1983 2805 2053 auspices
2836 1984 3212 2059 signabantur.
3244 1982 3489 2038 Historia
3514 1995 3639 2039 nota
3660 2000 3717 2059 es

2156 2073 2346 2135 Dione,
2381 2071 2682 2140 Jornande,
2710 2082 2873 2144 atque
2902 2074 3048 2133 aliis.

2224 2166 2341 2222 Col.
2382 2166 2506 2221 447.
2534 2165 2755 2222 Pontius
2800 2165 3042 2222 Pilatus.
3095 2166 3446 2237 Phlegontem
3496 2166 3715 2223 Trallia-

2153 2272 2283 2311 num
2312 2258 2484 2323 innui,
2515 2257 2755 2325 Scaliger
2785 2267 2937 2327 putat
2973 2274 2989 2313 :
3015 2266 3179 2329 atque
3204 2259 3316 2326 ipse
3345 2260 3565 2328 quidem
3613 2258 3713 2312 Eu-

2160 2347 2346 2402 sebius
2388 2346 2529 2403 Hist.
2572 2348 2784 2404 Eccles.
2828 2349 2922 2403 lib.
2954 2365 3011 2412 ιι,
3040 2363 3159 2419 cap.
3212 2350 3282 2417 7,
3327 2350 3520 2406 iisdem
3561 2366 3715 2421 prope

2167 2437 2345 2492 verbis
2376 2438 2655 2506 antiquam
2689 2439 2892 2509 olymp.
2932 2439 3263 2510 ἀναγραφὴν
3314 2440 3522 2496 laudat.
3551 2440 3711 2495 Caete-

2163 2547 2282 2585 rum
2316 2530 2434 2601 ejus
2468 2530 2626 2585 Pilati
2659 2531 2841 2585 exitus
2890 2530 3189 2586 meminere
3234 2530 3465 2587 Orosius
3508 2547 3710 2602 quoque

2153 2623 2248 2691 lib.
2290 2639 2388 2687 vn,
2418 2631 2471 2677 et
2497 2621 2879 2681 Cassiodorus.

2224 2713 2360 2770 Ibid.
2396 2715 2558 2791 Caius
2589 2715 2922 2783 semetipsum
2954 2716 3010 2771 in
3041 2719 3167 2777 deos
3200 2715 3383 2786 refert.
3410 2714 3709 2785 Respondet

2155 2806 2345 2862 Graeco
2394 2808 2518 2869 Δίος
2554 2808 2888 2877 Ἐπιφανοῦς
2934 2808 3086 2865 lovis
3118 2810 3387 2864 lllustris.
3426 2808 3704 2868 Historiam

2159 2907 2342 2967 repete
2372 2898 2468 2953 abs
2496 2895 2737 2967 Josepho
2767 2899 2861 2959 lib.
2899 2902 3083 2970 Autiq.
3113 2916 3267 2968 xvm,
3300 2915 3426 2970 cap.
3464 2901 3497 2955 8
3519 2911 3572 2955 et
3598 2917 3703 2970 seq.

2228 2990 2346 3045 Col.
2389 2990 2512 3045 449.
2558 2989 2718 3055 Caius
2764 3007 2797 3045 α
2840 2993 3225 3060 protectoribus
3273 2993 3385 3047 suis
3445 2995 3704 3047 occiditur.

2153 3082 2347 3137 Cassio
2389 3081 2633 3147 Clta'rea,
2672 3085 2765 3155 qui
2810 3084 3019 3153 primus
3060 3099 3183 3141 eum
3211 3084 3358 3141 ferro
3393 3086 3567 3155 petiit,
3600 3095 3706 3142 tum

2161 3173 2417 3230 Cornelio
2449 3176 2654 3231 Sabino
2684 3185 2847 3245 atque
2880 3176 3021 3241 aliis,
3048 3193 3187 3248 quos
3233 3176 3533 3248 Spartanos
3568 3179 3707 3246 cubig

2159 3266 2394 3321 cularios
2425 3265 2680 3323 Chronici
2730 3267 3011 3322 Paschalis
3054 3268 3283 3335 Auctor,
3340 3269 3617 3339 Syncellus
3655 3272 3706 3321 ὲν

2160 3357 2441 3419 στρατίαις
2481 3357 2813 3427 ἐπισήμους,
2841 3357 3019 3413 Goaro
3066 3358 3387 3428 interprete,
3423 3361 3705 3415 Praetoriaw

2155 3466 2270 3513 nos,
2308 3458 2487 3503 vocat.
2524 3447 2751 3504 Occisus
2790 3460 2967 3503 autem
3004 3459 3087 3505 est
3112 3448 3358 3521 Caligula
3396 3468 3454 3507 ιι
3488 3451 3705 3508 Kalend.

2156 3541 2418 3596 Februar.
2446 3542 2575 3595 anni
2603 3542 2672 3598 ab
2706 3541 2771 3597 υ.
2807 3543 2870 3597 C.
2908 3542 3032 3604 793,
3075 3543 3194 3612 ipso
3220 3541 3354 3599 Caio
3384 3555 3628 3614 quartum
3655 3554 3707 3607 et

2158 3630 2347 3687 Sentio
2392 3631 2687 3685 Saturnino
2718 3628 2901 3694 Coss.,
2954 3647 3112 3703 quem
3156 3648 3361 3689 annum
3393 3648 3516 3690 cum
3550 3635 3706 3703 primo

2157 3723 2542 3791 subsequentis
2581 3724 2782 3794 olymp.
2827 3724 2933 3779 203
2977 3726 3342 3799 accuratiores
3390 3725 3695 3796 chronologi

2155 3823 2496 3881 comparant.
2542 3812 2699 3867 Certe
2740 3828 2806 3866 ex
2861 3811 3145 3879 Suetonio,
3202 3814 3393 3882 Dione,
3444 3816 3706 3872 Clemente

2154 3903 2543 3967 Alexandrino,
2606 3901 2971 3970 Tertulliano,
3027 3905 3306 3973 Eutropio,
3369 3906 3704 3972 Cassiodoro,

2157 3994 2401 4054 Zonara,
2434 3994 2638 4047 vixisse
2652 3992 2949 4062 Caligulam
2976 3996 3136 4067 annis
3155 3996 3247 4062 29,
3274 4011 3533 4065 regnasse
3558 3996 3708 4051 trien-

2154 4086 2267 4149 nio,
2317 4085 2594 4139 mensibus
2634 4083 2723 4146 10.
2768 4083 2958 4141 diebus
3011 4086 3065 4150 8,
3114 4086 3269 4142 initio
3322 4096 3535 4156 sumpto
3577 4102 3604 4140 a
3649 4086 3711 4155 l6

2154 4176 2329 4230 Martii
2391 4174 2500 4236 die,
2545 4190 2649 4243 qua
2682 4174 2935 4231 Tiberius
2975 4176 3227 4243 interiit,
3274 4194 3422 4233 anno
3455 4179 3524 4235 ab
3560 4178 3622 4234 U.
3652 4178 3711 4233 C.

2153 4268 2275 4329 789.
2310 4269 2527 4321 nemine
2558 4269 2667 4333 jam
2700 4266 3079 4336 dissentiente,
3113 4281 3455 4339 compertum
3486 4282 3590 4327 est.
3616 4271 3713 4325 ϐυτ

2152 4361 2295 4430 gitur
2323 4374 2449 4423 vero
2486 4368 2673 4414 noster
2700 4360 2769 4413 cl.
2800 4359 3130 4417 Franciscus
3151 4360 3508 4417 Blanchinius
3534 4363 3590 4417 in
3619 4378 3708 4417 sua

550 4453 665 4510 Col.
698 4454 821 4508 448.
851 4454 1010 4510 Caius
1047 4452 1245 4508 Ca’sar.
1284 4448 1354 4507 Ut
1388 4451 1590 4519 primas
1627 4448 1834 4504 scilicet
1870 4447 1920 4500 in
1947 4446 2046 4500 .Iu-
2078 4459 2123 4514 ι)
2150 4451 2505 4519 Chronologia
2573 4465 2748 4505 annos
2811 4451 3024 4521 imperii
3092 4461 3350 4521 quatuor,
3402 4468 3716 4522 mensesque

481 4547 718 4607 datorum
752 4555 907 4613 gente
937 4545 1225 4608 obtineret,
1274 4541 1435 4609 regiis
1466 4540 1789 4609 insignibus,
1848 4554 2047 4592 corona

482 4649 671 4697 aurea,
712 4644 767 4705 et
814 4636 962 4703 regio
1021 4634 1177 4687 titulo
1235 4632 1629 4697 condecoratus
1676 4647 1687 4681 :
1739 4644 2046 4699 quanquam

484 4725 742 4801 ditionem
771 4724 913 4793 quod
949 4733 1180 4805 spectat,
1216 4724 1455 4778 nondum
1515 4722 1758 4778 Judzeam
1821 4729 2048 4785 teneret,

484 4817 577 4871 sed
629 4817 774 4889 solas
824 4816 1054 4886 Philippi
1119 4823 1173 4869 et
1228 4815 1476 4886 Lysauia:
1511 4814 1856 4869 tetrarchias.
1914 4811 2047 4866 Eam

485 4909 828 4974 postmodum
876 4925 979 4962 una
1006 4922 1127 4961 cum
1161 4905 1433 4977 Samaria,
1466 4916 1743 4975 totumque
1785 4906 1920 4961 adeo
1960 4922 2047 4977 ree

487 5014 651 5069 gnum
695 4998 896 5052 avitum
937 5014 965 5052 a
1032 4997 1259 5054 Claudio
1308 4997 1536 5067 accepit,
1602 4997 1747 5068 quod
1804 5000 2051 5055 luculen-

491 5086 713 5143 tissitnis
741 5087 921 5143 verbis
946 5096 1171 5165 testatur
1198 5084 1465 5155 Josephus
1492 5087 1785 5163 Antiquilt.
1820 5088 1916 5165 lib.
1940 5105 2047 5143 xIx.

488 5196 609 5250 cap.
634 5180 688 5243 5,
730 5194 883 5247 num.
911 5177 962 5241 l,
1001 5186 1229 5237 testatur
1260 5187 1315 5233 et
1337 5178 1455 5233 Dio.
1836 5168 1837 5171 “
2046 5171 2053 5178 ’

560 5273 678 5326 Col.
708 5270 834 5327 447.
872 5267 1099 5323 Flaccus
1131 5269 1347 5324 Avilius.
1392 5269 1638 5324 Auﬁdius
1698 5268 1924 5324 Flaccus
1965 5270 2053 5334 hic

490 5372 595 5425 est,
642 5361 786 5431 quod
819 5374 1014 5414 nomen
1070 5376 1266 5413 rutrum
1320 5375 1480 5428 quam
1516 5360 1662 5415 varie
1712 5374 1844 5413 mss.
1895 5367 2054 5422 atque

492 5455 620 5508 editi
653 5453 774 5509 libri
801 5454 1135 5529 depravent:
1188 5467 1311 5505 nam
1349 5462 1402 5507 et
1452 5452 1665 5505 Avidius
1714 5450 1942 5506 Flaccus
2000 5453 2052 5506 in

495 5545 797 5611 impressis,
832 5556 885 5599 et
918 5543 1142 5598 Flaccus
1180 5545 1350 5605 Alius,
1384 5553 1440 5597 et
1495 5543 1722 5598 Flaccus
1770 5544 1958 5599 Aluius
1997 5544 2051 5597 in

500 5630 758 5688 Palatinis
792 5648 922 5689 mss.
952 5634 1173 5697 dicitur,
1206 5642 1337 5687 teste
1365 5632 1838 5698 Schurzliciscltio,
1885 5634 1976 5701 qui
2001 5646 2055 5687 et

493 5701 688 5776 ’ἄτερθε
712 5722 779 5777 ab
809 5726 1057 5794 Syncello
1085 5726 1244 5782 modo
1286 5724 1565 5777 Ἀσύλαιον
1598 5725 1700 5779 dici
1763 5736 1929 5794 nutat,
1997 5737 2053 5782 ut

2153 4540 2272 4595 illos
2297 4532 2505 4602 decem,
2529 4548 2582 4594 et
2609 4540 2725 4595 dies
2752 4548 2874 4594 octo
2903 4538 3037 4595 Caio
3068 4539 3309 4611 elargiri,
3362 4548 3427 4597 ut
3453 4556 3566 4598 sua:
3612 4542 3713 4610 ‘hy-

2150 4630 2359 4703 pothesi
2386 4630 2665 4686 inserviat.

2219 4722 2337 4778 Col.
2383 4721 2509 4777 450.
2582 4719 2645 4775 V.
2700 4720 2985 4791 Claudius.
3036 4721 3188 4789 Facit
3243 4736 3369 4775 eum
3432 4721 3707 4777 Clemente

2153 4814 2525 4871 Alexandrino
2554 4812 2845 4880 EuSehius,
2880 4815 2969 4883 qui
3002 4814 3119 4869 dies
3152 4812 3342 4883 viginti
3379 4823 3503 4868 octo
3528 4826 3710 4868 nume-

2151 4918 2255 4974 rat,
2293 4920 2388 4976 pro
2417 4905 2599 4976 viginti
2621 4905 2883 4962 duntaxat
2907 4946 2923 4973 ,
2952 4913 3012 4961 ut
3053 4905 3171 4973 Dio,
3194 4904 3465 4974 Josephus
3518 4905 3707 4972 aliique

2153 5009 2467 5069 supputant.
2509 4997 2567 5053 In
2603 5000 2870 5053 mensium
2920 5012 3148 5053 numero
3196 4996 3443 5065 Scaliger
3491 4997 3699 5065 gravius

2153 5100 2320 5157 errat,
2354 5090 2446 5160 qui
2484 5090 2537 5142 in
2578 5099 2725 5167 textu
2772 5101 2954 5144 novem
2997 5088 3148 5160 legit,
3194 5088 3249 5141 in
3296 5086 3452 5141 Notis
3484 5096 3703 5155 septem,

2156 5183 2447 5255 utrobique
2482 5189 2671 5236 contra
2700 5180 2915 5241 Eusebii
2949 5189 3206 5255 mentem,
3225 5189 3281 5255 et
3310 5180 3556 5234 codicum
3584 5191 3702 5229 mss.

2155 5250 2312 5329 Iidem
2371 5273 2685 5341 Quanquam
2713 5286 2818 5343 non
2851 5250 3155 5325 diﬂitetnur
3184 5250 3249 5327 iit
3269 5266 3550 5347 Parmensi
3572 5280 3698 5318 mett-

2154 5381 2233 5418 ses
2261 5366 2293 5419 9
2321 5374 2374 5419 et
2396 5363 2575 5419 diebus
2607 5362 2677 5416 24
2704 5362 2804 5433 legi
2838 5376 2855 5416 :
2891 5361 3250 5431 Epiphanium
3288 5372 3505 5431 quoque
3528 5357 3692 5428 μῆνας

2156 5456 2333 5516 ἐννέα.
2356 5466 2407 5509 et
2431 5455 2548 5509 dies
2572 5455 2708 5509 duos
2728 5469 2891 5523 supra
2919 5468 3092 5509 annos
3112 5452 3371 5507 tredecim
3395 5457 3692 5507 numerare:

2158 5548 2248 5605 alii
2284 5549 2336 5601 in
2373 5547 2474 5599 alia
2503 5548 2680 5599 omnia
2709 5546 2928 5599 abeunt.
2968 5529 2989 5538 ”

2233 5638 2366 5692 Ibid.
2396 5636 2502 5690 Iste
2528 5648 2603 5690 est
2631 5636 2909 5691 Claudius.
2942 5636 3134 5694 Nullus
3156 5635 3371 5699 dubito,
3401 5633 3527 5704 quin
3551 5629 3668 5685 libra

2162 5730 2364 5785 riormn
2396 5729 2681 5786 oscitantia
2726 5729 2947 5785 mutilus
2980 5729 3131 5785 locus
3156 5729 3282 5795 iste,
3310 5742 3375 5814 es
3407 5727 3548 5798 ipsis,
3573 5733 3682 5797 qua:
