3974 6192
277 329 413 394 1049

1547 342 1840 404 VALLAH
1852 343 1955 403 SIT
2000 345 2240 408 OTzE.

3388 345 3526 408 1050

273 450 634 521 Hieronymus
669 449 951 517 describit,
983 449 1227 521 Eutropii
1273 454 1552 512 verbisita
1585 456 1656 513 sit
1681 459 1842 514 resti-
1869 470 1914 525 Α
1944 461 2121 531 prium
2171 469 2578 531 procuratorem
2630 461 2893 533 Cuspium
2943 462 3153 518 Fadum
3221 464 3445 518 missum
3497 479 3527 518 a

274 543 524 606 tuendus,
545 542 803 597 Claudius
831 555 1056 609 patruus
1080 544 1358 616 Caligulae,
1389 546 1554 602 Drusi
1582 552 1672 619 qui
1702 553 1844 621 apud

271 633 664 702 dloguntiacum
688 647 1090 692 monumentum
1114 638 1290 706 habet,
1317 634 1484 708 ﬁlius.
1511 640 1602 696 Sic
1623 642 1843 697 demum

273 737 419 780 recte
453 728 559 784 erit
598 729 808 783 auctori
860 718 1054 785 nostro
1102 743 1157 786 et
1197 721 1331 786 cum
1373 733 1606 789 veritate
1635 744 1844 790 etcum

269 821 512 890 EutrOpii
544 821 687 886 loco,
727 821 779 876 in
815 838 976 892 quem
1010 825 1216 881 videsis
1246 826 1529 882 doctorum
1563 827 1843 882 hominum

266 923 445 980 notas.
479 912 756 982 Scaligero
783 921 909 968 ante
935 929 1037 970 nos
1061 915 1130 970 de
1158 915 1358 972 mendo
1387 917 1650 972 suboluit.
1679 918 1836 984 Quod

264 1013 476 1073 spectat
523 1004 915 1074 subsequentia
966 1005 1152 1063 Italico
1201 1008 1520 1063 charactere
1566 1010 1842 1080 descripta

264 1096 454 1158 verba,
488 1095 634 1150 Alibi
671 1095 794 1164 legi:
827 1103 935 1150 etc.
963 1137 980 1164 ,
1010 1110 1134 1165 quas
1179 1107 1235 1153 et
1282 1098 1338 1154 in
1390 1100 1640 1170 margine
1681 1102 1844 1174 primi

265 1188 442 1243 Palat.
502 1203 607 1244 ms.
653 1189 952 1260 habentur,
1011 1189 1088 1261 ita
1147 1189 1642 1250 Schurzﬂeiscltius
1681 1214 1696 1250 :
1732 1195 1847 1250 Hoc

263 1281 532 1339 scbolium
565 1296 632 1337 eo
666 1283 846 1337 minus
877 1285 1318 1352 praetereundum
1373 1269 1652 1350 duximus.
1736 1303 1857 1360 que:

264 1377 470 1430 rectius
491 1374 815 1443 Suetonius,
839 1376 1167 1447 Eutropius,
1198 1387 1253 1432 ct
1275 1376 1518 1443 Nummi,
1552 1378 1852 1437 Claudium.

265 1465 425 1520 Drusi
451 1466 618 1520 lilium
652 1465 820 1522 fuisse
847 1468 1128 1524 dixerunt.
1153 1469 1310 1525 Adde
1332 1450 1582 1543 Basnagii
1613 1473 1842 1528 exercit.

259 1557 588 1612 Antibaron.
618 1573 696 1622 tv,
723 1573 776 1626 p.
801 1557 928 1626 249,
955 1559 1050 1629 qui
1079 1569 1260 1624 tamen
1296 1561 1376 1616 vel
1407 1563 1550 1624 ideo.
1580 1565 1841 1634 quoniam

257 1649 372 1716 jam
405 1647 535 1702 olim
567 1649 721 1704 locus
757 1651 910 1706 varie
954 1651 1130 1708 lectus
1157 1651 1208 1706 in
1238 1653 1474 1708 Eusebio
1515 1654 1617 1710 fuit
1644 1696 1658 1720 ,
1689 1665 1745 1710 et
1776 1657 1846 1710 ab

261 1738 598 1810 Hieronymo
634 1741 818 1810 potius
849 1751 952 1808 est,
984 1759 1149 1814 quam
1182 1744 1250 1806 ab
1291 1744 1549 1813 Eusebio,
1581 1747 1636 1802 in
1675 1746 1845 1803 Euse-

259 1829 412 1886 bium
446 1831 689 1902 iniquior
716 1847 842 1890 essc
873 1835 1104 1892 videtur.

329 1922 456 1979 Coi.
501 1923 648 1980 449-
683 1923 880 1981 Petrus
912 1929 1222 1998 apostolus.
1261 1929 1483 1997 Notum,
1533 1945 1740 2003 quanto
1786 1933 1841 1988 id

259 2023 462 2078 conatu
496 2025 706 2072 astruat
738 2017 1011 2078 Batonius
1058 2022 1112 2076 in
1150 2023 1348 2078 Annal.
1394 2023 1461 2078 ad
1507 2040 1596 2080 an.
1641 2023 1843 2080 Christi

257 2107 354 2171 45,
386 2115 552 2176 atque
584 2111 896 2168 eeoutrario
921 2113 1121 2183 quibus
1150 2117 1491 2184 argumentis
1522 2120 1842 2174 conclusum

257 2207 355 2258 eat
380 2200 600 2270 Pagius,
634 2217 744 2256 non
775 2203 1063 2261 advenisse
1086 2205 1305 2264 Petrum
1340 2207 1554 2263 Claudii
1583 2211 1848 2278 tempori-

259 2298 369 2353 bus
395 2299 648 2354 Bomam.
683 2297 790 2352 Hos
812 2297 1014 2353 adeant
1045 2313 1171 2354 cum
1212 2300 1425 2369 primis,
1458 2300 1550 2369 qui
1577 2301 1842 2370 judicium

260 2390 410 2445 ferre
436 2407 496 2444 ea
522 2392 589 2446 de
614 2407 672 2446 re
698 2392 890 2446 volunt
917 2407 931 2444 :
965 2406 1139 2461 neque
1162 2392 1308 2446 cnim
1338 2393 1391 2447 id
1417 2407 1581 2463 agere
1609 2393 1845 2448 instituti

261 2486 444 2539 nostri
478 2494 583 2541 est.
615 2485 853 2542 Tantum
883 2489 1451 2555 animadvertendum,
1480 2507 1577 2547 eos
1612 2493 1703 2561 qui
1749 2509 1847 2562 pro

259 2576 506 2637 Eusebio
528 2587 696 2646 stant,
729 2580 803 2634 ita
851 2581 1090 2636 rationes
1119 2597 1249 2637 suas
1278 2584 1458 2647 inire,
1485 2595 1542 2638 ut
1573 2585 1728 2639 facile
1759 2587 1852 2640 ad-

261 2670 648 2725 versariorum
679 2683 998 2743 argumenta
1031 2674 1258 2729 eludant
1290 2692 1308 2742 ;
1339 2685 1504 2746 atque
1531 2677 1662 2731 illud
1691 2694 1849 2731 eum-

258 2758 484 2830 primis,
523 2761 667 2831 qnod
708 2771 763 2818 et
811 2761 1055 2834 Scaliger
1096 2766 1392 2834 procudit,
1452 2782 1557 2821 non
1607 2769 1849 2834 potuisse
1887 2821 1892 2826 .

257 2850 474 2917 scilicet
506 2852 722 2908 Petrum
761 2851 945 2909 Romae
983 2871 1104 2912 esse
1133 2857 1373 2913 secundo
1413 2873 1558 2914 anno
1586 2859 1802 2922 Claudii
1831 2903 1845 2928 ,

259 2944 472 3014 quippe
501 2944 593 3014 qui
625 2945 695 3001 ab
740 2948 1135 3017 Assumptione
1166 2947 1382 3004 Domini
1414 2951 1483 3005 ad
1515 2951 1574 3026 id
1610 2963 1845 3020 tempus,

259 3053 374 3104 quo
402 3038 690 3106 conjectus
721 3049 807 3095 est
846 3041 900 3095 in
937 3040 1159 3096 vincula
1196 3043 1266 3097 ab
1313 3042 1526 3098 Herode
1573 3044 1846 3114 Agrippa,

257 3143 485 3195 semper
525 3127 686 3185 fuerit
719 3131 771 3184 in
804 3130 1086 3186 Palatstina
1114 3143 1206 3189 aut
1233 3131 1390 3203 Syria
1425 3150 1440 3186 :
1481 3131 1725 3187 Herodes
1754 3151 1849 3187 au-

263 3229 375 3277 tem
429 3221 668 3293 Agrippa
705 3223 907 3279 obierit
944 3235 1141 3291 quarto
1189 3239 1334 3279 anno
1378 3223 1616 3280 Claudii.
1646 3223 1850 3280 Volunt

256 3315 414 3382 enim
448 3329 594 3371 anno
629 3315 936 3386 insequenti
964 3315 1188 3371 Petrum
1226 3317 1396 3372 Ruina
1424 3318 1624 3372 iterum
1656 3317 1709 3371 in
1744 3315 1851 3371 Pa-

264 3407 542 3464 laestinam
593 3410 955 3466 contendisse
990 3448 1008 3475 ,
1069 3419 1128 3465 ut
1185 3409 1515 3481 periclitanti
1571 3412 1674 3464 sub
1725 3425 1851 3481 rege

256 3499 510 3569 Agrippa
544 3499 800 3556 Ecclesia:
831 3501 1110 3571 suppetias
1137 3502 1303 3556 ferret
1331 3518 1348 3558 ε
1377 3517 1407 3558 a
1439 3518 1548 3572 quo
1577 3511 1633 3556 et
1665 3501 1851 3570 conje-

260 3602 388 3660 ctus
419 3606 532 3661 ipse
575 3602 658 3646 est
689 3593 744 3647 in
777 3594 1018 3658 vincula,
1048 3602 1109 3648 et
1136 3608 1196 3649 se
1229 3594 1430 3648 deinde
1464 3594 1727 3650 subduxit
1780 3597 1850 3652 ab

261 3684 462 3754 angelo
501 3683 791 3748 liberatus,
824 3700 888 3741 ac
928 3687 1076 3740 venit
1121 3687 1476 3742 Antiochiam
1506 3729 1521 3754 ,
1564 3687 1762 3744 deinde
1792 3689 1848 3744 in

258 3777 454 3832 Asiam
491 3777 781 3843 minorem,
816 3793 882 3833 ac
918 3780 1135 3834 demum
1180 3780 1414 3835 Romam
1452 3797 1706 3836 reversus
1744 3789 1848 3838 est.

261 3866 410 3924 Vide
439 3866 794 3926 Francisc‘um
822 3871 1230 3939 Blaucbinium,
1283 3883 1419 3947 tom.
1453 3871 1494 3928 li
1530 3873 1805 3930 Anastasii
1830 3913 1848 3940 ,

260 3976 396 4033 pag.
439 3961 520 4016 l8.

331 4055 455 4111 Col.
485 4057 611 4113 449.
660 4061 880 4113 Marcus
913 4059 1258 4128 evangelista.
1304 4059 1407 4113 Alii
1437 4058 1564 4113 libri
1599 4059 1850 4114 referunt

257 4146 712 4214 [medicationem
763 4146 931 4202 Marci
985 4147 1050 4202 ad
1096 4163 1228 4201 ann.
1274 4149 1362 4202 45.
1401 4147 1629 4204 Graecus
1664 4157 1848 4204 textus

257 4239 329 4294 ad
367 4239 475 4309 μδν,
509 4238 560 4295 id
588 4250 672 4296 est
697 4239 787 4296 M.
819 4239 1088 4297 Baronius
1118 4240 1184 4295 ad
1223 4241 1294 4296 45
1345 4257 1504 4310 quem
1545 4255 1614 4296 ex
1658 4243 1848 4298 eodem

258 4330 604 4401 Hieronymo
635 4346 760 4386 cum
796 4332 958 4386 tertio
985 4331 1197 4396 Claudii
1231 4346 1376 4386 anno
1410 4333 1714 4402 componit.
1743 4332 1850 4389 Sed

257 4437 395 4477 cum
439 4438 586 4479 anno
631 4424 694 4480 41
735 4441 968 4495 regnare
1010 4425 1246 4495 coepisse
1293 4425 1606 4491 Claudium,
1649 4441 1714 4481 ex
1757 4426 1852 4482 illo

1940 552 2180 621 _Claudio
2215 554 2485 619 nominat,
2519 555 2610 625 qui
2640 545 2872 610 Caesaris
2898 554 3126 610 nomine
3168 570 3394 622 regnum
3428 555 3523 608 ad-

1943 647 2320 702 ministrabat.
2362 646 2654 702 Constaret
2699 647 2829 702 binc
2859 655 3067 702 autem.
3098 646 3242 703 quod
3283 645 3524 707 Scaliger

1936 738 2252 818 lcontendit,
2301 738 2415 792 falli
2467 739 2797 804 Eusebium;
2847 754 3027 809 neque
3071 739 3217 792 enim
3265 750 3374 791 ISIO
3411 753 3518 803 quo

1939 841 2200 893 mortuus
2232 838 2316 885 est
2345 838 2498 898 pater
2524 830 2784 899 Agrippa,
2820 829 3162 899 cognominis
3208 828 3350 882 filius
3382 843 3527 880 anno

1949 939 2176 991 regnum
2205 925 2436 994 adeptus
2458 922 2638 988 fuerit,
2666 923 2760 976 sed
2790 932 2912 993 post
2944 922 3154 990 aliquot
3179 937 3371 984 annos,
3397 937 3521 974 eum

1931 996 2131 1087 'junior
2164 1031 2256 1071 rex
2290 1016 2356 1071 ad
2390 1015 2607 1070 tutelam
2643 1031 2798 1070 suam
2823 1015 3187 1084 pervenisset.
3234 1016 3408 1079 Atque
3438 1021 3524 1067 est

1937 1101 2055 1162 iboc
2086 1107 2311 1175 quidem
2353 1121 2543 1162 verum
2620 1105 2714 1160 sed
2756 1105 2899 1171 alia,
2931 1113 2989 1158 ut
3039 1105 3238 1164 sentio,
3305 1103 3523 1156 EuSebii

1947 1217 2103 1256 meus
2144 1210 2251 1264 est,
2295 1209 2353 1254 nt
2404 1200 2547 1270 regis
2582 1198 2675 1252 filii
2708 1197 3143 1261 successionem,
3185 1212 3293 1250 non
3316 1210 3435 1264 quo
3471 1195 3526 1248 in

1939 1284 2096 1360 regni
2124 1291 2524 1362 possessionem
2560 1288 2760 1362 missus
2787 1298 2890 1350 est,
2918 1298 3130 1356 tempus
3152 1293 3380 1354 spectet.
3413 1286 3530 1336 Ad-

1948 1387 2065 1440 hzec
2121 1394 2352 1440 testatur
2384 1382 2505 1437 loco
2534 1381 2737 1436 dudum
2773 1381 2995 1434 laudato
3035 1377 3306 1447 Joscpbus
3333 1417 3347 1438 ,
3381 1376 3526 1444 quod

1946 1478 2138 1534 habuit
2187 1477 2244 1530 in
2277 1475 2484 1548 animo
2526 1473 2788 1529 Claudius
2826 1473 3124 1543 Agrippam
3177 1470 3448 1541 juniorem
3499 1483 3530 1522 e

1947 1571 2172 1641 vestigio
2203 1569 2421 1625 mittere
2443 1608 2459 1633 ,
2493 1577 2553 1622 ut
2589 1567 2641 1621 in
2684 1580 2910 1636 regnum
2946 1563 3286 1625 succederet,
3334 1561 3529 1615 volens

1935 1666 2110 1736 ,etiam
2157 1663 2316 1719 (idem
2354 1659 2722 1729 jurejurando
2775 1659 2957 1714 datam
3016 1657 3366 1712 confirmare.
3414 1652 3524 1707 Sed

1953 1757 2133 1812 liberti
2160 1765 2213 1811 et
2240 1755 2425 1820 amici,
2468 1753 2558 1823 qui
2590 1753 2884 1822 plurimum
2914 1749 3057 1818 apud
3091 1764 3218 1802 eum
3246 1759 3534 1817 poterant,

1874 1831 1920 1891 Β
1946 1850 2351 1909 dissuaserunt,
2381 1847 2745 1917 periculosum
2777 1859 2902 1900 esse
2930 1843 3171 1896 dicentes
3203 1841 3524 1894 adolescen-

1946 1942 2062 1998 tulo
2103 1941 2422 2005 admodum,
2451 1947 2506 1994 et
2536 1937 2627 2007 qui
2653 1938 2896 1993 nondum
2927 1951 2993 1990 ex
3017 1935 3248 2006 ephebis
3273 1947 3527 1987 excesse-

1948 2047 2053 2102 rat,
2089 2045 2254 2090 tanta:
2281 2021 2672 2101 magnitudinis
2701 2045 2930 2103 regnum
2957 2030 3325 2086 committere.

2017 2127 2136 2182 Col.
2170 2127 2296 2182 450.
2325 2126 2612 2193 Prophett'a
2640 2125 2832 2196 Agabi.
2865 2123 2983 2178 Non
3011 2122 3117 2176 hoc
3155 2129 3337 2174 tamen
3360 2134 3528 2180 anno,

1948 2235 2124 2290 neque
2174 2229 2233 2275 ut
2280 2219 2526 2288 Scaliger
2575 2215 2902 2275 contendit.
2939 2213 3178 2276 triennio
3228 2221 3370 2280 post,
3431 2209 3527 2264 sed

1949 2313 2188 2378 biennio,
2222 2315 2336 2366 sive
2360 2309 2648 2366 Claudiani
2694 2307 2925 2377 imperio
2953 2314 3136 2360 sexto.
3174 2303 3390 2357 Videsis
3425 2303 3528 2356 hac.

1946 2407 2015 2462 de
2056 2421 2136 2466 re.
2177 2405 2352 2472 deque
2383 2401 2630 2467 Helena,
2677 2401 3084 2454 Adiabenorum
3131 2395 3344 2465 regina,
3398 2409 3521 2462 quae

1949 2507 2198 2566 coempta
2228 2511 2292 2550 ex
2315 2493 2548 2566 [Egypto
2577 2507 2818 2553 annona,
2840 2488 3041 2544 Juda'a':
3075 2485 3272 2540 famem
3305 2483 3527 2548 levavit,

1950 2587 2197 2654 Pagium,
2225 2596 2278 2641 et
2310 2601 2375 2640 ex
2404 2584 2650 2654 antiquis
2683 2579 2982 2650 Josephum
3017 2579 3114 2636 lib.
3142 2593 3234 2641 xx,
3270 2591 3392 2642 cap.
3418 2576 3451 2628 :2
3475 2581 3530 2628 ct

1948 2681 2002 2736 3.
2037 2679 2094 2734 In
2145 2677 2430 2733 Parmensi
2483 2693 2587 2731 ms.
2639 2676 2758 2731 haec
2793 2663 3048 2744 pcricopa
3082 2671 3154 2752 ad.
3184 2668 3526 2728 superiorem

1953 2772 2196 2841 proxime
2225 2785 2433 2826 annum
2461 2769 2724 2834 refertur,
2759 2775 2925 2836 atque
2957 2763 3032 2820 illi
3063 2763 3132 2818 de
3159 2761 3361 2817 Evodio
3392 2774 3533 2829 pra:-

1950 2863 2191 2934 ponitur.

2019 2956 2280 3011 θυμω.
2301 2955 2557 3012 Claudius
2580 2955 2644 3010 de
2667 2951 2943 3007 Britannis
2967 2947 3332 3018 triumphavit.
3359 2945 3535 3012 Atque

1950 3048 2056 3103 hoc
2082 3047 2297 3117 quidem
2330 3062 2475 3102 anno
2515 3056 2796 3116 regressus
2824 3050 2908 3098 est
2951 3040 3204 3104 Romam,
3255 3038 3397 3091 unde
3424 3051 3523 3089 sex

1876 3177 1919 3234 ϐ
1954 3154 2174 3195 menses
2221 3139 2496 3200 abfuerat,
2527 3138 2670 3192 bello
2700 3134 2941 3202 gerendo
2981 3141 3300 3198 occupatus.
3345 3127 3537 3195 Quan-

1955 3246 2119 3299 quam
2166 3231 2346 3286 adbuc
2389 3229 2608 3284 absenti
2655 3227 2726 3284 ob
2762 3227 3031 3296 insignem
3061 3221 3428 3278 Camuloduni
3481 3230 3538 3274 et

1955 3327 2322 3383 Barbarorum
2354 3324 2650 3378 victoriam
2691 3320 3006 3388 triumphus
3037 3317 3290 3373 decretus
3325 3323 3410 3370 est
3457 3312 3534 3368 illi

1954 3419 2024 3473 ab
2055 3428 2273 3481 senatu,
2304 3425 2356 3469 et
2398 3413 2698 3468 Britannici
2746 3417 3170 3481 cognomentum
3205 3424 3220 3460 :
3253 3417 3301 3460 et
3335 3407 3537 3460 trium-

1953 3509 2136 3581 phalis
2173 3523 2299 3561 cum
2345 3507 2398 3559 in
2433 3504 2603 3569 Urbe,
2641 3513 2753 3556 tum
2801 3502 2855 3554 in
2885 3501 3057 3555 Gallia
3097 3513 3280 3552 arcus.
3314 3496 3532 3550 Videsis

1953 3603 2200 3665 Dionem,
2232 3608 2286 3653 et
2307 3597 2653 3653 Suetonium.
2689 3594 2933 3661 Scaliger
2963 3595 3026 3646 de
3053 3590 3353 3644 Britanniis
3381 3588 3535 3657 legit.

1954 3693 2109 3760 Quod
2147 3691 2294 3746 addit
2327 3690 2716 3760 Hieronymus,
2771 3702 2835 3741 ea
2891 3685 3120 3739 victoria
3175 3683 3386 3737 insulas
3426 3682 3530 3735 0r-

1954 3783 2159 3840 chadas
2194 3781 2444 3836 Romano
2497 3779 2729 3850 imperio
2759 3792 2881 3832 esse
2931 3777 3194 3847 adjectae,
3240 3775 3534 3830 conﬁrmat

1954 3878 2185 3934 Orosius
2215 3876 2305 3929 lib.
2342 3891 2439 3940 vn,
2491 3872 2790 3942 Eutropius
2827 3871 2988 3925 Brev.
3034 3885 3156 3938 cap.
3195 3868 3281 3932 15,
3311 3869 3534 3922 Cassio-

1953 3971 2143 4031 dorus,
2195 3969 2421 4037 aliique.
2475 3966 2730 4020 Diremus
2761 3971 2814 4018 et
2853 3976 2954 4016 nos
2999 3961 3240 4018 fortasse
3276 3960 3530 4019 inferius.

1953 4063 2020 4117 ad
2055 4062 2257 4117 Domit.
2293 4089 2307 4112 ι
2331 4105 2344 4128 ,
2383 4076 2494 4129 quo
2526 4070 2768 4127 tempore
2808 4056 3021 4112 insulas
3054 4054 3174 4110 illas
3219 4052 3532 4123 Agricolam

1953 4153 2227 4208 invenisse
2265 4150 2487 4206 Tacitus
2526 4149 2715 4205 refert.
2830 4215 2832 4218 ν

2022 4244 2159 4300 ibid.
2201 4243 2461 4297 Domitius
2497 4242 2644 4312 Afer.
2682 4239 3006 4295 Verosimile
3041 4247 3124 4292 est
3153 4237 3394 4305 quidem,
3419 4235 3537 4288 inec

1953 4333 2021 4388 de
2050 4333 2308 4398 Domitio,
2341 4340 2401 4386 ut
2430 4343 2482 4387 et
2509 4330 2760 4396 Claudio,
2795 4332 2888 4398 qui
2923 4327 3299 4386 subsequitur,
3347 4324 3537 4377 Hiero-

1957 4441 2178 4497 nymnm
2210 4443 2239 4480 c
2266 4423 2530 4480 Suetonio
2575 4423 2879 4492 accepisse.
2920 4420 3037 4476 Non
3074 4418 3250 4472 ausim
3312 4425 3488 4470 ωηιεο
3514 4456 3531 4480 ,

255 4517 401 4571 solis
423 4516 665 4585 defectu,
693 4520 786 4587 qui
817 4519 1057 4586 ejusmet
1089 4519 1428 4587 temporibus
1450 4518 1670 4584 accidit,
1698 4522 1852 4576 evin-
1882 4528 1926 4584 D
1957 4520 2103 4589 quod
2135 4517 2379 4588 Scaliger
2413 4515 2562 4580 facit,
2594 4530 2694 4586 pro
2714 4525 2864 4571 certo
2887 4526 3136 4569 asserere
3163 4527 3179 4576 ;
3207 4524 3330 4563 nam
3359 4523 3536 4573 neque

256 4619 398 4662 cant
427 4609 628 4667 passim
675 4610 874 4664 eruditi
908 4627 922 4662 :
958 4610 1230 4666 adventus
1267 4609 1434 4666 Marci
1466 4612 1519 4665 in
1552 4610 1848 4684 Atlgyptum

255 4699 478 4756 rectius
512 4699 578 4755 ad
614 4701 684 4756 45
713 4701 1037 4766 collocatur,
1069 4702 1285 4757 etiamsi
1319 4702 1512 4768 obesse
1561 4705 1851 4760 videantur

254 4806 390 4861 quae
417 4790 486 4846 de
515 4806 660 4846 nono
679 4791 896 4847 Claudii
921 4808 1066 4848 anno
1096 4791 1402 4864 Hesychius
1421 4794 1848 4862 Alexandrinus,

256 4894 319 4940 et
353 4899 479 4954 qme
517 4883 586 4939 de
616 4886 785 4940 tertio
813 4883 1074 4956 Caligulae
1101 4885 1414 4941 Cbronicon
1447 4887 1708 4944 Paschale
1741 4905 1853 4946 tra-

255 4977 425 5032 dunt.
464 4975 638 5030 Porro
676 4975 858 5029 minus
890 4986 1034 5031 recte
1081 4976 1212 5048 legit
1246 4976 1488 5047 Scaliger
1531 4981 1584 5033 in
1616 4979 1850 5051 Δι’θυριο

254 5079 314 5126 et
359 5068 722 5126 Alexandrina.
761 5065 970 5123 Vidcsis
1017 5069 1219 5124 laudati
1265 5068 1522 5142 Hesycbii
1572 5071 1850 5141 Origines.

257 5173 322 5217 et
360 5159 628 5216 Joannem
660 5157 956 5216 Seldenum
985 5161 1081 5216 ibi.

343 5253 483 5309 Ibid.
523 5253 736 5308 Primus
761 5255 1062 5325 episcOpus.
1100 5255 1355 5312 Dicemus
1382 5257 1482 5312 bac
1515 5259 1580 5313 de
1613 5273 1669 5313 re
1697 5258 1851 5336 plura

257 5344 505 5402 inferius
534 5344 604 5399 ad
633 5344 903 5414 lguatium
937 5363 1089 5402 num.
1115 5347 1280 5403 2084.

340 5433 477 5491 Ibid.
521 5435 756 5526 Agrippt}
803 5453 894 5491 rex
942 5435 1276 5493 Juda’orum.
1330 5440 1562 5496 Obsistit
1614 5441 1854 5502 Eusebio,

253 5528 498 5586 Tacitus
530 5530 727 5585 Annal.
768 5546 842 5586 xu
888 5547 1009 5601 cap.
1056 5533 1126 5588 ‘25
1165 5550 1178 5587 :
1215 5532 1426 5596 Ituraei,
1479 5535 1760 5604 inquiens,
1801 5545 1852 5592 et

251 5621 469 5686 Judcei,
497 5623 758 5694 defunctis
788 5624 990 5693 regibus
1015 5625 1236 5680 Saltemo
1266 5640 1422 5698 atque
1448 5629 1704 5696 Agrippa,
1731 5646 1852 5698 pro-

257 5715 457 5771 uincia:
472 5714 642 5787 Syria!
663 5715 855 5770 additi.
885 5714 1017 5773 Huic
1039 5717 1309 5788 Joseplms
1332 5720 1424 5774 lib.
1450 5721 1738 5791 Antiquitt.
1762 5738 1850 5778 χιιι

261 5822 401 5894 cap.
429 5809 556 5876 ult.,
587 5809 679 5867 ubi
706 5807 909 5868 Iudaea:
942 5813 1220 5884 totiusque
1251 5813 1687 5889 reguiAgrippze
1717 5830 1847 5885 pro-

1953 4611 2007 4666 iu
2035 4609 2302 4681 catalogo,
2329 4609 2421 4680 qui
2446 4610 2595 4680 aperi
2626 4607 2692 4662 de
2721 4607 2897 4662 Claris
2928 4603 3262 4660 Hlietoribus
3296 4599 3532 4670 praeﬁgi-

1952 4713 2040 4758 tur
2071 4703 2123 4757 in
2156 4702 2426 4758 nonnullis
2453 4717 2608 4768 mss.,
2649 4700 2738 4756 hic
2765 4699 3020 4763 habetur,
3053 4710 3229 4766 neque
3256 4697 3432 4748 rhetor
3455 4692 3538 4745 di-

1953 4795 2102 4851 citur
2132 4795 2202 4849 ab
2231 4793 2586 4864 Hieronymo,
2621 4802 2681 4848 ut
2714 4791 2909 4860 reliqui
2943 4803 3137 4845 omnes
3166 4785 3485 4841 Suetoniaui
3514 4825 3531 4850 ,

1953 4887 2049 4944 sed
2082 4897 2286 4942 orator.
2318 4886 2550 4940 Videtur
2595 4898 2760 4953 porro
2804 4883 2892 4937 hic
2926 4881 3069 4936 idem
3113 4879 3202 4934 ille
3240 4877 3534 4940 Domitius,

1953 4995 2047 5049 qui
2094 4957 2149 5034 ci.
2184 4979 2375 5033 consul
2412 4977 2562 5032 fuit:
2597 4991 2702 5046 qua
2735 4975 2801 5029 de
2840 4988 2898 5027 re
2931 4972 3135 5028 videsis
3178 4970 3446 5033 Dionem,
3480 4980 3538 5024 et

1953 5089 1984 5129 e
2014 5069 2407 5127 recentioribus
2436 5068 2869 5124 Tillemontium.
2911 5063 2966 5120 in
3005 5064 3338 5136 quibusdam
3374 5061 3532 5119 codi-

1954 5167 2110 5228 cibus
2141 5161 2545 5218 Nemausiensis
2579 5159 2860 5214 scribitur.

2024 5256 2143 5312 Col.
2179 5255 2305 5312 450.
2335 5253 2488 5312 Inter
2516 5251 2825 5308 Tlterasiam
2851 5259 2902 5305 et
2953 5249 3204 5306 Theram.
3239 5248 3373 5303 Tale
3401 5246 3534 5312 quid

1953 5350 2118 5416 etiam
2150 5348 2424 5416 superiori
2455 5354 2636 5411 aetate,
2687 5359 2789 5400 nec
2848 5345 3038 5406 semel.
3085 5342 3356 5400 Eusebius
3395 5340 3535 5394 alios

1954 5453 2209 5498 auctores
2241 5452 2464 5496 secutus
2497 5449 2686 5495 narrat
2715 5438 3014 5509 contigisse
3043 5453 3060 5492 :
3097 5451 3154 5489 re
3186 5435 3350 5488 etiam
3400 5447 3530 5487 vera

1954 5533 2181 5604 contigit
2214 5534 2440 5602 pluries.
2474 5531 2683 5588 Plinius
2716 5531 2810 5585 lib.
2851 5546 2910 5595 ιι,
2945 5543 3066 5598 cap.
3101 5526 3170 5582 87
3198 5544 3212 5581 :
3242 5523 3393 5579 Inter
3427 5526 3532 5594 Cy-

1956 5625 2163 5691 cladas,
2193 5625 2508 5697 Olympiadis
2534 5625 2658 5690 155,
2691 5639 2832 5679 anno
2865 5609 3077 5691 quarto,
3122 5618 3292 5672 Tltera
3317 5629 3362 5672 et
3399 5616 3538 5673 The-

1959 5719 2106 5773 rasia
2143 5719 2367 5790 (αξιοι-ια’
2405 5718 2556 5786 sunt)
2593 5733 2607 5771 :
2643 5716 2796 5770 Inter
2822 5714 3052 5772 easdem.
3078 5723 3192 5782 post
3220 5729 3384 5764 annos
3415 5713 3533 5775 150;

1956 5813 2142 5880 Hiera,
2173 5811 2353 5868 eadem
2381 5827 2498 5882 qua’
2527 5812 2806 5866 Automate
2841 5823 2858 5861 :
2900 5815 2948 5860 et
2981 5808 3046 5862 ab
3076 5824 3138 5861 ea
3178 5807 3380 5861 duobus
3423 5817 3535 5862 διας
