3974 6192
500 332 639 401 1051
1767 346 2064 407 VALLAR

2174 345 2177 403 ἶ
2216 343 2456 406 ΝΟΤιΕ.
2744 400 2749 405 .
3620 347 3753 413 1052

500 453 630 514 diis,
663 463 780 521 post
813 469 982 508 anites
1024 453 1152 517 llo,
1180 453 1238 508 in
1272 462 1455 511 nostra
1493 474 1628 523 aea,
1662 458 1741 515 ιι.
1788 461 1954 517 Iunio
1996 462 2083 519 Ci-
2113 457 2157 514 A
2191 459 2448 515 hisceret.
2486 459 2554 515 Et
2591 459 2867 529 persuasit
2924 468 3106 516 tamen
3156 461 3426 516 hactenus
3476 461 3750 518 doctorum

501 562 645 608 unm,
674 544 737 599 L.
764 543 931 599 Balbo
952 562 1113 610 coss..
1134 547 1293 605 Thin.
1315 550 1450 604 Item
1472 549 1680 607 Seneca
1707 555 1913 624 pluries
1933 556 2081 624 ejus-
2186 553 2372 624 vulgo,
2402 560 2458 607 ut
2494 553 2564 608 de
2606 552 2833 608 Eusebii
2862 562 3174 608 commento
3206 556 3618 609 conclamatum
3647 557 3748 609 iam

499 638 644 693 modi
680 637 889 693 insulas
918 647 1109 696 enatas
1130 640 1188 696 in
1212 640 1401 713 JEgmo
1432 643 1566 699 mari
1600 655 1869 704 memorat
1897 649 1997 705 lib.
2013 664 2077 717 tt,
2183 644 2355 701 ferme
2382 655 2533 701 esset
2559 660 2627 702 ex
2666 646 2759 701 illo
2789 645 3053 716 Scaligeri
3090 648 3438 717 praeiudicio.
3479 646 3636 701 Nunc
3665 649 3751 703 illo

496 744 528 783 c
565 743 617 797 p.
644 726 736 795 26,
764 738 819 784 et
838 728 935 784 lib.
966 745 1044 799 vt,
1076 735 1199 801 Cap.
1223 733 1287 788 2|
1315 733 1658 792 Naturalium
1686 741 2078 811 quaestionum,
2181 739 2355 807 probe
2374 752 2405 792 a
2431 738 2596 794 nobis
2618 736 2915 808 explicato,
2951 753 3021 793 ne
3050 738 3221 795 refelli
3262 740 3483 804 quidem
3515 741 3752 807 pluribus

501 819 558 874 in
592 836 757 889 quem
790 821 990 879 videsis
1019 826 1241 881 omnino
1284 824 1337 882 εἰ.
1367 825 1428 884 F.
1464 826 1823 889 Gronovium.
1863 834 1943 891 De
1976 835 2082 891 ista
2182 829 2415 885 aliorum
2473 830 2812 901 obiectiones
2872 839 3169 887 merentur.
3224 831 3433 887 Caetera
3486 848 3610 900 quae
3656 834 3752 887 huc

506 928 629 981 qua
663 914 769 968 sub
799 913 1011 971 Claudii
1043 918 1351 991 principatu
1386 932 1546 978 enata
1575 933 1681 990 est,
1716 925 1960 996 loquitur
1980 928 2080 986 Dio
2184 932 2474 993 spectant,
2526 934 2711 991 repete
2745 942 2773 979 a
2807 925 3061 991 Basnagii
3097 924 3338 983 Historia
3379 924 3609 982 Iudaica
3646 927 3741 984 lib.

494 1007 593 1062 lib.
624 1023 716 1070 ιι,
739 1007 835 1063 ubi
862 1010 1090 1078 etquod
1124 1020 1342 1083 tempus
1372 1022 1605 1084 spectat,
1627 1017 1762 1074 satis
1792 1019 1935 1076 bene
1951 1036 2077 1076 eum
2179 1032 2259 1081 vt,
2297 1026 2412 1073 toto
2444 1019 2621 1089 capite
2655 1019 2865 1075 decimo
2905 1019 3087 1075 tertio.
3440 1076 3445 1077 ,

492 1098 732 1152 Eusebio
759 1100 1041 1167 convenit,
1073 1110 1131 1156 et
1158 1141 1175 1166 ,
1203 1102 1299 1172 qui
1326 1106 1396 1160 ab
1426 1121 1493 1162 eo
1524 1108 1745 1164 videtur
1771 1113 2075 1182 accepisse,
2252 1111 2390 1167 lbid.
2422 1105 2808 1181 'Descriptionc
2866 1110 3047 1169 Roma!
3099 1113 3267 1170 facta.
3301 1111 3505 1167 Confer
3553 1110 3747 1168 Sueto-

492 1187 687 1264 Orosio
713 1190 808 1247 lib.
839 1208 939 1258 vn,
971 1208 1096 1264 cap.
1120 1194 1174 1250 6.
1197 1195 1465 1255 Caeterum
1496 1202 1563 1257 de
1589 1219 1735 1258 anno
1766 1206 1911 1261 inter
1940 1207 2079 1265 alios
2182 1205 2335 1260 nium
2367 1205 2421 1259 in
2454 1206 2688 1262 Claudio
2715 1222 2837 1275 cap.
2869 1206 2960 1263 16.
2992 1205 3249 1261 Notatum
3283 1206 3587 1276 Scaligero.
3630 1221 3750 1261 eon-

493 1281 795 1348 snriptores
819 1283 1026 1353 grande
1056 1285 1349 1345 dissidium
1379 1301 1482 1347 est.
1514 1294 1594 1349 Tu
1630 1296 1752 1352 vide
1793 1297 2074 1356 Petavium
2176 1297 2275 1369 jici
2306 1298 2410 1354 boc
2434 1310 2644 1368 gestum
2669 1299 2893 1354 totidem
2924 1300 3108 1355 verbis
3130 1315 3161 1354 a
3185 1298 3514 1354 Cassiodoro
3540 1276 3601 1351 in
3630 1311 3750 1351 con-

491 1369 560 1423 de
596 1369 839 1429 Doctrin.
867 1375 1127 1447 Tempor.
1157 1380 1255 1438 lib.
1284 1399 1361 1449 x1,
1393 1400 1517 1454 cap.
1550 1388 1604 1451 9,
1637 1391 1729 1457 qui
1760 1395 2074 1460 periocham
2179 1389 2418 1445 sulatum
2452 1390 2675 1445 Asiatici
2725 1400 2782 1447 et
2813 1390 3077 1457 Cornelii,
3141 1405 3455 1460 quanquam
3482 1429 3498 1448 .
3544 1388 3745 1457 inquit.

493 1461 652 1517 istam
696 1479 727 1518 e
768 1464 1099 1525 Cassiodoro
1128 1480 1178 1543 et
1207 1471 1406 1530 Orosio
1455 1477 1523 1532 ad
1572 1495 1725 1536 num.
1759 1483 1894 1537 206i
1949 1500 2075 1540 cum
2182 1484 2323 1538 male
2368 1497 2469 1553 pro
2518 1481 2762 1547 Corvini,
2804 1483 2857 1538 id
2898 1491 3023 1547 est,
3073 1480 3337 1538 Messalae.
3372 1483 3489 1552 Ego
3531 1481 3745 1537 Asiatici

491 1554 701 1620 aliquot
733 1573 865 1613 mss.
896 1570 949 1616 et
974 1561 1157 1619 lliraeo
1189 1565 1376 1631 refert.
1406 1584 1515 1641 non
1551 1572 1618 1627 ad
1651 1576 2075 1646 eratcedentem,

492 1656 551 1701 ut
589 1649 769 1704 facere
798 1651 889 1707 alii
918 1666 1125 1714 amant.

2179 1573 2351 1629 fuisse
2382 1583 2511 1629 tunc
2540 1574 2802 1644 collegam
2835 1574 2907 1629 Μ.
2930 1575 3152 1630 Junium
3182 1572 3459 1645 Silanum,
3486 1589 3597 1627 non
3628 1573 3746 1627 Cor-

2181 1669 2369 1722 vinum
2406 1666 2719 1733 Messalam,
2755 1682 2819 1722 e:
2852 1666 3045 1733 Dione,
3078 1666 3294 1730 Tacito,
3328 1665 3512 1721 Fastis
3550 1680 3747 1735 anony-

558 1738 677 1856 C.ol.
1014 1749 1275 1856 Agrippa.
1337 1756 1626 1856 Innuimus
1680 1760 1912 1829 dudum,
1966 1780 2075 1834 quo
2108 1801 2151 1856 Β
2179 1762 2276 1824 mi,
2314 1770 2478 1832 atque
2514 1762 2635 1816 aliis
2670 1762 2819 1816 novi.
2854 1761 3020 1817 Addit
3059 1762 3150 1816 ille
3193 1761 3250 1816 in
3282 1759 3509 1821 Crtecis,
3540 1774 3662 1830 qua
3682 1774 3740 1813 es

486 1846 652 1886 sensu
689 1835 758 1890 ab
782 1836 1036 1909 Agrippae
1060 1845 1232 1911 patris
1261 1856 1439 1902 morte
1468 1848 1565 1903 lilii
1599 1854 1944 1923 cognominis
1983 1872 2074 1911 re-

488 1938 653 1993 gnum
687 1929 1004 1997 auspicatus
1055 1931 1328 1993 Eusebius
1368 1939 1440 1993 sit
1482 1958 1497 1994 :
1545 1957 1722 2013 neque
1767 1945 1953 2011 enim,
2003 1958 2069 2004 ut

488 2018 655 2085 vulgo
682 2022 986 2091 accipiunt,
1013 2029 1420 2097 possessionem
1453 2032 1629 2101 ipSum
1665 2038 1838 2105 regni,
1866 2041 1961 2094 sed
1991 2057 2076 2097 se-

489 2110 650 2172 riem,
670 2114 1191 2187 successionemque
1216 2122 1379 2189 regis,
1402 2123 1517 2178 sive
1540 2124 1681 2194 ejus,
1705 2130 1795 2198 qui
1823 2128 2070 2188 Judaicze

489 2200 669 2291 gentis
722 2212 908 2276 caput,
960 2213 1015 2262 et
1063 2224 1355 2279 personam
1407 2216 1671 2287 principis
1721 2223 2072 2291 sustineret,

487 2289 752 2388 denotare
787 2297 841 2350 in
871 2300 1060 2355 animo
1093 2300 1309 2360 habuit.
1340 2304 1396 2360 Id
1422 2324 1522 2379 ego
1553 2325 1618 2365 ex
1651 2313 1785 2380 ipsis
1814 2289 2066 2388 Agrippas

484 2381 649 2447 huius
681 2387 864 2450 annis.
893 2389 961 2446 de
1002 2392 1205 2462 quibus
1233 2405 1514 2468 tantopere
1542 2381 1886 2472 dispultllll‘ll
1919 2381 2001 2466 esi
2039 2451 2055 2475 ,

488 2475 672 2547 colligi
732 2486 870 2535 satis
918 2482 1218 2541 manifesto
1252 2488 1454 2547 indicio
1490 2493 1650 2549 velim
1701 2513 1715 2552 :
1767 2515 1890 2554 cum
1921 2503 2069 2558 enim

484 2568 678 2641 viginti
722 2586 815 2627 sex
863 2572 941 2630 illi
994 2577 1198 2633 tribuat
1246 2580 1539 2649 Eusebius.
1578 2603 1686 2644 non
1723 2606 1820 2645 eos
1884 2602 2067 2651 tamen

483 2672 608 2756 cum
636 2661 782 2756 regis
813 2675 988 2722 morte
1020 2666 1161 2738 (qua:
1190 2672 1371 2728 serius
1401 2677 1572 2733 multo
1607 2683 1861 2753 contigit)
1891 2701 2069 2756 neque

483 2752 607 2852 ejus
642 2754 955 2826 captivitate
983 2760 1130 2831 (qum
1156 2764 1313 2819 nulla
1350 2767 1471 2834 fuit,
1517 2770 1726 2843 integra
1760 2778 1913 2848 regni
1944 2752 2069 2852 ejus

482 2845 691 2904 ditione
720 2855 1122 2924 permanente),
1152 2858 1247 2912 sed
1280 2873 1404 2913 cum
1435 2860 1621 2918 Iudaea
1653 2845 1844 2936 capta,
1866 2879 1922 2925 et
1973 2845 2070 2928 le-

483 2939 774 3011 rosolymis
827 2943 1111 3002 subversis
1147 2951 1427 3008 concludit
1462 2970 1479 3008 :
1532 2972 1770 3029 cumque
1811 2961 2068 3035 Agrippae

482 3046 585 3087 nec
611 3034 777 3089 verbo
804 3044 961 3094 tenus
1000 3042 1334 3111 meminerit,
1369 3046 1436 3102 ad
1465 3048 1585 3121 ejus
1652 3062 1831 3108 tamen
1871 3034 2067 3113 vicesi-

2180 1854 2457 1922 farragine
2492 1853 2750 1909 Clironici
2780 1854 3125 1909 bibliothecae
3173 1853 3338 1923 regia:
3388 1852 3597 1916 hausit,
3647 1852 3739 1916 legi

2182 1948 2442 2018 μυριάδες
2476 1947 2608 2017 χ>.δ’,
2652 1946 2898 2016 χιλιάδας
2923 1945 2988 2014 δ’;
3020 1947 3126 2001 hoc
3183 1954 3285 2008 est.
3322 1956 3569 2000 sexcenta
3624 1960 3745 1998 non-

2175 2050 2333 2112 genta
2363 2049 2597 2110 quatuor
2627 2040 2837 2106 millia;
2873 2038 3019 2109 qnod
3048 2038 3342 2094 discrimen
3375 2038 3523 2092 baud
3574 2038 3738 2109 exigui

2177 2136 2443 2189 momenti
2479 2143 2584 2189 est.
2621 2133 2818 2189 Latina
2846 2142 3030 2188 autem
3062 2146 3188 2188 esse
3220 2132 3511 2201 depravata
3579 2132 3668 2188 sed
3692 2141 3741 2188 et

2174 2225 2317 2295 apud
2350 2225 2657 2296 Syncellnm
2691 2239 2791 2295 pro
2816 2226 2913 2278 καὶ
2935 2223 3006 2290 a',
3038 2223 3322 2294 legendum
3350 2225 3448 2276 καὶ
3473 2224 3538 2277 δ’.

2246 2317 2387 2375 lbid.
2415 2318 2640 2373 Thracia
2681 2318 2948 2386 hucusque
2974 2324 3220 2385 regnata.
3252 2314 3447 2370 Serius
3478 2321 3583 2370 hoc
3613 2315 3737 2379 alii,

2174 2420 2231 2465 et
2257 2409 2489 2464 fortasse
2520 2409 2726 2464 rectius
2753 2406 3033 2462 ditl‘erunt.
3073 2405 3227 2461 Haud
3268 2406 3385 2462 scio
3422 2416 3624 2466 tamen.
3650 2406 3735 2475 qui

2173 2516 2238 2556 ex
2269 2500 2512 2569 antiquis
2544 2500 2723 2556 simile
2750 2500 3011 2569 quiddam
3042 2498 3332 2575 tradiderit
3362 2515 3380 2556 :
3412 2500 3543 2569 quin
3570 2499 3737 2570 potius

2172 2611 2239 2649 ex
2277 2609 2389 2649 uno
2428 2593 2671 2649 Eusebio
2700 2594 2803 2648 boc
2831 2593 3135 2657 discimus,
3153 2578 3473 2666 Remaralce
3500 2602 3733 2656 mortuo.

2172 2685 2465 2741 Thraciam
2501 2686 2554 2739 in
2583 2684 2927 2755 provinciam
2988 2684 3299 2769 redactam;
3335 2685 3537 2740 Eadem
3585 2684 3736 2738 habet

2173 2781 2226 2832 in
2259 2780 2555 2849 excerptis.
2586 2778 2690 2845 Qui
2720 2777 2900 2835 serius
2927 2777 3209 2849 diﬂ‘erunlt,
3234 2778 3357 2834 sive
3402 2778 3469 2831 ad
3541 2791 3731 2832 annum

2171 2870 2382 2926 Claudii
2421 2879 2662 2933 sextum,
2698 2869 3043 2925 recentiores
3063 2870 3239 2925 critici
3273 2878 3423 2927 sunt.

2242 2963 2363 3019 Col.
2399 2963 2525 3019 451.
2561 2961 2669 3017 Sub
2697 2971 3041 3033 procuratore
3066 2960 3273 3019 Juda‘a:
3294 2961 3552 3017 Cumano.
3568 2963 3730 3032 Atque

2171 3059 2274 3111 hoc
2305 3067 2517 3125 gestum
2565 3056 2630 3111 ad
2678 3065 2996 3125 sequentem
3048 3071 3180 3111 ann.
3230 3054 3444 3112 Claudii
3489 3066 3725 3112 octavus:

485 3137 633 3177 tuum
669 3135 885 3183 sextum
934 3145 1159 3199 annum,
1204 3134 1519 3194 Iudaeorum
1552 3159 1770 3215 regnum
1817 3148 2067 3217 defecisse
2094 3152 2135 3210 ο
2169 3158 2402 3215 spectat,
2435 3158 2489 3203 ut
2524 3164 2588 3203 ex
2621 3148 2859 3217 Josepho
2889 3149 3076 3219 Antiq.
3102 3147 3204 3204 lib.
3236 3164 3325 3211 xx,
3357 3163 3480 3217 cap.
3507 3150 3563 3212 5,
3585 3148 3724 3207 etde

483 3224 734 3309 annotat,
763 3226 818 3273 et
869 3220 1019 3278 illum
1070 3224 1319 3282 historiae
1364 3234 1540 3299 gentis
1588 3234 1709 3305 ejus
1761 3238 2060 3309 abrumpit.

482 3305 691 3402 Ifiempe
724 3321 786 3367 ut
818 3313 1092 3383 signiticet
1140 3321 1483 3390 propositum
1541 3327 1669 3394 sibi,
1713 3345 1821 3384 non
1857 3305 2066 3402 nuptm;

479 3398 765 3473 Agrippae,
797 3405 893 3461 sed
922 3405 1160 3475 Iudaici.
1192 3421 1253 3468 ut
1300 3415 1373 3469 ita
1407 3416 1607 3480 dicam.
1646 3424 1796 3492 regni
1838 3426 1890 3479 in
1935 3398 2065 3481 uni?

482 3510 701 3553 versum
739 3509 985 3572 tempora
1016 3515 1071 3561 et
1102 3508 1345 3566 rationes
1372 3512 1641 3583 digerere,
1676 3519 1835 3585 cujus
1868 3519 1958 3577 ille
1994 3524 2063 3577 ad

478 3603 603 3645 eum
632 3609 805 3665 usque
831 3612 1061 3665 annum,
1098 3617 1223 3657 cum
1260 3605 1437 3661 adhuc
1469 3607 1703 3666 Judaica
1741 3630 1829 3671 res
1860 3625 2023 3672 staret
2045 3661 2062 3681 ,

478 3699 697 3740 summo
746 3694 863 3775 loco
896 3689 997 3777 fuit
1043 3710 1059 3750 :
1098 3705 1156 3750 ut
1183 3712 1309 3752 vere
1345 3714 1470 3754 cum
1502 3699 1597 3755 ea’
1638 3707 1786 3760 natio
1821 3710 2061 3780 collapsa

476 3786 583 3841 est,
611 3781 902 3853 dirutaque
930 3787 1065 3843 urbs
1100 3788 1443 3860 Jerosolyma
1471 3833 1486 3855 ,
1524 3797 1640 3865 ipse
1687 3801 1855 3854 etiam
1883 3844 1896 3864 ,
1952 3820 2061 3861 una

479 3869 784 3964 principale
809 3874 979 3931 decus
1014 3877 1133 3947 ejus
1166 3883 1498 3951 sustinebat,
1528 3887 1771 3946 desierit.
1804 3892 2061 3964 Alioquin

475 3977 576 4016 nec
607 3962 808 4019 Iudaea!
848 3978 902 4023 et
934 3967 1236 4028 Ierusalem
1264 3992 1505 4047 unquam
1539 3995 1762 4050 regnum
1796 3962 2059 4058 obtinuit,

480 4053 909 4152 sed-“Philippi—
930 4068 985 4114 et
1038 4061 1313 4141 Lysanire
1343 4072 1687 4135 tetrarcbias,
1738 4053 2062 4152 partemque

485 4143 748 4211 Galilxeee,
781 4160 835 4219 et
865 4149 1236 4222 Tiberiadem,
1259 4174 1386 4214 cum
1423 4162 1553 4218 aliis
1588 4143 1871 4225 nonnullis
1908 4143 2062 4229 trans

476 4234 772 4294 Iordanem
811 4242 1041 4300 urbibus
1071 4260 1167 4303 aut
1206 4252 1344 4308 vicis
1383 4263 1481 4312 :ct
1520 4256 1833 4317 Iudaeorum
1881 4274 2062 4324 tamen

479 4343 666 4399 rogum
705 4332 828 4389 albo
861 4350 971 4390 non
1001 4339 1071 4394 ab
1099 4338 1332 4400 Eusebio
1362 4349 1561 4417 solum,
1601 4356 1696 4409 sed
1746 4364 1801 4411 et
1843 4357 1912 4414 ab
1940 4360 2063 4417 aliis

478 4420 843 4488 scriptoribus
904 4430 1261 4520 gadccnsetur.
1336 4439 1454 4494 Alia
1506 4441 1670 4512 igitur
1715 4457 1833 4509 erat
1897 4466 2059 4520 quam

2176 3241 2321 3295 Bello
2362 3241 2456 3298 lib.
2496 3259 2557 3305 ιι,
2587 3258 2707 3312 cap.
2745 3242 2833 3306 ll,
2864 3241 3099 3307 Zonara,
3126 3251 3301 3311 atque
3342 3241 3467 3296 aliis
3497 3256 3728 3310 comper-

2171 3342 2287 3388 tum
2320 3344 2422 3389 est.
2457 3333 2703 3404 Sumpsit
2736 3345 2791 3390 et
2813 3334 3082 3390 Eusebius
3108 3350 3172 3389 ex
3195 3332 3455 3405 Josepho,
3482 3335 3534 3388 in
3561 3334 3709 3403 cujus

2170 3429 2473 3497 exemplari
2525 3430 2727 3496 legisse
2762 3428 2981 3483 videtur
3014 3428 3155 3497 ὑπὲρ
3202 3428 3584 3498 τρισμυρίους,
3633 3441 3727 3496 pro

2171 3537 2278 3587 quo
2323 3522 2533 3577 obtinet
2568 3521 2711 3588 ὑπὲρ
2747 3522 2875 3585 τοὺς
2912 3521 3177 3590 μυρίους,
3224 3536 3398 3575 mos
3448 3520 3725 3574 videlicet:

2171 3612 2244 3666 ita
2301 3612 2449 3665 enim
2501 3621 2556 3665 et
2602 3611 2833 3667 Ruﬁnus
2882 3612 3036 3681 legit,
3070 3621 3125 3667 et
3162 3611 3418 3668 Orosius.
3465 3613 3591 3683 quin
3622 3612 3728 3683 ipsc

2170 3704 2304 3759 alibi
2341 3704 2614 3760 Eusebius
2649 3705 2703 3760 in
2739 3706 2876 3760 llist.
2908 3706 3117 3761 Eccles.
3147 3716 3429 3776 supputat.

2240 3794 2377 3851 Ibid.
2430 3796 2702 3851 Palaemon
2747 3795 3075 3852 Vicentinus.
3127 3797 3338 3854 Dicitur
3371 3797 3622 3853 Suetonio
3662 3797 3724 3850 de

2170 3886 2486 3945 lllustribus
2515 3889 2914 3945 Grammaticis
2950 3891 3218 3946 Remmius
3256 3891 3526 3946 Polemon
3558 3908 3577 3945 :
3608 3898 3728 3945 sunt

2170 3982 2263 4050 qui
2295 3982 2485 4046 etiam,
2517 3983 2744 4048 Quintus
2783 3999 3096 4052 przenomen
3135 3983 3363 4040 addant.
3399 3983 3631 4053 Scaliger
3665 3982 3727 4036 dc

2170 4076 2271 4130 hoc
2303 4074 2607 4131 Palmmone
2636 4075 3049 4142 inscriptionem
3076 4076 3262 4130 laudat
3293 4076 3347 4130 in
3381 4090 3509 4139 agro
3538 4074 3722 4128 Vicen-

2174 4167 2306 4232 tino,
2342 4167 2484 4223 inter
2510 4166 2790 4223 Gudianus
2830 4183 2953 4239 pag.
2985 4168 3111 4224 ἰδὲ.
3139 4168 3269 4235 Quae
3307 4184 3519 4232 recens,
3567 4182 3727 4236 quan—

2171 4268 2286 4313 tum
2339 4259 2476 4324 scio,
2515 4261 2742 4315 conﬁcta
2778 4269 2882 4324 est,
2922 4270 2977 4315 et
3025 4260 3258 4314 fortasse.
3283 4275 3313 4313 a
3361 4260 3614 4329 Ligerio:
3640 4257 3728 4311 scd

2171 4353 2372 4408 mirum
2405 4352 2688 4424 Scaligero
2716 4364 2988 4411 emunctae
3019 4354 3168 4408 naris
3200 4353 3410 4409 homini
3444 4355 3508 4409 de
3557 4351 3729 4405 fraude

2170 4446 2307 4501 nihil
2340 4445 2673 4501 suboluisse.

480 4524 732 4581 respectu
770 4518 947 4585 gentis
979 4537 1266 4615 persqnam
1306 4530 1359 4583 in
1387 4547 1444 4585 se
1473 4534 1734 4604 principis
1769 4513 2063 4602 referebat:
2095 4513 2144 4572 Β
2211 4540 2360 4615 ⁸(101.
2391 4540 2518 4595 451.
2539 4538 2744 4608 Magna
2773 4539 2944 4606 {ames
2969 4538 3112 4607 facta
3142 4546 3218 4593 est
3243 4536 3441 4592 Rome.
3476 4536 3727 4605 Deceptus

483 4620 606 4700 nam
636 4615 690 4659 et
728 4623 984 4676 suprema
1019 4614 1072 4667 in
1104 4615 1190 4670 bis
1221 4633 1339 4686 qua:
1370 4623 1436 4675 ad
1469 4625 1787 4693 religionem
1823 4634 2065 4700 pertine-

480 4696 631 4760 bant.
677 4709 945 4769 potestate
978 4708 1329 4766 continenter
1358 4730 1491 4771 usus
1523 4727 1627 4784 est,
1660 4729 1720 4774 ut
1754 4696 2062 4792 prolubito

481 4804 729 4849 stnnmos
778 4796 1069 4866 pontiﬁces
1119 4804 1516 4883 constitueret,
1563 4821 1659 4866 aut
1710 4830 2058 4885 removeret,

481 4888 928 4945 cmremoniarum
956 4908 1187 4965 quoque
1217 4908 1271 4952 et
1298 4901 1530 4957 vestium
1570 4920 1635 4960 ex
1667 4918 1819 4975 parte
1857 4910 2064 4971 faceret

478 4975 790 5042 arbitrium,
825 4982 1108 5049 perliceret
1162 4990 1557 5062 ampliaretque
1585 4999 1877 5070 templum,
1897 5003 2057 5059 deni-

479 5084 587 5138 que
633 5070 837 5141 regiam
890 5073 943 5127 in
987 5073 1292 5135 Jerusalem
1331 5081 1591 5151 domum,
1642 5105 1752 5158 quo
1807 5092 1929 5150 loco
1972 5096 2063 5153 illa

434 5204 437 5207 .
478 5165 961 5259 Assamonmoritm
982 5184 1182 5259 regum
1214 5173 1413 5243 fuerat,
1450 5179 1695 5238 haberet.
1736 5186 1792 5237 In
1829 5189 2063 5259 qnaeju-

478 5268 562 5350 ra,
591 5269 686 5307 seu
719 5254 864 5324 regis
887 5254 1106 5324 faciem,
1136 5265 1379 5320 statima
1411 5269 1582 5336 patris
1619 5285 1791 5328 morte
1820 5254 2060 5350 Agrippa

481 5343 628 5401 illius
659 5349 999 5405 successisse
1040 5356 1315 5419 putandus
1362 5369 1447 5415 cst
1471 5403 1486 5424 ,
1522 5364 1831 5423 decessisse
1868 5343 2055 5429 autem

483 5619 537 5674 in
574 5625 896 5681 recensione
929 5627 1030 5684 hac
1054 5646 1152 5684 sua
1186 5632 1455 5690 Eusebius
1486 5650 1507 5695 ε
1539 5639 1654 5695 lucc
1686 5643 1804 5710 ejus
1827 5619 2061 5701 cumino

484 5725 643 5766 mens
697 5714 824 5781 fuit,
871 5730 922 5773 et
973 5722 1157 5787 ratio,
1190 5739 1353 5793 quam
1391 5724 1522 5782 fecit
1572 5729 1817 5800 Scaliger
1858 5737 2060 5793 intelli-

493 5801 693 5874 gendo,
723 5814 781 5861 ut
812 5825 918 5866 non
947 5811 1296 5889 intelligeret,
1331 5834 1443 5891 quo
1474 5820 1526 5877 iu
1562 5837 1684 5880 eum
1718 5825 1946 5887 liberius
1972 5830 2064 5888 de-

2172 4647 2202 4686 a
2238 4631 2522 4697 Panvinio,
2551 4641 2605 4685 et
2638 4629 2917 4685 mendosis
2948 4629 3261 4686 Cassiodori
3293 4629 3584 4683 codicibus
3609 4628 3730 4682 Sca-

2171 4724 2310 4795 liger
2345 4724 2433 4780 bis
2468 4732 2660 4791 terque
2690 4732 2917 4793 peccat,
2962 4737 3188 4777 mouere
3230 4724 3359 4777 dum
3397 4723 3536 4782 vult.
3568 4722 3725 4776 fuisse

2172 4818 2277 4875 hoc
2309 4832 2474 4884 anno,
2512 4816 2729 4872 Claudii
2765 4816 2980 4873 decimo
3008 4855 3025 4880 ,
3060 4816 3317 4869 consules
3345 4814 3411 4869 C.
3446 4815 3723 4869 Antistium

2170 4909 2445 4975 Veterem,
2475 4917 2528 4965 et
2553 4909 2631 4963 Μ.
2661 4907 2917 4964 Suillium
2949 4906 3151 4961 Rufum
3190 4905 3591 4971 Servilianum;
3614 4919 3721 4958 nam

2169 5016 2346 5071 neque
2380 5000 2515 5056 illud
2566 4998 2686 5068 Ruﬁ
2735 5009 3160 5070 cognomentum
3216 4998 3465 5065 inscripti
3511 4997 3718 5065 lapides,

2169 5100 2532 5161 auctoresque
2581 5090 2709 5145 boni
2769 5089 2989 5149 habent.
3041 5102 3214 5155 neque
3268 5086 3600 5142 Servilianis
3644 5100 3720 5138 oo-

2169 5185 2520 5257 gnominatus
2576 5183 2667 5238 ille
2732 5191 2838 5244 est,
2892 5180 2987 5235 sed
3048 5177 3419 5243 Neruilianus,
3474 5189 3531 5233 ut
3593 5185 3714 5233 recte

2168 5278 2418 5333 scribunt
2453 5274 2655 5330 ldatius
2680 5318 2696 5343 ,
2737 5282 2793 5329 et
2829 5272 3121 5329 Fastorum
3168 5270 3492 5340 Cubpiuiani
3523 5280 3709 5326 auctor.

2170 5370 2365 5426 Peccat
2392 5384 2521 5424 vero
2565 5369 2619 5422 in
2653 5381 2720 5421 eo
2754 5366 2992 5436 gravius,
3027 5365 3171 5434 quod
3218 5363 3406 5419 Veteri
3440 5365 3704 5419 suﬂ‘ectutu

2170 5462 2339 5519 luisse
2368 5462 2561 5518 scribit
2603 5459 2881 5517 Ostorium
2919 5459 3248 5529 Scapulam;
3280 5458 3369 5512 hic
3397 5459 3535 5517 enim
3568 5452 3704 5509 suﬁc-

2168 5564 2290 5609 ctus
2316 5560 2399 5607 est
2449 5551 2522 5606 Μ.
2552 5550 2719 5607 Junio
2749 5549 2939 5604 Silano
2977 5558 3103 5603 ante
3140 5562 3313 5602 annos
3342 5530 3584 5615 qualuor,
3613 5541 3697 5593 huc

2169 5657 2352 5701 autem
2386 5659 2529 5698 anno
2561 5644 2761 5698 bellum
2796 5642 3015 5712 gerebat
3042 5641 3097 5696 in
3129 5640 3440 5707 Britannus;
3465 5638 3637 5705 quibus
3654 5642 3695 5684 et

2171 5735 2405 5790 devictis
2454 5733 2678 5788 decreto
2729 5739 2957 5786 senatus
3010 5729 3359 5800 triumphalia
3417 5734 3691 5781 ornamenta

2173 5825 2493 5897 reportavit.
2526 5823 2665 5883 Vide
2689 5823 2936 5901 Tacitum
2970 5822 3172 5881 Annal.
3205 5830 3299 5889 xtl,
3331 5835 3447 5892 cap.
3473 5811 3689 5874 9.5et33.
