4014 6196
309 326 446 392 10⁵3

1576 331 1985 394 VALLARSII
2024 333 2266 400 NOTE.

3438 340 3575 407 10³4

373 438 508 495 lbid.
546 437 762 496 Marcus
790 439 1050 496 Antonius
1076 440 1358 496 Liberalis.
1392 440 1573 497 Facile
1601 443 1872 498 assentiar
1901 443 1948 502 A
1974 446 2150 502 (Ἄπι-ιε
2209 447 2550 502 Rhetoribus
2618 448 2916 520 praeﬁgitur
2971 448 3025 504 in
3083 449 3318 506 vetustis
3369 451 3575 519 aliquot

302 530 583 587 Burmano
608 533 673 586 ad
699 532 949 588 Suetonii
995 532 1328 589 latercnlum
1371 533 1440 590 de
1471 533 1649 590 Claris
1677 535 1884 591 Rheto-

299 623 480 687 ribus,
499 639 607 678 non
642 623 809 678 videri
842 624 1227 694 incongruum,
1259 633 1319 680 ut
1351 625 1441 680 hic
1485 625 1576 679 ille
1603 626 1881 681 Antonius

301 713 574 769 Liberalis
611 714 703 782 sit,
749 714 906 784 cujus
953 714 1119 770 hodie
1159 723 1340 771 exstat
1387 714 1885 787 Μεταμορφώσεων

300 809 603 876 συναγωγή
615 848 629 862 .

379 899 502 956 Col.
538 900 668 956 452.
701 897 874 956 Fame
914 902 1063 970 facta
1109 903 1165 957 in
1203 901 1434 960 Graecia.
1483 903 1606 960 Alia
1645 904 1784 960 adeo
1814 904 1885 959 ab

298 1009 368 1048 ea
398 995 639 1058 videtur,
671 1009 793 1064 qua:
823 1003 952 1050 ante
984 996 1124 1052 duos
1156 1011 1332 1052 annos
1377 997 1432 1052 in
1474 996 1633 1068 Syria
1667 997 1791 1062 fuit,
1829 1006 1885 1053 et

251 1156 260 1163 _
297 1087 372 1142 de
402 1101 510 1158 qua
551 1087 758 1142 dictum
795 1088 1078 1158 superius.
1113 1089 1289 1144 Aliam
1327 1089 1516 1146 Roma
1548 1104 1694 1144 anno
1733 1089 1887 1144 inse~

297 1181 497 1251 quenti
537 1190 731 1237 auctor
763 1178 954 1237 refert.
1003 1181 1192 1237 Facile
1223 1179 1404 1238 autem
1433 1181 1623 1239 eadem
1655 1195 1886 1236 annonae

301 1273 524 1336 diritas,
559 1288 682 1342 quas
715 1274 952 1344 primum
986 1275 1190 1346 ingruit
1216 1291 1268 1330 tn
1306 1273 1488 1344 Syria,
1517 1274 1659 1330 alias
1691 1275 1885 1330 subse-

297 1366 447 1421 cutis
471 1365 634 1421 annis
676 1366 929 1435 regiones
971 1369 1297 1437 pervaserit.
1351 1367 1649 1436 Iosephus,
1694 1367 1881 1437 Antiq.

295 1457 405 1513 lib:
439 1473 530 1521 xx,
561 1472 681 1526 cap.
709 1457 764 1521 '5,
794 1471 915 1512 eam
948 1459 1052 1513 sub
1083 1459 1300 1514 duobus
1328 1455 1527 1513 Iudaeae
1555 1469 1886 1527 procurato-

297 1550 476 1615 ribus,
502 1549 708 1620 Cuspio
744 1549 935 1612 Fadio,
964 1561 1020 1607 et
1054 1552 1146 1621 qui
1187 1552 1234 1606 ei
1263 1566 1553 1608 successor
1581 1553 1738 1606 datus
1775 1560 1885 1616 est,

299 1641 524 1698 'l’iberio
553 1644 862 1700 Alexandro
898 1654 1207 1701 memorat:
1233 1647 1328 1700 ἐπὶ
1346 1645 1557 1710 τούτοις
1579 1646 1644 1716 δὴ
1657 1648 1753 1700 καὶ
1785 1645 1889 1716 τὴν

300 1735 695 1806 μέγαν·).ιμδν,
722 1755 778 1791 κ.
799 1755 850 1793 τ.
874 1737 925 1792 λζ
958 1737 1065 1792 Pro
1097 1755 1190 1793 sea:
1219 1739 1488 1794 drachmis
1514 1741 1886 1796 verosimilius

296 1829 462 1884 habet
501 1829 784 1900 Syncellns
843 1832 916 1897 ἐξ
945 1832 1276 1903 διδράχμων,
1315 1849 1434 1904 quae
1462 1834 1890 1892 faciuntdrach-

297 1937 422 1979 mas
452 1924 737 1979 duodecim
771 1941 788 1979 τ
821 1925 994 1996 idque
1045 1936 1102 1980 et
1151 1926 1433 1998 Scaligero
1473 1929 1734 1996 probatur
1767 1942 1888 1981 ma-

299 2016 407 2084 gis,
433 2017 576 2087 quod
608 2033 704 2072 sex
762 2018 1144 2073 drachmarum
1195 2021 1403 2076 venalis
1451 2022 1666 2076 modius
1738 2020 1892 2075 cari-

301 2117 470 2162 tatem
505 2123 756 2175 annonae,
791 2127 897 2164 non
929 2112 1127 2167 famem
1157 2113 1380 2182 arguit.’

373 2198 493 2255 Col.
532 2201 661 2258 451.
699 2200 805 2256 Sub
840 2203 1015 2257 Felice
1046 2215 1412 2272 procuratore.
1455 2205 1670 2261 lndicat
1721 2206 1888 2260 Juse-

303 2290 474 2360 phus.
507 2295 608 2349 sub
645 2294 825 2350 Felice
862 2296 1082 2364 quidem
1117 2301 1232 2352 hmc
1270 2299 1595 2368 contigisse,
1643 2315 1749 2354 non
1803 2309 1890 2354 ta-

302 2397 430 2436 men
469 2383 774 2454 imperante
810 2385 1061 2450 Claudio,
1095 2388 1189 2442 sed
1225 2387 1466 2452 Nerone,
1494 2404 1620 2443 cum
1664 2390 1753 2444 hic
1785 2388 1888 2444 Fe-

300 2473 808 2543 1ἰοἰὲκιτροπείαν,
858 2477 1048 2546 paucis
1087 2487 1265 2533 tamen
1317 2480 1561 2547 exceptis
1615 2481 1886 2541 urbibus,

303 2564 708 2622 conﬁrmasset.
743 2567 948 2638 Repete
979 2569 1048 2624 ab
1084 2584 1151 2623 eo
1182 2573 1386 2626 seriem
1419 2573 1661 2628 historia:
1685 2573 1784 2627 lib.
1816 2589 1881 2628 xx

303 2657 490 2728 Antiq.
519 2672 646 2727 cap.
668 2659 724 2723 6,
757 2668 810 2714 ct
838 2661 906 2715 de
933 2661 1083 2716 Bello
1117 2662 1208 2720 lib.
1242 2679 1301 2727 ιι,
1341 2679 1466 2727 cap.
1502 2663 1590 2728 12,
1629 2681 1752 2718 nam
1787 2680 1886 2721 ne-

306 2765 415 2818 que
448 2765 565 2820 par“
589 2751 814 2806 credere
847 2762 955 2818 est,
992 2769 1103 2808 uno
1165 2755 1471 2826 eodemque
1520 2772 1666 2811 anno
1701 2757 1888 2812 isthmc

302 2846 487 2900 nuntia
520 2845 834 2916 contigisse.
872 2848 949 2899 Ad
984 2847 1100 2902 haec
1131 2847 1248 2917 ipsa
1279 2847 1522 2919 [Egyptii
1557 2850 1698 2919 magi
1733 2865 1889 2904 men-

303 2947 402 3001 tio,
432 2953 596 3008 quam
632 2938 822 3010 Lysias
847 2939 972 2994 facit
1007 2945 1198 2996 Actor.
1235 2956 1355 3008 cap.
1393 2956 1506 3002 xxI.
1555 2941 1646 3005 58,
1681 2952 1739 2995 ut
1771 2943 1887 2996 haec

303 3030 482 3084 serius
531 3029 880 3093 ditl'erantur,
916 3031 1225 3099 persuadet.
1273 3031 1524 3104 Scaliger
1551 3019 1684 3087 satis
1724 3033 1886 3087 habet

1989 552 2123 591 mss.
2146 578 2162 601 ,
2191 538 2510 606 appellatur.
2545 539 2772 596 Accedit
2809 542 2952 612 quod
2989 541 3108 598 Ursi
3151 543 3375 612 quidem
3410 553 3575 613 atque

1994 630 2174 686 Ursuli
2231 631 2448 686 familia:
2499 642 2626 686 nota
2657 633 2769 688 sint
2825 636 3070 701 nomina,
3136 633 3364 689 Surculi
3395 647 3574 688 autem

1987 723 2132 788 apud
2165 716 2442 776 Romanos
2466 739 2735 794 nusquam
2808 725 3183 782 inveniantur.
3249 726 3352 780 Pro
3389 726 3580 780 Tholo-

1985 831 2171 877 sanus,
2197 814 2250 868 in
2283 815 2555 884 plerisque
2584 817 2705 872 aliis
2737 817 2893 871 libris
2956 817 3292 871 Tholoseusis
3351 827 3454 880 est,
3483 827 3580 872 aut

1989 905 2287 961 Toloseusis
2316 922 2335 962 :
2362 921 2538 976 neque
2567 908 2819 964 audiendi
2847 916 2977 962 sunt
3027 910 3117 977 qui
3153 909 3574 975 Neapolitanum

1989 997 2160 1054 fuisse
2191 1013 2316 1052 eum
2351 1000 2560 1062 dicunt,
2615 1008 2674 1056 et
2701 1014 2828 1056 cum
2893 999 3073 1055 Statio
3136 999 3364 1069 Papinio
3423 1009 3578 1070 poeta

1989 1091 2363 1147 confundunt.

2059 1184 2180 1240 Col.
2207 1185 2332 1240 455.
2365 1189 2714 1241 Terrcmotus
2745 1185 2946 1241 Romw.
2975 1184 3052 1238 Ex
3079 1184 3306 1238 calculis
3330 1194 3582 1237 astrono-

1988 1277 2168 1342 micis,
2197 1285 2252 1330 et
2279 1277 2477 1338 Plinio.
2519 1279 2617 1332 lib.
2680 1293 2741 1342 ιι,
2775 1293 2824 1332 0.
2858 1277 2948 1341 70,
3011 1276 3275 1331 evincunt
3328 1276 3581 1332 Petavius

1987 1377 2041 1422 et
2072 1367 2271 1437 Pagius
2300 1379 2424 1438 post
2462 1367 2823 1437 Scaligernm,
2853 1368 2986 1424 solis
3013 1366 3374 1422 defectionem
3409 1369 3569 1421 istaut

1990 1461 2283 1528 contigisse
2309 1476 2454 1514 anno
2489 1459 2721 1516 Neronis
2760 1461 3092 1530 insequenti,
3127 1460 3418 1530 etquidem
3453 1470 3578 1528 post

1989 1561 2253 1622 patratam
2277 1554 2475 1608 caedem
2503 1553 2978 1624 Agrippinamcoss.
3014 1553 3075 1607 l..
3107 1553 3366 1623 Vipstano
3411 1554 3585 1615 Apro-

1991 1645 2154 1699 niano
2188 1654 2238 1698 et
2273 1644 2338 1699 L.
2380 1643 2606 1700 Fonteio
2633 1645 2921 1716 Capitone,
2945 1645 3036 1699 die
3064 1646 3132 1701 '50
3190 1646 3416 1715 Aprilis,
3452 1647 3584 1700 hora

1990 1736 2230 1790 secunda
2287 1744 2406 1804 post
2465 1737 2772 1804 meridiem,
2837 1752 2965 1792 cum
3017 1753 3173 1792 sacra
3207 1738 3262 1791 in
3315 1737 3586 1792 defuncta:

1994 1828 2308 1899 Agrippime
2349 1829 2610 1882 honorem
2647 1829 2854 1884 fierent.

2063 1921 2183 1978 Col.
2217 1924 2344 1977 452.
2380 1923 2520 1977 Nero
2586 1903 2962 1994 Agrippinam.
3002 1922 3154 1978 "and
3189 1933 3337 1977 recte
3367 1923 3588 1992 quidam

1996 2016 2248 2070 laudatus
2290 2016 2567 2085 Scaligero
2603 2017 2774 2070 codex
2827 2031 2928 2069 ms.
2983 2031 3199 2069 uxorem
3247 2030 3399 2068 suam
3439 2015 3589 2079 legit,

1995 2119 2056 2162 ut
2108 2118 2218 2161 tres
2259 2123 2366 2161 uno
2423 2119 2669 2172 tempore
2703 2119 2946 2181 patratas
2978 2124 3006 2160 a
3046 2107 3258 2161 Nerone
3303 2114 3479 2160 caedes
3505 2107 3583 2157 si-

1995 2199 2236 2267 gnificet,
2269 2199 2480 2259 matris,
2509 2199 2692 2254 uxoris
2721 2208 2777 2253 et
2805 2199 2985 2253 amitte
3017 2215 3033 2256 :
3061 2201 3204 2268 quod
3238 2199 3430 2252 falsum
3460 2207 3544 2252 est
3571 2214 3586 2262 ;

1994 2289 2274 2344 Octaviam
2331 2293 2476 2345 enim
2535 2306 2764 2344 uxorem
2807 2291 2904 2345 ditt
2965 2302 3087 2361 post
3125 2293 3212 2345 ille
3267 2293 3318 2344 in
3372 2292 3589 2345 Panda-

1995 2380 2195 2434 tariam
2261 2380 2500 2434 insulam
2561 2381 2840 2449 relegavit,
2893 2381 3092 2436 deinde
3129 2381 3361 2434 interiici
3394 2381 3581 2451 jussit.

2067 2471 2185 2526 Col.
2217 2473 2341 2527 451.
2405 2472 2546 2526 Nero
2592 2482 2757 2525 tanta:
2832 2473 3062 2528 luxuria!
3109 2475 3257 2542 fuit.
3307 2474 3524 2528 Absunt
3556 2490 3584 2527 τι

1993 2565 2274 2620 Parmensi
2305 2581 2406 2620 ms.
2434 2567 2544 2620 duo
2567 2565 2728 2618 Verba
2761 2575 2808 2618 et
2842 2567 3057 2631 calidis,
3086 2566 3246 2619 habet
3272 2580 3398 2618 vero
3421 2582 3583 2632 tht-atl

1995 2661 2086 2715 hic
2130 2661 2498 2729 Hieronymus
2550 2658 2841 2721 describit,
2900 2658 3196 2718 EutroDius
3247 2657 3301 2710 in
3343 2657 3585 2712 Breviar.

1994 2754 2090 2807 Iih.
2125 2767 2222 2813 vn,
2253 2769 2302 2809 c.
2342 2752 2427 2816 Η,
2458 2751 2546 2803 ubi
2572 2759 2623 2804 et
2688 2750 2891 2804 lauaret
2925 2766 3020 2817 pro
3043 2751 3336 2814 lavaretur,
3363 2762 3412 2803 et
3460 2765 3586 2802 mox

1993 2845 2180 2900 blattci
2211 2863 2310 2914 pro
2335 2845 2620 2914 purpureis
2646 2844 2870 2913 legitur.
2895 2843 3110 2899 Videsis
3135 2845 3189 2897 in
3248 2858 3372 2896 eum
3407 2843 3586 2898 locum

1995 2939 2216 2994 Cellarii
2249 2950 2430 2994 notas.

2063 3030 2183 3086 Col.
2230 3031 2351 3086 452.
2421 3029 2580 3083 Festo
2641 3039 3006 3098 niagistratut.
3067 3028 3290 3083 Rectius
3349 3025 3589 3081 fortasse

305 3121 567 3176 nouuulla
593 3136 660 3174 ex
685 3121 788 3175 hoc
813 3131 1074 3177 contextu
1113 3138 1362 3192 carpere,
1402 3131 1659 3194 tanquam
1689 3124 1883 3179 Latine
1917 3158 1962 3216 ο
1997 3123 2238 3177 rationes
2271 3123 2367 3174 init
2408 3121 2786 3184 Illanchinins,
2816 3121 2905 3189 qui
2941 3121 2992 3174 in
3027 3130 3348 3188 sequentem
3381 3134 3585 3172 annum

292 3203 491 3267 minus
528 3211 760 3268 ﬁdeliter
805 3213 903 3267 abs
926 3211 1258 3286 Hieronymo
1287 3214 1520 3281 reddita,
1551 3215 1750 3286 quibus
1783 3217 1887 3271 uti-

303 3319 416 3374 que
443 3319 626 3375 opera:
660 3320 770 3359 non
804 3315 888 3360 est
918 3305 1227 3362 immorari.

378 3396 498 3452 σοι.
528 3396 655 3452 452.
699 3395 794 3451 γι.
830 3397 975 3453 Nero
1005 3400 1160 3454 annis
1210 3415 1330 3454 xm.
1362 3398 1595 3454 Videtur
1625 3399 1753 3455 hinc
1783 3415 1886 3454 re—

302 3475 619 3542 stituendus
642 3487 868 3559 Iosephi
898 3490 1053 3545 locus
1080 3490 1178 3545 lib.
1210 3507 1263 3544 tv
1290 3492 1356 3546 de
1387 3491 1537 3545 Bello
1563 3507 1684 3558 cap.
1714 3492 1771 3554 9,
1795 3493 1884 3546 ubi

302 3579 572 3634 Neronem
598 3580 898 3649 imperasse
921 3583 1077 3648 dicit,
1107 3584 1462 3652 τρισκαίδεκα
1488 3585 1589 3656 ἔτη
1627 3587 1722 3638 καὶ
1749 3585 1890 3655 ἡμέ-

306 3688 408 3742 ρας
441 3672 608 3729 ὀκτώ.
641 3673 858 3730 Scilicet
887 3684 946 3730 ut
980 3691 1078 3745 pro
1123 3677 1341 3748 ἡμέρας
1372 3679 1644 3733 rescribas
1690 3679 1887 3749 μῆνας,

301 3761 471 3818 etiam
526 3763 648 3828 Dio,
696 3764 951 3820 laudatus
985 3765 1287 3837 Scaligern,
1319 3777 1532 3834 tempus
1561 3769 1890 3824 Neronianae

305 3854 616 3924 tyrannidis
643 3857 806 3911 annis
845 3858 1130 3920 tredecim.
1165 3861 1452 3929 mensibus
1495 3871 1622 3916 octo
1664 3863 1895 3918 conclu-

303 3949 407 4004 dit.

377 4039 498 4100 Col.
537 4039 666 4097 432.
704 4040 889 4096 Festus
913 4045 1144 4100 succedit
1180 4041 1370 4102 Felici.
1394 4047 1622 4114 Eadem,
1653 4050 1748 4106 sed
1801 4066 1891 4106 ac-

307 4141 467 4202 cepta
522 4133 722 4187 lterum
787 4133 857 4188 ab
914 4135 1174 4203 Eusebio,
1215 4139 1382 4192 tradit
1419 4139 1786 4211 Hieronymus
1824 4144 1891 4200 de

303 4223 478 4280 Paulo
511 4223 610 4278 lib.
637 4225 706 4280 de
745 4224 894 4281 Viris
923 4227 1235 4285 illustribus
1275 4247 1287 4282 :
1341 4229 1598 4285 Vicesimo
1622 4243 1670 4286 et
1703 4235 1889 4294 quinto

304 4332 470 4382 anno,
499 4316 556 4370 id
577 4326 674 4380 est,
709 4319 938 4373 secundo
965 4317 1220 4380 Neronis.
1262 4337 1322 4375 eo
1355 4330 1584 4390 tempore
1646 4341 1748 4393 quo
1783 4325 1888 4382 Fe-

303 4415 422 4461 stus
451 4416 768 4476 procurator
796 4407 1004 4464 Judazae
1033 4411 1287 4464 successit
1321 4411 1504 4477 Felici,
1530 4411 1749 4468 Romam
1777 4419 1888 4471 riu-

1996 3215 2180 3270 Albiui
2218 3217 2593 3281 magistratum
2651 3215 2852 3270 diﬂ'ert.
2912 3214 3090 3268 Minus
3133 3214 3268 3269 bene
3315 3228 3412 3282 pro
3463 3229 3588 3266 suc-

1994 3309 2147 3361 cessit
2179 3309 2231 3360 iu
2278 3309 2479 3374 aliquot
2530 3323 2662 3361 mss.
2700 3317 2785 3361 est
2816 3309 2994 3363 cessit.

2061 3401 2180 3454 Col.
2224 3401 2348 3454 455.
2378 3399 2613 3453 .lacobus
2675 3400 2843 3462 frater
2912 3399 3142 3457 Domini.
3175 3398 3396 3462 Confer,
3423 3399 3464 3452 si
3500 3398 3588 3450 lu-

1991 3492 2108 3554 bet,
2145 3492 2439 3558 Joscphum
2468 3491 2560 3546 lib.
2591 3507 2684 3555 xx,
2723 3507 2774 3548 ο.
2807 3491 2860 3551 8,
2891 3501 3253 3560 nostrumque
3289 3491 3584 3544 Eusebium

1994 3585 2135 3640 llist.
2170 3584 2373 3637 Κυρῖτις.
2407 3583 2498 3635 lib.
2569 3599 2629 3647 ιι,
2657 3598 2708 3638 c.
2737 3583 2830 3648 22,
2872 3583 3091 3636 (1οιιιιιιιι
3137 3583 3275 3636 addc
3323 3593 3371 3636 et
3406 3582 3586 3635 Zona-

1992 3691 2158 3742 ram;
2227 3674 2492 3727 dissident
2561 3673 2704 3727 enim
2783 3675 2834 3728 in
2864 3689 2927 3727 ea
2975 3674 3288 3728 narratione
3336 3673 3584 3726 nonnih-l

1995 3767 2138 3821 inter
2187 3784 2264 3822 se.
2304 3767 2542 3828 Simcon,
2601 3775 2828 3821 notante
2899 3765 3364 3820 Schnrzlleischio
3445 3767 3580 3820 alias

1992 3857 2176 3913 Simon
2222 3860 2446 3923 dicitur,
2515 3868 2702 3912 notum
2750 3859 2950 3928 quippe
2997 3857 3265 3914 Hi-braica
3312 3859 3582 3912 vocabula

1993 3952 2046 4006 in
2085 3953 2322 4021 ἰσόφωνκ
2349 3951 2560 4017 Graeca,
2602 3951 2884 4016 Latinave,
2932 3966 3064 4007 cum
3121 3960 3309 4020 gentes
3335 3952 3586 4004 domina-

1994 4054 2202 4108 rentur,
2261 4043 2468 4098 Jntlmis
2523 4055 2884 4100 commutata.
2941 4044 3214 4102 Caterqu
3263 4045 3386 4098 vide
3431 4045 3584 4098 Alla-

1996 4139 2131 4192 tium
2177 4138 2274 4193 lib.
2310 4139 2376 4190 de
2415 4136 2790 4194 Simeonibus.

2061 4233 2182 4290 Col.
2233 4225 2366 4288 35$.
2429 4235 2566 4287 Ante
2637 4249 2894 4287 mensam.
2971 4228 3251 4298 Superiori
3332 4232 3582 4300 proxime

1993 4339 2162 4389 anno,
2220 4339 2284 4378 ex
2339 4324 2540 4389 Taciti,
2611 4323 2858 4379 Suetonii
2918 4331 2972 4378 et
3023 4322 3294 4391 Xiphilini
3334 4324 3582 4376 testimo-

1994 4417 2129 4482 niis,
2181 4417 2410 4486 Pighius
2455 4417 2703 4472 aScrihit.

303 4509 422 4553 ctus
453 4501 704 4554 mittitur.
734 4501 868 4567 Quae
895 4502 1121 4571 quidem
1177 4513 1232 4558 ct
1283 4520 1501 4560 summo
1551 4507 1888 4579 chronologo
1918 4494 1969 4554 Ῐ)
2065 4509 2183 4567 Col.
2214 4509 2339 4565 455.
2371 4507 2498 4564 Post
2553 4509 2798 4564 Marcum
2864 4509 3265 4581 evangelistam.
3338 4507 3578 4581 Martyrii

302 4591 558 4657 Petavio,
585 4603 750 4664 atque
778 4594 901 4650 aliis
933 4595 1243 4665 probantur
1277 4614 1294 4652 :
1327 4597 1422 4652 sed
1459 4614 1566 4654 non
1606 4601 1677 4655 ita
1719 4602 1889 4658 Tille-

305 4684 536 4750 montio,
565 4687 656 4755 qui
689 4695 819 4742 nota
856 4688 924 4742 56
955 4689 1022 4742 ad
1052 4689 1230 4745 Vitam
1273 4691 1472 4756 Pauli,
1515 4694 1889 4763 Eusebio,fat-

302 4795 412 4850 quo
440 4779 576 4834 adeo
604 4788 658 4834 et
687 4777 1019 4852 Hieronymo
1060 4781 1324 4837 nonnulla
1373 4784 1622 4852 opponit,
1657 4803 1780 4856 qum
1807 4790 1890 4845 di-

302 4884 405 4941 gna
435 4869 579 4926 lectu
611 4880 761 4928 sunt.

373 4962 512 5018 lbid.
555 4963 761 5020 Probus
792 4965 1066 5038 Berytius.
1108 4969 1262 5040 Apud
1303 4969 1625 5026 Suetonium
1659 4971 1727 5027 de
1763 4973 1888 5028 lllu-

299 5056 460 5110 strib.
507 5056 894 5115 Grammaticis
939 5076 1068 5132 cap.
1126 5063 1325 5119 ultimo
1375 5065 1582 5120 Marcus
1639 5065 1887 5123 Valerius

301 5146 508 5201 Probus
553 5147 802 5217 Berytius
849 5151 1076 5217 dicitur,
1114 5154 1260 5222 quod
1299 5133 1636 5225 postremum
1687 5174 1884 5214 nomen

306 5239 528 5294 ἔθνικδν
558 5255 588 5294 a
624 5239 823 5312 Beryto
850 5242 1150 5300 Plitenicite
1173 5288 1186 5311 ,
1227 5247 1378 5302 varie
1407 5247 1633 5304 cllertur
1657 5248 1712 5302 in
1747 5265 1883 5309 mss.

303 5340 471 5399 atque
497 5330 783 5400 impressis
806 5335 979 5401 libris,
1013 5353 1136 5391 nam
1171 5347 1224 5392 et
1253 5337 1536 5416 Bcrritius,
1564 5352 1617 5395 et
1643 5341 1883 5408 Brutius,

305 5431 361 5499 et
385 5422 640 5478 Bcrutius
669 5425 918 5480 invenire
941 5438 1046 5483 est.
1078 5429 1152 5483 De
1184 5431 1304 5494 ejus
1338 5440 1497 5486 actate
1529 5433 1750 5487 consule
1774 5431 1886 5487 No-

310 5512 506 5567 risinm
550 5525 799 5569 nostrum
829 5517 881 5570 in
911 5503 1218 5590 Cenotaph.
1256 5522 1440 5577 Pisan.

371 5603 467 5656 Col
521 5605 645 5659 452.
676 5604 881 5661 Statius
909 5609 1194 5667 Surculus.
1219 5610 1527 5678 Lugendum
1563 5614 1885 5670 omninoest

305 5693 557 5762 Ursulus,
594 5701 1047 5768 quiemadmodnm
1077 5703 1212 5757 etin
1267 5720 1368 5758 ms.
1422 5704 1698 5759 Chronico
1742 5707 1883 5770 apud

299 5786 666 5869 Yossiutn,ct
702 5791 752 5842 iu
812 5791 1064 5848 Suetonii
1127 5795 1417 5860 laterculo,
1483 5798 1571 5866 qui
1633 5799 1781 5867 operi
1817 5798 1883 5854 tle

1991 4604 2181 4673 utique
2215 4603 2392 4673 palma
2429 4603 2667 4658 donatus
2718 4612 2804 4658 est
2850 4601 3068 4682 Marcus
3103 4617 3212 4672 quo
3241 4602 3444 4656 veteris
3477 4603 3577 4656 Ec-

1988 4692 2168 4749 clesia:
2233 4708 2538 4750 consensus
2610 4694 2837 4750 evincit.
2896 4694 3172 4749 Incertum
3227 4703 3406 4747 autem
3465 4703 3574 4757 est,

1988 4798 2098 4851 quo
2129 4797 2294 4851 anno,
2328 4796 2492 4853 atque
2519 4784 2678 4848 adeo,
2729 4799 2839 4853 quo
2899 4785 3141 4838 Anianus
3192 4783 3574 4838 Alexandrina:

1990 4871 2248 4929 Ecclesia:
2275 4876 2566 4944 episcopus
2609 4873 2898 4929 ordinatus
2925 4876 3018 4930 sit.
3049 4874 3124 4927 Ad
3175 4883 3424 4928 octavum
3463 4873 3572 4929 Ne-

1992 4967 2140 5023 r0nis
2169 4967 2338 5020 refert
2397 4967 2670 5022 Eusebius
2705 4968 2822 5036 ipse
2866 4967 2994 5022 alibi
3063 4964 3201 5021 llist.
3234 4965 3444 5022 Ecclcs.
3476 4968 3573 5022 lib.

1987 5075 2044 5125 ιι,
2084 5071 2130 5112 c.
2167 5055 2280 5112 24:
2321 5055 2576 5126 Νέρωνος
2633 5056 2820 5126 ὄγδοον
2867 5057 3093 5126 ἄγοντος
3139 5059 3238 5126 τῆς
3295 5057 3574 5128 βασιλεὲας

1987 5150 2128 5212 ἔτος.
2154 5150 2266 5205 Νο0
2292 5165 2572 5204 moramur
2623 5148 2904 5216 Rufinum,
2965 5151 3056 5220 qni
3096 5152 3272 5221 primo
3309 5151 3430 5219 ejus
3467 5151 3572 5202 im-

1986 5241 2123 5310 perii
2172 5256 2318 5296 anno
2360 5242 2554 5312 illigat,
2625 5251 2683 5297 ut
2723 5257 2898 5311 neque
2941 5241 3303 5312 'Prospcrum,
3350 5252 3402 5293 et
3453 5239 3570 5294 Ma-

1989 5335 2223 5398 rianum,
2257 5334 2348 5404 qui
2394 5337 2682 5404 septimum
2727 5335 2846 5404 ejus
2868 5335 3218 5389 consulatum
3271 5334 3568 5386 commini-

1988 5437 2240 5481 scunlur.
2270 5427 2322 5481 ln
2350 5427 2471 5481 aliis
2486 5426 3330 5494 l'iujusmetChroniciEusehiaui
3365 5427 3570 5478 codici-

1989 5518 2090 5572 bus
2127 5533 2270 5572 nouo
2301 5519 2605 5589 insequenti
2638 5533 2783 5572 anno
2837 5517 3111 5574 ordinatio
3176 5517 3373 5570 Aniani
3425 5519 3568 5569 assi-

1988 5619 2206 5680 gnatur.
2238 5609 2425 5666 Serius
2486 5622 2660 5665 tamen
2697 5610 2873 5664 adhuc
2905 5623 3066 5677 quam
3108 5608 3373 5661 Eusebius
3405 5607 3559 5669 facit,

1989 5703 2132 5756 docti
2163 5703 2261 5755 viri
2300 5703 2412 5756 hinc
2443 5698 2720 5766 differunt,
2747 5747 2754 5756 ,
2786 5715 3018 5771 quorum
3053 5715 3184 5753 sane
3214 5700 3371 5752 bonis
3399 5717 3558 5768 argu-

1992 5793 2190 5848 mentis
2221 5792 2487 5847 sentcntia
2515 5806 2621 5847 nou
2675 5799 2848 5846 caret.
2888 5788 2992 5843 Sed
3030 5804 3137 5842 non
3193 5785 3404 5841 videtur
3439 5795 3563 5855 post
