3974 6192
491 307 652 378 1055

487 433 716 478 mortem
762 425 948 494 Marci,
1005 429 1231 500 ejusque
1293 446 1482 500 causa,
1519 444 1577 491 ut
1612 439 1740 495 alibi
1791 442 2061 516 Hierony-

1775 331 2175 397 VALLARSII
2203 337 2438 405 ΝιιΤᾹΞ.

3603 353 3763 420 1056

2093 451 2136 502 Δ
2165 449 2406 505 Novatus
2439 454 2616 508 dictus
2641 463 2747 517 est.
2779 458 3067 530 adoptatus
3094 473 3271 520 autem
3307 473 3497 532 postea
3529 483 3561 522 a
3587 469 3768 526 Iunio

490 531 611 626 unus
647 519 697 568 in
727 517 926 626 Seript.
964 522 1168 576 Ecclcs.
1197 526 1414 626 asserit,
1441 531 1535 583 sed
1560 538 1617 585 ut
1643 531 1714 586 ibi
1736 533 1916 590 innuit
1954 537 2067 591 Eu-
2167 540 2431 605 Gallione,
2461 547 2564 600 dici
2591 549 2657 605 de
2683 551 2801 617 ejus
2828 517 3266 610 nominerlunius
3285 517 3497 626 (Ballio:

489 610 692 672 sebius,
753 613 896 677 quod
951 614 1414 676 cesseritMarcus
1438 621 1927 692 administrationi,
1951 629 2066 685 An-

493 700 689 752 uiantis
740 703 1026 759 ordinatus
1089 706 1465 781 sull‘ectusque
1509 723 1612 770 est.
1646 716 1826 775 Cessit
1882 731 2062 777 autem

484 791 700 847 Marcus
729 807 786 849 ut
815 798 939 851 aliis
994 801 1311 868 regionibus
1351 804 1631 863 Christum
1685 812 2060 878 annuntiaret,

481 886 626 937 circa
660 887 802 941 hunc
832 905 1026 960 nempe
1051 908 1276 962 annum,
1304 894 1539 954 Neronis
1590 910 1867 971 octavam,
1896 920 2060 974 quem

483 971 747 1032 Eusebius
779 980 864 1034 hic
890 997 1012 1037 cum
1046 983 1116 1038 64
1139 985 1343 1044 Christi
1377 991 1677 1062 componit.
1705 993 1861 1061 Vide,
1895 971 1942 1050 si
1971 995 2061 1051 lu-

483 1065 596 1132 bet,
634 1065 1071 1128 Tilletitontium.

549 1155 668 1212 Col.
700 1161 825 1214 455.
863 1162 1078 1222 Persius
1129 1173 1379 1227 moritur.
1441 1173 1742 1233 Suetonius
1773 1178 1824 1233 in
1858 1179 2061 1250 ipsius-

479 1260 587 1302 met
616 1251 785 1308 Persii
828 1255 964 1322 Vita,
1001 1259 1252 1329 Decessit,
1276 1267 1374 1329 ait,
1418 1270 1548 1323 uitio
1600 1274 1888 1330 stomachi.
1918 1292 2059 1330 anno

478 1343 653 1429 trullis
693 1344 762 1396 50
790 1363 803 1410 ;
833 1363 930 1417 pro
975 1367 1084 1419 quo
1129 1370 1356 1412 numero
1388 1363 1616 1418 rescribi
1675 1364 1768 1429 29;
1825 1375 1884 1421 ut
1923 1365 2061 1422 Sca-

479 1428 614 1496 liger
663 1434 872 1504 mallet,
922 1439 1056 1494 nihil
1115 1459 1252 1514 Opus
1283 1459 1391 1522 est,
1441 1453 1709 1522 siquidem
1757 1428 2058 1517 commode

479 1529 657 1623 potest
719 1526 784 1579 de
858 1545 968 1584 non
1057 1539 1330 1608 completo
1407 1556 1685 1612 postremo
1763 1565 1911 1607 anno
1962 1569 2059 1610 ac-

476 1627 606 1679 ειμι.

544 1701 663 1807 Col.
700 1708 826 1807 454.
865 1711 1106 1807 libertum
1137 1737 1170 1774 a
1230 1722 1440 1782 Nerone
1495 1731 1799 1798 a'di/icatw.
1832 1737 2059 1807 Accepit

2168 631 2294 686 nius
2351 633 2586 689 Anna-us
2642 637 2814 695 Gallio
2863 642 3156 699 debuisset.
3212 644 3322 701 Sed
3368 647 3459 701 illa
3534 651 3768 718 gravior

2169 723 2430 790 Scaligeri
2471 729 2761 795 postulatio
2791 743 2872 786 est
2903 748 2968 788 es
3015 751 3106 796 eo.
3151 739 3295 806 quod
3334 739 3566 794 Senecae
3593 741 3764 797 fratri

2168 817 2494 884 Superfuisse
2525 822 2666 874 hunc
2695 839 2759 876 ex
2809 825 3000 884 Tacito
3028 827 3223 882 Annal.
3259 847 3329 883 xv
3357 842 3601 896 constet,
3634 834 3764 895 ubi.

2163 907 2409 975 Iunium,
2442 913 2637 983 inquit,
2669 915 2964 973 Gallionem
2982 919 3196 975 Seneca:
3231 924 3421 992 fratris
3455 939 3628 980 morte
3650 943 3763 993 pa-

2164 1001 2358 1070 vidum,
2393 1012 2444 1059 et
2469 1022 2564 1074 pro
2593 1023 2696 1062 sua
2746 1010 3106 1067 incolumitate
3137 1016 3446 1082 supplicem,
3484 1019 3763 1084 increpuit

2165 1091 2413 1150 Salienus
2442 1097 2698 1163 Clemens,
2730 1101 2870 1168 Quin
2894 1103 3052 1159 etiam
3077 1105 3392 1175 Xiphilinus
3422 1119 3548 1177 post
3569 1109 3770 1185 Sene-=

2162 1202 2282 1242 cam
2339 1189 2560 1246 fratrem
2617 1193 2672 1247 et
2706 1195 2883 1262 ipsum
2917 1210 3134 1266 quoque
3184 1199 3520 1256 exstinctum
3577 1200 3756 1268 dicat,

2165 1284 2258 1334 καὶ
2285 1283 2334 1334 oi
2360 1283 2582 1352 ἀδελφοὶ
2630 1287 2855 1355 ὕστερον
2888 1289 3261 1354 ὲπαπώλοντο,
3297 1292 3560 1346 nimirum
3614 1293 3759 1346 Mela

2162 1383 2218 1429 et
2250 1373 2448 1430 Gallio.
2482 1377 2543 1430 Et
2571 1394 2697 1432 vero
2727 1381 2860 1434 mori
2891 1380 3076 1451 jussus
3108 1391 3191 1438 est
3220 1381 3281 1436 L.
3309 1387 3552 1439 Annaeus
3576 1383 3759 1439 Seue-

2161 1481 2250 1532 ca,
2279 1468 2486 1523 detecta
2522 1469 2736 1526 Pisonis
2783 1471 3181 1540 coniuratione,
3210 1474 3425 1530 Licinio
3464 1475 3670 1534 Nerva.
3704 1489 3762 1533 et

2164 1558 2388 1617 Vestino
2411 1563 2592 1618 Attico
2615 1579 2781 1629 coss.,
2811 1565 2899 1633 qui
2923 1581 3097 1622 anuus
3123 1567 3174 1621 in
3227 1568 3443 1637 imperii
3471 1567 3758 1624 Neronia-

2165 1653 2225 1705 ni.
2257 1653 2599 1708 undet-imum
2651 1667 2707 1709 et
2734 1656 3113 1713 duodecimum
3142 1659 3398 1714 incurrit.
3431 1660 3556 1728 Ipse
3589 1661 3656 1715 ad
3691 1660 3760 1714 ιι-

2169 1758 2289 1797 netu
2327 1745 2595 1800 undecimi
2627 1745 2900 1803 Eusebius
2936 1746 3122 1804 refert.
3172 1747 3301 1804 llaec
3358 1749 3550 1819 itaque
3599 1757 3752 1819 ejus,

473 1794 541 1909 ‘7"
585 1796 846 1909 Emroﬂi"
878 1804 1263 1909 Hi”'_°"¥_m“3v
1296 1820 1442 1888 (ἰυοά
1473 1833 1529 1878 et
1576 1824 1858 1898 Scaligt-ro
1893 1794 2054 1885 not-a-
2089 1806 2130 1860 Β
2159 1837 2274 1890 sive
2321 1836 2656 1909 Hieronymi,
2693 1838 2857 1895 fuerit
2905 1840 2960 1894 in
2995 1839 3262 1896 Gallionis
3313 1794 3496 1898 mortle
3551 1794 3755 1899 regen-

477 1895 586 1986 tum
614 1902 718 1986 est.
753 1893 832 1948 Tu
879 1899 1070 1956 confer
1096 1902 1422 1967 Suetonium
1457 1930 1582 1986 cap.
1618 1918 1706 1984 12,
1729 1893 1850 1975 'ubi
1886 1932 1940 1978 et
1989 1926 2056 1981 de

471 1977 879 2056 cititat'istgruut
932 2005 1124 2060 agone,
1166 2011 1276 2066 quo
1347 2001 1489 2057 Nero
1560 2011 1875 2080 superavit;
1952 2029 2056 2069 nec

473 2086 762 2138 praetereas
832 2081 884 2135 in
939 2099 1064 2141 eum
1135 2091 1312 2148 locum
1387 2098 1702 2157 doctorum:
1764 2105 2051 2164 hominum

470 2179 646 2222 110128.

538 2260 657 2365 Col.
691 2265 817 2322 453.
853 2271 930 2328 Μ.
970 2275 1206 2336 Animus
1241 2281 1514 2340 Lucanus.
1567 2289 1744 2359 Atque
1783 2292 1887 2348 hoc
1926 2309 2052 2365 ges.-

468 2363 581 2407 tum
629 2357 682 2411 in
732 2378 937 2418 annum
1008 2384 1351 2442 sequentem,
1417 2378 1648 2436 Neronis
1677 2383 2049 2454 undecimum,

466 2464 576 2515 quo
622 2451 831 2509 detecta
878 2459 1142 2518 adversus
1185 2481 1310 2520 eum
1352 2468 1415 2523 C.
1484 2469 1702 2528 Pisonis
1745 2451 2050 2544 coniuratio

465 2552 570 2607 est,
609 2544 870 2604 debuerat
905 2552 1142 2610 conferri
1195 2556 1350 2627 juxta
1399 2565 1748 2633 antiquorum
1800 2567 2050 2625 testimo-

467 2634 577 2698 nia,
633 2636 842 2706 Dionis,
905 2643 1173 2714 Suetonii,
1216 2660 1270 2705 et
1309 2651 1479 2709 Taciti
1536 2657 1734 2717 Annal.
1761 2675 1830 2714 xv
1858 2670 1912 2716 et
1939 2678 2048 2718 sVI.

469 2724 647 2784 Minus
707 2745 851 2789 recte
927 2739 1070 2808 apud
1143 2741 1440 2800 Pontacum
1495 2750 1706 2804 Amicus
1767 2752 2050 2810 scribeba-

468 2829 577 2874 tur.

539 2913 680 2972 ibid.
712 2921 877 2987 Nero,
926 2927 1410 2985 utsimilitudinem
1458 2933 1652 3006 Trojaz.
1717 2936 1911 2996 Nullus
1961 2941 2052 2997 hic

465 3018 569 3072 ρει,
599 3025 759 3078 quem
833 3014 1074 3086 Scaliger
1116 3023 1555 3080 comminiscitur
1593 3067 1606 3090 ,
1676 3033 2051 3088 nietachroni—

2157 1928 2325 1984 senda
2351 1929 2724 1995 hallucinatio,
2743 1943 2852 1986 'aut
2880 1948 3068 1987 eorum
3099 1949 3238 2002 quos
3264 1945 3525 1989 auctores
3570 1937 3759 1992 secuti

2159 2031 2306 2077 sunt.
2350 2019 2840 2080 Schurzlleiscbius
2881 2025 2935 2079 in
2959 2026 3124 2087 fcuris
3162 2028 3567 2095 posterioribus
3608 2044 3748 2083 con-

2157 2116 2262 2170 suli
2308 2113 2459 2182 jubet
2491 2114 2742 2171 Vossium
2786 2117 2853 2173 de
2884 2118 3173 2174 Historicis
3219 2117 3455 2183 Latinis,
3483 2119 3748 2176 Salmasii

2156 2222 2377 2276 quoque
2409 2208 2676 2276 judicium
2727 2209 2796 2264 de
2842 2208 3024 2272 Floro,
3072 2210 3220 2279 quod
3270 2212 3320 2266 ei
3354 2213 3665 2282 praeﬁgitur
3697 2213 3756 2270 in

2155 2298 2436 2354 Grawiana
2471 2299 2728 2366 editione,
2777 2301 3007 2374 denique
3041 2303 3375 2374 Polyaenum,
3415 2313 3471 2358 et
3510 2303 3589 2360 Is.
3641 2305 3758 2360 Ca-

2153 2388 2383 2444 sauboni
2417 2399 2573 2443 notas
2612 2405 2730 2460 pag.
2763 2391 2889 2448 755.

2211 2479 2342 2534 'Col.
2372 2481 2496 2537 455.
2540 2479 2766 2536 Rursum
2800 2481 3013 2540 Nero...
3048 2484 3326 2555 Olympias
3354 2495 3477 2541 acta
3509 2504 3618 2542 non
3648 2497 3752 2545 est.

2155 2564 2371 2636 lEthzec,
2413 2573 2619 2628 Nerone
2661 2575 2715 2628 in
2761 2592 2917 2629 suam
2966 2579 3304 2644 prasentiant
3347 2579 3653 2648 iii/ferente,
3694 2581 3753 2636 in

2154 2665 2544 2720 vetustioribus
2595 2665 2757 2722 editis
2805 2667 2984 2733 libris,
3049 2685 3147 2741 nec
3196 2686 3310 2725 non
3361 2671 3576 2739 aliquot
3607 2687 3749 2729 mss.

2153 2755 2428 2824 superiori
2470 2757 2718 2826 proxime
2749 2759 3022 2828 periochae
3052 2762 3117 2816 de
3143 2759 3398 2816 Gallione
3426 2762 3752 2832 adjungun—

2155 2858 2244 2902 tur
2278 2865 2384 2903 una
2433 2849 2576 2905 serie
2617 2859 2671 2904 et
2715 2867 2900 2914 sensu.
2957 2869 3054 2922 pro
3096 2854 3282 2909 verbis
3321 2853 3444 2909 Non
3489 2866 3574 2910 est
3600 2855 3747 2924 dcte,

2152 2941 2470 2997 substitutis
2507 2953 2722 2997 mortem
2762 2943 2901 3012 ejus,
2935 2946 3002 3000 ad
3055 2945 3202 3000 hunc
3234 2946 3481 3011 modum,
3524 2950 3752 3016 propria

2154 3051 2211 3088 se
2260 3051 2421 3088 manu
2463 3037 2745 3105 interfecit,
2780 3049 3004 3092 mortem
3054 3040 3169 3108 ejus
3234 3037 3449 3094 Nerone
3474 3042 3533 3094 in
3567 3058 3746 3106 sum,

468 3114 622 3154 smus
654 3118 670 3158 ³
706 3104 976 3172 siquidm
1021 3109 1082 3164 (Σο
1112 3110 1345 3168 Lecanio
1377 3115 1568 3185 Basso,
1613 3131 1664 3175 et
1713 3123 1783 3179 Μ.
1837 3123 2049 3180 Licinio
2076 3157 2122 3217 ο
2155 3131 2288 3184 etc.,
2321 3122 2547 3178 omnino
2578 3104 2887 3193 perperam.
2938 3127 3152 3184 Videsis
3186 3127 3521 3186 Pontacum.
3554 3132 3615 3186 In
3639 3148 3748 3186 uno

468 3189 666 3217 l‘-..-...
711 3211 828 3217 ---..-
889 3199 934 3217 ε..
1074 3201 1106 3217 ιο
1249 3206 1260 3217 .
1395 3207 1432 3217 ..
1471 3207 1482 3217 .
1510 3209 1521 3217 .
1634 3211 1650 3217 -
1690 3213 1700 3217 -
1945 3216 1950 3217 ,
2283 3213 2292 3217 -
2336 3212 2364 3217 __
2437 3213 2469 3217 __

465 3189 670 3248 Crasso
705 3211 849 3251 coss.
889 3199 1206 3256 incendium
1247 3206 1350 3259 hoc
1395 3207 1556 3264 Urbis
1630 3211 1798 3267 fuisse
1839 3216 2047 3270 excita-

469 3297 606 3348 tum,
649 3291 904 3361 colligere
959 3305 1130 3351 estex
1178 3297 1385 3369 Tacito,
1421 3302 1706 3371 Suetonio,
1735 3305 2042 3378 Xiphilino,

465 3375 684 3443 Orosio,
727 3380 1013 3450 Eutropio,
1047 3395 1208 3456 atque
1237 3390 1382 3446 aliis.

538 3468 656 3523 Col.
693 3471 819 3526 457.
855 3474 976 3530 Tres
1035 3480 1274 3536 civitates
1335 3483 1516 3556 Cypri.
1601 3488 1658 3543 Si
1697 3491 1912 3557 eodem,
1946 3507 2052 3560 quo

466 3557 754 3628 Laodicea,
798 3580 940 3621 anno
971 3568 1090 3624 dua:
1119 3573 1239 3628 alia:
1274 3575 1438 3634 urbes
1492 3580 1868 3648 conciderunt,
1901 3585 2050 3640 illam

473 3655 660 3725 utique
695 3656 918 3712 Tacitus
947 3659 1145 3719 Annal.
1181 3680 1292 3728 xw,
1325 3683 1448 3735 cap.
1481 3669 1572 3730 27.
1597 3673 1905 3742 prolapsam
1947 3674 2053 3730 Ne—

467 3764 600 3801 rone
631 3763 685 3802 t.v
737 3759 790 3804 et
829 3749 1000 3807 Cosso
1053 3756 1304 3814 Cornelio
1364 3759 1620 3830 Lentulo,
1645 3765 1696 3820 id
1741 3775 1847 3828 est,
1898 3778 2054 3823 sexto

466 3852 556 3894 aut
590 3842 822 3911 septimo
868 3847 1109 3914 ejusdem
1145 3849 1492 3920 imperatoris
1514 3871 1684 3924 anno,
1715 3868 1905 3914 auctor
1932 3873 2051 3917 est:

429 3949 636 4003 .quare
678 3937 920 4005 triennii,
977 3951 1034 3992 ut
1091 3941 1401 4011 minimum,
1465 3959 1746 4015 peccatum
1780 3953 1867 4008 hic
1911 3964 2056 4010 esset

467 4028 950 4084 tuetachronismo.
987 4031 1093 4086 Sed
1126 4034 1406 4104 contigere
1430 4039 1520 4092 alii
1577 4046 1919 4108 postmodum
1949 4057 2056 4101 tre-

470 4134 648 4174 mores
679 4130 834 4175 terrze
869 4138 1092 4191 :neque
1145 4126 1617 4191 verisimilitudine
1678 4145 1850 4198 caret,
1889 4137 2056 4191 fuisse

466 4213 536 4266 ab
571 4221 791 4268 auctore
826 4227 1014 4270 nostro
1059 4218 1112 4271 in
1150 4219 1399 4276 eamdem
1441 4223 1684 4280 historia:
1728 4230 2052 4283 memoriam

466 4303 762 4373 conjectos.
788 4307 897 4362 Aut
913 4320 1056 4363 certe
1077 4310 1234 4375 alios,
1257 4323 1417 4383 atque
1436 4313 1681 4382 Tacitus,
1697 4319 2058 4391 chronologos

466 4409 687 4454 secutus
703 4411 804 4456 est.
829 4402 1188 4464 Orosius,lib.
1207 4421 1303 4472 vn,
1323 4422 1442 4475 cap.
1465 4412 1514 4470 7,
1537 4411 1724 4466 eadem
1758 4412 1870 4468 haec
1897 4416 2055 4470 verba

2154 3213 2293 3280 apud
2331 3212 2540 3280 Scalige
2554 3230 2673 3269 rum
2705 3231 2807 3271 ius.
2852 3217 2968 3286 ipsa
2998 3217 3163 3272 etiam
3191 3219 3300 3273 duo
3324 3222 3490 3276 verba
3534 3240 3640 3276 non
3670 3232 3750 3278 est

2153 3317 2276 3359 acta
2331 3307 2728 3362 desiderantur.
2785 3308 2917 3364 Rem
2977 3310 3150 3379 ipsam
3186 3314 3337 3380 quod
3391 3324 3626 3383 spectat,
3679 3331 3744 3372 es

2153 3395 2484 3468 Olympiaca:
2525 3399 2811 3469 pauegyris
2846 3399 2900 3453 in
2935 3409 3256 3469 sequentem
3283 3417 3490 3457 annum
3521 3405 3744 3458 dilatio-

2155 3503 2249 3553 ne,
2308 3487 2674 3558 Olympiadem
2727 3491 2967 3547 calculos
3023 3493 3273 3547 nonnulli
3328 3509 3476 3549 anno
3525 3495 3746 3565 integro

2157 3580 2520 3634 retardarunt.
2560 3580 2769 3637 Caetera
2790 3583 3047 3638 videndus
3086 3582 3459 3640 Philostratus
3483 3586 3541 3640 in
3562 3588 3739 3656 Apol-

2158 3672 2287 3726 lonii
2329 3672 2472 3727 Vita.

2228 3765 2348 3819 Col.
2385 3767 2511 3821 454.
2564 3766 2694 3822 Dure
2741 3775 2946 3821 tantum
2987 3769 3295 3836 provincia.
3351 3767 3739 3839 Hieronymus,

2158 3859 2303 3920 quod
2339 3868 2394 3911 et
2428 3858 2706 3926 Scaligero
2743 3867 2988 3912 notatum
3023 3866 3128 3921 est,
3161 3858 3280 3913 inec
3325 3861 3550 3930 accepit
3579 3863 3744 3916 verba

2161 3959 2320 4003 tenus
2355 3950 2422 4002 ab
2457 3948 2717 4018 Eutropio
2753 3949 2992 4004 Breviar.
3045 3951 3143 4004 lib.
3197 3967 3293 4018 Vit,
3329 3969 3454 4023 cap.
3498 3955 3567 4008 14
3602 3972 3616 4006 :
3655 3955 3744 4008 hic

2159 4055 2338 4096 autem
2374 4058 2403 4095 a
2437 4041 2702 4095 Suetonio
2732 4057 2851 4111 cap.
2886 4040 2974 4096 l8.
3006 4040 3254 4096 Videuda
3297 4060 3421 4112 qua:
3448 4045 3499 4098 in
3533 4047 3739 4101 utrius-

2160 4148 2266 4198 que
2297 4131 2549 4185 aucturis
2589 4132 2709 4184 loca
2767 4131 2914 4185 ducti
2979 4133 3310 4202 interpretes
3356 4135 3738 4190 observarunt.

2164 4224 2457 4289 Eutropius
2493 4223 2621 4276 Duo:
2653 4234 2825 4277 tanien
2855 4239 2952 4292 pro
2985 4222 3117 4277 Dua'
3154 4235 3368 4279 tantum
3408 4227 3594 4291 habet,
3620 4243 3741 4297 qua:

2162 4317 2338 4369 verior
2379 4318 2564 4382 utique
2604 4317 2766 4370 lectio
2801 4327 2922 4376 est:
2967 4315 3372 4372 Polemoniacus
3411 4321 3462 4372 in
3493 4322 3741 4388 quibus-

2164 4410 2285 4457 dam
2343 4405 2532 4468 libris,
2599 4415 2735 4459 teste
2793 4404 3275 4475 Schurzlleischin,
3336 4408 3737 4464 Patrimonium

468 4491 566 4546 abs
598 4492 928 4566 Hieronymo
943 4494 1254 4562 descripsit.
1284 4498 1387 4554 Pro
1414 4500 1646 4556 Calussa:
1672 4504 1890 4573 quidam
1924 4523 2053 4562 mss.

2164 4501 2438 4561 corrupte,
2481 4502 2538 4545 ut
2575 4503 2627 4545 et
2658 4509 2826 4562 penes
2876 4493 3118 4547 Miraaum
3163 4493 3466 4551 Palemicus
3521 4500 3736 4568 legitur.

467 4581 718 4638 Culassw.
745 4585 950 4653 legunt,
973 4589 1116 4653 quod
1144 4589 1306 4645 habet
1325 4608 1477 4660 :eque
1515 4595 1676 4656 bene.
1701 4605 1762 4650 ut
1780 4607 1861 4650 est
1880 4598 2056 4652 Scali-

469 4674 598 4743 gero
609 4684 662 4728 et
679 4675 717 4729 S
753 4671 1129 4736 litirzﬂciscliio
1148 4685 1602 4752 multisexetnplis
1619 4689 2056 4757 comprobatum.

541 4760 642 4826 Qui
672 4764 869 4822 Albino
921 4768 972 4824 in
1022 4769 1222 4828 ludam:
1258 4773 1584 4846 ὲπιτροπεὶᾳ
1619 4781 1906 4842 successit,
1948 4798 2054 4836 non

425 4905 430 4910 .
469 4856 696 4923 Cestius,
718 4863 811 4916 sed
852 4861 1062 4918 Cassius
1093 4863 1293 4921 Florus
1321 4869 1720 4937 appellabatur.
1773 4872 1902 4927 Inde
1953 4889 2056 4928 au-

472 4961 577 5002 tem
612 4951 838 5009 fortasse
863 4967 1021 5012 ortus
1055 4968 1137 5015 est
1173 4975 1348 5025 error,
1379 4961 1522 5029 quod
1551 4962 1739 5015 eodem
1785 4964 1887 5019 hoc
1912 4981 2055 5022 anno

469 5039 530 5096 C.
561 5041 774 5099 Cestius
802 5045 988 5103 Gallus
1013 5049 1342 5107 Camerinus
1369 5051 1570 5106 missus
1605 5063 1690 5107 est
1720 5055 1890 5126 Syriae
1917 5075 2054 5126 prte-

471 5152 582 5193 ses.
620 5136 866 5209 Scaliger
899 5141 1064 5197 Cestii
1101 5160 1300 5198 nomen
1344 5147 1734 5212 praetermittit,
1787 5147 2056 5206 Pontacus

423 5275 425 5278 .
474 5239 656 5296 utpote
703 5229 805 5283 alia
839 5245 999 5286 manu
1034 5231 1332 5288 instrusum
1361 5234 1548 5288 italico
1581 5237 1898 5293 charactere
1939 5239 2054 5294 dis—

475 5323 728 5387 tinxerat,
759 5323 852 5378 sed
869 5332 952 5375 est
973 5324 1134 5378 etiam
1171 5327 1444 5382 inGra'cis
1467 5328 1721 5392 Κέστιος.
1750 5329 1887 5384 Cum
1919 5330 2055 5386 Sca-

473 5415 640 5485 ligero
670 5425 848 5468 autem
904 5415 1145 5484 Optimus
1189 5435 1406 5488 quoque
1453 5421 1576 5476 cod.
1611 5420 1874 5477 Lucensis
1905 5423 2054 5479 facit.

542 5505 659 5561 Col.
685 5507 811 5563 454.
845 5507 1040 5560 Junius
1076 5509 1274 5563 Gallio.
1309 5512 1462 5580 Apud
1501 5511 1835 5583 Scaligerum
1863 5516 2058 5570 Junius

476 5596 654 5651 Gatlia
686 5608 894 5652 tantum
923 5608 1027 5664 est,
1057 5599 1268 5665 Animi,
1304 5603 1450 5671 quod
1489 5604 1610 5657 libri
1659 5605 1750 5659 alii
1797 5607 2055 5675 retinent,

477 5705 698 5744 nomine
729 5692 1142 5760 prwtcrmisso:
1178 5701 1340 5763 atque
1369 5693 1422 5748 id
1469 5696 1688 5763 quidem
1741 5702 1966 5764 rectius,
2005 5710 2060 5754 ut

478 5785 693 5839 videtur
723 5801 739 5856 ς
771 5788 919 5855 prius
943 5788 1086 5842 enim
1135 5787 1222 5844 hic
1265 5787 1487 5844 Seneca:
1527 5788 1693 5844 frater
1725 5789 1787 5846 L.
1821 5795 2059 5848 Aunzeus

2164 4585 2311 4639 Ideni
2342 4586 2549 4638 consuli
2579 4585 2734 4651 juhct
2763 4585 2848 4640 .Io.
2883 4585 3128 4639 Malalatn
3163 4586 3592 4659 Cltrnnograph.
3619 4607 3736 4661 pag.

2159 4679 2286 4744 352,
2335 4687 2388 4732 et
2434 4679 2770 4747 Stephanum
2823 4679 2874 4731 iu
2927 4678 3228 4734 ΠΟΝΤΟΣ.
3282 4681 3480 4735 Cottize
3521 4698 3734 4752 quoque

2157 4773 2318 4840 Alpes
2376 4772 2513 4825 male
2555 4771 2610 4824 in
2663 4771 2788 4826 aliis
2841 4771 3125 4828 codicibus
3182 4771 3412 4838 Cautius,
3447 4783 3503 4830 et
3545 4775 3730 4831 Coctia

2160 4872 2576 4933 nuncupantur.

2227 4958 2344 5013 (Iul.
2379 4959 2504 5014 455.
2544 4959 2688 5014 Nero
2723 4962 2776 5015 in
2804 4959 3160 5032 'Olympiade.
3200 4939 3464 5032 Spectant
3513 4964 3627 5017 haec
3672 4962 3732 5017 ad

2161 5069 2454 5108 numerum
2485 5064 2830 5125 sequentem,
2858 5055 3105 5124 ad'qucm
3139 5056 3292 5124 plura
3326 5056 3559 5112 dicenda
3591 5064 3728 5110 sunt.

2228 5150 2346 5204 Col.
2404 5149 2533 5205 455.
2588 5149 2822 5203 Rursum
2871 5147 3038 5202 Nero.
3097 5148 3452 5216 Subjungunt
3510 5149 3720 5218 quidam

2153 5251 2290 5297 mss.
2322 5242 2464 5309 apud
2515 5241 2850 5310 Setiligerum
2897 5248 2953 5293 et
2988 5238 3510 5295 Schurzlleischium
3574 5241 3727 5294 verba

2159 5334 2299 5388 illa:
2342 5332 2572 5398 Quidam
2624 5335 2826 5388 codices
2874 5333 3090 5395 habent,
3141 5334 3280 5402 quod
3332 5333 3432 5386 ΞΗ
3484 5333 3725 5402 Olympias

2158 5437 2280 5480 acta
2309 5442 2410 5478 non
2434 5433 2529 5488 est,
2565 5421 2776 5478 Nerone
2796 5424 2848 5476 in
2875 5439 3025 5476 suam
3048 5423 3386 5492 prwscntiam
3411 5425 3664 5494 diﬁ'erente
3689 5436 3706 5473 :

2160 5533 2267 5572 non
2307 5518 2532 5572 dubium
2566 5518 2696 5588 quin
2728 5517 2796 5572 ab
2825 5515 2999 5570 sciolo
3031 5517 3336 5586 glossatore
3375 5515 3592 5571 infarta.
3626 5512 3719 5567 Ve-

2167 5626 2288 5665 rum
2322 5612 2428 5665 huc
2464 5610 2594 5665 illud
2650 5607 2998 5663 referendum
3054 5607 3305 5673 videtur,
3342 5609 3484 5676 quod
3535 5620 3717 5676 praue—

2161 5703 2312 5759 denti
2365 5701 2612 5772 proxime
2657 5716 2802 5757 anno
2845 5699 3114 5756 Eusebius
3149 5701 3246 5766 ait,
3294 5700 3436 5754 Nero
3482 5701 3536 5753 in
3567 5700 3715 5768 οιςιις

2161 5772 2320 5864 piade
2375 5803 2682 5859 coronatur,
2731 5803 2874 5858 etc.;
2929 5790 3205 5863 signiﬁcat
3248 5793 3392 5847 enim
3427 5789 3561 5862 quod
3605 5803 3711 5842 non
