3974 6192
446 307 584 384 1059

1716 308 2115 390 VALLABSH
2149 282 2388 368 Nom.

3563 307 3712 372 1060

443 423 636 484 Critic.
679 425 1014 494 Chronolog.
1068 423 1122 478 in
1161 423 1299 477 -Vita
1334 421 1478 476 Liui.
1508 419 1621 475 Hoc
1673 417 1838 476 senSn
1874 420 2021 474 acci-
2049 425 2098 485 Α
2127 433 2248 472 cum
2276 419 2516 488 quidem,
2549 423 2608 469 ut
2642 415 2973 495 atgntiicare
3024 417 3240 473 videtur
3293 417 3571 476 Eusebius
3599 425 3706 484 tibi

446 520 675 587 piendus
706 527 789 572 est
815 519 976 571 etiam
1011 514 1378 584 Epiphanius,
1412 513 1504 583 qui
1535 513 1812 567 duodecim
1847 527 2018 565 annos

445 608 566 677 ejus
618 607 1084 662 administrationi
1112 601 1320 671 tribuit,
1363 615 1417 659 et
1439 603 1763 659 Bucheriani
1790 601 2021 672 catalogi

447 708 660 762 auctor,
703 701 794 766 qui
826 713 1040 753 menses
1077 707 1336 768 praeterea
1369 707 1626 767 quatuor,
1657 705 1712 750 et
1733 694 1852 750 dies
1886 695 2022 748 duo-

447 787 622 839 decim
664 788 838 850 addit,
890 788 1126 857 denique
1156 786 1384 856 catalogi
1432 785 1547 849 alii,
1580 785 1671 856 qui
1700 784 1923 855 pr0pius
1953 778 2021 838 ad

450 877 668 930 Etlsebii
698 877 965 940 calculos,
1007 891 1184 931 annos
1218 875 1502 940 undecim,
1556 885 1773 930 menses
1802 883 1934 935 tres.
1967 879 2025 928 et

447 968 562 1022 dies
591 967 880 1026 duodecim
919 976 1243 1039 supputant.
1282 967 1388 1022 Sed
1421 981 1543 1021 cum
1582 967 1774 1021 horum
1803 965 2023 1018 initium

448 1058 518 1113 ab
544 1059 645 1113 hoc
679 1060 795 1114 loco
835 1059 1105 1114 Eusebius
1153 1068 1386 1128 repetat,
1423 1057 1697 1126 ducatque
1736 1057 2025 1112 continen-

449 1157 534 1204 ter
583 1151 646 1204 ad
689 1150 1082 1220 octogesimum
1115 1165 1284 1218 usque
1315 1151 1550 1220 primum
1577 1147 1804 1212 Christi,
1840 1147 2024 1202 faten-

451 1243 580 1296 dum
627 1252 711 1297 est
771 1254 1072 1312 temporum
1114 1252 1278 1312 atque
1339 1241 1581 1295 historia:
1633 1239 1831 1295 seriem
1899 1252 2028 1308 per-

453 1334 691 1388 turbarL

528 1428 648 1482 Col.
671 1427 795 1482 455.
826 1423 959 1481 Post
986 1425 1245 1480 Neronem
1271 1423 1470 1479 Galba.
1502 1427 1548 1479 A
1577 1424 1809 1481 Neronis
1831 1432 2024 1488 morte,

451 1535 617 1591 qttam
651 1520 757 1574 sibi
788 1520 901 1586 ipse
938 1519 1204 1573 conscivit
1237 1519 1324 1573 die
1356 1517 1388 1572 9
1414 1517 1585 1582 Junii,
1611 1519 1676 1573 ad
1703 1515 2026 1584 Vespasiani

455 1611 744 1679 imperium
789 1609 953 1680 (quod
991 1610 1176 1678 utique
1223 1608 1386 1662 velim
1417 1609 1486 1662 ab
1513 1606 1696 1662 Idibus
1719 1607 1877 1663 Juliis
1907 1609 2035 1662 sult-

455 1701 736 1771 sequentis
771 1701 901 1754 anni
943 1711 1213 1769 repetere,
1243 1713 1366 1751 cum
1401 1699 1691 1752 advivente
1739 1698 1882 1750 inter
1911 1711 2032 1750 cra-

2125 509 2271 564 enim
2313 507 2605 563 Othoniani
2639 507 2740 562 fusi
2781 507 2957 578 Sunt).
2986 508 3078 564 sed
3117 508 3400 574 Brixellis,
3431 527 3544 581 quo
3581 513 3709 568 loco

2127 601 2244 672 ipse
2283 600 2422 655 Otho
2453 598 2794 663 substiterat,
2812 599 2988 675 deque
3015 613 3238 655 suorum
3270 601 3428 656 clade
3444 605 3707 658 nuntium

2125 692 2358 751 accepit.
2416 699 2476 746 ut
2514 699 2730 746 constat
2777 706 2842 746 ex
2880 690 3116 763 Josepho
3165 693 3234 747 de
3290 693 3446 748 Bello
3502 695 3596 749 lib.
3631 712 3710 758 iv,

2127 798 2247 853 cap.
2285 782 2338 838 9.
2371 773 2694 839 Bebriacum
2737 771 2921 838 autem
2971 783 3117 854 quod
3147 793 3384 850 spectat,
3417 787 3572 840 ‘varie
3613 802 3714 840 no-

2129 889 2254 929 men
2292 875 2395 928 hoc
2427 875 2690 952 scribitur
2717 860 2858 944 apud
2881 883 3132 945 auctores
3169 876 3220 929 in
3254 877 3500 945 antiquis
3525 879 3712 933 libris.

2132 956 2289 1037 Apud
2317 959 2565 1021 Tacitum
2583 958 2925 1020 ’Bedriacum
2958 967 3189 1033 obtinet,
3217 978 3280 1022 ut
3311 978 3366 1024 et
3393 967 3540 1040 apud
3578 969 3717 1024 Flo-

2132 1074 2274 1124 rum,
2305 1074 2400 1129 pro
2430 1057 2713 1123 Bebriaco,
2752 1056 2900 1134 quod
2942 1058 3063 1113 alia:
3112 1059 3387 1116 editiones
3430 1060 3719 1126 ferebant,

2131 1159 2294 1220 atque
2312 1149 2538 1204 Orosius
2556 1148 2708 1220 legit.
2730 1148 3058 1206 Plutarchus
3081 1160 3135 1205 et
3159 1150 3433 1221 .Iosephus
3467 1151 3720 1222 Βηδρι-τι-

2137 1242 2232 1298 xcv
2270 1241 2588 1312 praeferunt,
2620 1256 2935 1312 quanquam
2965 1251 3084 1318 erat
3106 1244 3246 1312 apud
3287 1243 3434 1298 hunc
3460 1245 3518 1298 in
3548 1253 3721 1298 antea

2130 1331 2298 1388 editis
2327 1327 2505 1394 libris,
2541 1326 2891 1408 Φριγδιακὶν,
2924 1341 2980 1387 et
2994 1333 3321 1403 Φηγδιακδν,
3348 1343 3403 1388 et
3433 1333 3724 1391 referente

2134 1421 2433 1491 Scaligero,
2475 1423 2836 1492 Βρηγδιακόν.
2869 1422 3015 1478 Idem
3064 1439 3232 1494 porro
3282 1425 3526 1498 Scaliger
3579 1423 3728 1496 legit

2135 1515 2224 1570 hic
2269 1513 2592 1582 Vetriacum,
2621 1515 2716 1572 sed
2748 1525 2804 1571 et
2853 1516 2907 1569 in
2942 1530 3052 1570 uno
3085 1532 3194 1572 ms.
3231 1515 3523 1572 Hetiacnm
3559 1518 3732 1574 inve-

2134 1607 2237 1672 nit,
2274 1607 2419 1677 quod
2477 1608 2614 1663 nihil
2669 1607 2834 1663 habet
2881 1608 3224 1678 cognationis
3280 1624 3406 1665 cum
3461 1611 3730 1680 superio-

2136 1697 2314 1754 ribus.
2353 1699 2629 1770 Religiose
2665 1701 2764 1756 has
2800 1700 3068 1770 persecuti
3108 1716 3302 1757 sumus
3355 1703 3732 1774 ποικιλογρειέ

455 1795 613 1865 pulas
636 1805 692 1848 et
725 1792 978 1847 libidines
1013 1789 1254 1856 Vitellio,
1287 1789 1379 1844 ille
1400 1789 1468 1842 ah
1500 1789 1716 1859 Aigypti
1760 1787 2039 1858 praefecto,
2076 1789 2121 1845 Β
2149 1785 2300 1856 φίας,
2329 1788 2475 1857 quod
2512 1787 2686 1844 fuisse
2717 1789 2893 1844 vicum
2923 1790 3241 1847 buneinter
3273 1789 3548 1847 Veronam
3581 1793 3730 1848 Cre-

457 1891 623 1952 atque
679 1884 934 1934 universa
968 1879 1143 1950 Syria,
1183 1888 1296 1933 tum
1344 1893 1375 1932 a
1403 1878 1625 1933 Graeciae
1658 1887 1818 1946 atque
1841 1875 2040 1948 Illyrici

455 1972 786 2028 exercitibus
818 1971 1113 2039 imperator
1165 1971 1500 2025 acclamatus
1522 1973 1627 2037 est)
1677 1970 1805 2022 anni
1843 1967 2040 2038 integri

457 2063 693 2132 spatium
730 2061 1017 2130 inter-jacet
1054 2077 1069 2112 :
1111 2067 1170 2116 ut
1203 2061 1341 2115 alios
1370 2070 1706 2128 praeteream,
1743 2059 1835 2129 qui
1889 2074 1918 2114 a
1953 2059 2044 2114 Vi-

460 2154 593 2210 tellii
629 2169 783 2220 nece,
811 2169 930 2223 quae
981 2161 1217 2206 exeunte
1247 2166 1416 2218 anno,
1453 2151 1568 2206 sive
1607 2151 1752 2206 circa
1797 2151 1866 2204 20
1898 2150 2042 2206 diem

465 2245 784 2300 Decembris
814 2244 1069 2312 contigit,
1108 2241 1434 2312 Vespasiani
1472 2243 1625 2296 initia
1667 2242 2041 2310 auspicantur.

461 2337 656 2392 Mirum
696 2351 832 2391 aueo
877 2350 999 2401 qum
1057 2345 1209 2389 tanto
1247 2335 1512 2404 temporis
1567 2333 1858 2389 intervallo
1890 2345 2044 2402 gesta

459 2429 839 2491 continentur,
880 2427 948 2482 ab
979 2426 1218 2481 Eusebio
1251 2427 1302 2480 in
1336 2427 1591 2480 eumdem
1627 2440 1736 2495 quo
1793 2435 2045 2480 mortuus

460 2531 546 2578 est
575 2519 740 2585 Nero,
766 2534 969 2573 annum
992 2518 1232 2574 conferri
1251 2529 1306 2572 et
1330 2517 1640 2587 comparari
1669 2518 1892 2587 quidem
1919 2526 2044 2572 cum

462 2613 655 2670 eodem
688 2613 760 2667 24
813 2628 848 2669 e.
871 2609 1186 2666 Iudaeorum
1223 2609 1512 2672 laterculo,
1561 2617 1621 2664 ut
1673 2610 1809 2664 nihil
1845 2609 1912 2664 de
1942 2609 2046 2665 'illo

466 2705 646 2761 dicam
676 2718 948 2758 annorum
983 2701 1221 2767 Domini,
1243 2702 1338 2770 qui
1366 2711 1550 2771 postea
1577 2701 1646 2756 ab
1670 2701 1849 2756 aliena
1881 2716 2045 2756 manu

468 2797 748 2853 accessit:
785 2797 1043 2864 denique,
1078 2795 1224 2864 quod
1263 2794 1340 2848 rei
1374 2801 1541 2864 caput
1577 2805 1678 2859 est,
1722 2793 2050 2865 Olympiadis

465 2881 570 2942 2H
611 2885 907 2943 terminum
947 2899 1056 2940 tam
1084 2885 1299 2954 longius
1329 2885 1595 2953 protrahi,
1621 2894 1681 2938 ut
1715 2899 1861 2939 anno
1887 2894 1942 2940 et
1968 2885 2054 2940 di-

468 2978 637 3033 midio
670 2993 834 3045 supra
900 2977 1140 3046 reliquas
1169 2984 1402 3042 constet,
1427 2975 1471 3030 si
1508 2982 1812 3046 temporum
1854 2991 1974 3046 qua:
1995 2976 2052 3032 in

470 3071 704 3126 historia
753 3077 1037 3131 notantur,
1104 3068 1378 3122 rationem
1427 3067 1649 3124 habeas.
1682 3067 1821 3122 Num
1859 3082 1927 3122 ex
1962 3083 2050 3136 eo,

2145 1893 2476 1949 monamque
2505 1881 2691 1947 situm,
2723 1879 2951 1936 Tacitus
2994 1879 3135 1936 Hist.
3185 1881 3284 1937 lib.
3336 1897 3400 1949 ιι,
3447 1897 3573 1952 cap.
3631 1882 3731 1947 2‘5,

2144 1970 2350 2028 scribat
2384 1990 2396 2026 :
2442 1973 2801 2044 quamobrem
2832 1984 2890 2030 et
2918 1973 3106 2030 Victor
3128 1973 3305 2030 Shotti
3330 1973 3605 2030 Othonem
3638 1975 3733 2027 di-

2142 2063 2218 2120 cit
2260 2064 2544 2120 Veronensi
2575 2065 2762 2136 praelia
2809 2066 3025 2136 pulsum
3073 2081 3212 2121 esse.
3253 2063 3445 2131 Hodie,
3500 2065 3736 2134 jamque

2147 2156 2240 2212 diu
2275 2155 2406 2211 olim
2445 2157 2660 2210 nullum
2698 2165 2881 2212 exstat
2913 2146 3014 2212 vici
3049 2156 3166 2227 eius
3196 2164 3249 2211 et
3282 2155 3522 2210 neminis
3556 2156 3734 2209 vesti«

2147 2250 2295 2322 gium
2328 2249 2474 2318 apud
2515 2264 2654 2304 nos:
2688 2264 2850 2320 quem
2901 2264 3079 2317 neque
3114 2249 3172 2303 in
3198 2233 3610 2303 Veronensium
3645 2248 3739 2302 di-

2152 2341 2298 2396 tione
2353 2350 2517 2410 atque
2549 2355 2682 2410 agro
2730 2341 3006 2396 exstitisse
3036 2354 3279 2409 unquam
3311 2339 3601 2401 existimo,
3637 2337 3740 2394 sed

2147 2434 2338 2498 fuisse,
2397 2443 2458 2488 ut
2521 2433 2850 2488 Plutarchus
2914 2432 3033 2495 ait,
3081 2431 3312 2502 πλησίον
3371 2430 3687 2501 Κρεμώνης
3723 2448 3740 2483 :

2149 2521 2424 2578 Cremona:
2475 2525 2819 2593 proximum;
2859 2539 2983 2578 nam
3041 2533 3095 2578 et
3155 2522 3294 2594 πρὸς
3341 2525 3410 2592 τῇ
3443 2522 3740 2593 Κρεμῶνι,

2149 2611 2218 2665 ad
2247 2611 2558 2666 Cremonam
2591 2613 2933 2678 dimicatum,
2959 2615 3057 2668 Dio
3089 2623 3342 2669 testatur.
3373 2611 3516 2669 Vere
3548 2625 3744 2670 tamen

2150 2703 2350 2758 dixerit
2381 2705 2543 2758 situm
2593 2707 2732 2758 inter
2761 2703 3017 2758 Veronam
3045 2703 3466 2778 Cremonamque
3487 2705 3746 2772 Tacitus,»

2154 2794 2298 2863 quod
2334 2794 2387 2847 in
2431 2797 2514 2848 via
2540 2795 2814 2849 Postumia
2837 2806 2981 2850 esset
3009 2812 3039 2850 a
3061 2784 3273 2851 Verona
3292 2799 3358 2851 ad
3377 2798 3746 2860 Cremonam,

2154 2895 2335 2953 deque
2362 2885 2411 2939 ei
2440 2887 2541 2939 via:
2571 2887 2692 2940 alia:
2721 2887 2886 2940 urbes
2916 2887 3236 2950 insiderent,
3269 2889 3334 2942 ad
3360 2903 3595 2957 quarum
3628 2893 3747 2943 ter;

2158 2977 2341 3032 minos
2393 2975 2640 3032 Bebriaci
2675 2978 2839 3033 situm
2877 2973 3069 3032 referri
3118 2980 3465 3035 commodius
3506 2989 3744 3049 posset:

2161 3081 2282 3122 cum
2310 3066 2502 3137 primis
2531 3069 2676 3122 enim
2707 3068 2971 3124 rationem
3001 3068 3101 3124 vite
3123 3070 3338 3136 habuit,
3369 3073 3747 3140 quemadmo—

472 3160 620 3230 quod
659 3159 798 3213 hanc
829 3157 1192 3229 Olympiadem
1244 3157 1364 3212 loco
1402 3157 1632 3211 moverit
1677 3155 1842 3223 Nero,
1876 3157 2053 3211 distu-
2082 3129 2126 3188 θ
2158 3160 2288 3214 dum
2321 3172 2377 3214 et
2398 3158 2601 3225 Victor,
2625 3161 2715 3229 qui
2744 3159 2892 3215 recte
2929 3162 3069 3216 adeo
3107 3129 3403 3217 Veronense
3436 3163 3574 3218 illud
3594 3179 3750 3222 pra:-

479 3251 717 3322 leritque
756 3251 810 3304 in
847 3264 1050 3302 annum
1093 3259 1432 3318 sequentem,
1458 3248 1751 3302 retardarit
1786 3247 2054 3304 Eusebius

479 3338 647 3413 (quod
680 3339 927 3394 nonnulli
956 3339 1178 3410 quidem
1213 3338 1442 3407 faciunt)
1469 3339 1924 3407 subsequentium
1953 3336 2056 3390 ini-

478 3432 591 3489 tia?
627 3443 776 3487 certe
825 3448 933 3486 non
989 3433 1187 3501 primo,
1227 3439 1289 3484 ut
1315 3430 1430 3496 ille,
1477 3429 1575 3485 sed
1605 3430 1849 3486 secundo
1882 3430 2060 3500 olym-

481 3525 658 3596 piadis
711 3525 840 3590 2l2,
889 3522 1214 3592 Vespasiani
1264 3522 1551 3592 imperium
1604 3529 1857 3591 repetunt
1899 3523 2059 3592 vulgo

485 3618 582 3672 [itii
619 3617 1104 3687 chronologorum.
1131 3615 1396 3670 Facerem
1438 3624 1713 3684 utcunque
1763 3615 1898 3670 satis
1961 3616 2063 3669 ob-

479 3710 815 3783 jectionibus
839 3711 989 3763 hisce
1021 3706 1278 3762 omnibus
1308 3707 1640 3761 vetustiores
1672 3707 1918 3774 quaedam
1949 3704 2064 3774 edi-

489 3804 688 3868 tiones,
731 3803 783 3856 in
819 3800 1017 3870 quibus
1041 3799 1109 3853 ab
1137 3799 1243 3852 hoc
1269 3798 1394 3852 loco
1423 3796 1693 3868 Olympias
1718 3795 1806 3850 illa
1827 3795 1934 3850 212
1961 3796 2065 3870 ἰιιίτ

487 3893 620 3948 tium
645 3869 850 3956 sumit,
866 3901 920 3945 et
949 3905 1073 3946 cum
1107 3891 1286 3960 primo
1335 3887 1676 3958 Vespasiani,
1714 3902 1822 3942 non
1869 3887 1940 3941 25
1967 3869 2065 3941 ιιιί

487 3986 727 4040 datorum
751 3983 1025 4045 laterculi,
1052 3982 1147 4037 sed
1165 3980 1431 4034 263nuus
1459 3977 1824 4034 connectitur.
1867 3978 2066 4032 Verum

488 4080 628 4134 alias
661 4079 765 4132 illa;
818 4077 872 4130 in
907 4072 1379 4143 subsequentibus
1431 4081 1697 4142 peccant;
1761 4083 1863 4125 nec
1925 4070 2065 4134 scio,-

491 4185 621 4224 num
653 4170 725 4222 sit
750 4165 1017 4236 ejusmodi
1054 4160 1359 4219 recensioui
1393 4163 1531 4218 ﬁdes
1576 4162 1914 4223 adhibenda,
1940 4175 2066 4215 cum

493 4263 610 4333 pari
643 4275 838 4315 omnes
892 4273 1165 4314 consensu
1200 4259 1439 4323 obstent,
1490 4255 1690 4324 quibus
1740 4255 1946 4309 utimur
1975 4270 2072 4308 an-

495 4353 630 4422 tiqui
689 4367 824 4406 mss.
874 4351 1024 4415 libri,
1086 4348 1436 4418 Scaligerana
1487 4348 1676 4410 etiam,
1739 4356 1905 4415 atque
1957 4347 2069 4400 hare

2159 3253 2290 3307 litim
2325 3253 2566 3317 vocavit,
2603 3251 2748 3323 quod
2785 3254 3141 3308 commissum
3194 3254 3251 3308 in
3303 3254 3608 3309 Veronensi
3650 3255 3749 3309 via

2159 3343 2346 3398 fuerit.
2394 3342 2708 3409 Cluverius,
2750 3359 2911 3414 quem
2950 3341 3220 3402 Cellarius
3264 3346 3533 3416 sequitur,
3573 3361 3748 3416 supra

2159 3436 2284 3492 Ollii
2337 3447 2498 3505 atque
2519 3437 2690 3492 Clusii
2716 3437 3057 3493 conﬂuentes
3089 3431 3398 3504 constituit,
3422 3453 3532 3508 quo
3559 3435 3748 3495 ferme

2163 3530 2284 3583 luco
2314 3528 2473 3583 hodie
2503 3528 2760 3598 oppidum
2791 3539 2876 3584 est
2906 3527 3129 3584 Caneto.
3167 3527 3323 3595 Quod
3355 3528 3586 3598 probare
3606 3543 3749 3584 cum

2163 3621 2286 3674 aliis
2321 3621 2659 3689 argumentis
2697 3635 2727 3674 e
2759 3618 2935 3675 Taciti
2973 3621 3175 3688 verbis,
3193 3635 3320 3676 cum
3350 3618 3563 3676 Tabula
3595 3619 3745 3674 Pen-'

2167 3711 2440 3789 tingerana
2490 3711 2706 3777 nititur,
2761 3712 2816 3764 in
2867 3711 3002 3780 qua,
3040 3697 3340 3775 Cremona,
3399 3711 3464 3765 de
3509 3709 3750 3766 Loriaco

2165 3799 2346 3863 XXII,
2377 3797 2679 3855 Mantua...
2709 3801 2802 3854 ubi
2835 3802 3112 3867 emendat,
3154 3801 3440 3866 Cremona,
3477 3800 3748 3856 Bedriaco

2165 3891 2342 3947 XXII.
2371 3888 2621 3947 Mantua.
2642 3893 2936 3948 Theodoro
2967 3904 3151 3950 autem
3176 3889 3390 3966 Ry'cbio
3413 3895 3470 3949 in
3489 3892 3748 3949 animad—

2167 3985 2516 4038 versionibus
2545 3986 2612 4038 ad
2641 3983 2916 4050 Tacitum,
2948 3986 3285 4054 probabilior
3329 3984 3550 4040 videtur
3580 3983 3746 4040 Italo-

2169 4091 2311 4140 rum,
2349 4083 2509 4144 qua’ni
2534 4085 2715 4140 vocat,
2747 4076 3055 4144 sententia,
3083 4074 3428 4141 Bedriacum,
3478 4076 3746 4146 oppidum

2168 4165 2360 4220 Binum
2401 4166 2853 4230 existimantium,
2879 4165 2946 4221 ad
2986 4167 3233 4222 eumdem
3271 4165 3474 4222 Ollium
3501 4181 3744 4229 amnem,

2172 4259 2264 4314 sed
2291 4259 2569 4325 aliquanto
2600 4260 2856 4326 superius
2889 4248 3100 4328 iacens.
3135 4256 3386 4328 Cumque
3419 4257 3584 4312 addat
3621 4258 3744 4311 loco

2177 4347 2393 4400 laudato
2425 4345 2669 4411 Tacitus,
2703 4359 2828 4400 eum
2883 4349 3058 4400 vicum
3109 4346 3312 4399 duabus
3342 4345 3459 4414 jam
3490 4344 3748 4399 Romanis

494 4447 740 4501 omnium
768 4443 1190 4514 diligentissima
1219 4441 1534 4496 Pontaccua
1558 4440 1749 4503 editio,
1780 4455 1942 4508 quam
1977 4455 2068 4492 se-
2104 4462 2147 4516 ι)
2173 4438 2414 4492 cladibus
2451 4449 2652 4504 notum,
2689 4439 2852 4491 sentit
2887 4439 3059 4506 ipsum
3088 4453 3285 4493 nomen
3317 4438 3479 4504 Bina,
3510 4454 3618 4508 quo
3645 4440 3744 4491 bo-

577 4555 736 4590 ιιιιιιΓ.

577 4556 588 4590 ι
629 4556 644 4590 ι
722 4576 736 4590 .

495 4556 899 4682 quliiiiii‘Galba
920 4625 1138 4692 septimo
1161 4639 1358 4676 mense.
1390 4623 1433 4674 A
1457 4621 1546 4674 die
1581 4621 1792 4675 scilicet
1830 4619 1896 4673 16
1922 4618 2072 4673 Junii

501 4718 569 4772 ad
612 4717 677 4772 16
707 4716 976 4780 Januarii,
1003 4724 1060 4768 ut
1083 4715 1327 4768 rationes
1370 4713 1473 4766 init
1505 4713 1758 4767 Petavius
1790 4715 1855 4765 de
1890 4713 2072 4766 Doctr.

505 4811 696 4880 Temp.
729 4821 860 4862 tom.
897 4808 963 4873 ll,
999 4808 1088 4860 lib.
1131 4821 1208 4871 xi,
1241 4821 1360 4874 cap.
1403 4804 1490 4859 16.
1523 4803 1751 4859 Occisus
1780 4813 1861 4857 est
1892 4815 2072 4856 autem

503 4901 673 4958 Galba
698 4919 724 4954 a
756 4900 1105 4955 Prmtorianis
1132 4897 1400 4952 militibus
1434 4898 1501 4950 ab
1537 4896 1750 4951 Othone
1774 4896 1838 4949 ad
1875 4897 2074 4948 caedem

507 4995 786 5058 animatis,
825 5005 882 5048 ιιι
914 4993 1259 5052 Plutarchus,
1309 4991 1429 5054 Dio,
1477 4987 1722 5049 Tacitus,
1761 4987 2078 5052 Suetonius,

510 5085 826 5154 Xiphilinus
891 5085 1134 5137 tradunt.

2173 4533 2262 4586 die
2294 4534 2448 4585 locus
2489 4531 2578 4584 i'le
2629 4533 2968 4597 nominatur,
3025 4547 3132 4586 non
3173 4532 3410 4586 Obscure
3441 4533 3581 4585 hanc
3610 4536 3744 4586 seu;

2177 4627 2400 4678 tcutiam
2439 4623 2788 4687 conﬁrmare,
2839 4639 2869 4678 a
2926 4625 3069 4680 binis
3098 4624 3228 4679 olim
3262 4626 3490 4696 praliis,
3540 4626 3737 4696 quibus

2179 4717 2483 4771 identidem
2547 4717 2836 4786 imperium
2899 4717 2964 4772 ad
3029 4719 3197 4772 alium
3257 4719 3580 4775 translatum
3643 4727 3746 4772 est.

2178 4809 2343 4862 Nobis
2407 4812 2519 4861 lucc
2578 4809 2794 4876 quidem
2880 4809 3058 4865 minus
3117 4810 3321 4863 arridet
3381 4811 3749 4880 conjectura:

2178 4902 2386 4955 vidcsis
2419 4905 2600 4954 tamen
2635 4906 2758 4969 qua:
2790 4901 2859 4956 ad
2907 4905 3027 4955 eam
3073 4901 3537 4972 comprobandam
3583 4903 3746 4956 multa

2181 4995 2450 5063 congerit.
2524 4992 2636 5047 Νοέ
2695 4992 2751 5047 in
2811 4993 3248 5064 Antiquitatibus
3320 4993 3524 5049 nostris
3579 4993 3745 5047 Vero-

2185 5087 2469 5152 nensibds,
2520 5091 2641 5154 quae
2683 5077 3000 5140 vicesimum
3028 5087 3140 5154 jam
3173 5096 3495 5153 premuntur
3557 5085 3607 5138 in
3653 5099 3747 5136 an-

585 5179 724 5232 lbid.
753 5174 880 5230 Otho
935 5176 1086 5228 tertio
1121 5173 1264 5244 regni
1299 5173 1404 5227 sui.
1455 5171 1597 5236 Quin
1643 5170 1752 5223 imo
1782 5169 1987 5225 solidos
2012 5169 2084 5225 95
2185 5183 2338 5246 num,
2371 5193 2486 5234 rem
2517 5179 2678 5233 latius
2711 5176 3088 5247 edissc'rimus,
3137 5191 3192 5234 et
3224 5193 3325 5236 acu
3374 5177 3616 5248 tetigisse
3649 5175 3746 5232 visi

519 5270 628 5322 dies
686 5266 984 5332 imperasse
1044 5262 1338 5325 Othonem,
1383 5277 1448 5315 ex
1513 5260 1778 5314 Suetonio
1837 5261 2084 5330 colligas,

520 5374 753 5428 quocum
800 5354 929 5408 facit
965 5353 1309 5421 Theophilus
1335 5353 1400 5406 ad
1431 5353 1755 5423 Autolycum
1785 5352 1882 5406 lib.
1917 5369 1996 5408 tu.
2029 5363 2085 5407 et

523 5452 831 5520 Eutmpius.
871 5448 1126 5502 Proxime
1160 5448 1370 5500 accedit
1393 5444 1691 5516 Iosephus,
1727 5446 1819 5514 qui
1850 5449 1985 5501 duos
2009 5446 2084 5500 illi

521 5549 640 5599 dies
674 5528 836 5612 supra
880 5554 987 5596 tres
1034 5554 1249 5594 mensus
1285 5540 1494 5594 tribuit.
1545 5537 1768 5592 Tacitus
1799 5551 1950 5602 vero,
1987 5536 2092 5592 Zo-

534 5653 694 5692 naras
743 5647 799 5691 et
830 5634 1144 5705 Xiphiliuus
1189 5631 1336 5686 solos
1370 5631 1418 5686 ei
1455 5632 1586 5684 dant
1624 5629 1741 5686 dies
1774 5631 2088 5700 nonaginta.

527 5730 714 5790 intulit
753 5739 932 5785 autem
958 5728 1061 5783 sibi
1090 5740 1282 5782 manus
1310 5722 1476 5789 Otho,
1525 5737 1631 5778 nou
1684 5725 1825 5794 apud
1868 5723 2091 5780 Bebria-

2185 5281 2396 5325 stimus.

2227 5358 2524 5417 'Col.455.
2562 5361 2708 5417 Titus
2733 5359 2928 5415 Judte'a
2977 5368 3151 5431 capta.
3183 5358 3531 5416 Ostendimus
3581 5371 3746 5427 supc~

2192 5454 2308 5509 rius
2339 5454 2406 5507 a‘d
2439 5453 2672 5522 primum
2709 5452 2960 5523 Agrippae
2985 5465 3213 5517 annum,
3237 5465 3360 5521 quae.
3391 5449 3553 5504 fuerit
3582 5448 3746 5501 Euse-

2191 5544 2267 5602 bii
2309 5549 2486 5608 mens,
2520 5552 2580 5597 ut
2609 5558 2731 5599 cum
2763 5540 3228 5612 Jerosolymorum
3259 5541 3472 5597 excidio
3493 5537 3743 5610 Agrippa,

2197 5635 2456 5692 incolumi
2489 5641 2590 5690 suo‘
2618 5624 2805 5707 regno,
2847 5635 2980 5705 quin
3013 5636 3176 5689 etiam
3213 5635 3416 5704 aliquot
3442 5631 3628 5688 deinde
3660 5643 3744 5680 ur-

2203 5729 2347 5784 bium
2379 5729 2696 5784 accessione
2744 5728 3021 5798 ampliato,
3062 5727 3310 5795 pluribus
3355 5723 3508 5780 anuis
3557 5731 3745 5789 supcr-
