3974 6192
217 335 346 402 1061

1474 330 1880 392 VALLARSII
1921 329 2159 394 ΝΟΤιΕ.

3310 329 3446 396 tona

209 453 403 520 fuerit,
445 444 532 510 hic
559 467 683 510 cum
719 452 868 509 urbts
886 455 1069 508 cinere
1094 448 1408 521 sepeliatur,
1439 445 1663 519 peri'nde
1692 457 1773 500 at-
1805 451 1851 508 Α
1879 463 1938 498 τε
1964 445 2109 516 λιμῷ
2142 452 2235 498 καὶ
2262 445 2424 513 ξίφει,
2464 437 2730 516 Iosephus
2762 445 2858 500 lib.
2891 455 2988 512 vn,
3031 461 3155 516 cap.
3179 437 3274 512 26,
3308 459 3360 503 et
3391 465 3459 504 ex

206 563 315 612 que
353 561 457 601 una
486 561 609 600 cum
647 544 1000 617 .Icrosolymis
1025 544 1397 599 occubuisset.
1422 542 1626 612 Nempe
1656 540 1780 610 quia

206 635 518 691 Judzeorum
551 652 734 707 regum
768 639 964 690 seriem
988 644 1282 691 contexere
1308 639 1670 704 proposuerat
1693 647 1782 702 ge-

209 730 444 784 neratim
473 730 573 784 sibi
613 746 626 783 :
669 744 774 782 non
794 740 977 784 autem
1010 736 1227 798 poterat
1259 725 1573 781 Judzeorum
1603 726 1783 780 adhuc

211 835 400 888 regem
439 833 596 887 agere
648 818 906 888 Agrippa,
962 817 1156 872 deletis
1188 817 1548 888 Jerosolymis
1576 855 1594 883 ,
1631 816 1787 886 cujus

215 912 376 966 Urbis
404 926 532 967 casu
560 911 871 967 Iudaeorum
903 924 1122 981 quoque
1155 909 1392 965 deletum
1425 918 1508 964 est
1536 923 1783 979 regnum.

210 1002 345 1068 Quae
372 1003 538 1073 igitur
567 1003 781 1073 prepria
811 1001 888 1056 illi
922 1012 1064 1065 erat,
1121 999 1414 1055 tetrarchia
1445 999 1786 1068 aliarumque

212 1093 437 1148 urbium
474 1091 631 1157 ditio,
667 1093 893 1146 minime
914 1091 981 1145 ad
1019 1090 1182 1160 hujus
1216 1089 1556 1160 propositum
1603 1088 1785 1153 operis

212 1183 586 1253 pertinebant.
621 1180 820 1237 Recole
849 1197 973 1252 quae
1001 1181 1224 1236 uberius
1256 1189 1380 1236 sunt
1412 1194 1578 1249 supra
1621 1193 1791 1249 expo-

212 1275 318 1329 sita
354 1290 370 1330 :
424 1272 672 1344 Scaliger
721 1273 867 1328 enim
901 1272 1214 1343 ἀεροϐατετ,
1272 1280 1324 1327 et
1358 1271 1516 1340 cujus
1561 1270 1789 1325 minime

212 1373 501 1419 assecutus
554 1372 640 1420 est
691 1379 956 1427 sensum,
1025 1362 1322 1418 Auctorem
1379 1361 1666 1416 calumniis
1736 1369 1788 1415 et

214 1450 483 1506 conviciis
533 1451 784 1508 incessit.
825 1450 1038 1507 Videsis
1083 1461 1137 1504 et
1196 1450 1525 1521 Basnagium
1591 1451 1788 1506 iterum

212 1543 359 1599 Hist.
386 1543 699 1599 Judaeorum
733 1544 827 1600 lib.
865 1561 905 1610 l,
945 1560 1066 1613 cap.
1105 1543 1193 1606 15,
1238 1560 1390 1599 ηυιη.
1427 1545 1493 1599 18
1519 1553 1572 1598 et
1595 1559 1753 1614 seqq.

285 1635 425 1691 lbid.
474 1636 769 1691 Antiochia:
815 1637 1073 1690 secundus
1099 1639 1392 1706 episcopus.
1446 1637 1610 1705 Digna
1649 1637 1801 1695 lectu!

215 1727 424 1783 habent
452 1732 518 1784 de
553 1729 885 1784 Patriarchis
936 1730 1295 1783 Antiochenis
1350 1730 1482 1782 Acta
1543 1727 1788 1782 Bolland.

1885 552 1952 593 eo
1985 537 2325 607 Nicephorus
2373 535 2442 589 Η.
2473 538 2535 592 Ε.
2574 538 2667 592 lib.
2708 553 2787 601 ιιι,
2817 553 2935 607 cap.
2968 540 3017 594 '1.
3054 539 3171 593 Mox
3207 541 3297 593 ubi
3325 543 3459 593 dici-

1887 637 1995 694 tur,
2043 631 2105 682 ob
2159 645 2318 698 quam
2347 643 2408 681 ea:
2440 630 2582 681 omni
2631 639 2801 698 gente,
2855 641 2986 694 etc.,
3039 630 3462 699 rescribijnssit

1886 721 2142 775 secundis
2171 719 2317 774 curis
2359 721 2650 784 Pontacus,
2684 723 2744 774 ob
2781 737 2920 792 quur,
2953 731 3009 774 ut
3043 722 3109 776 ad
3141 739 3332 793 azyma
3373 738 3461 776 re-

1887 811 2080 876 ferret,
2138 824 2261 864 cum
2298 811 2469 880 possit
2518 826 2670 880 aeque
2699 811 2838 866 bene
2878 809 3067 866 referri
3112 812 3180 866 ad
3217 829 3459 865 causam.

1888 903 2128 973 Scaliger
2163 905 2250 958 hic
2285 903 2577 972 vitilitigat,
2605 903 2690 957 cui
2742 918 2955 972 oppone
3017 905 3339 974 Basnagium
3395 904 3462 957 1⁵-

1890 997 1989 1052 bro
2028 1013 2066 1063 I,
2100 1012 2223 1066 cap.
2255 995 2338 1050 19.
2391 997 2446 1050 1η
2495 995 2702 1050 dudum
2759 997 2979 1051 laudato
3025 997 3200 1066 primo
3231 993 3461 1051 Palatin.

1889 1105 2053 1143 causa
2083 1088 2401 1157 Azymorum
2432 1087 2598 1154 fuisse
2627 1088 2881 1156 refertur,
2914 1096 2968 1141 et
3021 1103 3146 1142 mox
3186 1099 3307 1142 sunt
3337 1105 3465 1142 con—

1890 1184 2040 1248 clusi,
2069 1191 2363 1251 statimque
2406 1182 2460 1234 in
2496 1182 2678 1236 iisdem
2711 1183 2889 1235 diebus
2921 1179 3086 1236 Pasce
3110 1181 3466 1249 (Schurzllei-

1892 1277 2082 1335 schius
2106 1275 2360 1330 rescribit
2391 1273 2589 1344 Phasc)
2643 1292 2726 1328 eos
2765 1274 3018 1344 inter/iri.
3071 1275 3128 1349 In
3157 1274 3359 1330 Graecis
3385 1285 3471 1330 est

1893 1368 2108 1422 παθεῖν.
2149 1365 2200 1420 id
2230 1375 2338 1430 est,
2379 1366 2562 1437 afﬂigi,
2592 1366 2796 1420 cladem
2829 1366 3025 1430 subire,
3061 1365 3258 1434 hisque
3312 1366 3470 1421 simi-

1891 1459 1980 1526 lia,
2038 1473 2158 1528 quae
2208 1457 2362 1511 initia
2419 1458 2711 1522 malorum,
2747 1467 2802 1512 et
2841 1472 3090 1520 causam,
3138 1472 3244 1510 non
3281 1457 3457 1524 ipsam

1892 1551 2102 1606 halosin
2133 1557 2340 1604 notant.
2388 1551 2724 1620 Exaggerant
2747 1549 2927 1618 itaque
2950 1548 3040 1602 alii
3075 1548 3467 1617 prmtcrhisto-

1896 1645 1989 1698 riae
2019 1646 2328 1710 veritatem,
2370 1653 2535 1712 atque
2563 1641 2785 1695 Eusebii
2821 1647 3081 1705 mentem,
3123 1639 3216 1708 qui
3248 1639 3350 1702 τὰς
3373 1640 3468 1692 τοῦ

1901 1737 2089 1807 Πάσχα
2141 1737 2357 1806 ἡμέρας
2394 1733 2608 1789 excidio
2647 1731 3114 1800 Jerosolymorum
3162 1730 3466 1800 assignant,

218 1830 358 1878 tom.
392 1818 458 1875 IV
493 1819 644 1876 Julii.
676 1821 754 1876 lbi
804 1820 866 1875 Ρ.
925 1819 1193 1875 Boschius
1231 1819 1622 1874 Vallicellanos‘
1663 1830 1796 1878 mss.
1829 1812 1873 1866 Β
1901 1844 2041 1898 quos
2092 1829 2247 1893 inter.
2286 1827 2622 1893 Nicephorus
2675 1823 2816 1878 llist.
2876 1821 3024 1876 Eccl.
3069 1822 3162 1882 lib.
3211 1836 3293 1882 tn,
3335 1836 3384 1876 c.
3412 1822 3469 1876 5.

214 1914 438 1982 optimae
461 1921 604 1968 notae
633 1912 824 1979 libros,
863 1913 917 1966 in
945 1913 1142 1982 quibus
1178 1912 1332 1966 locus
1361 1913 1466 1967 iste
1498 1907 1805 1988 Eusebiani,
1884 1919 2166 1988 smpicius
2197 1933 2411 1987 quoque
2431 1916 2684 1978 Severus,
2710 1915 2798 1984 qui
2820 1911 2926 1976 Ita,
2951 1913 3163 1978 ait,Deo
3193 1912 3470 1981 placitum,

225 2002 490 2060 Chronici
520 2003 679 2074 paulo
706 2004 866 2058 aliter
909 2011 1207 2073 conceptus
1244 2011 1348 2066 est,
1398 2002 1600 2057 laudat.
1634 1999 1807 2057 Plura'
1893 2022 1950 2066 ιιι
1979 2028 2038 2067 eo
2085 2019 2336 2075 tempore,
2375 2025 2475 2072 quo
2513 2005 2801 2062 D'ominum
2832 2006 2974 2059 cruci
3021 2003 3316 2072 aﬂixerant,
3344 2019 3475 2073 gens

215 2100 284 2150 de
325 2095 535 2166 lgnaliO
585 2095 652 2149 ad
705 2095 827 2165 eius
879 2095 1382 2166 marlYI’iiannum.
1425 2093 1631 2150 Chiis“
1664 2090 1790 2157 ΗΟ,
1878 2105 2060 2172 timpia
2084 2101 2428 2156 internecioni
2447 2099 2687 2164 daretur;
2736 2093 3472 2166 deniqueetJoan.,eodem,

213 2182 490 2238 diceltms-
1886 2194 2174 2262 inquiens,
2212 2193 2371 2257 festo,
2404 2205 2514 2260 quo
2553 2187 2832 2244 Christum
2878 2187 3026 2242 cruci
3062 2186 3347 2241 alliserunt
3371 2183 3472 2240 Ju-

291 2271 430 2329 lbid.
476 2272 713 2328 Vitellius
745 2293 777 2329 a
808 2272 1123 2343 Vespasiani
1153 2274 1395 2354 ducibus.
1429 2272 1571 2339 Quin
1602 2281 1655 2326 et
1677 2272 1795 2327 dies

1909 2260 2022 2351 lati,
2067 2286 2126 2337 ἐν
2151 2285 2218 2355 τῇ
2249 2284 2387 2353 αὐτῇ
2412 2282 2574 2352 ἑορτῇ
2612 2280 2816 2342 πάντες
2853 2277 3145 2343 ἁνὼλοντο,
3175 2294 3352 2333 omnes
3379 2294 3473 2349 pe-

211 2365 465 2446 Quinque
499 2381 664 2436 supra
688 2376 813 2420 octo
836 2381 1051 2420 menses
1084 2365 1316 2436 potitum
1363 2365 1594 2433 imperio
1627 2361 1799 2417 Vilel-u

1909 2377 2126 2430 rierunt.
2171 2375 2406 2429 Obsessa
2471 2373 2690 2442 quidem
2748 2373 2877 2426 urbs
2930 2379 3014 2426 est
3073 2371 3312 2426 instante
3358 2372 3471 2443 jam

212 2455 378 2520 lium,
419 2474 483 2511 ex
520 2457 744 2528 Josepbi
780 2452 1114 2523 testimonio,
1139 2472 1204 2512 ac
1250 2473 1431 2512 rerum
1458 2457 1599 2526 apud
1625 2447 1799 2511 bisto-J
1894 2461 2205 2536 :Pasclmte;
2241 2471 2396 2532 capta
2429 2471 2611 2516 autem
2644 2475 2708 2515 ac
2750 2460 2930 2514 diruta
2955 2471 3078 2531 post
3127 2463 3338 2532 aliquot
3377 2464 3475 2518 de-

215 2546 369 2603 ricos
409 2549 648 2618 reliquos
689 2553 855 2612 serie,
911 2550 1026 2604 lere
1075 2559 1415 2619 compertum
1467 2559 1574 2604 est.
1628 2547 1799 2603 Falli-‘

1909 2572 2047 2610 mum
2085 2571 2326 2622 menses,
2349 2555 2490 2620 sive,
2517 2564 2576 2608 ut
2607 2554 2806 2624 Pagius
2833 2554 3148 2622 persuadet,
3171 2553 3305 2610 die8
3335 2554 3474 2625 Sep-

216 2645 313 2695 tur
364 2650 513 2695 vero
553 2640 888 2711 Theophilus
944 2643 1042 2697 lib.
1078 2657 1136 2697 tu
1192 2643 1260 2696 ad
1303 2643 1656 2713 Autolycum,
1707 2647 1804 2712 qui
1889 2647 2095 2712 ttemb.,
2152 2660 2282 2711 non,
2344 2654 2404 2698 ut
2459 2642 2715 2698 Petavius
2772 2643 3002 2708 putavit,
3069 2640 3268 2710 prima.
3319 2639 3477 2696 Tunc

214 2746 323 2786 sex
366 2742 573 2786 tantum
617 2747 835 2789 menses
890 2733 1120 2804 diesque
1169 2733 1364 2804 viginti
1405 2735 1543 2789 duos
1601 2733 1651 2789 ei
1701 2734 1800 2788 tri-
1900 2735 2260 2792 internecioni
2299 2735 2494 2788 tradita
2528 2733 2921 2803 proﬂigataque
2945 2730 3173 2786 Judaica
3203 2747 3336 2801 gens
3368 2742 3476 2787 est.

213 2823 365 2878 buit.

289 2913 410 2969 Col.
452 2914 578 2971 456.
611 2914 732 2970 VII.
773 2914 1154 2983 Vespasianus.
1193 2915 1393 2972 Recole
1428 2931 1550 2986 quae
1595 2917 1804 2972 dudum’

1971 2828 2086 2882 Col.
2126 2827 2249 2880 457.
2288 2825 2570 2895 Colligitur
2594 2841 2748 2877 omne
2770 2834 2992 2892 tempus.
3025 2822 3278 2877 Clemens
3305 2822 3479 2878 hosce

1909 2919 1973 2974 12
2004 2935 2176 2973 annos
2217 2917 2285 2972 ab
2345 2918 2459 2986 ipsa
2518 2915 2734 2970 Domini
2787 2915 3063 2984 passione,
3113 2929 3218 2966 non
3253 2913 3322 2966 ab
3359 2913 3480 2982 ejus

214 3005 291 3060 de
340 3004 502 3076 hujus
535 3007 748 3076 imperii
785 3007 958 3063 initiis
993 3008 1138 3062 dicta
1168 3017 1317 3063 sunt.
1349 3009 1556 3061 Auctor
1602 3007 1811 3076 quippe
1906 3008 2313 3078 praedicatione,
2334 3015 2388 3060 et
2417 3004 2621 3059 Tiberii
2648 3003 3049 3059 lSenumerat:
3079 3017 3216 3071 quas
3239 3003 3479 3058 rationes

212 3108 308 3153 est
330 3096 644 3166 Suetonius,
665 3115 693 3155 a
717 3099 973 3156 Kalendis
1002 3101 1136 3158 Julii
1161 3104 1291 3174 (quo
1314 3103 1404 3158 die
1420 3101 1540 3157 Tib.
1571 3103 1806 3158 Alexan-
1835 3148 1886 3174 η
1909 3099 2175 3169 Origenes
2203 3113 2422 3168 quoque
2456 3097 2551 3151 lib.
2589 3112 2643 3150 tv
2672 3104 2860 3151 contra
2879 3096 3095 3152 Celsum
3126 3107 3347 3151 secutus
3373 3104 3482 3150 εει.

214 3189 324 3244 der
348 3191 638 3259 prafectus
677 3192 896 3264 Egypti
931 3196 1170 3265 legiones
1207 3211 1336 3251 suas
1372 3195 1427 3249 in
1461 3204 1647 3266 partes
1692 3193 1802 3247 Ve-

215 3285 465 3354 Spasiani
525 3297 869 3342 sacramento
923 3288 1244 3359 obstrinxit)
1284 3289 1400 3357 ejus
1471 3287 1805 3358 principatus

216 3376 367 3434 diem
403 3378 454 3430 in
492 3389 756 3444 posterum
787 3379 1146 3434 observatum.

296 3467 415 3524 Col.
444 3471 570 3525 455.
605 3471 923 3539 Capitolium
970 3470 1150 3534 Roma:
1181 3474 1652 3527 incensum.Anno
1692 3471 1804 3526 uti-

219 3576 337 3630 que
369 3566 641 3632 superiori
674 3563 1007 3634 Capitolium
1060 3564 1347 3622 incensum
1387 3576 1471 3620 est
1500 3580 1528 3618 a
1558 3561 1803 3618 Vitellia-

221 3654 342 3718 nis,
406 3655 499 3724 qui
560 3653 802 3710 Flavium
846 3654 1132 3720 Sabinum,
1181 3656 1498 3726 Vespasiani
1559 3654 1802 3721 fratrem,

219 3743 599 3799 Domitianum
653 3761 870 3816 quoque
921 3745 1089 3801 ﬁlium
1142 3746 1389 3816 aliosque
1435 3748 1551 3818 ejus
1583 3748 1808 3815 propin-

217 3853 370 3908 quos
418 3853 484 3893 eo
536 3839 848 3909 adegerant,
902 3848 1065 3908 atque
1108 3839 1452 3894 obsidebant.
1487 3837 1638 3891 Tunc
1678 3852 1806 3892 vero

218 3930 429 3985 inierat
458 3930 825 4000 Vespasianus
880 3932 1251 4002 principatum
1283 3933 1353 3988 ab
1387 3931 1604 4002 Egypti
1637 3931 1806 4000 legio-

215 4021 395 4076 nibus
424 4023 754 4078 acclamatus
790 4039 804 4079 :
839 4037 1012 4092 eaque
1044 4038 1212 4079 causa
1243 4031 1349 4090 est,
1379 4037 1477 4077 cur
1509 4023 1594 4076 hic
1622 4023 1804 4077 statim

216 4114 300 4167 ab
336 4113 485 4168 illius
515 4114 892 4184 assumptione
930 4114 996 4169 ad
1030 4114 1318 4184 imperium
1346 4128 1414 4170 ex
1450 4115 1592 4168 serie
1624 4128 1805 4167 rerum

217 4207 300 4262 ab
334 4205 577 4262 Eusebio
609 4207 837 4262 historia
871 4207 1063 4262 isthmc
1089 4206 1345 4262 refertur.

297 4299 419 4354 Col.
452 4299 578 4353 455.
611 4298 757 4353 Titus
790 4298 982 4353 Iudaea
1029 4306 1209 4364 capta,
1257 4307 1363 4352 etc.
1396 4295 1539 4360 "me,
1573 4297 1714 4366 [ante
1758 4305 1809 4352 et

219 4387 414 4459 gladio
458 4389 693 4454 periisse,
742 4397 790 4441 et
821 4389 933 4441 alia
974 4397 1180 4440 centum
1211 4387 1403 4450 millia,
1453 4387 1522 4440 ob
1565 4387 1806 4456 ejusdem

1911 3191 2336 3261 Τεσσαράκοντα
2367 3188 2475 3258 γὰρ
2508 3188 2604 3259 ἐτη
2634 3187 2848 3241 καὶδύο
2880 3182 3034 3257 οῐμαι
3065 3185 3159 3255 ἀφ’
3195 3181 3255 3240 οὗ
3289 3185 3484 3240 ἐσταύ-

1908 3301 2090 3356 ρωσαν
2116 3285 2208 3335 τὸν
2241 3280 2454 3350 Ἰησοῦν
2479 3280 2761 3348 γεγονέναι
2811 3280 2905 3332 ἐπὶ
2949 3283 3048 3345 τὴν
3089 3279 3485 3348 Ἰεροσολύμων

1905 3373 2249 3444 καθαίρεσιν.
2286 3371 2430 3425 Ναηι
2457 3372 2816 3441 quadraginta
2838 3373 2944 3423 duo
2981 3369 3136 3432 anni.
3169 3372 3378 3440 Opinor,
3408 3372 3485 3425 in-

1907 3449 2246 3520 tercesserunt
2267 3481 2298 3516 a
2327 3479 2476 3516 cruce
2504 3460 2661 3516 Iesus
2696 3461 2765 3514 ad
2791 3463 3053 3515 excidium
3110 3455 3479 3533 Jerosolyma’.

1911 3557 2143 3612 Videtur
2199 3556 2391 3620 itaque
2444 3553 2552 3607 falli
2600 3553 2863 3624 Scaliger,
2895 3553 2986 3622 qui
3014 3553 3346 3608 Clementem
3381 3569 3479 3608 ne-

1907 3653 2033 3706 dum
2064 3646 2304 3717 Origeni,
2339 3645 2433 3700 sed
2461 3653 2515 3698 et
2540 3644 2782 3698 Eusebio
2815 3644 2932 3699 vult
2964 3644 3328 3713 imposuisse;
3354 3659 3480 3698 cum

1906 3745 2052 3800 enim
2087 3757 2114 3794 a
2153 3741 2218 3794 l5
2251 3737 2456 3793 Tiberii
2489 3751 2632 3790 anno
2664 3735 3033 3811 adnoscidium
3073 3735 3281 3804 Templi
3315 3733 3478 3788 solidi

1907 3835 2036 3906 anni
2066 3833 2127 3886 41
2164 3832 2276 3888 sint
2305 3846 2428 3886 cum
2454 3829 2665 3898 aliquot
2694 3827 2905 3895 diebus,
2953 3828 3087 3883 satis
3125 3825 3265 3881 bene
3303 3825 3507 3880 Euse-~

1907 3927 2030 3981 bius
2059 3927 2210 3979 abeo
2242 3922 2448 3978 Tiberii
2485 3934 2629 3976 anno
2662 3919 2928 3973 rationem
2978 3919 3101 3985 init,
3136 3932 3242 3971 non
3279 3927 3338 3972 ut
3381 3917 3477 3970 alii

1908 4023 1978 4076 ab
2011 4036 2096 4085 ea,
2129 4034 2250 4090 qua:
2277 4027 2462 4073 secuta
2500 4014 2847 4086 postmodum
2881 4024 2982 4079 est,
3035 4013 3233 4068 Christi
3281 4019 3481 4067 morte.

1909 4111 2196 4166 Monemus
2259 4120 2439 4163 autem
2479 4109 2532 4163 in
2575 4106 2856 4162 Parmensi
2909 4121 3015 4162 ms.
3052 4119 3159 4159 uno
3193 4104 3316 4174 plus
3349 4101 3482 4168 dici,

1910 4207 2024 4259 sive
2059 4218 2233 4256 annos
2257 4202 2346 4256 45.

1981 4296 2060 4349 1ι1.
2086 4324 2155 4334 -
2177 4294 2315 4348 lbid.
2353 4292 2469 4349 Uno
2501 4292 2682 4346 minus
2721 4291 2972 4350 rescribi.
3006 4290 3122 4345 sive
3147 4302 3324 4342 annos
3353 4285 3483 4351 238,

1911 4388 2185 4443 Pontacus
2225 4385 2481 4440 secundis
2515 4387 2665 4439 curis
2701 4384 2907 4453 jussit:
2953 4383 3096 4452 quod
3143 4396 3338 4450 nempe
3375 4390 3487 4434 ter-

149 4486 155 4492 '
218 4479 389 4534 vocis
421 4495 730 4548 recursum,
773 4479 936 4534 obvio
972 4479 1319 4532 librariorum
1375 4493 1584 4543 errore,
1619 4479 1672 4532 in
1703 4477 1807 4531 Pa-
1838 4496 1885 4557 υ
1912 4480 2119 4533 minum
2158 4477 2222 4532 ad
2260 4492 2418 4547 quem
2487 4475 2664 4547 ipsum
2708 4475 3023 4544 VeSpasiaui
3048 4471 3348 4528 secundum
3382 4487 3484 4524 an-

221 4572 405 4626 latino
461 4573 637 4641 primo
693 4586 795 4625 ms.
861 4570 1262 4640 desiderantur.
1313 4569 1660 4640 Captivorum
1711 4570 1805 4639 qui

221 4661 440 4717 venditi
471 4669 622 4727 sunt,
651 4676 942 4715 numerum
971 4659 1194 4715 videtur
1226 4659 1591 4731 Hieronymus
1611 4661 1662 4714 in
1695 4675 1812 4729 pro-

221 4753 412 4824 posito
443 4750 544 4806 sibi
564 4749 875 4804 Eusebiano
896 4750 1193 4819 exemplari
1223 4749 1420 4819 legisse
1441 4751 1806 4812 decurtatum,

222 4844 457 4916 prafert
489 4844 633 4897 enim
671 4841 965 4898 hodiedum
997 4841 1284 4915 Syncellus
1330 4845 1480 4912 τρεῖς
1509 4842 1800 4911 μυριάδας.

223 4935 750 4998 Seburzlleischius,
783 4938 838 4991 in
881 4933 1042 4991 Curis
1073 4937 1490 5006 posterioribus.
1517 4934 1673 5004 Apud
1707 4933 1809 4986 Ni-

222 5031 558 5100 cephorum,
581 5031 781 5101 inquit,
811 5031 950 5088 llist.
983 5031 1130 5086 Eccl.
1166 5031 1204 5086 l.
1237 5045 1320 5094 Ill,
1343 5043 1467 5098 cap.
1506 5028 1558 5093 7,
1587 5028 1807 5098 legitur,

220 5123 315 5175 an
354 5123 482 5186 τοὺς
528 5123 681 5186 ἐντὸς
728 5123 1104 5178 ἑπτακαίδεκα
1149 5122 1290 5176 ἑτῶν
1324 5137 1488 5192 φησιν
1516 5121 1808 5192 Ἰώσηπος,

220 5211 615 5281 αἰχμαλώτους
640 5214 905 5284 ἀχθέντας
932 5213 1364 5284 διαπεπρᾶσθαι,
1390 5216 1486 5267 καὶ
1513 5213 1722 5266 τούτων
1753 5213 1812 5267 δὲ

226 5305 418 5374 μόνων
455 5306 549 5358 τδν
589 5307 825 5376 ἀριθμδν
862 5308 942 5370 εἰς
968 5305 1127 5359 ἐννέα
1149 5307 1412 5377 μυριάδας
1435 5306 1648 5376 ἀνδρῶν
1683 5323 1813 5358 συν-

231 5397 502 5466 αχθῆναι.
565 5398 754 5453 Malala
807 5404 874 5452 ιε’
921 5398 1190 5470 μυριάδας
1237 5399 1407 5469 ponit.
1449 5397 1812 5468 Hieronymus

221 5492 288 5545 in
334 5488 573 5544 Eusebio
604 5491 815 5560 legerit,
849 5490 947 5544 καὶ
1000 5489 1167 5554 ἄλλας
1199 5487 1243 5561 ρ’
1275 5489 1542 5560 χιλιάδας,
1571 5504 1676 5544 non
1712 5507 1813 5557 μυ-

221 5581 450 5651 Ριάδις-
485 5579 672 5646 Quid?
709 5582 752 5635 si
789 5583 1100 5653 legendum,
1135 5581 1212 5645 ὡς
1248 5581 1294 5635 δ’
1347 5579 1497 5635 ἄλλοι
1530 5579 1576 5651 ρ’
1613 5581 1810 5650 popid-

216 5675 327 5734 δας
354 5686 371 5737 ;
399 5683 634 5727 .ceutum
666 5674 810 5729 enim
843 5673 1136 5743 myriades,
1175 5673 1278 5728 hoc
1325 5681 1427 5740 est,
1464 5672 1646 5727 decies
1679 5686 1811 5726 ceu-

225 5775 367 5819 sena
403 5766 570 5820 millia
607 5764 810 5822 habent
852 5765 915 5819 τὸ
949 5765 1154 5835 πλῆθος
1203 5764 1312 5819 τῶν
1339 5764 1699 5836 ἀνῃρημένων
1733 5765 1810 5836 τῷ

1909 4586 2062 4636 num,
2097 4571 2328 4625 voluerit
2353 4569 2589 4623 excludi.
2649 4567 2869 4622 Rectius
2894 4583 3021 4622 vero
3069 4582 3189 4619 cum
3221 4561 3489 4633 Scaliger!

1909 4663 2102 4727 editio,
2153 4675 2264 4716 tum
2298 4661 2545 4732 plerique
2577 4660 2666 4716 alii
2701 4660 2903 4727 vulgati
2940 4667 3104 4728 atque
3173 4673 3306 4712 mss.
3359 4656 3486 4711 libri

1911 4769 2035 4808 cum
2079 4761 2405 4821 snpputant.

1980 4844 2099 4898 Col.
2129 4844 2260 4899 458.
2313 4843 2662 4913 Vespasianus
2712 4841 3056 4911 Capitolium.
3113 4838 3229 4893 Nan
3279 4839 3346 4892 ab
3380 4839 3491 4893 alio

1909 4936 2147 4995 vltletur,
2185 4951 2344 5005 quam
2390 4935 2650 5000 Eusebio,
2710 4947 2872 5002 atque
2912 4934 3014 4987 hoc
3044 4933 3265 5001 quidem
3317 4933 3483 4997 libro,

1911 5027 2186 5098 accepisse
2209 5025 2354 5095 quod
2375 5027 2556 5092 habet,
2583 5026 2884 5082 Cedrenus.
2905 5025 3258 5094 Capitolium,
3278 5023 3484 5094 Vt'szi-

1913 5120 2050 5175 slaui
2079 5121 2254 5188 primo
2282 5119 2589 5183 incensum,
2624 5118 2702 5189 τῷ
2736 5115 2776 5171 ε’
2803 5118 2936 5182 ἔτει,
2977 5121 3158 5187 quinto
3180 5121 3291 5189 ejus
3319 5133 3482 5179 anno,

1912 5225 2146 5279 ereptum
2176 5211 2451 5266 aediﬁcari.
2484 5213 2646 5279 Atqui
2684 5213 2892 5266 rectius
2913 5211 3172 5283 colligunt
3205 5227 3266 5264 ex
3304 5206 3481 5262 Taciti

1913 5306 2052 5361 llist.
2092 5321 2166 5368 tv,
2189 5303 2440 5372 Qetavius
2469 5314 2522 5358 et
2563 5303 2828 5375 Scaliger,
2873 5305 3163 5362 instaurari
3201 5304 3412 5374 jussum
3446 5314 3477 5352 a

1913 5397 2253 5466 Vespasiano
2272 5396 2452 5451 statim
2483 5394 2823 5467 aproﬂigatis
2853 5395 3176 5454 Vitellianis,
3196 5409 3317 5448 eum
3351 5408 3486 5447 ncn-

1912 5492 2038 5544 dum
2079 5491 2197 5559 ipse
2251 5487 2478 5543 Romam
2514 5488 2846 5555 advenisset,
2885 5492 2976 5543 sed
3022 5489 3196 5541 adhuc
3243 5487 3483 5539 Alexan-

1912 5582 2046 5636 driae
2088 5591 2420 5648 moraretur,
2471 5582 2615 5651 quod
2667 5591 2882 5652 tempus
2912 5580 3144 5648 primum
3196 5578 3484 5646 ipsiusmet

1914 5671 2123 5740 imperii
2153 5685 2352 5723 annum
2387 5685 2492 5724 non
2525 5671 2740 5726 videtur
2773 5672 3054 5724 excedere.

1982 5762 2102 5820 Col.
2122 5762 2248 5820 457.
2274 5763 2495 5833 Achaia,
2521 5774 2630 5822 etc.
2649 5764 2691 5819 Α
2721 5763 2978 5818 Suetonio
3005 5760 3322 5833 Eutrapius,
3348 5761 3477 5820 liis!
