4014 6196
514 362 655 438 thes

1787 347 2189 423 VALLMtsu
2231 355 2468 421 sorte.

3643 365 3783 431 1034

501 489 767 561 ronymu's
795 499 862 538 ao
885 479 1148 551 .L'utropio
1169 478 1401 549 accepit,
1434 477 1525 546 qui
1547 455 1674 530 libri
1697 471 1792 538 vn,
1817 491 1938 543 cap.
1974 473 2040 561 l9
2067 489 2080 525 :
2118 480 2157 534 Α
2189 481 2243 525 et
2281 473 2562 531 Ascodius.
2591 452 2644 525 et
2676 469 3062 541 Squascoaius,
3094 484 3198 529 etc.
3227 491 3242 541 ;
3283 485 3356 530 tta
3392 476 3540 531 enim
3568 489 3782 536 veteres

501 560 779 643 Achaiam,
821 573 1020 642 lnquit,
1047 563 1285 642 Lyciam,
1316 567 1578 631 Rhodum,
1603 564 1942 636 Byzantium,
1975 560 2086 616 Sa-

504 687 667 733 mum,
718 680 832 737 τινας
884 665 1064 718 libera:
1097 670 1220 716 ante
1269 662 1366 714 hoc
1397 669 1603 728 tempus
1651 657 1904 726 fuerant:
1950 655 2080 709 item

502 761 806 823 Thraciam,
844 756 1110 821 Ciliciam,
1164 753 1536 822 Comagenem,
1572 765 1688 820 qua:
1741 749 1838 803 sub
1873 745 2080 818 regibus

505 855 691 907 amicis
730 860 906 914 erant,
949 851 1002 902 in
1025 847 1418 918 provinciarum
1445 844 1672 913 formam
1700 842 1914 912 redegit.
1943 838 2079 894 Sca-

503 946 639 1015 liger
677 943 968 997 Tracheam
1012 941 1162 1009 legit,
1205 948 1263 992 ιιι
1294 951 1418 992 cum
1463 934 1656 988 Cilicia
1690 937 2078 1002 conjuugatttr,

505 1051 811 1105 sensusque
851 1034 924 1089 sit
947 1034 1012 1087 de
1057 1027 1538 1091 Trach'e‘a-Cilicia,
1572 1026 1623 1081 id
1658 1034 1764 1089 eSt,
1787 1033 1939 1095 parte
1961 1023 2080 1090 ejus

503 1131 745 1201 regionis
777 1142 991 1198 aspera,
1024 1135 1189 1194 atque
1220 1123 1273 1176 in
1307 1121 1586 1176 montibus
1617 1121 1742 1174 sita.
1775 1117 1948 1184 Quam
1998 1115 2078 1169 lc-

501 1222 742 1274 ctionem
785 1216 969 1282 avide,
1003 1212 1432 1283 suifragantibus
1459 1211 1626 1264 "etiam
1649 1224 1713 1264 ex
1750 1216 1905 1279 parte
1937 1221 2076 1260 non-

505 1314 668 1367 nullis
705 1320 842 1367 mss.
877 1309 970 1380 qui
997 1307 1275 1363 Trachiam
1309 1302 1625 1374 praclerunt,
1647 1298 1891 1355 Suetonii
1913 1307 2074 1367 atque

504 1403 750 1472 Eutropii
779 1402 1016 1457 editores
1053 1398 1400 1470 postmodum
1424 1395 1794 1462 arripuerunt.
1827 1389 2072 1444 Plurium

396 1532 410 1572 ξ
502 1505 688 1550 autem
734 1503 790 1548 et
823 1492 1068 1548 melioris
1104 1498 1247 1572 uotae
1277 1488 1524 1544 codicum
1550 1497 1676 1539 vera
1699 1483 1972 1553 scriptura
1995 1488 2068 1535 est

505 1587 650 1656 apud
703 1585 928 1640 eosdem
978 1585 1267 1646 Auctores,
1300 1579 1529 1633 Thracia
1578 1595 1596 1632 :

410 1665 418 1705 ξ
501 1677 715 1731 abunde
762 1691 857 1730 eos
898 1674 1096 1740 refelli,
1130 1673 1221 1741 qui
1273 1669 1566 1724 Thraciam
1597 1669 1649 1722 in
1703 1665 1990 1720 Trachiam
2023 1672 2080 1719 et

1654 1575 1890 1644 indeque
1943 1572 2078 1630 sads

506 1774 794 1825 Tracheam
827 1775 1189 1830 commutant,
1246 1762 1536 1824 Cellarius,
1591 1771 1756 1827 atque
1807 1758 2077 1812 Hearnius

501 1871 719 1919 notant.
751 1858 958 1915 Sensus
991 1868 1172 1912 autem
1208 1863 1293 1910 est
1319 1855 1388 1910 de
1419 1859 1572 1924 parte
1608 1854 1789 1923 aliqua
1829 1852 2080 1906 Thraciae

504 1956 675 2026 (quod
699 1968 902 2009 nomen
951 1952 1220 2008 latissime
1252 1951 1476 2006 Veteres
1507 1948 1810 2018 accipiunt)
1842 1947 2081 2001 nondum

503 2047 738 2111 devicta,
774 2054 836 2099 ut
865 2053 920 2100 et
963 2045 1032 2098 de
1081 2042 1274 2097 Cilicia
1327 2039 1675 2096 sentiendum
1723 2048 1831 2105 est,
1865 2037 2085 2092 nemine

498 2137 608 2203 jam
649 2137 912 2191 dillitente
946 2150 963 2191 :
1001 2134 1246 2203 alioquin
1280 2131 1516 2186 Thracia
1571 2132 1667 2185 diu
1719 2140 1844 2184 ante
1877 2128 2083 2199 Vespa-

502 2244 716 2283 sianum
761 2230 814 2282 in
848 2227 1112 2282 ditionem
1151 2225 1281 2294 Pop.
1317 2224 1476 2279 Rom.
1509 2227 1906 2280 concesserat:
1944 2222 2077 2276 Cili-

501 2321 588 2374 cia
625 2335 753 2374 vero
793 2319 966 2373 multo
1013 2327 1140 2372 ante
1190 2317 1499 2388 perdomita
1555 2324 1657 2371 est.
1693 2317 1800 2368 Aut
1840 2325 1986 2369 certe
2017 2315 2084 2368 de

502 2411 866 2466 Thraciarum
899 2409 1264 2479 dispositione
1315 2408 1754 2480 intelligendum,
1791 2406 2080 2476 Vespasia-

499 2519 606 2558 nus
652 2503 794 2557 enim
844 2517 908 2556 ex
955 2500 1208 2556 Thraciis
1259 2515 1355 2557 sex
1395 2499 1705 2569 praviucias
1740 2498 1886 2553 fecit.
1950 2499 2084 2554 Vide

499 2607 698 2663 prater
744 2594 997 2648 laudatos
1057 2603 1336 2657 auctores,
1396 2591 1671 2647 Victorem
1739 2593 1794 2646 iu
1842 2591 2081 2660 Epitoru.

501 2699 552 2738 ς.
586 2685 641 2741 9.
675 2695 726 2738 ct
758 2683 1034 2740 Norisium
1076 2684 1143 2739 ad
1183 2684 1489 2754 Ceuotaph.
1541 2683 1726 2738 Pisan.
1760 2685 1984 2738 dissert.
2019 2697 2083 2736 lt.

499 2775 737 2846 denique
786 2775 1236 2832 Schurztleischii
1299 2775 1708 2847 Ὑπομνήματα
1757 2777 1826 2830 de
1880 2775 2085 2831 Ciliciae

498 2869 941 2938 antiquitatibus.

569 2981 686 3035 Col.
721 2981 850 3036 458.
896 2980 1141 3037 Colosstts
1179 2991 1405 3038 erectus.
1433 2981 1510 3037 De
1539 2982 1761 3038 Colosso
1789 2981 2085 3037 Rhodiko

509 3075 706 3146 Ῥόδῳ,
736 3076 1018 3129 Paschalis
1063 3076 1320 3130 Chronici
1363 3085 1556 3130 auctor
1592 3075 1843 3146 intelligit
1874 3090 1888 3127 :
1923 3091 1950 3127 a
1974 3090 2084 3144 quo

499 3166 686 3222 lucum
714 3166 816 3219 sibi
850 3164 964 3218 fieri
1000 3180 1195 3232 passus
1226 3175 1313 3218 est
1342 3164 1597 3229 Allatius,
1648 3166 1739 3233 qui
1792 3164 1856 3217 ad
1885 3153 2071 3220 Philo.
2111 3185 2154 3244 (ς

499 3275 624 3314 nem
661 3257 1021 3329 Byzantinum
1055 3257 1286 3325 probare
1341 3258 1558 3311 nititur.
1592 3255 1761 3311 fuisse
1789 3272 1913 3310 eum
1953 3256 2087 3312 Ves-

503 3352 715 3421 pasiani
763 3349 1098 3419 temporibus
1159 3349 1568 3415 instauratum;
1602 3347 1700 3402 llic
1726 3357 1906 3402 autem
1946 3349 2086 3405 alius

500 3439 940 3496 estaZenodoro
971 3438 1205 3508 primum
1235 3438 1390 3507 jussu
1446 3435 1677 3493 Neronis
1729 3450 1964 3504 erectus,
1997 3439 2084 3492 cui

499 3531 874 3600 Vespasianus
950 3531 1034 3600 (id
1089 3529 1232 3600 quod
1288 3528 1458 3583 uoluit
1519 3539 1711 3583 notare
1794 3529 2085 3588 Eusebius)

497 3624 745 3679 detracto
795 3622 1028 3676 Neronis
1099 3622 1300 3690 capite,
1379 3630 1438 3675 et:
1477 3620 1619 3676 Solis
1681 3621 1931 3690 imposito
1960 3636 2082 3674 cum

494 3725 702 3786 septem
799 3714 1014 3779 radiis,
1095 3710 1210 3767 Soli
1277 3713 1564 3767 dedicavit.
1651 3710 1783 3766 Falli
1860 3711 2079 3766 videtur

495 3809 660 3862 etiam
694 3806 986 3876 Syncellus
1014 3806 1068 3858 in
1104 3805 1303 3874 pedum
1331 3802 1636 3858 altitudinis
1671 3818 1901 3857 numero
1937 3800 2078 3871 paci",

495 3911 595 3966 pro
626 3896 727 3965 ρξ’.
755 3895 972 3950 Videsis
1022 3893 1248 3950 Dionem
1275 3895 1417 3962 apml
1454 3892 1815 3962 Xiphiliuum,
1846 3892 2079 3947 Plinium

495 3989 591 4043 lib.
624 4004 810 4054 xxxrv,
844 4003 894 4042 (ι.
926 3989 981 4054 'l,
1012 3986 1336 4043 Suetonium
1357 3999 1574 4056 quoque
1595 3987 1648 4040 in
1681 3982 1906 4054 Vespas.
1931 3999 1984 4040 c.
2019 3985 2081 4040 l8

493 4089 550 4136 et
581 4081 962 4136 Casaubonum
1020 4081 1087 4135 ad
1112 4077 1461 4148 Spartianum
1487 4081 1541 4132 in
1574 4077 1866 4132 Hadriano.

565 4169 685 4225 Col.
716 4171 843 4226 457.
875 4170 944 4236 ρ.
973 4171 1240 4225 Ascanius
1297 4167 1605 4223 Pwdianus.
1673 4168 1814 4224 Huic
1861 4183 2076 4238 praeno-

497 4271 622 4309 men
657 4265 741 4311 est
781 4257 1040 4326 singulari
1071 4253 1115 4320 ρ
1156 4256 1354 4319 littera,
1386 4270 1510 4324 quas
1560 4253 1815 4320 Quintum
1869 4255 2079 4325 signiﬁ-

491 4351 791 4414 cat,etiam
824 4349 876 4403 in
913 4348 1197 4403 Parmensi
1257 4362 1362 4402 ms.
1412 4363 1535 4402 cum
1581 4347 1742 4401 editis
1804 4346 2078 4417 plerisque

496 4443 619 4496 aliis
656 4441 910 4498 omnibus
938 4441 1098 4496 libris
1127 4459 1143 4496 :
1175 4455 1276 4496 cur
1331 4454 1463 4494 vero
1507 4438 1763 4505 Quirinus
1810 4440 2076 4509 placuerit

2142 583 2146 586 ·
2196 563 2321 618 libri
2357 565 2586 617 variant.

2271 655 2410 710 Ibid.
2477 655 2730 712 Gabinius
2762 655 2862 731 [aL
2899 656 3272 734 Gobinianus]
3300 663 3355 717 In
3387 661 3636 719 Suetonii
3681 681 3786 720 ste-

2195 748 2318 818 pius
2349 749 2564 803 laudato
2607 751 2866 805 laterculo
2903 750 3027 808 Sex.
3063 753 3241 807 Julius
3291 753 3629 810 Gabinianus
3686 773 3782 827 ap-

2197 840 2429 910 pellatur
2463 859 2476 894 :
2514 842 2564 894 in
2600 843 2834 912 quodam
2877 859 3041 914 penes
3072 845 3596 902 Schurzﬂeischium
3642 850 3780 905 libro

2196 930 2452 988 Gabinius
2485 949 2504 986 :
2540 933 2665 986 olim
2697 946 2814 989 erat
2835 934 3090 990 Gabinius
3120 935 3174 990 in
3208 937 3431 1006 Dialogo
3457 939 3525 993 de
3584 940 3782 996 Orato-

2195 1026 2368 1088 ribus,
2401 1027 2492 1096 qui
2531 1025 2720 1081 Tacito
2760 1028 3075 1084 inscribitur
3106 1031 3332 1099 (videtur
3376 1043 3559 1087 autem
3605 1033 3779 1099 Quiu-

2195 1119 2365 1174 tiliani
2395 1123 2563 1190 esse),
2584 1135 2634 1175 c.
2659 1121 2746 1186 ‘26,
2772 1121 2826 1174 in
2859 1137 3020 1190 quem
3044 1123 3222 1178 locum
3253 1125 3456 1180 videsis
3487 1125 3777 1196 LipsiiNo-

2195 1220 2297 1265 ta.
2329 1211 2458 1282 Ejus
2491 1212 2738 1266 meminit
2797 1213 2854 1268 S.
2885 1215 3046 1270 Pater
3079 1217 3242 1272 etiam
3283 1218 3337 1272 itt
3385 1217 3550 1274 Praef.
3613 1219 3775 1275 Com-

2193 1313 2358 1358 ment.
2389 1319 2478 1358 vnt
2511 1303 2561 1356 in
2608 1304 2828 1358 Isaiam.

2263 1394 2402 1448 Ibid.
2439 1393 2563 1450 Tres
2591 1397 2829 1451 civitates
2858 1395 3040 1467 Cypri.
3086 1397 3245 1453 Paria
3303 1399 3468 1456 habet
3523 1399 3776 1469 Orosius,

2190 1503 2349 1557 quem
2385 1490 2659 1546 aditozut
2681 1500 2734 1546 et
2804 1489 3120 1546 Suetonium
3173 1491 3242 1546 de
3293 1495 3638 1550 memorabili
3694 1497 3778 1552 lue

2191 1593 2310 1646 quae
2347 1581 2721 1651 subsequitur,
2758 1583 2814 1637 in
2842 1598 3003 1654 quem
3049 1583 3226 1639 locum
3261 1600 3328 1639 ne
3359 1599 3657 1655 praetereas
3682 1593 3779 1644 do-

2189 1679 2400 1726 ctorum
2437 1675 2795 1743 interpretum
2833 1673 3022 1730 Notas.
3061 1675 3117 1730 In
3180 1676 3286 1731 line
3328 1678 3449 1747 ejus
3506 1680 3776 1748 periocha:

2189 1761 2305 1818 haec
2367 1764 2554 1818 subdit
2613 1765 2926 1822 Parmensis
2974 1781 3105 1834 ms.,
3165 1767 3458 1821 nobilitatis
3524 1767 3776 1824 Romane

2189 1853 2370 1908 morbo
2401 1872 2529 1924 pars
2571 1859 2806 1910 matr-ima
2852 1857 3010 1926 periit
3040 1873 3058 1911 :
3089 1873 3211 1928 qua:
3235 1872 3266 1914 e
3293 1859 3475 1929 glossa
3528 1860 3663 1913 olim
3708 1860 3774 1915 vi-

2189 1941 2382 2002 dentur
2418 1952 2471 2002 in
2505 1960 2710 2004 textum
2743 1949 3056 2018 irrepsisse.

2259 2040 2380 2096 Col.
2429 2041 2556 2096 457.
2624 2038 2981 2110 Vespasianus
3033 2042 3271 2097 colonias
3315 2043 3560 2101 deduxit.
3607 2045 3771 2100 Addit

2189 2130 2486 2187 Suetonius
2530 2146 2788 2200 superque
2821 2147 3048 2184 mensem
3076 2140 3123 2184 et
3152 2134 3292 2186 diem
3319 2135 3626 2199 septimum.
3664 2133 3769 2188 Fa-

2188 2224 2264 2279 cit
2289 2237 2412 2277 cum
2445 2221 2711 2291 Eutropio
2736 2232 2957 2285 noster,
2995 2221 3088 2292 qui
3134 2223 3312 2278 solum
3347 2225 3524 2278 (etatis
3551 2240 3768 2296 sexage-

2186 2317 2377 2370 simum
2412 2329 2606 2368 nouum
2629 2322 2906 2382 supputat.
2934 2311 3082 2368 Obiit
3107 2314 3399 2382 imperator
3427 2315 3520 2369 die
3544 2315 3615 2369 24
3640 2315 3765 2371 Jun.

2189 2404 2320 2460 anui
2347 2404 2556 2459 Christi
2607 2403 2700 2470 80,
2750 2404 3172 2474 imperavitque,
3220 2405 3372 2475 juxta
3418 2407 3760 2462 Clementem

2187 2497 2639 2563 Alexandrinum,
2700 2511 2860 2565 quem
2894 2495 3164 2552 Eusebius
3199 2499 3467 2568 sequitur,
3501 2513 3533 2552 a
3588 2500 3680 2555 die
3734 2501 3767 2555 3

2185 2586 2297 2643 Jul.
2349 2590 2478 2642 anni
2509 2589 2713 2644 Christi
2755 2588 2823 2644 69
2858 2588 2971 2652 (alii
3021 2589 3091 2644 ab
3123 2589 3258 2660 ipsis
3286 2590 3404 2646 Kal.
3439 2590 3552 2648 Jul.
3584 2596 3766 2662 auspi-

2189 2683 2408 2750 cantur)
2437 2679 2502 2734 ad
2534 2694 2655 2734 eam
2707 2695 2886 2750 usque
2918 2679 3062 2735 diem
3096 2695 3273 2736 annos
3302 2682 3356 2748 9,
3411 2699 3629 2739 menses
3675 2686 3762 2751 lt,

2186 2769 2303 2824 dies
2332 2769 2423 2823 24.
2457 2767 2720 2840 Scaliger,
2760 2770 2854 2840 qui
2892 2770 3022 2826 huic
3053 2785 3219 2840 anno,
3248 2773 3566 2844 VeSpasiani
3595 2776 3761 2830 ﬂava-

2191 2859 2360 2930 σίμῳ,
2394 2861 2462 2917 79
2495 2861 2702 2918 Christi
2733 2872 3034 2933 comparat,
3076 2873 3286 2934 perstat
3318 2865 3372 2920 in
3417 2881 3608 2922 errore
3638 2885 3763 2933 suo.
3809 2898 3817 2903 -

2190 2953 2244 3006 in
2277 2968 2434 3023 quem
2487 2955 2627 3010 alias
2656 2956 2722 3010 ad
2755 2954 2993 3025 primum
3016 2955 3222 3012 Christi
3249 2958 3764 3015 animadvertimus:

2187 3055 2244 3100 et
2270 3061 2432 3116 quem
2468 3055 2646 3101 tamen
2679 3047 2794 3119 ipse
2813 3057 2982 3116 errat,
3017 3049 3320 3104 solemnem
3365 3059 3549 3117 vocat,
3596 3049 3770 3107 Euse'

2193 3136 2267 3192 bii
2300 3146 2358 3191 et
2385 3135 2700 3208 Hieronymi
2735 3154 2978 3195 errorem

2262 3229 2383 3285 Col.
2430 3228 2558 3285 458.
2621 3229 2780 3285 VIII.
2815 3230 2984 3286 Titus.
3037 3231 3328 3304 Pcrperam
3381 3235 3655 3304 legebatur
3713 3238 3765 3291 in

2188 3319 2500 3377 Pontacena
2533 3323 2795 3390 editione,
2847 3327 3112 3381 mensibus
3146 3338 3289 3394 octo,
3323 3343 3422 3399 pro
3467 3346 3582 3399 quo
3634 3331 3767 3385 dno-

2188 3412 2282 3466 bus
2335 3415 2712 3484 rescripsimus
2760 3418 2913 3486 juxta
2965 3418 3102 3474 alios
3161 3420 3360 3478 libros.
3411 3420 3764 3489 Compertum

2188 3505 2390 3574 quippe
2439 3522 2504 3560 ex
2534 3509 2803 3562 Suetonio
2831 3524 2882 3563 c.
2911 3509 2948 3562 2
2985 3511 3132 3566 solos
3168 3524 3286 3582 post
3314 3512 3592 3568 biennium
3618 3533 3764 3570 men-

2185 3615 2268 3651 ses
2297 3600 2450 3663 duos,
2498 3600 2712 3668 diesque
2743 3602 2926 3670 uiginti
2977 3602 3157 3659 Titum
3209 3607 3513 3677 imperasse
3541 3626 3558 3675 ;
3589 3610 3762 3677 siqui-

2187 3688 2400 3743 demet
2451 3703 2703 3747 mortuus
2756 3703 2840 3748 cst
2877 3692 3065 3750 Idibus
3117 3697 3264 3766 Sept.
3319 3700 3486 3770 (quod
3540 3702 3762 3770 ipsemet

2187 3778 2552 3852 Hieronymus
2589 3785 2900 3853 continuat)
2929 3801 3272 3858 regnumque
3309 3793 3433 3859 ejus
3487 3795 3559 3844 ab
3609 3794 3757 3846 obitu

2187 3873 2376 3941 patris,
2409 3874 2525 3930 sive
2555 3889 2584 3928 a
2609 3879 2696 3930 die
2726 3894 2802 3933 vn
2838 3879 2958 3934 Kal.
2995 3878 3105 3938 Jul.
3139 3883 3268 3937 anni
3299 3882 3501 3938 Christi
3533 3885 3605 3939 80
3627 3901 3759 3940 cou-

2185 3976 2384 4035 surgit.
2429 3967 2492 4022 Et
2522 3969 2676 4024 video
2705 3980 2911 4034 tamen,
2950 3973 3018 4028 ab
3049 3973 3331 4044 Eutropio,
3361 3993 3455 4047 qut
3477 3989 3598 4046 post
3622 3979 3762 4031 bicit-

2182 4059 2356 4126 nium,
2418 4077 2630 4115 menses
2685 4073 2820 4128 οδω,
2870 4064 2981 4119 dies
3036 4067 3247 4136 viginti.
3290 4079 3385 4122 aut
3434 4070 3626 4133 Dione,
3667 4069 3755 4138 qui

2181 4166 2402 4207 menses
2438 4165 2562 4210 octo
2596 4163 2650 4210 et
2679 4155 2796 4210 dies
2827 4171 3018 4211 novem
3069 4158 3192 4213 Tito
3243 4160 3608 4229 elargiuntur,
3635 4179 3753 4218 eam

2183 4255 2454 4299 summam
2481 4247 2652 4316 acczipi
2679 4250 2921 4317 potuisse
2949 4265 2964 4305 :
2989 4258 3049 4304 ut
3077 4250 3192 4307 fere
3223 4253 3442 4306 credam
3491 4257 3752 4327 scriptum

2179 4339 2278 4394 abs
2312 4337 2642 4428 Hieronymo
2673 4344 2943 4398 mensibus
2977 4344 3032 4410 Ξ,
3075 4345 3153 4399 vel
3177 4345 3342 4415 juxta
3377 4348 3537 4416 alios,
3604 4361 3750 4405 mea:

2179 4431 2322 4486 sibus
2353 4432 2406 4488 8.

494 4534 740 4588 Pontaco
773 4533 966 4604 magis,
1002 4533 1185 4588 disces
1215 4531 1284 4586 ab
1317 4531 1437 4600 ejus
1457 4531 1612 4586 Notis
1636 4531 1691 4586 in
1740 4532 1910 4586 calce.
1940 4530 2078 4586 Sunt
2112 4527 2164 4589 D
2254 4525 2372 4581 Col.
2400 4526 2526 4581 457.
2558 4527 2705 4582 Titus
2731 4525 3407 4598 Musoniarn.Parmensis,
3438 4544 3491 4587 et
3520 4537 3755 4603 quatuor

495 4624 659 4676 etiam
721 4623 817 4692 qui
883 4622 1176 4676 Ausonium
1235 4635 1336 4689 pro
1408 4621 1630 4674 Asconio
1691 4621 1921 4691 legant:
1975 4636 2078 4677 nec

497 4713 720 4768 Pediani
747 4715 925 4784 ipsum
965 4723 1390 4783 cognomentum
1417 4713 1539 4767 aliis
1570 4720 1736 4782 atque
1772 4713 1894 4769 aliis
1955 4731 2079 4768 ποι-

497 4803 886 4872 κιλογραφὶαις
907 4813 1078 4862 caret.
1111 4803 1312 4858 Putare
1339 4804 1523 4873 itaque
1577 4804 1785 4870 malim,
1819 4803 1986 4858 alium
2045 4817 2078 4860 a‘

496 4898 694 4951 celebri
726 4898 964 4952 Asconio
991 4894 1231 4951 Pediano
1284 4896 1570 4960 Patavino,
1595 4897 1687 4968 qui
1737 4895 1944 4964 Virgilii
1998 4897 2078 4952 la-

496 4989 810 5043 nuliaritate
841 5005 974 5044 usus
998 4997 1103 5054 est,
1129 4988 1454 5061 Philargyro
1511 5000 1669 5055 teste,
1695 4990 1783 5046 hic
1813 4991 1912 5047 abs
1952 4990 2076 5048 Ilie-

495 5097 724 5152 ronymo
754 5082 1003 5138 indicari.
1037 5081 1188 5136 Adeo
1218 5097 1317 5137 nec
1347 5093 1621 5152 oportere,
1651 5091 1742 5137 aut
1771 5083 1906 5138 duos
1951 5099 2074 5139 cum

496 5178 773 5246 Scaligero
802 5175 1069 5232 Asconios
1096 5178 1470 5242 comminisci,
1512 5189 1572 5232 ut
1595 5187 1900 5247 temporum
1934 5179 2074 5234 ratio

493 5279 708 5325 constet
734 5269 960 5338 (alioqui
1000 5267 1224 5339 Virgilio
1283 5269 1567 5326 familiaris
1631 5269 1927 5335 diceretur,
1980 5269 2074 5340 qui

491 5365 652 5416 annis
680 5361 790 5417 lere
817 5361 1002 5430 viguiti
1036 5365 1104 5414 ab
1136 5363 1254 5430 ejus
1282 5373 1456 5416 morte
1499 5372 1658 5417 natus
1697 5359 1914 5416 demum
1939 5360 2072 5415 fuis-

492 5455 621 5521 set),
653 5464 746 5509 aut
780 5456 846 5509 de
881 5463 958 5508 tot
1002 5468 1269 5506 annorum
1303 5455 1789 5521 mctachronismo,
1816 5462 1876 5507 ut
1928 5452 2071 5507 idem

493 5546 808 5616 Scaligr-rin
860 5545 1119 5601 secundis
1145 5545 1414 5611 Curis,ct
1476 5545 1784 5601 llarduinus
1839 5544 1904 5599 ad
1963 5543 2074 5599 Pli-

490 5643 641 5692 nium
698 5639 924 5707 faciunt,
967 5643 1358 5710 IlierOuymum
1403 5641 1676 5696 incusare.
1722 5639 1941 5709 Ignotus
1986 5637 2074 5691 hic

488 5730 650 5784 nobis
679 5741 764 5784 est
800 5747 858 5787 re
888 5743 942 5786 et
968 5733 1188 5787 nomine
1216 5743 1424 5794 auctor,
1466 5732 1533 5797 ρ.
1563 5730 1681 5786 sive
1713 5731 1990 5795 Quirinus,
2018 5737 2073 5782 et

491 5820 772 5890 Squirinus
804 5839 822 5877 .'
854 5829 1135 5894 Asconius,
1191 5827 1306 5881 sive
1337 5825 1624 5892 Ausonius,
1664 5832 1718 5877 ct
1751 5822 2068 5886 Pasconius,

2179 4616 2414 4672 Palatini
2443 4633 2574 4674 mss.
2607 4617 2860 4688 Ruﬁnum
2889 4627 3091 4676 vocant
3123 4637 3138 4676 :
3171 4622 3334 4678 male.
3367 4624 3615 4696 Scaliger
3631 4641 3752 4680 enim

2180 4709 2288 4766 huc
2325 4709 2514 4776 refert,
2547 4726 2708 4781 quem
2738 4713 3025 4785 Τυῤῥηνδς
3061 4715 3342 4785 appellant
3384 4715 3754 4774 Philostratus

2177 4815 2232 4859 et
2271 4791 2488 4870 Suidas,
2519 4815 2571 4859 et
2623 4819 2784 4873 quem
2822 4803 3048 4876 Templo
3103 4817 3160 4862 et
3217 4807 3582 4881 Jerosnlymis
3639 4813 3754 4867 solo

2178 4897 2409 4964 aequatis
2440 4905 2683 4950 aratrum
2719 4898 3088 4967 impressisse,
3109 4897 3513 4969 Judaaiquoquc
3545 4917 3750 4956 memo-

2179 4997 2320 5042 rant.
2354 4985 2570 5042 Videsis
2607 5003 2669 5042 ea
2703 4989 2770 5044 de
2797 5003 2877 5056 re,
2923 4990 2968 5044 si
3004 4991 3138 5043 tanti
3188 5000 3292 5058 est,
3331 4995 3743 5048 aunmatiouem

2179 5091 2419 5136 nostram
2451 5082 2519 5136 ad
2551 5081 2863 5154 Hieronymi
2911 5085 3285 5140 Commentar.
3335 5100 3371 5140 ll
3401 5088 3454 5141 in
3492 5088 3747 5150 Zachar..

2176 5188 2300 5243 cap.
2327 5173 2384 5233 8.
2424 5191 2548 5244 pag.
2582 5175 2709 5230 852.
2740 5175 2846 5232 Sed
2890 5177 3044 5254 alios,
3066 5177 3299 5233 fortasse
3323 5193 3566 5258 gnos-eat,
3608 5181 3748 5250 quod

2177 5265 2266 5321 ille
2329 5274 2537 5326 manu
2590 5266 2894 5322 Sanedhrin
2957 5253 3082 5339 cap.
3109 5285 3202 5332 vn,
3223 5277 3276 5324 et
3304 5253 3510 5325 Graecis
3533 5271 3746 5339 τυρῤη-

2176 5359 2268 5412 νδν
2303 5399 2316 5420 ,
2355 5359 2566 5414 Latinis
2600 5357 2930 5423 Turannius,
2985 5376 3092 5416 non
3120 5359 3423 5425 Musonius,
3453 5364 3744 5432 praenomi-

2177 5459 2357 5505 natur:
2388 5449 2584 5504 deinde
2613 5449 2758 5519 quod
2783 5451 2956 5505 multo
2979 5463 3108 5506 ante
3131 5467 3296 5520 quam
3343 5455 3431 5506 hic
3483 5452 3583 5507 abs
3623 5449 3741 5504 Ilie-

2177 5555 2405 5612 ronytno
2433 5541 2654 5606 dicitur,
2704 5543 2772 5596 ab
2804 5543 3022 5607 exsilio,
3063 5559 3174 5614 quo
3213 5543 3399 5612 jussus
3457 5545 3538 5598 ire
3563 5552 3646 5598 est
3681 5542 3740 5594 ab

2176 5633 2409 5696 Nerone,
2445 5644 2730 5688 revocatus
2778 5635 2943 5689 fuerit
2970 5652 2983 5688 :
3014 5636 3285 5706 siquidem
3330 5636 3617 5704 Templum
3647 5634 3738 5688 sub

2181 5724 2514 5796 Vespasiano
2545 5729 2739 5781 aravit.
2778 5729 2978 5783 Verum
3012 5729 3140 5782 illud
3173 5729 3400 5786 inditum
3453 5729 3503 5782 ei
3537 5737 3620 5781 cst
3650 5740 3735 5779 co-

2175 5833 2403 5891 gnomen
2440 5836 2504 5874 ex
2542 5820 2761 5876 civitate
2795 5821 3052 5876 \‘olsiuia:
3087 5822 3152 5875 de
3193 5820 3374 5876 exsilii
3401 5830 3581 5876 autem
3613 5828 3727 5872 tem-
