3974 6192
279 271 411 337 1065

1537 265 1946 336 VALLARSII
1983 272 2219 336 NOTAE.

3383 274 3522 343 1066

269 398 400 455 pure
451 404 575 445 mox
618 387 887 445 dicemus.
936 388 1268 463 Scaliger-mm
1324 389 1517 456 movit,
1562 399 1623 443 ut
1679 390 1844 443 alium
1878 398 1923 454 Α
1955 391 2201 461 martyrii
2233 390 2410 460 palma
2442 390 2663 461 donato,
2708 407 2833 448 cum
2879 404 3117 464 quatuor
3143 408 3254 465 jam
3309 410 3525 450 menses

267 482 472 551 puxarit
500 483 569 550 ab
600 493 664 536 eo
706 496 850 547 esse,
878 483 1045 553 quod,
1083 491 1307 550 auctore
1334 480 1523 537 Tacito
1571 482 1712 536 llist.
1753 499 1837 548 Ill,

266 587 388 643 cap.
417 573 509 637 81,
551 576 841 630 miscuerat
872 591 929 630 se
957 575 1147 646 legatis
1185 574 1273 647 (ad
1306 573 1617 643 Flavianos)
1656 573 1846 627 Muso-

265 668 383 718 nius
432 663 601 733 Rufus
635 666 891 734 equestris"
930 668 1157 725 ordinis.
1202 666 1439 719 studium
1505 663 1848 736 philosophice

262 769 313 811 et
337 756 866 826 placita‘Stoicorum
892 757 1174 813 (cotulatus
1205 767 1302 812 :et
1323 758 1449 824 quia
1480 759 1698 811 Stoicus
1723 758 1844 821 iste,

267 845 551 921 Xiphilino
603 859 659 904 et
711 844 927 903 Zonara
981 851 1241 915 testibus,
1274 864 1379 904 non
1415 848 1605 918 pulsus
1654 847 1843 902 fuitin

262 941 544 996 exsilium.
571 941 678 996 Sed
713 944 849 1010 t’ugit
868 957 991 996 eum
1019 942 1192 1010 ratio;
1218 958 1324 996 non
1347 943 1490 995 enim
1523 956 1586 994 ex
1611 955 1676 995 eo
1701 939 1845 1010 quod

266 1034 492 1089 tradunt
527 1034 729 1089 laudati
767 1046 1045 1098 auctores,
1083 1051 1208 1089 cum
1249 1033 1617 1103 Vespasianus
1675 1046 1841 1087 exsu-

264 1126 380 1179 lare
426 1126 990 1196 philosophusjnssit,
1034 1125 1345 1181 Musonium
1380 1127 1685 1195 excepisse,
1740 1140 1829 1180 se-

263 1218 455 1287 quitur
480 1220 650 1275 fuisse
701 1235 825 1274 eum
862 1219 1068 1289 pridem
1107 1218 1271 1274 etiam
1304 1234 1331 1272 a
1376 1216 1591 1273 Nerone
1665 1232 1838 1271 exec-

259 1307 459 1377 p'um;
492 1326 556 1365 ex
603 1311 794 1366 Tacito
841 1320 1024 1366 autem
1081 1312 1328 1381 pluribus
1368 1310 1524 1376 locis,
1581 1311 1723 1381 quod
1790 1319 1844 1363 et

261 1400 556 1457 Theudoru
593 1402 797 1474 Ryckio
830 1405 1183 1460 observatum
1229 1415 1335 1470 est,
1383 1415 1437 1461 et
1469 1420 1536 1460 cx
1586 1404 1828 1474 Epistula

254 1494 463 1550 Juliani
497 1498 637 1565 apud
678 1495 905 1550 Suidam
937 1510 1058 1551 voc.
1086 1497 1430 1561 Μουσώνιος,
1468 1498 1600 1552 satis
1637 1498 1827 1566 liqurt,

259 1603 434 1643 unum
466 1589 831 1658 eutndemque
863 1604 1006 1655 esse,
1043 1591 1120 1644 uti
1147 1590 1311 1643 etiam
1365 1600 1559 1645 contra
1594 1589 1835 1658 Scalige-

258 1695 382 1734 rum
410 1680 619 1735 notavit
640 1679 867 1737 Jonsius
902 1681 998 1736 lib.
1032 1698 1091 1736 ιιι
1115 1683 1182 1737 de
1213 1680 1480 1752 Scriptor.
1512 1681 1652 1737 llisl.
1687 1680 1830 1733 Phil.

1950 483 2177 552 diesque
2199 484 2409 554 aliquot
2430 493 2679 542 vacasset
2705 489 2864 543 sedes
2891 489 3160 552 Romana,
3187 503 3306 542 eam
3333 489 3527 544 volunt

1953 560 2264 643 implevisse
2292 574 2615 630 Anacletum
2662 579 2824 632 annis
2894 578 3208 644 duodecim,
3246 579 3526 634 mensibus

1952 663 2163 729 decem,
2191 664 2389 720 diebus
2427 676 2570 731 octo,
2603 668 2668 720 ad
2699 668 2902 723 Christi
2934 669 3025 732 96,
3062 685 3170 740 quo
3225 672 3528 738 imperante

1951 748 2131 805 adhuc
2166 750 2499 818 Domitiano,
2545 757 2808 828 martyrio
2838 771 2927 814 est
2963 771 3282 826 coronatus,
3341 771 3397 816 et
3444 762 3527 817 lo-

1961 852 2084 891 cum
2112 839 2333 909 reliquit
2364 842 2634 907 Evaristo,
2672 860 2837 914 quem
2876 848 3201 915 praecedenti
3229 862 3379 904 anno
3406 849 3515 904 sibi

1948 930 2216 986 vicarium
2286 936 2403 1003 ipse
2430 934 2739 991 sutlecerat.
2797 937 2871 993 De
2912 941 3147 1007 ett-teris,
3199 941 3291 1010 qui
3324 943 3524 998 subse-

1949 1022 2059 1075 cuti
2093 1033 2243 1082 sunt.
2290 1035 2347 1078 et
2376 1026 2584 1094 quibus
2635 1030 2983 1083 recensendis
3009 1047 3118 1086 non
3156 1048 3330 1104 usque
3386 1036 3523 1090 adeo

1948 1121 2095 1167 tanta
2152 1124 2452 1185 auctorum;
2481 1120 2852 1189 discrepantia
2901 1133 3006 1189 est,
3043 1127 3159 1180 suis
3188 1126 3326 1180 intra
3388 1128 3524 1184 locis

1948 1206 2215 1264 dicemus.

2017 1294 2134 1351 Col.
2170 1299 2298 1354 457.
2347 1299 2529 1356 Romre
2585 1302 2834 1371 plurimm
2883 1306 3043 1364 (cdes.
3085 1310 3329 1381 Contigit
3360 1316 3522 1384 paulo

1946 1395 2095 1449 ante,
2132 1399 2190 1442 ιιι
2244 1389 2502 1460 colligere
2535 1403 2622 1447 est
2655 1408 2723 1448 ex
2783 1395 2972 1452 Dionis
3028 1400 3169 1453 libro
3199 1417 3347 1466 um,
3396 1419 3520 1458 cum

1943 1486 2213 1533 vastatam
2248 1479 2465 1534 Vesuvii
2518 1483 2944 1553 conﬂagratione
2982 1489 3332 1561 Campaniam
3365 1495 3520 1550 Titus

1941 1565 2222 1624 inviseret.
2279 1571 2483 1627 Saltem
2542 1587 2628 1630 est
2675 1577 2797 1633 aliis
2851 1579 3012 1649 hujus
3046 1583 3176 1636 anni
3236 1586 3428 1657 gestis,
3460 1601 3516 1646 et

1939 1661 2329 1727 amphitheatri
2380 1666 2725 1725 dedicatione
2765 1672 3035 1729 anterius.
3070 1674 3271 1733 Confer
3309 1679 3511 1738 Sueto-

250 1787 379 1842 cap.
416 1772 468 1825 7.
495 1772 661 1848 Igitur
691 1788 798 1827 non
841 1784 929 1829 est
963 1790 993 1826 a
1027 1772 1171 1839 Tito,
1206 1774 1301 1829 sed
1388 1776 1596 1846 pridem
1649 1789 1680 1827 a
1737 1772 1836 1827 Ve-
1872 1776 1913 1833 Β
1943 1756 2114 1848 “illm-

254 1865 521 1934 Spasiano
554 1876 861 1932 revocatus;
894 1869 1040 1935 quod
1076 1875 1255 1920 autem
1284 1866 1350 1919 ad
1370 1864 1547 1920 Titum
1572 1865 1833 1935 Hierony-

248 1973 379 2012 mus
409 1961 607 2020 refert,”
638 1959 717 2012 vel
751 1960 935 2028 ignota
961 1959 1122 2012 nobis
1149 1973 1312 2012 causa
1343 1970 1447 2022 est,
1480 1959 1561 2009 vel
1597 1957 1833 2027 benigno

247 2048 460 2104 lectore
530 2048 762 2120 indiget.
828 2048 1329 2106 Schutzﬂciscbius
1390 2049 1608 2102 consuli
1677 2048 1835 2116 jubet

246 2136 593 2205 Spencerunt
626 2141 692 2191 ad
727 2138 951 2206 Origen.
985 2138 1078 2191 lib.
1120 2154 1175 2190 ιιι
1203 2147 1396 2208 contra
1434 2134 1652 2191 Celsum
1694 2152 1816 2204 pag.

244 2230 341 2293 46,
379 2231 431 2282 ὁ.
474 2225 722 2284 Testatur
752 2240 931 2284 autem
960 2242 1015 2284 et
1047 2229 1143 2283 Dio
1174 2228 1236 2284 C.
1273 2229 1576 2282 Musonium
1614 2227 1816 2281 Rufum

247 2323 482 2377 minime
536 2324 750 2392 jussum
806 2323 1057 2378 chttlare
1118 2340 1146 2376 a
1200 2323 1565 2392 Vespasiano,
1608 2321 1733 2374 timo
1786 2335 1816 2373 a

249 2417 473 2470 caeteris
512 2430 653 2483 quos
682 2416 888 2485 expulit
911 2413 1263 2484 philosophis
1294 2422 1627 2483 exemptum.

322 2504 443 2562 Col.
478 2507 601 2560 458.
630 2506 881 2561 Romano:
914 2508 1188 2563 Ecclesiaz.
1216 2508 1271 2560 In
1310 2506 1500 2560 eodem
1539 2520 1643 2560 ms.
1678 2514 1741 2560 ut
1779 2512 1836 2559 ct

245 2598 380 2653 aliis
413 2597 692 2668 Scaligero
725 2608 777 2653 et
805 2599 1046 2653 Pontaco
1104 2598 1368 2662 laudatis,
1416 2596 1703 2652 Anacletus
1734 2611 1831 2653 vo-

250 2702 440 2746 catur.
484 2689 824 2745 Rcccnsctur
847 2690 1089 2746 etiamin
1118 2692 1308 2746 eodem
1336 2693 1497 2760 libro,
1524 2702 1687 2762 atque
1711 2692 1835 2746 aliis

245 2783 563 2852 pra-serum
604 2783 788 2849 editis,
821 2784 1150 2853 prmcedenti
1183 2798 1329 2838 anno
1362 2793 1489 2838 ante
1519 2784 1831 2853 periocbam
1884 2812 1890 2817 ~

243 2878 324 2929 de
357 2874 576 2931 Vesuvii
615 2880 925 2945 eruptione,
964 2894 992 2929 ιι
1051 2887 1164 2944 quo
1195 2874 1339 2942 loco,
1398 2877 1471 2930 ita
1501 2876 1725 2946 jubente
1779 2876 1835 2929 in

180 2995 187 3000 -
241 2966 419 3023 Cutis
467 2969 863 3037 posterioribus
896 2971 1159 3032 Pontaco,
1199 2967 1430 3038 aliisque
1484 2966 1832 3036 sull‘ragantia-

182 3056 186 3059 ’
243 3060 359 3114 bus
401 3059 581 3125 libris,
627 3068 681 3115 et
713 3059 1068 3130 Scaliger-ana
1102 3061 1365 3124 editione,
1397 3063 1502 3114 huc
1536 3060 1817 3114 transtuli.

2010 1847 2142 1902 Ibid.
2176 1848 2324 1903 Titus
2346 1848 2523 1907 morbo
2550 1856 2701 1920 perit.
2733 1855 2909 1920 Unus,
2933 1870 3196 1927 quantum
3237 1868 3515 1932 recordor,

1950 1939 2228 1997 Eusebius
2264 1945 2332 2014 (si
2357 1955 2505 2001 recte
2533 1947 2737 2003 habent
2767 1956 3123 2025 exemplaria)
3152 1958 3257 2011 Titi
3286 1969 3514 2015 mortem

1941 2031 2114 2097 pridie
2155 2032 2278 2090 ldus
2332 2033 2689 2106 Septembris,
2725 2052 2782 2096 et
2827 2057 2973 2098 anno
3002 2048 3184 2102 a-tatis
3228 2050 3348 2119 ejus
3379 2067 3518 2121 qua-

1936 2121 2245 2193 dragesitno
2307 2130 2544 2185 secundo
2596 2133 2844 2192 ascribit.
2900 2137 3006 2191 Alii
3049 2153 3185 2193 cum
3232 2139 3516 2209 Suetonio,

1946 2216 2079 2284 ipsis
2128 2218 2308 2273 Idibus
2362 2219 2704 2293 Septembris,
2764 2228 2932 2282 altero
2988 2240 3038 2284 et
3111 2233 3517 2306 quadragesimo

1947 2310 2122 2363 (etatis
2174 2327 2316 2381 anno
2336 2315 2642 2372 excessisse
2687 2333 2812 2373 eum
2868 2324 3110 2379 tradunt.
3153 2323 3258 2381 Sed
3305 2337 3361 2383 et
3408 2345 3513 2387 ms.

1941 2398 2267 2471 Parmensis,
2299 2406 2457 2474 cujus
2507 2409 2694 2480 utique
2729 2415 2960 2481 probare
2988 2418 3171 2471 malim
3199 2419 3512 2484 lectionem.

1939 2492 2001 2544 τὸ
2029 2495 2202 2560 pridie
2234 2504 2402 2552 tacet.
2720 2496 2721 2499 “

2008 2586 2124 2643 Col.
2187 2589 2314 2644 460.
2390 2592 2744 2652 Domitianus.
2807 2600 3047 2658 Dixisset
3087 2588 3324 2662 'dievtts:
3381 2615 3517 2667 satis

1939 2676 2075 2731 bene
2109 2678 2191 2734 illi
2222 2695 2345 2735 cum
2373 2686 2583 2740 caeteris
2608 2687 2972 2758 scriptoribus
3001 2696 3343 2760 conveniret.
3378 2697 3518 2755 Sne.

1941 2770 2110 2835 tonio,
2168 2772 2415 2842 inquam,
2448 2774 2755 2846 Xipbilino,
2807 2781 3036 2840 Tabulis
3091 2787 3516 2855 Astronomic‘is,

1939 2862 2055 2935 ipsa
2091 2866 2325 2936 denique
2349 2880 2655 2940 temporum
2684 2878 3093 2945 supputatione.
3128 2878 3269 2937 Sunt
3314 2898 3507 2940 revera

1939 2958 2034 3026 qui
2067 2960 2330 3030 scriptum
2375 2965 2443 3017 ab
2479 2963 2910 3025 Eusebio'vclint
2932 2972 3148 3044 ἡμέρας
3192 2990 3293 3046 pro
3314 2978 3516 3048 μῆνας,

1943 3050 2093 3120 quod
2134 3064 2294 3108 vetus
2329 3070 2453 3111 esse
2504 3058 2853 3115 librariorum
2896 3066 3156 3120 mendum
3188 3067 3301 3136 jam
3330 3070 3456 3127 inde
3488 3090 3515 3126 ιι

241 3167 401 3206 mus.
437 3122 735 3206 Historiam
770 3122 917 3222 (μισ-(1
951 3160 1183 3222 spectat,
1219 3122 1514 3218 Eusebius,
1550 3150 1663 3204 sive
1710 3150 1830 3204 Cle-
1857 3122 1903 3186 (ἶ
1938 3145 2251 3218 Hieronymi
2287 3151 2631 3219 temporibus
2664 3155 2984 3224 conjiciunt.
3022 3157 3092 3215 At
3141 3122 3235 3230 qui
3262 3177 3515 3234 superest

240 3255 357 3299 tum
394 3245 487 3299 hic
527 3244 828 3314 scripserit,
866 3245 980 3300 sive
1022 3244 1360 3307 Anacletum,
1415 3244 1498 3298 vel
1529 3242 1832 3313 Ἀνέγκλη-

236 3350 361 3398 τοι),
395 3333 745 3389 manifestum
777 3342 905 3399 est,
947 3350 1054 3388 non
1092 3336 1253 3399 duos,
1311 3334 1406 3388 sed
1469 3349 1636 3388 unum
1672 3348 1833 3389 eum-

239 3428 484 3494 demque
515 3428 580 3481 iis
611 3426 930 3480 nominibus
957 3425 1268 3480 Romanum
1288 3415 1620 3497 episcopum
1695 3440 1828 3480 eet:-

241 3520 454 3573 suiSse.
485 3518 619 3571 Tam
651 3529 833 3572 autem
865 3520 1006 3589 ejus,
1055 3533 1219 3588 quam
1276 3518 1495 3572 illorum
1548 3517 1644 3587 qui
1689 3518 1827 3571 duos

240 3614 503 3664 diversos
528 3610 814 3679 episcopos
847 3609 1075 3673 faciunt,
1114 3609 1389 3665 sententia
1429 3610 1594 3665 bonis
1642 3623 1707 3662 ex
1751 3610 1834 3661 in-

241 3703 381 3757 tima
443 3702 766 3771 antiquitate
799 3702 1137 3771 argumentis
1196 3701 1412 3764 nititur,
1461 3716 1748 3770 annuosque
1777 3708 1833 3754 et

239 3796 449 3849 seriem
482 3794 806 3849 Pontificum
841 3807 1074 3863 utraque
1113 3794 1269 3863 juxta
1297 3794 1646 3866 hypothesim
1673 3807 1829 3847 suam

238 3888 584 3942 moderatur.
615 3887 887 3942 Caeterum
919 3886 1179 3941 tralatitia
1235 3900 1413 3957 eaque
1457 3886 1830 3956 impeditissi-

240 3990 334 4030 tna
371 3975 677 4044 disputatio
725 3986 808 4031 est
857 3974 925 4029 de
958 3973 1150 4044 primis
1183 3985 1421 4045 quatuor
1451 3986 1546 4028 aut
1573 3974 1820 4043 quinque

237 4066 519 4121 Βοιιιειιιις
549 4065 847 4135 episcopis,
877 4079 1041 4133 quant
1074 4080 1195 4119 cuut
1230 4074 1477 4119 retexere
1529 4065 1616 4118 ltic
1660 4072 1828 4132 atque

237 4158 534 4231 explicare
565 4174 661 4229 per
684 4167 943 4212 notarum
971 4156 1256 4225 angustias
1285 4170 1391 4210 non
1421 4156 1604 4222 liceat,
1638 4156 1830 4224 accipe

240 4253 426 4321 (quod
462 4267 632 4305 unum
686 4260 865 4319 potest
925 4258 1182 4303 ntutuare
1235 4248 1555 4303 EUScbianis
1604 4249 1831 4304 calculis

238 4343 456 4413 lucem)
482 4359 591 4413 quo
612 4356 771 4413 pacto
797 4346 1135 4400 recentiores
1167 4345 1649 4415 accuratioresque
1671 4346 1832 4399 chro-

1935 3235 2160 3292 Graecus
2191 3240 2245 3292 in
2296 3239 2579 3298 Chronico
2614 3243 2869 3303 Paschali
2914 3257 3118 3320 textus,
3149 3254 3384 3322 amplius
3419 3272 3516 3312 ex-

1934 3338 2155 3398 aggerat
2182 3324 2236 3383 in
2266 3329 2362 3399 ιτη
2392 3337 2491 3395 ις’.
2527 3332 2815 3404 Syneellus
2853 3337 3054 3394 dubius
3076 3350 3243 3406 errat,
3266 3344 3518 3400 scribens

1921 3412 2191 3486 regnasse
2214 3420 2580 3476 Domitianum
2613 3434 2732 3491 post
2767 3416 2952 3480 Titum
2997 3428 3091 3500 ἔτη
3112 3430 3203 3501 ιβ’,
3240 3435 3341 3488 σὺν
3362 3435 3517 3506 αὐτῷ

1932 3509 1988 3562 δὲ
2019 3509 2104 3569 ιδ’,
2132 3510 2351 3577 κατὰ;δὲ
2376 3510 2570 3575 ἄλλους
2600 3509 2682 3568 ιε’.
2719 3514 2971 3572 Dicemus
3004 3519 3107 3574 hac
3137 3522 3205 3576 de
3228 3539 3287 3578 re
3316 3525 3516 3580 iterum

1935 3601 2002 3653 ad
2033 3600 2389 3671 imperatoris
2416 3615 2672 3661 mortem.
2708 3604 2922 3664 Interea
2958 3609 3197 3681 Scaliger
3217 3613 3271 3668 in
3319 3614 3511 3672 Gratco

1933 3691 2157 3748 Canone
2172 3693 2481 3751 Eusebiano
2499 3698 2735 3766 primum
2756 3714 2960 3756 annum
2986 3701 3277 3760 Domitiani
3315 3708 3517 3763 statuit

1935 3786 1990 3841 in
2016 3787 2487 3860 num.2098,quod
2513 3799 2570 3845 ut
2606 3791 2811 3848 rectius
2832 3793 2901 3849 sit
2925 3796 3075 3863 (nam
3107 3806 3257 3853 certe
3309 3798 3516 3856 biennii

1934 3880 2353 3948 prochronismo
2387 3879 2708 3939 Eusebiante
2736 3883 3111 3957 rationesjam
3146 3887 3278 3943 inde
3309 3904 3341 3943 a
3373 3887 3516 3947 Ver-

1934 3969 2195 4040 pasiano,
2227 3982 2284 4025 ut
2310 3982 2556 4026 notatum
2588 3981 2693 4039 est,
2717 3984 2966 4045 peccant,
2995 3984 3049 4031 et
3080 3977 3295 4046 primus
3328 3977 3511 4035 Domi-

1942 4062 2108 4116 tianci
2139 4063 2353 4133 imperii
2395 4078 2574 4121 annus
2623 4080 2747 4123 cum
2783 4066 3112 4139 Olympiadis
3136 4067 3244 4126 215
3271 4071 3516 4128 secundo

1934 4155 2262 4226 concurrit),
2288 4166 2550 4224 praestare
2573 4157 2652 4213 illi
2685 4158 2957 4215 arbitratu
2986 4176 3090 4218 suo
3130 4177 3239 4218 non
3280 4163 3508 4220 licebat.

1935 4242 2094 4302 Subit
2125 4247 2341 4303 interim
2367 4249 2573 4312 mirari,
2616 4252 2761 4321 quod
2800 4251 3212 4310 illustrissimus
3246 4253 3516 4326 Mansius,

1935 4354 2059 4394 cum
2108 4340 2162 4394 in
2198 4340 2428 4397 Lucensi
2459 4358 2561 4398 suo
2597 4359 2701 4399 ms.
2738 4344 2922 4414 (quem
2974 4346 3204 4400 minime
3225 4344 3516 4403 diliitemur

238 4434 433 4501 pelagi
469 4435 537 4488 ab
577 4435 680 4489 hoc
710 4434 833 4489 loco
865 4435 1109 4491 rationes
1137 4452 1264 4491 suas
1300 4437 1353 4489 in
1396 4439 1592 4491 borum
1644 4429 1828 4507 ponii-
1866 4463 1914 4524 ο
1938 4430 2161 4501 optimae
2210 4445 2355 4488 notae
2401 4434 2673 4505 codicem)
2729 4436 2881 4507 legat
2970 4438 3247 4494 duodecim
3303 4449 3515 4496 tantum

236 4528 415 4581 ticum
461 4524 605 4582 serie
630 4528 902 4597 digerant.
931 4526 1072 4584 Lino
1115 4529 1455 4584 Clementem
1489 4529 1830 4585 successisse

233 4632 397 4672 atino
435 4616 628 4672 ultimo
661 4617 912 4685 Neronis,
947 4619 1150 4674 Christi
1186 4619 1275 4686 68,
1302 4628 1577 4676 statuunt.
1604 4617 1670 4674 Et
1697 4636 1831 4676 sane

234 4711 470 4779 longius
500 4726 529 4765 a
570 4726 698 4766 vero
731 4710 1031 4768 Eusebium
1070 4714 1381 4777 aberrasse,
1408 4711 1500 4781 qui
1538 4709 1831 4781 pontiﬁca-

235 4817 362 4859 tum
395 4806 699 4861 Clementis
734 4808 801 4863 ad
826 4821 1030 4862 annum
1060 4821 1232 4877 usque
1263 4806 1466 4861 Christi
1500 4806 1571 4862 95
1628 4804 1829 4869 diEert,

232 4913 373 4951 cum
408 4892 596 4965 Pagiu,
655 4907 771 4951 tum
825 4898 946 4952 aliis
1018 4897 1447 4952 demonstratum
1506 4903 1611 4951 est.
1662 4894 1832 4950 Porro

235 4990 434 5052 aiunt,
484 4990 731 5061 tenuisse
766 4988 1103 5057 Clementem
1156 4989 1457 5044 Romanam
1513 4989 1831 5044 cathedram

237 5099 348 5153 per
385 5098 561 5135 annos
592 5088 807 5146 decem,
838 5085 1032 5138 diebus
1069 5093 1279 5137 tantum
1337 5082 1529 5153 viginti
1566 5085 1830 5153 exceptis,

232 5177 311 5231 ad
352 5176 562 5230 Christi
586 5178 805 5245 scilicet
840 5178 929 5231 76.
966 5192 1075 5246 quo
1127 5190 1185 5230 se
1222 5176 1514 5233 abdicavit.
1561 5174 1661 5231 Cui
1710 5163 1832 5246 post

228 5274 488 5327 duorum
542 5280 597 5325 et
641 5270 787 5339 quod
849 5274 1091 5324 excurrit
1147 5271 1417 5326 mensium
1462 5271 1829 5336 interregnum

230 5372 582 5435 subrogatus
639 5366 713 5419 sit
759 5364 967 5427 Cletus,
1007 5378 1179 5433 usque
1221 5366 1287 5416 ad
1343 5363 1551 5418 Christi
1599 5366 1691 5427 85,
1741 5377 1837 5431 per

233 5473 428 5517 annos
461 5476 585 5526 sex,
652 5474 870 5514 menses
896 5459 1058 5524 duos,
1102 5469 1156 5513 et
1208 5457 1325 5513 dies
1363 5457 1477 5513 fere
1525 5458 1736 5523 decem,
1776 5467 1836 5512 ut

232 5564 440 5608 noster
474 5549 833 5607 Blancbiuius
853 5566 919 5606 ex
942 5550 1201 5620 Calalogo
1225 5550 1554 5606 Pontiﬁcum
1585 5550 1837 5606 Liberiu-

228 5661 317 5700 ιιο
357 5647 409 5696 in
446 5645 856 5712 l’rolegomeuis
888 5644 954 5697 ad
985 5644 1337 5699 Anastasium
1366 5652 1497 5700 tom.
1532 5642 1574 5698 ll
1609 5646 1833 5715 (nostrae

241 5755 387 5801 vero
422 5738 629 5793 Palrol.
676 5734 942 5805 CXXVII)
995 5747 1159 5805 atque
1213 5737 1268 5791 itt
1318 5735 1473 5794 Nolis
1523 5737 1703 5795 docet.
1763 5737 1840 5793 E0

590 5836 860 5895 Pt'mOL.
908 5830 1174 5895 XXVII.

1942 4538 2107 4578 annos
2138 4523 2288 4601 regni
2339 4522 2645 4580 Domitiano
2681 4526 2872 4591 tribui,
2922 4527 3066 4584 hanc
3100 4532 3259 4586 unice
3310 4531 3507 4587 lectie-

1937 4630 2060 4670 nem
2094 4616 2311 4685 probet,
2347 4627 2540 4672 contra
2570 4626 2737 4688 atque
2758 4618 2960 4675 habent
2989 4629 3241 4677 auctores
3269 4622 3520 4694 plerique

1937 4722 2152 4773 omnes,
2188 4709 2307 4778 ipse
2358 4725 2468 4764 uno
2524 4709 2789 4781 Syncelli,
2825 4726 3003 4781 eoque
3060 4712 3289 4769 incertat
3322 4716 3514 4772 admo-

1936 4802 2066 4855 dum
2103 4816 2361 4873 vagasque
2389 4803 2692 4860 notationis
2726 4804 3050 4860 testimonio
3078 4805 3276 4860 frctus.

2006 4895 2148 4950 ibid.
2186 4894 2477 4949 Domitiani
2509 4911 2666 4950 uxor.
2686 4895 2982 4952 Contendit
3017 4896 3280 4969 Scaliger,
3323 4898 3514 4956 l'ucum

1939 4986 2137 5043 fecisse
2163 4986 2407 5042 Eusebio
2457 4986 2574 5041 haec
2618 5000 2901 5056 perperam
2958 4988 3234 5046 intellcCta
3264 4989 3516 5048 Suetonii

1936 5093 2057 5148 cap.
2089 5093 2149 5134 ιιι
2184 5078 2393 5134 verba:
2429 5077 2629 5133 Deinde
2659 5093 2879 5134 uxorem
2936 5081 3248 5148 Domitiam,
3298 5096 3364 5140 ex
3401 5100 3509 5154 qua

1938 5178 1991 5231 in
2042 5176 2274 5231 secundo
2305 5191 2400 5229 suo
2431 5176 2715 5229 consulatu
2765 5174 2939 5243 ﬁlium
2973 5176 3191 5247 tulerat,
3237 5181 3506 5249 alteroque

1938 5286 2080 5324 anno
2114 5267 2542 5323 consalutaverat
2562 5280 2613 5322 ut
2646 5268 3041 5340 Augustam...
3071 5273 3391 5343 repudiavit.
3423 5271 3518 5327 Al-

1942 5373 2117 5418 terum
2150 5362 2296 5417 enim
2328 5376 2531 5416 annum
2572 5363 2962 5434 interpretatur
3015 5384 3041 5417 ει
3089 5364 3334 5419 secundo
3376 5342 3523 5421 con;

1943 5458 2121 5509 sulatn
2160 5453 2483 5520 Domitiani,
2522 5455 2612 5523 qui
2666 5459 2855 5527 utique
2896 5469 2975 5512 cst
3012 5457 3342 5525 Vespasiano
3371 5459 3513 5531 Aug.

1942 5563 1974 5601 v
2004 5557 2068 5601 et'
2088 5545 2210 5600 Tito
2240 5561 2303 5600 ιιι
2361 5560 2539 5609 coss.,
2568 5545 2687 5602 sive
2729 5547 3050 5620 Olympiadis
3079 5546 3184 5599 215
3213 5549 3518 5617 secundus;

1950 5639 2093 5694 unde
2124 5637 2406 5709 septennii
2464 5639 2929 5695 metachronismo
2968 5649 3253 5706 peccatum
3302 5640 3393 5693 hic
3424 5640 3519 5694 sit.

1945 5731 2097 5799 Mihi,
2135 5746 2269 5802 pace
2319 5731 2582 5805 Scaligeri
2616 5731 2871 5786 disci-nn.
2927 5740 3041 5782 rect
3067 5746 3129 5781 us
3177 5729 3391 5784 videtur
3428 5727 3523 5801 (si

2300 5841 2305 5847 '
3149 5824 3227 5883 3's
