  <div class='ocr_page' id='page_1' title='image "/cluster/home/n/w/nwhite01/storage/ocr_20150623/27/hvd.32044096580501/537.png"; bbox 0 0 3974 6192; ppageno 0'>
   <div class='ocr_carea' id='block_1_1' title="bbox 441 339 578 407">
    <p class='ocr_par' dir='ltr' id='par_1_1' title="bbox 441 339 578 407">
     <span class='ocr_line' id='line_1_1' title="bbox 441 339 578 407; baseline 0.015 -2"><span class='ocrx_word' id='word_1_1' title='bbox 441 339 578 407; x_wconf 66' lang='grc' dir='ltr'><strong>ῙΟῆἸ</strong></span> 
     </span>
    </p>
   </div>
   <div class='ocr_carea' id='block_1_2' title="bbox 1712 330 2390 396">
    <p class='ocr_par' dir='ltr' id='par_1_2' title="bbox 1712 330 2390 396">
     <span class='ocr_line' id='line_1_2' title="bbox 1712 330 2390 396; baseline -0.012 -2"><span class='ocrx_word' id='word_1_2' title='bbox 1712 334 2107 396; x_wconf 82' lang='lat' dir='ltr'><strong>VALLABSII</strong></span> <span class='ocrx_word' id='word_1_3' title='bbox 2149 330 2390 395; x_wconf 60' lang='lat' dir='ltr'><strong>NOTAE.</strong></span> 
     </span>
    </p>
   </div>
   <div class='ocr_carea' id='block_1_3' title="bbox 3547 319 3678 383">
    <p class='ocr_par' dir='ltr' id='par_1_3' title="bbox 3547 319 3678 383">
     <span class='ocr_line' id='line_1_3' title="bbox 3547 319 3678 383; baseline 0 0"><span class='ocrx_word' id='word_1_4' title='bbox 3547 319 3678 383; x_wconf 78' lang='lat'><strong>1068</strong></span> 
     </span>
    </p>
   </div>
   <div class='ocr_carea' id='block_1_4' title="bbox 421 436 3682 524">
    <p class='ocr_par' dir='ltr' id='par_1_4' title="bbox 421 436 3682 524">
     <span class='ocr_line' id='line_1_4' title="bbox 421 436 3682 524; baseline -0.007 -11"><span class='ocrx_word' id='word_1_5' title='bbox 421 460 492 513; x_wconf 78' lang='lat' dir='ltr'><strong>ab</strong></span> <span class='ocrx_word' id='word_1_6' title='bbox 516 474 584 514; x_wconf 90' lang='lat' dir='ltr'><strong>eo</strong></span> <span class='ocrx_word' id='word_1_7' title='bbox 611 457 738 514; x_wconf 88' lang='lat' dir='ltr'><strong>loco</strong></span> <span class='ocrx_word' id='word_1_8' title='bbox 773 457 1028 514; x_wconf 73' lang='lat' dir='ltr'><strong>Suetonii</strong></span> <span class='ocrx_word' id='word_1_9' title='bbox 1053 454 1282 524; x_wconf 79' lang='lat' dir='ltr'><strong>hausit)</strong></span> <span class='ocrx_word' id='word_1_10' title='bbox 1319 454 1710 524; x_wconf 82' lang='lat' dir='ltr'><strong>interpretatus</strong></span> <span class='ocrx_word' id='word_1_11' title='bbox 1731 451 1999 507; x_wconf 79' lang='lat' dir='ltr'><strong>Eusebius</strong></span> <span class='ocrx_word' id='word_1_12' title='bbox 2027 455 2072 512; x_wconf 82' lang='grc' dir='ltr'><strong>Α</strong></span> <span class='ocrx_word' id='word_1_13' title='bbox 2103 449 2337 503; x_wconf 75' lang='lat' dir='ltr'><strong>intrrrsa.</strong></span> <span class='ocrx_word' id='word_1_14' title='bbox 2359 446 2587 499; x_wconf 77' lang='lat' dir='ltr'><strong>Ticinum</strong></span> <span class='ocrx_word' id='word_1_15' title='bbox 2620 455 2799 498; x_wconf 85' lang='lat' dir='ltr'><strong>tamen</strong></span> <span class='ocrx_word' id='word_1_16' title='bbox 2825 443 2878 496; x_wconf 89' lang='lat' dir='ltr'><strong>irt</strong></span> <span class='ocrx_word' id='word_1_17' title='bbox 2910 441 3190 497; x_wconf 78' lang='lat' dir='ltr'><strong>Parmensi</strong></span> <span class='ocrx_word' id='word_1_18' title='bbox 3240 454 3344 494; x_wconf 87' lang='lat' dir='ltr'><strong>ms.</strong></span> <span class='ocrx_word' id='word_1_19' title='bbox 3377 453 3477 507; x_wconf 85' lang='lat' dir='ltr'><strong>pro</strong></span> <span class='ocrx_word' id='word_1_20' title='bbox 3510 436 3682 491; x_wconf 78' lang='lat' dir='ltr'><strong>Titia-</strong></span> 
     </span>
    </p>
   </div>
   <div class='ocr_carea' id='block_1_5' title="bbox 417 539 1982 616">
    <p class='ocr_par' dir='ltr' id='par_1_5' title="bbox 417 539 1982 616">
     <span class='ocr_line' id='line_1_5' title="bbox 417 539 1982 616; baseline -0.006 -14"><span class='ocrx_word' id='word_1_21' title='bbox 417 550 653 603; x_wconf 86' lang='lat' dir='ltr'><strong>altcrunt</strong></span> <span class='ocrx_word' id='word_1_22' title='bbox 703 546 914 616; x_wconf 90' lang='lat' dir='ltr'><strong>imperii</strong></span> <span class='ocrx_word' id='word_1_23' title='bbox 951 559 1175 610; x_wconf 89' lang='lat' dir='ltr'><strong>annum,</strong></span> <span class='ocrx_word' id='word_1_24' title='bbox 1223 559 1328 598; x_wconf 88' lang='lat' dir='ltr'><strong>nort</strong></span> <span class='ocrx_word' id='word_1_25' title='bbox 1365 543 1593 597; x_wconf 87' lang='lat' dir='ltr'><strong>alrerrrrn</strong></span> <span class='ocrx_word' id='word_1_26' title='bbox 1625 557 1654 593; x_wconf 92' lang='lat' dir='ltr'><strong>a</strong></span> <span class='ocrx_word' id='word_1_27' title='bbox 1695 539 1982 596; x_wconf 82' lang='lat' dir='ltr'><strong>consulatu</strong></span> 
     </span>
    </p>
   </div>
   <div class='ocr_carea' id='block_1_6' title="bbox 420 627 1988 702">
    <p class='ocr_par' dir='ltr' id='par_1_6' title="bbox 420 627 1988 702">
     <span class='ocr_line' id='line_1_6' title="bbox 420 627 1988 702; baseline -0.007 -10"><span class='ocrx_word' id='word_1_28' title='bbox 420 637 686 692; x_wconf 88' lang='lat' dir='ltr'><strong>secundo.</strong></span> <span class='ocrx_word' id='word_1_29' title='bbox 721 635 904 702; x_wconf 83' lang='lat' dir='ltr'><strong>Neque</strong></span> <span class='ocrx_word' id='word_1_30' title='bbox 949 634 1230 688; x_wconf 77' lang='lat' dir='ltr'><strong>enimvero</strong></span> <span class='ocrx_word' id='word_1_31' title='bbox 1285 631 1550 701; x_wconf 80' lang='lat' dir='ltr'><strong>intelligo,</strong></span> <span class='ocrx_word' id='word_1_32' title='bbox 1591 629 1684 700; x_wconf 85' lang='lat' dir='ltr'><strong>qui</strong></span> <span class='ocrx_word' id='word_1_33' title='bbox 1746 627 1988 699; x_wconf 88' lang='lat' dir='ltr'><strong>potuerit</strong></span> 
     </span>
    </p>
   </div>
   <div class='ocr_carea' id='block_1_7' title="bbox 419 717 1988 795">
    <p class='ocr_par' dir='ltr' id='par_1_7' title="bbox 419 717 1988 795">
     <span class='ocr_line' id='line_1_7' title="bbox 419 717 1988 795; baseline -0.006 -14"><span class='ocrx_word' id='word_1_34' title='bbox 419 726 707 782; x_wconf 82' lang='lat' dir='ltr'><strong>Domitiam</strong></span> <span class='ocrx_word' id='word_1_35' title='bbox 739 726 1037 795; x_wconf 75' lang='lat' dir='ltr'><strong>Augustam</strong></span> <span class='ocrx_word' id='word_1_36' title='bbox 1067 723 1416 778; x_wconf 87' lang='lat' dir='ltr'><strong>consalrrtare</strong></span> <span class='ocrx_word' id='word_1_37' title='bbox 1467 719 1833 786; x_wconf 88' lang='lat' dir='ltr'><strong>Domitianus,</strong></span> <span class='ocrx_word' id='word_1_38' title='bbox 1869 717 1988 773; x_wconf 84' lang='lat' dir='ltr'><strong>sive</strong></span> 
     </span>
    </p>
   </div>
   <div class='ocr_carea' id='block_1_8' title="bbox 419 813 1988 882">
    <p class='ocr_par' dir='ltr' id='par_1_8' title="bbox 419 813 1988 882">
     <span class='ocr_line' id='line_1_8' title="bbox 419 813 1988 882; baseline -0.006 -11"><span class='ocrx_word' id='word_1_39' title='bbox 419 817 488 872; x_wconf 86' lang='lat' dir='ltr'><strong>ab</strong></span> <span class='ocrx_word' id='word_1_40' title='bbox 519 825 714 870; x_wconf 84' lang='lat' dir='ltr'><strong>senatu</strong></span> <span class='ocrx_word' id='word_1_41' title='bbox 750 817 895 870; x_wconf 88' lang='lat' dir='ltr'><strong>hunc</strong></span> <span class='ocrx_word' id='word_1_42' title='bbox 926 814 1001 867; x_wconf 83' lang='lat' dir='ltr'><strong>illi</strong></span> <span class='ocrx_word' id='word_1_43' title='bbox 1037 815 1298 867; x_wconf 83' lang='lat' dir='ltr'><strong>honorem</strong></span> <span class='ocrx_word' id='word_1_44' title='bbox 1348 813 1664 882; x_wconf 86' lang='lat' dir='ltr'><strong>impetrare,</strong></span> <span class='ocrx_word' id='word_1_45' title='bbox 1698 825 1819 864; x_wconf 82' lang='lat' dir='ltr'><strong>cum</strong></span> <span class='ocrx_word' id='word_1_46' title='bbox 1853 823 1988 864; x_wconf 81' lang='lat' dir='ltr'><strong>non-</strong></span> 
     </span>
    </p>
   </div>
   <div class='ocr_carea' id='block_1_9' title="bbox 419 902 1992 977">
    <p class='ocr_par' dir='ltr' id='par_1_9' title="bbox 419 902 1992 977">
     <span class='ocr_line' id='line_1_9' title="bbox 419 902 1992 977; baseline -0.005 -17"><span class='ocrx_word' id='word_1_47' title='bbox 419 907 548 960; x_wconf 89' lang='lat' dir='ltr'><strong>dum</strong></span> <span class='ocrx_word' id='word_1_48' title='bbox 578 917 720 961; x_wconf 85' lang='lat' dir='ltr'><strong>esset</strong></span> <span class='ocrx_word' id='word_1_49' title='bbox 778 906 891 976; x_wconf 73' lang='lat' dir='ltr'><strong>ipse</strong></span> <span class='ocrx_word' id='word_1_50' title='bbox 921 908 1227 977; x_wconf 78' lang='lat' dir='ltr'><strong>Augustus.</strong></span> <span class='ocrx_word' id='word_1_51' title='bbox 1261 905 1350 971; x_wconf 81' lang='lat' dir='ltr'><strong>At,</strong></span> <span class='ocrx_word' id='word_1_52' title='bbox 1404 904 1646 973; x_wconf 76' lang='lat' dir='ltr'><strong>inquies,</strong></span> <span class='ocrx_word' id='word_1_53' title='bbox 1697 902 1838 956; x_wconf 75' lang='lat' dir='ltr'><strong>facta</strong></span> <span class='ocrx_word' id='word_1_54' title='bbox 1872 907 1992 954; x_wconf 85' lang='lat' dir='ltr'><strong>erat</strong></span> 
     </span>
    </p>
   </div>
   <div class='ocr_carea' id='block_1_10' title="bbox 416 995 1994 1070">
    <p class='ocr_par' dir='ltr' id='par_1_10' title="bbox 416 995 1994 1070">
     <span class='ocr_line' id='line_1_10' title="bbox 416 995 1994 1070; baseline -0.005 -16"><span class='ocrx_word' id='word_1_55' title='bbox 416 1000 508 1054; x_wconf 83' lang='lat' dir='ltr'><strong>illa</strong></span> <span class='ocrx_word' id='word_1_56' title='bbox 536 997 859 1070; x_wconf 79' lang='lat' dir='ltr'><strong>Vespasiani</strong></span> <span class='ocrx_word' id='word_1_57' title='bbox 899 1015 1074 1055; x_wconf 88' lang='lat' dir='ltr'><strong>nurus</strong></span> <span class='ocrx_word' id='word_1_58' title='bbox 1099 1013 1222 1069; x_wconf 64' lang='lat' dir='ltr'><strong>qua:</strong></span> <span class='ocrx_word' id='word_1_59' title='bbox 1256 995 1562 1053; x_wconf 86' lang='lat' dir='ltr'><strong>Domitiano</strong></span> <span class='ocrx_word' id='word_1_60' title='bbox 1587 995 1772 1065; x_wconf 89' lang='lat' dir='ltr'><strong>nupsit</strong></span> <span class='ocrx_word' id='word_1_61' title='bbox 1807 1011 1824 1060; x_wconf 87' lang='lat'><strong>;</strong></span> <span class='ocrx_word' id='word_1_62' title='bbox 1866 995 1994 1046; x_wconf 88' lang='lat' dir='ltr'><strong>Au-</strong></span> 
     </span>
    </p>
   </div>
   <div class='ocr_carea' id='block_1_11' title="bbox 416 1086 1993 1162">
    <p class='ocr_par' dir='ltr' id='par_1_11' title="bbox 416 1086 1993 1162">
     <span class='ocr_line' id='line_1_11' title="bbox 416 1086 1993 1162; baseline -0.006 -16"><span class='ocrx_word' id='word_1_63' title='bbox 416 1102 703 1162; x_wconf 75' lang='lat' dir='ltr'><strong>gustorum</strong></span> <span class='ocrx_word' id='word_1_64' title='bbox 755 1102 936 1147; x_wconf 88' lang='lat' dir='ltr'><strong>autem</strong></span> <span class='ocrx_word' id='word_1_65' title='bbox 977 1093 1124 1160; x_wconf 90' lang='lat' dir='ltr'><strong>ipsas</strong></span> <span class='ocrx_word' id='word_1_66' title='bbox 1163 1105 1334 1146; x_wconf 85' lang='lat' dir='ltr'><strong>nurus</strong></span> <span class='ocrx_word' id='word_1_67' title='bbox 1363 1091 1642 1159; x_wconf 78' lang='lat' dir='ltr'><strong>Augustas</strong></span> <span class='ocrx_word' id='word_1_68' title='bbox 1670 1086 1993 1156; x_wconf 85' lang='lat' dir='ltr'><strong>appellatas,</strong></span> 
     </span>
    </p>
   </div>
   <div class='ocr_carea' id='block_1_12' title="bbox 418 1174 1995 1251">
    <p class='ocr_par' dir='ltr' id='par_1_12' title="bbox 418 1174 1995 1251">
     <span class='ocr_line' id='line_1_12' title="bbox 418 1174 1995 1251; baseline -0.004 -16"><span class='ocrx_word' id='word_1_69' title='bbox 418 1192 665 1237; x_wconf 84' lang='lat' dir='ltr'><strong>veterum</strong></span> <span class='ocrx_word' id='word_1_70' title='bbox 711 1182 960 1251; x_wconf 81' lang='lat' dir='ltr'><strong>exempla</strong></span> <span class='ocrx_word' id='word_1_71' title='bbox 1007 1182 1113 1234; x_wconf 89' lang='lat' dir='ltr'><strong>alia</strong></span> <span class='ocrx_word' id='word_1_72' title='bbox 1142 1181 1358 1239; x_wconf 78' lang='lat' dir='ltr'><strong>docent.</strong></span> <span class='ocrx_word' id='word_1_73' title='bbox 1397 1179 1550 1234; x_wconf 91' lang='lat' dir='ltr'><strong>llaud</strong></span> <span class='ocrx_word' id='word_1_74' title='bbox 1584 1176 1832 1247; x_wconf 81' lang='lat' dir='ltr'><strong>equidem</strong></span> <span class='ocrx_word' id='word_1_75' title='bbox 1872 1174 1995 1229; x_wconf 88' lang='lat' dir='ltr'><strong>inli-</strong></span> 
     </span>
    </p>
   </div>
   <div class='ocr_carea' id='block_1_13' title="bbox 419 1266 1997 1342">
    <p class='ocr_par' dir='ltr' id='par_1_13' title="bbox 419 1266 1997 1342">
     <span class='ocr_line' id='line_1_13' title="bbox 419 1266 1997 1342; baseline -0.004 -14"><span class='ocrx_word' id='word_1_76' title='bbox 419 1275 535 1328; x_wconf 90' lang='lat' dir='ltr'><strong>cior</strong></span> <span class='ocrx_word' id='word_1_77' title='bbox 559 1275 627 1328; x_wconf 89' lang='lat' dir='ltr'><strong>de</strong></span> <span class='ocrx_word' id='word_1_78' title='bbox 658 1275 801 1342; x_wconf 80' lang='lat' dir='ltr'><strong>aliis;</strong></span> <span class='ocrx_word' id='word_1_79' title='bbox 836 1274 905 1328; x_wconf 88' lang='lat' dir='ltr'><strong>de</strong></span> <span class='ocrx_word' id='word_1_80' title='bbox 954 1271 1183 1327; x_wconf 89' lang='lat' dir='ltr'><strong>Domitia</strong></span> <span class='ocrx_word' id='word_1_81' title='bbox 1233 1281 1537 1335; x_wconf 87' lang='lat' dir='ltr'><strong>autem,_ut</strong></span> <span class='ocrx_word' id='word_1_82' title='bbox 1565 1281 1826 1340; x_wconf 79' lang='lat' dir='ltr'><strong>regnante</strong></span> <span class='ocrx_word' id='word_1_83' title='bbox 1889 1266 1997 1322; x_wconf 83' lang='lat' dir='ltr'><strong>Ve-</strong></span> 
     </span>
    </p>
   </div>
   <div class='ocr_carea' id='block_1_14' title="bbox 423 1363 1998 1434">
    <p class='ocr_par' dir='ltr' id='par_1_14' title="bbox 423 1363 1998 1434">
     <span class='ocr_line' id='line_1_14' title="bbox 423 1363 1998 1434; baseline -0.006 -13"><span class='ocrx_word' id='word_1_84' title='bbox 423 1367 704 1434; x_wconf 87' lang='lat' dir='ltr'><strong>spasiano,</strong></span> <span class='ocrx_word' id='word_1_85' title='bbox 729 1366 899 1420; x_wconf 86' lang='lat' dir='ltr'><strong>decus</strong></span> <span class='ocrx_word' id='word_1_86' title='bbox 930 1365 1056 1418; x_wconf 90' lang='lat' dir='ltr'><strong>illud</strong></span> <span class='ocrx_word' id='word_1_87' title='bbox 1078 1364 1396 1426; x_wconf 85' lang='lat' dir='ltr'><strong>obtinuerit.</strong></span> <span class='ocrx_word' id='word_1_88' title='bbox 1427 1363 1566 1418; x_wconf 87' lang='lat' dir='ltr'><strong>ratio</strong></span> <span class='ocrx_word' id='word_1_89' title='bbox 1598 1363 1743 1416; x_wconf 88' lang='lat' dir='ltr'><strong>nulla</strong></span> <span class='ocrx_word' id='word_1_90' title='bbox 1775 1373 1998 1430; x_wconf 87' lang='lat' dir='ltr'><strong>persna-</strong></span> 
     </span>
    </p>
   </div>
   <div class='ocr_carea' id='block_1_15' title="bbox 420 1454 1995 1526">
    <p class='ocr_par' dir='ltr' id='par_1_15' title="bbox 420 1454 1995 1526">
     <span class='ocr_line' id='line_1_15' title="bbox 420 1454 1995 1526; baseline -0.003 -17"><span class='ocrx_word' id='word_1_91' title='bbox 420 1458 533 1510; x_wconf 88' lang='lat' dir='ltr'><strong>det.</strong></span> <span class='ocrx_word' id='word_1_92' title='bbox 565 1455 646 1509; x_wconf 76' lang='lat' dir='ltr'><strong>Ad</strong></span> <span class='ocrx_word' id='word_1_93' title='bbox 701 1456 838 1523; x_wconf 79' lang='lat' dir='ltr'><strong>haec,</strong></span> <span class='ocrx_word' id='word_1_94' title='bbox 870 1457 940 1510; x_wconf 91' lang='lat' dir='ltr'><strong>ab</strong></span> <span class='ocrx_word' id='word_1_95' title='bbox 989 1457 1108 1526; x_wconf 90' lang='lat' dir='ltr'><strong>ipso</strong></span> <span class='ocrx_word' id='word_1_96' title='bbox 1155 1457 1358 1510; x_wconf 87' lang='lat' dir='ltr'><strong>dicitur</strong></span> <span class='ocrx_word' id='word_1_97' title='bbox 1407 1454 1716 1508; x_wconf 85' lang='lat' dir='ltr'><strong>Domitiano</strong></span> <span class='ocrx_word' id='word_1_98' title='bbox 1750 1454 1995 1521; x_wconf 76' lang='lat' dir='ltr'><strong>Angusta</strong></span> 
     </span>
    </p>
   </div>
   <div class='ocr_carea' id='block_1_16' title="bbox 418 1543 1987 1617">
    <p class='ocr_par' dir='ltr' id='par_1_16' title="bbox 418 1543 1987 1617">
     <span class='ocr_line' id='line_1_16' title="bbox 418 1543 1987 1617; baseline -0.003 -17"><span class='ocrx_word' id='word_1_99' title='bbox 418 1548 777 1602; x_wconf 75' lang='lat' dir='ltr'><strong>consalutato.</strong></span> <span class='ocrx_word' id='word_1_100' title='bbox 805 1548 1042 1617; x_wconf 86' lang='lat' dir='ltr'><strong>Denique</strong></span> <span class='ocrx_word' id='word_1_101' title='bbox 1091 1558 1240 1617; x_wconf 77' lang='lat' dir='ltr'><strong>gesta</strong></span> <span class='ocrx_word' id='word_1_102' title='bbox 1275 1549 1411 1601; x_wconf 87' lang='lat' dir='ltr'><strong>inter</strong></span> <span class='ocrx_word' id='word_1_103' title='bbox 1443 1547 1774 1617; x_wconf 80' lang='lat' dir='ltr'><strong>principatus</strong></span> <span class='ocrx_word' id='word_1_104' title='bbox 1827 1543 1987 1598; x_wconf 83' lang='lat' dir='ltr'><strong>initia</strong></span> 
     </span>
    </p>
   </div>
   <div class='ocr_carea' id='block_1_17' title="bbox 421 1637 1476 1709">
    <p class='ocr_par' dir='ltr' id='par_1_17' title="bbox 421 1637 1476 1709">
     <span class='ocr_line' id='line_1_17' title="bbox 421 1637 1476 1709; baseline 0 -17"><span class='ocrx_word' id='word_1_105' title='bbox 421 1637 627 1693; x_wconf 79' lang='lat' dir='ltr'><strong>referre</strong></span> <span class='ocrx_word' id='word_1_106' title='bbox 654 1653 715 1693; x_wconf 89' lang='lat' dir='ltr'><strong>se</strong></span> <span class='ocrx_word' id='word_1_107' title='bbox 742 1639 1035 1694; x_wconf 84' lang='lat' dir='ltr'><strong>Suetonius</strong></span> <span class='ocrx_word' id='word_1_108' title='bbox 1060 1639 1131 1694; x_wconf 87' lang='lat' dir='ltr'><strong>ibi</strong></span> <span class='ocrx_word' id='word_1_109' title='bbox 1169 1638 1476 1709; x_wconf 88' lang='lat' dir='ltr'><strong>prolitetur.</strong></span> 
     </span>
    </p>
   </div>
   <div class='ocr_carea' id='block_1_18' title="bbox 488 1727 2000 1801">
    <p class='ocr_par' dir='ltr' id='par_1_18' title="bbox 488 1727 2000 1801">
     <span class='ocr_line' id='line_1_18' title="bbox 488 1727 2000 1801; baseline 0 -20"><span class='ocrx_word' id='word_1_110' title='bbox 488 1729 820 1783; x_wconf 85' lang='lat' dir='ltr'><strong>Domitianus</strong></span> <span class='ocrx_word' id='word_1_111' title='bbox 850 1731 1086 1800; x_wconf 80' lang='lat' dir='ltr'><strong>quotidie</strong></span> <span class='ocrx_word' id='word_1_112' title='bbox 1114 1732 1282 1801; x_wconf 88' lang='lat' dir='ltr'><strong>(apud</strong></span> <span class='ocrx_word' id='word_1_113' title='bbox 1315 1728 1587 1793; x_wconf 87' lang='lat' dir='ltr'><strong>Vallarsi).</strong></span> <span class='ocrx_word' id='word_1_114' title='bbox 1623 1735 1859 1798; x_wconf 84' lang='lat' dir='ltr'><strong>Accepta</strong></span> <span class='ocrx_word' id='word_1_115' title='bbox 1887 1727 2000 1781; x_wconf 75' lang='lat' dir='ltr'><strong>hzrs</strong></span> 
     </span>
    </p>
   </div>
   <div class='ocr_carea' id='block_1_19' title="bbox 2089 533 3295 608">
    <p class='ocr_par' dir='ltr' id='par_1_19' title="bbox 2089 533 3295 608">
     <span class='ocr_line' id='line_1_19' title="bbox 2089 533 3295 608; baseline -0.007 -13"><span class='ocrx_word' id='word_1_116' title='bbox 2089 557 2172 595; x_wconf 79' lang='lat' dir='ltr'><strong>nte</strong></span> <span class='ocrx_word' id='word_1_117' title='bbox 2199 539 2420 608; x_wconf 84' lang='lat' dir='ltr'><strong>legitur,</strong></span> <span class='ocrx_word' id='word_1_118' title='bbox 2446 539 2498 590; x_wconf 93' lang='lat' dir='ltr'><strong>in</strong></span> <span class='ocrx_word' id='word_1_119' title='bbox 2530 536 2651 592; x_wconf 87' lang='lat' dir='ltr'><strong>aliis</strong></span> <span class='ocrx_word' id='word_1_120' title='bbox 2701 550 2986 607; x_wconf 82' lang='lat' dir='ltr'><strong>perperam</strong></span> <span class='ocrx_word' id='word_1_121' title='bbox 3030 533 3295 587; x_wconf 76' lang='lat' dir='ltr'><strong>Tatianw.</strong></span> 
     </span>
    </p>
   </div>
   <div class='ocr_carea' id='block_1_20' title="bbox 2089 622 3680 702">
    <p class='ocr_par' dir='ltr' id='par_1_20' title="bbox 2089 622 3680 702">
     <span class='ocr_line' id='line_1_20' title="bbox 2089 622 3680 702; baseline -0.009 -14"><span class='ocrx_word' id='word_1_122' title='bbox 2089 639 2416 702; x_wconf 87' lang='lat' dir='ltr'><strong>sequuntur,</strong></span> <span class='ocrx_word' id='word_1_123' title='bbox 2452 629 2708 693; x_wconf 85' lang='lat' dir='ltr'><strong>Senatus,</strong></span> <span class='ocrx_word' id='word_1_124' title='bbox 2733 626 2914 682; x_wconf 87' lang='lat' dir='ltr'><strong>Ludus</strong></span> <span class='ocrx_word' id='word_1_125' title='bbox 2973 629 3293 691; x_wconf 85' lang='lat' dir='ltr'><strong>matutinus,</strong></span> <span class='ocrx_word' id='word_1_126' title='bbox 3322 622 3374 676; x_wconf 76' lang='grc' dir='ltr'><em>Μ</em></span> <span class='ocrx_word' id='word_1_127' title='bbox 3385 625 3468 676; x_wconf 88' lang='lat' dir='ltr'><strong>ica</strong></span> <span class='ocrx_word' id='word_1_128' title='bbox 3495 639 3680 685; x_wconf 83' lang='lat' dir='ltr'><strong>aurea,</strong></span> 
     </span>
    </p>
   </div>
   <div class='ocr_carea' id='block_1_21' title="bbox 3379 532 3684 597">
    <p class='ocr_par' dir='ltr' id='par_1_21' title="bbox 3379 532 3684 597">
     <span class='ocr_line' id='line_1_21' title="bbox 3379 532 3684 597; baseline 0 -13"><span class='ocrx_word' id='word_1_129' title='bbox 3379 532 3510 597; x_wconf 62' lang='lat' dir='ltr'><strong>Quae</strong></span> <span class='ocrx_word' id='word_1_130' title='bbox 3549 532 3684 584; x_wconf 79' lang='lat' dir='ltr'><strong>sub-</strong></span> 
     </span>
    </p>
   </div>
   <div class='ocr_carea' id='block_1_22' title="bbox 2095 710 3684 784">
    <p class='ocr_par' dir='ltr' id='par_1_22' title="bbox 2095 710 3684 784">
     <span class='ocr_line' id='line_1_22' title="bbox 2095 710 3684 784; baseline -0.006 -8"><span class='ocrx_word' id='word_1_131' title='bbox 2095 721 2239 776; x_wconf 82' lang='lat' dir='ltr'><strong>Meta</strong></span> <span class='ocrx_word' id='word_1_132' title='bbox 2272 721 2492 784; x_wconf 83' lang='lat' dir='ltr'><strong>sudans,</strong></span> <span class='ocrx_word' id='word_1_133' title='bbox 2535 718 2589 773; x_wconf 92' lang='lat' dir='ltr'><strong>in</strong></span> <span class='ocrx_word' id='word_1_134' title='bbox 2621 717 2812 773; x_wconf 90' lang='lat' dir='ltr'><strong>eodem</strong></span> <span class='ocrx_word' id='word_1_135' title='bbox 2850 732 2954 771; x_wconf 89' lang='lat' dir='ltr'><strong>ms.</strong></span> <span class='ocrx_word' id='word_1_136' title='bbox 2989 725 3049 771; x_wconf 90' lang='lat' dir='ltr'><strong>ut</strong></span> <span class='ocrx_word' id='word_1_137' title='bbox 3075 725 3131 771; x_wconf 92' lang='lat' dir='ltr'><strong>et</strong></span> <span class='ocrx_word' id='word_1_138' title='bbox 3161 715 3267 769; x_wconf 88' lang='lat' dir='ltr'><strong>alio</strong></span> <span class='ocrx_word' id='word_1_139' title='bbox 3303 712 3494 768; x_wconf 81' lang='lat' dir='ltr'><strong>codice</strong></span> <span class='ocrx_word' id='word_1_140' title='bbox 3518 710 3684 782; x_wconf 76' lang='lat' dir='ltr'><strong>penes</strong></span> 
     </span>
    </p>
   </div>
   <div class='ocr_carea' id='block_1_23' title="bbox 2107 806 3686 874">
    <p class='ocr_par' dir='ltr' id='par_1_23' title="bbox 2107 806 3686 874">
     <span class='ocr_line' id='line_1_23' title="bbox 2107 806 3686 874; baseline -0.007 -6"><span class='ocrx_word' id='word_1_141' title='bbox 2107 810 2648 874; x_wconf 84' lang='lat' dir='ltr'><strong>Schurzlleisclriunr,</strong></span> <span class='ocrx_word' id='word_1_142' title='bbox 2690 810 2915 864; x_wconf 92' lang='lat' dir='ltr'><strong>omnino</strong></span> <span class='ocrx_word' id='word_1_143' title='bbox 2938 822 3043 862; x_wconf 92' lang='lat' dir='ltr'><strong>non</strong></span> <span class='ocrx_word' id='word_1_144' title='bbox 3074 806 3376 872; x_wconf 87' lang='lat' dir='ltr'><strong>habentur;</strong></span> <span class='ocrx_word' id='word_1_145' title='bbox 3423 819 3524 859; x_wconf 86' lang='lat' dir='ltr'><strong>nec</strong></span> <span class='ocrx_word' id='word_1_146' title='bbox 3554 819 3686 858; x_wconf 82' lang='lat' dir='ltr'><strong>sane</strong></span> 
     </span>
    </p>
   </div>
   <div class='ocr_carea' id='block_1_24' title="bbox 2092 895 3682 966">
    <p class='ocr_par' dir='ltr' id='par_1_24' title="bbox 2092 895 3682 966">
     <span class='ocr_line' id='line_1_24' title="bbox 2092 895 3682 966; baseline -0.004 -12"><span class='ocrx_word' id='word_1_147' title='bbox 2092 900 2257 954; x_wconf 84' lang='lat' dir='ltr'><strong>velim</strong></span> <span class='ocrx_word' id='word_1_148' title='bbox 2303 899 2354 953; x_wconf 90' lang='lat' dir='ltr'><strong>id</strong></span> <span class='ocrx_word' id='word_1_149' title='bbox 2385 898 2575 954; x_wconf 80' lang='lat' dir='ltr'><strong>vitium</strong></span> <span class='ocrx_word' id='word_1_150' title='bbox 2637 898 2937 966; x_wconf 85' lang='lat' dir='ltr'><strong>antiquarii</strong></span> <span class='ocrx_word' id='word_1_151' title='bbox 2982 896 3292 953; x_wconf 69' lang='lat' dir='ltr'><strong>oscitantis:</strong></span> <span class='ocrx_word' id='word_1_152' title='bbox 3326 895 3516 959; x_wconf 83' lang='lat' dir='ltr'><strong>tribui,</strong></span> <span class='ocrx_word' id='word_1_153' title='bbox 3548 896 3682 963; x_wconf 86' lang='lat' dir='ltr'><strong>quin</strong></span> 
     </span>
    </p>
   </div>
   <div class='ocr_carea' id='block_1_25' title="bbox 2109 985 3684 1060">
    <p class='ocr_par' dir='ltr' id='par_1_25' title="bbox 2109 985 3684 1060">
     <span class='ocr_line' id='line_1_25' title="bbox 2109 985 3684 1060; baseline -0.004 -15"><span class='ocrx_word' id='word_1_154' title='bbox 2109 992 2294 1060; x_wconf 89' lang='lat' dir='ltr'><strong>potius</strong></span> <span class='ocrx_word' id='word_1_155' title='bbox 2327 991 2538 1044; x_wconf 81' lang='lat' dir='ltr'><strong>laudem</strong></span> <span class='ocrx_word' id='word_1_156' title='bbox 2573 988 2780 1044; x_wconf 84' lang='lat' dir='ltr'><strong>codicis</strong></span> <span class='ocrx_word' id='word_1_157' title='bbox 2804 987 3148 1059; x_wconf 84' lang='lat' dir='ltr'><strong>germanitati</strong></span> <span class='ocrx_word' id='word_1_158' title='bbox 3173 1005 3188 1053; x_wconf 91' lang='lat'><strong>;</strong></span> <span class='ocrx_word' id='word_1_159' title='bbox 3221 1001 3347 1040; x_wconf 88' lang='lat' dir='ltr'><strong>nam</strong></span> <span class='ocrx_word' id='word_1_160' title='bbox 3373 1001 3459 1040; x_wconf 87' lang='lat' dir='ltr'><strong>res</strong></span> <span class='ocrx_word' id='word_1_161' title='bbox 3481 985 3684 1039; x_wconf 78' lang='lat' dir='ltr'><strong>clamat</strong></span> 
     </span>
    </p>
   </div>
   <div class='ocr_carea' id='block_1_26' title="bbox 2108 1077 3682 1152">
    <p class='ocr_par' dir='ltr' id='par_1_26' title="bbox 2108 1077 3682 1152">
     <span class='ocr_line' id='line_1_26' title="bbox 2108 1077 3682 1152; baseline -0.003 -16"><span class='ocrx_word' id='word_1_162' title='bbox 2108 1083 2245 1152; x_wconf 88' lang='lat' dir='ltr'><strong>ipsa,</strong></span> <span class='ocrx_word' id='word_1_163' title='bbox 2291 1083 2404 1137; x_wconf 71' lang='lat' dir='ltr'><strong>lucc</strong></span> <span class='ocrx_word' id='word_1_164' title='bbox 2435 1083 2627 1149; x_wconf 61' lang='lat' dir='ltr'><strong>,lrrissc</strong></span> <span class='ocrx_word' id='word_1_165' title='bbox 2683 1080 3031 1152; x_wconf 86' lang='lat' dir='ltr'><strong>postmodum</strong></span> <span class='ocrx_word' id='word_1_166' title='bbox 3059 1085 3104 1134; x_wconf 73' lang='lat' dir='ltr'><strong>‘a</strong></span> <span class='ocrx_word' id='word_1_167' title='bbox 3173 1077 3410 1150; x_wconf 83' lang='lat' dir='ltr'><strong>Trajano</strong></span> <span class='ocrx_word' id='word_1_168' title='bbox 3454 1078 3682 1144; x_wconf 57' lang='lat' dir='ltr'><strong>aedilicia</strong></span> 
     </span>
    </p>
   </div>
   <div class='ocr_carea' id='block_1_27' title="bbox 2095 1180 3097 1230">
    <p class='ocr_par' dir='ltr' id='par_1_27' title="bbox 2095 1180 3097 1230">
     <span class='ocr_line' id='line_1_27' title="bbox 2095 1180 3097 1230; baseline -0.007 0"><span class='ocrx_word' id='word_1_169' title='bbox 2095 1184 2433 1230; x_wconf 85' lang='lat' dir='ltr'><strong>c0ttstr&#39;ueta.</strong></span> <span class='ocrx_word' id='word_1_170' title='bbox 3093 1180 3097 1183; x_wconf 84' lang='lat'>&#39;</span> 
     </span>
    </p>
   </div>
   <div class='ocr_carea' id='block_1_28' title="bbox 2171 1259 3682 1332">
    <p class='ocr_par' dir='ltr' id='par_1_28' title="bbox 2171 1259 3682 1332">
     <span class='ocr_line' id='line_1_28' title="bbox 2171 1259 3682 1332; baseline -0.003 -13"><span class='ocrx_word' id='word_1_171' title='bbox 2171 1265 2307 1319; x_wconf 90' lang='lat' dir='ltr'><strong>lbid.</strong></span> <span class='ocrx_word' id='word_1_172' title='bbox 2333 1264 2665 1320; x_wconf 86' lang='lat' dir='ltr'><strong>Domitianus</strong></span> <span class='ocrx_word' id='word_1_173' title='bbox 2705 1264 2770 1318; x_wconf 86' lang='lat' dir='ltr'><strong>de</strong></span> <span class='ocrx_word' id='word_1_174' title='bbox 2795 1263 2977 1317; x_wconf 88' lang='lat' dir='ltr'><strong>Dacis.</strong></span> <span class='ocrx_word' id='word_1_175' title='bbox 3009 1261 3372 1332; x_wconf 87' lang='lat' dir='ltr'><strong>Triumphum</strong></span> <span class='ocrx_word' id='word_1_176' title='bbox 3400 1261 3467 1316; x_wconf 90' lang='lat' dir='ltr'><strong>de</strong></span> <span class='ocrx_word' id='word_1_177' title='bbox 3501 1259 3682 1325; x_wconf 81' lang='lat' dir='ltr'><strong>Dacis,</strong></span> 
     </span>
    </p>
   </div>
   <div class='ocr_carea' id='block_1_29' title="bbox 2102 1340 3684 1428">
    <p class='ocr_par' dir='ltr' id='par_1_29' title="bbox 2102 1340 3684 1428">
     <span class='ocr_line' id='line_1_29' title="bbox 2102 1340 3684 1428; baseline -0.003 -15"><span class='ocrx_word' id='word_1_178' title='bbox 2102 1369 2163 1414; x_wconf 91' lang='lat' dir='ltr'><strong>ut</strong></span> <span class='ocrx_word' id='word_1_179' title='bbox 2204 1368 2262 1413; x_wconf 89' lang='lat' dir='ltr'><strong>ut</strong></span> <span class='ocrx_word' id='word_1_180' title='bbox 2314 1359 2640 1428; x_wconf 86' lang='lat' dir='ltr'><strong>jocularcm,</strong></span> <span class='ocrx_word' id='word_1_181' title='bbox 2695 1340 2764 1411; x_wconf 69' lang='lat' dir='ltr'><strong>ex</strong></span> <span class='ocrx_word' id='word_1_182' title='bbox 2821 1355 2989 1412; x_wconf 84' lang='lat' dir='ltr'><strong>Dione</strong></span> <span class='ocrx_word' id='word_1_183' title='bbox 3041 1367 3097 1412; x_wconf 86' lang='lat' dir='ltr'><strong>et</strong></span> <span class='ocrx_word' id='word_1_184' title='bbox 3149 1356 3390 1411; x_wconf 89' lang='lat' dir='ltr'><strong>nunrmis</strong></span> <span class='ocrx_word' id='word_1_185' title='bbox 3443 1357 3684 1424; x_wconf 85' lang='lat' dir='ltr'><strong>antiquis</strong></span> 
     </span>
    </p>
   </div>
   <div class='ocr_carea' id='block_1_30' title="bbox 2101 1449 3684 1522">
    <p class='ocr_par' dir='ltr' id='par_1_30' title="bbox 2101 1449 3684 1522">
     <span class='ocr_line' id='line_1_30' title="bbox 2101 1449 3684 1522; baseline -0.004 -16"><span class='ocrx_word' id='word_1_186' title='bbox 2101 1450 2431 1506; x_wconf 83' lang='lat' dir='ltr'><strong>recentiores</strong></span> <span class='ocrx_word' id='word_1_187' title='bbox 2487 1450 2805 1522; x_wconf 78' lang='lat' dir='ltr'><strong>chronologi</strong></span> <span class='ocrx_word' id='word_1_188' title='bbox 2862 1452 2914 1504; x_wconf 89' lang='lat' dir='ltr'><strong>in</strong></span> <span class='ocrx_word' id='word_1_189' title='bbox 2939 1466 3141 1503; x_wconf 89' lang='lat' dir='ltr'><strong>anrrrnn</strong></span> <span class='ocrx_word' id='word_1_190' title='bbox 3189 1449 3478 1501; x_wconf 81' lang='lat' dir='ltr'><strong>Domitiani</strong></span> <span class='ocrx_word' id='word_1_191' title='bbox 3533 1460 3684 1502; x_wconf 80' lang='lat' dir='ltr'><strong>octa-</strong></span> 
     </span>
    </p>
   </div>
   <div class='ocr_carea' id='block_1_31' title="bbox 2100 1541 3684 1612">
    <p class='ocr_par' dir='ltr' id='par_1_31' title="bbox 2100 1541 3684 1612">
     <span class='ocr_line' id='line_1_31' title="bbox 2100 1541 3684 1612; baseline -0.007 -12"><span class='ocrx_word' id='word_1_192' title='bbox 2100 1560 2231 1600; x_wconf 90' lang='lat' dir='ltr'><strong>vum</strong></span> <span class='ocrx_word' id='word_1_193' title='bbox 2251 1552 2306 1598; x_wconf 89' lang='lat' dir='ltr'><strong>et</strong></span> <span class='ocrx_word' id='word_1_194' title='bbox 2330 1559 2530 1598; x_wconf 91' lang='lat' dir='ltr'><strong>nonum</strong></span> <span class='ocrx_word' id='word_1_195' title='bbox 2561 1552 2809 1612; x_wconf 76' lang='lat' dir='ltr'><strong>exparte</strong></span> <span class='ocrx_word' id='word_1_196' title='bbox 2843 1541 3153 1596; x_wconf 81' lang='lat' dir='ltr'><strong>conferunt.</strong></span> <span class='ocrx_word' id='word_1_197' title='bbox 3198 1541 3462 1597; x_wconf 80' lang='lat' dir='ltr'><strong>Suetonio</strong></span> <span class='ocrx_word' id='word_1_198' title='bbox 3499 1546 3684 1592; x_wconf 82' lang='lat' dir='ltr'><strong>tamen</strong></span> 
     </span>
    </p>
   </div>
   <div class='ocr_carea' id='block_1_32' title="bbox 2116 1626 3686 1705">
    <p class='ocr_par' dir='ltr' id='par_1_32' title="bbox 2116 1626 3686 1705">
     <span class='ocr_line' id='line_1_32' title="bbox 2116 1626 3686 1705; baseline -0.007 -17"><span class='ocrx_word' id='word_1_199' title='bbox 2116 1645 2281 1705; x_wconf 82' lang='lat' dir='ltr'><strong>atque</strong></span> <span class='ocrx_word' id='word_1_200' title='bbox 2311 1633 2573 1702; x_wconf 85' lang='lat' dir='ltr'><strong>EutrOpio</strong></span> <span class='ocrx_word' id='word_1_201' title='bbox 2615 1631 2864 1697; x_wconf 81' lang='lat' dir='ltr'><strong>testibus,</strong></span> <span class='ocrx_word' id='word_1_202' title='bbox 2899 1630 3241 1684; x_wconf 86' lang='lat' dir='ltr'><strong>Domitianus</strong></span> <span class='ocrx_word' id='word_1_203' title='bbox 3270 1628 3338 1682; x_wconf 86' lang='lat' dir='ltr'><strong>de</strong></span> <span class='ocrx_word' id='word_1_204' title='bbox 3373 1626 3528 1680; x_wconf 86' lang='lat' dir='ltr'><strong>Dacis</strong></span> <span class='ocrx_word' id='word_1_205' title='bbox 3553 1627 3686 1679; x_wconf 86' lang='lat' dir='ltr'><strong>Cat-</strong></span> 
     </span>
    </p>
   </div>
   <div class='ocr_carea' id='block_1_33' title="bbox 2109 1723 3067 1798">
    <p class='ocr_par' dir='ltr' id='par_1_33' title="bbox 2109 1723 3067 1798">
     <span class='ocr_line' id='line_1_33' title="bbox 2109 1723 3067 1798; baseline -0.004 -18"><span class='ocrx_word' id='word_1_206' title='bbox 2109 1728 2278 1796; x_wconf 78' lang='lat' dir='ltr'><strong>tisque</strong></span> <span class='ocrx_word' id='word_1_207' title='bbox 2309 1725 2570 1798; x_wconf 83' lang='lat' dir='ltr'><strong>duplicent</strong></span> <span class='ocrx_word' id='word_1_208' title='bbox 2600 1725 2922 1791; x_wconf 79' lang='lat' dir='ltr'><strong>triumphum</strong></span> <span class='ocrx_word' id='word_1_209' title='bbox 2943 1723 3067 1794; x_wconf 86' lang='lat' dir='ltr'><strong>egit.</strong></span> 
     </span>
    </p>
   </div>
   <div class='ocr_carea' id='block_1_34' title="bbox 419 1803 3688 1892">
    <p class='ocr_par' dir='ltr' id='par_1_34' title="bbox 419 1803 3688 1892">
     <span class='ocr_line' id='line_1_34' title="bbox 419 1803 3688 1892; baseline -0.005 -15"><span class='ocrx_word' id='word_1_210' title='bbox 419 1820 677 1877; x_wconf 79' lang='lat' dir='ltr'><strong>suntfcre</strong></span> <span class='ocrx_word' id='word_1_211' title='bbox 696 1822 959 1876; x_wconf 87' lang='lat' dir='ltr'><strong>verbatim</strong></span> <span class='ocrx_word' id='word_1_212' title='bbox 988 1822 1286 1877; x_wconf 89' lang='lat' dir='ltr'><strong>aSuetonio</strong></span> <span class='ocrx_word' id='word_1_213' title='bbox 1309 1837 1429 1892; x_wconf 85' lang='lat' dir='ltr'><strong>cap.</strong></span> <span class='ocrx_word' id='word_1_214' title='bbox 1453 1822 1486 1875; x_wconf 86' lang='lat'><strong>&#39;5</strong></span> <span class='ocrx_word' id='word_1_215' title='bbox 1507 1838 1521 1875; x_wconf 89' lang='lat'><strong>:</strong></span> <span class='ocrx_word' id='word_1_216' title='bbox 1543 1821 1790 1885; x_wconf 81' lang='lat' dir='ltr'><strong>Quotidie</strong></span> <span class='ocrx_word' id='word_1_217' title='bbox 1817 1835 1990 1872; x_wconf 77' lang='lat' dir='ltr'><strong>secre-</strong></span> <span class='ocrx_word' id='word_1_218' title='bbox 2028 1814 2069 1869; x_wconf 83' lang='grc' dir='ltr'><strong><em>Β</em></strong></span> <span class='ocrx_word' id='word_1_219' title='bbox 2167 1820 2284 1876; x_wconf 90' lang='lat' dir='ltr'><strong>Col.</strong></span> <span class='ocrx_word' id='word_1_220' title='bbox 2318 1819 2444 1875; x_wconf 76' lang='grc'><strong>460.</strong></span> <span class='ocrx_word' id='word_1_221' title='bbox 2496 1819 2831 1873; x_wconf 83' lang='lat' dir='ltr'><strong>Domitianus</strong></span> <span class='ocrx_word' id='word_1_222' title='bbox 2875 1827 3040 1871; x_wconf 67' lang='lat' dir='ltr'><strong>tanta:</strong></span> <span class='ocrx_word' id='word_1_223' title='bbox 3087 1815 3365 1883; x_wconf 72' lang='lat' dir='ltr'><strong>superbire.</strong></span> <span class='ocrx_word' id='word_1_224' title='bbox 3397 1803 3688 1881; x_wconf 74' lang='lat' dir='ltr'><strong>Eutrapius</strong></span> 
     </span>
    </p>
   </div>
   <div class='ocr_carea' id='block_1_35' title="bbox 420 1910 1990 1980">
    <p class='ocr_par' dir='ltr' id='par_1_35' title="bbox 420 1910 1990 1980">
     <span class='ocr_line' id='line_1_35' title="bbox 420 1910 1990 1980; baseline -0.002 -16"><span class='ocrx_word' id='word_1_225' title='bbox 420 1921 528 1964; x_wconf 87' lang='lat' dir='ltr'><strong>tum</strong></span> <span class='ocrx_word' id='word_1_226' title='bbox 589 1912 688 1965; x_wconf 84' lang='lat' dir='ltr'><strong>sibi</strong></span> <span class='ocrx_word' id='word_1_227' title='bbox 745 1911 1018 1965; x_wconf 88' lang='lat' dir='ltr'><strong>Itorarium</strong></span> <span class='ocrx_word' id='word_1_228' title='bbox 1075 1928 1281 1966; x_wconf 85' lang='lat' dir='ltr'><strong>sumere</strong></span> <span class='ocrx_word' id='word_1_229' title='bbox 1333 1911 1652 1967; x_wconf 84' lang='lat' dir='ltr'><strong>solebat.nec</strong></span> <span class='ocrx_word' id='word_1_230' title='bbox 1701 1910 1990 1980; x_wconf 81' lang='lat' dir='ltr'><strong>quidquam</strong></span> 
     </span>
    </p>
   </div>
   <div class='ocr_carea' id='block_1_36' title="bbox 420 2000 1990 2071">
    <p class='ocr_par' dir='ltr' id='par_1_36' title="bbox 420 2000 1990 2071">
     <span class='ocr_line' id='line_1_36' title="bbox 420 2000 1990 2071; baseline -0.002 -15"><span class='ocrx_word' id='word_1_231' title='bbox 420 2000 670 2069; x_wconf 75' lang='lat' dir='ltr'><strong>amplius,</strong></span> <span class='ocrx_word' id='word_1_232' title='bbox 724 2018 882 2071; x_wconf 86' lang='lat' dir='ltr'><strong>quant</strong></span> <span class='ocrx_word' id='word_1_233' title='bbox 933 2019 1139 2057; x_wconf 85' lang='lat' dir='ltr'><strong>muscas</strong></span> <span class='ocrx_word' id='word_1_234' title='bbox 1187 2015 1429 2070; x_wconf 78' lang='lat' dir='ltr'><strong>captare,</strong></span> <span class='ocrx_word' id='word_1_235' title='bbox 1459 2019 1521 2056; x_wconf 81' lang='lat' dir='ltr'><strong>ac</strong></span> <span class='ocrx_word' id='word_1_236' title='bbox 1553 2001 1689 2070; x_wconf 78' lang='lat' dir='ltr'><strong>style</strong></span> <span class='ocrx_word' id='word_1_237' title='bbox 1721 2011 1990 2070; x_wconf 78' lang='lat' dir='ltr'><strong>prwacuto</strong></span> 
     </span>
    </p>
   </div>
   <div class='ocr_carea' id='block_1_37' title="bbox 418 2093 2006 2163">
    <p class='ocr_par' dir='ltr' id='par_1_37' title="bbox 418 2093 2006 2163">
     <span class='ocr_line' id='line_1_37' title="bbox 418 2093 2006 2163; baseline -0.003 -15"><span class='ocrx_word' id='word_1_238' title='bbox 418 2094 695 2163; x_wconf 74' lang='lat' dir='ltr'><strong>conﬁgere.</strong></span> <span class='ocrx_word' id='word_1_239' title='bbox 728 2096 802 2150; x_wconf 86' lang='lat' dir='ltr'><strong>Ea</strong></span> <span class='ocrx_word' id='word_1_240' title='bbox 847 2105 1028 2149; x_wconf 89' lang='lat' dir='ltr'><strong>tamen</strong></span> <span class='ocrx_word' id='word_1_241' title='bbox 1057 2097 1308 2150; x_wconf 77' lang='lat' dir='ltr'><strong>exsulare</strong></span> <span class='ocrx_word' id='word_1_242' title='bbox 1347 2096 1470 2149; x_wconf 90' lang='lat' dir='ltr'><strong>hinc</strong></span> <span class='ocrx_word' id='word_1_243' title='bbox 1508 2094 1722 2163; x_wconf 83' lang='lat' dir='ltr'><strong>penitus</strong></span> <span class='ocrx_word' id='word_1_244' title='bbox 1748 2093 2006 2162; x_wconf 55' lang='lat' dir='ltr'><strong>Scaliger:</strong></span> 
     </span>
    </p>
   </div>
   <div class='ocr_carea' id='block_1_38' title="bbox 413 2186 1982 2256">
    <p class='ocr_par' dir='ltr' id='par_1_38' title="bbox 413 2186 1982 2256">
     <span class='ocr_line' id='line_1_38' title="bbox 413 2186 1982 2256; baseline -0.001 -16"><span class='ocrx_word' id='word_1_245' title='bbox 413 2186 592 2256; x_wconf 78' lang='lat' dir='ltr'><strong>jussit,</strong></span> <span class='ocrx_word' id='word_1_246' title='bbox 670 2186 813 2254; x_wconf 91' lang='lat' dir='ltr'><strong>quod</strong></span> <span class='ocrx_word' id='word_1_247' title='bbox 892 2186 995 2240; x_wconf 80' lang='lat' dir='ltr'><strong>sibi</strong></span> <span class='ocrx_word' id='word_1_248' title='bbox 1079 2187 1397 2240; x_wconf 88' lang='lat' dir='ltr'><strong>viderentur</strong></span> <span class='ocrx_word' id='word_1_249' title='bbox 1441 2201 1470 2239; x_wconf 90' lang='lat' dir='ltr'><strong>a</strong></span> <span class='ocrx_word' id='word_1_250' title='bbox 1538 2186 1813 2255; x_wconf 90' lang='lat' dir='ltr'><strong>rrrpicibus</strong></span> <span class='ocrx_word' id='word_1_251' title='bbox 1875 2186 1982 2239; x_wconf 91' lang='lat' dir='ltr'><strong>huc</strong></span> 
     </span>
    </p>
   </div>
   <div class='ocr_carea' id='block_1_39' title="bbox 418 2275 1987 2345">
    <p class='ocr_par' dir='ltr' id='par_1_39' title="bbox 418 2275 1987 2345">
     <span class='ocr_line' id='line_1_39' title="bbox 418 2275 1987 2345; baseline 0.002 -20"><span class='ocrx_word' id='word_1_252' title='bbox 418 2275 683 2342; x_wconf 77' lang='lat' dir='ltr'><strong>conjecta.</strong></span> <span class='ocrx_word' id='word_1_253' title='bbox 738 2275 926 2341; x_wconf 80' lang='lat' dir='ltr'><strong>Nobis,</strong></span> <span class='ocrx_word' id='word_1_254' title='bbox 985 2277 1130 2345; x_wconf 86' lang='lat' dir='ltr'><strong>quod</strong></span> <span class='ocrx_word' id='word_1_255' title='bbox 1165 2291 1351 2330; x_wconf 83' lang='lat' dir='ltr'><strong>revera</strong></span> <span class='ocrx_word' id='word_1_256' title='bbox 1409 2286 1465 2330; x_wconf 92' lang='lat' dir='ltr'><strong>et</strong></span> <span class='ocrx_word' id='word_1_257' title='bbox 1515 2290 1544 2329; x_wconf 86' lang='lat' dir='ltr'><strong>a</strong></span> <span class='ocrx_word' id='word_1_258' title='bbox 1584 2277 1888 2340; x_wconf 78' lang='lat' dir='ltr'><strong>Parmensi,</strong></span> <span class='ocrx_word' id='word_1_259' title='bbox 1932 2284 1987 2328; x_wconf 81' lang='lat' dir='ltr'><strong>ct</strong></span> 
     </span>
    </p>
   </div>
   <div class='ocr_carea' id='block_1_40' title="bbox 417 2365 1982 2436">
    <p class='ocr_par' dir='ltr' id='par_1_40' title="bbox 417 2365 1982 2436">
     <span class='ocr_line' id='line_1_40' title="bbox 417 2365 1982 2436; baseline 0 -16"><span class='ocrx_word' id='word_1_260' title='bbox 417 2384 447 2420; x_wconf 88' lang='lat' dir='ltr'><strong>a</strong></span> <span class='ocrx_word' id='word_1_261' title='bbox 511 2367 782 2436; x_wconf 84' lang='lat' dir='ltr'><strong>plerisque</strong></span> <span class='ocrx_word' id='word_1_262' title='bbox 836 2366 1074 2421; x_wconf 72' lang='lat' dir='ltr'><strong>melioris</strong></span> <span class='ocrx_word' id='word_1_263' title='bbox 1130 2377 1268 2420; x_wconf 78' lang='lat' dir='ltr'><strong>nota:</strong></span> <span class='ocrx_word' id='word_1_264' title='bbox 1322 2365 1641 2421; x_wconf 85' lang='lat' dir='ltr'><strong>Easebianis</strong></span> <span class='ocrx_word' id='word_1_265' title='bbox 1701 2367 1982 2421; x_wconf 84' lang='lat' dir='ltr'><strong>codicibus</strong></span> 
     </span>
    </p>
   </div>
   <div class='ocr_carea' id='block_1_41' title="bbox 418 2458 1813 2529">
    <p class='ocr_par' dir='ltr' id='par_1_41' title="bbox 418 2458 1813 2529">
     <span class='ocr_line' id='line_1_41' title="bbox 418 2458 1813 2529; baseline 0 -16"><span class='ocrx_word' id='word_1_266' title='bbox 418 2460 622 2525; x_wconf 75' lang='lat' dir='ltr'><strong>absint,</strong></span> <span class='ocrx_word' id='word_1_267' title='bbox 648 2460 847 2528; x_wconf 84' lang='lat' dir='ltr'><strong>placuit</strong></span> <span class='ocrx_word' id='word_1_268' title='bbox 877 2460 1058 2513; x_wconf 74' lang='lat' dir='ltr'><strong>italico</strong></span> <span class='ocrx_word' id='word_1_269' title='bbox 1093 2458 1410 2514; x_wconf 76' lang='lat' dir='ltr'><strong>charactere</strong></span> <span class='ocrx_word' id='word_1_270' title='bbox 1463 2459 1813 2529; x_wconf 77' lang='lat' dir='ltr'><strong>distinguere.</strong></span> 
     </span>
    </p>
   </div>
   <div class='ocr_carea' id='block_1_42' title="bbox 487 2547 1986 2620">
    <p class='ocr_par' dir='ltr' id='par_1_42' title="bbox 487 2547 1986 2620">
     <span class='ocr_line' id='line_1_42' title="bbox 487 2547 1986 2620; baseline 0.001 -17"><span class='ocrx_word' id='word_1_271' title='bbox 487 2549 606 2604; x_wconf 82' lang='lat' dir='ltr'><strong>Col.</strong></span> <span class='ocrx_word' id='word_1_272' title='bbox 632 2551 757 2606; x_wconf 74' lang='grc'><strong>459.</strong></span> <span class='ocrx_word' id='word_1_273' title='bbox 777 2547 1049 2604; x_wconf 88' lang='lat' dir='ltr'><strong>Secundus</strong></span> <span class='ocrx_word' id='word_1_274' title='bbox 1072 2551 1406 2605; x_wconf 72' lang='lat' dir='ltr'><strong>Alexandrite</strong></span> <span class='ocrx_word' id='word_1_275' title='bbox 1426 2550 1715 2620; x_wconf 76' lang='lat' dir='ltr'><strong>episcopus.</strong></span> <span class='ocrx_word' id='word_1_276' title='bbox 1735 2549 1986 2606; x_wconf 84' lang='lat' dir='ltr'><strong>Notatunt</strong></span> 
     </span>
    </p>
   </div>
   <div class='ocr_carea' id='block_1_43' title="bbox 419 2629 1991 2712">
    <p class='ocr_par' dir='ltr' id='par_1_43' title="bbox 419 2629 1991 2712">
     <span class='ocr_line' id='line_1_43' title="bbox 419 2629 1991 2712; baseline 0.001 -17"><span class='ocrx_word' id='word_1_277' title='bbox 419 2642 624 2706; x_wconf 82' lang='lat' dir='ltr'><strong>Goaro,</strong></span> <span class='ocrx_word' id='word_1_278' title='bbox 655 2629 712 2695; x_wconf 87' lang='lat' dir='ltr'><strong>itt</strong></span> <span class='ocrx_word' id='word_1_279' title='bbox 747 2642 868 2695; x_wconf 80' lang='lat' dir='ltr'><strong>aliis</strong></span> <span class='ocrx_word' id='word_1_280' title='bbox 926 2641 1166 2712; x_wconf 78' lang='lat' dir='ltr'><strong>Syncelli</strong></span> <span class='ocrx_word' id='word_1_281' title='bbox 1218 2643 1619 2712; x_wconf 77' lang='lat' dir='ltr'><strong>exemplaribus</strong></span> <span class='ocrx_word' id='word_1_282' title='bbox 1671 2657 1804 2696; x_wconf 89' lang='lat' dir='ltr'><strong>mss.</strong></span> <span class='ocrx_word' id='word_1_283' title='bbox 1854 2644 1991 2709; x_wconf 70' lang='grc' dir='ltr'><strong>Αἰγ-</strong></span> 
     </span>
    </p>
   </div>
   <div class='ocr_carea' id='block_1_44' title="bbox 424 2734 1981 2806">
    <p class='ocr_par' dir='ltr' id='par_1_44' title="bbox 424 2734 1981 2806">
     <span class='ocr_line' id='line_1_44' title="bbox 424 2734 1981 2806; baseline 0.001 -17"><span class='ocrx_word' id='word_1_284' title='bbox 424 2734 600 2806; x_wconf 73' lang='grc' dir='ltr'><strong>μιλιον</strong></span> <span class='ocrx_word' id='word_1_285' title='bbox 639 2747 694 2790; x_wconf 77' lang='lat' dir='ltr'><strong>et</strong></span> <span class='ocrx_word' id='word_1_286' title='bbox 730 2734 980 2804; x_wconf 78' lang='grc' dir='ltr'><strong>Ἀμὲλιον</strong></span> <span class='ocrx_word' id='word_1_287' title='bbox 1007 2735 1148 2789; x_wconf 87' lang='lat' dir='ltr'><strong>hunc</strong></span> <span class='ocrx_word' id='word_1_288' title='bbox 1180 2735 1310 2790; x_wconf 87' lang='lat' dir='ltr'><strong>dici.</strong></span> <span class='ocrx_word' id='word_1_289' title='bbox 1341 2735 1612 2799; x_wconf 77' lang='grc' dir='ltr'><strong>’Δὸίλλιος</strong></span> <span class='ocrx_word' id='word_1_290' title='bbox 1667 2746 1845 2790; x_wconf 85' lang='lat' dir='ltr'><strong>autent</strong></span> <span class='ocrx_word' id='word_1_291' title='bbox 1891 2751 1981 2790; x_wconf 89' lang='lat' dir='ltr'><strong>re-</strong></span> 
     </span>
    </p>
   </div>
   <div class='ocr_carea' id='block_1_45' title="bbox 422 2822 1990 2897">
    <p class='ocr_par' dir='ltr' id='par_1_45' title="bbox 422 2822 1990 2897">
     <span class='ocr_line' id='line_1_45' title="bbox 422 2822 1990 2897; baseline 0.003 -19"><span class='ocrx_word' id='word_1_292' title='bbox 422 2824 565 2878; x_wconf 87' lang='lat' dir='ltr'><strong>ctius</strong></span> <span class='ocrx_word' id='word_1_293' title='bbox 588 2823 812 2878; x_wconf 89' lang='lat' dir='ltr'><strong>omnino</strong></span> <span class='ocrx_word' id='word_1_294' title='bbox 833 2824 1130 2894; x_wconf 84' lang='lat' dir='ltr'><strong>appellatur</strong></span> <span class='ocrx_word' id='word_1_295' title='bbox 1150 2822 1475 2892; x_wconf 87' lang='lat' dir='ltr'><strong>Nicephoro.</strong></span> <span class='ocrx_word' id='word_1_296' title='bbox 1497 2827 1681 2882; x_wconf 83' lang='lat' dir='ltr'><strong>Annos</strong></span> <span class='ocrx_word' id='word_1_297' title='bbox 1709 2826 1828 2896; x_wconf 90' lang='lat' dir='ltr'><strong>ejus</strong></span> <span class='ocrx_word' id='word_1_298' title='bbox 1845 2827 1990 2897; x_wconf 85' lang='lat' dir='ltr'><strong>quod</strong></span> 
     </span>
    </p>
   </div>
   <div class='ocr_carea' id='block_1_46' title="bbox 418 2912 1985 2987">
    <p class='ocr_par' dir='ltr' id='par_1_46' title="bbox 418 2912 1985 2987">
     <span class='ocr_line' id='line_1_46' title="bbox 418 2912 1985 2987; baseline 0.003 -17"><span class='ocrx_word' id='word_1_299' title='bbox 418 2925 649 2986; x_wconf 84' lang='lat' dir='ltr'><strong>spectat,</strong></span> <span class='ocrx_word' id='word_1_300' title='bbox 681 2915 882 2971; x_wconf 74' lang='lat' dir='ltr'><strong>laudati</strong></span> <span class='ocrx_word' id='word_1_301' title='bbox 921 2926 1173 2973; x_wconf 83' lang='lat' dir='ltr'><strong>auctores</strong></span> <span class='ocrx_word' id='word_1_302' title='bbox 1201 2921 1317 2987; x_wconf 82' lang='lat' dir='ltr'><strong>pari</strong></span> <span class='ocrx_word' id='word_1_303' title='bbox 1352 2933 1623 2974; x_wconf 89' lang='lat' dir='ltr'><strong>consensu</strong></span> <span class='ocrx_word' id='word_1_304' title='bbox 1677 2919 1824 2974; x_wconf 88' lang='lat' dir='ltr'><strong>solos</strong></span> <span class='ocrx_word' id='word_1_305' title='bbox 1847 2912 1985 2974; x_wconf 80' lang='lat' dir='ltr'><strong>duu-</strong></span> 
     </span>
    </p>
   </div>
   <div class='ocr_carea' id='block_1_47' title="bbox 420 3008 1993 3078">
    <p class='ocr_par' dir='ltr' id='par_1_47' title="bbox 420 3008 1993 3078">
     <span class='ocr_line' id='line_1_47' title="bbox 420 3008 1993 3078; baseline 0.001 -16"><span class='ocrx_word' id='word_1_306' title='bbox 420 3009 594 3063; x_wconf 87' lang='lat' dir='ltr'><strong>decim</strong></span> <span class='ocrx_word' id='word_1_307' title='bbox 617 3019 902 3062; x_wconf 89' lang='lat' dir='ltr'><strong>numerant</strong></span> <span class='ocrx_word' id='word_1_308' title='bbox 925 3023 941 3065; x_wconf 86' lang='lat'><strong>:</strong></span> <span class='ocrx_word' id='word_1_309' title='bbox 968 3024 1067 3064; x_wconf 91' lang='lat' dir='ltr'><strong>nec</strong></span> <span class='ocrx_word' id='word_1_310' title='bbox 1088 3008 1271 3078; x_wconf 87' lang='lat' dir='ltr'><strong>plures</strong></span> <span class='ocrx_word' id='word_1_311' title='bbox 1290 3011 1577 3065; x_wconf 89' lang='lat' dir='ltr'><strong>adnotatos</strong></span> <span class='ocrx_word' id='word_1_312' title='bbox 1601 3012 1769 3067; x_wconf 80' lang='lat' dir='ltr'><strong>fuisse</strong></span> <span class='ocrx_word' id='word_1_313' title='bbox 1795 3012 1993 3068; x_wconf 66' lang='lat' dir='ltr'><strong>intelli.</strong></span> 
     </span>
    </p>
   </div>
   <div class='ocr_carea' id='block_1_48' title="bbox 427 3095 1995 3173">
    <p class='ocr_par' dir='ltr' id='par_1_48' title="bbox 427 3095 1995 3173">
     <span class='ocr_line' id='line_1_48' title="bbox 427 3095 1995 3173; baseline 0.001 -19"><span class='ocrx_word' id='word_1_314' title='bbox 427 3113 525 3170; x_wconf 69' lang='lat' dir='ltr'><strong>ges</strong></span> <span class='ocrx_word' id='word_1_315' title='bbox 556 3099 624 3155; x_wconf 91' lang='lat' dir='ltr'><strong>ab</strong></span> <span class='ocrx_word' id='word_1_316' title='bbox 651 3095 886 3154; x_wconf 86' lang='lat' dir='ltr'><strong>Eusebio</strong></span> <span class='ocrx_word' id='word_1_317' title='bbox 913 3099 1372 3173; x_wconf 82' lang='lat' dir='ltr'><strong>autllieronymo,</strong></span> <span class='ocrx_word' id='word_1_318' title='bbox 1428 3102 1473 3156; x_wconf 86' lang='lat' dir='ltr'><strong>si</strong></span> <span class='ocrx_word' id='word_1_319' title='bbox 1509 3102 1746 3157; x_wconf 83' lang='lat' dir='ltr'><strong>rationes</strong></span> <span class='ocrx_word' id='word_1_320' title='bbox 1776 3118 1995 3159; x_wconf 87' lang='lat' dir='ltr'><strong>eorum-</strong></span> 
     </span>
    </p>
   </div>
   <div class='ocr_carea' id='block_1_49' title="bbox 421 3183 2068 3263">
    <p class='ocr_par' dir='ltr' id='par_1_49' title="bbox 421 3183 2068 3263">
     <span class='ocr_line' id='line_1_49' title="bbox 421 3183 2068 3263; baseline -0.002 -17"><span class='ocrx_word' id='word_1_321' title='bbox 421 3201 534 3246; x_wconf 91' lang='lat' dir='ltr'><strong>tnct</strong></span> <span class='ocrx_word' id='word_1_322' title='bbox 561 3190 710 3246; x_wconf 87' lang='lat' dir='ltr'><strong>ineas</strong></span> <span class='ocrx_word' id='word_1_323' title='bbox 763 3193 830 3244; x_wconf 91' lang='lat' dir='ltr'><strong>ab</strong></span> <span class='ocrx_word' id='word_1_324' title='bbox 859 3193 962 3248; x_wconf 89' lang='lat' dir='ltr'><strong>hoc</strong></span> <span class='ocrx_word' id='word_1_325' title='bbox 988 3207 1130 3262; x_wconf 77' lang='lat' dir='ltr'><strong>anno</strong></span> <span class='ocrx_word' id='word_1_326' title='bbox 1184 3194 1249 3246; x_wconf 89' lang='lat' dir='ltr'><strong>ad</strong></span> <span class='ocrx_word' id='word_1_327' title='bbox 1287 3207 1441 3248; x_wconf 88' lang='lat' dir='ltr'><strong>nrrnt.</strong></span> <span class='ocrx_word' id='word_1_328' title='bbox 1508 3191 1671 3258; x_wconf 68' lang='lat' dir='ltr'><strong>2H2,</strong></span> <span class='ocrx_word' id='word_1_329' title='bbox 1704 3209 1813 3263; x_wconf 89' lang='lat' dir='ltr'><strong>quo</strong></span> <span class='ocrx_word' id='word_1_330' title='bbox 1868 3210 1990 3249; x_wconf 87' lang='lat' dir='ltr'><strong>snc-</strong></span> <span class='ocrx_word' id='word_1_331' title='bbox 2028 3183 2068 3243; x_wconf 72' lang='grc' dir='ltr'><strong>ί]</strong></span> 
     </span>
    </p>
   </div>
   <div class='ocr_carea' id='block_1_50' title="bbox 420 3279 1830 3347">
    <p class='ocr_par' dir='ltr' id='par_1_50' title="bbox 420 3279 1830 3347">
     <span class='ocr_line' id='line_1_50' title="bbox 420 3279 1830 3347; baseline 0.001 -11"><span class='ocrx_word' id='word_1_332' title='bbox 420 3297 607 3338; x_wconf 86' lang='lat' dir='ltr'><strong>eessor</strong></span> <span class='ocrx_word' id='word_1_333' title='bbox 631 3283 794 3342; x_wconf 82' lang='lat' dir='ltr'><strong>Ab&#39;dii</strong></span> <span class='ocrx_word' id='word_1_334' title='bbox 819 3279 996 3338; x_wconf 79' lang='lat' dir='ltr'><strong>Cerdo</strong></span> <span class='ocrx_word' id='word_1_335' title='bbox 1027 3285 1345 3339; x_wconf 87' lang='lat' dir='ltr'><strong>collocatur.</strong></span> <span class='ocrx_word' id='word_1_336' title='bbox 1824 3341 1830 3347; x_wconf 66' lang='grc'><strong><em>,</em></strong></span> 
     </span>
    </p>
   </div>
   <div class='ocr_carea' id='block_1_51' title="bbox 489 3368 1995 3446">
    <p class='ocr_par' dir='ltr' id='par_1_51' title="bbox 489 3368 1995 3446">
     <span class='ocr_line' id='line_1_51' title="bbox 489 3368 1995 3446; baseline 0.003 -19"><span class='ocrx_word' id='word_1_337' title='bbox 489 3368 602 3427; x_wconf 79' lang='lat' dir='ltr'><strong>Col.</strong></span> <span class='ocrx_word' id='word_1_338' title='bbox 634 3371 759 3427; x_wconf 72' lang='grc'><strong>460.</strong></span> <span class='ocrx_word' id='word_1_339' title='bbox 817 3374 1158 3428; x_wconf 86' lang='lat' dir='ltr'><strong>Domitianus</strong></span> <span class='ocrx_word' id='word_1_340' title='bbox 1213 3375 1326 3427; x_wconf 82' lang='lat' dir='ltr'><strong>sine</strong></span> <span class='ocrx_word' id='word_1_341' title='bbox 1367 3374 1653 3444; x_wconf 84' lang='lat' dir='ltr'><strong>lignorum.</strong></span> <span class='ocrx_word' id='word_1_342' title='bbox 1715 3371 1995 3446; x_wconf 82' lang='lat' dir='ltr'><strong>Syncellus</strong></span> 
     </span>
    </p>
   </div>
   <div class='ocr_carea' id='block_1_52' title="bbox 423 3464 1997 3539">
    <p class='ocr_par' dir='ltr' id='par_1_52' title="bbox 423 3464 1997 3539">
     <span class='ocr_line' id='line_1_52' title="bbox 423 3464 1997 3539; baseline 0.003 -22"><span class='ocrx_word' id='word_1_343' title='bbox 423 3478 526 3534; x_wconf 87' lang='lat' dir='ltr'><strong>pro</strong></span> <span class='ocrx_word' id='word_1_344' title='bbox 555 3464 748 3530; x_wconf 79' lang='grc' dir='ltr'><strong>ἂξυλον</strong></span> <span class='ocrx_word' id='word_1_345' title='bbox 773 3465 923 3530; x_wconf 80' lang='grc' dir='ltr'><strong>ναὸν,</strong></span> <span class='ocrx_word' id='word_1_346' title='bbox 957 3466 1204 3520; x_wconf 85' lang='lat' dir='ltr'><strong>absolute</strong></span> <span class='ocrx_word' id='word_1_347' title='bbox 1247 3466 1444 3520; x_wconf 69' lang='grc' dir='ltr'>ἄσυλον</span> <span class='ocrx_word' id='word_1_348' title='bbox 1476 3467 1624 3536; x_wconf 80' lang='lat' dir='ltr'><strong>legit,</strong></span> <span class='ocrx_word' id='word_1_349' title='bbox 1658 3467 1709 3520; x_wconf 89' lang='lat' dir='ltr'><strong>id</strong></span> <span class='ocrx_word' id='word_1_350' title='bbox 1740 3478 1844 3532; x_wconf 86' lang='lat' dir='ltr'><strong>est,</strong></span> <span class='ocrx_word' id='word_1_351' title='bbox 1875 3484 1997 3539; x_wconf 79' lang='lat' dir='ltr'><strong>asy-</strong></span> 
     </span>
    </p>
   </div>
   <div class='ocr_carea' id='block_1_53' title="bbox 422 3557 1998 3626">
    <p class='ocr_par' dir='ltr' id='par_1_53' title="bbox 422 3557 1998 3626">
     <span class='ocr_line' id='line_1_53' title="bbox 422 3557 1998 3626; baseline 0.004 -18"><span class='ocrx_word' id='word_1_352' title='bbox 422 3557 534 3609; x_wconf 89' lang='lat' dir='ltr'><strong>lum</strong></span> <span class='ocrx_word' id='word_1_353' title='bbox 566 3574 586 3622; x_wconf 89' lang='lat'><strong><em>;</em></strong></span> <span class='ocrx_word' id='word_1_354' title='bbox 622 3573 744 3626; x_wconf 73' lang='lat' dir='ltr'><strong>qua:</strong></span> <span class='ocrx_word' id='word_1_355' title='bbox 782 3558 1010 3613; x_wconf 79' lang='lat' dir='ltr'><strong>fortasse</strong></span> <span class='ocrx_word' id='word_1_356' title='bbox 1043 3559 1222 3614; x_wconf 85' lang='lat' dir='ltr'><strong>verior</strong></span> <span class='ocrx_word' id='word_1_357' title='bbox 1277 3559 1437 3613; x_wconf 84' lang='lat' dir='ltr'><strong>lectio</strong></span> <span class='ocrx_word' id='word_1_358' title='bbox 1465 3570 1568 3614; x_wconf 80' lang='lat' dir='ltr'><strong>est.</strong></span> <span class='ocrx_word' id='word_1_359' title='bbox 1603 3558 1708 3614; x_wconf 89' lang='lat' dir='ltr'><strong>Sed</strong></span> <span class='ocrx_word' id='word_1_360' title='bbox 1737 3570 1817 3614; x_wconf 89' lang='lat' dir='ltr'><strong>est</strong></span> <span class='ocrx_word' id='word_1_361' title='bbox 1867 3575 1998 3614; x_wconf 89' lang='lat' dir='ltr'><strong>sane</strong></span> 
     </span>
    </p>
   </div>
   <div class='ocr_carea' id='block_1_54' title="bbox 425 3635 1994 3719">
    <p class='ocr_par' dir='ltr' id='par_1_54' title="bbox 425 3635 1994 3719">
     <span class='ocr_line' id='line_1_54' title="bbox 425 3635 1994 3719; baseline 0.003 -19"><span class='ocrx_word' id='word_1_362' title='bbox 425 3644 688 3716; x_wconf 75' lang='lat' dir='ltr'><strong>Scaligeri</strong></span> <span class='ocrx_word' id='word_1_363' title='bbox 739 3651 1041 3702; x_wconf 88' lang='lat' dir='ltr'><strong>ostentatio</strong></span> <span class='ocrx_word' id='word_1_364' title='bbox 1105 3657 1256 3703; x_wconf 88' lang='lat' dir='ltr'><strong>tanto</strong></span> <span class='ocrx_word' id='word_1_365' title='bbox 1299 3651 1416 3704; x_wconf 91' lang='lat' dir='ltr'><strong>viro</strong></span> <span class='ocrx_word' id='word_1_366' title='bbox 1449 3650 1841 3719; x_wconf 80' lang='lat' dir='ltr'><strong>indigna,qnorl</strong></span> <span class='ocrx_word' id='word_1_367' title='bbox 1874 3635 1994 3704; x_wconf 75' lang='lat' dir='ltr'><strong>eam</strong></span> 
     </span>
    </p>
   </div>
   <div class='ocr_carea' id='block_1_55' title="bbox 425 3741 1996 3809">
    <p class='ocr_par' dir='ltr' id='par_1_55' title="bbox 425 3741 1996 3809">
     <span class='ocr_line' id='line_1_55' title="bbox 425 3741 1996 3809; baseline 0.002 -18"><span class='ocrx_word' id='word_1_368' title='bbox 425 3741 713 3794; x_wconf 81' lang='lat' dir='ltr'><strong>lectionem</strong></span> <span class='ocrx_word' id='word_1_369' title='bbox 753 3741 982 3809; x_wconf 67' lang='lat' dir='ltr'><strong>pr&#39;olert,</strong></span> <span class='ocrx_word' id='word_1_370' title='bbox 1022 3742 1248 3809; x_wconf 84' lang='lat' dir='ltr'><strong>perinde</strong></span> <span class='ocrx_word' id='word_1_371' title='bbox 1281 3750 1446 3808; x_wconf 87' lang='lat' dir='ltr'><strong>atqrre</strong></span> <span class='ocrx_word' id='word_1_372' title='bbox 1500 3743 1718 3809; x_wconf 80' lang='lat' dir='ltr'><strong>ingenio</strong></span> <span class='ocrx_word' id='word_1_373' title='bbox 1765 3755 1867 3794; x_wconf 86' lang='lat' dir='ltr'><strong>suo</strong></span> <span class='ocrx_word' id='word_1_374' title='bbox 1897 3757 1996 3794; x_wconf 81' lang='lat' dir='ltr'><strong>cx-</strong></span> 
     </span>
    </p>
   </div>
   <div class='ocr_carea' id='block_1_56' title="bbox 424 3831 1995 3903">
    <p class='ocr_par' dir='ltr' id='par_1_56' title="bbox 424 3831 1995 3903">
     <span class='ocr_line' id='line_1_56' title="bbox 424 3831 1995 3903; baseline 0.002 -18"><span class='ocrx_word' id='word_1_375' title='bbox 424 3832 655 3896; x_wconf 83' lang='lat' dir='ltr'><strong>eudcrit,</strong></span> <span class='ocrx_word' id='word_1_376' title='bbox 686 3848 847 3900; x_wconf 87' lang='lat' dir='ltr'><strong>quam</strong></span> <span class='ocrx_word' id='word_1_377' title='bbox 877 3832 1126 3902; x_wconf 86' lang='lat' dir='ltr'><strong>dejerare</strong></span> <span class='ocrx_word' id='word_1_378' title='bbox 1178 3832 1372 3897; x_wconf 88' lang='lat' dir='ltr'><strong>ausim,</strong></span> <span class='ocrx_word' id='word_1_379' title='bbox 1411 3847 1537 3885; x_wconf 88' lang='lat' dir='ltr'><strong>eum</strong></span> <span class='ocrx_word' id='word_1_380' title='bbox 1587 3851 1616 3885; x_wconf 88' lang='lat' dir='ltr'><strong>a</strong></span> <span class='ocrx_word' id='word_1_381' title='bbox 1655 3831 1995 3903; x_wconf 86' lang='lat' dir='ltr'><strong>Syncelliano</strong></span> 
     </span>
    </p>
   </div>
   <div class='ocr_carea' id='block_1_57' title="bbox 425 3913 1683 3990">
    <p class='ocr_par' dir='ltr' id='par_1_57' title="bbox 425 3913 1683 3990">
     <span class='ocr_line' id='line_1_57' title="bbox 425 3913 1683 3990; baseline 0.001 -16"><span class='ocrx_word' id='word_1_382' title='bbox 425 3913 660 3990; x_wconf 64' lang='lat' dir='ltr'><strong>nonduin</strong></span> <span class='ocrx_word' id='word_1_383' title='bbox 700 3921 915 3988; x_wconf 76' lang='lat' dir='ltr'><strong>vulgato</strong></span> <span class='ocrx_word' id='word_1_384' title='bbox 951 3920 1267 3990; x_wconf 77' lang='lat' dir='ltr'><strong>apngrapho</strong></span> <span class='ocrx_word' id='word_1_385' title='bbox 1302 3921 1683 3989; x_wconf 78' lang='lat' dir='ltr'><strong>descripsisse.</strong></span> 
     </span>
    </p>
   </div>
   <div class='ocr_carea' id='block_1_58' title="bbox 490 4005 1994 4068">
    <p class='ocr_par' dir='ltr' id='par_1_58' title="bbox 490 4005 1994 4068">
     <span class='ocr_line' id='line_1_58' title="bbox 490 4005 1994 4068; baseline 0.001 -1"><span class='ocrx_word' id='word_1_386' title='bbox 490 4005 1091 4068; x_wconf 64' lang='lat' dir='ltr'><strong>Col.457.Nasamones</strong></span> <span class='ocrx_word' id='word_1_387' title='bbox 1121 4022 1168 4064; x_wconf 87' lang='lat' dir='ltr'><strong>et</strong></span> <span class='ocrx_word' id='word_1_388' title='bbox 1204 4011 1358 4066; x_wconf 84' lang='lat' dir='ltr'><strong>Daci.</strong></span> <span class='ocrx_word' id='word_1_389' title='bbox 1395 4013 1606 4066; x_wconf 87' lang='lat' dir='ltr'><strong>Invenit</strong></span> <span class='ocrx_word' id='word_1_390' title='bbox 1661 4010 1994 4068; x_wconf 79' lang='lat' dir='ltr'><strong>Schurzllei-</strong></span> 
     </span>
    </p>
   </div>
   <div class='ocr_carea' id='block_1_59' title="bbox 422 4099 1992 4170">
    <p class='ocr_par' dir='ltr' id='par_1_59' title="bbox 422 4099 1992 4170">
     <span class='ocr_line' id='line_1_59' title="bbox 422 4099 1992 4170; baseline 0.001 -14"><span class='ocrx_word' id='word_1_391' title='bbox 422 4103 608 4157; x_wconf 88' lang='lat' dir='ltr'><strong>sclrius</strong></span> <span class='ocrx_word' id='word_1_392' title='bbox 644 4104 907 4170; x_wconf 88' lang='lat' dir='ltr'><strong>scriptum</strong></span> <span class='ocrx_word' id='word_1_393' title='bbox 969 4102 1021 4156; x_wconf 90' lang='lat' dir='ltr'><strong>in</strong></span> <span class='ocrx_word' id='word_1_394' title='bbox 1078 4102 1200 4155; x_wconf 83' lang='lat' dir='ltr'><strong>aliis</strong></span> <span class='ocrx_word' id='word_1_395' title='bbox 1235 4101 1391 4154; x_wconf 86' lang='lat' dir='ltr'><strong>libris</strong></span> <span class='ocrx_word' id='word_1_396' title='bbox 1426 4099 1618 4165; x_wconf 81' lang='lat' dir='ltr'><strong>Duces,</strong></span> <span class='ocrx_word' id='word_1_397' title='bbox 1645 4116 1802 4170; x_wconf 84' lang='lat' dir='ltr'><strong>quem</strong></span> <span class='ocrx_word' id='word_1_398' title='bbox 1841 4111 1992 4168; x_wconf 84' lang='lat' dir='ltr'><strong>putat</strong></span> 
     </span>
    </p>
   </div>
   <div class='ocr_carea' id='block_1_60' title="bbox 420 4189 1987 4266">
    <p class='ocr_par' dir='ltr' id='par_1_60' title="bbox 420 4189 1987 4266">
     <span class='ocr_line' id='line_1_60' title="bbox 420 4189 1987 4266; baseline -0.001 -18"><span class='ocrx_word' id='word_1_399' title='bbox 420 4189 733 4266; x_wconf 79' lang='lat' dir='ltr'><strong>Hieronymi</strong></span> <span class='ocrx_word' id='word_1_400' title='bbox 764 4195 1208 4264; x_wconf 84' lang='lat' dir='ltr'><strong>metaplasmum.</strong></span> <span class='ocrx_word' id='word_1_401' title='bbox 1241 4195 1342 4248; x_wconf 82' lang='lat' dir='ltr'><strong>Pro</strong></span> <span class='ocrx_word' id='word_1_402' title='bbox 1372 4193 1708 4256; x_wconf 75' lang='lat' dir='ltr'><strong>dimicantes,</strong></span> <span class='ocrx_word' id='word_1_403' title='bbox 1741 4210 1805 4246; x_wconf 79' lang='lat' dir='ltr'><strong>ex</strong></span> <span class='ocrx_word' id='word_1_404' title='bbox 1837 4194 1987 4248; x_wconf 70' lang='lat' dir='ltr'><strong>Grat-</strong></span> 
     </span>
    </p>
   </div>
   <div class='ocr_carea' id='block_1_61' title="bbox 421 4283 1991 4350">
    <p class='ocr_par' dir='ltr' id='par_1_61' title="bbox 421 4283 1991 4350">
     <span class='ocr_line' id='line_1_61' title="bbox 421 4283 1991 4350; baseline -0.002 -10"><span class='ocrx_word' id='word_1_405' title='bbox 421 4304 486 4340; x_wconf 88' lang='lat' dir='ltr'><strong>co</strong></span> <span class='ocrx_word' id='word_1_406' title='bbox 528 4288 972 4350; x_wconf 69' lang='grc' dir='ltr'><strong>ἐπαναστάντες,</strong></span> <span class='ocrx_word' id='word_1_407' title='bbox 1042 4287 1360 4341; x_wconf 85' lang='lat' dir='ltr'><strong>vertendum</strong></span> <span class='ocrx_word' id='word_1_408' title='bbox 1421 4283 1612 4338; x_wconf 82' lang='lat' dir='ltr'><strong>luisset</strong></span> <span class='ocrx_word' id='word_1_409' title='bbox 1657 4283 1991 4348; x_wconf 79' lang='lat' dir='ltr'><strong>rebellantes,</strong></span> 
     </span>
    </p>
   </div>
   <div class='ocr_carea' id='block_1_62' title="bbox 419 4371 1137 4451">
    <p class='ocr_par' dir='ltr' id='par_1_62' title="bbox 419 4371 1137 4451">
     <span class='ocr_line' id='line_1_62' title="bbox 419 4371 1137 4451; baseline 0.001 -17"><span class='ocrx_word' id='word_1_410' title='bbox 419 4383 562 4451; x_wconf 90' lang='lat' dir='ltr'><strong>quod</strong></span> <span class='ocrx_word' id='word_1_411' title='bbox 590 4371 909 4449; x_wconf 70' lang='lat' dir='ltr'><strong>etScaliger</strong></span> <span class='ocrx_word' id='word_1_412' title='bbox 931 4391 1137 4435; x_wconf 88' lang='lat' dir='ltr'><strong>rnonet.</strong></span> 
     </span>
    </p>
   </div>
   <div class='ocr_carea' id='block_1_63' title="bbox 2105 1910 3686 1980">
    <p class='ocr_par' dir='ltr' id='par_1_63' title="bbox 2105 1910 3686 1980">
     <span class='ocr_line' id='line_1_63' title="bbox 2105 1910 3686 1980; baseline -0.007 -13"><span class='ocrx_word' id='word_1_413' title='bbox 2105 1912 2173 1968; x_wconf 85' lang='lat' dir='ltr'><strong>de</strong></span> <span class='ocrx_word' id='word_1_414' title='bbox 2189 1927 2274 1976; x_wconf 82' lang='lat' dir='ltr'><strong>eo,</strong></span> <span class='ocrx_word' id='word_1_415' title='bbox 2309 1911 2537 1978; x_wconf 88' lang='lat' dir='ltr'><strong>nullam,</strong></span> <span class='ocrx_word' id='word_1_416' title='bbox 2568 1911 2765 1980; x_wconf 88' lang='lat' dir='ltr'><strong>inquit,</strong></span> <span class='ocrx_word' id='word_1_417' title='bbox 2791 1910 2892 1964; x_wconf 85' lang='lat' dir='ltr'><strong>sibi</strong></span> <span class='ocrx_word' id='word_1_418' title='bbox 2928 1911 3031 1963; x_wconf 88' lang='lat' dir='ltr'><strong>nisi</strong></span> <span class='ocrx_word' id='word_1_419' title='bbox 3061 1925 3279 1962; x_wconf 81' lang='lat' dir='ltr'><strong>auream</strong></span> <span class='ocrx_word' id='word_1_420' title='bbox 3307 1917 3357 1961; x_wconf 81' lang='lat' dir='ltr'><strong>et</strong></span> <span class='ocrx_word' id='word_1_421' title='bbox 3380 1917 3686 1976; x_wconf 70' lang='lat' dir='ltr'><strong>argenteam</strong></span> 
     </span>
    </p>
   </div>
   <div class='ocr_carea' id='block_1_64' title="bbox 2104 1999 3686 2074">
    <p class='ocr_par' dir='ltr' id='par_1_64' title="bbox 2104 1999 3686 2074">
     <span class='ocr_line' id='line_1_64' title="bbox 2104 1999 3686 2074; baseline -0.008 -15"><span class='ocrx_word' id='word_1_422' title='bbox 2104 2006 2418 2072; x_wconf 64' lang='lat' dir='ltr'><strong>slatuamjn</strong></span> <span class='ocrx_word' id='word_1_423' title='bbox 2448 2004 2711 2074; x_wconf 86' lang='lat' dir='ltr'><strong>Capitolio</strong></span> <span class='ocrx_word' id='word_1_424' title='bbox 2762 2004 2884 2070; x_wconf 86' lang='lat' dir='ltr'><strong>poni</strong></span> <span class='ocrx_word' id='word_1_425' title='bbox 2915 2019 3105 2074; x_wconf 80' lang='lat' dir='ltr'><strong>passus</strong></span> <span class='ocrx_word' id='word_1_426' title='bbox 3138 2010 3237 2058; x_wconf 86' lang='lat' dir='ltr'><strong>est.</strong></span> <span class='ocrx_word' id='word_1_427' title='bbox 3293 1999 3427 2066; x_wconf 78' lang='lat' dir='ltr'><strong>Qua:</strong></span> <span class='ocrx_word' id='word_1_428' title='bbox 3489 2000 3686 2052; x_wconf 70' lang='lat' dir='ltr'><strong>srrbSo-</strong></span> 
     </span>
    </p>
   </div>
   <div class='ocr_carea' id='block_1_65' title="bbox 2106 2092 3685 2172">
    <p class='ocr_par' dir='ltr' id='par_1_65' title="bbox 2106 2092 3685 2172">
     <span class='ocr_line' id='line_1_65' title="bbox 2106 2092 3685 2172; baseline -0.009 -16"><span class='ocrx_word' id='word_1_429' title='bbox 2106 2108 2348 2172; x_wconf 88' lang='lat' dir='ltr'><strong>qurtrrtur</strong></span> <span class='ocrx_word' id='word_1_430' title='bbox 2387 2098 2568 2152; x_wconf 84' lang='lat' dir='ltr'><strong>Italico</strong></span> <span class='ocrx_word' id='word_1_431' title='bbox 2601 2101 2922 2151; x_wconf 89' lang='lat' dir='ltr'><strong>charactere</strong></span> <span class='ocrx_word' id='word_1_432' title='bbox 2979 2095 3270 2155; x_wconf 82' lang='lat' dir='ltr'><strong>distincta.</strong></span> <span class='ocrx_word' id='word_1_433' title='bbox 3312 2093 3366 2147; x_wconf 88' lang='lat' dir='ltr'><strong>irt</strong></span> <span class='ocrx_word' id='word_1_434' title='bbox 3405 2092 3685 2146; x_wconf 79' lang='lat' dir='ltr'><strong>Parmensi</strong></span> 
     </span>
    </p>
   </div>
   <div class='ocr_carea' id='block_1_66' title="bbox 2107 2189 3274 2260">
    <p class='ocr_par' dir='ltr' id='par_1_66' title="bbox 2107 2189 3274 2260">
     <span class='ocr_line' id='line_1_66' title="bbox 2107 2189 3274 2260; baseline -0.005 -14"><span class='ocrx_word' id='word_1_435' title='bbox 2107 2208 2211 2247; x_wconf 87' lang='lat' dir='ltr'><strong>trrs.</strong></span> <span class='ocrx_word' id='word_1_436' title='bbox 2243 2189 2467 2245; x_wconf 91' lang='lat' dir='ltr'><strong>omnino</strong></span> <span class='ocrx_word' id='word_1_437' title='bbox 2493 2204 2599 2243; x_wconf 92' lang='lat' dir='ltr'><strong>non</strong></span> <span class='ocrx_word' id='word_1_438' title='bbox 2627 2189 2917 2244; x_wconf 89' lang='lat' dir='ltr'><strong>habentur.</strong></span> <span class='ocrx_word' id='word_1_439' title='bbox 3269 2255 3274 2260; x_wconf 26' lang='grc' dir='ltr'><strong><em>ι</em></strong></span> 
     </span>
    </p>
   </div>
   <div class='ocr_carea' id='block_1_67' title="bbox 2177 2274 3690 2351">
    <p class='ocr_par' dir='ltr' id='par_1_67' title="bbox 2177 2274 3690 2351">
     <span class='ocr_line' id='line_1_67' title="bbox 2177 2274 3690 2351; baseline -0.007 -15"><span class='ocrx_word' id='word_1_440' title='bbox 2177 2281 2413 2336; x_wconf 79' lang='lat' dir='ltr'><strong>Clemens</strong></span> <span class='ocrx_word' id='word_1_441' title='bbox 2429 2282 2592 2351; x_wconf 90' lang='lat' dir='ltr'><strong>(apud</strong></span> <span class='ocrx_word' id='word_1_442' title='bbox 2611 2279 2884 2348; x_wconf 78' lang='lat' dir='ltr'><strong>Vallarsi).</strong></span> <span class='ocrx_word' id='word_1_443' title='bbox 2910 2278 3025 2333; x_wconf 87' lang='lat' dir='ltr'><strong>Huc</strong></span> <span class='ocrx_word' id='word_1_444' title='bbox 3044 2276 3188 2331; x_wconf 76' lang='lat' dir='ltr'><strong>refer</strong></span> <span class='ocrx_word' id='word_1_445' title='bbox 3204 2293 3324 2346; x_wconf 73' lang='lat' dir='ltr'><strong>tlllT</strong></span> <span class='ocrx_word' id='word_1_446' title='bbox 3347 2274 3508 2351; x_wconf 88' lang='lat' dir='ltr'><strong>paulo</strong></span> <span class='ocrx_word' id='word_1_447' title='bbox 3529 2289 3690 2344; x_wconf 64' lang='lat' dir='ltr'><strong>supeo</strong></span> 
     </span>
    </p>
   </div>
   <div class='ocr_carea' id='block_1_68' title="bbox 2107 2350 3467 2441">
    <p class='ocr_par' dir='ltr' id='par_1_68' title="bbox 2107 2350 3467 2441">
     <span class='ocr_line' id='line_1_68' title="bbox 2107 2350 3467 2441; baseline -0.007 -14"><span class='ocrx_word' id='word_1_448' title='bbox 2107 2375 2220 2428; x_wconf 91' lang='lat' dir='ltr'><strong>rirrs</strong></span> <span class='ocrx_word' id='word_1_449' title='bbox 2260 2378 2326 2427; x_wconf 85' lang='lat' dir='ltr'><strong>ad</strong></span> <span class='ocrx_word' id='word_1_450' title='bbox 2360 2373 2496 2428; x_wconf 87' lang='lat' dir='ltr'><strong>Cleli</strong></span> <span class='ocrx_word' id='word_1_451' title='bbox 2549 2371 2924 2441; x_wconf 80' lang='lat' dir='ltr'><strong>pontiﬁcatum</strong></span> <span class='ocrx_word' id='word_1_452' title='bbox 2966 2370 3342 2423; x_wconf 72' lang='lat' dir='ltr'><strong>observamus.</strong></span> <span class='ocrx_word' id='word_1_453' title='bbox 3460 2350 3467 2355; x_wconf 53' lang='grc'><em>’</em></span> 
     </span>
    </p>
   </div>
   <div class='ocr_carea' id='block_1_69' title="bbox 2175 2459 3686 2535">
    <p class='ocr_par' dir='ltr' id='par_1_69' title="bbox 2175 2459 3686 2535">
     <span class='ocr_line' id='line_1_69' title="bbox 2175 2459 3686 2535; baseline -0.008 -15"><span class='ocrx_word' id='word_1_454' title='bbox 2175 2465 2511 2520; x_wconf 87' lang='lat' dir='ltr'><strong>Domitianrrs</strong></span> <span class='ocrx_word' id='word_1_455' title='bbox 2544 2462 2710 2535; x_wconf 90' lang='lat' dir='ltr'><strong>(apud</strong></span> <span class='ocrx_word' id='word_1_456' title='bbox 2747 2459 3018 2530; x_wconf 78' lang='lat' dir='ltr'><strong>Vallarsi).</strong></span> <span class='ocrx_word' id='word_1_457' title='bbox 3048 2460 3179 2514; x_wconf 90' lang='lat' dir='ltr'><strong>Illud</strong></span> <span class='ocrx_word' id='word_1_458' title='bbox 3219 2461 3393 2528; x_wconf 89' lang='lat' dir='ltr'><strong>ipsum</strong></span> <span class='ocrx_word' id='word_1_459' title='bbox 3443 2459 3686 2513; x_wconf 84' lang='lat' dir='ltr'><strong>edictuin</strong></span> 
     </span>
    </p>
   </div>
   <div class='ocr_carea' id='block_1_70' title="bbox 2110 2549 3689 2626">
    <p class='ocr_par' dir='ltr' id='par_1_70' title="bbox 2110 2549 3689 2626">
     <span class='ocr_line' id='line_1_70' title="bbox 2110 2549 3689 2626; baseline -0.007 -15"><span class='ocrx_word' id='word_1_460' title='bbox 2110 2558 2348 2622; x_wconf 83' lang='lat' dir='ltr'><strong>videtur,</strong></span> <span class='ocrx_word' id='word_1_461' title='bbox 2401 2557 2545 2626; x_wconf 92' lang='lat' dir='ltr'><strong>quod</strong></span> <span class='ocrx_word' id='word_1_462' title='bbox 2588 2555 2890 2608; x_wconf 88' lang='lat' dir='ltr'><strong>Suetonius</strong></span> <span class='ocrx_word' id='word_1_463' title='bbox 2915 2569 3037 2622; x_wconf 86' lang='lat' dir='ltr'><strong>cap.</strong></span> <span class='ocrx_word' id='word_1_464' title='bbox 3076 2555 3105 2606; x_wconf 86' lang='lat'><strong>7</strong></span> <span class='ocrx_word' id='word_1_465' title='bbox 3152 2551 3334 2615; x_wconf 67' lang='lat' dir='ltr'><strong>refert,</strong></span> <span class='ocrx_word' id='word_1_466' title='bbox 3374 2549 3452 2604; x_wconf 77' lang='lat' dir='ltr'><strong>Ne</strong></span> <span class='ocrx_word' id='word_1_467' title='bbox 3485 2552 3597 2619; x_wconf 82' lang='lat' dir='ltr'><strong>quis</strong></span> <span class='ocrx_word' id='word_1_468' title='bbox 3631 2555 3689 2600; x_wconf 74' lang='lat' dir='ltr'><strong>in</strong></span> 
     </span>
    </p>
   </div>
   <div class='ocr_carea' id='block_1_71' title="bbox 2109 2642 3687 2715">
    <p class='ocr_par' dir='ltr' id='par_1_71' title="bbox 2109 2642 3687 2715">
     <span class='ocr_line' id='line_1_71' title="bbox 2109 2642 3687 2715; baseline -0.006 -13"><span class='ocrx_word' id='word_1_469' title='bbox 2109 2647 2277 2703; x_wconf 76' lang='lat' dir='ltr'><strong>Italia</strong></span> <span class='ocrx_word' id='word_1_470' title='bbox 2309 2647 2591 2702; x_wconf 74' lang='lat' dir='ltr'><strong>nouellaret</strong></span> <span class='ocrx_word' id='word_1_471' title='bbox 2617 2660 2636 2700; x_wconf 88' lang='lat'><strong><em>:</em></strong></span> <span class='ocrx_word' id='word_1_472' title='bbox 2667 2656 2823 2715; x_wconf 87' lang='lat' dir='ltr'><strong>utque</strong></span> <span class='ocrx_word' id='word_1_473' title='bbox 2847 2646 2899 2698; x_wconf 87' lang='lat' dir='ltr'><strong>in</strong></span> <span class='ocrx_word' id='word_1_474' title='bbox 2930 2645 3206 2712; x_wconf 74' lang='lat' dir='ltr'><strong>provinciis</strong></span> <span class='ocrx_word' id='word_1_475' title='bbox 3233 2657 3401 2696; x_wconf 79' lang='lat' dir='ltr'><strong>vineta</strong></span> <span class='ocrx_word' id='word_1_476' title='bbox 3448 2642 3687 2694; x_wconf 76' lang='lat' dir='ltr'><strong>succide-</strong></span> 
     </span>
    </p>
   </div>
   <div class='ocr_carea' id='block_1_72' title="bbox 2103 2738 3688 2810">
    <p class='ocr_par' dir='ltr' id='par_1_72' title="bbox 2103 2738 3688 2810">
     <span class='ocr_line' id='line_1_72' title="bbox 2103 2738 3688 2810; baseline -0.006 -12"><span class='ocrx_word' id='word_1_477' title='bbox 2103 2754 2307 2808; x_wconf 83' lang='lat' dir='ltr'><strong>rentur,</strong></span> <span class='ocrx_word' id='word_1_478' title='bbox 2334 2743 2536 2808; x_wconf 77' lang='lat' dir='ltr'><strong>relt&#39;cta,</strong></span> <span class='ocrx_word' id='word_1_479' title='bbox 2578 2742 2664 2795; x_wconf 84' lang='lat' dir='ltr'><strong>ubi</strong></span> <span class='ocrx_word' id='word_1_480' title='bbox 2695 2742 3004 2810; x_wconf 85' lang='lat' dir='ltr'><strong>plurimum,</strong></span> <span class='ocrx_word' id='word_1_481' title='bbox 3030 2741 3251 2793; x_wconf 81' lang='lat' dir='ltr'><strong>dimidia</strong></span> <span class='ocrx_word' id='word_1_482' title='bbox 3278 2752 3446 2809; x_wconf 84' lang='lat' dir='ltr'><strong>parte.</strong></span> <span class='ocrx_word' id='word_1_483' title='bbox 3477 2738 3688 2791; x_wconf 74' lang='lat' dir='ltr'><strong>Exinde</strong></span> 
     </span>
    </p>
   </div>
   <div class='ocr_carea' id='block_1_73' title="bbox 2111 2831 3687 2906">
    <p class='ocr_par' dir='ltr' id='par_1_73' title="bbox 2111 2831 3687 2906">
     <span class='ocr_line' id='line_1_73' title="bbox 2111 2831 3687 2906; baseline -0.004 -15"><span class='ocrx_word' id='word_1_484' title='bbox 2111 2836 2354 2906; x_wconf 79' lang='lat' dir='ltr'><strong>Scaliger</strong></span> <span class='ocrx_word' id='word_1_485' title='bbox 2369 2837 2666 2899; x_wconf 87' lang='lat' dir='ltr'><strong>contendit,</strong></span> <span class='ocrx_word' id='word_1_486' title='bbox 2687 2835 2881 2887; x_wconf 89' lang='lat' dir='ltr'><strong>melius</strong></span> <span class='ocrx_word' id='word_1_487' title='bbox 2899 2836 2957 2884; x_wconf 83' lang='grc' dir='ltr'>ὲν</span> <span class='ocrx_word' id='word_1_488' title='bbox 2972 2835 3086 2893; x_wconf 73' lang='grc' dir='ltr'><strong>ταῖς</strong></span> <span class='ocrx_word' id='word_1_489' title='bbox 3105 2833 3397 2902; x_wconf 69' lang='grc' dir='ltr'><strong>ἐπαρχίαις</strong></span> <span class='ocrx_word' id='word_1_490' title='bbox 3410 2831 3687 2885; x_wconf 82' lang='lat' dir='ltr'><strong>dicturum</strong></span> 
     </span>
    </p>
   </div>
   <div class='ocr_carea' id='block_1_74' title="bbox 2107 2923 3691 2996">
    <p class='ocr_par' dir='ltr' id='par_1_74' title="bbox 2107 2923 3691 2996">
     <span class='ocr_line' id='line_1_74' title="bbox 2107 2923 3691 2996; baseline -0.006 -12"><span class='ocrx_word' id='word_1_491' title='bbox 2107 2929 2275 2984; x_wconf 78' lang='lat' dir='ltr'><strong>fuisse</strong></span> <span class='ocrx_word' id='word_1_492' title='bbox 2325 2929 2638 2990; x_wconf 86' lang='lat' dir='ltr'><strong>Eusebium,</strong></span> <span class='ocrx_word' id='word_1_493' title='bbox 2659 2941 2819 2996; x_wconf 86' lang='lat' dir='ltr'><strong>quam</strong></span> <span class='ocrx_word' id='word_1_494' title='bbox 2839 2927 2896 2978; x_wconf 77' lang='grc' dir='ltr'><strong>ὲν</strong></span> <span class='ocrx_word' id='word_1_495' title='bbox 2921 2927 3038 2988; x_wconf 82' lang='grc' dir='ltr'><strong>ταῖς</strong></span> <span class='ocrx_word' id='word_1_496' title='bbox 3073 2924 3284 2990; x_wconf 84' lang='grc' dir='ltr'><strong>πόλεσι,</strong></span> <span class='ocrx_word' id='word_1_497' title='bbox 3311 2924 3451 2994; x_wconf 89' lang='lat' dir='ltr'><strong>quod</strong></span> <span class='ocrx_word' id='word_1_498' title='bbox 3484 2923 3691 2977; x_wconf 73' lang='lat' dir='ltr'><strong>fatetur</strong></span> 
     </span>
    </p>
   </div>
   <div class='ocr_carea' id='block_1_75' title="bbox 2106 3015 3687 3088">
    <p class='ocr_par' dir='ltr' id='par_1_75' title="bbox 2106 3015 3687 3088">
     <span class='ocr_line' id='line_1_75' title="bbox 2106 3015 3687 3088; baseline -0.005 -13"><span class='ocrx_word' id='word_1_499' title='bbox 2106 3036 2164 3076; x_wconf 88' lang='lat' dir='ltr'><strong>se</strong></span> <span class='ocrx_word' id='word_1_500' title='bbox 2184 3036 2288 3074; x_wconf 92' lang='lat' dir='ltr'><strong>non</strong></span> <span class='ocrx_word' id='word_1_501' title='bbox 2315 3019 2636 3088; x_wconf 80' lang='lat' dir='ltr'><strong>intelligere.</strong></span> <span class='ocrx_word' id='word_1_502' title='bbox 2657 3018 2766 3087; x_wconf 77' lang='lat' dir='ltr'><strong>Ego</strong></span> <span class='ocrx_word' id='word_1_503' title='bbox 2791 3017 2970 3071; x_wconf 87' lang='lat' dir='ltr'><strong>isthuc</strong></span> <span class='ocrx_word' id='word_1_504' title='bbox 2991 3033 3088 3086; x_wconf 91' lang='lat' dir='ltr'><strong>pro</strong></span> <span class='ocrx_word' id='word_1_505' title='bbox 3109 3019 3161 3069; x_wconf 87' lang='lat' dir='ltr'><strong>in</strong></span> <span class='ocrx_word' id='word_1_506' title='bbox 3177 3015 3345 3069; x_wconf 89' lang='lat' dir='ltr'><strong>Italia</strong></span> <span class='ocrx_word' id='word_1_507' title='bbox 3367 3017 3568 3070; x_wconf 91' lang='lat' dir='ltr'><strong>dictum</strong></span> <span class='ocrx_word' id='word_1_508' title='bbox 3587 3029 3687 3067; x_wconf 82' lang='lat' dir='ltr'><strong>ac-</strong></span> 
     </span>
    </p>
   </div>
   <div class='ocr_carea' id='block_1_76' title="bbox 2110 3095 3684 3182">
    <p class='ocr_par' dir='ltr' id='par_1_76' title="bbox 2110 3095 3684 3182">
     <span class='ocr_line' id='line_1_76' title="bbox 2110 3095 3684 3182; baseline -0.003 -17"><span class='ocrx_word' id='word_1_509' title='bbox 2110 3113 2253 3182; x_wconf 90' lang='lat' dir='ltr'><strong>cipio</strong></span> <span class='ocrx_word' id='word_1_510' title='bbox 2276 3127 2290 3163; x_wconf 87' lang='lat'><strong>:</strong></span> <span class='ocrx_word' id='word_1_511' title='bbox 2313 3124 2508 3164; x_wconf 76' lang='lat' dir='ltr'><strong>crcrcra</strong></span> <span class='ocrx_word' id='word_1_512' title='bbox 2529 3110 2730 3164; x_wconf 88' lang='lat' dir='ltr'><strong>videsis</strong></span> <span class='ocrx_word' id='word_1_513' title='bbox 2745 3109 2978 3177; x_wconf 77' lang='lat' dir='ltr'><strong>lociejus</strong></span> <span class='ocrx_word' id='word_1_514' title='bbox 2993 3095 3314 3162; x_wconf 72' lang='lat' dir='ltr'><strong>Suetoniani</strong></span> <span class='ocrx_word' id='word_1_515' title='bbox 3335 3111 3684 3177; x_wconf 83' lang='lat' dir='ltr'><strong>interpretes.</strong></span> 
     </span>
    </p>
   </div>
   <div class='ocr_carea' id='block_1_77' title="bbox 2167 3198 3676 3268">
    <p class='ocr_par' dir='ltr' id='par_1_77' title="bbox 2167 3198 3676 3268">
     <span class='ocr_line' id='line_1_77' title="bbox 2167 3198 3676 3268; baseline -0.003 -12"><span class='ocrx_word' id='word_1_516' title='bbox 2167 3203 2285 3258; x_wconf 82' lang='lat' dir='ltr'><strong>Col.</strong></span> <span class='ocrx_word' id='word_1_517' title='bbox 2316 3201 2442 3256; x_wconf 72' lang='grc'><strong>459.</strong></span> <span class='ocrx_word' id='word_1_518' title='bbox 2487 3200 2697 3254; x_wconf 77' lang='lat' dir='ltr'><strong>Flavius</strong></span> <span class='ocrx_word' id='word_1_519' title='bbox 2745 3198 3006 3268; x_wconf 74' lang='lat' dir='ltr'><strong>Iosephus</strong></span> <span class='ocrx_word' id='word_1_520' title='bbox 3058 3201 3141 3252; x_wconf 85' lang='lat' dir='ltr'><strong>hic</strong></span> <span class='ocrx_word' id='word_1_521' title='bbox 3191 3200 3352 3268; x_wconf 80' lang='lat' dir='ltr'><strong>ﬁnem</strong></span> <span class='ocrx_word' id='word_1_522' title='bbox 3391 3201 3538 3268; x_wconf 76' lang='lat' dir='ltr'><strong>facit,</strong></span> <span class='ocrx_word' id='word_1_523' title='bbox 3565 3211 3676 3252; x_wconf 81' lang='lat' dir='ltr'><strong>etc.</strong></span> 
     </span>
    </p>
   </div>
   <div class='ocr_carea' id='block_1_78' title="bbox 2103 3291 3684 3361">
    <p class='ocr_par' dir='ltr' id='par_1_78' title="bbox 2103 3291 3684 3361">
     <span class='ocr_line' id='line_1_78' title="bbox 2103 3291 3684 3361; baseline -0.003 -13"><span class='ocrx_word' id='word_1_524' title='bbox 2103 3293 2370 3348; x_wconf 83' lang='lat' dir='ltr'><strong>Nimirum</strong></span> <span class='ocrx_word' id='word_1_525' title='bbox 2413 3295 2540 3361; x_wconf 89' lang='lat' dir='ltr'><strong>quia</strong></span> <span class='ocrx_word' id='word_1_526' title='bbox 2599 3292 2652 3345; x_wconf 91' lang='lat' dir='ltr'><strong>itt</strong></span> <span class='ocrx_word' id='word_1_527' title='bbox 2687 3293 2791 3345; x_wconf 84' lang='lat' dir='ltr'><strong>line</strong></span> <span class='ocrx_word' id='word_1_528' title='bbox 2849 3291 2997 3358; x_wconf 87' lang='lat' dir='ltr'><strong>libri,</strong></span> <span class='ocrx_word' id='word_1_529' title='bbox 3033 3293 3120 3345; x_wconf 91' lang='lat' dir='ltr'><strong>ubi</strong></span> <span class='ocrx_word' id='word_1_530' title='bbox 3158 3306 3217 3345; x_wconf 88' lang='lat' dir='ltr'><strong>se</strong></span> <span class='ocrx_word' id='word_1_531' title='bbox 3252 3293 3542 3360; x_wconf 73' lang='lat' dir='ltr'><strong>promittis,</strong></span> <span class='ocrx_word' id='word_1_532' title='bbox 3576 3291 3684 3344; x_wconf 83' lang='lat' dir='ltr'><strong>ite—</strong></span> 
     </span>
    </p>
   </div>
   <div class='ocr_carea' id='block_1_79' title="bbox 2098 3381 3680 3451">
    <p class='ocr_par' dir='ltr' id='par_1_79' title="bbox 2098 3381 3680 3451">
     <span class='ocr_line' id='line_1_79' title="bbox 2098 3381 3680 3451; baseline -0.001 -16"><span class='ocrx_word' id='word_1_533' title='bbox 2098 3397 2218 3435; x_wconf 91' lang='lat' dir='ltr'><strong>rutn</strong></span> <span class='ocrx_word' id='word_1_534' title='bbox 2257 3384 2493 3436; x_wconf 87' lang='lat' dir='ltr'><strong>breviter</strong></span> <span class='ocrx_word' id='word_1_535' title='bbox 2548 3383 2731 3436; x_wconf 86' lang='lat' dir='ltr'><strong>omnia</strong></span> <span class='ocrx_word' id='word_1_536' title='bbox 2793 3381 3186 3451; x_wconf 88' lang='lat' dir='ltr'><strong>percurrendo,</strong></span> <span class='ocrx_word' id='word_1_537' title='bbox 3254 3391 3680 3436; x_wconf 85' lang='lat' dir='ltr'><strong>memoratarum</strong></span> 
     </span>
    </p>
   </div>
   <div class='ocr_carea' id='block_1_80' title="bbox 2101 3468 3679 3536">
    <p class='ocr_par' dir='ltr' id='par_1_80' title="bbox 2101 3468 3679 3536">
     <span class='ocr_line' id='line_1_80' title="bbox 2101 3468 3679 3536; baseline -0.001 -13"><span class='ocrx_word' id='word_1_538' title='bbox 2101 3480 2156 3524; x_wconf 88' lang='lat' dir='ltr'><strong>et</strong></span> <span class='ocrx_word' id='word_1_539' title='bbox 2188 3470 2390 3525; x_wconf 86' lang='lat' dir='ltr'><strong>bellum</strong></span> <span class='ocrx_word' id='word_1_540' title='bbox 2425 3470 2795 3524; x_wconf 79' lang='lat' dir='ltr'><strong>Romanorum</strong></span> <span class='ocrx_word' id='word_1_541' title='bbox 2862 3485 2988 3523; x_wconf 90' lang='lat' dir='ltr'><strong>cunt</strong></span> <span class='ocrx_word' id='word_1_542' title='bbox 3025 3468 3251 3535; x_wconf 62' lang='lat' dir='ltr'><strong>ludatis,</strong></span> <span class='ocrx_word' id='word_1_543' title='bbox 3297 3478 3350 3524; x_wconf 89' lang='lat' dir='ltr'><strong>et</strong></span> <span class='ocrx_word' id='word_1_544' title='bbox 3388 3485 3510 3536; x_wconf 75' lang='lat' dir='ltr'><strong>qua:</strong></span> <span class='ocrx_word' id='word_1_545' title='bbox 3557 3472 3679 3522; x_wconf 78' lang='lat' dir='ltr'><strong>suis</strong></span> 
     </span>
    </p>
   </div>
   <div class='ocr_carea' id='block_1_81' title="bbox 2106 3561 3679 3631">
    <p class='ocr_par' dir='ltr' id='par_1_81' title="bbox 2106 3561 3679 3631">
     <span class='ocr_line' id='line_1_81' title="bbox 2106 3561 3679 3631; baseline -0.003 -14"><span class='ocrx_word' id='word_1_546' title='bbox 2106 3571 2428 3628; x_wconf 84' lang='lat' dir='ltr'><strong>evenerunt,</strong></span> <span class='ocrx_word' id='word_1_547' title='bbox 2459 3563 2512 3614; x_wconf 87' lang='lat' dir='ltr'><strong>in</strong></span> <span class='ocrx_word' id='word_1_548' title='bbox 2545 3562 2705 3626; x_wconf 83' lang='lat' dir='ltr'><strong>diem,</strong></span> <span class='ocrx_word' id='word_1_549' title='bbox 2735 3561 2996 3631; x_wconf 82' lang='lat' dir='ltr'><strong>ait,usqtte</strong></span> <span class='ocrx_word' id='word_1_550' title='bbox 3029 3562 3367 3622; x_wconf 79' lang='lat' dir='ltr'><strong>hodiernum,</strong></span> <span class='ocrx_word' id='word_1_551' title='bbox 3398 3561 3679 3631; x_wconf 71' lang='grc' dir='ltr'><strong>μὲχριτῆς</strong></span> 
     </span>
    </p>
   </div>
   <div class='ocr_carea' id='block_1_82' title="bbox 2098 3653 3676 3724">
    <p class='ocr_par' dir='ltr' id='par_1_82' title="bbox 2098 3653 3676 3724">
     <span class='ocr_line' id='line_1_82' title="bbox 2098 3653 3676 3724; baseline -0.003 -15"><span class='ocrx_word' id='word_1_552' title='bbox 2098 3656 2194 3709; x_wconf 81' lang='grc' dir='ltr'><strong>νῦν</strong></span> <span class='ocrx_word' id='word_1_553' title='bbox 2231 3655 2541 3724; x_wconf 77' lang='grc' dir='ltr'><strong>ἐνεστώσης</strong></span> <span class='ocrx_word' id='word_1_554' title='bbox 2585 3655 2822 3722; x_wconf 78' lang='grc' dir='ltr'><strong>ἡμέρας,</strong></span> <span class='ocrx_word' id='word_1_555' title='bbox 2871 3655 2994 3723; x_wconf 77' lang='grc' dir='ltr'><strong>ἥτις</strong></span> <span class='ocrx_word' id='word_1_556' title='bbox 3051 3653 3171 3705; x_wconf 77' lang='grc' dir='ltr'>ἐστὶ</span> <span class='ocrx_word' id='word_1_557' title='bbox 3218 3654 3676 3724; x_wconf 72' lang='grc' dir='ltr'><strong>τρισκαιδεκάτου</strong></span> 
     </span>
    </p>
   </div>
   <div class='ocr_carea' id='block_1_83' title="bbox 2100 3745 3676 3815">
    <p class='ocr_par' dir='ltr' id='par_1_83' title="bbox 2100 3745 3676 3815">
     <span class='ocr_line' id='line_1_83' title="bbox 2100 3745 3676 3815; baseline -0.002 -16"><span class='ocrx_word' id='word_1_558' title='bbox 2100 3749 2199 3814; x_wconf 82' lang='grc' dir='ltr'><strong>μὲν</strong></span> <span class='ocrx_word' id='word_1_559' title='bbox 2231 3747 2384 3809; x_wconf 71' lang='grc' dir='ltr'><strong>ἔτους</strong></span> <span class='ocrx_word' id='word_1_560' title='bbox 2455 3749 2550 3812; x_wconf 85' lang='grc' dir='ltr'><strong>τῆς</strong></span> <span class='ocrx_word' id='word_1_561' title='bbox 2577 3745 2911 3815; x_wconf 72' lang='grc' dir='ltr'><strong>Δυμετιανοῦ</strong></span> <span class='ocrx_word' id='word_1_562' title='bbox 2946 3746 3224 3814; x_wconf 77' lang='grc' dir='ltr'>Καίσαρος</span> <span class='ocrx_word' id='word_1_563' title='bbox 3246 3745 3442 3814; x_wconf 73' lang='grc' dir='ltr'><strong>ἀρχῆς,</strong></span> <span class='ocrx_word' id='word_1_564' title='bbox 3473 3747 3559 3813; x_wconf 82' lang='lat' dir='ltr'><strong>qui</strong></span> <span class='ocrx_word' id='word_1_565' title='bbox 3584 3748 3676 3797; x_wconf 61' lang='lat' dir='ltr'><strong>its-</strong></span> 
     </span>
    </p>
   </div>
   <div class='ocr_carea' id='block_1_84' title="bbox 2099 3831 3675 3901">
    <p class='ocr_par' dir='ltr' id='par_1_84' title="bbox 2099 3831 3675 3901">
     <span class='ocr_line' id='line_1_84' title="bbox 2099 3831 3675 3901; baseline -0.005 -11"><span class='ocrx_word' id='word_1_566' title='bbox 2099 3837 2223 3890; x_wconf 80' lang='lat' dir='ltr'><strong>ciclit</strong></span> <span class='ocrx_word' id='word_1_567' title='bbox 2251 3839 2303 3888; x_wconf 90' lang='lat' dir='ltr'><strong>in</strong></span> <span class='ocrx_word' id='word_1_568' title='bbox 2331 3851 2528 3889; x_wconf 85' lang='lat' dir='ltr'><strong>annum</strong></span> <span class='ocrx_word' id='word_1_569' title='bbox 2551 3836 2752 3901; x_wconf 84' lang='lat' dir='ltr'><strong>imperii</strong></span> <span class='ocrx_word' id='word_1_570' title='bbox 2819 3833 3110 3885; x_wconf 87' lang='lat' dir='ltr'><strong>Domitiani</strong></span> <span class='ocrx_word' id='word_1_571' title='bbox 3157 3835 3384 3886; x_wconf 76' lang='lat' dir='ltr'><strong>Cwsaris</strong></span> <span class='ocrx_word' id='word_1_572' title='bbox 3427 3832 3513 3884; x_wconf 76' lang='grc'><strong>15.</strong></span> <span class='ocrx_word' id='word_1_573' title='bbox 3537 3831 3675 3885; x_wconf 82' lang='lat' dir='ltr'><strong>Sea-</strong></span> 
     </span>
    </p>
   </div>
   <div class='ocr_carea' id='block_1_85' title="bbox 2107 3921 3676 3997">
    <p class='ocr_par' dir='ltr' id='par_1_85' title="bbox 2107 3921 3676 3997">
     <span class='ocr_line' id='line_1_85' title="bbox 2107 3921 3676 3997; baseline -0.005 -17"><span class='ocrx_word' id='word_1_574' title='bbox 2107 3927 2242 3997; x_wconf 74' lang='lat' dir='ltr'><strong>liger</strong></span> <span class='ocrx_word' id='word_1_575' title='bbox 2266 3926 2771 3993; x_wconf 55' lang='lat' dir='ltr'><strong>vitilitigaldarrtunr</strong></span> <span class='ocrx_word' id='word_1_576' title='bbox 2803 3933 2858 3976; x_wconf 84' lang='lat' dir='ltr'><strong>ut</strong></span> <span class='ocrx_word' id='word_1_577' title='bbox 2882 3922 3116 3976; x_wconf 83' lang='lat' dir='ltr'><strong>Eusebio</strong></span> <span class='ocrx_word' id='word_1_578' title='bbox 3137 3921 3676 3988; x_wconf 81' lang='lat' dir='ltr'><strong>rletraltat,tolusqtte</strong></span> 
     </span>
    </p>
   </div>
   <div class='ocr_carea' id='block_1_86' title="bbox 2103 4013 3673 4086">
    <p class='ocr_par' dir='ltr' id='par_1_86' title="bbox 2103 4013 3673 4086">
     <span class='ocr_line' id='line_1_86' title="bbox 2103 4013 3673 4086; baseline -0.004 -13"><span class='ocrx_word' id='word_1_579' title='bbox 2103 4019 2156 4074; x_wconf 90' lang='lat' dir='ltr'><strong>itt</strong></span> <span class='ocrx_word' id='word_1_580' title='bbox 2197 4035 2262 4072; x_wconf 92' lang='lat' dir='ltr'><strong>eo</strong></span> <span class='ocrx_word' id='word_1_581' title='bbox 2294 4028 2400 4071; x_wconf 88' lang='lat' dir='ltr'><strong>est.</strong></span> <span class='ocrx_word' id='word_1_582' title='bbox 2457 4016 2496 4068; x_wconf 90' lang='grc'><strong>1)</strong></span> <span class='ocrx_word' id='word_1_583' title='bbox 2521 4033 2624 4086; x_wconf 76' lang='lat' dir='ltr'><strong>grta</strong></span> <span class='ocrx_word' id='word_1_584' title='bbox 2663 4017 2803 4070; x_wconf 88' lang='lat' dir='ltr'><strong>lectrr</strong></span> <span class='ocrx_word' id='word_1_585' title='bbox 2830 4025 2958 4070; x_wconf 90' lang='lat' dir='ltr'><strong>sunt</strong></span> <span class='ocrx_word' id='word_1_586' title='bbox 2985 4031 3103 4085; x_wconf 74' lang='lat' dir='ltr'><strong>qua:</strong></span> <span class='ocrx_word' id='word_1_587' title='bbox 3131 4017 3204 4068; x_wconf 92' lang='lat' dir='ltr'><strong>illi</strong></span> <span class='ocrx_word' id='word_1_588' title='bbox 3236 4013 3471 4083; x_wconf 80' lang='lat' dir='ltr'><strong>reposuit</strong></span> <span class='ocrx_word' id='word_1_589' title='bbox 3506 4013 3673 4081; x_wconf 84' lang='lat' dir='ltr'><strong>hujus</strong></span> 
     </span>
    </p>
   </div>
   <div class='ocr_carea' id='block_1_87' title="bbox 2097 4104 3669 4176">
    <p class='ocr_par' dir='ltr' id='par_1_87' title="bbox 2097 4104 3669 4176">
     <span class='ocr_line' id='line_1_87' title="bbox 2097 4104 3669 4176; baseline -0.007 -11"><span class='ocrx_word' id='word_1_590' title='bbox 2097 4110 2382 4165; x_wconf 86' lang='lat' dir='ltr'><strong>occasione</strong></span> <span class='ocrx_word' id='word_1_591' title='bbox 2411 4111 2513 4162; x_wconf 88' lang='lat' dir='ltr'><strong>loci</strong></span> <span class='ocrx_word' id='word_1_592' title='bbox 2540 4109 2793 4162; x_wconf 73' lang='lat' dir='ltr'><strong>Petavius</strong></span> <span class='ocrx_word' id='word_1_593' title='bbox 2815 4111 2866 4160; x_wconf 91' lang='lat' dir='ltr'><strong>in</strong></span> <span class='ocrx_word' id='word_1_594' title='bbox 2885 4106 3038 4160; x_wconf 80' lang='lat' dir='ltr'><strong>Notis</strong></span> <span class='ocrx_word' id='word_1_595' title='bbox 3054 4106 3119 4159; x_wconf 90' lang='lat' dir='ltr'><strong>ad</strong></span> <span class='ocrx_word' id='word_1_596' title='bbox 3147 4107 3386 4174; x_wconf 80' lang='lat' dir='ltr'><strong>Epiplran</strong></span> <span class='ocrx_word' id='word_1_597' title='bbox 3410 4104 3669 4176; x_wconf 75' lang='lat' dir='ltr'><strong>pag.58ti.</strong></span> 
     </span>
    </p>
   </div>
   <div class='ocr_carea' id='block_1_88' title="bbox 2182 4194 3672 4264">
    <p class='ocr_par' dir='ltr' id='par_1_88' title="bbox 2182 4194 3672 4264">
     <span class='ocr_line' id='line_1_88' title="bbox 2182 4194 3672 4264; baseline -0.005 -10"><span class='ocrx_word' id='word_1_598' title='bbox 2182 4200 2299 4254; x_wconf 85' lang='lat' dir='ltr'><strong>Col.</strong></span> <span class='ocrx_word' id='word_1_599' title='bbox 2327 4199 2452 4252; x_wconf 71' lang='lat'><strong>469..</strong></span> <span class='ocrx_word' id='word_1_600' title='bbox 2489 4198 2760 4252; x_wconf 83' lang='lat' dir='ltr'><strong>Secundus</strong></span> <span class='ocrx_word' id='word_1_601' title='bbox 2785 4208 2896 4264; x_wconf 88' lang='lat' dir='ltr'><strong>post</strong></span> <span class='ocrx_word' id='word_1_602' title='bbox 2921 4196 3208 4249; x_wconf 68' lang='lat' dir='ltr'><strong>Neronem.</strong></span> <span class='ocrx_word' id='word_1_603' title='bbox 3235 4196 3486 4255; x_wconf 82' lang='lat' dir='ltr'><strong>Secunda</strong></span> <span class='ocrx_word' id='word_1_604' title='bbox 3509 4194 3672 4250; x_wconf 83' lang='lat' dir='ltr'><strong>Chri-</strong></span> 
     </span>
    </p>
   </div>
   <div class='ocr_carea' id='block_1_89' title="bbox 2102 4288 3671 4357">
    <p class='ocr_par' dir='ltr' id='par_1_89' title="bbox 2102 4288 3671 4357">
     <span class='ocr_line' id='line_1_89' title="bbox 2102 4288 3671 4357; baseline -0.005 -13"><span class='ocrx_word' id='word_1_605' title='bbox 2102 4290 2406 4344; x_wconf 88' lang='lat' dir='ltr'><strong>srianorurtr</strong></span> <span class='ocrx_word' id='word_1_606' title='bbox 2440 4289 2748 4357; x_wconf 87' lang='lat' dir='ltr'><strong>persecrrtio</strong></span> <span class='ocrx_word' id='word_1_607' title='bbox 2773 4288 3004 4342; x_wconf 80' lang='lat' dir='ltr'><strong>refertur</strong></span> <span class='ocrx_word' id='word_1_608' title='bbox 3023 4303 3051 4339; x_wconf 90' lang='lat' dir='ltr'><strong>a</strong></span> <span class='ocrx_word' id='word_1_609' title='bbox 3090 4289 3486 4341; x_wconf 87' lang='lat' dir='ltr'><strong>recentioribus</strong></span> <span class='ocrx_word' id='word_1_610' title='bbox 3514 4290 3671 4341; x_wconf 80' lang='lat' dir='ltr'><strong>chro—</strong></span> 
     </span>
    </p>
   </div>
   <div class='ocr_carea' id='block_1_90' title="bbox 2097 4363 3666 4452">
    <p class='ocr_par' dir='ltr' id='par_1_90' title="bbox 2097 4363 3666 4452">
     <span class='ocr_line' id='line_1_90' title="bbox 2097 4363 3666 4452; baseline -0.005 -16"><span class='ocrx_word' id='word_1_611' title='bbox 2097 4382 2304 4452; x_wconf 82' lang='lat' dir='ltr'><strong>nologis</strong></span> <span class='ocrx_word' id='word_1_612' title='bbox 2335 4363 2708 4450; x_wconf 82' lang='lat' dir='ltr'><strong>quinquennio</strong></span> <span class='ocrx_word' id='word_1_613' title='bbox 2729 4387 2873 4442; x_wconf 86' lang='lat' dir='ltr'><strong>ante,</strong></span> <span class='ocrx_word' id='word_1_614' title='bbox 2899 4381 3014 4431; x_wconf 85' lang='lat' dir='ltr'><strong>sive</strong></span> <span class='ocrx_word' id='word_1_615' title='bbox 3044 4378 3110 4432; x_wconf 81' lang='lat' dir='ltr'><strong>ad</strong></span> <span class='ocrx_word' id='word_1_616' title='bbox 3129 4377 3335 4445; x_wconf 65' lang='lat' dir='ltr'><strong>Clit-isti</strong></span> <span class='ocrx_word' id='word_1_617' title='bbox 3359 4394 3556 4431; x_wconf 88' lang='lat' dir='ltr'><strong>annum</strong></span> <span class='ocrx_word' id='word_1_618' title='bbox 3572 4379 3666 4445; x_wconf 77' lang='lat' dir='ltr'><strong>9t;</strong></span> 
     </span>
    </p>
   </div>
   <div class='ocr_carea' id='block_1_91' title="bbox 489 4469 3665 4543">
    <p class='ocr_par' dir='ltr' id='par_1_91' title="bbox 489 4469 3665 4543">
     <span class='ocr_line' id='line_1_91' title="bbox 489 4469 3665 4543; baseline -0.002 -13"><span class='ocrx_word' id='word_1_619' title='bbox 489 4476 606 4530; x_wconf 71' lang='lat' dir='ltr'><strong>(Iul.</strong></span> <span class='ocrx_word' id='word_1_620' title='bbox 636 4473 760 4527; x_wconf 71' lang='grc'><strong>459.</strong></span> <span class='ocrx_word' id='word_1_621' title='bbox 797 4471 968 4525; x_wconf 80' lang='lat' dir='ltr'><strong>Multa</strong></span> <span class='ocrx_word' id='word_1_622' title='bbox 999 4489 1160 4540; x_wconf 83' lang='lat' dir='ltr'><strong>opera</strong></span> <span class='ocrx_word' id='word_1_623' title='bbox 1212 4471 1413 4525; x_wconf 79' lang='lat' dir='ltr'><strong>Ronuc.</strong></span> <span class='ocrx_word' id='word_1_624' title='bbox 1448 4469 1506 4524; x_wconf 90' lang='lat' dir='ltr'><strong>lrt</strong></span> <span class='ocrx_word' id='word_1_625' title='bbox 1565 4469 1840 4524; x_wconf 84' lang='lat' dir='ltr'><strong>Parmensi</strong></span> <span class='ocrx_word' id='word_1_626' title='bbox 1883 4483 1988 4523; x_wconf 92' lang='lat' dir='ltr'><strong>ms.</strong></span> <span class='ocrx_word' id='word_1_627' title='bbox 2025 4485 2066 4538; x_wconf 84' lang='grc' dir='ltr'><strong>ι)</strong></span> <span class='ocrx_word' id='word_1_628' title='bbox 2096 4475 2350 4530; x_wconf 85' lang='lat' dir='ltr'><strong>Petavius</strong></span> <span class='ocrx_word' id='word_1_629' title='bbox 2371 4489 2488 4527; x_wconf 90' lang='lat' dir='ltr'><strong>eam</strong></span> <span class='ocrx_word' id='word_1_630' title='bbox 2525 4473 2594 4527; x_wconf 78' lang='lat'><strong>93</strong></span> <span class='ocrx_word' id='word_1_631' title='bbox 2643 4473 2848 4543; x_wconf 77' lang='lat' dir='ltr'><strong>illigat:</strong></span> <span class='ocrx_word' id='word_1_632' title='bbox 2906 4470 3267 4525; x_wconf 85' lang='lat' dir='ltr'><strong>Blanclrinirts</strong></span> <span class='ocrx_word' id='word_1_633' title='bbox 3310 4486 3436 4526; x_wconf 89' lang='lat' dir='ltr'><strong>vero</strong></span> <span class='ocrx_word' id='word_1_634' title='bbox 3487 4481 3665 4527; x_wconf 83' lang='lat' dir='ltr'><strong>noster</strong></span> 
     </span>
    </p>
   </div>
   <div class='ocr_carea' id='block_1_92' title="bbox 421 4561 1996 4632">
    <p class='ocr_par' dir='ltr' id='par_1_92' title="bbox 421 4561 1996 4632">
     <span class='ocr_line' id='line_1_92' title="bbox 421 4561 1996 4632; baseline -0.005 -13"><span class='ocrx_word' id='word_1_635' title='bbox 421 4565 564 4619; x_wconf 86' lang='lat' dir='ltr'><strong>istud</strong></span> <span class='ocrx_word' id='word_1_636' title='bbox 586 4566 826 4618; x_wconf 87' lang='lat' dir='ltr'><strong>divorum</strong></span> <span class='ocrx_word' id='word_1_637' title='bbox 855 4579 961 4616; x_wconf 90' lang='lat' dir='ltr'><strong>ttott</strong></span> <span class='ocrx_word' id='word_1_638' title='bbox 989 4565 1215 4632; x_wconf 79' lang='lat' dir='ltr'><strong>habetur</strong></span> <span class='ocrx_word' id='word_1_639' title='bbox 1251 4578 1268 4616; x_wconf 85' lang='lat'><strong>:</strong></span> <span class='ocrx_word' id='word_1_640' title='bbox 1294 4563 1434 4630; x_wconf 86' lang='lat' dir='ltr'><strong>apud</strong></span> <span class='ocrx_word' id='word_1_641' title='bbox 1457 4561 1778 4630; x_wconf 83' lang='lat' dir='ltr'><strong>Eutropiunt</strong></span> <span class='ocrx_word' id='word_1_642' title='bbox 1816 4568 1996 4613; x_wconf 88' lang='lat' dir='ltr'><strong>autem</strong></span> 
     </span>
    </p>
   </div>
   <div class='ocr_carea' id='block_1_93' title="bbox 425 4650 1998 4726">
    <p class='ocr_par' dir='ltr' id='par_1_93' title="bbox 425 4650 1998 4726">
     <span class='ocr_line' id='line_1_93' title="bbox 425 4650 1998 4726; baseline -0.003 -17"><span class='ocrx_word' id='word_1_643' title='bbox 425 4673 476 4726; x_wconf 66' lang='lat' dir='ltr'><strong>ra</strong></span> <span class='ocrx_word' id='word_1_644' title='bbox 513 4672 618 4724; x_wconf 85' lang='lat' dir='ltr'><strong>quo</strong></span> <span class='ocrx_word' id='word_1_645' title='bbox 647 4656 836 4710; x_wconf 81' lang='lat' dir='ltr'><strong>istluec</strong></span> <span class='ocrx_word' id='word_1_646' title='bbox 857 4656 1134 4725; x_wconf 85' lang='lat' dir='ltr'><strong>pericopa,</strong></span> <span class='ocrx_word' id='word_1_647' title='bbox 1169 4661 1226 4707; x_wconf 90' lang='lat' dir='ltr'><strong>ut</strong></span> <span class='ocrx_word' id='word_1_648' title='bbox 1249 4660 1303 4707; x_wconf 89' lang='lat' dir='ltr'><strong>et</strong></span> <span class='ocrx_word' id='word_1_649' title='bbox 1325 4653 1445 4705; x_wconf 71' lang='lat' dir='ltr'><strong>alia:</strong></span> <span class='ocrx_word' id='word_1_650' title='bbox 1485 4652 1685 4720; x_wconf 85' lang='lat' dir='ltr'><strong>passim</strong></span> <span class='ocrx_word' id='word_1_651' title='bbox 1711 4650 1998 4719; x_wconf 77' lang='lat' dir='ltr'><strong>descripta:</strong></span> 
     </span>
    </p>
   </div>
   <div class='ocr_carea' id='block_1_94' title="bbox 421 4737 1996 4816">
    <p class='ocr_par' dir='ltr' id='par_1_94' title="bbox 421 4737 1996 4816">
     <span class='ocr_line' id='line_1_94' title="bbox 421 4737 1996 4816; baseline -0.004 -13"><span class='ocrx_word' id='word_1_652' title='bbox 421 4737 842 4816; x_wconf 21' lang='lat' dir='ltr'><strong>srrrrt,&#39;Breviar.</strong></span> <span class='ocrx_word' id='word_1_653' title='bbox 876 4747 969 4800; x_wconf 90' lang='lat' dir='ltr'><strong>lrh.</strong></span> <span class='ocrx_word' id='word_1_654' title='bbox 1022 4761 1092 4799; x_wconf 89' lang='lat' dir='ltr'><strong>vn</strong></span> <span class='ocrx_word' id='word_1_655' title='bbox 1158 4747 1422 4804; x_wconf 66' lang='lat' dir='ltr'><strong>extremo)</strong></span> <span class='ocrx_word' id='word_1_656' title='bbox 1475 4742 1635 4796; x_wconf 85' lang='lat' dir='ltr'><strong>etiarn</strong></span> <span class='ocrx_word' id='word_1_657' title='bbox 1709 4743 1851 4811; x_wconf 80' lang='lat' dir='ltr'><strong>quod</strong></span> <span class='ocrx_word' id='word_1_658' title='bbox 1910 4741 1996 4796; x_wconf 88' lang='lat' dir='ltr'><strong>hic</strong></span> 
     </span>
    </p>
   </div>
   <div class='ocr_carea' id='block_1_95' title="bbox 421 4825 1991 4909">
    <p class='ocr_par' dir='ltr' id='par_1_95' title="bbox 421 4825 1991 4909">
     <span class='ocr_line' id='line_1_95' title="bbox 421 4825 1991 4909; baseline -0.003 -15"><span class='ocrx_word' id='word_1_659' title='bbox 421 4839 777 4909; x_wconf 88' lang='lat' dir='ltr'><strong>subsequitur</strong></span> <span class='ocrx_word' id='word_1_660' title='bbox 831 4853 1024 4892; x_wconf 91' lang='lat' dir='ltr'><strong>nomen</strong></span> <span class='ocrx_word' id='word_1_661' title='bbox 1051 4825 1302 4891; x_wconf 28' lang='lat' dir='ltr'><strong>(Porticus</strong></span> <span class='ocrx_word' id='word_1_662' title='bbox 1347 4835 1727 4890; x_wconf 86' lang='lat' dir='ltr'><strong>desideratur:</strong></span> <span class='ocrx_word' id='word_1_663' title='bbox 1776 4834 1991 4895; x_wconf 75' lang='lat' dir='ltr'><strong>olintitt</strong></span> 
     </span>
    </p>
   </div>
   <div class='ocr_carea' id='block_1_96' title="bbox 419 4927 1995 4988">
    <p class='ocr_par' dir='ltr' id='par_1_96' title="bbox 419 4927 1995 4988">
     <span class='ocr_line' id='line_1_96' title="bbox 419 4927 1995 4988; baseline -0.004 -2"><span class='ocrx_word' id='word_1_664' title='bbox 419 4935 557 4988; x_wconf 86' lang='lat' dir='ltr'><strong>bene</strong></span> <span class='ocrx_word' id='word_1_665' title='bbox 612 4934 796 4988; x_wconf 88' lang='lat' dir='ltr'><strong>multis</strong></span> <span class='ocrx_word' id='word_1_666' title='bbox 871 4931 1149 4988; x_wconf 84' lang='lat' dir='ltr'><strong>codicibus</strong></span> <span class='ocrx_word' id='word_1_667' title='bbox 1209 4939 1325 4984; x_wconf 89' lang='lat' dir='ltr'><strong>erat</strong></span> <span class='ocrx_word' id='word_1_668' title='bbox 1389 4927 1581 4982; x_wconf 86' lang='lat' dir='ltr'><strong>Forum</strong></span> <span class='ocrx_word' id='word_1_669' title='bbox 1629 4927 1995 4982; x_wconf 83' lang='lat' dir='ltr'><strong>transitorium</strong></span> 
     </span>
    </p>
   </div>
   <div class='ocr_carea' id='block_1_97' title="bbox 418 5013 1992 5094">
    <p class='ocr_par' dir='ltr' id='par_1_97' title="bbox 418 5013 1992 5094">
     <span class='ocr_line' id='line_1_97' title="bbox 418 5013 1992 5094; baseline -0.005 -16"><span class='ocrx_word' id='word_1_670' title='bbox 418 5027 680 5088; x_wconf 74' lang='lat' dir='ltr'><strong>divorum,</strong></span> <span class='ocrx_word' id='word_1_671' title='bbox 730 5023 1048 5094; x_wconf 72' lang='lat' dir='ltr'><strong>Sylburgius</strong></span> <span class='ocrx_word' id='word_1_672' title='bbox 1099 5015 1370 5078; x_wconf 78' lang='lat' dir='ltr'><strong>Panicum</strong></span> <span class='ocrx_word' id='word_1_673' title='bbox 1429 5019 1660 5083; x_wconf 85' lang='lat' dir='ltr'><strong>addidit,</strong></span> <span class='ocrx_word' id='word_1_674' title='bbox 1733 5013 1873 5072; x_wconf 76' lang='lat' dir='ltr'><strong>Odeo</strong></span> <span class='ocrx_word' id='word_1_675' title='bbox 1923 5020 1992 5072; x_wconf 87' lang='lat' dir='ltr'><strong>ibi</strong></span> 
     </span>
    </p>
   </div>
   <div class='ocr_carea' id='block_1_98' title="bbox 422 5109 1994 5187">
    <p class='ocr_par' dir='ltr' id='par_1_98' title="bbox 422 5109 1994 5187">
     <span class='ocr_line' id='line_1_98' title="bbox 422 5109 1994 5187; baseline -0.005 -16"><span class='ocrx_word' id='word_1_676' title='bbox 422 5109 808 5187; x_wconf 67' lang='lat' dir='ltr'><strong>pr-teterrrrisSo.</strong></span> <span class='ocrx_word' id='word_1_677' title='bbox 843 5116 969 5170; x_wconf 81' lang='lat' dir='ltr'><strong>Mihi</strong></span> <span class='ocrx_word' id='word_1_678' title='bbox 1019 5115 1498 5171; x_wconf 82' lang='lat' dir='ltr'><strong>verosirnillinrurn</strong></span> <span class='ocrx_word' id='word_1_679' title='bbox 1534 5121 1640 5178; x_wconf 87' lang='lat' dir='ltr'><strong>est,</strong></span> <span class='ocrx_word' id='word_1_680' title='bbox 1697 5128 1794 5181; x_wconf 91' lang='lat' dir='ltr'><strong>pro</strong></span> <span class='ocrx_word' id='word_1_681' title='bbox 1827 5111 1994 5174; x_wconf 84' lang='lat' dir='ltr'><strong>Odeo,</strong></span> 
     </span>
    </p>
   </div>
   <div class='ocr_carea' id='block_1_99' title="bbox 421 5203 1993 5286">
    <p class='ocr_par' dir='ltr' id='par_1_99' title="bbox 421 5203 1993 5286">
     <span class='ocr_line' id='line_1_99' title="bbox 421 5203 1993 5286; baseline -0.005 -18"><span class='ocrx_word' id='word_1_682' title='bbox 421 5215 690 5286; x_wconf 77' lang='lat' dir='ltr'><strong>ignotiore</strong></span> <span class='ocrx_word' id='word_1_683' title='bbox 742 5213 1025 5277; x_wconf 84' lang='lat' dir='ltr'><strong>vocabulo,</strong></span> <span class='ocrx_word' id='word_1_684' title='bbox 1096 5212 1452 5268; x_wconf 88' lang='lat' dir='ltr'><strong>substitutum</strong></span> <span class='ocrx_word' id='word_1_685' title='bbox 1504 5203 1631 5264; x_wconf 78' lang='lat' dir='ltr'><strong>Olim</strong></span> <span class='ocrx_word' id='word_1_686' title='bbox 1676 5225 1703 5260; x_wconf 88' lang='lat' dir='ltr'><strong>a</strong></span> <span class='ocrx_word' id='word_1_687' title='bbox 1760 5206 1993 5261; x_wconf 85' lang='lat' dir='ltr'><strong>libr-ariis</strong></span> 
     </span>
    </p>
   </div>
   <div class='ocr_carea' id='block_1_100' title="bbox 419 5293 1992 5372">
    <p class='ocr_par' dir='ltr' id='par_1_100' title="bbox 419 5293 1992 5372">
     <span class='ocr_line' id='line_1_100' title="bbox 419 5293 1992 5372; baseline -0.008 -10"><span class='ocrx_word' id='word_1_688' title='bbox 419 5309 679 5369; x_wconf 69' lang='lat' dir='ltr'><strong>divorum,</strong></span> <span class='ocrx_word' id='word_1_689' title='bbox 724 5301 1060 5372; x_wconf 87' lang='lat' dir='ltr'><strong>relatumque</strong></span> <span class='ocrx_word' id='word_1_690' title='bbox 1115 5303 1179 5356; x_wconf 88' lang='lat' dir='ltr'><strong>arl</strong></span> <span class='ocrx_word' id='word_1_691' title='bbox 1209 5301 1470 5355; x_wconf 70' lang='lat' dir='ltr'><strong>I’oi&#39;ticus.</strong></span> <span class='ocrx_word' id='word_1_692' title='bbox 1501 5296 1698 5369; x_wconf 79' lang='lat' dir='ltr'><strong>Confer</strong></span> <span class='ocrx_word' id='word_1_693' title='bbox 1749 5293 1992 5364; x_wconf 79' lang='lat' dir='ltr'><strong>Eutropii</strong></span> 
     </span>
    </p>
   </div>
   <div class='ocr_carea' id='block_1_101' title="bbox 419 5387 1990 5465">
    <p class='ocr_par' dir='ltr' id='par_1_101' title="bbox 419 5387 1990 5465">
     <span class='ocr_line' id='line_1_101' title="bbox 419 5387 1990 5465; baseline -0.009 -9"><span class='ocrx_word' id='word_1_694' title='bbox 419 5397 622 5459; x_wconf 79' lang='lat' dir='ltr'><strong>lucum.</strong></span> <span class='ocrx_word' id='word_1_695' title='bbox 650 5399 791 5453; x_wconf 85' lang='lat' dir='ltr'><strong>Idem</strong></span> <span class='ocrx_word' id='word_1_696' title='bbox 845 5411 944 5450; x_wconf 91' lang='lat' dir='ltr'><strong>ms.</strong></span> <span class='ocrx_word' id='word_1_697' title='bbox 999 5396 1286 5465; x_wconf 80' lang='lat' dir='ltr'><strong>piperatria</strong></span> <span class='ocrx_word' id='word_1_698' title='bbox 1349 5393 1476 5462; x_wconf 63' lang='grc' dir='ltr'><strong>ιυεὶι</strong></span> <span class='ocrx_word' id='word_1_699' title='bbox 1510 5408 1604 5462; x_wconf 87' lang='lat' dir='ltr'><strong>pro</strong></span> <span class='ocrx_word' id='word_1_700' title='bbox 1641 5387 1990 5460; x_wconf 82' lang='lat' dir='ltr'><strong>piperaturia,</strong></span> 
     </span>
    </p>
   </div>
   <div class='ocr_carea' id='block_1_102' title="bbox 419 5482 1992 5566">
    <p class='ocr_par' dir='ltr' id='par_1_102' title="bbox 419 5482 1992 5566">
     <span class='ocr_line' id='line_1_102' title="bbox 419 5482 1992 5566; baseline -0.008 -19"><span class='ocrx_word' id='word_1_701' title='bbox 419 5504 514 5549; x_wconf 89' lang='lat' dir='ltr'><strong>aut</strong></span> <span class='ocrx_word' id='word_1_702' title='bbox 541 5491 868 5566; x_wconf 83' lang='lat' dir='ltr'><strong>piperatoria</strong></span> <span class='ocrx_word' id='word_1_703' title='bbox 918 5487 1175 5557; x_wconf 73' lang='lat' dir='ltr'><strong>Scali’geri</strong></span> <span class='ocrx_word' id='word_1_704' title='bbox 1215 5504 1231 5542; x_wconf 86' lang='lat'><strong>:</strong></span> <span class='ocrx_word' id='word_1_705' title='bbox 1266 5486 1330 5539; x_wconf 89' lang='lat' dir='ltr'><strong>ad</strong></span> <span class='ocrx_word' id='word_1_706' title='bbox 1381 5488 1501 5552; x_wconf 77' lang='lat' dir='ltr'><strong>qua:</strong></span> <span class='ocrx_word' id='word_1_707' title='bbox 1529 5482 1693 5538; x_wconf 78' lang='lat' dir='ltr'><strong>refert</strong></span> <span class='ocrx_word' id='word_1_708' title='bbox 1720 5484 1992 5536; x_wconf 86' lang='lat' dir='ltr'><strong>Pontacus</strong></span> 
     </span>
    </p>
   </div>
   <div class='ocr_carea' id='block_1_103' title="bbox 434 5575 1990 5654">
    <p class='ocr_par' dir='ltr' id='par_1_103' title="bbox 434 5575 1990 5654">
     <span class='ocr_line' id='line_1_103' title="bbox 434 5575 1990 5654; baseline -0.009 -12"><span class='ocrx_word' id='word_1_709' title='bbox 434 5589 746 5654; x_wconf 80' lang='lat' dir='ltr'><strong>Vespasiani</strong></span> <span class='ocrx_word' id='word_1_710' title='bbox 769 5597 994 5647; x_wconf 89' lang='lat' dir='ltr'><strong>nomen,</strong></span> <span class='ocrx_word' id='word_1_711' title='bbox 1025 5579 1262 5650; x_wconf 76' lang='lat' dir='ltr'><strong>legitque</strong></span> <span class='ocrx_word' id='word_1_712' title='bbox 1296 5578 1398 5630; x_wconf 83' lang='lat' dir='ltr'><strong>alia</strong></span> <span class='ocrx_word' id='word_1_713' title='bbox 1420 5577 1560 5631; x_wconf 90' lang='lat' dir='ltr'><strong>serie</strong></span> <span class='ocrx_word' id='word_1_714' title='bbox 1585 5575 1855 5643; x_wconf 85' lang='lat' dir='ltr'><strong>Templum</strong></span> <span class='ocrx_word' id='word_1_715' title='bbox 1885 5575 1990 5628; x_wconf 82' lang='lat' dir='ltr'><strong>Mi-</strong></span> 
     </span>
    </p>
   </div>
   <div class='ocr_carea' id='block_1_104' title="bbox 421 5666 1989 5738">
    <p class='ocr_par' dir='ltr' id='par_1_104' title="bbox 421 5666 1989 5738">
     <span class='ocr_line' id='line_1_104' title="bbox 421 5666 1989 5738; baseline -0.006 -9"><span class='ocrx_word' id='word_1_716' title='bbox 421 5694 588 5732; x_wconf 66' lang='lat' dir='ltr'><strong>nerr&#39;tc</strong></span> <span class='ocrx_word' id='word_1_717' title='bbox 619 5677 939 5732; x_wconf 74' lang='lat' dir='ltr'><strong>Chalcidicw</strong></span> <span class='ocrx_word' id='word_1_718' title='bbox 975 5680 1030 5727; x_wconf 89' lang='lat' dir='ltr'><strong>et</strong></span> <span class='ocrx_word' id='word_1_719' title='bbox 1061 5669 1256 5726; x_wconf 79' lang='lat' dir='ltr'><strong>Odium</strong></span> <span class='ocrx_word' id='word_1_720' title='bbox 1281 5683 1378 5738; x_wconf 87' lang='lat' dir='ltr'><strong>pro</strong></span> <span class='ocrx_word' id='word_1_721' title='bbox 1404 5666 1618 5721; x_wconf 80' lang='lat' dir='ltr'><strong>Odeum.</strong></span> <span class='ocrx_word' id='word_1_722' title='bbox 1681 5669 1884 5720; x_wconf 77' lang='lat' dir='ltr'><strong>Cretera</strong></span> <span class='ocrx_word' id='word_1_723' title='bbox 1921 5666 1989 5721; x_wconf 90' lang='lat' dir='ltr'><strong>de</strong></span> 
     </span>
    </p>
   </div>
   <div class='ocr_carea' id='block_1_105' title="bbox 422 5759 1987 5839">
    <p class='ocr_par' dir='ltr' id='par_1_105' title="bbox 422 5759 1987 5839">
     <span class='ocr_line' id='line_1_105' title="bbox 422 5759 1987 5839; baseline -0.008 -18"><span class='ocrx_word' id='word_1_724' title='bbox 422 5769 638 5839; x_wconf 64' lang='lat' dir='ltr'><strong>&#39;l‘r&#39;ajani</strong></span> <span class='ocrx_word' id='word_1_725' title='bbox 665 5767 802 5822; x_wconf 84' lang='lat' dir='ltr'><strong>Foro</strong></span> <span class='ocrx_word' id='word_1_726' title='bbox 839 5781 900 5819; x_wconf 83' lang='lat' dir='ltr'><strong>ac</strong></span> <span class='ocrx_word' id='word_1_727' title='bbox 963 5763 1221 5820; x_wconf 83' lang='lat' dir='ltr'><strong>Thermis</strong></span> <span class='ocrx_word' id='word_1_728' title='bbox 1263 5759 1514 5814; x_wconf 72' lang='lat' dir='ltr'><strong>\‘itlt‘llllll‘</strong></span> <span class='ocrx_word' id='word_1_729' title='bbox 1575 5759 1678 5810; x_wconf 86' lang='lat' dir='ltr'><strong>huc</strong></span> <span class='ocrx_word' id='word_1_730' title='bbox 1703 5771 1987 5828; x_wconf 86' lang='lat' dir='ltr'><strong>perperam</strong></span> 
     </span>
    </p>
   </div>
   <div class='ocr_carea' id='block_1_106' title="bbox 2101 4549 3662 4633">
    <p class='ocr_par' dir='ltr' id='par_1_106' title="bbox 2101 4549 3662 4633">
     <span class='ocr_line' id='line_1_106' title="bbox 2101 4549 3662 4633; baseline -0.003 -17"><span class='ocrx_word' id='word_1_731' title='bbox 2101 4563 2212 4633; x_wconf 88' lang='lat' dir='ltr'><strong>jarrt</strong></span> <span class='ocrx_word' id='word_1_732' title='bbox 2238 4563 2362 4619; x_wconf 89' lang='lat' dir='ltr'><strong>itrde</strong></span> <span class='ocrx_word' id='word_1_733' title='bbox 2400 4567 2464 4616; x_wconf 89' lang='lat' dir='ltr'><strong>:rh</strong></span> <span class='ocrx_word' id='word_1_734' title='bbox 2489 4562 2581 4625; x_wconf 87' lang='lat'><strong>86,</strong></span> <span class='ocrx_word' id='word_1_735' title='bbox 2617 4578 2728 4630; x_wconf 90' lang='lat' dir='ltr'><strong>quo</strong></span> <span class='ocrx_word' id='word_1_736' title='bbox 2761 4570 3003 4632; x_wconf 84' lang='lat' dir='ltr'><strong>tempore</strong></span> <span class='ocrx_word' id='word_1_737' title='bbox 3030 4577 3089 4615; x_wconf 88' lang='lat' dir='ltr'><strong>se</strong></span> <span class='ocrx_word' id='word_1_738' title='bbox 3123 4549 3463 4616; x_wconf 77' lang='lat' dir='ltr'><strong>Domitianus</strong></span> <span class='ocrx_word' id='word_1_739' title='bbox 3492 4561 3662 4614; x_wconf 60' lang='lat' dir='ltr'><strong>domro</strong></span> 
     </span>
    </p>
   </div>
   <div class='ocr_carea' id='block_1_107' title="bbox 2104 4639 3288 4724">
    <p class='ocr_par' dir='ltr' id='par_1_107' title="bbox 2104 4639 3288 4724">
     <span class='ocr_line' id='line_1_107' title="bbox 2104 4639 3288 4724; baseline -0.003 -14"><span class='ocrx_word' id='word_1_740' title='bbox 2104 4671 2234 4710; x_wconf 92' lang='lat' dir='ltr'><strong>num</strong></span> <span class='ocrx_word' id='word_1_741' title='bbox 2281 4653 2538 4724; x_wconf 87' lang='lat' dir='ltr'><strong>appellari</strong></span> <span class='ocrx_word' id='word_1_742' title='bbox 2565 4639 2732 4724; x_wconf 82' lang='lat' dir='ltr'><strong>jussit</strong></span> <span class='ocrx_word' id='word_1_743' title='bbox 2766 4662 2821 4706; x_wconf 85' lang='lat' dir='ltr'><strong>et</strong></span> <span class='ocrx_word' id='word_1_744' title='bbox 2851 4652 3035 4715; x_wconf 88' lang='lat' dir='ltr'><strong>deum,</strong></span> <span class='ocrx_word' id='word_1_745' title='bbox 3065 4653 3288 4718; x_wconf 85' lang='lat' dir='ltr'><strong>repetit.</strong></span> 
     </span>
    </p>
   </div>
   <div class='ocr_carea' id='block_1_108' title="bbox 2172 4743 3661 4809">
    <p class='ocr_par' dir='ltr' id='par_1_108' title="bbox 2172 4743 3661 4809">
     <span class='ocr_line' id='line_1_108' title="bbox 2172 4743 3661 4809; baseline -0.001 -11"><span class='ocrx_word' id='word_1_746' title='bbox 2172 4744 2309 4800; x_wconf 90' lang='lat' dir='ltr'><strong>lbid.</strong></span> <span class='ocrx_word' id='word_1_747' title='bbox 2368 4743 2425 4798; x_wconf 74' lang='grc' dir='ltr'><strong>ιιι</strong></span> <span class='ocrx_word' id='word_1_748' title='bbox 2482 4754 2589 4808; x_wconf 87' lang='lat' dir='ltr'><strong>est,</strong></span> <span class='ocrx_word' id='word_1_749' title='bbox 2643 4751 2822 4806; x_wconf 83' lang='lat' dir='ltr'><strong>vocat.</strong></span> <span class='ocrx_word' id='word_1_750' title='bbox 2880 4758 2976 4798; x_wconf 89' lang='lat' dir='ltr'><strong>seu</strong></span> <span class='ocrx_word' id='word_1_751' title='bbox 3010 4743 3195 4809; x_wconf 80' lang='lat' dir='ltr'><strong>vertit,</strong></span> <span class='ocrx_word' id='word_1_752' title='bbox 3241 4754 3297 4798; x_wconf 91' lang='lat' dir='ltr'><strong>et</strong></span> <span class='ocrx_word' id='word_1_753' title='bbox 3355 4748 3420 4798; x_wconf 89' lang='lat' dir='ltr'><strong>de</strong></span> <span class='ocrx_word' id='word_1_754' title='bbox 3453 4744 3661 4798; x_wconf 84' lang='lat' dir='ltr'><strong>neruiue</strong></span> 
     </span>
    </p>
   </div>
   <div class='ocr_carea' id='block_1_109' title="bbox 2102 4833 3660 4904">
    <p class='ocr_par' dir='ltr' id='par_1_109' title="bbox 2102 4833 3660 4904">
     <span class='ocr_line' id='line_1_109' title="bbox 2102 4833 3660 4904; baseline -0.003 -15"><span class='ocrx_word' id='word_1_755' title='bbox 2102 4838 2366 4893; x_wconf 86' lang='lat' dir='ltr'><strong>visionem</strong></span> <span class='ocrx_word' id='word_1_756' title='bbox 2403 4837 2547 4890; x_wconf 88' lang='lat' dir='ltr'><strong>illam</strong></span> <span class='ocrx_word' id='word_1_757' title='bbox 2605 4833 2829 4890; x_wconf 88' lang='lat' dir='ltr'><strong>Joannis</strong></span> <span class='ocrx_word' id='word_1_758' title='bbox 2877 4833 3009 4887; x_wconf 86' lang='lat' dir='ltr'><strong>dicit</strong></span> <span class='ocrx_word' id='word_1_759' title='bbox 3035 4835 3435 4904; x_wconf 80' lang='lat' dir='ltr'><strong>Apocalypsin;</strong></span> <span class='ocrx_word' id='word_1_760' title='bbox 3482 4849 3660 4902; x_wconf 80' lang='lat' dir='ltr'><strong>nempe</strong></span> 
     </span>
    </p>
   </div>
   <div class='ocr_carea' id='block_1_110' title="bbox 2102 4923 3657 4998">
    <p class='ocr_par' dir='ltr' id='par_1_110' title="bbox 2102 4923 3657 4998">
     <span class='ocr_line' id='line_1_110' title="bbox 2102 4923 3657 4998; baseline -0.002 -18"><span class='ocrx_word' id='word_1_761' title='bbox 2102 4927 2247 4998; x_wconf 92' lang='lat' dir='ltr'><strong>qrrod</strong></span> <span class='ocrx_word' id='word_1_762' title='bbox 2278 4927 2530 4997; x_wconf 91' lang='lat' dir='ltr'><strong>nuspiam</strong></span> <span class='ocrx_word' id='word_1_763' title='bbox 2572 4925 2717 4994; x_wconf 89' lang='lat' dir='ltr'><strong>apud</strong></span> <span class='ocrx_word' id='word_1_764' title='bbox 2760 4923 2978 4979; x_wconf 63' lang='lat' dir='ltr'><strong>Graecos</strong></span> <span class='ocrx_word' id='word_1_765' title='bbox 3004 4927 3298 4994; x_wconf 80' lang='lat' dir='ltr'><strong>scriptores</strong></span> <span class='ocrx_word' id='word_1_766' title='bbox 3324 4926 3657 4995; x_wconf 76' lang='lat' dir='ltr'><strong>Apocalypsis</strong></span> 
     </span>
    </p>
   </div>
   <div class='ocr_carea' id='block_1_111' title="bbox 2101 5011 3654 5082">
    <p class='ocr_par' dir='ltr' id='par_1_111' title="bbox 2101 5011 3654 5082">
     <span class='ocr_line' id='line_1_111' title="bbox 2101 5011 3654 5082; baseline -0.006 -10"><span class='ocrx_word' id='word_1_767' title='bbox 2101 5018 2427 5072; x_wconf 87' lang='lat' dir='ltr'><strong>vocabulum</strong></span> <span class='ocrx_word' id='word_1_768' title='bbox 2467 5016 2710 5070; x_wconf 88' lang='lat' dir='ltr'><strong>invenire</strong></span> <span class='ocrx_word' id='word_1_769' title='bbox 2782 5017 2877 5079; x_wconf 89' lang='lat' dir='ltr'><strong>sit,</strong></span> <span class='ocrx_word' id='word_1_770' title='bbox 2927 5013 3169 5082; x_wconf 80' lang='lat' dir='ltr'><strong>illudque</strong></span> <span class='ocrx_word' id='word_1_771' title='bbox 3241 5013 3405 5067; x_wconf 79' lang='lat' dir='ltr'><strong>fuerit</strong></span> <span class='ocrx_word' id='word_1_772' title='bbox 3469 5011 3654 5067; x_wconf 79' lang='lat' dir='ltr'><strong>Vismni</strong></span> 
     </span>
    </p>
   </div>
   <div class='ocr_carea' id='block_1_112' title="bbox 2103 5104 3653 5174">
    <p class='ocr_par' dir='ltr' id='par_1_112' title="bbox 2103 5104 3653 5174">
     <span class='ocr_line' id='line_1_112' title="bbox 2103 5104 3653 5174; baseline -0.007 -10"><span class='ocrx_word' id='word_1_773' title='bbox 2103 5124 2298 5166; x_wconf 85' lang='lat' dir='ltr'><strong>nomen</strong></span> <span class='ocrx_word' id='word_1_774' title='bbox 2363 5110 2594 5163; x_wconf 89' lang='lat' dir='ltr'><strong>inditum</strong></span> <span class='ocrx_word' id='word_1_775' title='bbox 2639 5109 2706 5162; x_wconf 87' lang='lat' dir='ltr'><strong>ab</strong></span> <span class='ocrx_word' id='word_1_776' title='bbox 2764 5107 2989 5160; x_wconf 66' lang='lat' dir='ltr'><strong>Irenaeo.</strong></span> <span class='ocrx_word' id='word_1_777' title='bbox 3054 5105 3258 5160; x_wconf 85' lang='lat' dir='ltr'><strong>lterum</strong></span> <span class='ocrx_word' id='word_1_778' title='bbox 3313 5104 3653 5174; x_wconf 83' lang='lat' dir='ltr'><strong>Hierooymns</strong></span> 
     </span>
    </p>
   </div>
   <div class='ocr_carea' id='block_1_113' title="bbox 2100 5195 3650 5266">
    <p class='ocr_par' dir='ltr' id='par_1_113' title="bbox 2100 5195 3650 5266">
     <span class='ocr_line' id='line_1_113' title="bbox 2100 5195 3650 5266; baseline -0.008 -12"><span class='ocrx_word' id='word_1_779' title='bbox 2100 5199 2196 5254; x_wconf 89' lang='lat' dir='ltr'><strong>lib.</strong></span> <span class='ocrx_word' id='word_1_780' title='bbox 2231 5203 2298 5254; x_wconf 87' lang='lat' dir='ltr'><strong>de</strong></span> <span class='ocrx_word' id='word_1_781' title='bbox 2348 5197 2492 5254; x_wconf 79' lang='lat' dir='ltr'><strong>Viris</strong></span> <span class='ocrx_word' id='word_1_782' title='bbox 2547 5197 2836 5259; x_wconf 84' lang='lat' dir='ltr'><strong>Illustrib.,</strong></span> <span class='ocrx_word' id='word_1_783' title='bbox 2895 5213 3017 5266; x_wconf 87' lang='lat' dir='ltr'><strong>cap.</strong></span> <span class='ocrx_word' id='word_1_784' title='bbox 3067 5197 3101 5251; x_wconf 86' lang='lat'><strong>9</strong></span> <span class='ocrx_word' id='word_1_785' title='bbox 3141 5215 3155 5249; x_wconf 92' lang='lat'><strong>:</strong></span> <span class='ocrx_word' id='word_1_786' title='bbox 3200 5196 3407 5261; x_wconf 78' lang='lat' dir='ltr'><strong>Quarto</strong></span> <span class='ocrx_word' id='word_1_787' title='bbox 3465 5195 3650 5248; x_wconf 76' lang='lat' dir='ltr'><strong>decimo</strong></span> 
     </span>
    </p>
   </div>
   <div class='ocr_carea' id='block_1_114' title="bbox 2103 5287 3650 5360">
    <p class='ocr_par' dir='ltr' id='par_1_114' title="bbox 2103 5287 3650 5360">
     <span class='ocr_line' id='line_1_114' title="bbox 2103 5287 3650 5360; baseline -0.006 -15"><span class='ocrx_word' id='word_1_788' title='bbox 2103 5309 2246 5346; x_wconf 86' lang='lat' dir='ltr'><strong>anno</strong></span> <span class='ocrx_word' id='word_1_789' title='bbox 2273 5293 2561 5346; x_wconf 84' lang='lat' dir='ltr'><strong>secundant</strong></span> <span class='ocrx_word' id='word_1_790' title='bbox 2612 5299 2727 5360; x_wconf 85' lang='lat' dir='ltr'><strong>post</strong></span> <span class='ocrx_word' id='word_1_791' title='bbox 2782 5287 3047 5342; x_wconf 76' lang='lat' dir='ltr'><strong>Neronem</strong></span> <span class='ocrx_word' id='word_1_792' title='bbox 3095 5290 3498 5356; x_wconf 76' lang='lat' dir='ltr'><strong>persecutionem</strong></span> <span class='ocrx_word' id='word_1_793' title='bbox 3550 5299 3650 5336; x_wconf 76' lang='lat' dir='ltr'><strong>iuo-</strong></span> 
     </span>
    </p>
   </div>
   <div class='ocr_carea' id='block_1_115' title="bbox 2101 5368 3647 5453">
    <p class='ocr_par' dir='ltr' id='par_1_115' title="bbox 2101 5368 3647 5453">
     <span class='ocr_line' id='line_1_115' title="bbox 2101 5368 3647 5453; baseline -0.007 -15"><span class='ocrx_word' id='word_1_794' title='bbox 2101 5397 2248 5439; x_wconf 84' lang='lat' dir='ltr'><strong>vente</strong></span> <span class='ocrx_word' id='word_1_795' title='bbox 2282 5368 2902 5453; x_wconf 79' lang='lat' dir='ltr'><strong>Domitiano,(Joannes)</strong></span> <span class='ocrx_word' id='word_1_796' title='bbox 2934 5383 2988 5434; x_wconf 88' lang='lat' dir='ltr'><strong>in</strong></span> <span class='ocrx_word' id='word_1_797' title='bbox 3029 5380 3246 5434; x_wconf 87' lang='lat' dir='ltr'><strong>Patmos</strong></span> <span class='ocrx_word' id='word_1_798' title='bbox 3277 5380 3501 5434; x_wconf 81' lang='lat' dir='ltr'><strong>insulam</strong></span> <span class='ocrx_word' id='word_1_799' title='bbox 3523 5376 3647 5429; x_wconf 70' lang='lat' dir='ltr'><strong>relc-</strong></span> 
     </span>
    </p>
   </div>
   <div class='ocr_carea' id='block_1_116' title="bbox 2099 5467 3644 5547">
    <p class='ocr_par' dir='ltr' id='par_1_116' title="bbox 2099 5467 3644 5547">
     <span class='ocr_line' id='line_1_116' title="bbox 2099 5467 3644 5547; baseline -0.009 -15"><span class='ocrx_word' id='word_1_800' title='bbox 2099 5489 2275 5547; x_wconf 85' lang='lat' dir='ltr'><strong>gatus,</strong></span> <span class='ocrx_word' id='word_1_801' title='bbox 2294 5477 2505 5542; x_wconf 80' lang='lat' dir='ltr'><strong>scripsit</strong></span> <span class='ocrx_word' id='word_1_802' title='bbox 2530 5474 2906 5545; x_wconf 79' lang='lat' dir='ltr'><strong>Apocalypsin,</strong></span> <span class='ocrx_word' id='word_1_803' title='bbox 2930 5488 3090 5542; x_wconf 88' lang='lat' dir='ltr'><strong>quant</strong></span> <span class='ocrx_word' id='word_1_804' title='bbox 3109 5473 3481 5538; x_wconf 80' lang='lat' dir='ltr'><strong>interpretatur</strong></span> <span class='ocrx_word' id='word_1_805' title='bbox 3496 5467 3644 5522; x_wconf 71' lang='lat' dir='ltr'><strong>Justi-</strong></span> 
     </span>
    </p>
   </div>
   <div class='ocr_carea' id='block_1_117' title="bbox 2108 5562 3635 5636">
    <p class='ocr_par' dir='ltr' id='par_1_117' title="bbox 2108 5562 3635 5636">
     <span class='ocr_line' id='line_1_117' title="bbox 2108 5562 3635 5636; baseline -0.009 -15"><span class='ocrx_word' id='word_1_806' title='bbox 2108 5585 2207 5621; x_wconf 85' lang='lat' dir='ltr'><strong>nus</strong></span> <span class='ocrx_word' id='word_1_807' title='bbox 2243 5577 2448 5636; x_wconf 80' lang='lat' dir='ltr'><strong>tnartyr</strong></span> <span class='ocrx_word' id='word_1_808' title='bbox 2469 5577 2516 5620; x_wconf 77' lang='lat' dir='ltr'><strong>ct</strong></span> <span class='ocrx_word' id='word_1_809' title='bbox 2542 5565 2804 5620; x_wconf 75' lang='lat' dir='ltr'><strong>lrcnrrus.</strong></span> <span class='ocrx_word' id='word_1_810' title='bbox 2834 5563 3030 5618; x_wconf 71' lang='lat' dir='ltr'><strong>ltecole</strong></span> <span class='ocrx_word' id='word_1_811' title='bbox 3053 5577 3175 5631; x_wconf 62' lang='lat' dir='ltr'><strong>qua:</strong></span> <span class='ocrx_word' id='word_1_812' title='bbox 3208 5562 3279 5615; x_wconf 85' lang='lat' dir='ltr'><strong>ibi</strong></span> <span class='ocrx_word' id='word_1_813' title='bbox 3301 5562 3635 5614; x_wconf 76' lang='lat' dir='ltr'><strong>adnotantes:</strong></span> 
     </span>
    </p>
   </div>
   <div class='ocr_carea' id='block_1_118' title="bbox 2100 5639 3632 5726">
    <p class='ocr_par' dir='ltr' id='par_1_118' title="bbox 2100 5639 3632 5726">
     <span class='ocr_line' id='line_1_118' title="bbox 2100 5639 3632 5726; baseline -0.008 -13"><span class='ocrx_word' id='word_1_814' title='bbox 2100 5664 2304 5714; x_wconf 66' lang='lat' dir='ltr'><strong>l‘r&#39;ustra</strong></span> <span class='ocrx_word' id='word_1_815' title='bbox 2361 5661 2679 5722; x_wconf 80' lang='lat' dir='ltr'><strong>enimsunt,</strong></span> <span class='ocrx_word' id='word_1_816' title='bbox 2735 5658 2826 5726; x_wconf 85' lang='lat' dir='ltr'><strong>qui</strong></span> <span class='ocrx_word' id='word_1_817' title='bbox 2880 5639 2998 5710; x_wconf 86' lang='lat' dir='ltr'><strong>sive</strong></span> <span class='ocrx_word' id='word_1_818' title='bbox 3054 5652 3421 5719; x_wconf 80' lang='lat' dir='ltr'><strong>Justini,sive</strong></span> <span class='ocrx_word' id='word_1_819' title='bbox 3469 5649 3632 5705; x_wconf 63' lang='lat' dir='ltr'><strong>lrenti</strong></span> 
     </span>
    </p>
   </div>
   <div class='ocr_carea' id='block_1_119' title="bbox 2100 5746 3624 5819">
    <p class='ocr_par' dir='ltr' id='par_1_119' title="bbox 2100 5746 3624 5819">
     <span class='ocr_line' id='line_1_119' title="bbox 2100 5746 3624 5819; baseline -0.01 -10"><span class='ocrx_word' id='word_1_820' title='bbox 2100 5752 2535 5809; x_wconf 86' lang='lat' dir='ltr'><strong>Commentarios</strong></span> <span class='ocrx_word' id='word_1_821' title='bbox 2592 5751 2646 5805; x_wconf 89' lang='lat' dir='ltr'><strong>iu</strong></span> <span class='ocrx_word' id='word_1_822' title='bbox 2725 5748 3086 5819; x_wconf 79' lang='lat' dir='ltr'><strong>Apocalypsin</strong></span> <span class='ocrx_word' id='word_1_823' title='bbox 3149 5746 3624 5803; x_wconf 83' lang='lat' dir='ltr'><strong>comminiscuntur.</strong></span> 
     </span>
    </p>
   </div>
  </div>
