  <div class='ocr_page' id='page_1' title='image "/cluster/home/n/w/nwhite01/storage/ocr_20150623/27/hvd.32044096580501/539.png"; bbox 0 0 4014 6196; ppageno 0'>
   <div class='ocr_carea' id='block_1_1' title="bbox 473 314 604 382">
    <p class='ocr_par' dir='ltr' id='par_1_1' title="bbox 473 314 604 382">
     <span class='ocr_line' id='line_1_1' title="bbox 473 314 604 382; baseline 0.008 -1"><span class='ocrx_word' id='word_1_1' title='bbox 473 314 604 382; x_wconf 75' lang='grc' dir='ltr'><strong>ιοῖι</strong></span> 
     </span>
    </p>
   </div>
   <div class='ocr_carea' id='block_1_2' title="bbox 1757 275 2430 387">
    <p class='ocr_par' dir='ltr' id='par_1_2' title="bbox 1757 275 2430 387">
     <span class='ocr_line' id='line_1_2' title="bbox 1757 275 2430 387; baseline 0.01 -8"><span class='ocrx_word' id='word_1_2' title='bbox 1757 275 2160 381; x_wconf 82' lang='lat' dir='ltr'><strong>VALLARSII</strong></span> <span class='ocrx_word' id='word_1_3' title='bbox 2193 320 2430 387; x_wconf 69' lang='lat' dir='ltr'><strong>Nom.</strong></span> 
     </span>
    </p>
   </div>
   <div class='ocr_carea' id='block_1_3' title="bbox 3577 324 3709 390">
    <p class='ocr_par' dir='ltr' id='par_1_3' title="bbox 3577 324 3709 390">
     <span class='ocr_line' id='line_1_3' title="bbox 3577 324 3709 390; baseline -0.015 0"><span class='ocrx_word' id='word_1_4' title='bbox 3577 324 3709 390; x_wconf 73' lang='lat'><strong>1012</strong></span> 
     </span>
    </p>
   </div>
   <div class='ocr_carea' id='block_1_4' title="bbox 467 411 3711 503">
    <p class='ocr_par' dir='ltr' id='par_1_4' title="bbox 467 411 3711 503">
     <span class='ocr_line' id='line_1_4' title="bbox 467 411 3711 503; baseline 0 -15"><span class='ocrx_word' id='word_1_5' title='bbox 467 411 749 490; x_wconf 79' lang='lat' dir='ltr'><strong>assecutus</strong></span> <span class='ocrx_word' id='word_1_6' title='bbox 779 442 864 489; x_wconf 89' lang='lat' dir='ltr'><strong>est</strong></span> <span class='ocrx_word' id='word_1_7' title='bbox 887 443 1128 496; x_wconf 73' lang='lat' dir='ltr'><strong>sensum,</strong></span> <span class='ocrx_word' id='word_1_8' title='bbox 1193 414 1552 497; x_wconf 84' lang='lat' dir='ltr'><strong>inscriptione</strong></span> <span class='ocrx_word' id='word_1_9' title='bbox 1621 427 1882 500; x_wconf 85' lang='lat' dir='ltr'><strong>deceptus</strong></span> <span class='ocrx_word' id='word_1_10' title='bbox 1935 437 2038 484; x_wconf 87' lang='lat' dir='ltr'><strong>est.</strong></span> <span class='ocrx_word' id='word_1_11' title='bbox 2069 442 2118 500; x_wconf 72' lang='grc' dir='ltr'><strong>Α</strong></span> <span class='ocrx_word' id='word_1_12' title='bbox 2151 430 2374 487; x_wconf 70' lang='lat' dir='ltr'><strong>R‘elandi</strong></span> <span class='ocrx_word' id='word_1_13' title='bbox 2420 431 2750 501; x_wconf 89' lang='lat' dir='ltr'><strong>singularem</strong></span> <span class='ocrx_word' id='word_1_14' title='bbox 2802 431 3270 489; x_wconf 79' lang='lat' dir='ltr'><strong>dissertationem.</strong></span> <span class='ocrx_word' id='word_1_15' title='bbox 3321 431 3479 500; x_wconf 84' lang='lat' dir='ltr'><strong>Quod</strong></span> <span class='ocrx_word' id='word_1_16' title='bbox 3554 449 3711 503; x_wconf 88' lang='lat' dir='ltr'><strong>porro</strong></span> 
     </span>
    </p>
   </div>
   <div class='ocr_carea' id='block_1_5' title="bbox 467 519 2030 591">
    <p class='ocr_par' dir='ltr' id='par_1_5' title="bbox 467 519 2030 591">
     <span class='ocr_line' id='line_1_5' title="bbox 467 519 2030 591; baseline -0.003 -11"><span class='ocrx_word' id='word_1_17' title='bbox 467 525 619 591; x_wconf 88' lang='lat' dir='ltr'><strong>Quod</strong></span> <span class='ocrx_word' id='word_1_18' title='bbox 653 526 796 579; x_wconf 91' lang='lat' dir='ltr'><strong>enim</strong></span> <span class='ocrx_word' id='word_1_19' title='bbox 827 526 901 580; x_wconf 92' lang='lat' dir='ltr'><strong>ibi</strong></span> <span class='ocrx_word' id='word_1_20' title='bbox 937 523 1218 589; x_wconf 81' lang='lat' dir='ltr'><strong>scribitur,</strong></span> <span class='ocrx_word' id='word_1_21' title='bbox 1255 520 1512 576; x_wconf 83' lang='lat' dir='ltr'><strong>OPTIMO</strong></span> <span class='ocrx_word' id='word_1_22' title='bbox 1551 519 1846 577; x_wconf 74' lang='lat' dir='ltr'><strong>PRINCIPI</strong></span> <span class='ocrx_word' id='word_1_23' title='bbox 1877 521 2030 578; x_wconf 88' lang='lat' dir='ltr'><strong>COS.</strong></span> 
     </span>
    </p>
   </div>
   <div class='ocr_carea' id='block_1_6' title="bbox 472 616 2030 687">
    <p class='ocr_par' dir='ltr' id='par_1_6' title="bbox 472 616 2030 687">
     <span class='ocr_line' id='line_1_6' title="bbox 472 616 2030 687; baseline -0.002 -15"><span class='ocrx_word' id='word_1_24' title='bbox 472 618 562 682; x_wconf 82' lang='lat' dir='ltr'><strong>V.,</strong></span> <span class='ocrx_word' id='word_1_25' title='bbox 588 627 642 672; x_wconf 91' lang='lat' dir='ltr'><strong>et</strong></span> <span class='ocrx_word' id='word_1_26' title='bbox 681 617 731 670; x_wconf 91' lang='lat' dir='ltr'><strong>in</strong></span> <span class='ocrx_word' id='word_1_27' title='bbox 765 633 955 672; x_wconf 83' lang='lat' dir='ltr'><strong>aversa</strong></span> <span class='ocrx_word' id='word_1_28' title='bbox 991 626 1142 687; x_wconf 82' lang='lat' dir='ltr'><strong>parte</strong></span> <span class='ocrx_word' id='word_1_29' title='bbox 1173 617 1275 671; x_wconf 90' lang='lat' dir='ltr'><strong>sub</strong></span> <span class='ocrx_word' id='word_1_30' title='bbox 1322 617 1550 670; x_wconf 83' lang='lat' dir='ltr'><strong>muliere</strong></span> <span class='ocrx_word' id='word_1_31' title='bbox 1595 617 1816 671; x_wconf 87' lang='lat' dir='ltr'><strong>sedente</strong></span> <span class='ocrx_word' id='word_1_32' title='bbox 1878 616 2030 669; x_wconf 66' lang='grc' dir='ltr'><strong>ΒΑΕ.</strong></span> 
     </span>
    </p>
   </div>
   <div class='ocr_carea' id='block_1_7' title="bbox 465 707 2034 778">
    <p class='ocr_par' dir='ltr' id='par_1_7' title="bbox 465 707 2034 778">
     <span class='ocr_line' id='line_1_7' title="bbox 465 707 2034 778; baseline -0.003 -12"><span class='ocrx_word' id='word_1_33' title='bbox 465 708 640 778; x_wconf 64' lang='lat' dir='ltr'><strong>CAR,</strong></span> <span class='ocrx_word' id='word_1_34' title='bbox 673 725 776 764; x_wconf 90' lang='lat' dir='ltr'><strong>non</strong></span> <span class='ocrx_word' id='word_1_35' title='bbox 802 709 973 778; x_wconf 89' lang='lat' dir='ltr'><strong>quod,</strong></span> <span class='ocrx_word' id='word_1_36' title='bbox 1006 724 1128 762; x_wconf 92' lang='lat' dir='ltr'><strong>eum</strong></span> <span class='ocrx_word' id='word_1_37' title='bbox 1171 709 1512 764; x_wconf 76' lang='lat' dir='ltr'><strong>consulatum</strong></span> <span class='ocrx_word' id='word_1_38' title='bbox 1549 718 1772 776; x_wconf 86' lang='lat' dir='ltr'><strong>gerente</strong></span> <span class='ocrx_word' id='word_1_39' title='bbox 1802 707 2034 776; x_wconf 88' lang='lat' dir='ltr'><strong>impera-</strong></span> 
     </span>
    </p>
   </div>
   <div class='ocr_carea' id='block_1_8' title="bbox 464 799 2035 871">
    <p class='ocr_par' dir='ltr' id='par_1_8' title="bbox 464 799 2035 871">
     <span class='ocr_line' id='line_1_8' title="bbox 464 799 2035 871; baseline -0.001 -14"><span class='ocrx_word' id='word_1_40' title='bbox 464 811 607 869; x_wconf 89' lang='lat' dir='ltr'><strong>tore,</strong></span> <span class='ocrx_word' id='word_1_41' title='bbox 644 810 802 871; x_wconf 87' lang='lat' dir='ltr'><strong>capta</strong></span> <span class='ocrx_word' id='word_1_42' title='bbox 827 802 898 856; x_wconf 88' lang='lat' dir='ltr'><strong>sit</strong></span> <span class='ocrx_word' id='word_1_43' title='bbox 928 801 1088 856; x_wconf 84' lang='lat' dir='ltr'><strong>Dacia</strong></span> <span class='ocrx_word' id='word_1_44' title='bbox 1121 814 1137 855; x_wconf 85' lang='lat'>:</span> <span class='ocrx_word' id='word_1_45' title='bbox 1177 802 1271 855; x_wconf 84' lang='lat' dir='ltr'><strong>sed</strong></span> <span class='ocrx_word' id='word_1_46' title='bbox 1303 800 1448 870; x_wconf 90' lang='lat' dir='ltr'><strong>quod</strong></span> <span class='ocrx_word' id='word_1_47' title='bbox 1477 800 1567 854; x_wconf 91' lang='lat' dir='ltr'><strong>ille</strong></span> <span class='ocrx_word' id='word_1_48' title='bbox 1597 799 1708 868; x_wconf 91' lang='lat' dir='ltr'><strong>jam</strong></span> <span class='ocrx_word' id='word_1_49' title='bbox 1743 801 2035 870; x_wconf 79' lang='lat' dir='ltr'><strong>quinquies</strong></span> 
     </span>
    </p>
   </div>
   <div class='ocr_carea' id='block_1_9' title="bbox 466 891 2036 963">
    <p class='ocr_par' dir='ltr' id='par_1_9' title="bbox 466 891 2036 963">
     <span class='ocr_line' id='line_1_9' title="bbox 466 891 2036 963; baseline -0.004 -12"><span class='ocrx_word' id='word_1_50' title='bbox 466 894 746 951; x_wconf 91' lang='lat' dir='ltr'><strong>consulem</strong></span> <span class='ocrx_word' id='word_1_51' title='bbox 779 893 999 963; x_wconf 85' lang='lat' dir='ltr'><strong>egisset,</strong></span> <span class='ocrx_word' id='word_1_52' title='bbox 1043 891 1339 962; x_wconf 78' lang='lat' dir='ltr'><strong>significat,</strong></span> <span class='ocrx_word' id='word_1_53' title='bbox 1373 893 1590 946; x_wconf 81' lang='lat' dir='ltr'><strong>tametsi</strong></span> <span class='ocrx_word' id='word_1_54' title='bbox 1620 899 1755 947; x_wconf 88' lang='lat' dir='ltr'><strong>tunc</strong></span> <span class='ocrx_word' id='word_1_55' title='bbox 1810 892 2036 945; x_wconf 90' lang='lat' dir='ltr'><strong>minime</strong></span> 
     </span>
    </p>
   </div>
   <div class='ocr_carea' id='block_1_10' title="bbox 463 982 2035 1052">
    <p class='ocr_par' dir='ltr' id='par_1_10' title="bbox 463 982 2035 1052">
     <span class='ocr_line' id='line_1_10' title="bbox 463 982 2035 1052; baseline -0.003 -13"><span class='ocrx_word' id='word_1_56' title='bbox 463 985 654 1040; x_wconf 88' lang='lat' dir='ltr'><strong>consul</strong></span> <span class='ocrx_word' id='word_1_57' title='bbox 691 993 861 1038; x_wconf 89' lang='lat' dir='ltr'><strong>esset.</strong></span> <span class='ocrx_word' id='word_1_58' title='bbox 902 983 1177 1051; x_wconf 85' lang='lat' dir='ltr'><strong>Ejusmodi</strong></span> <span class='ocrx_word' id='word_1_59' title='bbox 1207 983 1453 1052; x_wconf 82' lang='lat' dir='ltr'><strong>exempla</strong></span> <span class='ocrx_word' id='word_1_60' title='bbox 1512 983 1678 1037; x_wconf 86' lang='lat' dir='ltr'><strong>etiam</strong></span> <span class='ocrx_word' id='word_1_61' title='bbox 1727 982 1784 1037; x_wconf 91' lang='lat' dir='ltr'><strong>in</strong></span> <span class='ocrx_word' id='word_1_62' title='bbox 1830 997 2035 1036; x_wconf 85' lang='lat' dir='ltr'><strong>consu-</strong></span> 
     </span>
    </p>
   </div>
   <div class='ocr_carea' id='block_1_11' title="bbox 469 1061 2033 1143">
    <p class='ocr_par' dir='ltr' id='par_1_11' title="bbox 469 1061 2033 1143">
     <span class='ocr_line' id='line_1_11' title="bbox 469 1061 2033 1143; baseline -0.003 -15"><span class='ocrx_word' id='word_1_63' title='bbox 469 1074 581 1128; x_wconf 68' lang='lat' dir='ltr'><strong>latu</strong></span> <span class='ocrx_word' id='word_1_64' title='bbox 623 1075 744 1143; x_wconf 89' lang='lat' dir='ltr'><strong>ejus</strong></span> <span class='ocrx_word' id='word_1_65' title='bbox 769 1081 968 1142; x_wconf 88' lang='lat' dir='ltr'><strong>quarto</strong></span> <span class='ocrx_word' id='word_1_66' title='bbox 998 1073 1065 1128; x_wconf 90' lang='lat' dir='ltr'><strong>ab</strong></span> <span class='ocrx_word' id='word_1_67' title='bbox 1115 1071 1235 1127; x_wconf 90' lang='lat' dir='ltr'><strong>aliis</strong></span> <span class='ocrx_word' id='word_1_68' title='bbox 1257 1072 1545 1127; x_wconf 88' lang='lat' dir='ltr'><strong>observata</strong></span> <span class='ocrx_word' id='word_1_69' title='bbox 1582 1081 1731 1127; x_wconf 88' lang='lat' dir='ltr'><strong>sunt.</strong></span> <span class='ocrx_word' id='word_1_70' title='bbox 1765 1061 2033 1128; x_wconf 78' lang='lat' dir='ltr'><strong>Caeterum</strong></span> 
     </span>
    </p>
   </div>
   <div class='ocr_carea' id='block_1_12' title="bbox 463 1162 2028 1256">
    <p class='ocr_par' dir='ltr' id='par_1_12' title="bbox 463 1162 2028 1256">
     <span class='ocr_line' id='line_1_12' title="bbox 463 1162 2028 1256; baseline -0.001 -38"><span class='ocrx_word' id='word_1_71' title='bbox 463 1162 758 1242; x_wconf 60' lang='lat' dir='ltr'><strong>volnithac</strong></span> <span class='ocrx_word' id='word_1_72' title='bbox 789 1164 1049 1256; x_wconf 79' lang='lat' dir='ltr'><strong>periocha</strong></span> <span class='ocrx_word' id='word_1_73' title='bbox 1094 1162 1460 1234; x_wconf 84' lang='lat' dir='ltr'><strong>Hieronymus</strong></span> <span class='ocrx_word' id='word_1_74' title='bbox 1525 1179 1632 1219; x_wconf 88' lang='lat' dir='ltr'><strong>non</strong></span> <span class='ocrx_word' id='word_1_75' title='bbox 1682 1162 1846 1218; x_wconf 88' lang='lat' dir='ltr'><strong>unius</strong></span> <span class='ocrx_word' id='word_1_76' title='bbox 1876 1164 2028 1228; x_wconf 87' lang='lat' dir='ltr'><strong>anni,</strong></span> 
     </span>
    </p>
   </div>
   <div class='ocr_carea' id='block_1_13' title="bbox 466 1250 2033 1321">
    <p class='ocr_par' dir='ltr' id='par_1_13' title="bbox 466 1250 2033 1321">
     <span class='ocr_line' id='line_1_13' title="bbox 466 1250 2033 1321; baseline -0.001 -15"><span class='ocrx_word' id='word_1_77' title='bbox 466 1255 560 1307; x_wconf 83' lang='lat' dir='ltr'><strong>sed</strong></span> <span class='ocrx_word' id='word_1_78' title='bbox 596 1250 862 1321; x_wconf 77' lang='lat' dir='ltr'><strong>plurium,</strong></span> <span class='ocrx_word' id='word_1_79' title='bbox 889 1261 948 1306; x_wconf 93' lang='lat' dir='ltr'><strong>ut</strong></span> <span class='ocrx_word' id='word_1_80' title='bbox 989 1252 1123 1306; x_wconf 84' lang='lat' dir='ltr'><strong>alias</strong></span> <span class='ocrx_word' id='word_1_81' title='bbox 1149 1252 1297 1313; x_wconf 82' lang='lat' dir='ltr'><strong>facit,</strong></span> <span class='ocrx_word' id='word_1_82' title='bbox 1339 1260 1488 1320; x_wconf 87' lang='lat' dir='ltr'><strong>gesta</strong></span> <span class='ocrx_word' id='word_1_83' title='bbox 1551 1250 2033 1320; x_wconf 83' lang='lat' dir='ltr'><strong>comprehendere.</strong></span> 
     </span>
    </p>
   </div>
   <div class='ocr_carea' id='block_1_14' title="bbox 462 1338 2035 1415">
    <p class='ocr_par' dir='ltr' id='par_1_14' title="bbox 462 1338 2035 1415">
     <span class='ocr_line' id='line_1_14' title="bbox 462 1338 2035 1415; baseline 0.002 -23"><span class='ocrx_word' id='word_1_84' title='bbox 462 1338 594 1415; x_wconf 74' lang='lat' dir='ltr'><strong>Vide</strong></span> <span class='ocrx_word' id='word_1_85' title='bbox 627 1339 850 1405; x_wconf 77' lang='lat' dir='ltr'><strong>Pagium</strong></span> <span class='ocrx_word' id='word_1_86' title='bbox 881 1340 934 1391; x_wconf 91' lang='lat' dir='ltr'><strong>in</strong></span> <span class='ocrx_word' id='word_1_87' title='bbox 964 1339 1162 1393; x_wconf 83' lang='lat' dir='ltr'><strong>Annal.</strong></span> <span class='ocrx_word' id='word_1_88' title='bbox 1223 1339 1349 1392; x_wconf 85' lang='lat' dir='ltr'><strong>Bar.</strong></span> <span class='ocrx_word' id='word_1_89' title='bbox 1386 1348 1520 1394; x_wconf 91' lang='lat' dir='ltr'><strong>tom.</strong></span> <span class='ocrx_word' id='word_1_90' title='bbox 1573 1340 1616 1398; x_wconf 85' lang='grc' dir='ltr'><strong>Ι.</strong></span> <span class='ocrx_word' id='word_1_91' title='bbox 1643 1357 1695 1410; x_wconf 86' lang='lat' dir='ltr'><strong>p.</strong></span> <span class='ocrx_word' id='word_1_92' title='bbox 1752 1340 1875 1394; x_wconf 74' lang='grc'><strong>104.</strong></span> <span class='ocrx_word' id='word_1_93' title='bbox 1931 1340 2035 1395; x_wconf 88' lang='lat' dir='ltr'><strong>Pro</strong></span> 
     </span>
    </p>
   </div>
   <div class='ocr_carea' id='block_1_15' title="bbox 461 1423 2037 1501">
    <p class='ocr_par' dir='ltr' id='par_1_15' title="bbox 461 1423 2037 1501">
     <span class='ocr_line' id='line_1_15' title="bbox 461 1423 2037 1501; baseline 0.001 -19"><span class='ocrx_word' id='word_1_94' title='bbox 461 1431 739 1497; x_wconf 77' lang='lat' dir='ltr'><strong>Decebalo,</strong></span> <span class='ocrx_word' id='word_1_95' title='bbox 772 1429 914 1499; x_wconf 90' lang='lat' dir='ltr'><strong>quod</strong></span> <span class='ocrx_word' id='word_1_96' title='bbox 944 1441 1063 1485; x_wconf 88' lang='lat' dir='ltr'><strong>erat</strong></span> <span class='ocrx_word' id='word_1_97' title='bbox 1094 1430 1329 1485; x_wconf 82' lang='lat' dir='ltr'><strong>Dacibus</strong></span> <span class='ocrx_word' id='word_1_98' title='bbox 1404 1423 1624 1501; x_wconf 83' lang='lat' dir='ltr'><strong>regibus</strong></span> <span class='ocrx_word' id='word_1_99' title='bbox 1649 1447 1868 1496; x_wconf 84' lang='lat' dir='ltr'><strong>nomen,</strong></span> <span class='ocrx_word' id='word_1_100' title='bbox 1899 1431 2037 1486; x_wconf 75' lang='lat' dir='ltr'><strong>Par-</strong></span> 
     </span>
    </p>
   </div>
   <div class='ocr_carea' id='block_1_16' title="bbox 461 1521 2034 1592">
    <p class='ocr_par' dir='ltr' id='par_1_16' title="bbox 461 1521 2034 1592">
     <span class='ocr_line' id='line_1_16' title="bbox 461 1521 2034 1592; baseline 0.002 -20"><span class='ocrx_word' id='word_1_101' title='bbox 461 1523 687 1584; x_wconf 86' lang='lat' dir='ltr'><strong>mensis,</strong></span> <span class='ocrx_word' id='word_1_102' title='bbox 712 1521 911 1590; x_wconf 88' lang='lat' dir='ltr'><strong>aliique</strong></span> <span class='ocrx_word' id='word_1_103' title='bbox 932 1538 1108 1587; x_wconf 85' lang='lat' dir='ltr'><strong>mss.,</strong></span> <span class='ocrx_word' id='word_1_104' title='bbox 1147 1532 1207 1575; x_wconf 90' lang='lat' dir='ltr'><strong>ut</strong></span> <span class='ocrx_word' id='word_1_105' title='bbox 1239 1531 1293 1575; x_wconf 91' lang='lat' dir='ltr'><strong>et</strong></span> <span class='ocrx_word' id='word_1_106' title='bbox 1320 1523 1618 1578; x_wconf 81' lang='lat' dir='ltr'><strong>Trebellius</strong></span> <span class='ocrx_word' id='word_1_107' title='bbox 1651 1523 1823 1579; x_wconf 83' lang='lat' dir='ltr'><strong>Pollio</strong></span> <span class='ocrx_word' id='word_1_108' title='bbox 1874 1535 2034 1592; x_wconf 86' lang='lat' dir='ltr'><strong>atque</strong></span> 
     </span>
    </p>
   </div>
   <div class='ocr_carea' id='block_1_17' title="bbox 463 1613 1466 1683">
    <p class='ocr_par' dir='ltr' id='par_1_17' title="bbox 463 1613 1466 1683">
     <span class='ocr_line' id='line_1_17' title="bbox 463 1613 1466 1683; baseline 0.001 -16"><span class='ocrx_word' id='word_1_109' title='bbox 463 1615 776 1683; x_wconf 76' lang='lat' dir='ltr'><strong>Eutropius,</strong></span> <span class='ocrx_word' id='word_1_110' title='bbox 821 1613 1124 1668; x_wconf 85' lang='lat' dir='ltr'><strong>Decibalum</strong></span> <span class='ocrx_word' id='word_1_111' title='bbox 1150 1613 1466 1682; x_wconf 69' lang='lat' dir='ltr'><strong>praeierunt.</strong></span> 
     </span>
    </p>
   </div>
   <div class='ocr_carea' id='block_1_18' title="bbox 525 1705 2032 1773">
    <p class='ocr_par' dir='ltr' id='par_1_18' title="bbox 525 1705 2032 1773">
     <span class='ocr_line' id='line_1_18' title="bbox 525 1705 2032 1773; baseline -0.003 -11"><span class='ocrx_word' id='word_1_112' title='bbox 525 1707 662 1762; x_wconf 79' lang='lat' dir='ltr'><strong>Ibid.</strong></span> <span class='ocrx_word' id='word_1_113' title='bbox 729 1709 1031 1762; x_wconf 78' lang='lat' dir='ltr'><strong>Sarmatas.</strong></span> <span class='ocrx_word' id='word_1_114' title='bbox 1094 1705 1366 1761; x_wconf 77' lang='lat' dir='ltr'><strong>Verbatim</strong></span> <span class='ocrx_word' id='word_1_115' title='bbox 1413 1706 1527 1760; x_wconf 83' lang='lat' dir='ltr'><strong>fere</strong></span> <span class='ocrx_word' id='word_1_116' title='bbox 1595 1708 1709 1760; x_wconf 52' lang='lat' dir='ltr'><strong>haec</strong></span> <span class='ocrx_word' id='word_1_117' title='bbox 1763 1707 2032 1773; x_wconf 87' lang='lat' dir='ltr'><strong>descripta</strong></span> 
     </span>
    </p>
   </div>
   <div class='ocr_carea' id='block_1_19' title="bbox 455 1795 2113 1867">
    <p class='ocr_par' dir='ltr' id='par_1_19' title="bbox 455 1795 2113 1867">
     <span class='ocr_line' id='line_1_19' title="bbox 455 1795 2113 1867; baseline -0.002 -15"><span class='ocrx_word' id='word_1_118' title='bbox 455 1807 584 1853; x_wconf 85' lang='lat' dir='ltr'><strong>sunt</strong></span> <span class='ocrx_word' id='word_1_119' title='bbox 638 1800 704 1852; x_wconf 92' lang='lat' dir='ltr'><strong>ab</strong></span> <span class='ocrx_word' id='word_1_120' title='bbox 764 1798 1008 1867; x_wconf 89' lang='lat' dir='ltr'><strong>Entropii</strong></span> <span class='ocrx_word' id='word_1_121' title='bbox 1064 1798 1163 1852; x_wconf 88' lang='lat' dir='ltr'><strong>lib.</strong></span> <span class='ocrx_word' id='word_1_122' title='bbox 1220 1814 1336 1861; x_wconf 88' lang='lat' dir='ltr'><strong>vm,</strong></span> <span class='ocrx_word' id='word_1_123' title='bbox 1397 1813 1518 1866; x_wconf 90' lang='lat' dir='ltr'><strong>cap.</strong></span> <span class='ocrx_word' id='word_1_124' title='bbox 1588 1798 1644 1863; x_wconf 76' lang='lat'><strong>5,</strong></span> <span class='ocrx_word' id='word_1_125' title='bbox 1695 1813 1856 1866; x_wconf 85' lang='lat' dir='ltr'><strong>quem</strong></span> <span class='ocrx_word' id='word_1_126' title='bbox 1916 1813 2037 1851; x_wconf 88' lang='lat' dir='ltr'><strong>eum</strong></span> <span class='ocrx_word' id='word_1_127' title='bbox 2075 1795 2113 1848; x_wconf 77' lang='grc' dir='ltr'><strong>Β</strong></span> 
     </span>
    </p>
   </div>
   <div class='ocr_carea' id='block_1_20' title="bbox 454 1888 2026 1957">
    <p class='ocr_par' dir='ltr' id='par_1_20' title="bbox 454 1888 2026 1957">
     <span class='ocr_line' id='line_1_20' title="bbox 454 1888 2026 1957; baseline -0.003 -11"><span class='ocrx_word' id='word_1_128' title='bbox 454 1891 741 1946; x_wconf 90' lang='lat' dir='ltr'><strong>doctorum</strong></span> <span class='ocrx_word' id='word_1_129' title='bbox 783 1889 1140 1957; x_wconf 89' lang='lat' dir='ltr'><strong>interpretum</strong></span> <span class='ocrx_word' id='word_1_130' title='bbox 1177 1889 1323 1943; x_wconf 89' lang='lat' dir='ltr'><strong>notis</strong></span> <span class='ocrx_word' id='word_1_131' title='bbox 1369 1888 1541 1943; x_wconf 86' lang='lat' dir='ltr'><strong>adito.</strong></span> <span class='ocrx_word' id='word_1_132' title='bbox 1573 1888 1890 1942; x_wconf 78' lang='lat' dir='ltr'><strong>Parmensis</strong></span> <span class='ocrx_word' id='word_1_133' title='bbox 1918 1904 2026 1942; x_wconf 88' lang='lat' dir='ltr'><strong>ms.</strong></span> 
     </span>
    </p>
   </div>
   <div class='ocr_carea' id='block_1_21' title="bbox 455 1978 2028 2051">
    <p class='ocr_par' dir='ltr' id='par_1_21' title="bbox 455 1978 2028 2051">
     <span class='ocr_line' id='line_1_21' title="bbox 455 1978 2028 2051; baseline 0.001 -20"><span class='ocrx_word' id='word_1_134' title='bbox 455 1979 916 2051; x_wconf 82' lang='lat' dir='ltr'><strong>quemadmodum</strong></span> <span class='ocrx_word' id='word_1_135' title='bbox 967 1989 1020 2033; x_wconf 92' lang='lat' dir='ltr'><strong>et</strong></span> <span class='ocrx_word' id='word_1_136' title='bbox 1073 1981 1402 2033; x_wconf 85' lang='lat' dir='ltr'><strong>vetustiores</strong></span> <span class='ocrx_word' id='word_1_137' title='bbox 1455 1979 1724 2032; x_wconf 82' lang='lat' dir='ltr'><strong>editiones</strong></span> <span class='ocrx_word' id='word_1_138' title='bbox 1778 1978 2028 2032; x_wconf 79' lang='lat' dir='ltr'><strong>Asmenos</strong></span> 
     </span>
    </p>
   </div>
   <div class='ocr_carea' id='block_1_22' title="bbox 466 2069 2029 2135">
    <p class='ocr_par' dir='ltr' id='par_1_22' title="bbox 466 2069 2029 2135">
     <span class='ocr_line' id='line_1_22' title="bbox 466 2069 2029 2135; baseline -0.003 -6"><span class='ocrx_word' id='word_1_139' title='bbox 466 2075 689 2129; x_wconf 87' lang='lat' dir='ltr'><strong>habent.</strong></span> <span class='ocrx_word' id='word_1_140' title='bbox 725 2072 1025 2126; x_wconf 87' lang='lat' dir='ltr'><strong>Siebardus</strong></span> <span class='ocrx_word' id='word_1_141' title='bbox 1049 2071 1114 2125; x_wconf 87' lang='lat' dir='ltr'><strong>ad</strong></span> <span class='ocrx_word' id='word_1_142' title='bbox 1165 2072 1289 2125; x_wconf 90' lang='lat' dir='ltr'><strong>libri</strong></span> <span class='ocrx_word' id='word_1_143' title='bbox 1355 2085 1504 2124; x_wconf 89' lang='lat' dir='ltr'><strong>oram</strong></span> <span class='ocrx_word' id='word_1_144' title='bbox 1573 2072 1826 2135; x_wconf 86' lang='lat' dir='ltr'><strong>adnotat,</strong></span> <span class='ocrx_word' id='word_1_145' title='bbox 1890 2069 2029 2125; x_wconf 79' lang='lat' dir='ltr'><strong>forte</strong></span> 
     </span>
    </p>
   </div>
   <div class='ocr_carea' id='block_1_23' title="bbox 451 2160 2027 2237">
    <p class='ocr_par' dir='ltr' id='par_1_23' title="bbox 451 2160 2027 2237">
     <span class='ocr_line' id='line_1_23' title="bbox 451 2160 2027 2237; baseline -0.001 -17"><span class='ocrx_word' id='word_1_146' title='bbox 451 2167 722 2237; x_wconf 76' lang='lat' dir='ltr'><strong>Agarenos</strong></span> <span class='ocrx_word' id='word_1_147' title='bbox 749 2165 1036 2235; x_wconf 87' lang='lat' dir='ltr'><strong>legendum</strong></span> <span class='ocrx_word' id='word_1_148' title='bbox 1066 2178 1129 2216; x_wconf 85' lang='lat' dir='ltr'><strong>ex</strong></span> <span class='ocrx_word' id='word_1_149' title='bbox 1189 2162 1382 2217; x_wconf 87' lang='lat' dir='ltr'><strong>Dione.</strong></span> <span class='ocrx_word' id='word_1_150' title='bbox 1421 2160 1646 2214; x_wconf 84' lang='lat' dir='ltr'><strong>Variant</strong></span> <span class='ocrx_word' id='word_1_151' title='bbox 1687 2170 1742 2215; x_wconf 90' lang='lat' dir='ltr'><strong>et</strong></span> <span class='ocrx_word' id='word_1_152' title='bbox 1792 2160 2027 2218; x_wconf 85' lang='lat' dir='ltr'><strong>Palatini</strong></span> 
     </span>
    </p>
   </div>
   <div class='ocr_carea' id='block_1_24' title="bbox 455 2256 2091 2326">
    <p class='ocr_par' dir='ltr' id='par_1_24' title="bbox 455 2256 2091 2326">
     <span class='ocr_line' id='line_1_24' title="bbox 455 2256 2091 2326; baseline -0.005 -11"><span class='ocrx_word' id='word_1_153' title='bbox 455 2277 589 2316; x_wconf 89' lang='lat' dir='ltr'><strong>mss.</strong></span> <span class='ocrx_word' id='word_1_154' title='bbox 653 2271 791 2315; x_wconf 91' lang='lat' dir='ltr'><strong>teste</strong></span> <span class='ocrx_word' id='word_1_155' title='bbox 833 2257 1309 2321; x_wconf 81' lang='lat' dir='ltr'><strong>Schurzlleischio,</strong></span> <span class='ocrx_word' id='word_1_156' title='bbox 1370 2272 1603 2326; x_wconf 89' lang='lat' dir='ltr'><strong>quorum</strong></span> <span class='ocrx_word' id='word_1_157' title='bbox 1653 2256 1865 2325; x_wconf 87' lang='lat' dir='ltr'><strong>primus</strong></span> <span class='ocrx_word' id='word_1_158' title='bbox 1919 2258 2029 2308; x_wconf 78' lang='lat' dir='ltr'><strong>As~</strong></span> <span class='ocrx_word' id='word_1_159' title='bbox 2088 2274 2091 2277; x_wconf 93' lang='grc'><strong>·</strong></span> 
     </span>
    </p>
   </div>
   <div class='ocr_carea' id='block_1_25' title="bbox 451 2351 2031 2420">
    <p class='ocr_par' dir='ltr' id='par_1_25' title="bbox 451 2351 2031 2420">
     <span class='ocr_line' id='line_1_25' title="bbox 451 2351 2031 2420; baseline -0.005 -14"><span class='ocrx_word' id='word_1_160' title='bbox 451 2355 700 2420; x_wconf 78' lang='lat' dir='ltr'><strong>roeticos,</strong></span> <span class='ocrx_word' id='word_1_161' title='bbox 732 2352 1006 2406; x_wconf 85' lang='lat' dir='ltr'><strong>secundus</strong></span> <span class='ocrx_word' id='word_1_162' title='bbox 1039 2352 1315 2414; x_wconf 83' lang='lat' dir='ltr'><strong>Asmenos,</strong></span> <span class='ocrx_word' id='word_1_163' title='bbox 1346 2351 1540 2403; x_wconf 90' lang='lat' dir='ltr'><strong>tertius</strong></span> <span class='ocrx_word' id='word_1_164' title='bbox 1562 2353 1840 2410; x_wconf 78' lang='lat' dir='ltr'><strong>Asroneos,</strong></span> <span class='ocrx_word' id='word_1_165' title='bbox 1867 2361 2031 2415; x_wconf 84' lang='lat' dir='ltr'><strong>quar-</strong></span> 
     </span>
    </p>
   </div>
   <div class='ocr_carea' id='block_1_26' title="bbox 454 2443 2029 2515">
    <p class='ocr_par' dir='ltr' id='par_1_26' title="bbox 454 2443 2029 2515">
     <span class='ocr_line' id='line_1_26' title="bbox 454 2443 2029 2515; baseline -0.004 -10"><span class='ocrx_word' id='word_1_166' title='bbox 454 2460 545 2505; x_wconf 86' lang='lat' dir='ltr'><strong>tus</strong></span> <span class='ocrx_word' id='word_1_167' title='bbox 575 2451 776 2504; x_wconf 70' lang='lat' dir='ltr'><strong>Aeneas</strong></span> <span class='ocrx_word' id='word_1_168' title='bbox 803 2448 1069 2503; x_wconf 84' lang='lat' dir='ltr'><strong>nominat.</strong></span> <span class='ocrx_word' id='word_1_169' title='bbox 1095 2447 1391 2510; x_wconf 78' lang='lat' dir='ltr'><strong>Caeterum,</strong></span> <span class='ocrx_word' id='word_1_170' title='bbox 1418 2446 1596 2515; x_wconf 83' lang='lat' dir='ltr'><strong>inquit</strong></span> <span class='ocrx_word' id='word_1_171' title='bbox 1631 2446 1724 2499; x_wconf 90' lang='lat' dir='ltr'><strong>ille</strong></span> <span class='ocrx_word' id='word_1_172' title='bbox 1754 2446 1810 2498; x_wconf 87' lang='lat' dir='ltr'><strong>in</strong></span> <span class='ocrx_word' id='word_1_173' title='bbox 1868 2443 2029 2499; x_wconf 89' lang='lat' dir='ltr'><strong>Curis</strong></span> 
     </span>
    </p>
   </div>
   <div class='ocr_carea' id='block_1_27' title="bbox 456 2535 2029 2610">
    <p class='ocr_par' dir='ltr' id='par_1_27' title="bbox 456 2535 2029 2610">
     <span class='ocr_line' id='line_1_27' title="bbox 456 2535 2029 2610; baseline -0.006 -14"><span class='ocrx_word' id='word_1_174' title='bbox 456 2540 876 2610; x_wconf 88' lang='lat' dir='ltr'><strong>posterioribus,</strong></span> <span class='ocrx_word' id='word_1_175' title='bbox 909 2538 1152 2602; x_wconf 82' lang='lat' dir='ltr'><strong>Osroeni,</strong></span> <span class='ocrx_word' id='word_1_176' title='bbox 1189 2538 1467 2599; x_wconf 74' lang='lat' dir='ltr'><strong>Osdroeni,</strong></span> <span class='ocrx_word' id='word_1_177' title='bbox 1521 2536 1769 2592; x_wconf 77' lang='lat' dir='ltr'><strong>Ostroeni</strong></span> <span class='ocrx_word' id='word_1_178' title='bbox 1796 2538 1876 2605; x_wconf 91' lang='lat' dir='ltr'><strong>(ut</strong></span> <span class='ocrx_word' id='word_1_179' title='bbox 1907 2535 2029 2588; x_wconf 80' lang='lat' dir='ltr'><strong>aliis</strong></span> 
     </span>
    </p>
   </div>
   <div class='ocr_carea' id='block_1_28' title="bbox 453 2627 2031 2702">
    <p class='ocr_par' dir='ltr' id='par_1_28' title="bbox 453 2627 2031 2702">
     <span class='ocr_line' id='line_1_28' title="bbox 453 2627 2031 2702; baseline -0.004 -16"><span class='ocrx_word' id='word_1_180' title='bbox 453 2632 736 2702; x_wconf 91' lang='lat' dir='ltr'><strong>dicuntur)</strong></span> <span class='ocrx_word' id='word_1_181' title='bbox 755 2632 915 2686; x_wconf 87' lang='lat' dir='ltr'><strong>iidem</strong></span> <span class='ocrx_word' id='word_1_182' title='bbox 944 2641 1072 2685; x_wconf 90' lang='lat' dir='ltr'><strong>sunt</strong></span> <span class='ocrx_word' id='word_1_183' title='bbox 1093 2630 1297 2700; x_wconf 90' lang='lat' dir='ltr'><strong>populi.</strong></span> <span class='ocrx_word' id='word_1_184' title='bbox 1325 2629 1495 2698; x_wconf 81' lang='lat' dir='ltr'><strong>Regio</strong></span> <span class='ocrx_word' id='word_1_185' title='bbox 1529 2627 1797 2685; x_wconf 82' lang='lat' dir='ltr'><strong>Osdroene</strong></span> <span class='ocrx_word' id='word_1_186' title='bbox 1828 2642 2031 2680; x_wconf 87' lang='lat' dir='ltr'><strong>memo-</strong></span> 
     </span>
    </p>
   </div>
   <div class='ocr_carea' id='block_1_29' title="bbox 453 2719 2030 2790">
    <p class='ocr_par' dir='ltr' id='par_1_29' title="bbox 453 2719 2030 2790">
     <span class='ocr_line' id='line_1_29' title="bbox 453 2719 2030 2790; baseline -0.004 -12"><span class='ocrx_word' id='word_1_187' title='bbox 453 2734 607 2778; x_wconf 84' lang='lat' dir='ltr'><strong>ratur</strong></span> <span class='ocrx_word' id='word_1_188' title='bbox 639 2725 691 2777; x_wconf 86' lang='lat' dir='ltr'><strong>in</strong></span> <span class='ocrx_word' id='word_1_189' title='bbox 725 2723 902 2778; x_wconf 72' lang='lat' dir='ltr'><strong>&quot;bello</strong></span> <span class='ocrx_word' id='word_1_190' title='bbox 944 2722 1343 2790; x_wconf 84' lang='lat' dir='ltr'><strong>provinciarum</strong></span> <span class='ocrx_word' id='word_1_191' title='bbox 1401 2719 1849 2775; x_wconf 67' lang='lat' dir='ltr'><strong>Schmnholiano.</strong></span> <span class='ocrx_word' id='word_1_192' title='bbox 1881 2719 2030 2772; x_wconf 81' lang='lat' dir='ltr'><strong>Ano-</strong></span> 
     </span>
    </p>
   </div>
   <div class='ocr_carea' id='block_1_30' title="bbox 451 2811 2020 2885">
    <p class='ocr_par' dir='ltr' id='par_1_30' title="bbox 451 2811 2020 2885">
     <span class='ocr_line' id='line_1_30' title="bbox 451 2811 2020 2885; baseline -0.004 -17"><span class='ocrx_word' id='word_1_193' title='bbox 451 2829 648 2885; x_wconf 81' lang='lat' dir='ltr'><strong>nymus</strong></span> <span class='ocrx_word' id='word_1_194' title='bbox 695 2814 1040 2884; x_wconf 75' lang='lat' dir='ltr'><strong>gangraphus</strong></span> <span class='ocrx_word' id='word_1_195' title='bbox 1067 2828 1095 2866; x_wconf 93' lang='lat' dir='ltr'><strong>a</strong></span> <span class='ocrx_word' id='word_1_196' title='bbox 1137 2811 1250 2866; x_wconf 83' lang='lat' dir='ltr'><strong>Jac.</strong></span> <span class='ocrx_word' id='word_1_197' title='bbox 1283 2811 1596 2867; x_wconf 82' lang='lat' dir='ltr'><strong>Godofredo</strong></span> <span class='ocrx_word' id='word_1_198' title='bbox 1646 2814 1844 2876; x_wconf 81' lang='lat' dir='ltr'><strong>editus,</strong></span> <span class='ocrx_word' id='word_1_199' title='bbox 1896 2826 2020 2880; x_wconf 87' lang='lat' dir='ltr'><strong>pag.</strong></span> 
     </span>
    </p>
   </div>
   <div class='ocr_carea' id='block_1_31' title="bbox 455 2900 2030 2973">
    <p class='ocr_par' dir='ltr' id='par_1_31' title="bbox 455 2900 2030 2973">
     <span class='ocr_line' id='line_1_31' title="bbox 455 2900 2030 2973; baseline -0.006 -13"><span class='ocrx_word' id='word_1_200' title='bbox 455 2905 522 2960; x_wconf 71' lang='lat' dir='ltr'><strong>i0</strong></span> <span class='ocrx_word' id='word_1_201' title='bbox 566 2922 584 2962; x_wconf 83' lang='lat'><strong>:</strong></span> <span class='ocrx_word' id='word_1_202' title='bbox 646 2905 875 2958; x_wconf 80' lang='grc' dir='ltr'><strong>Ἔπειτα</strong></span> <span class='ocrx_word' id='word_1_203' title='bbox 914 2909 1014 2973; x_wconf 80' lang='grc' dir='ltr'><strong>τῆς</strong></span> <span class='ocrx_word' id='word_1_204' title='bbox 1071 2903 1399 2973; x_wconf 72' lang='grc' dir='ltr'><strong>Ὀσδροήνης</strong></span> <span class='ocrx_word' id='word_1_205' title='bbox 1465 2903 1698 2957; x_wconf 80' lang='grc' dir='ltr'><strong>Ἔδεσσα</strong></span> <span class='ocrx_word' id='word_1_206' title='bbox 1748 2905 1842 2954; x_wconf 76' lang='grc' dir='ltr'><strong>καὶ</strong></span> <span class='ocrx_word' id='word_1_207' title='bbox 1893 2900 2030 2969; x_wconf 77' lang='grc' dir='ltr'><strong>αὑτὴ</strong></span> 
     </span>
    </p>
   </div>
   <div class='ocr_carea' id='block_1_32' title="bbox 454 2994 2026 3067">
    <p class='ocr_par' dir='ltr' id='par_1_32' title="bbox 454 2994 2026 3067">
     <span class='ocr_line' id='line_1_32' title="bbox 454 2994 2026 3067; baseline -0.002 -17"><span class='ocrx_word' id='word_1_208' title='bbox 454 2997 610 3058; x_wconf 75' lang='grc' dir='ltr'><strong>πόλις</strong></span> <span class='ocrx_word' id='word_1_209' title='bbox 659 2997 911 3067; x_wconf 78' lang='grc' dir='ltr'><strong>λαμπρά.</strong></span> <span class='ocrx_word' id='word_1_210' title='bbox 962 2998 1207 3050; x_wconf 84' lang='grc' dir='ltr'><strong>Ζωτικοῦ</strong></span> <span class='ocrx_word' id='word_1_211' title='bbox 1253 3014 1398 3058; x_wconf 75' lang='grc' dir='ltr'><strong>τινος</strong></span> <span class='ocrx_word' id='word_1_212' title='bbox 1479 2995 1779 3066; x_wconf 74' lang='grc' dir='ltr'>Ὀστρηνοῢ</span> <span class='ocrx_word' id='word_1_213' title='bbox 1821 2994 2026 3065; x_wconf 80' lang='lat' dir='ltr'><strong>(malim</strong></span> 
     </span>
    </p>
   </div>
   <div class='ocr_carea' id='block_1_33' title="bbox 2137 523 3710 595">
    <p class='ocr_par' dir='ltr' id='par_1_33' title="bbox 2137 523 3710 595">
     <span class='ocr_line' id='line_1_33' title="bbox 2137 523 3710 595; baseline 0.001 -19"><span class='ocrx_word' id='word_1_214' title='bbox 2137 523 2602 586; x_wconf 80' lang='lat' dir='ltr'><strong>diciturinstituit,</strong></span> <span class='ocrx_word' id='word_1_215' title='bbox 2626 523 2848 591; x_wconf 86' lang='lat' dir='ltr'><strong>perinde</strong></span> <span class='ocrx_word' id='word_1_216' title='bbox 2881 533 2964 578; x_wconf 89' lang='lat' dir='ltr'><strong>est</strong></span> <span class='ocrx_word' id='word_1_217' title='bbox 2993 534 3154 594; x_wconf 86' lang='lat' dir='ltr'><strong>atque</strong></span> <span class='ocrx_word' id='word_1_218' title='bbox 3182 525 3234 578; x_wconf 91' lang='lat' dir='ltr'><strong>in</strong></span> <span class='ocrx_word' id='word_1_219' title='bbox 3269 526 3456 579; x_wconf 89' lang='lat' dir='ltr'><strong>animo</strong></span> <span class='ocrx_word' id='word_1_220' title='bbox 3488 525 3710 595; x_wconf 76' lang='lat' dir='ltr'><strong>habuit;</strong></span> 
     </span>
    </p>
   </div>
   <div class='ocr_carea' id='block_1_34' title="bbox 2137 597 3708 680">
    <p class='ocr_par' dir='ltr' id='par_1_34' title="bbox 2137 597 3708 680">
     <span class='ocr_line' id='line_1_34' title="bbox 2137 597 3708 680; baseline 0.003 -18"><span class='ocrx_word' id='word_1_221' title='bbox 2137 624 2316 678; x_wconf 91' lang='lat' dir='ltr'><strong>neque</strong></span> <span class='ocrx_word' id='word_1_222' title='bbox 2369 612 2512 662; x_wconf 78' lang='lat' dir='ltr'><strong>t&#39;ttittt</strong></span> <span class='ocrx_word' id='word_1_223' title='bbox 2549 597 2748 673; x_wconf 78' lang='lat' dir='ltr'><strong>ell‘ecit,</strong></span> <span class='ocrx_word' id='word_1_224' title='bbox 2780 612 3164 680; x_wconf 81' lang='lat' dir='ltr'><strong>ingravescens</strong></span> <span class='ocrx_word' id='word_1_225' title='bbox 3191 612 3403 668; x_wconf 89' lang='lat' dir='ltr'><strong>senium</strong></span> <span class='ocrx_word' id='word_1_226' title='bbox 3439 623 3708 668; x_wconf 83' lang='lat' dir='ltr'><strong>causatus.</strong></span> 
     </span>
    </p>
   </div>
   <div class='ocr_carea' id='block_1_35' title="bbox 2135 699 3708 772">
    <p class='ocr_par' dir='ltr' id='par_1_35' title="bbox 2135 699 3708 772">
     <span class='ocr_line' id='line_1_35' title="bbox 2135 699 3708 772; baseline 0.003 -19"><span class='ocrx_word' id='word_1_227' title='bbox 2135 699 2276 754; x_wconf 84' lang='lat' dir='ltr'><strong>Sunt</strong></span> <span class='ocrx_word' id='word_1_228' title='bbox 2308 700 2544 769; x_wconf 87' lang='lat' dir='ltr'><strong>denique</strong></span> <span class='ocrx_word' id='word_1_229' title='bbox 2595 701 2682 754; x_wconf 85' lang='lat' dir='ltr'><strong>alii</strong></span> <span class='ocrx_word' id='word_1_230' title='bbox 2715 701 2860 769; x_wconf 86' lang='lat' dir='ltr'><strong>libri,</strong></span> <span class='ocrx_word' id='word_1_231' title='bbox 2921 702 2972 755; x_wconf 90' lang='lat' dir='ltr'><strong>in</strong></span> <span class='ocrx_word' id='word_1_232' title='bbox 3023 703 3219 772; x_wconf 86' lang='lat' dir='ltr'><strong>quibus</strong></span> <span class='ocrx_word' id='word_1_233' title='bbox 3251 712 3593 758; x_wconf 75' lang='lat' dir='ltr'><strong>vastarentur</strong></span> <span class='ocrx_word' id='word_1_234' title='bbox 3637 703 3708 757; x_wconf 83' lang='lat' dir='ltr'><strong>le-</strong></span> 
     </span>
    </p>
   </div>
   <div class='ocr_carea' id='block_1_36' title="bbox 2135 793 2714 863">
    <p class='ocr_par' dir='ltr' id='par_1_36' title="bbox 2135 793 2714 863">
     <span class='ocr_line' id='line_1_36' title="bbox 2135 793 2714 863; baseline 0.012 -20"><span class='ocrx_word' id='word_1_235' title='bbox 2135 793 2302 863; x_wconf 80' lang='lat' dir='ltr'><strong>gitur,</strong></span> <span class='ocrx_word' id='word_1_236' title='bbox 2346 807 2440 859; x_wconf 89' lang='lat' dir='ltr'><strong>pro</strong></span> <span class='ocrx_word' id='word_1_237' title='bbox 2461 802 2714 850; x_wconf 77' lang='lat' dir='ltr'><strong>vastaret.</strong></span> 
     </span>
    </p>
   </div>
   <div class='ocr_carea' id='block_1_37' title="bbox 2205 883 3704 956">
    <p class='ocr_par' dir='ltr' id='par_1_37' title="bbox 2205 883 3704 956">
     <span class='ocr_line' id='line_1_37' title="bbox 2205 883 3704 956; baseline -0.002 -16"><span class='ocrx_word' id='word_1_238' title='bbox 2205 883 2321 940; x_wconf 82' lang='lat' dir='ltr'><strong>Col.</strong></span> <span class='ocrx_word' id='word_1_239' title='bbox 2351 885 2475 941; x_wconf 67' lang='grc'><strong>464.</strong></span> <span class='ocrx_word' id='word_1_240' title='bbox 2506 883 2690 939; x_wconf 81' lang='lat' dir='ltr'><strong>Roma:</strong></span> <span class='ocrx_word' id='word_1_241' title='bbox 2743 901 2908 956; x_wconf 65' lang='lat' dir='ltr'><strong>aurea</strong></span> <span class='ocrx_word' id='word_1_242' title='bbox 2939 885 3150 940; x_wconf 79' lang='lat' dir='ltr'><strong>domus.</strong></span> <span class='ocrx_word' id='word_1_243' title='bbox 3179 883 3405 940; x_wconf 77' lang='lat' dir='ltr'><strong>Scilicet</strong></span> <span class='ocrx_word' id='word_1_244' title='bbox 3437 901 3560 954; x_wconf 78' lang='lat' dir='ltr'><strong>qua:</strong></span> <span class='ocrx_word' id='word_1_245' title='bbox 3587 883 3704 952; x_wconf 82' lang='lat' dir='ltr'><strong>ejus</strong></span> 
     </span>
    </p>
   </div>
   <div class='ocr_carea' id='block_1_38' title="bbox 2137 976 3711 1047">
    <p class='ocr_par' dir='ltr' id='par_1_38' title="bbox 2137 976 3711 1047">
     <span class='ocr_line' id='line_1_38' title="bbox 2137 976 3711 1047; baseline 0.001 -19"><span class='ocrx_word' id='word_1_246' title='bbox 2137 991 2263 1046; x_wconf 88' lang='lat' dir='ltr'><strong>pars</strong></span> <span class='ocrx_word' id='word_1_247' title='bbox 2298 976 2661 1046; x_wconf 79' lang='lat' dir='ltr'><strong>superfuerat</strong></span> <span class='ocrx_word' id='word_1_248' title='bbox 2693 993 2721 1030; x_wconf 92' lang='lat' dir='ltr'><strong>a</strong></span> <span class='ocrx_word' id='word_1_249' title='bbox 2755 977 3078 1047; x_wconf 66' lang='lat' dir='ltr'><strong>praecedenti</strong></span> <span class='ocrx_word' id='word_1_250' title='bbox 3107 976 3361 1033; x_wconf 90' lang='lat' dir='ltr'><strong>incendio</strong></span> <span class='ocrx_word' id='word_1_251' title='bbox 3384 977 3490 1032; x_wconf 92' lang='lat' dir='ltr'><strong>sub</strong></span> <span class='ocrx_word' id='word_1_252' title='bbox 3527 976 3711 1030; x_wconf 88' lang='lat' dir='ltr'><strong>Domi-</strong></span> 
     </span>
    </p>
   </div>
   <div class='ocr_carea' id='block_1_39' title="bbox 2139 1069 2307 1123">
    <p class='ocr_par' dir='ltr' id='par_1_39' title="bbox 2139 1069 2307 1123">
     <span class='ocr_line' id='line_1_39' title="bbox 2139 1069 2307 1123; baseline 0 -1"><span class='ocrx_word' id='word_1_253' title='bbox 2139 1069 2307 1123; x_wconf 88' lang='lat' dir='ltr'><strong>tiano.</strong></span> 
     </span>
    </p>
   </div>
   <div class='ocr_carea' id='block_1_40' title="bbox 2207 1157 3709 1229">
    <p class='ocr_par' dir='ltr' id='par_1_40' title="bbox 2207 1157 3709 1229">
     <span class='ocr_line' id='line_1_40' title="bbox 2207 1157 3709 1229; baseline -0.002 -14"><span class='ocrx_word' id='word_1_254' title='bbox 2207 1160 2324 1215; x_wconf 90' lang='lat' dir='ltr'><strong>Col.</strong></span> <span class='ocrx_word' id='word_1_255' title='bbox 2350 1160 2476 1215; x_wconf 74' lang='grc'><strong>463.</strong></span> <span class='ocrx_word' id='word_1_256' title='bbox 2511 1159 2840 1214; x_wconf 79' lang='lat' dir='ltr'><strong>Terra&#39;motu</strong></span> <span class='ocrx_word' id='word_1_257' title='bbox 2874 1167 3106 1229; x_wconf 88' lang='lat' dir='ltr'><strong>quatuor</strong></span> <span class='ocrx_word' id='word_1_258' title='bbox 3140 1160 3315 1212; x_wconf 76' lang='lat' dir='ltr'><strong>urbes.</strong></span> <span class='ocrx_word' id='word_1_259' title='bbox 3348 1157 3709 1213; x_wconf 85' lang='lat' dir='ltr'><strong>Scribendum</strong></span> 
     </span>
    </p>
   </div>
   <div class='ocr_carea' id='block_1_41' title="bbox 2139 1251 3698 1320">
    <p class='ocr_par' dir='ltr' id='par_1_41' title="bbox 2139 1251 3698 1320">
     <span class='ocr_line' id='line_1_41' title="bbox 2139 1251 3698 1320; baseline -0.001 -14"><span class='ocrx_word' id='word_1_260' title='bbox 2139 1251 2306 1308; x_wconf 79' lang='lat' dir='ltr'><strong>fuisse</strong></span> <span class='ocrx_word' id='word_1_261' title='bbox 2329 1253 2640 1317; x_wconf 74' lang='lat' dir='ltr'><strong>&#39;Oritarum,</strong></span> <span class='ocrx_word' id='word_1_262' title='bbox 2675 1252 2921 1320; x_wconf 82' lang='lat' dir='ltr'><strong>Scaliger</strong></span> <span class='ocrx_word' id='word_1_263' title='bbox 2956 1263 3140 1307; x_wconf 90' lang='lat' dir='ltr'><strong>monet</strong></span> <span class='ocrx_word' id='word_1_264' title='bbox 3173 1269 3189 1319; x_wconf 87' lang='lat'>;</span> <span class='ocrx_word' id='word_1_265' title='bbox 3227 1252 3368 1306; x_wconf 85' lang='lat' dir='ltr'><strong>haud</strong></span> <span class='ocrx_word' id='word_1_266' title='bbox 3399 1255 3535 1315; x_wconf 90' lang='lat' dir='ltr'><strong>scio,</strong></span> <span class='ocrx_word' id='word_1_267' title='bbox 3575 1267 3698 1306; x_wconf 91' lang='lat' dir='ltr'><strong>num</strong></span> 
     </span>
    </p>
   </div>
   <div class='ocr_carea' id='block_1_42' title="bbox 2140 1343 3706 1415">
    <p class='ocr_par' dir='ltr' id='par_1_42' title="bbox 2140 1343 3706 1415">
     <span class='ocr_line' id='line_1_42' title="bbox 2140 1343 3706 1415; baseline -0.001 -16"><span class='ocrx_word' id='word_1_268' title='bbox 2140 1363 2196 1400; x_wconf 89' lang='lat' dir='ltr'><strong>re</strong></span> <span class='ocrx_word' id='word_1_269' title='bbox 2230 1348 2390 1401; x_wconf 89' lang='lat' dir='ltr'><strong>etiam</strong></span> <span class='ocrx_word' id='word_1_270' title='bbox 2441 1350 2554 1415; x_wconf 87' lang='lat' dir='ltr'><strong>ipsa</strong></span> <span class='ocrx_word' id='word_1_271' title='bbox 2583 1348 2657 1400; x_wconf 89' lang='lat' dir='ltr'><strong>ita</strong></span> <span class='ocrx_word' id='word_1_272' title='bbox 2715 1343 3084 1414; x_wconf 83' lang='lat' dir='ltr'><strong>Hieronymus</strong></span> <span class='ocrx_word' id='word_1_273' title='bbox 3116 1345 3418 1414; x_wconf 86' lang='lat' dir='ltr'><strong>scripserit.</strong></span> <span class='ocrx_word' id='word_1_274' title='bbox 3448 1346 3706 1411; x_wconf 80' lang='lat' dir='ltr'><strong>Quidam,</strong></span> 
     </span>
    </p>
   </div>
   <div class='ocr_carea' id='block_1_43' title="bbox 2135 1437 3711 1509">
    <p class='ocr_par' dir='ltr' id='par_1_43' title="bbox 2135 1437 3711 1509">
     <span class='ocr_line' id='line_1_43' title="bbox 2135 1437 3711 1509; baseline -0.004 -13"><span class='ocrx_word' id='word_1_275' title='bbox 2135 1451 2272 1496; x_wconf 89' lang='lat' dir='ltr'><strong>teste</strong></span> <span class='ocrx_word' id='word_1_276' title='bbox 2296 1441 2775 1501; x_wconf 83' lang='lat' dir='ltr'><strong>Schurzﬂeischio,</strong></span> <span class='ocrx_word' id='word_1_277' title='bbox 2826 1454 2962 1494; x_wconf 91' lang='lat' dir='ltr'><strong>mss.</strong></span> <span class='ocrx_word' id='word_1_278' title='bbox 3039 1437 3342 1504; x_wconf 81' lang='lat' dir='ltr'><strong>Oricorum,</strong></span> <span class='ocrx_word' id='word_1_279' title='bbox 3382 1440 3542 1509; x_wconf 82' lang='lat' dir='ltr'><strong>quasi</strong></span> <span class='ocrx_word' id='word_1_280' title='bbox 3618 1440 3711 1492; x_wconf 71' lang='lat' dir='ltr'><strong>aut</strong></span> 
     </span>
    </p>
   </div>
   <div class='ocr_carea' id='block_1_44' title="bbox 2135 1519 2798 1604">
    <p class='ocr_par' dir='ltr' id='par_1_44' title="bbox 2135 1519 2798 1604">
     <span class='ocr_line' id='line_1_44' title="bbox 2135 1519 2798 1604; baseline -0.003 -18"><span class='ocrx_word' id='word_1_281' title='bbox 2135 1535 2348 1604; x_wconf 68' lang='grc' dir='ltr'><strong>Ὠρικὸς</strong></span> <span class='ocrx_word' id='word_1_282' title='bbox 2377 1533 2562 1589; x_wconf 73' lang='lat' dir='ltr'><strong>Grmce</strong></span> <span class='ocrx_word' id='word_1_283' title='bbox 2585 1519 2798 1588; x_wconf 44' lang='lat' dir='ltr'><strong>fuisset.</strong></span> 
     </span>
    </p>
   </div>
   <div class='ocr_carea' id='block_1_45' title="bbox 2204 1622 3713 1682">
    <p class='ocr_par' dir='ltr' id='par_1_45' title="bbox 2204 1622 3713 1682">
     <span class='ocr_line' id='line_1_45' title="bbox 2204 1622 3713 1682; baseline -0.003 0"><span class='ocrx_word' id='word_1_284' title='bbox 2204 1628 2319 1682; x_wconf 78' lang='lat' dir='ltr'><strong>Col.</strong></span> <span class='ocrx_word' id='word_1_285' title='bbox 2350 1626 2475 1680; x_wconf 68' lang='lat' dir='ltr'><strong>46ft.</strong></span> <span class='ocrx_word' id='word_1_286' title='bbox 2514 1626 2891 1679; x_wconf 73' lang='lat' dir='ltr'><strong>Alexandrina:</strong></span> <span class='ocrx_word' id='word_1_287' title='bbox 2925 1625 3196 1679; x_wconf 76' lang='lat' dir='ltr'><strong>Ecclesite.</strong></span> <span class='ocrx_word' id='word_1_288' title='bbox 3226 1623 3341 1678; x_wconf 82' lang='lat' dir='ltr'><strong>Non</strong></span> <span class='ocrx_word' id='word_1_289' title='bbox 3377 1622 3525 1678; x_wconf 81' lang='lat' dir='ltr'><strong>addit</strong></span> <span class='ocrx_word' id='word_1_290' title='bbox 3546 1640 3713 1678; x_wconf 77' lang='lat' dir='ltr'><strong>anno:</strong></span> 
     </span>
    </p>
   </div>
   <div class='ocr_carea' id='block_1_46' title="bbox 2140 1719 2736 1774">
    <p class='ocr_par' dir='ltr' id='par_1_46' title="bbox 2140 1719 2736 1774">
     <span class='ocr_line' id='line_1_46' title="bbox 2140 1719 2736 1774; baseline 0.002 -2"><span class='ocrx_word' id='word_1_291' title='bbox 2140 1720 2207 1772; x_wconf 76' lang='grc'><strong>12</strong></span> <span class='ocrx_word' id='word_1_292' title='bbox 2240 1719 2551 1774; x_wconf 83' lang='lat' dir='ltr'><strong>Parmensis</strong></span> <span class='ocrx_word' id='word_1_293' title='bbox 2577 1719 2736 1774; x_wconf 89' lang='lat' dir='ltr'><strong>liber.</strong></span> 
     </span>
    </p>
   </div>
   <div class='ocr_carea' id='block_1_47' title="bbox 2223 1810 3716 1881">
    <p class='ocr_par' dir='ltr' id='par_1_47' title="bbox 2223 1810 3716 1881">
     <span class='ocr_line' id='line_1_47' title="bbox 2223 1810 3716 1881; baseline 0 -15"><span class='ocrx_word' id='word_1_294' title='bbox 2223 1812 2339 1866; x_wconf 88' lang='lat' dir='ltr'><strong>Col.</strong></span> <span class='ocrx_word' id='word_1_295' title='bbox 2371 1811 2492 1866; x_wconf 73' lang='grc'><strong>463.</strong></span> <span class='ocrx_word' id='word_1_296' title='bbox 2539 1811 2769 1880; x_wconf 77' lang='lat' dir='ltr'><strong>Trojano</strong></span> <span class='ocrx_word' id='word_1_297' title='bbox 2825 1810 3142 1866; x_wconf 77' lang='lat' dir='ltr'><strong>adversus...</strong></span> <span class='ocrx_word' id='word_1_298' title='bbox 3193 1810 3432 1879; x_wconf 82' lang='lat' dir='ltr'><strong>Ignatius</strong></span> <span class='ocrx_word' id='word_1_299' title='bbox 3486 1828 3716 1881; x_wconf 73' lang='lat' dir='ltr'><strong>quoque.</strong></span> 
     </span>
    </p>
   </div>
   <div class='ocr_carea' id='block_1_48' title="bbox 2135 1902 3713 1974">
    <p class='ocr_par' dir='ltr' id='par_1_48' title="bbox 2135 1902 3713 1974">
     <span class='ocr_line' id='line_1_48' title="bbox 2135 1902 3713 1974; baseline -0.001 -16"><span class='ocrx_word' id='word_1_300' title='bbox 2135 1904 2245 1958; x_wconf 90' lang='lat' dir='ltr'><strong>Cur</strong></span> <span class='ocrx_word' id='word_1_301' title='bbox 2290 1919 2321 1958; x_wconf 87' lang='lat' dir='ltr'><strong>e</strong></span> <span class='ocrx_word' id='word_1_302' title='bbox 2353 1903 2509 1974; x_wconf 84' lang='lat' dir='ltr'><strong>Syria</strong></span> <span class='ocrx_word' id='word_1_303' title='bbox 2563 1904 2791 1959; x_wconf 78' lang='lat' dir='ltr'><strong>Romam</strong></span> <span class='ocrx_word' id='word_1_304' title='bbox 2835 1905 3078 1972; x_wconf 89' lang='lat' dir='ltr'><strong>lgnatius</strong></span> <span class='ocrx_word' id='word_1_305' title='bbox 3131 1902 3325 1957; x_wconf 89' lang='lat' dir='ltr'><strong>bestiis</strong></span> <span class='ocrx_word' id='word_1_306' title='bbox 3375 1904 3713 1974; x_wconf 82' lang='lat' dir='ltr'><strong>objiciendus</strong></span> 
     </span>
    </p>
   </div>
   <div class='ocr_carea' id='block_1_49' title="bbox 2135 1990 3715 2061">
    <p class='ocr_par' dir='ltr' id='par_1_49' title="bbox 2135 1990 3715 2061">
     <span class='ocr_line' id='line_1_49' title="bbox 2135 1990 3715 2061; baseline 0.002 -18"><span class='ocrx_word' id='word_1_307' title='bbox 2135 1990 2526 2044; x_wconf 85' lang='lat' dir='ltr'><strong>amandarctur</strong></span> <span class='ocrx_word' id='word_1_308' title='bbox 2559 1992 2745 2061; x_wconf 89' lang='lat' dir='ltr'><strong>(quam</strong></span> <span class='ocrx_word' id='word_1_309' title='bbox 2788 1991 3048 2059; x_wconf 86' lang='lat' dir='ltr'><strong>proponit</strong></span> <span class='ocrx_word' id='word_1_310' title='bbox 3109 1990 3518 2044; x_wconf 61' lang='lat' dir='ltr'><strong>discutiendam</strong></span> <span class='ocrx_word' id='word_1_311' title='bbox 3566 2006 3715 2060; x_wconf 65' lang='lat' dir='ltr'><strong>quae-</strong></span> 
     </span>
    </p>
   </div>
   <div class='ocr_carea' id='block_1_50' title="bbox 2133 2069 3714 2151">
    <p class='ocr_par' dir='ltr' id='par_1_50' title="bbox 2133 2069 3714 2151">
     <span class='ocr_line' id='line_1_50' title="bbox 2133 2069 3714 2151; baseline 0 -16"><span class='ocrx_word' id='word_1_312' title='bbox 2133 2069 2364 2135; x_wconf 81' lang='lat' dir='ltr'><strong>ationem</strong></span> <span class='ocrx_word' id='word_1_313' title='bbox 2401 2083 2690 2151; x_wconf 81' lang='lat' dir='ltr'><strong>Scaliger),</strong></span> <span class='ocrx_word' id='word_1_314' title='bbox 2749 2079 2997 2149; x_wconf 88' lang='lat' dir='ltr'><strong>Trajani,</strong></span> <span class='ocrx_word' id='word_1_315' title='bbox 3047 2080 3101 2135; x_wconf 89' lang='lat' dir='ltr'><strong>in</strong></span> <span class='ocrx_word' id='word_1_316' title='bbox 3155 2082 3310 2150; x_wconf 91' lang='lat' dir='ltr'><strong>cujus</strong></span> <span class='ocrx_word' id='word_1_317' title='bbox 3338 2091 3714 2150; x_wconf 75' lang='lat' dir='ltr'><strong>conspectum,</strong></span> 
     </span>
    </p>
   </div>
   <div class='ocr_carea' id='block_1_51' title="bbox 2134 2173 3717 2243">
    <p class='ocr_par' dir='ltr' id='par_1_51' title="bbox 2134 2173 3717 2243">
     <span class='ocr_line' id='line_1_51' title="bbox 2134 2173 3717 2243; baseline 0.001 -16"><span class='ocrx_word' id='word_1_318' title='bbox 2134 2188 2259 2228; x_wconf 90' lang='lat' dir='ltr'><strong>cum</strong></span> <span class='ocrx_word' id='word_1_319' title='bbox 2325 2173 2632 2228; x_wconf 70' lang='lat' dir='ltr'><strong>Antiochizn</strong></span> <span class='ocrx_word' id='word_1_320' title='bbox 2655 2183 2860 2242; x_wconf 87' lang='lat' dir='ltr'><strong>ageret,</strong></span> <span class='ocrx_word' id='word_1_321' title='bbox 2896 2173 3094 2228; x_wconf 83' lang='lat' dir='ltr'><strong>ductus</strong></span> <span class='ocrx_word' id='word_1_322' title='bbox 3139 2184 3244 2240; x_wconf 85' lang='lat' dir='ltr'><strong>est,</strong></span> <span class='ocrx_word' id='word_1_323' title='bbox 3279 2175 3538 2228; x_wconf 81' lang='lat' dir='ltr'><strong>voluntas</strong></span> <span class='ocrx_word' id='word_1_324' title='bbox 3557 2183 3717 2243; x_wconf 86' lang='lat' dir='ltr'><strong>atque</strong></span> 
     </span>
    </p>
   </div>
   <div class='ocr_carea' id='block_1_52' title="bbox 2136 2265 3710 2335">
    <p class='ocr_par' dir='ltr' id='par_1_52' title="bbox 2136 2265 3710 2335">
     <span class='ocr_line' id='line_1_52' title="bbox 2136 2265 3710 2335; baseline -0.001 -15"><span class='ocrx_word' id='word_1_325' title='bbox 2136 2266 2423 2335; x_wconf 88' lang='lat' dir='ltr'><strong>imperium</strong></span> <span class='ocrx_word' id='word_1_326' title='bbox 2458 2265 2588 2320; x_wconf 78' lang='lat' dir='ltr'><strong>fecit</strong></span> <span class='ocrx_word' id='word_1_327' title='bbox 2633 2283 2645 2319; x_wconf 91' lang='lat'>:</span> <span class='ocrx_word' id='word_1_328' title='bbox 2691 2274 2772 2326; x_wconf 90' lang='lat' dir='ltr'><strong>ut,</strong></span> <span class='ocrx_word' id='word_1_329' title='bbox 2813 2269 3035 2333; x_wconf 89' lang='lat' dir='ltr'><strong>quando</strong></span> <span class='ocrx_word' id='word_1_330' title='bbox 3066 2280 3163 2334; x_wconf 90' lang='lat' dir='ltr'><strong>per</strong></span> <span class='ocrx_word' id='word_1_331' title='bbox 3220 2265 3463 2320; x_wconf 86' lang='lat' dir='ltr'><strong>hominis</strong></span> <span class='ocrx_word' id='word_1_332' title='bbox 3517 2265 3710 2320; x_wconf 65' lang='lat' dir='ltr'><strong>condi-</strong></span> 
     </span>
    </p>
   </div>
   <div class='ocr_carea' id='block_1_53' title="bbox 2137 2355 3713 2428">
    <p class='ocr_par' dir='ltr' id='par_1_53' title="bbox 2137 2355 3713 2428">
     <span class='ocr_line' id='line_1_53' title="bbox 2137 2355 3713 2428; baseline -0.001 -15"><span class='ocrx_word' id='word_1_333' title='bbox 2137 2361 2337 2414; x_wconf 91' lang='lat' dir='ltr'><strong>tionem</strong></span> <span class='ocrx_word' id='word_1_334' title='bbox 2373 2359 2586 2424; x_wconf 88' lang='lat' dir='ltr'><strong>licebat,</strong></span> <span class='ocrx_word' id='word_1_335' title='bbox 2623 2359 2995 2428; x_wconf 86' lang='lat' dir='ltr'><strong>spectaculum</strong></span> <span class='ocrx_word' id='word_1_336' title='bbox 3026 2359 3080 2412; x_wconf 92' lang='lat' dir='ltr'><strong>in</strong></span> <span class='ocrx_word' id='word_1_337' title='bbox 3140 2355 3546 2428; x_wconf 85' lang='lat' dir='ltr'><strong>amphitheatro</strong></span> <span class='ocrx_word' id='word_1_338' title='bbox 3608 2358 3713 2412; x_wconf 79' lang='lat' dir='ltr'><strong>Ro-</strong></span> 
     </span>
    </p>
   </div>
   <div class='ocr_carea' id='block_1_54' title="bbox 2137 2448 3706 2520">
    <p class='ocr_par' dir='ltr' id='par_1_54' title="bbox 2137 2448 3706 2520">
     <span class='ocr_line' id='line_1_54' title="bbox 2137 2448 3706 2520; baseline -0.001 -16"><span class='ocrx_word' id='word_1_339' title='bbox 2137 2465 2296 2504; x_wconf 88' lang='lat' dir='ltr'><strong>mano</strong></span> <span class='ocrx_word' id='word_1_340' title='bbox 2326 2450 2612 2520; x_wconf 72' lang='lat' dir='ltr'><strong>prazberct.</strong></span> <span class='ocrx_word' id='word_1_341' title='bbox 2683 2448 2884 2505; x_wconf 78' lang='lat' dir='ltr'><strong>Verum</strong></span> <span class='ocrx_word' id='word_1_342' title='bbox 2929 2449 3035 2502; x_wconf 90' lang='lat' dir='ltr'><strong>alia</strong></span> <span class='ocrx_word' id='word_1_343' title='bbox 3095 2459 3201 2512; x_wconf 83' lang='lat' dir='ltr'><strong>cst,</strong></span> <span class='ocrx_word' id='word_1_344' title='bbox 3257 2463 3426 2519; x_wconf 86' lang='lat' dir='ltr'><strong>quam</strong></span> <span class='ocrx_word' id='word_1_345' title='bbox 3463 2449 3706 2518; x_wconf 80' lang='lat' dir='ltr'><strong>Scaliger</strong></span> 
     </span>
    </p>
   </div>
   <div class='ocr_carea' id='block_1_55' title="bbox 2142 2540 3711 2605">
    <p class='ocr_par' dir='ltr' id='par_1_55' title="bbox 2142 2540 3711 2605">
     <span class='ocr_line' id='line_1_55' title="bbox 2142 2540 3711 2605; baseline 0.001 -9"><span class='ocrx_word' id='word_1_346' title='bbox 2142 2543 2468 2605; x_wconf 81' lang='lat' dir='ltr'><strong>dissimulat,</strong></span> <span class='ocrx_word' id='word_1_347' title='bbox 2506 2541 2803 2596; x_wconf 85' lang='lat' dir='ltr'><strong>Eusebiani</strong></span> <span class='ocrx_word' id='word_1_348' title='bbox 2840 2542 2940 2595; x_wconf 92' lang='lat' dir='ltr'><strong>loci</strong></span> <span class='ocrx_word' id='word_1_349' title='bbox 2974 2540 3288 2604; x_wconf 71' lang='lat' dir='ltr'><strong>didit-ultas.</strong></span> <span class='ocrx_word' id='word_1_350' title='bbox 3330 2543 3382 2595; x_wconf 90' lang='lat' dir='ltr'><strong>in</strong></span> <span class='ocrx_word' id='word_1_351' title='bbox 3417 2551 3566 2596; x_wconf 90' lang='lat' dir='ltr'><strong>recta</strong></span> <span class='ocrx_word' id='word_1_352' title='bbox 3599 2544 3711 2597; x_wconf 83' lang='lat' dir='ltr'><strong>sci-</strong></span> 
     </span>
    </p>
   </div>
   <div class='ocr_carea' id='block_1_56' title="bbox 2137 2631 3723 2702">
    <p class='ocr_par' dir='ltr' id='par_1_56' title="bbox 2137 2631 3723 2702">
     <span class='ocr_line' id='line_1_56' title="bbox 2137 2631 3723 2702; baseline 0.002 -18"><span class='ocrx_word' id='word_1_353' title='bbox 2137 2631 2258 2685; x_wconf 67' lang='lat' dir='ltr'><strong>licet</strong></span> <span class='ocrx_word' id='word_1_354' title='bbox 2293 2641 2596 2699; x_wconf 82' lang='lat' dir='ltr'><strong>temporum</strong></span> <span class='ocrx_word' id='word_1_355' title='bbox 2632 2633 3045 2701; x_wconf 86' lang='lat' dir='ltr'><strong>computatione</strong></span> <span class='ocrx_word' id='word_1_356' title='bbox 3077 2635 3272 2702; x_wconf 86' lang='lat' dir='ltr'><strong>posita.</strong></span> <span class='ocrx_word' id='word_1_357' title='bbox 3304 2631 3438 2685; x_wconf 80' lang='lat' dir='ltr'><strong>Nam</strong></span> <span class='ocrx_word' id='word_1_358' title='bbox 3475 2634 3723 2701; x_wconf 63' lang='lat' dir='ltr'><strong>coepisse-</strong></span> 
     </span>
    </p>
   </div>
   <div class='ocr_carea' id='block_1_57' title="bbox 2135 2723 3708 2794">
    <p class='ocr_par' dir='ltr' id='par_1_57' title="bbox 2135 2723 3708 2794">
     <span class='ocr_line' id='line_1_57' title="bbox 2135 2723 3708 2794; baseline 0.003 -19"><span class='ocrx_word' id='word_1_359' title='bbox 2135 2725 2350 2791; x_wconf 88' lang='lat' dir='ltr'><strong>quidem</strong></span> <span class='ocrx_word' id='word_1_360' title='bbox 2384 2725 2485 2776; x_wconf 92' lang='lat' dir='ltr'><strong>hoc</strong></span> <span class='ocrx_word' id='word_1_361' title='bbox 2519 2740 2685 2788; x_wconf 89' lang='lat' dir='ltr'><strong>anno,</strong></span> <span class='ocrx_word' id='word_1_362' title='bbox 2769 2723 2992 2794; x_wconf 88' lang='lat' dir='ltr'><strong>Trajani</strong></span> <span class='ocrx_word' id='word_1_363' title='bbox 3073 2724 3311 2790; x_wconf 88' lang='lat' dir='ltr'><strong>decimo,</strong></span> <span class='ocrx_word' id='word_1_364' title='bbox 3366 2726 3590 2778; x_wconf 85' lang='lat' dir='ltr'><strong>tertiam</strong></span> <span class='ocrx_word' id='word_1_365' title='bbox 3653 2726 3708 2778; x_wconf 81' lang='lat' dir='ltr'><strong>in</strong></span> 
     </span>
    </p>
   </div>
   <div class='ocr_carea' id='block_1_58' title="bbox 2133 2815 3704 2885">
    <p class='ocr_par' dir='ltr' id='par_1_58' title="bbox 2133 2815 3704 2885">
     <span class='ocr_line' id='line_1_58' title="bbox 2133 2815 3704 2885; baseline -0.003 -13"><span class='ocrx_word' id='word_1_366' title='bbox 2133 2817 2476 2872; x_wconf 89' lang='lat' dir='ltr'><strong>Christianos</strong></span> <span class='ocrx_word' id='word_1_367' title='bbox 2529 2818 2988 2885; x_wconf 88' lang='lat' dir='ltr'><strong>persecutionem,</strong></span> <span class='ocrx_word' id='word_1_368' title='bbox 3053 2817 3216 2869; x_wconf 89' lang='lat' dir='ltr'><strong>nolim</strong></span> <span class='ocrx_word' id='word_1_369' title='bbox 3268 2817 3500 2870; x_wconf 88' lang='lat' dir='ltr'><strong>inliciari</strong></span> <span class='ocrx_word' id='word_1_370' title='bbox 3559 2832 3576 2869; x_wconf 87' lang='lat'><strong>:</strong></span> <span class='ocrx_word' id='word_1_371' title='bbox 3641 2815 3704 2869; x_wconf 91' lang='lat' dir='ltr'><strong>S.</strong></span> 
     </span>
    </p>
   </div>
   <div class='ocr_carea' id='block_1_59' title="bbox 2137 2909 3708 2979">
    <p class='ocr_par' dir='ltr' id='par_1_59' title="bbox 2137 2909 3708 2979">
     <span class='ocr_line' id='line_1_59' title="bbox 2137 2909 3708 2979; baseline -0.001 -16"><span class='ocrx_word' id='word_1_372' title='bbox 2137 2926 2262 2964; x_wconf 88' lang='lat' dir='ltr'><strong>vero</strong></span> <span class='ocrx_word' id='word_1_373' title='bbox 2295 2909 2560 2979; x_wconf 79' lang='lat' dir='ltr'><strong>lgnatinm</strong></span> <span class='ocrx_word' id='word_1_374' title='bbox 2612 2911 2715 2963; x_wconf 91' lang='lat' dir='ltr'><strong>hoc</strong></span> <span class='ocrx_word' id='word_1_375' title='bbox 2752 2911 2868 2977; x_wconf 91' lang='lat' dir='ltr'><strong>ipso</strong></span> <span class='ocrx_word' id='word_1_376' title='bbox 2903 2924 3050 2962; x_wconf 88' lang='lat' dir='ltr'><strong>anno</strong></span> <span class='ocrx_word' id='word_1_377' title='bbox 3092 2909 3410 2977; x_wconf 75' lang='lat' dir='ltr'><strong>martyrium</strong></span> <span class='ocrx_word' id='word_1_378' title='bbox 3447 2909 3708 2974; x_wconf 85' lang='lat' dir='ltr'><strong>subiisse,</strong></span> 
     </span>
    </p>
   </div>
   <div class='ocr_carea' id='block_1_60' title="bbox 2135 3001 3714 3070">
    <p class='ocr_par' dir='ltr' id='par_1_60' title="bbox 2135 3001 3714 3070">
     <span class='ocr_line' id='line_1_60' title="bbox 2135 3001 3714 3070; baseline 0 -16"><span class='ocrx_word' id='word_1_379' title='bbox 2135 3004 2402 3062; x_wconf 89' lang='lat' dir='ltr'><strong>nondum,</strong></span> <span class='ocrx_word' id='word_1_380' title='bbox 2471 3010 2532 3054; x_wconf 90' lang='lat' dir='ltr'><strong>ut</strong></span> <span class='ocrx_word' id='word_1_381' title='bbox 2611 3001 2852 3068; x_wconf 87' lang='lat' dir='ltr'><strong>credam,</strong></span> <span class='ocrx_word' id='word_1_382' title='bbox 2920 3002 3056 3055; x_wconf 86' lang='lat' dir='ltr'><strong>satis</strong></span> <span class='ocrx_word' id='word_1_383' title='bbox 3115 3001 3714 3070; x_wconf 66' lang='lat' dir='ltr'><strong>probabilibus,arguo</strong></span> 
     </span>
    </p>
   </div>
   <div class='ocr_carea' id='block_1_61' title="bbox 462 3085 2026 3178">
    <p class='ocr_par' dir='ltr' id='par_1_61' title="bbox 462 3085 2026 3171">
     <span class='ocr_line' id='line_1_61' title="bbox 462 3085 2026 3171; baseline 0 -30"><span class='ocrx_word' id='word_1_384' title='bbox 462 3085 828 3158; x_wconf 69' lang='grc' dir='ltr'><strong>Ὀστροηνοῦ)</strong></span> <span class='ocrx_word' id='word_1_385' title='bbox 872 3090 1249 3171; x_wconf 73' lang='grc' dir='ltr'><strong>πρεσὸυτέρου</strong></span> <span class='ocrx_word' id='word_1_386' title='bbox 1294 3088 1538 3142; x_wconf 88' lang='lat' dir='ltr'><strong>meminit</strong></span> <span class='ocrx_word' id='word_1_387' title='bbox 1569 3089 1902 3157; x_wconf 79' lang='lat' dir='ltr'><strong>Nicephorus</strong></span> <span class='ocrx_word' id='word_1_388' title='bbox 1962 3087 2026 3141; x_wconf 92' lang='lat' dir='ltr'><strong>ll.</strong></span> 
     </span>
    </p>
   </div>
   <div class='ocr_carea' id='block_1_62' title="bbox 2132 3085 3716 3178">
    <p class='ocr_par' dir='ltr' id='par_1_62' title="bbox 2136 3091 3716 3162">
     <span class='ocr_line' id='line_1_62' title="bbox 2136 3091 3716 3162; baseline -0.001 -16"><span class='ocrx_word' id='word_1_389' title='bbox 2136 3094 2332 3146; x_wconf 75' lang='lat' dir='ltr'><strong>mi-ntis</strong></span> <span class='ocrx_word' id='word_1_390' title='bbox 2386 3093 2649 3145; x_wconf 73' lang='lat' dir='ltr'><strong>adducor.</strong></span> <span class='ocrx_word' id='word_1_391' title='bbox 2713 3093 2825 3145; x_wconf 88' lang='lat' dir='ltr'><strong>lmo</strong></span> <span class='ocrx_word' id='word_1_392' title='bbox 2887 3107 3013 3146; x_wconf 83' lang='lat' dir='ltr'><strong>vero</strong></span> <span class='ocrx_word' id='word_1_393' title='bbox 3081 3092 3189 3145; x_wconf 81' lang='lat' dir='ltr'><strong>fere</strong></span> <span class='ocrx_word' id='word_1_394' title='bbox 3251 3093 3544 3162; x_wconf 88' lang='lat' dir='ltr'><strong>persuadet</strong></span> <span class='ocrx_word' id='word_1_395' title='bbox 3577 3091 3716 3145; x_wconf 85' lang='lat' dir='ltr'><strong>Tra-</strong></span> 
     </span>
    </p>
   </div>
   <div class='ocr_carea' id='block_1_63' title="bbox 451 3162 2022 3250">
    <p class='ocr_par' dir='ltr' id='par_1_63' title="bbox 451 3162 2022 3250">
     <span class='ocr_line' id='line_1_63' title="bbox 451 3162 2022 3250; baseline 0.001 -15"><span class='ocrx_word' id='word_1_396' title='bbox 451 3180 516 3236; x_wconf 83' lang='lat' dir='ltr'><strong>E.</strong></span> <span class='ocrx_word' id='word_1_397' title='bbox 576 3181 673 3236; x_wconf 86' lang='lat' dir='ltr'><strong>lib.</strong></span> <span class='ocrx_word' id='word_1_398' title='bbox 705 3195 780 3244; x_wconf 83' lang='lat' dir='ltr'><strong>IV,</strong></span> <span class='ocrx_word' id='word_1_399' title='bbox 816 3162 938 3248; x_wconf 46' lang='lat' dir='ltr'><strong>cap;</strong></span> <span class='ocrx_word' id='word_1_400' title='bbox 965 3181 1056 3242; x_wconf 71' lang='grc'><strong>25,</strong></span> <span class='ocrx_word' id='word_1_401' title='bbox 1116 3192 1171 3234; x_wconf 84' lang='lat' dir='ltr'><strong>et</strong></span> <span class='ocrx_word' id='word_1_402' title='bbox 1231 3180 1496 3235; x_wconf 81' lang='lat' dir='ltr'><strong>Eusebius</strong></span> <span class='ocrx_word' id='word_1_403' title='bbox 1534 3181 1625 3234; x_wconf 91' lang='lat' dir='ltr'><strong>lib.</strong></span> <span class='ocrx_word' id='word_1_404' title='bbox 1657 3197 1712 3244; x_wconf 81' lang='grc' dir='ltr'><strong>ν,</strong></span> <span class='ocrx_word' id='word_1_405' title='bbox 1751 3197 1872 3250; x_wconf 86' lang='lat' dir='ltr'><strong>cap.</strong></span> <span class='ocrx_word' id='word_1_406' title='bbox 1935 3182 2022 3236; x_wconf 79' lang='grc'><strong>16.</strong></span> 
     </span>
    </p>
   </div>
   <div class='ocr_carea' id='block_1_64' title="bbox 453 3271 2024 3342">
    <p class='ocr_par' dir='ltr' id='par_1_64' title="bbox 453 3271 2024 3342">
     <span class='ocr_line' id='line_1_64' title="bbox 453 3271 2024 3342; baseline 0.001 -16"><span class='ocrx_word' id='word_1_407' title='bbox 453 3273 559 3326; x_wconf 83' lang='lat' dir='ltr'><strong>Sed</strong></span> <span class='ocrx_word' id='word_1_408' title='bbox 596 3271 925 3326; x_wconf 75' lang='lat' dir='ltr'><strong>Ostraciuem</strong></span> <span class='ocrx_word' id='word_1_409' title='bbox 952 3273 1139 3325; x_wconf 87' lang='lat' dir='ltr'><strong>urbem</strong></span> <span class='ocrx_word' id='word_1_410' title='bbox 1164 3271 1295 3326; x_wconf 75' lang='lat' dir='ltr'><strong>facit</strong></span> <span class='ocrx_word' id='word_1_411' title='bbox 1325 3273 1375 3325; x_wconf 93' lang='lat' dir='ltr'><strong>in</strong></span> <span class='ocrx_word' id='word_1_412' title='bbox 1395 3275 1758 3342; x_wconf 81' lang='lat' dir='ltr'><strong>Augustanica</strong></span> <span class='ocrx_word' id='word_1_413' title='bbox 1785 3274 2024 3342; x_wconf 79' lang='lat' dir='ltr'><strong>regione.</strong></span> 
     </span>
    </p>
   </div>
   <div class='ocr_carea' id='block_1_65' title="bbox 451 3364 2028 3437">
    <p class='ocr_par' dir='ltr' id='par_1_65' title="bbox 451 3364 2028 3437">
     <span class='ocr_line' id='line_1_65' title="bbox 451 3364 2028 3437; baseline 0.001 -18"><span class='ocrx_word' id='word_1_414' title='bbox 451 3365 626 3419; x_wconf 85' lang='lat' dir='ltr'><strong>Etiam</strong></span> <span class='ocrx_word' id='word_1_415' title='bbox 703 3364 1366 3434; x_wconf 61' lang='grc' dir='ltr'><strong>ϐτεευιῆυεὸθεολόγος.</strong></span> <span class='ocrx_word' id='word_1_416' title='bbox 1439 3368 1596 3435; x_wconf 62' lang='lat' dir='ltr'><strong>epist.</strong></span> <span class='ocrx_word' id='word_1_417' title='bbox 1660 3366 1747 3428; x_wconf 80' lang='grc'><strong>16,</strong></span> <span class='ocrx_word' id='word_1_418' title='bbox 1799 3367 2028 3437; x_wconf 79' lang='grc' dir='ltr'><strong>Ὀστρα-</strong></span> 
     </span>
    </p>
   </div>
   <div class='ocr_carea' id='block_1_66' title="bbox 451 3454 2011 3526">
    <p class='ocr_par' dir='ltr' id='par_1_66' title="bbox 451 3454 2011 3526">
     <span class='ocr_line' id='line_1_66' title="bbox 451 3454 2011 3526; baseline 0.004 -19"><span class='ocrx_word' id='word_1_419' title='bbox 451 3454 609 3525; x_wconf 63' lang='lat' dir='ltr'><strong>uim;</strong></span> <span class='ocrx_word' id='word_1_420' title='bbox 653 3456 918 3509; x_wconf 88' lang='lat' dir='ltr'><strong>meminit.</strong></span> <span class='ocrx_word' id='word_1_421' title='bbox 959 3454 1073 3509; x_wconf 86' lang='lat' dir='ltr'><strong>Non</strong></span> <span class='ocrx_word' id='word_1_422' title='bbox 1119 3457 1308 3511; x_wconf 87' lang='lat' dir='ltr'><strong>habuit</strong></span> <span class='ocrx_word' id='word_1_423' title='bbox 1339 3472 1468 3526; x_wconf 81' lang='lat' dir='ltr'><strong>ergo</strong></span> <span class='ocrx_word' id='word_1_424' title='bbox 1495 3472 1717 3512; x_wconf 87' lang='lat' dir='ltr'><strong>causam</strong></span> <span class='ocrx_word' id='word_1_425' title='bbox 1778 3457 2011 3514; x_wconf 85' lang='lat' dir='ltr'><strong>Hardui-</strong></span> 
     </span>
    </p>
   </div>
   <div class='ocr_carea' id='block_1_67' title="bbox 453 3547 2024 3620">
    <p class='ocr_par' dir='ltr' id='par_1_67' title="bbox 453 3547 2024 3620">
     <span class='ocr_line' id='line_1_67' title="bbox 453 3547 2024 3620; baseline 0.003 -19"><span class='ocrx_word' id='word_1_426' title='bbox 453 3563 578 3611; x_wconf 88' lang='lat' dir='ltr'><strong>nus,</strong></span> <span class='ocrx_word' id='word_1_427' title='bbox 614 3557 673 3600; x_wconf 91' lang='lat' dir='ltr'><strong>ut</strong></span> <span class='ocrx_word' id='word_1_428' title='bbox 703 3549 768 3602; x_wconf 87' lang='lat' dir='ltr'><strong>ad</strong></span> <span class='ocrx_word' id='word_1_429' title='bbox 803 3547 962 3602; x_wconf 82' lang='lat' dir='ltr'><strong>Plinii</strong></span> <span class='ocrx_word' id='word_1_430' title='bbox 1003 3549 1066 3602; x_wconf 88' lang='lat' dir='ltr'><strong>ll.</strong></span> <span class='ocrx_word' id='word_1_431' title='bbox 1101 3548 1166 3604; x_wconf 84' lang='grc' dir='ltr'><strong>Ν.</strong></span> <span class='ocrx_word' id='word_1_432' title='bbox 1206 3550 1299 3604; x_wconf 91' lang='lat' dir='ltr'><strong>lib.</strong></span> <span class='ocrx_word' id='word_1_433' title='bbox 1348 3567 1401 3615; x_wconf 91' lang='lat' dir='ltr'><strong>v,</strong></span> <span class='ocrx_word' id='word_1_434' title='bbox 1434 3567 1558 3620; x_wconf 93' lang='lat' dir='ltr'><strong>cap.</strong></span> <span class='ocrx_word' id='word_1_435' title='bbox 1603 3551 1690 3615; x_wconf 70' lang='lat' dir='ltr'><strong>i2,</strong></span> <span class='ocrx_word' id='word_1_436' title='bbox 1732 3552 2024 3613; x_wconf 85' lang='lat' dir='ltr'><strong>dubitaret.</strong></span> 
     </span>
    </p>
   </div>
   <div class='ocr_carea' id='block_1_68' title="bbox 455 3641 2028 3711">
    <p class='ocr_par' dir='ltr' id='par_1_68' title="bbox 455 3641 2028 3711">
     <span class='ocr_line' id='line_1_68' title="bbox 455 3641 2028 3711; baseline 0.004 -20"><span class='ocrx_word' id='word_1_437' title='bbox 455 3641 612 3694; x_wconf 84' lang='lat' dir='ltr'><strong>talem</strong></span> <span class='ocrx_word' id='word_1_438' title='bbox 668 3655 904 3709; x_wconf 85' lang='lat' dir='ltr'><strong>unquam</strong></span> <span class='ocrx_word' id='word_1_439' title='bbox 955 3641 1130 3693; x_wconf 89' lang='lat' dir='ltr'><strong>locum</strong></span> <span class='ocrx_word' id='word_1_440' title='bbox 1166 3641 1361 3695; x_wconf 80' lang='lat' dir='ltr'><strong>fuisse.</strong></span> <span class='ocrx_word' id='word_1_441' title='bbox 1400 3642 1474 3696; x_wconf 90' lang='lat' dir='ltr'><strong>De</strong></span> <span class='ocrx_word' id='word_1_442' title='bbox 1501 3643 1880 3711; x_wconf 77' lang='lat' dir='ltr'><strong>Bosphoranis.</strong></span> <span class='ocrx_word' id='word_1_443' title='bbox 1911 3644 2028 3698; x_wconf 86' lang='lat' dir='ltr'><strong>sive</strong></span> 
     </span>
    </p>
   </div>
   <div class='ocr_carea' id='block_1_69' title="bbox 453 3732 2022 3802">
    <p class='ocr_par' dir='ltr' id='par_1_69' title="bbox 453 3732 2022 3802">
     <span class='ocr_line' id='line_1_69' title="bbox 453 3732 2022 3802; baseline 0.002 -17"><span class='ocrx_word' id='word_1_444' title='bbox 453 3732 802 3801; x_wconf 79' lang='lat' dir='ltr'><strong>Bosporanis,</strong></span> <span class='ocrx_word' id='word_1_445' title='bbox 841 3733 1150 3788; x_wconf 88' lang='lat' dir='ltr'><strong>Cimmeriis</strong></span> <span class='ocrx_word' id='word_1_446' title='bbox 1191 3735 1376 3802; x_wconf 83' lang='lat' dir='ltr'><strong>utique</strong></span> <span class='ocrx_word' id='word_1_447' title='bbox 1413 3735 1480 3789; x_wconf 90' lang='lat' dir='ltr'><strong>ad</strong></span> <span class='ocrx_word' id='word_1_448' title='bbox 1514 3735 1805 3800; x_wconf 87' lang='lat' dir='ltr'><strong>orientem,</strong></span> <span class='ocrx_word' id='word_1_449' title='bbox 1848 3736 2022 3789; x_wconf 91' lang='lat' dir='ltr'><strong>multo</strong></span> 
     </span>
    </p>
   </div>
   <div class='ocr_carea' id='block_1_70' title="bbox 453 3824 2023 3897">
    <p class='ocr_par' dir='ltr' id='par_1_70' title="bbox 453 3824 2023 3897">
     <span class='ocr_line' id='line_1_70' title="bbox 453 3824 2023 3897; baseline 0.004 -22"><span class='ocrx_word' id='word_1_450' title='bbox 453 3824 627 3892; x_wconf 89' lang='lat' dir='ltr'><strong>magis</strong></span> <span class='ocrx_word' id='word_1_451' title='bbox 675 3825 1032 3892; x_wconf 90' lang='lat' dir='ltr'><strong>disputatum.</strong></span> <span class='ocrx_word' id='word_1_452' title='bbox 1059 3824 1323 3880; x_wconf 84' lang='lat' dir='ltr'><strong>Fahretus</strong></span> <span class='ocrx_word' id='word_1_453' title='bbox 1377 3827 1444 3880; x_wconf 86' lang='lat' dir='ltr'><strong>ad</strong></span> <span class='ocrx_word' id='word_1_454' title='bbox 1493 3825 1613 3880; x_wconf 89' lang='lat' dir='ltr'><strong>Col.</strong></span> <span class='ocrx_word' id='word_1_455' title='bbox 1645 3827 1867 3895; x_wconf 84' lang='lat' dir='ltr'><strong>Trajan.</strong></span> <span class='ocrx_word' id='word_1_456' title='bbox 1899 3843 2023 3897; x_wconf 82' lang='lat' dir='ltr'><strong>cap.</strong></span> 
     </span>
    </p>
   </div>
   <div class='ocr_carea' id='block_1_71' title="bbox 451 3915 2022 3988">
    <p class='ocr_par' dir='ltr' id='par_1_71' title="bbox 451 3915 2022 3988">
     <span class='ocr_line' id='line_1_71' title="bbox 451 3915 2022 3988; baseline 0.001 -20"><span class='ocrx_word' id='word_1_457' title='bbox 451 3915 507 3979; x_wconf 75' lang='grc' dir='ltr'><strong>Ι,</strong></span> <span class='ocrx_word' id='word_1_458' title='bbox 545 3930 664 3984; x_wconf 81' lang='lat' dir='ltr'><strong>pag.</strong></span> <span class='ocrx_word' id='word_1_459' title='bbox 697 3916 789 3976; x_wconf 75' lang='lat'><strong>25.</strong></span> <span class='ocrx_word' id='word_1_460' title='bbox 828 3917 1170 3985; x_wconf 68' lang='lat' dir='ltr'><strong>ISntropium,</strong></span> <span class='ocrx_word' id='word_1_461' title='bbox 1201 3927 1364 3986; x_wconf 86' lang='lat' dir='ltr'><strong>atque</strong></span> <span class='ocrx_word' id='word_1_462' title='bbox 1384 3918 1518 3972; x_wconf 88' lang='lat' dir='ltr'><strong>adeo</strong></span> <span class='ocrx_word' id='word_1_463' title='bbox 1550 3929 1601 3972; x_wconf 89' lang='lat' dir='ltr'><strong>et</strong></span> <span class='ocrx_word' id='word_1_464' title='bbox 1638 3917 2022 3988; x_wconf 84' lang='lat' dir='ltr'><strong>Hieronymum</strong></span> 
     </span>
    </p>
   </div>
   <div class='ocr_carea' id='block_1_72' title="bbox 449 4005 2025 4077">
    <p class='ocr_par' dir='ltr' id='par_1_72' title="bbox 449 4005 2025 4077">
     <span class='ocr_line' id='line_1_72' title="bbox 449 4005 2025 4077; baseline 0.003 -17"><span class='ocrx_word' id='word_1_465' title='bbox 449 4005 564 4062; x_wconf 73' lang='lat' dir='ltr'><strong>falli</strong></span> <span class='ocrx_word' id='word_1_466' title='bbox 595 4015 767 4077; x_wconf 85' lang='lat' dir='ltr'><strong>putat.</strong></span> <span class='ocrx_word' id='word_1_467' title='bbox 799 4007 1311 4073; x_wconf 80' lang='lat' dir='ltr'><strong>Sclturzileischius,</strong></span> <span class='ocrx_word' id='word_1_468' title='bbox 1349 4024 1472 4064; x_wconf 90' lang='lat' dir='ltr'><strong>cum</strong></span> <span class='ocrx_word' id='word_1_469' title='bbox 1513 4011 1718 4077; x_wconf 68' lang='lat' dir='ltr'><strong>[auctor</strong></span> <span class='ocrx_word' id='word_1_470' title='bbox 1747 4008 2025 4065; x_wconf 86' lang='lat' dir='ltr'><strong>Paschalis</strong></span> 
     </span>
    </p>
   </div>
   <div class='ocr_carea' id='block_1_73' title="bbox 447 4098 2021 4170">
    <p class='ocr_par' dir='ltr' id='par_1_73' title="bbox 447 4098 2021 4170">
     <span class='ocr_line' id='line_1_73' title="bbox 447 4098 2021 4170; baseline 0.002 -17"><span class='ocrx_word' id='word_1_471' title='bbox 447 4098 705 4154; x_wconf 89' lang='lat' dir='ltr'><strong>Chronici</strong></span> <span class='ocrx_word' id='word_1_472' title='bbox 737 4101 881 4155; x_wconf 87' lang='lat' dir='ltr'><strong>circa</strong></span> <span class='ocrx_word' id='word_1_473' title='bbox 917 4115 1119 4154; x_wconf 88' lang='lat' dir='ltr'><strong>annum</strong></span> <span class='ocrx_word' id='word_1_474' title='bbox 1163 4101 1193 4154; x_wconf 92' lang='lat'><strong>7</strong></span> <span class='ocrx_word' id='word_1_475' title='bbox 1221 4111 1314 4154; x_wconf 89' lang='lat' dir='ltr'><strong>aut</strong></span> <span class='ocrx_word' id='word_1_476' title='bbox 1343 4100 1376 4154; x_wconf 89' lang='lat'>8</span> <span class='ocrx_word' id='word_1_477' title='bbox 1428 4099 1670 4170; x_wconf 82' lang='lat' dir='ltr'><strong>Trajani,</strong></span> <span class='ocrx_word' id='word_1_478' title='bbox 1723 4101 2021 4156; x_wconf 89' lang='lat' dir='ltr'><strong>Bostrenos</strong></span> 
     </span>
    </p>
   </div>
   <div class='ocr_carea' id='block_1_74' title="bbox 449 4191 2010 4262">
    <p class='ocr_par' dir='ltr' id='par_1_74' title="bbox 449 4191 2010 4262">
     <span class='ocr_line' id='line_1_74' title="bbox 449 4191 2010 4262; baseline 0.002 -17"><span class='ocrx_word' id='word_1_479' title='bbox 449 4191 598 4246; x_wconf 86' lang='lat' dir='ltr'><strong>dicat</strong></span> <span class='ocrx_word' id='word_1_480' title='bbox 628 4192 755 4246; x_wconf 86' lang='lat' dir='ltr'><strong>inde</strong></span> <span class='ocrx_word' id='word_1_481' title='bbox 786 4201 1031 4262; x_wconf 87' lang='lat' dir='ltr'><strong>tempora</strong></span> <span class='ocrx_word' id='word_1_482' title='bbox 1073 4207 1171 4248; x_wconf 87' lang='lat' dir='ltr'><strong>sua</strong></span> <span class='ocrx_word' id='word_1_483' title='bbox 1209 4203 1419 4262; x_wconf 91' lang='lat' dir='ltr'><strong>putare,</strong></span> <span class='ocrx_word' id='word_1_484' title='bbox 1480 4195 1685 4248; x_wconf 86' lang='lat' dir='ltr'><strong>mavult</strong></span> <span class='ocrx_word' id='word_1_485' title='bbox 1718 4193 1810 4248; x_wconf 90' lang='lat' dir='ltr'><strong>hic</strong></span> <span class='ocrx_word' id='word_1_486' title='bbox 1847 4194 2010 4249; x_wconf 89' lang='lat' dir='ltr'><strong>etiam</strong></span> 
     </span>
    </p>
   </div>
   <div class='ocr_carea' id='block_1_75' title="bbox 449 4283 2022 4352">
    <p class='ocr_par' dir='ltr' id='par_1_75' title="bbox 449 4283 2022 4352">
     <span class='ocr_line' id='line_1_75' title="bbox 449 4283 2022 4352; baseline 0.002 -15"><span class='ocrx_word' id='word_1_487' title='bbox 449 4283 590 4352; x_wconf 87' lang='lat' dir='ltr'><strong>apud</strong></span> <span class='ocrx_word' id='word_1_488' title='bbox 628 4283 913 4339; x_wconf 88' lang='lat' dir='ltr'><strong>Eusebium</strong></span> <span class='ocrx_word' id='word_1_489' title='bbox 946 4283 1230 4338; x_wconf 78' lang='lat' dir='ltr'><strong>Bostrenos</strong></span> <span class='ocrx_word' id='word_1_490' title='bbox 1282 4285 1510 4340; x_wconf 85' lang='lat' dir='ltr'><strong>rescribi</strong></span> <span class='ocrx_word' id='word_1_491' title='bbox 1551 4301 1566 4340; x_wconf 90' lang='lat'><strong>:</strong></span> <span class='ocrx_word' id='word_1_492' title='bbox 1599 4285 1683 4340; x_wconf 92' lang='lat' dir='ltr'><strong>cui</strong></span> <span class='ocrx_word' id='word_1_493' title='bbox 1742 4286 2022 4340; x_wconf 68' lang='lat' dir='ltr'><strong>ﬁrmandae</strong></span> 
     </span>
    </p>
   </div>
   <div class='ocr_carea' id='block_1_76' title="bbox 446 4374 2017 4445">
    <p class='ocr_par' dir='ltr' id='par_1_76' title="bbox 446 4374 2017 4445">
     <span class='ocr_line' id='line_1_76' title="bbox 446 4374 2017 4445; baseline 0 -15"><span class='ocrx_word' id='word_1_494' title='bbox 446 4374 778 4445; x_wconf 80' lang='lat' dir='ltr'><strong>conjecturae</strong></span> <span class='ocrx_word' id='word_1_495' title='bbox 829 4392 952 4431; x_wconf 89' lang='lat' dir='ltr'><strong>cum</strong></span> <span class='ocrx_word' id='word_1_496' title='bbox 992 4377 1284 4431; x_wconf 82' lang='lat' dir='ltr'><strong>Dufresnio</strong></span> <span class='ocrx_word' id='word_1_497' title='bbox 1316 4379 1367 4432; x_wconf 91' lang='lat' dir='ltr'><strong>in</strong></span> <span class='ocrx_word' id='word_1_498' title='bbox 1403 4375 1556 4430; x_wconf 83' lang='lat' dir='ltr'><strong>Notis</strong></span> <span class='ocrx_word' id='word_1_499' title='bbox 1586 4378 1652 4432; x_wconf 90' lang='lat' dir='ltr'><strong>ad</strong></span> <span class='ocrx_word' id='word_1_500' title='bbox 1687 4393 1810 4432; x_wconf 93' lang='lat' dir='ltr'><strong>eum</strong></span> <span class='ocrx_word' id='word_1_501' title='bbox 1840 4382 2017 4432; x_wconf 87' lang='lat' dir='ltr'><strong>locum</strong></span> 
     </span>
    </p>
   </div>
   <div class='ocr_carea' id='block_1_77' title="bbox 2129 3183 3709 3252">
    <p class='ocr_par' dir='ltr' id='par_1_77' title="bbox 2129 3183 3709 3252">
     <span class='ocr_line' id='line_1_77' title="bbox 2129 3183 3709 3252; baseline 0.003 -18"><span class='ocrx_word' id='word_1_502' title='bbox 2129 3183 2245 3252; x_wconf 89' lang='lat' dir='ltr'><strong>jani</strong></span> <span class='ocrx_word' id='word_1_503' title='bbox 2273 3183 2501 3238; x_wconf 87' lang='lat' dir='ltr'><strong>historia</strong></span> <span class='ocrx_word' id='word_1_504' title='bbox 2566 3198 2861 3252; x_wconf 89' lang='lat' dir='ltr'><strong>rerumque</strong></span> <span class='ocrx_word' id='word_1_505' title='bbox 2912 3183 3108 3247; x_wconf 84' lang='lat' dir='ltr'><strong>series,</strong></span> <span class='ocrx_word' id='word_1_506' title='bbox 3181 3193 3241 3236; x_wconf 93' lang='lat' dir='ltr'><strong>ut</strong></span> <span class='ocrx_word' id='word_1_507' title='bbox 3304 3187 3406 3237; x_wconf 91' lang='lat' dir='ltr'><strong>hoc</strong></span> <span class='ocrx_word' id='word_1_508' title='bbox 3466 3183 3709 3238; x_wconf 81' lang='lat' dir='ltr'><strong>dill&#39;cra</strong></span> 
     </span>
    </p>
   </div>
   <div class='ocr_carea' id='block_1_78' title="bbox 2133 3271 3711 3342">
    <p class='ocr_par' dir='ltr' id='par_1_78' title="bbox 2133 3271 3711 3342">
     <span class='ocr_line' id='line_1_78' title="bbox 2133 3271 3711 3342; baseline 0.002 -18"><span class='ocrx_word' id='word_1_509' title='bbox 2133 3271 2309 3324; x_wconf 86' lang='lat' dir='ltr'><strong>solido</strong></span> <span class='ocrx_word' id='word_1_510' title='bbox 2337 3271 2718 3340; x_wconf 83' lang='lat' dir='ltr'><strong>quinquennio</strong></span> <span class='ocrx_word' id='word_1_511' title='bbox 2746 3274 2940 3338; x_wconf 87' lang='lat' dir='ltr'><strong>serius,</strong></span> <span class='ocrx_word' id='word_1_512' title='bbox 2981 3274 3094 3327; x_wconf 80' lang='lat' dir='ltr'><strong>sive</strong></span> <span class='ocrx_word' id='word_1_513' title='bbox 3149 3277 3214 3326; x_wconf 88' lang='lat' dir='ltr'><strong>ad</strong></span> <span class='ocrx_word' id='word_1_514' title='bbox 3249 3271 3498 3341; x_wconf 87' lang='lat' dir='ltr'><strong>ejusdem</strong></span> <span class='ocrx_word' id='word_1_515' title='bbox 3537 3275 3711 3342; x_wconf 83' lang='lat' dir='ltr'><strong>impe-</strong></span> 
     </span>
    </p>
   </div>
   <div class='ocr_carea' id='block_1_79' title="bbox 2133 3363 3711 3435">
    <p class='ocr_par' dir='ltr' id='par_1_79' title="bbox 2133 3363 3711 3435">
     <span class='ocr_line' id='line_1_79' title="bbox 2133 3363 3711 3435; baseline 0.003 -20"><span class='ocrx_word' id='word_1_516' title='bbox 2133 3363 2328 3416; x_wconf 82' lang='lat' dir='ltr'><strong>ratoris</strong></span> <span class='ocrx_word' id='word_1_517' title='bbox 2360 3363 2552 3417; x_wconf 65' lang='lat' dir='ltr'><strong>saltem</strong></span> <span class='ocrx_word' id='word_1_518' title='bbox 2587 3363 2862 3417; x_wconf 88' lang='lat' dir='ltr'><strong>decimum</strong></span> <span class='ocrx_word' id='word_1_519' title='bbox 2919 3365 3190 3432; x_wconf 87' lang='lat' dir='ltr'><strong>quintum.</strong></span> <span class='ocrx_word' id='word_1_520' title='bbox 3250 3363 3457 3419; x_wconf 84' lang='lat' dir='ltr'><strong>Ductus</strong></span> <span class='ocrx_word' id='word_1_521' title='bbox 3516 3381 3711 3435; x_wconf 84' lang='lat' dir='ltr'><strong>nempe</strong></span> 
     </span>
    </p>
   </div>
   <div class='ocr_carea' id='block_1_80' title="bbox 2131 3453 3707 3527">
    <p class='ocr_par' dir='ltr' id='par_1_80' title="bbox 2131 3453 3707 3527">
     <span class='ocr_line' id='line_1_80' title="bbox 2131 3453 3707 3527; baseline 0.001 -18"><span class='ocrx_word' id='word_1_522' title='bbox 2131 3463 2217 3509; x_wconf 76' lang='lat' dir='ltr'><strong>est</strong></span> <span class='ocrx_word' id='word_1_523' title='bbox 2253 3453 2313 3507; x_wconf 87' lang='lat' dir='ltr'><strong>S.</strong></span> <span class='ocrx_word' id='word_1_524' title='bbox 2365 3462 2592 3525; x_wconf 85' lang='lat' dir='ltr'><strong>martyr,</strong></span> <span class='ocrx_word' id='word_1_525' title='bbox 2637 3466 2691 3506; x_wconf 90' lang='lat' dir='ltr'><strong>nt</strong></span> <span class='ocrx_word' id='word_1_526' title='bbox 2728 3455 2927 3510; x_wconf 85' lang='lat' dir='ltr'><strong>dudum</strong></span> <span class='ocrx_word' id='word_1_527' title='bbox 2985 3457 3318 3520; x_wconf 84' lang='lat' dir='ltr'><strong>monuimus,</strong></span> <span class='ocrx_word' id='word_1_528' title='bbox 3373 3458 3430 3510; x_wconf 89' lang='lat' dir='ltr'><strong>in</strong></span> <span class='ocrx_word' id='word_1_529' title='bbox 3485 3457 3707 3527; x_wconf 84' lang='lat' dir='ltr'><strong>Trajani</strong></span> 
     </span>
    </p>
   </div>
   <div class='ocr_carea' id='block_1_81' title="bbox 2132 3543 3706 3615">
    <p class='ocr_par' dir='ltr' id='par_1_81' title="bbox 2132 3543 3706 3615">
     <span class='ocr_line' id='line_1_81' title="bbox 2132 3543 3706 3615; baseline 0.003 -16"><span class='ocrx_word' id='word_1_530' title='bbox 2132 3547 2413 3615; x_wconf 79' lang='lat' dir='ltr'><strong>ipsinsmct</strong></span> <span class='ocrx_word' id='word_1_531' title='bbox 2445 3556 2824 3615; x_wconf 75' lang='lat' dir='ltr'><strong>conSpertnm,</strong></span> <span class='ocrx_word' id='word_1_532' title='bbox 2853 3563 2976 3601; x_wconf 89' lang='lat' dir='ltr'><strong>cum</strong></span> <span class='ocrx_word' id='word_1_533' title='bbox 3039 3543 3281 3603; x_wconf 81' lang='lat' dir='ltr'><strong>venisset</strong></span> <span class='ocrx_word' id='word_1_534' title='bbox 3333 3551 3706 3614; x_wconf 77' lang='lat' dir='ltr'><strong>Antiochiam,</strong></span> 
     </span>
    </p>
   </div>
   <div class='ocr_carea' id='block_1_82' title="bbox 2131 3635 3706 3706">
    <p class='ocr_par' dir='ltr' id='par_1_82' title="bbox 2131 3635 3706 3706">
     <span class='ocr_line' id='line_1_82' title="bbox 2131 3635 3706 3706; baseline 0.004 -17"><span class='ocrx_word' id='word_1_535' title='bbox 2131 3651 2159 3689; x_wconf 73' lang='grc' dir='ltr'><strong>ει</strong></span> <span class='ocrx_word' id='word_1_536' title='bbox 2193 3653 2300 3703; x_wconf 81' lang='lat' dir='ltr'><strong>quo</strong></span> <span class='ocrx_word' id='word_1_537' title='bbox 2335 3639 2558 3690; x_wconf 73' lang='lat' dir='ltr'><strong>Ruinam</strong></span> <span class='ocrx_word' id='word_1_538' title='bbox 2593 3635 2782 3703; x_wconf 83' lang='lat' dir='ltr'><strong>jussus</strong></span> <span class='ocrx_word' id='word_1_539' title='bbox 2809 3647 2895 3691; x_wconf 92' lang='lat' dir='ltr'><strong>est</strong></span> <span class='ocrx_word' id='word_1_540' title='bbox 2963 3637 3085 3690; x_wconf 79' lang='lat' dir='ltr'><strong>duci</strong></span> <span class='ocrx_word' id='word_1_541' title='bbox 3151 3638 3282 3693; x_wconf 80' lang='lat' dir='ltr'><strong>feris</strong></span> <span class='ocrx_word' id='word_1_542' title='bbox 3340 3640 3706 3706; x_wconf 84' lang='lat' dir='ltr'><strong>objiciendus.</strong></span> 
     </span>
    </p>
   </div>
   <div class='ocr_carea' id='block_1_83' title="bbox 2129 3728 3707 3800">
    <p class='ocr_par' dir='ltr' id='par_1_83' title="bbox 2129 3728 3707 3800">
     <span class='ocr_line' id='line_1_83' title="bbox 2129 3728 3707 3800; baseline 0.001 -20"><span class='ocrx_word' id='word_1_543' title='bbox 2129 3729 2290 3798; x_wconf 83' lang='lat' dir='ltr'><strong>Atqui</strong></span> <span class='ocrx_word' id='word_1_544' title='bbox 2356 3744 2459 3780; x_wconf 91' lang='lat' dir='ltr'><strong>non</strong></span> <span class='ocrx_word' id='word_1_545' title='bbox 2492 3737 2616 3781; x_wconf 82' lang='lat' dir='ltr'><strong>ante</strong></span> <span class='ocrx_word' id='word_1_546' title='bbox 2641 3743 2770 3782; x_wconf 89' lang='lat' dir='ltr'><strong>ann.</strong></span> <span class='ocrx_word' id='word_1_547' title='bbox 2804 3728 3019 3797; x_wconf 89' lang='lat' dir='ltr'><strong>imperii</strong></span> <span class='ocrx_word' id='word_1_548' title='bbox 3078 3728 3348 3783; x_wconf 82' lang='lat' dir='ltr'><strong>decimum</strong></span> <span class='ocrx_word' id='word_1_549' title='bbox 3423 3741 3707 3800; x_wconf 84' lang='lat' dir='ltr'><strong>quartum,</strong></span> 
     </span>
    </p>
   </div>
   <div class='ocr_carea' id='block_1_84' title="bbox 2129 3821 3707 3889">
    <p class='ocr_par' dir='ltr' id='par_1_84' title="bbox 2129 3821 3707 3889">
     <span class='ocr_line' id='line_1_84' title="bbox 2129 3821 3707 3889; baseline 0 -13"><span class='ocrx_word' id='word_1_550' title='bbox 2129 3823 2244 3876; x_wconf 83' lang='lat' dir='ltr'><strong>sive</strong></span> <span class='ocrx_word' id='word_1_551' title='bbox 2279 3821 2517 3888; x_wconf 86' lang='lat' dir='ltr'><strong>vulgaris</strong></span> <span class='ocrx_word' id='word_1_552' title='bbox 2549 3836 2670 3874; x_wconf 64' lang='lat' dir='ltr'><strong>mra:</strong></span> <span class='ocrx_word' id='word_1_553' title='bbox 2701 3821 2824 3887; x_wconf 73' lang='lat' dir='ltr'><strong>H-l,</strong></span> <span class='ocrx_word' id='word_1_554' title='bbox 2883 3823 3159 3889; x_wconf 81' lang='lat' dir='ltr'><strong>profectus</strong></span> <span class='ocrx_word' id='word_1_555' title='bbox 3192 3834 3278 3877; x_wconf 89' lang='lat' dir='ltr'><strong>est</strong></span> <span class='ocrx_word' id='word_1_556' title='bbox 3315 3825 3367 3876; x_wconf 91' lang='lat' dir='ltr'><strong>in</strong></span> <span class='ocrx_word' id='word_1_557' title='bbox 3428 3823 3707 3880; x_wconf 89' lang='lat' dir='ltr'><strong>Orientem</strong></span> 
     </span>
    </p>
   </div>
   <div class='ocr_carea' id='block_1_85' title="bbox 2129 3913 3710 3982">
    <p class='ocr_par' dir='ltr' id='par_1_85' title="bbox 2129 3913 3710 3982">
     <span class='ocr_line' id='line_1_85' title="bbox 2129 3913 3710 3982; baseline 0.001 -15"><span class='ocrx_word' id='word_1_558' title='bbox 2129 3915 2428 3982; x_wconf 86' lang='lat' dir='ltr'><strong>imperator</strong></span> <span class='ocrx_word' id='word_1_559' title='bbox 2475 3932 2487 3966; x_wconf 90' lang='lat'>:</span> <span class='ocrx_word' id='word_1_560' title='bbox 2527 3914 2578 3966; x_wconf 92' lang='lat' dir='ltr'><strong>id</strong></span> <span class='ocrx_word' id='word_1_561' title='bbox 2632 3913 2772 3981; x_wconf 81' lang='lat' dir='ltr'><strong>quod</strong></span> <span class='ocrx_word' id='word_1_562' title='bbox 2832 3915 2996 3968; x_wconf 82' lang='lat' dir='ltr'><strong>certis</strong></span> <span class='ocrx_word' id='word_1_563' title='bbox 3063 3916 3401 3981; x_wconf 70' lang='lat' dir='ltr'><strong>argumentis</strong></span> <span class='ocrx_word' id='word_1_564' title='bbox 3460 3915 3710 3968; x_wconf 85' lang='lat' dir='ltr'><strong>Norisius</strong></span> 
     </span>
    </p>
   </div>
   <div class='ocr_carea' id='block_1_86' title="bbox 2129 3991 3710 4075">
    <p class='ocr_par' dir='ltr' id='par_1_86' title="bbox 2129 3991 3710 4075">
     <span class='ocr_line' id='line_1_86' title="bbox 2129 3991 3710 4075; baseline 0.001 -16"><span class='ocrx_word' id='word_1_565' title='bbox 2129 4014 2317 4059; x_wconf 87' lang='lat' dir='ltr'><strong>noster</strong></span> <span class='ocrx_word' id='word_1_566' title='bbox 2343 4006 2395 4058; x_wconf 90' lang='lat' dir='ltr'><strong>in</strong></span> <span class='ocrx_word' id='word_1_567' title='bbox 2430 3991 2605 4074; x_wconf 78' lang='lat' dir='ltr'><strong>Epist.</strong></span> <span class='ocrx_word' id='word_1_568' title='bbox 2638 4002 2950 4066; x_wconf 85' lang='lat' dir='ltr'><strong>Consulari.</strong></span> <span class='ocrx_word' id='word_1_569' title='bbox 2986 4014 3039 4059; x_wconf 87' lang='lat' dir='ltr'><strong>et</strong></span> <span class='ocrx_word' id='word_1_570' title='bbox 3095 4005 3292 4074; x_wconf 83' lang='lat' dir='ltr'><strong>Pagius</strong></span> <span class='ocrx_word' id='word_1_571' title='bbox 3322 4008 3436 4075; x_wconf 87' lang='lat' dir='ltr'><strong>ipse</strong></span> <span class='ocrx_word' id='word_1_572' title='bbox 3480 4017 3710 4060; x_wconf 83' lang='lat' dir='ltr'><strong>conten-</strong></span> 
     </span>
    </p>
   </div>
   <div class='ocr_carea' id='block_1_87' title="bbox 2128 4095 3698 4165">
    <p class='ocr_par' dir='ltr' id='par_1_87' title="bbox 2128 4095 3698 4165">
     <span class='ocr_line' id='line_1_87' title="bbox 2128 4095 3698 4165; baseline 0.001 -17"><span class='ocrx_word' id='word_1_573' title='bbox 2128 4096 2246 4149; x_wconf 88' lang='lat' dir='ltr'><strong>dit:</strong></span> <span class='ocrx_word' id='word_1_574' title='bbox 2289 4110 2462 4165; x_wconf 84' lang='lat' dir='ltr'><strong>neque</strong></span> <span class='ocrx_word' id='word_1_575' title='bbox 2485 4095 2827 4150; x_wconf 84' lang='lat' dir='ltr'><strong>Antiochiam</strong></span> <span class='ocrx_word' id='word_1_576' title='bbox 2867 4097 3016 4151; x_wconf 84' lang='lat' dir='ltr'><strong>venit</strong></span> <span class='ocrx_word' id='word_1_577' title='bbox 3071 4097 3173 4151; x_wconf 90' lang='lat' dir='ltr'><strong>nisi</strong></span> <span class='ocrx_word' id='word_1_578' title='bbox 3197 4098 3343 4159; x_wconf 83' lang='lat' dir='ltr'><strong>circa</strong></span> <span class='ocrx_word' id='word_1_579' title='bbox 3401 4097 3698 4154; x_wconf 85' lang='lat' dir='ltr'><strong>Octobrem</strong></span> 
     </span>
    </p>
   </div>
   <div class='ocr_carea' id='block_1_88' title="bbox 2127 4187 3702 4262">
    <p class='ocr_par' dir='ltr' id='par_1_88' title="bbox 2127 4187 3702 4262">
     <span class='ocr_line' id='line_1_88' title="bbox 2127 4187 3702 4262; baseline 0.004 -25"><span class='ocrx_word' id='word_1_580' title='bbox 2127 4187 2365 4255; x_wconf 85' lang='lat' dir='ltr'><strong>ejusdem</strong></span> <span class='ocrx_word' id='word_1_581' title='bbox 2396 4187 2542 4240; x_wconf 87' lang='lat' dir='ltr'><strong>anni.</strong></span> <span class='ocrx_word' id='word_1_582' title='bbox 2579 4187 2823 4256; x_wconf 82' lang='lat' dir='ltr'><strong>lgnatius</strong></span> <span class='ocrx_word' id='word_1_583' title='bbox 2850 4187 3058 4254; x_wconf 63' lang='lat' dir='ltr'><strong>Romae,</strong></span> <span class='ocrx_word' id='word_1_584' title='bbox 3101 4188 3248 4258; x_wconf 87' lang='lat' dir='ltr'><strong>quod</strong></span> <span class='ocrx_word' id='word_1_585' title='bbox 3275 4192 3398 4260; x_wconf 88' lang='lat' dir='ltr'><strong>ejus</strong></span> <span class='ocrx_word' id='word_1_586' title='bbox 3451 4192 3702 4262; x_wconf 79' lang='lat' dir='ltr'><strong>martyrii</strong></span> 
     </span>
    </p>
   </div>
   <div class='ocr_carea' id='block_1_89' title="bbox 2127 4280 3710 4347">
    <p class='ocr_par' dir='ltr' id='par_1_89' title="bbox 2127 4280 3710 4347">
     <span class='ocr_line' id='line_1_89' title="bbox 2127 4280 3710 4347; baseline 0.004 -14"><span class='ocrx_word' id='word_1_587' title='bbox 2127 4291 2244 4333; x_wconf 86' lang='lat' dir='ltr'><strong>acta</strong></span> <span class='ocrx_word' id='word_1_588' title='bbox 2297 4288 2587 4343; x_wconf 88' lang='lat' dir='ltr'><strong>testantur,</strong></span> <span class='ocrx_word' id='word_1_589' title='bbox 2636 4294 2832 4347; x_wconf 84' lang='lat' dir='ltr'><strong>passus</strong></span> <span class='ocrx_word' id='word_1_590' title='bbox 2871 4291 2955 4334; x_wconf 87' lang='lat' dir='ltr'><strong>est</strong></span> <span class='ocrx_word' id='word_1_591' title='bbox 3016 4280 3243 4338; x_wconf 85' lang='lat' dir='ltr'><strong>Kalend.</strong></span> <span class='ocrx_word' id='word_1_592' title='bbox 3293 4283 3456 4339; x_wconf 81' lang='lat' dir='ltr'><strong>Febr.</strong></span> <span class='ocrx_word' id='word_1_593' title='bbox 3514 4285 3710 4339; x_wconf 84' lang='lat' dir='ltr'><strong>subse-</strong></span> 
     </span>
    </p>
   </div>
   <div class='ocr_carea' id='block_1_90' title="bbox 2127 4373 3708 4448">
    <p class='ocr_par' dir='ltr' id='par_1_90' title="bbox 2127 4373 3708 4448">
     <span class='ocr_line' id='line_1_90' title="bbox 2127 4373 3708 4448; baseline 0.004 -24"><span class='ocrx_word' id='word_1_594' title='bbox 2127 4373 2345 4441; x_wconf 89' lang='lat' dir='ltr'><strong>quentis</strong></span> <span class='ocrx_word' id='word_1_595' title='bbox 2379 4373 2570 4440; x_wconf 87' lang='lat' dir='ltr'><strong>utique</strong></span> <span class='ocrx_word' id='word_1_596' title='bbox 2603 4374 2731 4428; x_wconf 90' lang='lat' dir='ltr'><strong>anni</strong></span> <span class='ocrx_word' id='word_1_597' title='bbox 2769 4390 2784 4437; x_wconf 85' lang='lat'><strong>;</strong></span> <span class='ocrx_word' id='word_1_598' title='bbox 2818 4389 2996 4443; x_wconf 88' lang='lat' dir='ltr'><strong>neque</strong></span> <span class='ocrx_word' id='word_1_599' title='bbox 3027 4376 3170 4429; x_wconf 88' lang='lat' dir='ltr'><strong>enim</strong></span> <span class='ocrx_word' id='word_1_600' title='bbox 3202 4377 3416 4445; x_wconf 81' lang='lat' dir='ltr'><strong>longius</strong></span> <span class='ocrx_word' id='word_1_601' title='bbox 3448 4379 3708 4448; x_wconf 77' lang='lat' dir='ltr'><strong>temporis</strong></span> 
     </span>
    </p>
   </div>
   <div class='ocr_carea' id='block_1_91' title="bbox 445 4466 3706 4543">
    <p class='ocr_par' dir='ltr' id='par_1_91' title="bbox 445 4466 3706 4543">
     <span class='ocr_line' id='line_1_91' title="bbox 445 4466 3706 4543; baseline 0 -19"><span class='ocrx_word' id='word_1_602' title='bbox 445 4475 723 4532; x_wconf 86' lang='lat' dir='ltr'><strong>observat,</strong></span> <span class='ocrx_word' id='word_1_603' title='bbox 759 4471 928 4524; x_wconf 83' lang='lat' dir='ltr'><strong>fuisse</strong></span> <span class='ocrx_word' id='word_1_604' title='bbox 985 4485 1104 4524; x_wconf 90' lang='lat' dir='ltr'><strong>eam</strong></span> <span class='ocrx_word' id='word_1_605' title='bbox 1161 4471 1434 4525; x_wconf 90' lang='lat' dir='ltr'><strong>civitatem</strong></span> <span class='ocrx_word' id='word_1_606' title='bbox 1497 4471 1743 4525; x_wconf 84' lang='lat' dir='ltr'><strong>Romano</strong></span> <span class='ocrx_word' id='word_1_607' title='bbox 1790 4470 2020 4539; x_wconf 87' lang='lat' dir='ltr'><strong>imperio</strong></span> <span class='ocrx_word' id='word_1_608' title='bbox 2053 4489 2095 4543; x_wconf 80' lang='grc' dir='ltr'><strong>ι)</strong></span> <span class='ocrx_word' id='word_1_609' title='bbox 2128 4466 2471 4522; x_wconf 83' lang='lat' dir='ltr'><strong>intervallum</strong></span> <span class='ocrx_word' id='word_1_610' title='bbox 2504 4467 2762 4520; x_wconf 85' lang='lat' dir='ltr'><strong>damnato</strong></span> <span class='ocrx_word' id='word_1_611' title='bbox 2780 4467 2846 4519; x_wconf 88' lang='lat' dir='ltr'><strong>ad</strong></span> <span class='ocrx_word' id='word_1_612' title='bbox 2883 4469 3085 4522; x_wconf 87' lang='lat' dir='ltr'><strong>bestias</strong></span> <span class='ocrx_word' id='word_1_613' title='bbox 3112 4467 3319 4522; x_wconf 90' lang='lat' dir='ltr'><strong>homini</strong></span> <span class='ocrx_word' id='word_1_614' title='bbox 3353 4485 3706 4532; x_wconf 86' lang='lat' dir='ltr'><strong>concessum.</strong></span> 
     </span>
    </p>
   </div>
   <div class='ocr_carea' id='block_1_92' title="bbox 446 4558 2020 4627">
    <p class='ocr_par' dir='ltr' id='par_1_92' title="bbox 446 4558 2020 4627">
     <span class='ocr_line' id='line_1_92' title="bbox 446 4558 2020 4627; baseline 0.003 -17"><span class='ocrx_word' id='word_1_615' title='bbox 446 4573 544 4626; x_wconf 88' lang='lat' dir='ltr'><strong>per</strong></span> <span class='ocrx_word' id='word_1_616' title='bbox 575 4558 869 4627; x_wconf 88' lang='lat' dir='ltr'><strong>Trajanum</strong></span> <span class='ocrx_word' id='word_1_617' title='bbox 909 4560 1198 4627; x_wconf 88' lang='lat' dir='ltr'><strong>adjectam,</strong></span> <span class='ocrx_word' id='word_1_618' title='bbox 1234 4569 1287 4614; x_wconf 86' lang='lat' dir='ltr'><strong>et</strong></span> <span class='ocrx_word' id='word_1_619' title='bbox 1328 4575 1358 4613; x_wconf 91' lang='lat' dir='ltr'><strong>a</strong></span> <span class='ocrx_word' id='word_1_620' title='bbox 1393 4559 1688 4615; x_wconf 71' lang='lat' dir='ltr'><strong>Ptolemaeo</strong></span> <span class='ocrx_word' id='word_1_621' title='bbox 1717 4562 1857 4615; x_wconf 88' lang='lat' dir='ltr'><strong>inter</strong></span> <span class='ocrx_word' id='word_1_622' title='bbox 1886 4562 2020 4614; x_wconf 85' lang='lat' dir='ltr'><strong>Ara-</strong></span> 
     </span>
    </p>
   </div>
   <div class='ocr_carea' id='block_1_93' title="bbox 397 4637 2020 4720">
    <p class='ocr_par' dir='ltr' id='par_1_93' title="bbox 397 4637 2020 4720">
     <span class='ocr_line' id='line_1_93' title="bbox 397 4637 2020 4720; baseline 0.001 -17"><span class='ocrx_word' id='word_1_623' title='bbox 397 4692 402 4696; x_wconf 87' lang='lat'><strong>.</strong></span> <span class='ocrx_word' id='word_1_624' title='bbox 444 4649 548 4704; x_wconf 66' lang='lat' dir='ltr'><strong>hiat</strong></span> <span class='ocrx_word' id='word_1_625' title='bbox 580 4651 776 4718; x_wconf 83' lang='lat' dir='ltr'><strong>oppida</strong></span> <span class='ocrx_word' id='word_1_626' title='bbox 801 4637 1094 4704; x_wconf 83' lang='lat' dir='ltr'><strong>recenseri.</strong></span> <span class='ocrx_word' id='word_1_627' title='bbox 1123 4649 1494 4705; x_wconf 86' lang='lat' dir='ltr'><strong>Nihilosccius</strong></span> <span class='ocrx_word' id='word_1_628' title='bbox 1525 4651 1582 4704; x_wconf 91' lang='lat' dir='ltr'><strong>in</strong></span> <span class='ocrx_word' id='word_1_629' title='bbox 1618 4649 1775 4706; x_wconf 85' lang='lat' dir='ltr'><strong>Notis</strong></span> <span class='ocrx_word' id='word_1_630' title='bbox 1833 4661 2020 4720; x_wconf 86' lang='lat' dir='ltr'><strong>poste-</strong></span> 
     </span>
    </p>
   </div>
   <div class='ocr_carea' id='block_1_94' title="bbox 444 4741 2018 4814">
    <p class='ocr_par' dir='ltr' id='par_1_94' title="bbox 444 4741 2018 4814">
     <span class='ocr_line' id='line_1_94' title="bbox 444 4741 2018 4814; baseline 0.003 -18"><span class='ocrx_word' id='word_1_631' title='bbox 444 4741 684 4796; x_wconf 88' lang='lat' dir='ltr'><strong>rioribus</strong></span> <span class='ocrx_word' id='word_1_632' title='bbox 716 4742 929 4796; x_wconf 89' lang='lat' dir='ltr'><strong>consuli</strong></span> <span class='ocrx_word' id='word_1_633' title='bbox 956 4741 1108 4811; x_wconf 90' lang='lat' dir='ltr'><strong>jubet</strong></span> <span class='ocrx_word' id='word_1_634' title='bbox 1166 4743 1233 4796; x_wconf 88' lang='lat' dir='ltr'><strong>de</strong></span> <span class='ocrx_word' id='word_1_635' title='bbox 1286 4742 1610 4813; x_wconf 81' lang='lat' dir='ltr'><strong>Bosporanis</strong></span> <span class='ocrx_word' id='word_1_636' title='bbox 1663 4744 1924 4814; x_wconf 77' lang='lat' dir='ltr'><strong>regibus,!</strong></span> <span class='ocrx_word' id='word_1_637' title='bbox 1965 4755 2018 4800; x_wconf 90' lang='lat' dir='ltr'><strong>et</strong></span> 
     </span>
    </p>
   </div>
   <div class='ocr_carea' id='block_1_95' title="bbox 439 4834 2016 4904">
    <p class='ocr_par' dir='ltr' id='par_1_95' title="bbox 439 4834 2016 4904">
     <span class='ocr_line' id='line_1_95' title="bbox 439 4834 2016 4904; baseline 0.001 -15"><span class='ocrx_word' id='word_1_638' title='bbox 439 4835 558 4904; x_wconf 86' lang='lat' dir='ltr'><strong>ejus</strong></span> <span class='ocrx_word' id='word_1_639' title='bbox 590 4836 801 4904; x_wconf 90' lang='lat' dir='ltr'><strong>imperii</strong></span> <span class='ocrx_word' id='word_1_640' title='bbox 833 4835 1131 4904; x_wconf 79' lang='grc' dir='ltr'><strong>διαδοχαῖς,</strong></span> <span class='ocrx_word' id='word_1_641' title='bbox 1153 4834 1324 4889; x_wconf 87' lang='lat' dir='ltr'><strong>Isaac.</strong></span> <span class='ocrx_word' id='word_1_642' title='bbox 1359 4835 1743 4890; x_wconf 90' lang='lat' dir='ltr'><strong>Casaubonum</strong></span> <span class='ocrx_word' id='word_1_643' title='bbox 1773 4836 1836 4890; x_wconf 90' lang='lat' dir='ltr'><strong>ad</strong></span> <span class='ocrx_word' id='word_1_644' title='bbox 1862 4836 2016 4891; x_wconf 89' lang='lat' dir='ltr'><strong>Stra-</strong></span> 
     </span>
    </p>
   </div>
   <div class='ocr_carea' id='block_1_96' title="bbox 443 4925 2015 4997">
    <p class='ocr_par' dir='ltr' id='par_1_96' title="bbox 443 4925 2015 4997">
     <span class='ocr_line' id='line_1_96' title="bbox 443 4925 2015 4997; baseline 0.001 -16"><span class='ocrx_word' id='word_1_645' title='bbox 443 4928 613 4981; x_wconf 90' lang='lat' dir='ltr'><strong>bonis</strong></span> <span class='ocrx_word' id='word_1_646' title='bbox 671 4928 766 4981; x_wconf 92' lang='lat' dir='ltr'><strong>lib.</strong></span> <span class='ocrx_word' id='word_1_647' title='bbox 802 4943 899 4989; x_wconf 87' lang='lat' dir='ltr'><strong>vtt.</strong></span> <span class='ocrx_word' id='word_1_648' title='bbox 951 4937 1004 4982; x_wconf 91' lang='lat' dir='ltr'><strong>ct</strong></span> <span class='ocrx_word' id='word_1_649' title='bbox 1030 4928 1095 4980; x_wconf 87' lang='lat' dir='ltr'><strong>ad</strong></span> <span class='ocrx_word' id='word_1_650' title='bbox 1137 4925 1323 4982; x_wconf 56' lang='lat' dir='ltr'><strong>[Encas</strong></span> <span class='ocrx_word' id='word_1_651' title='bbox 1371 4925 1551 4982; x_wconf 85' lang='lat' dir='ltr'><strong>Taciti</strong></span> <span class='ocrx_word' id='word_1_652' title='bbox 1605 4942 1728 4997; x_wconf 88' lang='lat' dir='ltr'><strong>cap.</strong></span> <span class='ocrx_word' id='word_1_653' title='bbox 1789 4927 1843 4982; x_wconf 84' lang='lat'><strong>5.</strong></span> <span class='ocrx_word' id='word_1_654' title='bbox 1882 4927 2015 4983; x_wconf 86' lang='lat' dir='ltr'><strong>Bre-</strong></span> 
     </span>
    </p>
   </div>
   <div class='ocr_carea' id='block_1_97' title="bbox 441 5015 2015 5087">
    <p class='ocr_par' dir='ltr' id='par_1_97' title="bbox 441 5015 2015 5087">
     <span class='ocr_line' id='line_1_97' title="bbox 441 5015 2015 5087; baseline 0 -15"><span class='ocrx_word' id='word_1_655' title='bbox 441 5018 677 5072; x_wconf 87' lang='lat' dir='ltr'><strong>viarium</strong></span> <span class='ocrx_word' id='word_1_656' title='bbox 717 5015 836 5069; x_wconf 85' lang='lat' dir='ltr'><strong>Rnti</strong></span> <span class='ocrx_word' id='word_1_657' title='bbox 875 5015 1050 5078; x_wconf 81' lang='lat' dir='ltr'><strong>Festi.</strong></span> <span class='ocrx_word' id='word_1_658' title='bbox 1084 5033 1205 5087; x_wconf 86' lang='lat' dir='ltr'><strong>cap.</strong></span> <span class='ocrx_word' id='word_1_659' title='bbox 1245 5016 1310 5070; x_wconf 86' lang='lat' dir='ltr'><strong>l6</strong></span> <span class='ocrx_word' id='word_1_660' title='bbox 1344 5034 1358 5069; x_wconf 91' lang='lat'><strong>:</strong></span> <span class='ocrx_word' id='word_1_661' title='bbox 1392 5016 1542 5072; x_wconf 81' lang='lat' dir='ltr'><strong>Idem</strong></span> <span class='ocrx_word' id='word_1_662' title='bbox 1572 5016 1850 5086; x_wconf 77' lang='lat' dir='ltr'><strong>Pompeius</strong></span> <span class='ocrx_word' id='word_1_663' title='bbox 1885 5018 2015 5073; x_wconf 82' lang='lat' dir='ltr'><strong>Bos-</strong></span> 
     </span>
    </p>
   </div>
   <div class='ocr_carea' id='block_1_98' title="bbox 435 5110 2012 5182">
    <p class='ocr_par' dir='ltr' id='par_1_98' title="bbox 435 5110 2012 5182">
     <span class='ocr_line' id='line_1_98' title="bbox 435 5110 2012 5182; baseline 0.001 -18"><span class='ocrx_word' id='word_1_664' title='bbox 435 5113 652 5180; x_wconf 80' lang='lat' dir='ltr'><strong>poranis</strong></span> <span class='ocrx_word' id='word_1_665' title='bbox 684 5121 730 5165; x_wconf 88' lang='lat' dir='ltr'><strong>et</strong></span> <span class='ocrx_word' id='word_1_666' title='bbox 768 5111 973 5165; x_wconf 75' lang='lat' dir='ltr'><strong>Colchis</strong></span> <span class='ocrx_word' id='word_1_667' title='bbox 1020 5110 1385 5165; x_wconf 80' lang='lat' dir='ltr'><strong>Aristarchum</strong></span> <span class='ocrx_word' id='word_1_668' title='bbox 1431 5127 1604 5182; x_wconf 84' lang='lat' dir='ltr'><strong>regem</strong></span> <span class='ocrx_word' id='word_1_669' title='bbox 1647 5113 1839 5179; x_wconf 77' lang='lat' dir='ltr'><strong>posuit.</strong></span> <span class='ocrx_word' id='word_1_670' title='bbox 1900 5112 2012 5165; x_wconf 81' lang='lat' dir='ltr'><strong>Me-</strong></span> 
     </span>
    </p>
   </div>
   <div class='ocr_carea' id='block_1_99' title="bbox 437 5202 2011 5273">
    <p class='ocr_par' dir='ltr' id='par_1_99' title="bbox 437 5202 2011 5273">
     <span class='ocr_line' id='line_1_99' title="bbox 437 5202 2011 5273; baseline 0.001 -17"><span class='ocrx_word' id='word_1_671' title='bbox 437 5206 594 5258; x_wconf 74' lang='lat' dir='ltr'><strong>minit</strong></span> <span class='ocrx_word' id='word_1_672' title='bbox 632 5205 1059 5271; x_wconf 82' lang='lat' dir='ltr'><strong>Bosporanorum</strong></span> <span class='ocrx_word' id='word_1_673' title='bbox 1124 5212 1317 5272; x_wconf 62' lang='lat' dir='ltr'><strong>praeter</strong></span> <span class='ocrx_word' id='word_1_674' title='bbox 1374 5203 1649 5269; x_wconf 89' lang='lat' dir='ltr'><strong>laudatos,</strong></span> <span class='ocrx_word' id='word_1_675' title='bbox 1713 5202 2011 5273; x_wconf 84' lang='lat' dir='ltr'><strong>Eutropius</strong></span> 
     </span>
    </p>
   </div>
   <div class='ocr_carea' id='block_1_100' title="bbox 436 5292 2008 5366">
    <p class='ocr_par' dir='ltr' id='par_1_100' title="bbox 436 5292 2008 5366">
     <span class='ocr_line' id='line_1_100' title="bbox 436 5292 2008 5366; baseline 0.002 -19"><span class='ocrx_word' id='word_1_676' title='bbox 436 5299 524 5350; x_wconf 76' lang='lat' dir='ltr'><strong>lib.</strong></span> <span class='ocrx_word' id='word_1_677' title='bbox 567 5313 646 5364; x_wconf 84' lang='lat' dir='ltr'><strong>vi,</strong></span> <span class='ocrx_word' id='word_1_678' title='bbox 691 5311 808 5366; x_wconf 80' lang='lat' dir='ltr'><strong>cap.</strong></span> <span class='ocrx_word' id='word_1_679' title='bbox 841 5295 929 5360; x_wconf 80' lang='lat' dir='ltr'><strong>ll,</strong></span> <span class='ocrx_word' id='word_1_680' title='bbox 964 5303 1019 5348; x_wconf 83' lang='lat' dir='ltr'><strong>et</strong></span> <span class='ocrx_word' id='word_1_681' title='bbox 1043 5292 1139 5350; x_wconf 91' lang='lat' dir='ltr'><strong>Dio</strong></span> <span class='ocrx_word' id='word_1_682' title='bbox 1194 5295 1412 5350; x_wconf 82' lang='lat' dir='ltr'><strong>Cassius</strong></span> <span class='ocrx_word' id='word_1_683' title='bbox 1473 5295 1568 5349; x_wconf 90' lang='lat' dir='ltr'><strong>lib.</strong></span> <span class='ocrx_word' id='word_1_684' title='bbox 1621 5309 1830 5360; x_wconf 76' lang='lat' dir='ltr'><strong>xxxv”,</strong></span> <span class='ocrx_word' id='word_1_685' title='bbox 1882 5310 2008 5364; x_wconf 82' lang='lat' dir='ltr'><strong>pag.</strong></span> 
     </span>
    </p>
   </div>
   <div class='ocr_carea' id='block_1_101' title="bbox 431 5385 2004 5455">
    <p class='ocr_par' dir='ltr' id='par_1_101' title="bbox 431 5385 2004 5455">
     <span class='ocr_line' id='line_1_101' title="bbox 431 5385 2004 5455; baseline 0.001 -16"><span class='ocrx_word' id='word_1_686' title='bbox 431 5387 518 5441; x_wconf 74' lang='lat'><strong>36.</strong></span> <span class='ocrx_word' id='word_1_687' title='bbox 555 5386 843 5455; x_wconf 76' lang='lat' dir='ltr'><strong>Reliquum</strong></span> <span class='ocrx_word' id='word_1_688' title='bbox 881 5395 1091 5440; x_wconf 79' lang='lat' dir='ltr'><strong>textum</strong></span> <span class='ocrx_word' id='word_1_689' title='bbox 1138 5386 1282 5454; x_wconf 90' lang='lat' dir='ltr'><strong>quod</strong></span> <span class='ocrx_word' id='word_1_690' title='bbox 1335 5393 1569 5455; x_wconf 72' lang='lat' dir='ltr'><strong>spectat,</strong></span> <span class='ocrx_word' id='word_1_691' title='bbox 1629 5386 1680 5440; x_wconf 92' lang='lat' dir='ltr'><strong>in</strong></span> <span class='ocrx_word' id='word_1_692' title='bbox 1724 5385 2004 5441; x_wconf 82' lang='lat' dir='ltr'><strong>Parmensi</strong></span> 
     </span>
    </p>
   </div>
   <div class='ocr_carea' id='block_1_102' title="bbox 433 5475 2026 5548">
    <p class='ocr_par' dir='ltr' id='par_1_102' title="bbox 433 5475 2026 5548">
     <span class='ocr_line' id='line_1_102' title="bbox 433 5475 2026 5548; baseline 0.003 -19"><span class='ocrx_word' id='word_1_693' title='bbox 433 5493 537 5544; x_wconf 70' lang='lat' dir='ltr'><strong>ms.</strong></span> <span class='ocrx_word' id='word_1_694' title='bbox 573 5487 625 5530; x_wconf 83' lang='lat' dir='ltr'><strong>et</strong></span> <span class='ocrx_word' id='word_1_695' title='bbox 713 5475 921 5546; x_wconf 90' lang='lat' dir='ltr'><strong>prldem</strong></span> <span class='ocrx_word' id='word_1_696' title='bbox 980 5477 1124 5545; x_wconf 84' lang='lat' dir='ltr'><strong>apud</strong></span> <span class='ocrx_word' id='word_1_697' title='bbox 1186 5477 1504 5544; x_wconf 82' lang='lat' dir='ltr'><strong>Pontacum,</strong></span> <span class='ocrx_word' id='word_1_698' title='bbox 1570 5486 1624 5533; x_wconf 88' lang='lat' dir='ltr'><strong>et</strong></span> <span class='ocrx_word' id='word_1_699' title='bbox 1683 5478 2026 5548; x_wconf 71' lang='lat' dir='ltr'><strong>vetustiores</strong></span> 
     </span>
    </p>
   </div>
   <div class='ocr_carea' id='block_1_103' title="bbox 429 5567 2007 5635">
    <p class='ocr_par' dir='ltr' id='par_1_103' title="bbox 429 5567 2007 5635">
     <span class='ocr_line' id='line_1_103' title="bbox 429 5567 2007 5635; baseline 0 -13"><span class='ocrx_word' id='word_1_700' title='bbox 429 5568 716 5634; x_wconf 84' lang='lat' dir='ltr'><strong>editiones,</strong></span> <span class='ocrx_word' id='word_1_701' title='bbox 753 5579 890 5634; x_wconf 88' lang='lat' dir='ltr'><strong>erat,</strong></span> <span class='ocrx_word' id='word_1_702' title='bbox 935 5578 982 5621; x_wconf 85' lang='lat' dir='ltr'><strong>et</strong></span> <span class='ocrx_word' id='word_1_703' title='bbox 1014 5569 1181 5621; x_wconf 84' lang='lat' dir='ltr'><strong>tenuit</strong></span> <span class='ocrx_word' id='word_1_704' title='bbox 1214 5569 1272 5621; x_wconf 82' lang='lat' dir='ltr'><strong>in</strong></span> <span class='ocrx_word' id='word_1_705' title='bbox 1301 5571 1436 5621; x_wconf 84' lang='lat' dir='ltr'><strong>mari</strong></span> <span class='ocrx_word' id='word_1_706' title='bbox 1466 5567 1644 5623; x_wconf 79' lang='lat' dir='ltr'><strong>Rubro</strong></span> <span class='ocrx_word' id='word_1_707' title='bbox 1669 5570 1911 5635; x_wconf 81' lang='lat' dir='ltr'><strong>classem,</strong></span> <span class='ocrx_word' id='word_1_708' title='bbox 1957 5583 2007 5622; x_wconf 84' lang='lat' dir='ltr'><strong>et</strong></span> 
     </span>
    </p>
   </div>
   <div class='ocr_carea' id='block_1_104' title="bbox 430 5659 2006 5730">
    <p class='ocr_par' dir='ltr' id='par_1_104' title="bbox 430 5659 2006 5730">
     <span class='ocr_line' id='line_1_104' title="bbox 430 5659 2006 5730; baseline 0.004 -20"><span class='ocrx_word' id='word_1_709' title='bbox 430 5660 681 5725; x_wconf 71' lang='lat' dir='ltr'><strong>instituit,</strong></span> <span class='ocrx_word' id='word_1_710' title='bbox 747 5668 803 5711; x_wconf 85' lang='lat' dir='ltr'><strong>ut</strong></span> <span class='ocrx_word' id='word_1_711' title='bbox 842 5677 934 5728; x_wconf 82' lang='lat' dir='ltr'><strong>per</strong></span> <span class='ocrx_word' id='word_1_712' title='bbox 993 5676 1130 5726; x_wconf 80' lang='lat' dir='ltr'><strong>eant,</strong></span> <span class='ocrx_word' id='word_1_713' title='bbox 1158 5672 1264 5715; x_wconf 88' lang='lat' dir='ltr'><strong>etc.</strong></span> <span class='ocrx_word' id='word_1_714' title='bbox 1338 5659 1535 5715; x_wconf 82' lang='lat' dir='ltr'><strong>Notatu</strong></span> <span class='ocrx_word' id='word_1_715' title='bbox 1571 5662 1793 5730; x_wconf 84' lang='lat' dir='ltr'><strong>dignum</strong></span> <span class='ocrx_word' id='word_1_716' title='bbox 1855 5677 2006 5717; x_wconf 80' lang='lat' dir='ltr'><strong>mare</strong></span> 
     </span>
    </p>
   </div>
   <div class='ocr_carea' id='block_1_105' title="bbox 434 5750 1998 5824">
    <p class='ocr_par' dir='ltr' id='par_1_105' title="bbox 434 5750 1998 5824">
     <span class='ocr_line' id='line_1_105' title="bbox 434 5750 1998 5824; baseline 0.004 -21"><span class='ocrx_word' id='word_1_717' title='bbox 434 5750 680 5805; x_wconf 67' lang='lat' dir='ltr'><strong>Rubrum</strong></span> <span class='ocrx_word' id='word_1_718' title='bbox 713 5753 808 5808; x_wconf 86' lang='lat' dir='ltr'><strong>hic</strong></span> <span class='ocrx_word' id='word_1_719' title='bbox 843 5753 1024 5808; x_wconf 80' lang='lat' dir='ltr'><strong>sinum</strong></span> <span class='ocrx_word' id='word_1_720' title='bbox 1065 5754 1341 5809; x_wconf 78' lang='lat' dir='ltr'><strong>Persicum</strong></span> <span class='ocrx_word' id='word_1_721' title='bbox 1378 5754 1507 5816; x_wconf 81' lang='lat' dir='ltr'><strong>dici,</strong></span> <span class='ocrx_word' id='word_1_722' title='bbox 1547 5770 1647 5824; x_wconf 86' lang='lat' dir='ltr'><strong>qua</strong></span> <span class='ocrx_word' id='word_1_723' title='bbox 1683 5755 1746 5810; x_wconf 87' lang='lat' dir='ltr'><strong>dc</strong></span> <span class='ocrx_word' id='word_1_724' title='bbox 1779 5771 1835 5809; x_wconf 91' lang='lat' dir='ltr'><strong>re</strong></span> <span class='ocrx_word' id='word_1_725' title='bbox 1875 5755 1998 5810; x_wconf 86' lang='lat' dir='ltr'><strong>vide</strong></span> 
     </span>
    </p>
   </div>
   <div class='ocr_carea' id='block_1_106' title="bbox 2131 4559 3704 4631">
    <p class='ocr_par' dir='ltr' id='par_1_106' title="bbox 2131 4559 3704 4631">
     <span class='ocr_line' id='line_1_106' title="bbox 2131 4559 3704 4631; baseline 0.005 -22"><span class='ocrx_word' id='word_1_726' title='bbox 2131 4574 2227 4627; x_wconf 86' lang='lat' dir='ltr'><strong>par</strong></span> <span class='ocrx_word' id='word_1_727' title='bbox 2258 4559 2482 4614; x_wconf 89' lang='lat' dir='ltr'><strong>credere</strong></span> <span class='ocrx_word' id='word_1_728' title='bbox 2517 4570 2599 4613; x_wconf 84' lang='lat' dir='ltr'><strong>est</strong></span> <span class='ocrx_word' id='word_1_729' title='bbox 2631 4574 2649 4612; x_wconf 88' lang='lat'>:</span> <span class='ocrx_word' id='word_1_730' title='bbox 2676 4559 2810 4613; x_wconf 88' lang='lat' dir='ltr'><strong>illud</strong></span> <span class='ocrx_word' id='word_1_731' title='bbox 2839 4576 2968 4615; x_wconf 83' lang='lat' dir='ltr'><strong>vero</strong></span> <span class='ocrx_word' id='word_1_732' title='bbox 3003 4563 3292 4615; x_wconf 78' lang='lat' dir='ltr'><strong>maximam</strong></span> <span class='ocrx_word' id='word_1_733' title='bbox 3328 4573 3538 4631; x_wconf 78' lang='lat' dir='ltr'><strong>partem</strong></span> <span class='ocrx_word' id='word_1_734' title='bbox 3570 4565 3704 4617; x_wconf 82' lang='lat' dir='ltr'><strong>mari</strong></span> 
     </span>
    </p>
   </div>
   <div class='ocr_carea' id='block_1_107' title="bbox 2129 4636 3705 4725">
    <p class='ocr_par' dir='ltr' id='par_1_107' title="bbox 2129 4636 3705 4725">
     <span class='ocr_line' id='line_1_107' title="bbox 2129 4636 3705 4725; baseline 0.004 -19"><span class='ocrx_word' id='word_1_735' title='bbox 2129 4652 2416 4708; x_wconf 83' lang='lat' dir='ltr'><strong>Antiochia</strong></span> <span class='ocrx_word' id='word_1_736' title='bbox 2495 4636 2721 4706; x_wconf 72' lang='lat' dir='ltr'><strong>Romam</strong></span> <span class='ocrx_word' id='word_1_737' title='bbox 2801 4654 3225 4710; x_wconf 87' lang='lat' dir='ltr'><strong>transmittendo</strong></span> <span class='ocrx_word' id='word_1_738' title='bbox 3307 4656 3648 4725; x_wconf 79' lang='lat' dir='ltr'><strong>inSuntptum</strong></span> <span class='ocrx_word' id='word_1_739' title='bbox 3690 4699 3705 4713; x_wconf 95' lang='lat'><strong>.</strong></span> 
     </span>
    </p>
   </div>
   <div class='ocr_carea' id='block_1_108' title="bbox 2130 4740 3705 4812">
    <p class='ocr_par' dir='ltr' id='par_1_108' title="bbox 2130 4740 3705 4812">
     <span class='ocr_line' id='line_1_108' title="bbox 2130 4740 3705 4812; baseline 0.004 -18"><span class='ocrx_word' id='word_1_740' title='bbox 2130 4740 2256 4796; x_wconf 67' lang='lat' dir='ltr'><strong>llaec</strong></span> <span class='ocrx_word' id='word_1_741' title='bbox 2297 4759 2433 4798; x_wconf 87' lang='lat' dir='ltr'><strong>sane</strong></span> <span class='ocrx_word' id='word_1_742' title='bbox 2490 4743 2712 4812; x_wconf 84' lang='lat' dir='ltr'><strong>propior</strong></span> <span class='ocrx_word' id='word_1_743' title='bbox 2735 4742 2798 4795; x_wconf 88' lang='lat' dir='ltr'><strong>ad</strong></span> <span class='ocrx_word' id='word_1_744' title='bbox 2829 4759 3016 4797; x_wconf 83' lang='lat' dir='ltr'><strong>verum</strong></span> <span class='ocrx_word' id='word_1_745' title='bbox 3057 4745 3175 4799; x_wconf 87' lang='lat' dir='ltr'><strong>visa</strong></span> <span class='ocrx_word' id='word_1_746' title='bbox 3211 4745 3350 4800; x_wconf 88' lang='lat' dir='ltr'><strong>ratio</strong></span> <span class='ocrx_word' id='word_1_747' title='bbox 3383 4757 3505 4801; x_wconf 87' lang='lat' dir='ltr'><strong>est:</strong></span> <span class='ocrx_word' id='word_1_748' title='bbox 3539 4748 3630 4802; x_wconf 85' lang='lat' dir='ltr'><strong>alii</strong></span> <span class='ocrx_word' id='word_1_749' title='bbox 3655 4749 3705 4800; x_wconf 90' lang='lat' dir='ltr'><strong>in</strong></span> 
     </span>
    </p>
   </div>
   <div class='ocr_carea' id='block_1_109' title="bbox 2125 4833 3707 4908">
    <p class='ocr_par' dir='ltr' id='par_1_109' title="bbox 2125 4833 3707 4908">
     <span class='ocr_line' id='line_1_109' title="bbox 2125 4833 3707 4908; baseline 0.002 -19"><span class='ocrx_word' id='word_1_750' title='bbox 2125 4836 2230 4890; x_wconf 90' lang='lat' dir='ltr'><strong>alia</strong></span> <span class='ocrx_word' id='word_1_751' title='bbox 2261 4834 2442 4888; x_wconf 90' lang='lat' dir='ltr'><strong>omnia</strong></span> <span class='ocrx_word' id='word_1_752' title='bbox 2473 4833 2676 4888; x_wconf 88' lang='lat' dir='ltr'><strong>abeunt</strong></span> <span class='ocrx_word' id='word_1_753' title='bbox 2708 4851 2722 4899; x_wconf 90' lang='lat'><strong>;</strong></span> <span class='ocrx_word' id='word_1_754' title='bbox 2763 4835 2894 4904; x_wconf 90' lang='lat' dir='ltr'><strong>quin</strong></span> <span class='ocrx_word' id='word_1_755' title='bbox 2933 4833 3295 4908; x_wconf 80' lang='lat' dir='ltr'><strong>ipse_Pagius</strong></span> <span class='ocrx_word' id='word_1_756' title='bbox 3339 4848 3464 4905; x_wconf 82' lang='lat' dir='ltr'><strong>p05t</strong></span> <span class='ocrx_word' id='word_1_757' title='bbox 3526 4838 3707 4891; x_wconf 82' lang='lat' dir='ltr'><strong>adhuc</strong></span> 
     </span>
    </p>
   </div>
   <div class='ocr_carea' id='block_1_110' title="bbox 2124 4927 3706 5000">
    <p class='ocr_par' dir='ltr' id='par_1_110' title="bbox 2124 4927 3706 5000">
     <span class='ocr_line' id='line_1_110' title="bbox 2124 4927 3706 5000; baseline 0.002 -20"><span class='ocrx_word' id='word_1_758' title='bbox 2124 4929 2446 4991; x_wconf 86' lang='lat' dir='ltr'><strong>triennium,</strong></span> <span class='ocrx_word' id='word_1_759' title='bbox 2496 4928 2608 4980; x_wconf 89' lang='lat' dir='ltr'><strong>sive</strong></span> <span class='ocrx_word' id='word_1_760' title='bbox 2643 4927 2845 4981; x_wconf 86' lang='lat' dir='ltr'><strong>Christi</strong></span> <span class='ocrx_word' id='word_1_761' title='bbox 2878 4928 2998 4992; x_wconf 86' lang='lat' dir='ltr'><strong>ll6,</strong></span> <span class='ocrx_word' id='word_1_762' title='bbox 3049 4944 3173 4982; x_wconf 90' lang='lat' dir='ltr'><strong>cum</strong></span> <span class='ocrx_word' id='word_1_763' title='bbox 3209 4929 3390 4983; x_wconf 85' lang='lat' dir='ltr'><strong>denuo</strong></span> <span class='ocrx_word' id='word_1_764' title='bbox 3435 4929 3706 5000; x_wconf 83' lang='lat' dir='ltr'><strong>Trajanus</strong></span> 
     </span>
    </p>
   </div>
   <div class='ocr_carea' id='block_1_111' title="bbox 2129 5017 3704 5085">
    <p class='ocr_par' dir='ltr' id='par_1_111' title="bbox 2129 5017 3704 5085">
     <span class='ocr_line' id='line_1_111' title="bbox 2129 5017 3704 5085; baseline 0.003 -13"><span class='ocrx_word' id='word_1_765' title='bbox 2129 5021 2294 5074; x_wconf 80' lang='lat' dir='ltr'><strong>redux</strong></span> <span class='ocrx_word' id='word_1_766' title='bbox 2323 5034 2350 5072; x_wconf 87' lang='lat' dir='ltr'><strong>a</strong></span> <span class='ocrx_word' id='word_1_767' title='bbox 2380 5018 2522 5073; x_wconf 79' lang='lat' dir='ltr'><strong>bello</strong></span> <span class='ocrx_word' id='word_1_768' title='bbox 2561 5017 2842 5079; x_wconf 80' lang='lat' dir='ltr'><strong>Parthico.</strong></span> <span class='ocrx_word' id='word_1_769' title='bbox 2873 5018 3219 5072; x_wconf 83' lang='lat' dir='ltr'><strong>Antiochiam</strong></span> <span class='ocrx_word' id='word_1_770' title='bbox 3263 5021 3528 5085; x_wconf 83' lang='lat' dir='ltr'><strong>venisset,</strong></span> <span class='ocrx_word' id='word_1_771' title='bbox 3557 5039 3704 5076; x_wconf 77' lang='lat' dir='ltr'><strong>mar-</strong></span> 
     </span>
    </p>
   </div>
   <div class='ocr_carea' id='block_1_112' title="bbox 2125 5108 3699 5180">
    <p class='ocr_par' dir='ltr' id='par_1_112' title="bbox 2125 5108 3699 5180">
     <span class='ocr_line' id='line_1_112' title="bbox 2125 5108 3699 5180; baseline 0.002 -16"><span class='ocrx_word' id='word_1_772' title='bbox 2125 5112 2320 5180; x_wconf 89' lang='lat' dir='ltr'><strong>tyrium</strong></span> <span class='ocrx_word' id='word_1_773' title='bbox 2357 5108 2416 5165; x_wconf 88' lang='lat' dir='ltr'><strong>S.</strong></span> <span class='ocrx_word' id='word_1_774' title='bbox 2447 5110 2708 5165; x_wconf 90' lang='lat' dir='ltr'><strong>antistitis</strong></span> <span class='ocrx_word' id='word_1_775' title='bbox 2742 5109 2946 5165; x_wconf 79' lang='lat' dir='ltr'><strong>diﬂ&#39;ert.</strong></span> <span class='ocrx_word' id='word_1_776' title='bbox 2978 5111 3053 5165; x_wconf 90' lang='lat' dir='ltr'><strong>lla</strong></span> <span class='ocrx_word' id='word_1_777' title='bbox 3092 5112 3361 5168; x_wconf 88' lang='lat' dir='ltr'><strong>sentiebat</strong></span> <span class='ocrx_word' id='word_1_778' title='bbox 3387 5111 3699 5169; x_wconf 87' lang='lat' dir='ltr'><strong>Gulielmus</strong></span> 
     </span>
    </p>
   </div>
   <div class='ocr_carea' id='block_1_113' title="bbox 2121 5203 3696 5274">
    <p class='ocr_par' dir='ltr' id='par_1_113' title="bbox 2121 5203 3696 5274">
     <span class='ocr_line' id='line_1_113' title="bbox 2121 5203 3696 5274; baseline 0.005 -21"><span class='ocrx_word' id='word_1_779' title='bbox 2121 5219 2344 5272; x_wconf 87' lang='lat' dir='ltr'><strong>quoque</strong></span> <span class='ocrx_word' id='word_1_780' title='bbox 2389 5203 2628 5274; x_wconf 89' lang='lat' dir='ltr'><strong>Loydius</strong></span> <span class='ocrx_word' id='word_1_781' title='bbox 2674 5204 2967 5273; x_wconf 85' lang='lat' dir='ltr'><strong>episcopus</strong></span> <span class='ocrx_word' id='word_1_782' title='bbox 3045 5205 3383 5274; x_wconf 84' lang='lat' dir='ltr'><strong>Asapltcnsis</strong></span> <span class='ocrx_word' id='word_1_783' title='bbox 3430 5207 3696 5272; x_wconf 80' lang='lat' dir='ltr'><strong>peculiari</strong></span> 
     </span>
    </p>
   </div>
   <div class='ocr_carea' id='block_1_114' title="bbox 2120 5295 3696 5366">
    <p class='ocr_par' dir='ltr' id='par_1_114' title="bbox 2120 5295 3696 5366">
     <span class='ocr_line' id='line_1_114' title="bbox 2120 5295 3696 5366; baseline 0.001 -16"><span class='ocrx_word' id='word_1_784' title='bbox 2120 5295 2354 5351; x_wconf 86' lang='lat' dir='ltr'><strong>diatriba</strong></span> <span class='ocrx_word' id='word_1_785' title='bbox 2401 5311 2431 5350; x_wconf 92' lang='lat' dir='ltr'><strong>a</strong></span> <span class='ocrx_word' id='word_1_786' title='bbox 2481 5295 2646 5366; x_wconf 81' lang='lat' dir='ltr'><strong>Pagio</strong></span> <span class='ocrx_word' id='word_1_787' title='bbox 2698 5295 2866 5362; x_wconf 85' lang='lat' dir='ltr'><strong>edita,</strong></span> <span class='ocrx_word' id='word_1_788' title='bbox 2922 5307 2977 5350; x_wconf 88' lang='lat' dir='ltr'><strong>et</strong></span> <span class='ocrx_word' id='word_1_789' title='bbox 2999 5306 3124 5351; x_wconf 90' lang='lat' dir='ltr'><strong>ante</strong></span> <span class='ocrx_word' id='word_1_790' title='bbox 3173 5311 3298 5350; x_wconf 91' lang='lat' dir='ltr'><strong>eum</strong></span> <span class='ocrx_word' id='word_1_791' title='bbox 3363 5297 3696 5353; x_wconf 76' lang='lat' dir='ltr'><strong>Pearsoniu‘s</strong></span> 
     </span>
    </p>
   </div>
   <div class='ocr_carea' id='block_1_115' title="bbox 2117 5385 3690 5457">
    <p class='ocr_par' dir='ltr' id='par_1_115' title="bbox 2117 5385 3690 5457">
     <span class='ocr_line' id='line_1_115' title="bbox 2117 5385 3690 5457; baseline 0.003 -17"><span class='ocrx_word' id='word_1_792' title='bbox 2117 5387 2171 5441; x_wconf 92' lang='lat' dir='ltr'><strong>in</strong></span> <span class='ocrx_word' id='word_1_793' title='bbox 2199 5387 2419 5442; x_wconf 88' lang='lat' dir='ltr'><strong>dissert.</strong></span> <span class='ocrx_word' id='word_1_794' title='bbox 2448 5389 2761 5457; x_wconf 74' lang='lat' dir='ltr'><strong>posthuma,</strong></span> <span class='ocrx_word' id='word_1_795' title='bbox 2780 5395 2885 5443; x_wconf 84' lang='lat' dir='ltr'><strong>etc.</strong></span> <span class='ocrx_word' id='word_1_796' title='bbox 2920 5385 3002 5442; x_wconf 92' lang='lat' dir='ltr'><strong>Tu</strong></span> <span class='ocrx_word' id='word_1_797' title='bbox 3037 5387 3255 5444; x_wconf 76' lang='lat' dir='ltr'><strong>confer</strong></span> <span class='ocrx_word' id='word_1_798' title='bbox 3283 5391 3690 5446; x_wconf 87' lang='lat' dir='ltr'><strong>Tillemontium</strong></span> 
     </span>
    </p>
   </div>
   <div class='ocr_carea' id='block_1_116' title="bbox 2119 5478 3690 5552">
    <p class='ocr_par' dir='ltr' id='par_1_116' title="bbox 2119 5478 3690 5552">
     <span class='ocr_line' id='line_1_116' title="bbox 2119 5478 3690 5552; baseline 0.003 -21"><span class='ocrx_word' id='word_1_799' title='bbox 2119 5479 2182 5544; x_wconf 24' lang='lat' dir='ltr'><strong>in,</strong></span> <span class='ocrx_word' id='word_1_800' title='bbox 2203 5478 2359 5533; x_wconf 85' lang='lat' dir='ltr'><strong>Notis</strong></span> <span class='ocrx_word' id='word_1_801' title='bbox 2389 5479 2478 5548; x_wconf 67' lang='lat' dir='ltr'><strong>ad;</strong></span> <span class='ocrx_word' id='word_1_802' title='bbox 2508 5479 2731 5547; x_wconf 87' lang='lat' dir='ltr'><strong>Trajani</strong></span> <span class='ocrx_word' id='word_1_803' title='bbox 2758 5478 2964 5544; x_wconf 78' lang='lat' dir='ltr'><strong>Vitam,</strong></span> <span class='ocrx_word' id='word_1_804' title='bbox 3007 5479 3144 5535; x_wconf 87' lang='lat' dir='ltr'><strong>Nota</strong></span> <span class='ocrx_word' id='word_1_805' title='bbox 3177 5479 3263 5534; x_wconf 80' lang='grc'><strong>17.</strong></span> <span class='ocrx_word' id='word_1_806' title='bbox 3293 5479 3525 5537; x_wconf 66' lang='lat' dir='ltr'><strong>Tutum</strong></span> <span class='ocrx_word' id='word_1_807' title='bbox 3549 5481 3690 5552; x_wconf 89' lang='lat' dir='ltr'><strong>quod</strong></span> 
     </span>
    </p>
   </div>
   <div class='ocr_carea' id='block_1_117' title="bbox 2117 5568 3688 5638">
    <p class='ocr_par' dir='ltr' id='par_1_117' title="bbox 2117 5568 3688 5638">
     <span class='ocr_line' id='line_1_117' title="bbox 2117 5568 3688 5638; baseline 0.002 -15"><span class='ocrx_word' id='word_1_808' title='bbox 2117 5579 2346 5638; x_wconf 89' lang='lat' dir='ltr'><strong>spectat,</strong></span> <span class='ocrx_word' id='word_1_809' title='bbox 2404 5568 2648 5638; x_wconf 84' lang='lat' dir='ltr'><strong>Scaliger</strong></span> <span class='ocrx_word' id='word_1_810' title='bbox 2694 5585 2819 5624; x_wconf 90' lang='lat' dir='ltr'><strong>cum</strong></span> <span class='ocrx_word' id='word_1_811' title='bbox 2878 5571 3270 5628; x_wconf 77' lang='lat' dir='ltr'><strong>vetustioribus</strong></span> <span class='ocrx_word' id='word_1_812' title='bbox 3322 5573 3486 5629; x_wconf 87' lang='lat' dir='ltr'><strong>editis</strong></span> <span class='ocrx_word' id='word_1_813' title='bbox 3538 5574 3688 5630; x_wconf 83' lang='lat' dir='ltr'><strong>libris</strong></span> 
     </span>
    </p>
   </div>
   <div class='ocr_carea' id='block_1_118' title="bbox 2121 5663 3685 5733">
    <p class='ocr_par' dir='ltr' id='par_1_118' title="bbox 2121 5663 3685 5733">
     <span class='ocr_line' id='line_1_118' title="bbox 2121 5663 3685 5733; baseline 0.004 -19"><span class='ocrx_word' id='word_1_814' title='bbox 2121 5663 2516 5732; x_wconf 55' lang='lat' dir='ltr'><strong>praecedentem</strong></span> <span class='ocrx_word' id='word_1_815' title='bbox 2546 5664 2790 5732; x_wconf 80' lang='lat' dir='ltr'><strong>proxime</strong></span> <span class='ocrx_word' id='word_1_816' title='bbox 2843 5663 3156 5733; x_wconf 88' lang='lat' dir='ltr'><strong>periocham</strong></span> <span class='ocrx_word' id='word_1_817' title='bbox 3204 5667 3269 5721; x_wconf 91' lang='lat' dir='ltr'><strong>de</strong></span> <span class='ocrx_word' id='word_1_818' title='bbox 3326 5667 3510 5722; x_wconf 83' lang='lat' dir='ltr'><strong>Primo</strong></span> <span class='ocrx_word' id='word_1_819' title='bbox 3564 5667 3685 5720; x_wconf 80' lang='lat' dir='ltr'><strong>Ale-</strong></span> 
     </span>
    </p>
   </div>
   <div class='ocr_carea' id='block_1_119' title="bbox 2117 5754 3678 5828">
    <p class='ocr_par' dir='ltr' id='par_1_119' title="bbox 2117 5754 3678 5828">
     <span class='ocr_line' id='line_1_119' title="bbox 2117 5754 3678 5828; baseline 0.001 -22"><span class='ocrx_word' id='word_1_820' title='bbox 2117 5754 2354 5810; x_wconf 59' lang='lat' dir='ltr'><strong>xandria}</strong></span> <span class='ocrx_word' id='word_1_821' title='bbox 2385 5755 2643 5826; x_wconf 84' lang='lat' dir='ltr'><strong>episcopo</strong></span> <span class='ocrx_word' id='word_1_822' title='bbox 2690 5757 2756 5810; x_wconf 89' lang='lat' dir='ltr'><strong>ad</strong></span> <span class='ocrx_word' id='word_1_823' title='bbox 2809 5757 3147 5826; x_wconf 81' lang='lat' dir='ltr'><strong>superiorem</strong></span> <span class='ocrx_word' id='word_1_824' title='bbox 3206 5772 3413 5814; x_wconf 86' lang='lat' dir='ltr'><strong>nonum</strong></span> <span class='ocrx_word' id='word_1_825' title='bbox 3455 5756 3678 5828; x_wconf 83' lang='lat' dir='ltr'><strong>-&#39;l‘rajani</strong></span> 
     </span>
    </p>
   </div>
  </div>
