4014 6196
370 349 513 415 1073

1628 348 2034 417 VALLARSII
2074 342 2307 411 NOTAE.

3467 331 3604 400 ιογι

363 474 571 514 annum
625 461 880 525 retrahit,
911 471 1022 516 tum
1050 462 1271 531 przeliso
1300 461 1690 533 grandioribus
1731 461 1933 518 litteris
1961 464 2008 524 Α
2038 476 2065 514 a
2097 477 2155 515 se
2192 461 2519 515 adornatam.
2540 459 2726 516 multis
2772 454 3110 530 argumentis
3149 452 3377 518 indicat,
3407 459 3465 509 et
3486 465 3611 508 eum

361 551 551 614 titulo,
595 550 780 607 Tertia
819 556 1134 623 persecutio,
1167 557 1391 625 reliqua,
1418 555 1660 626 Trojano
1686 557 1933 610 adversus

363 641 717 709 Christianos,
747 658 852 699 etc.
879 647 945 700 ad
980 648 1381 727 ordinationem
1427 664 1601 716 usque
1635 649 1931 703 Alexandri

364 733 667 797 Pontificis,
699 737 800 790 sub
826 737 1038 793 decimo
1080 738 1300 809 Trajaui
1347 742 1787 811 comprehendit,
1829 756 1934 795 un-

367 824 637 880 decimum
664 842 851 881 carere
885 838 1038 897 gesto
1071 830 1226 885 facit.
1806 866 1811 871 ~

443 916 562 973 Col.
614 917 740 973 465.
775 918 978 973 Plinius
1007 922 1288 977 secundus.
1347 920 1653 993 Bithyniam
1699 920 1929 985 scilicet,

372 1007 520 1076 quod
546 1022 771 1075 nomen,
827 1026 955 1079 t|l|la
1000 1027 1180 1083 neque
1226 1013 1279 1067 in
1324 1009 1515 1067 Gnaeo
1565 1020 1705 1066 erat.
1746 1010 1933 1084 l_liero-

368 1099 562 1169 uymus
604 1102 798 1160 tacuit.
850 1102 921 1160 Ut
949 1113 1130 1160 autem
1163 1106 1503 1173 exploratum
1554 1105 1777 1170 habeas,
1822 1119 1930 1171 quo

365 1200 613 1260 tempore
665 1209 780 1248 eam
827 1195 1163 1262 provinciam
1199 1196 1409 1267 Plinius
1440 1208 1673 1268 regeret,
1696 1196 1841 1264 quod
1871 1203 1929 1249 et

362 1282 604 1354 Scaliger
635 1284 939 1353 ignorabat,
987 1287 1135 1342 adito
1166 1287 1578 1343 Tillemontium
1659 1296 1785 1343 nota
1837 1287 1928 1354 it,

362 1377 431 1430 ad
474 1376 730 1447 Trajani'
771 1378 974 1434 Vitam.
1050 1380 1324 1449 Epocham
1374 1380 1494 1450 ejus
1547 1380 1792 1450 epistolae
1861 1379 1929 1434 de

363 1467 696 1536 imponendo
730 1472 1095 1539 persecutioni
1153 1473 1209 1527 in
1253 1471 1594 1527 Christianos
1624 1471 1807 1534 modo,
1832 1470 1927 1527 lilii

363 1561 825 1633 chronologorum
869 1562 1193 1617 duodecimo
1239 1572 1335 1618 aut
1376 1564 1584 1619 decimo
1613 1563 1775 1617 tertio
1796 1562 1931 1615 Tra-

357 1645 714 1725 jani'illigant
749 1655 930 1723 ipsum
977 1654 1212 1709 Plinium
1282 1655 1379 1711 lib.
1415 1672 1470 1718 κ,
1534 1656 1700 1724 epist.
1744 1655 1812 1710 97
1874 1662 1929 1711 et

362 1747 453 1803 98.
506 1747 649 1803 infra
713 1750 800 1802 ubi
843 1749 1066 1815 dicitur,
1100 1750 1308 1807 Christo
1342 1760 1398 1805 ut
1436 1751 1561 1815 Dee,
1615 1752 1930 1806 Parmensis

2044 552 2140 613 lib.
2174 568 2224 614 v.
2261 553 2420 622 epist.
2446 552 2500 616 8,
2539 551 2767 617 flagrare
2813 566 2873 607 se
2922 547 3160 604 historiae
3205 542 3616 603 conscribendas

2048 643 2229 699 studio
2260 654 2511 711 testatur,
2560 655 2613 698 et
2643 643 2736 698 lib.
2766 645 2887 704 viil.
2925 641 3085 708 epist.
3124 641 3181 701 4..
3222 637 3455 694 Caninio
3480 650 3618 706 pra:-

2048 742 2201 804 cepta
2229 736 2341 797 dat,
2370 737 2566 803 quibus
2597 735 2722 790 belli
2756 735 2935 790 Dacici
2974 733 3254 788 historiam
3282 729 3614 800 conscribat,

2048 828 2284 892 denique.
2310 842 2432 880 eum
2460 828 2700 896 ejusdem
2727 827 2818 881 lib.
2854 827 3014 897 epist.
3034 826 3089 887 5.
3118 827 3185 881 13
3225 823 3398 881 et‘15.
3424 833 3473 878 et
3497 835 3615 891 seq.

2051 925 2127 981 t'x,
2173 918 2260 979 15.
2297 918 2381 976 l8.
2407 917 2498 983 20,
2533 919 2767 986 plurium
2822 918 3072 973 meminit
3112 918 3167 973 id
3205 930 3377 987 genus
3406 913 3622 991 libello-

2049 1013 2190 1072 ru'm,
2225 1024 2363 1077 quos
2392 1010 2507 1077 ipse
2544 1010 2881 1067 condiderat.
2941 1008 3090 1063 Adeo
3146 1023 3251 1064 nec
3306 1019 3511 1064 temere
3560 1005 3616 1060 in

2051 1100 2265 1167 elugin,‘
2293 1103 2437 1168 quod
2472 1104 2714 1157 cernitur
2742 1102 2898 1157 Comi
2943 1100 3046 1156 sub
3073 1100 3193 1167 ejus
3224 1108 3427 1162 statua,
3455 1097 3622 1152 histo-
3678 1116 3685 1121 λ

2047 1193 2147 1245 rici
2173 1192 2333 1247 laude
2379 1194 2615 1249 donatus
2665 1203 2773 1248 est.
2827 1195 3078 1248 Attamen
3136 1191 3618 1261 Hieronymianum

2048 1281 2219 1336 hocce
2259 1285 2636 1341 testimonium
2680 1286 2735 1340 iu
2778 1301 2947 1356 causa
2988 1285 3161 1341 fuisse
3199 1283 3380 1351 video,
3409 1297 3509 1338 cur
3538 1297 3625 1337 se-

2045 1377 2263 1443 quiores
2292 1379 2465 1433 critici
2496 1379 2564 1435 de
2597 1382 2804 1451 majore
2834 1379 3006 1436 Plinio
3036 1378 3366 1451 acciperent,
3403 1377 3496 1447 qui
3521 1379 3625 1432 bac

2046 1465 2160 1522 fere
2212 1454 2451 1524 historici
2509 1466 2871 1542 ap’pellatioie
2920 1487 2947 1525 a
2978 1470 3201 1540 iuniore
3245 1469 3619 1543 distinguitur.

2046 1560 2228 1625 Quare
2261 1563 2316 1624 in
2342 1563 2735 1619 vetustioribus
2768 1564 2931 1619 editis
2960 1563 3132 1624 libris.
3164 1573 3213 1616 et
3240 1562 3445 1632 pridem
3475 1560 3619 1629 apud

2046 1651 2343 1709 Pontacum
2398 1656 2452 1708 iu
2505 1653 2612 1710 fine
2670 1655 2941 1725 periochae.
2987 1655 3056 1710 ab
3094 1654 3265 1710 sciolo
3317 1654 3620 1722 glossatore

2046 1742 2337 1812 subiuncta
2367 1754 2495 1800 sunt
2522 1747 2708 1812 verba,
2742 1748 2894 1814 periit
2931 1748 3058 1801 dunt
3085 1747 3268 1801 invisit
3296 1744 3577 1799 Vesuvium
3600 1756 3620 1795 :

367 1855 474 1893 ms.
504 1850 562 1894 ut
594 1840 845 1894 voculam
879 1849 1040 1901 tacet.
1073 1854 1128 1896 ct
1165 1843 1252 1897 ubi
1276 1859 1343 1897 ex
1368 1844 1557 1899 eodem
1580 1843 1934 1907 restituimus,
1971 1826 2014 1884 Β
2041 1849 2162 1904 quae
2194 1843 2373 1911 tamen
2408 1853 2581 1906 neque
2609 1839 2664 1892 in
2689 1837 2883 1904 Mirari.
2917 1854 3092 1908 neque
3125 1841 3178 1893 in
3215 1839 3473 1909 Scaligerl
3507 1838 3623 1894 edi-

369 1931 437 1982 ιιι
470 1914 931 1999 εοηῖργάεηιηδαηι
982 1933 1339 2000 disciplinam.
1380 1949 1520 1988 unus
1549 1934 1726 1988 Palat.
1771 1933 1934 1987 habet

366 2022 437 2073 ad
477 2021 887 2091 conferendam:
922 2037 1041 2089 qute
1069 2031 1122 2077 et
1144 2022 1367 2078 Pentati
1401 2025 1607 2092 pridem
1639 2024 1798 2079 lectio
1814 2024 1931 2078 fuit.

370 2111 487 2164 Mox
525 2113 664 2166 idem
698 2113 853 2176 liber,
895 2112 1006 2166 lloc
1029 2114 1237 2185 quidem
1269 2116 1639 2184 requirendum
1669 2132 1771 2169 non
1798 2131 1933 2182 esse,

368 2205 740 2268 praetermisso
779 2223 960 2275 genus.
1018 2206 1312 2274 Caeterum,
1370 2216 1431 2263 ut
1474 2211 1640 2279 probe
1684 2217 1932 2264 natatum

365 2303 452 2349 est
480 2294 643 2349 etiam
700 2295 1184 2361 Sehurzﬂeisehio,
1237 2313 1347 2355 non
1381 2300 1455 2353 ait
1521 2299 1785 2354 Eusebius
1830 2299 1933 2354 hoc

367 2384 508 2449 loco,
558 2385 724 2440 fuisse
757 2385 915 2441 Plinii
937 2389 1223 2458 epistolam
1250 2392 1351 2446 hoc
1373 2405 1516 2446 anno
1543 2386 1931 2460 perscriptam,

365 2472 428 2529 itt
464 2476 712 2532 nonnulli
750 2479 1084 2546 sentiebant,
1115 2496 1254 2550 quos
1284 2480 1483 2549 Pagius
1522 2482 1724 2536 refutat
1773 2496 1789 2537 ε
1838 2481 1931 2535 sed

298 2600 303 2605 -
366 2566 560 2633 tertiae,
585 2580 748 2635 quam
777 2577 954 2636 vocat,
1011 2570 1411 2639 persecutionis
1462 2571 1772 2635 occasione,
1800 2586 1931 2635 uno,

366 2662 429 2709 ut
477 2653 701 2723 assolet,
729 2663 918 2713 tenore
956 2660 1215 2726 narravit,
1274 2674 1396 2729 qure
1441 2660 1507 2713 ad
1541 2673 1659 2713 eam
1716 2669 1934 2729 specta-

366 2743 516 2799 bant.

435 2837 552 2894 Col.
587 2838 714 2896 465.
751 2839 976 2906 Quintus
1029 2840 1284 2897 Romanis
1339 2842 1612 2899 Ecclesiaz.
1650 2841 1933 2899 lnnuimus

366 2934 621 3001 superius
652 2934 720 2988 ad
749 2933 990 3003 Cletum,
1050 2950 1171 3005 quae.
1204 2935 1572 2991 recentiorum
1601 2951 1774 3006 eaque
1800 2950 1932 3007 pro-

339 3022 485 3091 .pior
517 3024 584 3078 ad
615 3040 797 3080 verum
822 3027 1089 3082 sententia
1125 3008 1216 3084 sit.
1244 3027 1546 3089 Evaristus.
1578 3027 1666 3082 cui
1705 3028 1933 3081 Alexan-

371 3115 471 3171 der
508 3118 795 3182 successit,
851 3117 1007 3188 juxta
1058 3117 1363 3175 Blanebinii
1420 3117 1594 3173 nostri
1666 3119 1929 3180 rationes,

373 3207 633 3277 martyrio
687 3206 911 3265 allectus
954 3218 1038 3265 est
1072 3210 1142 3266 26
1184 3210 1271 3266 die
1302 3209 1494 3266 Octob.
1528 3225 1674 3265 anno
1694 3209 1933 3278 vulgaris

335 3296 492 3352 ἐγω
530 3298 648 3365 l08,
676 3285 890 3368 imperii
931 3300 1151 3370 Traiani
1180 3302 1411 3357 decimo.
1467 3300 1774 3357 Alexander
1805 3301 1937 3356 sub-

363 3390 586 3449 stitutus
615 3402 700 3448 est
740 3393 902 3463 paulo
950 3401 1093 3464 post,
1145 3393 1260 3449 sive
1306 3395 1341 3450 3
1386 3394 1674 3450 Decembr.
1712 3394 1800 3448 die
1825 3393 1933 3449 Do-

366 3481 587 3549 minica,
625 3485 882 3556 seditque
941 3485 1133 3541 solidis
1178 3493 1305 3542 octo
1361 3486 1523 3541 anuis
1578 3493 1637 3540 et
1686 3485 1932 3554 quinque

362 3576 666 3643 mensibus,
697 3578 785 3632 die
824 3579 860 3632 5
892 3577 1013 3633 Maii
1064 3579 1298 3633 donatus
1343 3577 1457 3647 ipse
1486 3577 1650 3630 etiam
1677 3575 1929 3647 martyrii

365 3667 564 3737 palma.
601 3666 759 3735 Quod
792 3669 881 3725 hic
930 3670 1116 3739 itaque
1151 3671 1337 3725 decem
1375 3670 1425 3725 ei
1480 3670 1821 3732 tribuuntur,
1851 3668 1933 3723 vi-

363 3758 529 3813 detur
557 3760 625 3815 ab
650 3761 907 3830 ,ejusdem
941 3763 1285 3818 ordinatione
1344 3764 1656 3831 repetitum,
1690 3777 1809 3831 qua!
1860 3762 1930 3816 27

363 3847 674 3917 Septembr.
704 3852 832 3906 anni
866 3852 1103 3921 vulgaris
1140 3867 1262 3907 atrae
1295 3851 1399 3907 106
1424 3852 1734 3908 ascribitur.
1764 3850 1932 3907 Video

360 3939 438 3995 sis
491 3943 754 3998 Anastasii
803 3953 935 3999 tom.
996 3944 1061 4007 il.
1097 3961 1125 3998 a
1162 3958 1284 4014 pag.
1320 3943 1389 3999 80
1410 3944 1475 3998 ad
1497 3944 1589 3999 85.

427 4027 547 4087 Col.
582 4031 709 4092 ἀει.
765 4033 977 4091 Plinius
1007 4035 1273 4090 secundus
1308 4033 1736 4088 Novocomensis.
1772 4032 1929 4100 Quod

358 4124 583 4179 additur
607 4133 662 4180 et
683 4125 982 4191 historicus,
1032 4127 1276 4195 Scaliger
1308 4134 1364 4182 et
1419 4135 1557 4196 post
1592 4142 1717 4180 eum
1751 4126 1929 4182 critici

359 4214 603 4287 plerique
654 4233 845 4273 omnes
890 4219 1064 4288 culpa:
1136 4228 1359 4273 vertunt
1389 4219 1600 4273 auctori
1658 4228 1869 4282 nostro,
1896 4233 1927 4274 a

359 4303 669 4375 quo’iuisse
698 4307 848 4361 aiunt
904 4322 1186 4377 perperam
1220 4309 1483 4376 majorem
1507 4307 1736 4363 Plinium
1765 4308 1929 4363 Vero-

358 4411 582 4452 nensem
625 4412 747 4453 eum
764 4398 982 4465 iuniore
1003 4399 1173 4454 altero
1192 4399 1584 4457 Novocomensi
1604 4398 1927 4455 confusura:

2037 1925 2184 1981 tione
2241 1928 2532 1998 habentur,
2589 1944 2773 1995 neque
2826 1930 2879 1985 in
2938 1930 3245 1993 Parmensi,
3287 1939 3380 1984 aut
3420 1929 3534 1984 ullo
3557 1944 3621 1983 ex

2035 2030 2270 2088 quatuor
2301 2016 2565 2072 Palatinis
2619 2034 2755 2074 mss.
2796 2028 2958 2091 atque
2997 2019 3148 2083 aliis.
3178 2033 3314 2090 quos
3347 2034 3449 2074 nos
3481 2034 3621 2074 ceu»

2037 2111 2328 2173 suluimus,
2362 2120 2457 2166 aut
2496 2111 2584 2165 alii
2621 2112 2868 2169 laudant.
2898 2112 3264 2179 Quamobrem
3293 2122 3347 2167 et
3368 2113 3623 2168 exsulare

2038 2202 2167 2257 hinc
2206 2203 2427 2272 penitus
2479 2204 2769 2271 iussimus.
2809 2202 3090 2260 Pontacus
3138 2205 3376 2274 suppleri
3420 2206 3489 2260 ita
3527 2220 3625 2260 vo-

2035 2294 2244 2359 luisset,
2277 2293 2453 2360 NepOs
2492 2297 2658 2361 illius,
2687 2299 2776 2366 qui
2814 2299 2989 2365 periit,
3020 2310 3123 2352 etc.

2104 2383 2222 2438 Col.
2262 2383 2384 2439 .563.
2427 2384 2722 2439 Pantheum
2752 2384 2946 2440 Romw.
2990 2383 3123 2439 item
3175 2384 3359 2439 dicere
3404 2383 3623 2439 videtur

2035 2473 2310 2543 Sraligero
2364 2476 2519 2544 plane
2568 2477 2938 2532 incredibilem
2974 2494 2989 2543 ;
3041 2484 3217 2547 neque
3256 2478 3405 2531 enim
3445 2477 3628 2555 (ullam

2036 2575 2240 2621 tantam
2274 2568 2347 2621 ait
2382 2567 2623 2623 fulminis
2653 2568 2761 2633 vim
2795 2584 2918 2624 esse
2953 2583 3132 2637 posse,
3185 2584 3306 2636 qtue
3342 2578 3450 2623 tam
3483 2567 3621 2624 vali-

2034 2658 2158 2710 dam
2184 2666 2472 2713 structurae
2517 2659 2715 2713 molem
2766 2661 2983 2728 penitus
3015 2660 3304 2713 absumere
3336 2659 3531 2729 possit,
3568 2662 3630 2713 ut

2036 2747 2125 2802 hic
2153 2748 2365 2817 legitur.
2405 2748 2583 2815 Quare
2619 2765 2723 2804 non
2759 2750 2991 2816 dubitat,
3020 2751 3159 2819 apud
3202 2762 3506 2811 auctorem.
3554 2764 3625 2804 ex

2034 2853 2142 2906 quo
2185 2838 2485 2908 desumpsit
2535 2841 2818 2908 Eusebius,
2846 2843 3109 2913 scriptqu
3161 2841 3330 2896 fuisse
3381 2844 3618 2913 ἐκεραυ-

2034 2928 2176 2991 νώθη
2230 2946 2328 2998 pro
2389 2931 2638 3002 κεραυνῷ
2683 2934 2949 3004 διεφθάρη
3018 2951 3032 2988 :
3086 2946 3181 2988 aut
3225 2944 3372 2989 certe
3407 2949 3515 2993 non
3560 2935 3630 2989 de

1991 3022 2283 3091 zAgrippa‘.
2314 3024 2579 3085 Pantheo,
2628 3024 2722 3079 sed
2748 3024 2816 3078 de
2847 3025 3026 3078 minus
3064 3026 3262 3092 insigni
3291 3026 3399 3079 alio
3432 3023 3631 3079 intelli-

2036 3113 2268 3182 gendum
2301 3117 2448 3181 (puta
2480 3115 2723 3170 Pantheo
2750 3114 2902 3170 iovis
2933 3115 3158 3179 Ultoris,
3182 3125 3275 3168 aut
3298 3116 3404 3169 alio
3434 3115 3631 3171 Miner-

2035 3220 2117 3261 va)
2170 3204 2407 3269 Medicae,
2455 3208 2597 3277 quod
2627 3218 2641 3244 ⁸
2671 3208 2847 3264 Rufus
2897 3219 2949 3263 et
3010 3208 3193 3264 Victor
3234 3209 3287 3262 iu
3348 3207 3629 3279 Esquilina

2035 3299 2259 3369 regione
2314 3309 2597 3355 memorat.
2639 3301 2932 3357 Pr.rstabat
2973 3317 3121 3364 vero.
3172 3311 3230 3357 ut
3261 3317 3362 3371 ego
3406 3303 3627 3370 quidem

2035 3389 2235 3455 sentio,
2264 3391 2336 3442 ita
2377 3392 2603 3444 verbum
2634 3392 2901 3461 διεφθάρη
2935 3394 3207 3463 accipere,
3242 3403 3301 3448 ttt
3343 3394 3629 3463 insigniter

2034 3481 2249 3550 quidem
2285 3482 2474 3536 laesum
2539 3492 2595 3537 et
2627 3484 2899 3545 vitiatum,
2948 3500 3076 3548 non,
3129 3496 3187 3538 ut
3218 3486 3456 3554 Scaliger
3487 3501 3621 3540 con-

2034 3571 2230 3636 tendit,
2265 3571 2503 3627 deletum
2537 3574 2808 3643 signiﬁcet
2861 3590 3224 3631 marmoreum
3275 3586 3439 3631 tantzr
3468 3578 3628 3633 molis

2033 3661 2343 3717 delubrum.
2377 3664 2510 3718 Nam
2545 3675 2603 3717 ut
2633 3665 2699 3720 de
2725 3667 2834 3720 alio
2885 3682 3050 3737 quam
3087 3668 3335 3737 Agrippze
3366 3669 3629 3739 interpre.

2042 3760 2245 3821 temur,
2301 3753 2528 3809 Panthei
2555 3773 2771 3822 nomen,
2811 3775 2918 3825 quo
2944 3760 3065 3812 κατ’
3101 3760 3290 3830 ἐξοχὴν
3344 3771 3504 3832 atque
3530 3762 3630 3816 ab-

2041 3844 2221 3899 solute
2267 3844 2761 3919 illud‘desiguatur,
2809 3849 2899 3904 vix
2949 3850 3100 3914 sinit,
3144 3863 3234 3905 aut
3286 3867 3352 3906 ne
3377 3854 3465 3907 vix
3501 3853 3625 3923 qui-

2031 3936 2179 3991 dem.
2217 3924 2462 3993 Histor‘ia
2497 3954 2715 4008 quoque
2756 3941 2896 4010 ipsa,
2950 3952 3113 4011 atque
3148 3942 3457 4013 ‘epigrapbe
3507 3944 3627 4012 ejus

2030 4028 2239 4099 templi,
2298 4045 2402 4099 qua
2446 4031 2649 4087 dicitur
2696 4047 2725 4087 a
2788 4032 2991 4089 Severo
3039 4035 3177 4105 Aug.
3237 4038 3624 4106 instauratum,

2030 4118 2190 4175 facile
2228 4135 2338 4175 non
2372 4123 2534 4178 modo
2590 4125 2735 4194 quod
2770 4123 2971 4181 fecerat
3016 4133 3287 4181 vetustate
3337 4129 3481 4197 (qua:
3528 4142 3627 4185 nec

2032 4218 2179 4267 tanta
2235 4213 2499 4282 videtur),
2548 4221 2643 4271 sed
2676 4225 2732 4273 et
2762 4222 2865 4273 hoc
2900 4218 3076 4288 ipsum
3125 4218 3234 4273 ictu
3270 4217 3514 4275 fulminis
3545 4220 3627 4274 vi-

2030 4306 2162 4359 tium
2194 4314 2317 4359 ante
2357 4321 2531 4360 annos
2565 4310 2733 4364 ferme
2779 4310 2846 4365 70
2880 4310 3218 4364 confractum
3250 4312 3478 4366 indicat.

2062 4394 2196 4450 ibid.
2237 4395 2361 4450 Post
2405 4396 2691 4466 Justum..,
2727 4411 2941 4455 octavus
2965 4400 3237 4455 Matt/tias.
3272 4401 3323 4455 In
3348 4401 3626 4460 Parmensi

356 4487 502 4558 quod
533 4490 752 4560 quidem
771 4505 837 4546 eo
885 4490 1131 4548 inferunt
1171 4492 1527 4563 probabilius,
1566 4492 1711 4563 quod
1762 4491 1926 4562 hujus
1958 4507 2004 4565 ι)
2034 4501 2139 4543 ms.
2176 4485 2464 4544 Mat/tutius
2517 4490 2606 4545 hic
2656 4492 2878 4553 die‘tur,
2950 4494 3002 4547 in
3033 4491 3223 4549 Grmco
3256 4494 3398 4563 quod
3434 4494 3626 4552 lauda.

358 4581 625 4651 epistolas
661 4583 903 4638 nondum
931 4583 1131 4655 legisse
1161 4583 1553 4656 Hieronymum
1597 4585 1808 4650 volunt,
1826 4584 1924 4642 sed

353 4673 713 4743 descripsisse
746 4672 1075 4729 incuriosius
1100 4690 1223 4745 qua:
1252 4685 1408 4731 antea
1434 4675 1598 4731 simili
1625 4691 1811 4732 errore
1834 4676 1929 4732 de-

352 4773 543 4835 ceptus
583 4764 965 4822 Sammonicus
1018 4764 1257 4823 Serenus
1310 4767 1648 4831 obtruderat,
1697 4777 1755 4823 ut
1785 4769 1927 4837 apud

352 4853 683 4911 Macrobium
719 4855 992 4911 Saturnal.
1021 4857 1114 4912 lih.
1138 4872 1198 4921 ιι,
1228 4873 1278 4912 c.
1312 4856 1403 4920 t2,
1424 4857 1606 4912 videre
1626 4866 1738 4913 est.
1764 4859 1929 4913 Acce-

352 4946 435 5003 dit
469 4947 612 5016 quod
652 4946 912 5002 Plinianze
940 4947 1078 5003 Vitae
1109 4958 1317 5010 auctor.
1377 4947 1675 5005 Suetonius
1705 4949 1926 5019 quidem

354 5037 515 5106 vulgo
541 5036 800 5101 creditus,
836 5037 931 5093 sed
965 5038 1121 5100 falso.
1150 5047 1205 5093 et
1230 5049 1288 5093 ut
1318 5037 1560 5110 Scaliger
1585 5040 1773 5105 sentit,
1809 5039 1931 5096 ilic-

354 5143 582 5200 ronymo
617 5128 907 5198 posterior,
946 5131 1015 5186 ab
1040 5146 1108 5186 eo
1132 5131 1391 5185 videatur
1420 5132 1696 5199 accepisse
1726 5148 1741 5185 :
1777 5132 1932 5187 inde-

350 5223 459 5288 Que
510 5219 603 5273 alii
656 5220 916 5291 deinceps
955 5222 1198 5290 priorum
1241 5222 1560 5277 auctoritate
1609 5223 1821 5292 decepti
1873 5222 1928 5276 in

351 5310 602 5364 eumdem
640 5326 880 5366 errorem
913 5312 1255 5382 intpegerint.
1292 5313 1405 5383 Ego
1435 5313 1573 5368 alios
1605 5316 1809 5371 missos
1840 5314 1927 5369 fa-

350 5404 477 5458 cio:
511 5402 766 5459 Nostrum
792 5405 938 5473 quod
966 5413 1195 5473 spectat,
1232 5406 1432 5460 nullam
1476 5405 1565 5461 aio
1599 5406 1765 5462 fuisse
1808 5407 1930 5477 ejus

352 5498 881 5555 hallucinationem:
946 5497 1277 5570 Scaligerum
1311 5508 1512 5564 autem,
1565 5516 1723 5570 quem
1776 5499 1932 5555 facile

357 5606 470 5661 ipse
496 5573 616 5661 ejus
664 5592 955 5648 occasione
994 5594 1142 5649 verbi
1196 5594 1530 5660 admisisset,
1577 5610 1817 5650 errorem
1872 5592 1928 5646 in

354 5679 685 5755 Hieronymo
716 5683 1086 5741 comminisci.
1121 5685 1277 5741 Enim
1320 5702 1448 5742 vero
1482 5696 1534 5742 et
1583 5687 1768 5753 iunior
1816 5683 1931 5740 Pli-

349 5775 474 5835 nius
500 5775 782 5831 historicus
818 5775 941 5845 jure
974 5776 1226 5848 appellari
1280 5777 1471 5848 potuit,
1521 5776 1611 5847 qui
1646 5775 1927 5832 historiam

2036 4594 2158 4637 mus
2192 4596 2258 4637 ex
2300 4580 2573 4653 Syncello.
2612 4585 2916 4647 Ματοαϊος.

2126 4672 2265 4730 ibid.
2310 4674 2570 4745 Trajanus
2632 4669 2960 4735 Armenium.
3018 4678 3346 4736 Coufercndi
3393 4683 3495 4737 hac
3557 4681 3617 4735 do

2034 4778 2094 4819 re
2158 4766 2367 4835 antiqui
2436 4768 2577 4838 apud
2636 4769 3041 4826 Mediobarbum
3111 4782 3165 4828 et
3240 4774 3599 4830 Blanehiniun

2036 4872 2272 4911 ηιιηιηιι.

2103 4948 2216 5003 Col.
2242 4949 2728 5005 i6i.7‘errarmatus
2745 4951 3106 5007 Antiochiam.
3134 4953 3314 5009 Malim
3344 4940 3606 5027 atljunge-

2037 5055 2097 5096 re
2120 5042 2426 5099 rationibus
2446 5041 2594 5115 Pagii
2615 5044 2797 5111 (idem,
2818 5047 2911 5116 qui
2938 5061 3000 5101 ex
3020 5046 3286 5117 Xiphilini
3304 5048 3614 5105 luculentis-

2036 5134 2179 5189 sitno
2203 5135 2551 5201 testimonio,
2590 5146 2752 5205 atque
2792 5137 2905 5203 illo,
2947 5141 3089 5208 quod
3129 5139 3439 5202 laudamus.
3475 5140 3612 5210 Syn-

2036 5225 2153 5279 celli
2184 5224 2444 5296 (tnaxime
2498 5226 2680 5279 verbis
2729 5228 3000 5295 παρόντος
3039 5229 3356 5300 Τραϊανοῦ),
3397 5230 3612 5284 subver-

2036 5330 2151 5370 sam
2204 5325 2513 5372 terraemotu
2571 5318 2918 5373 Antiochiam
2974 5321 3150 5375 solido
3195 5321 3417 5375 biennio
3469 5328 3612 5388 post.

2037 5408 2226 5464 refert.
2261 5410 2401 5474 Quin
2440 5409 2571 5463 illud
2611 5409 2776 5463 etiam
2808 5412 3073 5479 probatur
3113 5410 3307 5479 magis,
3339 5410 3486 5479 quod
3519 5410 3611 5465 ἀοι

2037 5502 2309 5558 ctissimus
2340 5502 2477 5555 idem
2510 5498 2879 5572 chronologits
2931 5513 3123 5558 contra
3155 5500 3471 5564 Baronium,
3493 5498 3618 5558 Cal-

2036 5592 2257 5656 visium,
2289 5601 2344 5645 et
2391 5589 2667 5647 Norisium
2705 5605 2969 5660 nostrum,
3017 5608 3080 5647 ex
3118 5592 3285 5647 Dione
3320 5602 3376 5646 et
3425 5591 3611 5647 Malala

2038 5683 2224 5745 inlert,
2259 5697 2383 5736 eum
2412 5692 2784 5739 terrmmotum
2821 5699 2927 5737 non
2954 5685 3096 5738 circa
3122 5698 3345 5737 vernum
3377 5694 3612 5751 tempus,

2038 5775 2129 5831 sed
2164 5775 2384 5830 labente
2416 5790 2580 5842 anno,
2622 5786 2675 5832 et
2726 5776 2982 5831 vicesima
3031 5778 3119 5831 die
3158 5778 3314 5831 tertia
3357 5768 3613 5831 Decenib.
