4014 6196
382 303 520 364 1-075

1679 292 2088 374 VALLARSII
2125 289 2365 354 nom.

3437 274 3456 288 ‘
3490 272 3627 336 10⁸16

383 410 685 480 contigisse
711 426 728 466 :
765 419 932 479 atque
966 409 1103 464 adeo
1135 407 1296 466 tertio
1341 405 1566 474 hujusce
1593 404 1805 475 Olymp.
1844 403 1952 459 225
1977 406 2024 466 Α
2055 417 2117 458 ro
2148 418 2327 460 annus
2347 415 2469 456 cum
2507 412 2629 453 terte
2651 395 2857 452 Christ.
2895 392 2992 447 H7
3019 401 3073 447 et
3101 386 3349 459 sequenti
3375 401 3443 442 ex
3476 392 3634 452 parte

384 517 549 569 anno,
579 502 671 570 qui
698 519 728 557 a
757 501 986 560 solstitio
1013 500 1200 556 aestivo
1229 498 1533 554 inchoatur.

454 595 574 653 Col.
607 594 731 649 465.
759 593 938 648 Ιυάιῑὶ
978 595 1033 646 in
1064 592 1306 660 Libyam.
1344 593 1528 646 Eidem
1563 574 1707 644 anno
1735 589 1959 646 seditio-

387 701 486 744 nes
517 687 655 744 istas
687 685 996 740 Iudaeorum
1051 684 1278 740 ascribit
1315 683 1580 752 Scaliger,
1621 696 1732 750 quo
1772 690 1958 736 terrae-

387 768 573 834 mOtus
599 777 898 834 Antiochiae
947 775 1194 846 cantigit.
1235 775 1306 830 At
1355 789 1501 838 cum,
1553 772 1732 842 inquit
1764 771 1962 839 Pagius

388 869 576 926 Critic.
627 866 739 922 vol.
790 865 834 934 Ι,
867 881 927 936 p.
963 865 1084 931 lli,
1127 865 1243 920 haec
1290 863 1590 919 recitentur
1623 876 1654 916 a
1684 860 1963 930 Xiphiliuo

387 976 453 1014 ex
491 959 659 1014 Dione
692 959 849 1030 longe
876 967 999 1028 post
1023 965 1392 1014 terrmmotum
1422 955 1848 1020 Antiochenam,
1867 953 1963 1021 qui

388 1053 492 1109 sub
522 1053 702 1122 ipsum
735 1053 897 1107 ﬁnem
930 1051 1060 1106 anni
1094 1049 1375 1120 sequentis
1402 1047 1652 1117 contigit,
1684 1061 1748 1102 ea
1786 1045 1967 1116 rebel-

390 1144 467 1202 lio
494 1145 564 1198 ad
595 1160 799 1198 annmn
833 1143 962 1226 illi,
990 1157 1101 1212 quo
1128 1142 1182 1196 in
1213 1141 1486 1197 Chronico
1524 1139 1747 1195 Eusebii
1774 1152 1966 1194 narra-

393 1245 450 1289 tu
460 1250 504 1294 r,
547 1234 897 1290 retrahenda.
1656 1272 1663 1280 .

463 1324 604 1382 Ibid.
644 1325 846 1384 Juda’is
885 1325 939 1378 in
979 1324 1365 1393 Mesopotamia
1409 1321 1809 1378 rebellantibus.
1836 1318 1968 1376 Par-

393 1417 599 1472 mensis
653 1430 782 1480 ms.,
836 1415 1042 1472 Iudicis
1083 1415 1524 1485 Mesopotamiam
1561 1412 1978 1469 rebellantibus:

393 1506 622 1561 Palatini
675 1515 880 1572 autem,
933 1505 1145 1561 Iudaeis
1196 1507 1249 1559 in
1299 1505 1703 1574 Mesopotamia,
1751 1511 1856 1557 etc.
1895 1501 1972 1558 De

393 1594 569 1666 Lysia:
590 1596 765 1662 Quieti
791 1597 1008 1652 nomine
1031 1605 1087 1651 et
1117 1595 1263 1650 varia
1303 1595 1572 1665 scriptura
1601 1591 1802 1648 vidcsis
1833 1591 1972 1653 Pon-

398 1689 504 1744 taci
533 1688 733 1744 Notas:
768 1688 966 1758 quibus
987 1687 1128 1743 adde
1159 1703 1222 1742 ex
1255 1686 1456 1752 Goaro,
1498 1685 1662 1741 etiam
1694 1684 1749 1737 in
1779 1697 1844 1738 eo
1874 1681 1972 1736 de-

397 1789 610 1847 ccptmn
663 1752 835 1834 fuisse
885 1766 1316 1841 Casaubonumf
1342 1775 1489 1846 quod
1530 1776 1608 1830 ait
1640 1789 1707 1829 ex
1741 1772 1969 1829 alterius
1997 1752 2045 1812 Β

396 1870 524 1933 ﬁde,
563 1869 787 1926 Lusium
839 1871 1007 1925 scribi
1047 1871 1100 1924 in
1152 1869 1501 1941 Syncelliano
1548 1867 1738 1924 codice
1776 1864 1970 1919 biblio-

398 1961 570 2016 thecae
603 1963 780 2032 regiae.
833 1961 1072 2031 Scaliger
1122 1962 1174 2016 in
1224 1962 1342 2017 suis
1375 1959 1734 2016 Collectaneis
1779 1958 1845 2012 de
1873 1971 1974 2011 suo

399 2051 681 2118 rescripsit
712 2052 970 2122 Κοιήτῳεε
1007 2052 1149 2122 apud
1176 2051 1497 2113 Eusebium,
1529 2048 1666 2103 Hist.
1703 2046 1846 2102 Eccl.
1879 2045 1973 2100 lib.

399 2159 477 2212 tv,
513 2158 566 2198 c.
594 2143 648 2207 2,
684 2144 1144 2216 ΛουκίῳΚοίντῳ
1178 2145 1396 2215 legitur,
1434 2152 1490 2199 et
1514 2143 1656 2212 apud
1704 2139 1974 2209 Nicepho‘

401 2251 520 2290 rum
569 2237 784 2304 Λουκίῳ
837 2238 1072 2307 Κυέτῳτ
1121 2237 1213 2291 alii
1249 2237 1462 2293 codices
1506 2234 1720 2290 Valesio
1771 2231 1976 2288 laudati

399 2328 604 2397 Κυήτῳ
647 2330 964 2398 praeferunt.
1003 2329 1225 2384 Videtur
1273 2328 1480 2398 jamdiu
1531 2326 1658 2382 olim
1712 2324 1862 2378 Lucii
1891 2321 1976 2376 vel

306 2461 326 2477 .
403 2420 602 2483 Luscii,
656 2423 961 2478 Romanum
1012 2437 1233 2490 nomen,
1281 2421 1334 2474 in
1375 2420 1621 2474 Grazeum
1672 2416 1830 2472 aliine
1880 2417 1978 2470 de-

407 2522 712 2578 pravatum.
745 2511 962 2568 Videsis
1006 2513 1319 2568 Fabrettum
1353 2511 1421 2566 de
1446 2509 1710 2566 Columna
1758 2509 1978 2580 Trajani

409 2621 527 2673 cap.
564 2606 619 2664 l.

477 2696 594 2752 Col.
627 2697 752 2752 466.
786 2696 1120 2752 Salaminam
1144 2698 1320 2751 urbem
1353 2697 1537 2768 Cypri.
1570 2695 1843 2750 Laudatus
1869 2695 1980 2764 prio

408 2791 530 2844 dem
567 2789 843 2862 Scaligero
883 2799 1076 2846 auctor
1118 2790 1273 2844 valde
1304 2790 1480 2845 bonus
1515 2787 1680 2842 libelli
1728 2787 1795 2842 de
1823 2786 1982 2841 Locis

408 2881 826 2949 apostolicorum
880 2883 1115 2934 Actuum
1176 2879 1360 2948 (quem
1415 2887 1746 2946 praepostero
1775 2874 1984 2945 judicio

412 2972 837 3042 przctermissum
872 2987 902 3026 a
932 2972 1274 3036 Martianmo,
1305 2985 1407 3025 nos
1435 2969 1576 3023 inter
1609 2966 1986 3038 Hieronymia-

413 3081 481 3120 na
514 3080 678 3132 opera
713 3064 765 3118 in
810 3063 1105 3132 appendice
1151 3063 1326 3117 altera
1359 3072 1492 3115 tom.
1533 3061 1599 3116 Ill
1649 3059 1982 3129 postliminio

414 3158 774 3226 restituimus)
827 3158 908 3212 sic
938 3157 1143 3211 habet:
1191 3154 1449 3219 Salamis,
1493 3153 1680 3208 civitas
1715 3156 1769 3207 in
1808 3151 1982 3221 Cypro

413 3251 614 3312 insula,
641 3267 777 3304 nunc
807 3248 1116 3303 Constantia
1173 3248 1340 3314 dicta,
1381 3263 1539 3316 quam
1572 3245 1791 3313 Trajani
1831 3246 1980 3313 prin-

413 3345 546 3411 cipis
577 3351 806 3411 tempore
832 3342 1024 3406 Judwi,
1055 3341 1336 3410 interfectis
1367 3339 1609 3394 omnibus
1641 3336 1858 3401 accolis,
1890 3336 1986 3391 dc-

415 3437 666 3492 laverunt.

489 3531 603 3585 Col.
636 3529 760 3584 4.65.
799 3528 1062 3598 Trajanus
1093 3524 1341 3580 morbo...
1369 3525 1524 3591 perit.
1555 3523 1846 3590 Receptior
1883 3521 1985 3576 ist-

418 3629 535 3682 baec
586 3623 852 3679 Sententia
884 3630 968 3678 est
1016 3628 1278 3680 veterum,
1332 3618 1538 3681 Dionis,
1583 3614 1868 3684 Xiphilini,
1909 3623 1989 3669 at-

417 3734 526 3788 que
553 3717 807 3778 aliorum,
836 3713 1006 3768 altera
1037 3713 1104 3766 de
1136 3710 1381 3766 Seleucia
1411 3707 1655 3771 Isauriae,
1679 3722 1799 3777 qua:
1827 3706 1989 3761 unius

419 3822 504 3866 est
553 3817 812 3880 quantum
871 3804 1150 3870 recordor,
1185 3800 1452 3870 Eutropii,
1505 3815 1570 3854 ex
1626 3813 1735 3869 quo
1782 3796 1990 3867 reliqua

419 3879 584 3970 bujns
630 3899 894 3969 periocha:
928 3896 1096 3952 verbo
1126 3903 1286 3951 tenus
1319 3892 1592 3961 descripta
1612 3879 1774 3946 ‘sunt.
1813 3888 1990 3943 Caete-

420 4009 542 4048 rmn
571 3967 641 4046 de
666 3990 886 4061 Trajnni
909 3995 1087 4054 aetate,
1107 3998 1168 4041 ut
1195 3992 1440 4040 notatum
1461 3993 1545 4038 est
1564 3982 1724 4038 etiam
1751 3967 1998 4059 Schurz¥

420 4085 690 4148 ileischio,
727 4096 832 4138 non
883 4079 1140 4138 convenit
1182 4078 1324 4134 inter
1373 4086 1645 4132 auctores.
1681 4055 1994 4143 Xi‘philinus

422 4194 602 4234 annos
635 4185 889 4246 supputat
925 4175 1016 4236 60,
1042 4187 1256 4228 menses
1291 4169 1381 4236 i0,
1413 4169 1529 4225 dies
1553 4169 1624 4224 24
1646 4168 1793 4234 ;’Ξοὶο
1823 4183 1998 4224 annos

423 4273 513 4337 6|,
543 4285 760 4326 menses
810 4267 864 4331 6,
909 4265 1026 4322 dies
1060 4265 1166 4332 15;
1223 4265 1417 4334 repetit
1445 4261 1588 4316 enim
1632 4260 1842 4330 imperii
1889 4260 1994 4315 ini-

423 4368 558 4422 tium
603 4365 672 4420 ab
718 4364 892 4418 aetatis
928 4377 1018 4416 an.
1071 4359 1181 4426 42;.
1221 4355 1515 4425 Eutropius
1547 4354 1638 4422 62,
1680 4368 1895 4409 menses
1935 4354 1991 4418 9,

2061 493 2382 554 concurrit:
2422 505 2592 560 quare
2643 488 2816 558 pergit
2876 499 3102 555 peccare
3159 479 3412 536 nonnihil
3458 474 3633 530 Euse-

2061 588 2184 642 bius
2230 585 2284 640 in
2337 592 2640 651 temporum
2687 576 3111 647 comparatione.
3161 571 3406 640 Scaliger
3447 575 3636 621 autem

2062 679 2278 736 solitum
2331 689 2572 732 errorem
2631 680 2820 726 contra
2877 665 3100 722 Eusebii
3169 663 3407 718 rationes
3451 665 3636 720 errat,

2062 773 2216 829 initia
2247 767 2502 825 Hadriani
2531 777 2865 834 componens
2892 774 3018 814 cum
3067 754 3270 812 Christi
3303 755 3427 818 H7,
3466 759 3526 806 et
3553 750 3642 804 nio

2063 857 2682 920 hilosecius'Eusebium
2731 855 2797 910 de
2845 851 3050 908 biennii
3097 845 3515 918 prochronismo
3547 857 3642 898 re—

2064 953 2427 1028 prehendens.

2137 1046 2273 1101 lbid.
2309 1044 2574 1098 Adrianus
2630 1039 2858 1094 Italica.
2895 1037 3010 1092 imo
3043 1035 3230 1089 30mm
3257 1027 3467 1084 natum
3509 1026 3641 1082 dicit

2070 1137 2392 1208 Spartianus
2418 1150 2540 1203 cap.
2576 1133 2627 1198 ιλ,
2660 1133 2712 1185 ἰιι
2752 1145 2913 1199 quem
2965 1129 3146 1182 locum
3180 1122 3382 1176 videsis
3433 1120 3642 1174 Casau-

2067 1229 2199 1286 boni
2215 1227 2403 1284 Notas.
2434 1224 2694 1280 Parentes
2721 1221 2939 1290 quidem
2969 1219 3088 1288 ejus
3121 1231 3185 1270 es
3222 1214 3408 1270 ltalica
3447 1210 3647 1277 Hispa-

2071 1322 2176 1377 niae
2202 1327 2398 1376 erant:
2435 1317 2543 1375 sed
2579 1325 2691 1371 tum
2733 1315 2986 1374 fortasse.
3019 1325 3144 1366 cum
3193 1309 3280 1362 hic
3329 1314 3492 1358 natus
3533 1310 3645 1366 est,

2072 1413 2342 1468 rationum
2378 1423 2600 1464 suarum
2647 1420 2809 1464 causa
2848 1404 3033 1458 Roma:
3080 1400 3334 1468 agebant.
3379 1395 3645 1462 Hierony-

2071 1520 2194 1560 mus
2225 1504 2340 1558 haae
2368 1501 2466 1556 abs
2494 1496 2754 1566 Eutropio
2795 1498 2832 1550 Ι.
2866 1511 2984 1557 vui,
3021 1507 3070 1546 c.
3108 1493 3161 1549 6.
3209 1485 3537 1554 desumpsit.

2144 1595 2262 1652 Col.
2299 1592 2423 1648 465.
2451 1565 2714 1647 Adrianus
2766 1585 3171 1648 Alexandriam.
3211 1581 3478 1643 Pernegat
3510 1574 3650 1627 δεη-
3715 1565 3722 1570 ’

2073 1690 2227 1760 liger,
2279 1688 2554 1742 Romanos
2601 1681 2865 1738 evertisse
2935 1691 3171 1744 unquam
3218 1667 3601 1724 Alexandriam
3624 1677 3649 1726 _:

2073 1783 2216 1852 quod
2256 1794 2416 1834 nemo
2478 1790 2714 1846 unquam
2752 1772 2872 1842 ejus
2911 1770 3083 1824 cladis
3137 1761 3464 1818 meminerit.
3499 1754 3650 1822 Quin

2077 1879 2189 1931 imo
2224 1883 2458 1937 tantum,
2492 1868 2692 1938 inquit,
2727 1866 2898 1927 abest,
2932 1872 2993 1917 ut
3031 1855 3368 1914 eatnﬁirbem
3395 1862 3648 1905 eversam

2075 1966 2378 2034 Hadrianus
2425 1958 2746 2023 sublevarit,
2797 1964 2859 2010 ut
2899 1969 3020 2008 cmn
3069 1944 3514 2006 ﬂorentissimam
3546 1938 3650 1990 de-

2075 2058 2475 2131 prehendisset,
2504 2063 2683 2108 vetera
2714 2046 2992 2120 privilegia
3027 2044 3103 2098 illi
3157 2035 3472 2096 reddiderit,
3507 2042 3648 2083 nova

2078 2122 2301 2221 insuper
2323 2145 2614 2203 addiderit.
2649 2144 2710 2196 In
2747 2154 2911 2210 quam
2961 2150 3072 2190 rem
3111 2131 3296 2188 laudat
3329 2129 3504 2192 ipsius
3545 2122 3655 2175 lla.

2078 2216 2251 2299 driani
2281 2237 2565 2311 epistolam
2593 2234 2660 2288 ad
2691 2230 3047 2288 Severianum
3064 2223 3208 2292 apud
3237 2219 3321 2275 Fl.
3349 2216 3647 2285 Vopiscum

2078 2336 2132 2390 in
2169 2331 2486 2390 Saturnino.
2517 2329 2769 2383 Attamen
2801 2336 2911 2376 non
2942 2321 2995 2374 id
3025 2316 3161 2371 satis
3199 2327 3324 2369 esse
3352 2321 3539 2365 causa:
3567 2321 3660 2357 ar-

2077 2427 2269 2489 bitror,
2300 2439 2398 2478 cur
2429 2423 2584 2475 [idem
2616 2414 2823 2470 auctori
2865 2419 3050 2467 nostro
3075 2409 3442 2476 denegemus;
3478 2413 3661 2466 neque

2079 2518 2222 2574 enim
2269 2529 2418 2570 nunc
2445 2513 2662 2568 demum
2698 2516 2782 2563 est
2825 2503 2970 2574 quod
3016 2500 3278 2566 discimus
3313 2495 3384 2549 ab
3433 2507 3500 2548 eo
3533 2490 3658 2545 novi

2080 2607 2302 2678 aliquid,
2330 2614 2388 2660 et
2417 2603 2501 2658 vel
2541 2596 2940 2657 conticentibus
2974 2592 3066 2663 qui
3104 2595 3419 2658 supersunt.
3449 2582 3535 2637 vel
3561 2582 3661 2649 qui

2081 2673 2238 2756 antea
2273 2696 2645 2768 prodiderant,
2694 2683 3181 2758 scriptoribusjam
3232 2676 3551 2749 deperditis.
3593 2673 3663 2726 de

2086 2809 2144 2850 re
2185 2781 2840 2860 eognoscimus.‘Alioqui
2888 2778 3072 2840 licebit
3115 2774 3277 2829 etiam
3334 2775 3660 2836 corruptum

2084 2859 2352 2954 suspicari
2378 2879 2583 2949 jamdiu
2616 2875 2744 2929 olim
2781 2871 3028 2928 Grazcum
3061 2874 3269 2921 textum
3299 2861 3392 2932 qui
3425 2861 3494 2914 de
3525 2859 3666 2910 ’1ου-

2084 2949 2255 3038 balet;
2289 2975 2519 3029 fortasse
2546 2984 2645 3039 pro
2688 2963 2984 3034 Ῥωμαιοις
3022 2967 3211 3014 contra
3258 2949 3667 3008 Alexandrinos

2087 3067 2496 3137 insurgentibus
2527 3062 2766 3117 dixerit:
2802 3065 2950 3114 certe
2997 3067 3120 3108 cum
3157 3048 3301 3119 apud
3349 3043 3664 3115 Syncellum

2087 3161 2220 3216 nihil
2245 3159 2314 3214 sit
2346 3155 2492 3226 quod
2525 3153 2653 3208 huic
2681 3149 2948 3219 periochae
2975 3140 3330 3210 respondeat:
3367 3143 3451 3190 est
3480 3143 3665 3186 tamen

2087 3253 2206 3324 ejus
2254 3225 2442 3318 utique
2479 3248 2599 3301 loco
2628 3248 2871 3304 notatum
2900 3238 2967 3293 de
3001 3229 3382 3290 Alexandrinis
3429 3225 3666 3288 civibus,

2090 3315 2227 3416 quos
2263 3315 2569 3394 Hadrianus
2596 3351 2624 3389 a
2647 3328 3107 3397 tumultuantibus
3127 3321 3329 3390 Iudaeis
3348 3315 3666 3372 vindiearit.

2163 3434 2297 3490 Ibid.
2339 3431 2607 3488 Adrianus
2646 3423 2871 3494 Trajani
2920 3418 3180 3474 invidens.
3213 3409 3420 3468 Confer
3469 3407 3670 3462 Eutro-

2089 3527 2262 3598 pium,
2298 3524 2347 3580 si
2375 3523 2530 3589 libet,
2557 3520 2680 3574 loco
2713 3513 2916 3572 dudum
2952 3508 3196 3572 laudato,
3227 3503 3368 3558 unde
3403 3501 3521 3554 haec
3548 3497 3672 3551 llie-

2092 3590 2374 3687 ronymus,
2435 3621 2492 3669 et
2555 3611 2803 3664 laudatus
2861 3615 3080 3670 quoque
3133 3595 3412 3664 Scaligero
3473 3590 3672 3645 Sextus

2092 3677 2268 3765 Rufus
2311 3677 2622 3770 descripsit.
2675 3696 2829 3752 Facit
2876 3707 3000 3748 cum
3046 3689 3135 3743 his
3169 3687 3330 3741 etiam
3382 3680 3520 3745 Dio;
3575 3677 3673 3732 sed

2093 3798 2422 3870 Spartianus
2451 3769 2738 3849 consilium
2767 3784 2911 3841 istud
2945 3777 3202 3835 lladriani
3231 3775 3384 3844 ponit
3413 3773 3468 3825 in
3496 3769 3676 3824 laudis

2093 3859 2270 3962 parte.
2311 3887 2389 3942 Ex
2421 3886 2508 3940 his
2537 3894 2716 3936 autem
2742 3877 2912 3948 probe
2944 3883 3158 3940 tempus
3187 3865 3484 3921 convenire
3519 3859 3676 3914 intel-

2093 3954 2311 4054 ligimus
2337 3999 2354 4047 ;
2383 3974 2692 4048 provincias
2723 3969 2868 4026 enim
2923 3966 3043 4019 illas
3087 3959 3295 4016 dimisit
3330 3954 3674 4014 Hadrianus,

2094 4053 2219 4134 cum
2269 4081 2412 4128 esset
2450 4064 2738 4123 Antiochia
2787 4060 3018 4115 Romam
3056 4053 3428 4124 proiecturus,
3471 4059 3542 4098 ne
3591 4059 3679 4096 re-

2095 4167 2367 4234 linqueret
2391 4160 2494 4216 sihi
2529 4158 2739 4213 hostem
2765 4167 2795 4206 a
2825 4159 2999 4218 tergo.

2169 4231 2307 4316 Ibid.
2341 4254 2613 4310 Adrianus
2633 4247 2853 4302 Judwos
2885 4240 3049 4309 capit.
3080 4236 3197 4293 lloc
3227 4231 3486 4288 nimirum
3510 4241 3678 4292 anno,

2097 4347 2363 4422 quidquid
2416 4341 2690 4410 Scaligero
2739 4334 3012 4396 videatur,
3061 4342 3159 4398 per
3211 4322 3432 4378 Tinium
3473 4317 3678 4372 Rufum

426 4458 543 4512 dies
568 4456 621 4509 4.
660 4455 752 4508 llis
775 4455 1009 4509 solidum
1040 4466 1240 4506 annum
1269 4448 1536 4518 adjiciunt
1567 4445 1836 4501 Eusebius
1877 4409 2000 4499 sive
2029 4437 2070 4492 υ
2097 4409 2295 4499 ludatis
2324 4433 2632 4509 praesidem,
2674 4436 2734 4483 ut
2784 4421 3040 4481 Petavius
3071 4427 3125 4475 et
3175 4411 3532 4470 Blancbinius
3561 4409 3678 4461 .ob—

428 4551 816 4617 Hieronymus.
862 4543 1058 4598 Sextus
1102 4540 1351 4594 Aurelius
1384 4537 1571 4592 Victor
1620 4535 1711 4600 64,
1744 4533 2000 4590 Chroniei

427 4639 712 4696 Paschalis
739 4648 932 4693 auctor
965 4634 1054 4698 65,
1087 4632 1278 4687 Malala
1311 4631 1401 4688 66.
1432 4631 1597 4700 Pagio
1639 4629 1788 4699 prior
1809 4627 2002 4698 Xiphi-

429 4732 526 4787 lini
558 4729 868 4800 supputatio
901 4724 1164 4796 probatur
1201 4721 1384 4778 unice.
1428 4720 1509 4776 Ms
1542 4719 1853 4775 Parmensis
1899 4717 2005 4773 fer-

431 4840 520 4880 me
549 4839 669 4878 cum
702 4819 963 4890 Eutropio
1000 4814 1433 4886 coltocatajlegit,
1467 4828 1566 4882 pro
1595 4811 1816 4872 collata.
1849 4809 1999 4879 plus-

432 4931 540 4985 que
569 4915 730 4969 habet
763 4929 905 4978 mox,
937 4912 1079 4965 intra
1111 4909 1287 4964 urbem
1323 4908 1376 4960 in
1405 4907 1519 4975 [ora
1542 4903 1779 4974 sepultus
1799 4918 1818 4956 :
1845 4899 2002 4971 quasi

431 5006 667 5062 voluerit
700 5006 904 5060 docere
927 5013 1140 5068 auctor,
1178 5001 1276 5056 soli
1318 5011 1644 5054 concessum
1677 4994 1845 5050 fuisse
1866 4993 2002 5048 Tra-

431 5106 579 5172 jano,
612 5112 718 5154 non
770 5099 912 5152 intra
957 5095 1146 5150 urbem
1194 5091 1388 5154 modo,
1425 5089 1522 5144 sed
1563 5087 1772 5142 medio.
1799 5085 1851 5138 in
1887 5083 2004 5137 l’oro

434 5192 687 5264 sepeliri;
727 5187 929 5258 alioqui
975 5187 1117 5242 enim
1155 5184 1319 5241 certis
1365 5181 1716 5250 antiquorum
1763 5177 2004 5232 testimo-

435 5289 562 5351 niis,
605 5285 800 5340 multos
849 5281 1020 5336 fuisse
1065 5286 1189 5332 ante
1233 5266 1527 5342 Traianum
1579 5267 1814 5339 sepulcri
1865 5266 2004 5320 intra

437 5380 638 5438 Urbem
674 5375 1012 5449 privilegium
1045 5381 1395 5434 consecutos,
1432 5374 1770 5433 compertum
1800 5373 1907 5416 est.

507 5471 626 5526 Col.
679 5467 805 5525 466.
867 5463 1160 5520 Adrianus.
1224 5459 1427 5527 Utique
1496 5473 1523 5508 a
1583 5451 1809 5521 Trajani
1864 5464 2008 5505 mor-

441 5574 514 5624 te,
545 5577 664 5630 qme
697 5575 840 5613 anno
861 5558 1036 5627 primo
1059 5550 1387 5624 Olympiadis
1407 5548 1513 5602 29.4
1537 5547 1624 5601 die
1653 5544 1863 5600 decima
1900 5543 2009 5594 Au-

438 5653 578 5721 gusti
625 5649 873 5718 contigit.
929 5643 1144 5701 tametsi
1179 5657 1274 5711 per
1318 5639 1526 5707 aliquot
1565 5638 1682 5692 dies
1738 5633 2006 5690 occultata

442 5751 549 5809 est,
583 5741 842 5797 lladriani
871 5737 1082 5806 imperii
1109 5735 1261 5794 initia
1301 5730 1586 5806 repetenda
1619 5736 1767 5785 sunt.
1801 5725 1894 5782 llic
1921 5741 2008 5781 ve-

2103 4497 2340 4589 servant:
2369 4513 3068 4593 ldipsumluculentissime
3121 4507 3180 4562 S.
3229 4504 3589 4572 Hieronymus
3627 4497 3680 4550 in

2103 4589 2513 4678 Commentario
2537 4613 2591 4667 in
2613 4607 2890 4665 Danielem
2913 4619 3035 4673 cap.
3051 4617 3128 4663 ιχ,
3155 4598 3260 4653 sub
3278 4596 3459 4657 tinctu,
3482 4589 3682 4644 tradit:

2106 4714 2222 4780 Quo
2259 4716 2461 4765 mortuo
2506 4695 2909 4774 (Vespasiano),
2948 4689 3233 4747 transactis
3263 4696 3456 4753 septem
3486 4679 3680 4734 hebdo—

2106 4806 2294 4870 madis,
2329 4803 2382 4855 id
2405 4809 2478 4852 est
2501 4795 2656 4850 annis
2684 4787 3040 4862 quadraginta
3067 4797 3266 4842 novem,
3302 4787 3352 4831 et
3375 4791 3479 4844 quo
3501 4783 3683 4838 postea

2104 4899 2170 4951 de
2200 4866 2372 4948 ruinis
2421 4886 2714 4944 Jerusalem
2749 4881 2871 4934 urbs
2914 4875 3067 4932 lElia
3096 4872 3333 4926 ’condita
3377 4877 3479 4924 est.
3511 4866 3680 4917 rebel-

2107 4988 2275 5042 lantes
2301 4980 2538 5038 Judwos,
2585 4974 2740 5028 Tinio
2769 4968 2919 5036 (alibi
2966 4966 3042 5020 ita
3091 4960 3391 5017 ferentibus
3441 4970 3575 5008 mss.
3608 4952 3681 5005 le-

2105 5063 2254 5135 ctum
2288 5083 2372 5130 est
2398 5070 2569 5138 Time)
2601 5065 2744 5134 Rufo
2788 5060 3045 5129 magistro
3086 5053 3348 5109 exercitus
3393 5053 3682 5118 pugnante,

2105 5167 2392 5241 superauit.
2417 5161 2587 5217 Plura.
2613 5157 2861 5212 dicemus
2891 5153 2994 5206 hac
3018 5151 3086 5204 de
3115 5161 3175 5200 re
3206 5143 3346 5198 inl‘ra
3379 5139 3448 5195 ad
3476 5150 3682 5191 annum

2108 5228 2366 5320 Hadriani
2407 5266 2684 5317 octavum,
2726 5256 2840 5318 quo
2870 5246 2994 5298 loco
3034 5251 3087 5296 et
3130 5239 3390 5301 iaciemus
3421 5228 3682 5302 Scaligeri

2107 5347 2507 5422 objectionihus
2545 5340 2702 5398 satis.

2177 5414 2295 5500 ἆζοι.
2327 5438 2455 5494 466.
2483 5434 2752 5490 Adrianus
2781 5422 3189 5499 eruditissimus.
3219 5417 3464 5479 Rectius,
3491 5414 3687 5468 obser-

2109 5547 2272 5593 vante
2300 5530 2599 5598 Scaligero,
2641 5525 2747 5579 hoc
2793 5517 3096 5590 pertinebat
3131 5513 3198 5568 ad
3255 5510 3468 5565 titulum
3521 5504 3684 5577 primi

2111 5624 2261 5681 anni.
2294 5617 2492 5674 Confer
2523 5612 2832 5668 Cedtenum
2875 5607 2930 5659 in
2967 5603 3160 5672 Comp.
3193 5618 3310 5671 pag.
3346 5598 3467 5654 197.

2180 5716 2298 5774 Col.
2332 5711 2454 5770 665.
2488 5708 2756 5764 Adrianus
2791 5701 2993 5770 reliqua
3022 5696 3360 5752 tributorum.
3389 5692 3679 5761 Perperna;

3861 5847 3893 6055 l
