4014 6196
330 323 468 388 10⁸17

1607 336 1696 394 VA
1707 337 1848 398 LLA
1859 337 2015 398 HSlI
2049 337 2267 400 NOTAE

3445 345 3578 410 10⁸18

329 442 490 532 habet
525 440 768 532 Scaliger
807 443 1124 500 tributorum
1167 446 1345 515 Urbis,
1381 450 1606 520 perinde
1637 462 1804 526 atque
1835 463 1902 512 de
1930 457 1974 515 A
2067 456 2190 515 .Col.
2224 458 2350 514 465.
2404 458 2656 514 Romanae
2696 457 2944 529 Ecclesia:
2975 465 3178 526 sextus.
3223 458 3421 524 Recole
3452 477 3574 532 qua:

329 529 515 585 Romae
571 531 814 598 tributis,
854 549 964 589 non
1017 538 1438 607 provinciarum,
1496 557 1676 599 sermo
1711 554 1899 611 esset,

331 635 433 676 nec
478 621 619 677 bene
667 623 816 678 addit
847 624 900 679 in
951 626 1157 684 Graecis
1206 642 1332 700 post
1377 634 1585 688 πόλεων
1635 638 1904 698 verbum:

329 713 423 766 καί
451 712 706 778 πολιτῶν,
736 731 857 782 quae
891 726 1073 773 tamen
1106 721 1174 776 ab
1214 721 1542 793 interpolato
1582 741 1612 781 e
1658 727 1905 802 cedreno

330 809 561 875 accepit.
604 807 888 878 lmpressre
937 810 1155 868 lectioni
1207 817 1479 871 calculum
1531 818 1741 874 addunt
1788 823 1904 890 pari

330 910 602 951 consensu
633 899 836 962 quibus
871 901 1077 956 utimur
1127 918 1287 968 mss..
1355 915 1470 960 tum
1521 906 1904 981 Cassiodorus,

331 986 568 1058 denique
620 991 862 1046 omnium
935 994 1367 1055 luculentissime
1435 1011 1591 1058 vetus
1653 1005 1906 1061 collectio

330 1077 722 1136 Chronicorum
775 1098 840 1137 ex
883 1082 1288 1155 Thoromacho,
1321 1091 1412 1146 ubi
1445 1093 1644 1150 tributa
1695 1098 1904 1153 urbium

327 1171 680 1238 plurimarum
720 1175 1000 1236 relaxavit.
1036 1178 1172 1235 Rem
1222 1183 1396 1251 ipsam
1439 1187 1583 1256 quod
1645 1191 1903 1258 pertinet,

332 1261 596 1353 videndus
623 1268 848 1321 oninin‘o
873 1268 1176 1328 Salmasius
1220 1276 1273 1330 in
1301 1275 1456 1334 Notis
1500 1281 1567 1335 ad
1615 1282 1702 1337 illa
1734 1283 1902 1353 Spar-

334 1351 464 1405 tiani
520 1369 574 1422 p.
606 1356 684 1410 ιε
728 1357 808 1410 Ad
843 1360 1191 1431 colligendam
1245 1379 1420 1422 autem
1468 1373 1701 1437 gratiam
1759 1351 1896 1428 nihil

328 1447 730 1534 praetermittens
757 1448 1106 1520 (Hadrianus)
1141 1455 1408 1520 infinitam
1451 1464 1749 1529 pecuniam,
1787 1480 1907 1534 qua:

328 1531 458 1621 fisco
494 1533 792 1597 debebatur,
835 1542 1058 1604 priuatis
1101 1544 1419 1602 debituribus
1452 1550 1506 1603 in
1551 1550 1685 1606 Urbe
1747 1531 1905 1621 atque

329 1613 515 1685 Italia,
545 1627 598 1680 in
622 1631 906 1696 prouinciis
935 1649 1058 1688 vero
1080 1636 1240 1689 etiam
1289 1653 1356 1692 ex
1394 1639 1630 1709 reliquiis
1666 1613 1903 1713 ingentes

323 1720 560 1770 autumas
616 1721 838 1784 remisit,
902 1728 1217 1795 syngraphis
1259 1730 1314 1784 in
1358 1730 1479 1800 [ora
1521 1732 1762 1802 Traiani,
1798 1752 1902 1800 qua

2007 547 2152 604 dicta
2186 564 2434 622 superius
2487 559 2614 606 sunt
2661 551 2726 606 de
2771 551 3100 607 Alexandro.
3154 551 3506 606 Blanchinius
3552 568 3582 606 a

2007 641 2289 708 superiore
2347 657 2513 707 anno,
2555 641 2642 697 die
2697 641 2730 694 7
2776 641 2948 708 Junii,
3007 641 3146 698 Sixti
3199 641 3580 698 Pontiﬁcatum

2008 730 2346 800 auspicatur.
2687 755 2757 776 π-ιο

2076 822 2214 878 Ibid.
2247 820 2564 877 Plutarchus
2596 823 2935 879 Chananeus.
2973 822 3126 896 Onod
3169 824 3421 895 queritur
3453 824 3584 881 Sca-

2006 910 2166 979 liger,
2194 912 2460 968 omissum
2496 913 2552 968 in
2577 913 2779 969 Graecis
2809 914 2965 984 culpa
2995 914 3212 986 Georgii
3247 925 3342 972 aut
3362 915 3574 972 librarii

2005 1000 2370 1068 OEnomaum,
2451 1003 2750 1067 decurtato,
2797 1019 2905 1072 quo
2953 1005 3224 1071 utebatur,
3270 1010 3583 1078 apographo

2006 1094 2350 1149 tribuendum
2383 1104 2522 1162 erat,
2556 1103 2618 1151 ut
2650 1111 2715 1150 ex
2761 1095 2844 1151 his
2879 1111 3000 1167 quae
3030 1097 3315 1155 laudamus
3362 1114 3462 1153 nos
3517 1099 3583 1152 li-

2007 1196 2157 1255 quet.
2189 1186 2417 1242 Fallitur
2448 1195 2503 1244 et
2552 1189 2606 1243 in
2657 1204 2724 1246 eo
2760 1189 2844 1244 vir
2872 1189 3242 1253 doctissimus,
3297 1192 3442 1261 quod
3483 1191 3578 1257 ait,

2009 1292 2116 1331 non
2149 1293 2306 1346 posse
2340 1279 2483 1334 hunc
2513 1293 2634 1335 esse
2665 1282 2912 1341 eumdem
2939 1279 3276 1336 (Euomaum
3307 1296 3429 1335 cum
3461 1279 3583 1336 Ga-

2008 1367 2224 1422 darensi
2255 1367 2484 1440 Cynico,
2542 1385 2665 1424 cum
2701 1369 2776 1425 sit
2816 1370 2974 1440 plane
3012 1369 3176 1432 idem,
3215 1379 3268 1425 et
3315 1372 3419 1426 sub
3471 1371 3580 1425 Ha-

2006 1459 2200 1516 driano
2231 1461 2496 1526 ﬂoruerit,
2531 1471 2590 1514 ut
2614 1475 2680 1514 ex
2713 1462 2868 1529 ipsis,
2893 1476 3030 1528 quos
3065 1461 3248 1515 laudat
3287 1461 3401 1523 ille,
3435 1462 3570 1516 scri-

2008 1549 2256 1620 ptoribus
2284 1549 2446 1605 Suida
2480 1559 2534 1604 et
2561 1549 2788 1604 Socrate
2819 1549 3040 1612 lib.-m,
3071 1565 3120 1604 c.
3154 1549 3247 1612 23,
3282 1558 3394 1603 tum
3441 1551 3582 1616 aliis,

2007 1651 2136 1712 puta
2171 1641 2404 1696 Eusebio
2442 1642 2616 1710 Pracp.
2661 1640 2866 1709 Evang.
2903 1641 2998 1695 lib.
3051 1657 3080 1694 v
3136 1651 3192 1696 et
3241 1657 3318 1702 vr.
3367 1640 3584 1696 .lnliano

2010 1735 2141 1802 imp.
2167 1742 2308 1789 orat.
2349 1734 2401 1797 7,
2423 1732 2729 1802 Nicephoro
2756 1733 2851 1787 lib.
2883 1749 2939 1792 κ.
2967 1747 3088 1801 cap.
3119 1732 3210 1795 56,
3243 1731 3579 1787 Theodorito

324 1811 493 1877 magis
527 1815 783 1867 securitas
827 1821 1066 1875 omnibus
1098 1823 1458 1890 roboraretur,
1506 1801 1755 1886 incensis.
1787 1829 1899 1884 Nec
1932 1801 1976 1860 Β
2003 1825 2330 1895 Therapeut.
2358 1839 2412 1877 vi
2438 1833 2494 1878 et
2537 1801 2594 1885 δέ,
2638 1832 2975 1893 compertum
3011 1835 3112 1877 est.
3149 1823 3282 1877 Vide
3331 1822 3579 1879 Junsiuin

325 1909 844 1970 praetermittendum
894 1915 1038 1983 quod
1095 1916 1336 1989 Scaliger
1387 1921 1551 1983 huius
1609 1923 1899 1977 occasione

322 1996 427 2050 loci
456 1997 884 2066 pulcherrimum
911 2007 1218 2076 exemplum
1261 2008 1579 2066 indictionis
1603 2014 1743 2081 apud
1774 2011 1900 2067 Dio-

327 2101 452 2141 nem
487 2088 580 2143 lib.
613 2105 740 2145 ιιιι
785 2093 1062 2156 observat,
1091 2097 1181 2151 ubi
1208 2096 1410 2152 dicitur
1456 2097 1784 2164 Hadrianus,
1811 2115 1899 2154 re-

326 2177 543 2233 misisse
569 2181 770 2236 tributa
796 2190 1095 2250 prtestt'tuto
1118 2198 1348 2254 tempore
1371 2205 1633 2243 annorum
1655 2190 1898 2255 sedecim,

323 2266 717 2352 ἑκκαιδεκαετῆ
751 2274 942 2341 ὁρίσας
989 2277 1206 2346 χρόνην.
1248 2278 1340 2350 ἀφ’
1375 2273 1437 2333 οὗ
1465 2298 1526 2334 τε
1573 2283 1670 2334 καὶ
1706 2283 1900 2352 μέχρις

2005 1917 2105 1972 hac
2141 1931 2305 1986 super
2336 1931 2394 1970 re
2428 1913 2567 1969 Hist.
2604 1914 2742 1968 Phil.
2794 1929 2915 1982 pag.
2950 1913 3078 1968 243.

2069 2006 2189 2062 Col.
2224 2007 2350 2062 466.
2387 2005 2768 2061 Alexandriam
2804 2004 3052 2060 Ecclesia:
3088 2005 3327 2075 quintus.
3368 2003 3583 2059 Omissa

2002 2113 2282 2168 perperam
2320 2098 2436 2152 haec
2465 2106 2548 2152 cst
2586 2112 2615 2149 a
2648 2094 2926 2166 Scaligero
2961 2095 3246 2164 periocha,
3275 2111 3397 2164 qua-
3444 2101 3499 2148 et
3527 2096 3580 2148 in

2000 2190 2275 2261 plerisque
2309 2205 2436 2243 mss.
2481 2203 2634 2258 teque
2663 2197 2830 2257 atque
2857 2186 3022 2242 editis
3051 2187 3206 2242 libris
3249 2187 3499 2247 habetur,
3530 2194 3586 2242 et

2001 2282 2066 2334 ad
2121 2279 2484 2335 Eusebianum
2537 2286 2848 2334 contextum
2899 2279 3124 2333 omnino
3166 2278 3422 2347 pertinet.
3457 2275 3575 2330 Va-

320 2351 382 2411 οὖ
432 2364 842 2430 τηρηυήσεσοαι
871 2366 1028 2420 τοῦτο
1080 2369 1325 2438 ἔμελλεν,
1369 2373 1509 2427 unde
1553 2384 1604 2428 et
1636 2351 1900 2445 quousque

2005 2372 2145 2427 riant
2178 2387 2310 2427 vero
2340 2371 2502 2426 iidem
2556 2371 2677 2425 libri
2711 2371 2763 2424 in
2814 2385 3108 2437 annorum,
3139 2385 3234 2440 per
3274 2384 3414 2438 quos
3446 2368 3586 2424 dici-

320 2450 420 2505 hoc
445 2453 712 2508 obseruari
752 2458 920 2513 vellet.
973 2458 1160 2529 Spatio
1192 2461 1400 2516 scilicet
1440 2479 1706 2518 annorum
1747 2467 1902 2521 sede-

322 2544 428 2597 cim
456 2561 470 2597 :
503 2552 582 2599 tot
612 2547 758 2601 enim
792 2550 918 2603 anni
948 2562 1076 2604 sunt
1106 2553 1174 2607 ab
1221 2553 1522 2609 indictione
1548 2557 1614 2609 ad
1648 2557 1901 2612 indictio.

324 2650 447 2688 nem
477 2635 761 2700 inclusive,
786 2639 860 2693 ita
894 2649 952 2694 ut
973 2649 1158 2698 sextus
1178 2644 1423 2701 decimus
1449 2661 1628 2702 annus
1653 2647 1727 2702 sit
1755 2648 1902 2716 prin-

321 2727 520 2793 cipium
572 2732 826 2815 secunda:
870 2733 1216 2801 indictionis,
1249 2753 1357 2806 quo
1383 2752 1548 2794 sensu
1579 2754 1698 2794 eam
1741 2749 1900 2794 vocat

318 2817 711 2890 ἑκκαιδεκαετῆ
735 2826 925 2892 χρόνῡν
949 2827 1448 2894 ;quemadmodum
1474 2830 1696 2900 quintus
1718 2847 1897 2887 annus
1947 2867 1949 2874 ι

317 2919 397 2962 est
428 2910 754 2981 principium
805 2915 1060 2970 secundae
1101 2917 1447 2989 Olympiadis.
1494 2920 1716 2976 Accedit
1749 2923 1897 2992 quod

317 3015 382 3056 eo
415 3017 562 3058 anno
585 3004 802 3060 decimo
826 3019 1007 3072 sexto,
1035 3019 1093 3063 ut
1119 3011 1321 3082 Pagius
1351 3026 1417 3067 ex
1463 3012 1685 3068 laudato
1717 3015 1900 3072 Dionis

318 3095 415 3150 lib.
443 3112 568 3151 mx
600 3099 872 3164 observat,
907 3101 1217 3157 Hadrianus
1244 3117 1340 3156 sua
1403 3114 1524 3158 erat
1565 3106 1900 3174 quindecen-

318 3188 463 3244 nalia
489 3190 1112 3258 cclebraturusiﬁzetera
1141 3193 1275 3247 nihil
1309 3209 1609 3262 moramur,
1643 3212 1767 3267 quae
1791 3199 1896 3253 huc

319 3283 490 3335 multa
521 3297 549 3336 a
580 3281 859 3353 Scaligero
894 3293 1084 3338 contra
1118 3285 1602 3357 llierouymianam
1630 3289 1894 3360 interpre-

319 3375 574 3428 tationem
635 3383 887 3445 congesta
936 3385 1102 3431 sunt:
1151 3378 1591 3448 quandoquidem
1642 3396 1765 3436 cum
1815 3397 1882 3436 eo

318 3465 505 3536 pedem
536 3464 840 3538 Salmasius
873 3467 1122 3529 contulit,
1165 3477 1221 3522 et
1246 3471 1392 3538 quod
1422 3479 1537 3524 erat
1573 3481 1886 3526 nostrarum

315 3560 574 3628 partium,
606 3567 827 3612 strenue
875 3560 1293 3628 prteoccupavit.
1324 3561 1549 3616 Placent
1596 3562 1717 3630 eius
1765 3579 1890 3617 cum

314 3651 504 3720 prim‘s
543 3650 768 3704 isthrec:
827 3649 1018 3703 Mirum
1084 3662 1189 3716 est,
1257 3651 1673 3724 Hieronymum,
1746 3657 1892 3726 quod

315 3757 434 3794 erat
459 3743 514 3794 in
546 3741 736 3796 Graeco
767 3740 1008 3806 Eusebii,
1049 3743 1146 3797 καὶ
1185 3745 1484 3814 Ῥωμαίοις
1517 3748 1716 3818 φόρους
1761 3748 1894 3801 πολ-

313 3833 442 3896 λοὺς
485 3835 797 3902 ἐχαρίσατο,
845 3833 1211 3890 Romanorum
1257 3851 1448 3892 nomen
1495 3838 1893 3907 suppressisse,

314 3935 368 3977 et
398 3927 643 3990 vertisse,
688 3926 945 3994 plurimos
973 3927 1185 3980 tributis
1210 3926 1402 3982 liberos
1437 3930 1576 3997 fecit.
1624 3928 1739 3983 Non
1791 3930 1893 3984 du-

317 4017 466 4071 bium
506 4026 611 4080 est,
643 4019 772 4088 quin
809 4018 1092 4086 Eusebius,
1125 4021 1205 4076 vel
1235 4031 1427 4076 auctor
1460 4024 1601 4078 unde
1632 4023 1897 4082 Eusebius

313 4109 567 4178 sumpsit,
614 4126 710 4180 per
747 4109 1048 4180 Ῥωμαίους
1099 4112 1246 4168 cives
1300 4113 1538 4176 urbanos
1573 4126 1628 4170 et
1680 4116 1895 4171 Italicos

314 4201 673 4256 intellexerit:
709 4217 804 4271 per
834 4203 1021 4266 πόλεις
1063 4219 1194 4259 vero
1248 4209 1345 4261 καὶ
1380 4207 1626 4271 πολίτας,
1677 4209 1895 4277 provin-

313 4291 429 4348 cias
467 4300 522 4347 ct
551 4293 936 4362 provinciales.
964 4293 1098 4350 Nam
1129 4295 1232 4350 sub
1261 4294 1537 4351 Hadriano
1579 4297 1766 4352 adhuc
1793 4298 1894 4353 ob-

316 4385 640 4444 servabatur
673 4385 801 4440 illud
837 4385 1128 4442 discrimen
1153 4387 1296 4441 inter
1331 4388 1477 4443 cives
1504 4387 1780 4444 Romanos
1841 4397 1894 4444 et

316 4475 702 4547 provinciales,
753 4477 893 4547 quod
928 4487 1113 4548 postea
1161 4478 1435 4534 sublatmu
1478 4491 1562 4535 est
1609 4479 1724 4550 lege
1769 4480 1883 4534 Au-
1917 4483 1959 4538 D

315 4565 485 4620 tonini
548 4565 653 4632 Pii,
695 4580 803 4636 qua
857 4565 1050 4622 civitas
1096 4568 1353 4625 omnibus
1381 4569 1528 4628 data.
1569 4569 1633 4625 ι).
1686 4571 1885 4625 lliero-

318 4670 536 4725 uymus,
579 4670 703 4710 cum
762 4657 829 4712 ad
881 4666 1094 4714 aetatem
1142 4675 1298 4714 suam
1356 4661 1680 4729 respiciens.
1735 4663 1900 4717 sciret

314 4759 505 4800 omnes
532 4746 677 4801 cives
702 4761 822 4803 esse
843 4747 1138 4811 Romanos,
1166 4749 1218 4803 in
1250 4752 1508 4804 versione
1531 4750 1750 4805 Eusebii
1781 4751 1900 4818 plu-

315 4837 478 4890 rimos
510 4851 608 4905 pro
635 4837 899 4893 Romanis
944 4838 1148 4909 posuit,
1186 4853 1310 4894 cum
1359 4840 1491 4894 satis
1542 4839 1610 4893 de
1639 4838 1898 4894 Romanis

315 4924 520 4978 dictum
555 4933 767 4992 putaret
795 4926 903 4980 illis
945 4926 1152 4990 verbis,
1186 4927 1392 4982 tributa
1428 4927 1644 4982 urbibus
1676 4929 1895 4982 remisit.

317 5016 454 5070 Nam
489 5017 674 5084 utique
707 5017 869 5072 urbes
915 5019 1022 5074 illa;
1065 5031 1222 5074 erant
1268 5021 1565 5076 Romamn:
1603 5035 1702 5076 cur
1734 5019 1900 5092 igitur

315 5122 456 5176 opus
480 5110 736 5178 repetito,
777 5109 1031 5166 Rontanis
1055 5111 1254 5167 tributa
1284 5113 1610 5169 indulsisse?
1647 5112 1897 5168 Notanda

313 5207 369 5252 et
408 5199 525 5254 btec
553 5199 857 5256 diﬂ‘erentia
903 5206 1047 5273 apud
1094 5203 1386 5259 Eusebium
1422 5203 1474 5256 in
1529 5202 1755 5267 Graecis,
1809 5219 1896 5256 ur-

315 5290 474 5346 bibus
501 5293 741 5361 quidem,
774 5293 826 5347 id
858 5304 942 5349 est
975 5295 1294 5363 provinciis,
1331 5294 1535 5364 reliqua
1571 5296 1896 5350 tributorum

315 5382 564 5438 remissa.
623 5383 701 5438 ita
741 5384 886 5438 enim
939 5393 1088 5440 recte
1140 5386 1303 5442 vertit
1363 5385 1750 5456 Hieronymus.
1786 5384 1898 5438 τῶν

312 5474 492 5543 χρεῶν
520 5475 765 5544 ὀφειλάς.
800 5475 1062 5533 Romanis
1098 5493 1244 5544 vero,
1277 5478 1422 5548 quod
1473 5477 1542 5533 de
1573 5477 1784 5532 civibus
1812 5477 1897 5531 iu-

312 5574 605 5633 terpretor,
637 5568 836 5622 tributa
870 5569 984 5637 ipsa
1010 5570 1277 5624 remissa:
1333 5586 1458 5624 nam
1505 5571 1610 5626 hoc
1651 5571 1704 5624 in
1755 5568 1899 5623 lutu-

312 5673 458 5719 rum,
493 5659 625 5714 illud
663 5660 718 5713 in
757 5660 1107 5729 praeteritum.
1143 5661 1344 5717 C:etcra
1396 5663 1535 5730 apud
1570 5676 1690 5716 cum
1746 5676 1896 5716 reco-

313 5753 392 5805 las
427 5751 589 5816 etiam
631 5768 725 5822 per
756 5752 1151 5823 subsequentes
1183 5753 1257 5810 ibi
1297 5763 1405 5809 trcs
1430 5752 1623 5809 Notas.

2001 2471 2088 2517 tur
2120 2463 2350 2525 sedisse,
2389 2477 2656 2529 numero;
2695 2462 2905 2532 primus
2937 2461 3081 2515 enim
3133 2459 3406 2514 Palatinus
3437 2459 3585 2514 solos

1999 2555 2210 2619 decem,
2234 2561 2297 2608 ut
2345 2563 2400 2607 et
2435 2552 2741 2623 Syncellus,
2792 2568 2952 2621 quem
2987 2552 3290 2615 laudamus,
3323 2561 3379 2605 et
3428 2550 3583 2604 Nice-

2001 2645 2205 2713 phorus
2233 2662 2248 2699 :
2283 2645 2476 2699 tertius
2507 2661 2613 2699 uno
2653 2645 2829 2699 adhuc
2861 2644 3039 2697 minus
3068 2644 3180 2698 sive
3210 2658 3403 2697 novem
3435 2643 3578 2694 dun-

2007 2744 2156 2792 taxat
2209 2738 2514 2793 ascribunt.
2590 2738 2817 2793 Faciunt
2869 2735 3105 2792 vicissim
3167 2751 3290 2791 cum
3346 2734 3586 2789 Pontaco

2003 2825 2312 2884 Parmensis
2363 2844 2473 2882 ms.
2525 2837 2580 2883 et
2617 2828 2944 2882 vetustiores
2991 2827 3260 2882 editiones
3311 2825 3584 2886 Sichardi,

2004 2917 2194 2982 Minui,
2220 2927 2381 2988 atque
2406 2921 2657 2973 aliorum.
2691 2918 2960 2975 Prmterea
2991 2917 3235 2973 Justinus
3266 2934 3362 2988 pro
3391 2915 3582 2970 Justus

2001 3011 2100 3066 abs
2136 3010 2444 3079 Nicephoro
2482 3014 2807 3082 appellatur.

2075 3102 2170 3158 Col
2204 3103 2328 3158 465.
2367 3105 2572 3158 Bellum
2619 3113 2804 3159 contra
2875 3103 3248 3160 Sauromatas.
3293 3103 3410 3156 Non
3451 3103 3588 3156 bene

2001 3188 2054 3243 in
2089 3202 2412 3258 sequentem
2467 3207 2671 3246 animm
2723 3193 2757 3247 4
2798 3191 3056 3248 Hadriani
3107 3193 3306 3247 bellum
3341 3193 3446 3246 hoc
3494 3191 3586 3246 alii

1997 3282 2369 3337 transferunt:
2425 3285 2476 3336 in
2512 3299 2676 3352 quam
2716 3285 2929 3339 videtur
2954 3283 3278 3340 sententiam
3332 3283 3588 3338 Blauchi-

1996 3374 2121 3428 nius
2149 3388 2363 3441 quoque
2399 3385 2586 3429 noster
2635 3376 3000 3437 concessisse,
3035 3391 3158 3430 cum
3212 3376 3351 3429 idem
3403 3386 3586 3430 tamen

1997 3475 2227 3535 gestum,
2282 3479 2466 3532 pacem
2491 3481 2577 3533 me
2620 3481 2744 3520 cum
2800 3466 3069 3522 Sarmatis
3143 3482 3206 3521 ac
3262 3466 3582 3523 Rosollanis

1997 3565 2236 3626 pactam,
2285 3557 2514 3626 ipsemet
2573 3557 2714 3610 haud
2755 3559 2894 3613 satis
2947 3557 3052 3614 sibi
3111 3558 3248 3612 bene
3301 3568 3580 3624 constans,

1995 3652 2214 3708 biennio
2245 3659 2372 3706 ante
2410 3666 2475 3704 ex
2513 3650 2718 3706 Petavii
2761 3653 3062 3709 rationibus
3089 3653 3465 3722 ascripsisset.
3513 3655 3581 3710 Et

1995 3753 2080 3799 est
2115 3757 2303 3798 revera
2332 3742 2482 3812 prior
2510 3743 2577 3797 ad
2606 3743 2766 3797 [idem
2799 3743 3092 3798 doctissimi
3117 3731 3341 3800 Jesuitm
3373 3744 3584 3814 opinio.

1995 3847 2118 3904 quae
2172 3840 2228 3887 et
2290 3831 2564 3902 Spartiani
2620 3832 2815 3887 nititur
2870 3833 3219 3895 auctoritate,
3287 3833 3585 3889 asserentis

1998 3939 2144 3980 anno
2171 3925 2381 3996 imperii
2413 3926 2606 3989 altero,
2647 3925 2740 3994 qui
2773 3933 2860 3979 est
2895 3939 3020 3978 atrae
3051 3924 3254 3980 Christ.
3292 3925 3418 3987 ll8.
3471 3925 3578 3979 Ha-

1997 4017 2248 4072 drianum
2283 4017 2427 4071 circa
2463 4023 2785 4070 autumnum
2823 4014 3130 4086 proiectum
3166 4031 3286 4072 esse
3341 4017 3395 4070 in
3447 4016 3586 4072 Μωσ-

1994 4112 2154 4170 siam,
2188 4117 2242 4162 et
2273 4122 2411 4176 quos
2460 4108 2690 4177 parabat
2740 4109 2910 4163 armis
2949 4111 3268 4179 reprimere,
3303 4107 3584 4164 Sarmatas

1995 4213 2128 4268 pace
2151 4197 2252 4252 sibi
2281 4196 2624 4253 conciliasse.
2676 4198 2780 4252 Sed
2823 4213 2924 4252 nec
2979 4199 3390 4267 praetereunda}.
3433 4215 3571 4268 quas

1997 4289 2194 4359 Pagius
2227 4288 2330 4344 init
2359 4289 2600 4344 rationes
2635 4305 2787 4344 num.
2819 4291 2875 4344 5.
2908 4289 3152 4359 Scaliger
3182 4291 3311 4344 illud
3353 4293 3495 4358 quod
3528 4292 3582 4346 iu

1995 4383 2198 4441 Grmcis
2235 4390 2317 4436 est
2371 4381 2926 4451 κατεπολεμήθησαν,
2963 4382 3106 4436 haud
3138 4390 3283 4436 recte
3315 4383 3449 4436 verti
3485 4384 3584 4440 abs

2007 4475 2341 4546 Hieronymo
2370 4471 2565 4528 bellum
2591 4483 2814 4544 gestum,
2845 4482 3040 4538 notat;
3067 4475 3139 4528 ita
3170 4489 3294 4528 vero
3321 4475 3582 4543 scriptum

2001 4566 2071 4620 ab
2101 4565 2336 4622 Eusebio
2365 4563 2552 4628 fuisse,
2585 4579 2693 4633 quo
2723 4576 2948 4620 auctore
2977 4566 3278 4621 novimus?

2069 4658 2204 4713 Ibid.
2255 4656 2581 4713 Terra'motu
2615 4658 2758 4726 apud
2802 4656 3129 4728 Bithyniam.
3175 4657 3376 4714 Contra
3411 4667 3562 4713 vote.

2002 4764 2120 4802 rum
2152 4748 2400 4804 codicum
2438 4749 2724 4818 ipsiusque
2773 4748 2932 4804 fidem
2965 4749 3203 4804 historia;
3254 4750 3378 4819 legit
3407 4749 3584 4804 Scali-

2001 4853 2116 4906 ger,
2155 4846 2207 4891 et
2239 4837 2422 4891 uicintc
2449 4837 2601 4890 urbes
2635 4838 2880 4902 plurima:
2917 4853 3107 4892 euerste
3152 4848 3296 4894 sunt.
3328 4838 3587 4893 Parmen-

2000 4928 2077 4982 sis
2106 4928 2314 4997 utique,
2341 4936 2393 4982 et
2423 4937 2532 4982 tres
2553 4941 2692 4995 quos
2718 4927 3208 4983 Schurzﬂeischius
3227 4928 3410 4982 laudat
3432 4929 3584 4984 codi-

2001 5033 2093 5074 ces
2133 5016 2386 5081 Palatini,
2423 5018 2857 5086 vetustioresquc
2905 5017 3034 5072 editi
3095 5018 3215 5074 libri
3263 5019 3580 5090 impressam

2003 5109 2292 5164 lectionem
2331 5123 2510 5163 veram
2567 5107 2728 5162 unice
2780 5109 3176 5176 comprobant:
3225 5109 3580 5179 comprobant

2000 5209 2054 5254 et
2083 5198 2268 5255 Graeca
2301 5215 2422 5268 quae
2473 5215 2538 5254 ex
2589 5197 2840 5269 Syncello
2893 5199 3216 5256 laudamus:
3247 5199 3578 5269 Nicephorus

2002 5293 2150 5357 item,
2180 5292 2273 5359 qui
2305 5291 2540 5347 Nicaeam
2567 5299 2623 5346 et
2669 5287 3040 5346 Nicomediam
3093 5293 3162 5346 ab
3192 5291 3466 5345 Hadriano
3496 5289 3582 5343 iu-

2000 5389 2273 5437 stauratas
2314 5388 2600 5436 memorat.
2642 5380 2885 5451 Denique
2922 5394 2977 5439 et
3008 5381 3288 5437 familiaris
3329 5383 3442 5435 ha:c
3469 5388 3580 5445 est,

2001 5475 2144 5546 quod
2172 5475 2332 5530 etiam
2361 5472 2853 5530 Sehnral'leischius
2899 5476 3170 5539 observat,
3202 5473 3400 5528 locutio
3441 5473 3568 5529 llic-

2003 5580 2250 5636 rouymo,
2279 5575 2336 5619 ut
2367 5571 2449 5618 est
2485 5563 2640 5628 illud,
2671 5563 2902 5632 plurima
2956 5562 3264 5632 Babylonica
3305 5562 3451 5615 urbis
3487 5564 3571 5615 in-

2001 5667 2270 5720 staurans,
2303 5665 2467 5725 atque
2501 5655 2586 5710 his
2619 5655 2818 5710 similia
2859 5656 3078 5722 passim.
3128 5653 3333 5708 Cu-tera
3377 5652 3574 5706 vidusis

2001 5751 2256 5807 (λιιι-θεῆς.
2293 5748 2540 5804 Paschal.
2578 5762 2698 5816 pag.
2741 5748 2865 5801 9.05.
3201 5751 3204 5754 ’
