4014 6196
410 384 552 454 1οΊ9

1675 371 2081 436 VALLAltSll
2115 369 2352 460 Nimia.

3519 345 3663 425 meo

476 499 615 556 lbid-
654 498 949 565 Euphrd'“
978 495 1206 551 διοίευε-
1253 493 1334 551 EX
1359 491 1546 547 Dionis
1577 490 1675 546 libo
1702 502 1852 554 LXIX.
1884 484 1977 540 ubi
2008 490 2054 547 Α
2078 488 2319 543 crevisse
2346 501 2442 542 eos
2468 484 2735 553 intelliges
2765 480 2818 535 in
2850 480 3121 546 lugentem
3150 482 3424 565 summam
3480 482 3548 522 ac
3579 467 3663 519 ci-

409 591 595 651 eodem
629 606 772 645 anno
801 605 910 657 quo
945 587 1129 640 Itonia:
1152 584 1307 639 ludos
1340 581 1503 639 natali
1537 595 1639 642 suo
1671 578 1836 634 edidit
1868 574 1976 629 lla-

411 687 655 747 drianus,
690 692 917 737 mortem
948 679 1053 736 sibi
1083 677 1413 733 conscivisse
1442 690 1650 729 veneno
1681 671 1980 741 Euphrates

414 781 661 845 refertur,
695 775 950 846 colligere
979 783 1084 840 est,
1115 774 1338 829 biennio
1364 772 1532 826 ferme
1561 769 1738 825 serius
1777 767 1845 821 ab
1875 766 1981 820 Eu-

410 871 560 927 sebio
613 868 927 924 recenseri:
961 865 1198 935 Scaliger
1245 863 1398 917 solidi
1430 880 1550 918 eum
1593 875 1820 931 peccare
1846 873 1981 926 qua-

411 963 641 1019 driennii
708 960 1166 1017 metachrouismo
1234 957 1533 1011 «attendit.
1612 957 1719 1009 lies
1787 951 1984 1021 pendet

411 1072 440 1108 a
481 1065 625 1111 certa
675 1053 887 1124 itineris
937 1050 1193 1105 Hadriani
1257 1048 1484 1117 epoeha,
1535 1044 1602 1099 de
1650 1061 1771 1113 qua
1807 1051 1987 1097 tanto-

414 1163 542 1215 pere
573 1146 906 1215 disputatum
944 1151 1053 1198 est.
1088 1141 1301 1197 Videsis
1339 1139 1558 1209 Pagiuni
1608 1148 1663 1215 et
1691 1134 1987 1188 Tillemon-

415 1240 550 1292 tium
580 1238 644 1292 ad
669 1213 1053 1304 rtertium,ejus
1087 1229 1425 1300 imperatoris
1446 1213 1674 1292 annum,
1707 1236 1761 1281 et
1791 1223 1926 1278 Nota
1954 1224 1989 1278 5

415 1329 473 1389 in
528 1328 644 1399 ejus
695 1327 893 1385 Vitam.
923 1325 1076 1382 Adde
1129 1335 1183 1379 ct
1217 1322 1526 1379 Fabricium
1559 1319 1625 1375 ad
1664 1318 1986 1388 prooemium

418 1419 679 1487 Eunapii.
730 1450 751 1481 .

487 1509 606 1565 Col.
646 1508 774 1566 466.
825 1508 1093 1561 Adrianus
1146 1506 1200 1559 in
1232 1504 1475 1573 Libyam.
1510 1499 1567 1555 Id
1609 1498 1805 1569 ipsum.
1847 1494 1991 1565 quod

423 1600 703 1655 historiam
737 1614 890 1668 aeque
945 1605 1107 1668 atque
1162 1607 1377 1665 tempus
1423 1586 1654 1662 spectat,
1706 1589 1995 1644 confirmat

419 1693 776 1749 Blanehinius
826 1705 1170 1746 nummorum
1224 1688 1367 1758 apud
1420 1683 1825 1741 Mediobarbum
1881 1679 1995 1735 sui.

423 1786 621 1853 fragio.

2081 581 2321 640 vitalem,
2356 575 2589 630 maxime
2617 588 2740 627 cum
2774 569 2932 640 patrii
2963 566 3064 620 soli
3089 562 3335 619 omnium
3368 558 3532 627 longe
3561 571 3665 610 cu-

2080 672 2361 743 pidissima
2398 669 2544 724 natio
2583 668 2672 721 illa
2712 666 2803 726 sit,
2863 680 2891 715 a
2936 678 3046 729 quo
3093 660 3339 718 demum,
3386 662 3558 719 atque
3599 664 3667 701 ea

2081 739 2149 823 de
2171 739 2360 828 eausa,
2401 761 2673 831 prohibita
2717 768 2801 812 est
2835 752 3097 809 Hadriani
3149 750 3352 805 edicto.
3416 743 3669 806 Denique

2083 859 2312 929 Appiani
2356 858 2408 909 in
2444 853 2709 926 Syriacis.
2768 849 2857 903 ubi
2909 847 3023 902 suis
3061 846 3280 898 demum
3325 836 3672 906 temporibus

2086 953 2275 1007 urbem
2300 945 2793 1014 Hierosolymorum
2816 956 2923 996 non
2950 941 3020 994 ita
3045 936 3250 1006 pridem
3282 933 3670 986 instauratum,

2088 1043 2254 1099 tradit
2300 1041 2469 1095 fuisse
2502 1038 2569 1092 ab
2620 1029 2892 1093 Hadriano
2940 1035 3217 1087 deletam:
3254 1022 3674 1081 Οὐεσπασιανὸς

2087 1134 2244 1196 αὖθις
2294 1129 2630 1201 οἱκισθεῖσαν
2687 1125 3055 1193 κατέσκαψεν,
3109 1121 3202 1175 καὶ
3247 1116 3528 1187 Ἀδριανὸς
3581 1108 3673 1164 ἐπ’

2088 1226 2224 1296 ἐμοῦ
2254 1243 2269 1279 :
2304 1224 2491 1293 hujus,
2521 1221 2766 1291 inquam,
2800 1211 3244 1283 contemporanei
3297 1205 3550 1264 auctoris
3587 1214 3673 1259 tc-

2090 1320 2350 1377 stimonio
2374 1317 2562 1387 reponi
2591 1314 2718 1385 quid
2746 1312 2920 1384 possit
2948 1325 3062 1366 non
3095 1308 3256 1363 video
3281 1322 3295 1359 :
3335 1314 3393 1360 et
3424 1300 3673 1359 subridi-

2092 1412 2272 1468 cnlum
2321 1419 2428 1478 est,
2462 1408 2605 1477 quod
2651 1406 2894 1476 Scaliger
2926 1406 3106 1473 'putat
3134 1400 3521 1454 auctoritatem
3552 1391 3678 1445 elu-

2093 1506 2251 1572 sisse,
2285 1519 2406 1557 rum
2459 1502 2556 1565 ait,
2609 1499 2777 1553 multa
2827 1493 3139 1565 huiusmodi
3182 1489 3429 1546 fabulosa
3468 1495 3678 1541 attexta

2097 1598 2262 1653 fuisse
2302 1595 2377 1650 illi
2417 1594 2557 1650 libro
2607 1591 2881 1664 Appiani:
2933 1587 3079 1658 quod
3124 1586 3171 1641 si
3205 1599 3312 1639 non
3366 1588 3557 1637 assuta
3614 1592 3680 1631 ea

2094 1699 2242 1752 sunt.
2279 1688 2436 1743 valde
2466 1687 2725 1742 infantem
2753 1699 2879 1738 eum
2907 1682 3080 1737 fuisse
3109 1681 3163 1734 in
3192 1677 3446 1734 historia.
3471 1672 3566 1727 Nae
3591 1686 3685 1725 sa-

2099 1784 2170 1839 tis
2205 1791 2502 1849 utrumque
2538 1775 2827 1833 commode
2869 1783 3037 1843 atque
3088 1770 3378 1840 expedite:
3411 1766 3509 1822 sed
3544 1780 3686 1819 neu-

496 1879 631 1933 lbid.
666 1877 936 1933 Adrianus
989 1871 1414 1929 Atheniensibus.
1478 1866 1835 1923 Consentiunt
1886 1863 1998 1918 fere
2031 1861 2071 1916 B
2105 1884 2247 1928 ιτιιηι
2279 1872 2345 1939 ad
2376 1870 2694 1927 faciendam
2721 1867 2905 1923 ﬁdem,
2937 1865 3228 1920 Enimvero
3252 1862 3476 1915 fuerunt
3524 1856 3592 1910 ad
3631 1856 3682 1910 id

426 1970 661 2027 Eusebio
690 1970 743 2023 in
786 1965 1046 2034 temporis
1090 1963 1369 2039 notatione
1394 1959 1647 2014 Petavius
1695 1965 1748 2010 et
1776 1955 1992 2024 Pagius,

342 2099 358 2105 -
426 2060 538 2116 duo
581 2056 947 2125 chronologia:
980 2055 1207 2108 lumina.
1255 2049 1603 2105 Blanchinius
1651 2059 1836 2103 uester
1885 2044 1996 2099 Ha-

425 2151 606 2209 driani
661 2147 1051 2218 profectionem
1109 2144 1370 2209 Athenas,
1431 2143 1573 2196 serie
1618 2140 1738 2209 ejus
1789 2137 2001 2192 itineris

426 2242 760 2301 intermissa.
816 2238 875 2293 in
914 2239 1140 2291 alterum
1176 2237 1244 2289 ab
1281 2235 1385 2289 hoc
1412 2248 1614 2287 annum
1667 2230 1866 2285 diﬂert.
1926 2229 2001 2282 Eo

426 2345 610 2392 autem
654 2333 947 2401 imperator
980 2327 1270 2384 identidem
1319 2325 1495 2390 rediit,
1537 2323 1727 2394 bisque
1758 2322 1829 2378 ibi
1893 2321 2005 2375 hie-

431 2442 578 2482 mem
610 2424 814 2492 exegit.
842 2422 978 2477 Vide
1012 2420 1260 2487 Fugiunt.

505 2514 626 2571 Col.
665 2513 794 2569 465.
835 2510 1215 2580 Hierosolymis
1255 2508 1509 2563 decimus.
1552 2506 1793 2575 Scaliger
1840 2500 2007 2572 (quod

434 2609 566 2667 velit
614 2607 851 2664 excisam
900 2604 1116 2674 penitus
1136 2601 1629 2671 Hierosolymorum
1670 2599 1856 2652 urbem
1908 2594 2008 2649 sub

439 2699 586 2767 Tito,
617 2706 675 2754 ut
707 2712 773 2751 ne
802 2709 983 2750 casam
1011 2693 1229 2763 quidem
1257 2703 1311 2747 et
1342 2692 1546 2746 humile
1563 2680 1926 2758 superficium
1959 2686 2009 2740 ei

438 2789 628 2849 liceret
652 2789 770 2844 solo
800 2786 1081 2850 immoliri,
1112 2795 1395 2855 postquam
1430 2793 1666 2837 aratrum
1714 2780 1884 2834 muris
1914 2779 2015 2833 im.

440 2896 686 2952 pressum
722 2877 844 2947 fuit)
894 2878 1296 2933 successionem
1332 2876 1488 2930 istam
1539 2883 1593 2928 et
1641 2874 1857 2927 mimina
1902 2870 2017 2938 epi-

442 2987 733 3043 scoporum
771 2970 1026 3026 Ecclesia:
1058 2969 1558 3040 liierosolymitana:
1593 2967 1646 3021 in
1672 2966 1896 3021 dubium
1934 2979 2017 3018 re-

442 3075 640 3123 vocat:
666 3075 813 3118 certe
833 3063 1050 3130 quidem
1080 3077 1176 3117 eos
1207 3057 1863 3131 pernegatllierosolymis
1885 3072 2018 3111 con-

444 3154 679 3216 stitisse.
736 3152 905 3208 Porro
961 3153 1015 3207 in
1078 3152 1539 3218 consequentibus
1613 3150 1749 3203 satis
1811 3148 2017 3216 prolixe

446 3259 644 3306 contra
683 3262 801 3302 eam
856 3255 1103 3300 veterum
1159 3245 1365 3312 aliquot
1420 3241 1640 3295 Patrum
1697 3240 2019 3294 srntentiam

449 3339 714 3410 disputat,
743 3338 1018 3408 ipsiusque
1068 3334 1310 3399 Eusebii,
1341 3342 1397 3387 et
1443 3334 1679 3389 maxime
1710 3331 2023 3404 Hieronymi

452 3431 510 3488 in
541 3430 945 3488 commentariis
975 3429 1029 3483 in
1061 3427 1379 3483 Zachariam
1413 3435 1468 3481 et
1515 3425 1744 3490 Joelem,
1777 3425 1871 3496 qui
1919 3439 2027 3479 non

414 3547 418 3549 λ
451 3523 614 3597 plane
642 3522 876 3577 dirutam
905 3520 1076 3576 fuisse
1102 3520 1310 3583 urbem,
1345 3520 1438 3575 sed
1461 3527 1665 3585 partem
1686 3521 1806 3586 ejus
1836 3534 2027 3584 quam-

456 3620 580 3674 dam
627 3616 877 3684 (llieron.
927 3611 1233 3682 dimidiam)
1278 3611 1613 3684 superfuisse
1654 3612 1866 3675 dicunt,
1914 3624 2033 3678 quae

446 3711 673 3783 .tlemum
723 3707 888 3761 fuerit
918 3705 986 3760 ab
1019 3705 1293 3760 Hadriano
1331 3713 1661 3773 expugnata.
1689 3701 1789 3756 Cui
1815 3702 2031 3770 quidem

459 3788 743 3856 sententiae
795 3795 1015 3851 obstare
1060 3792 1276 3848 videtur
1315 3792 1461 3848 οηιηί
1501 3790 1673 3859 major
1717 3788 2036 3856 exceptione

457 3889 729 3959 Iosephus
764 3887 858 3943 lib.
891 3901 964 3946 rtt
997 3885 1066 3942 de
1097 3883 1266 3949 Bello,
1293 3899 1412 3953 cap.
1436 3884 1487 3950 l,
1511 3880 1834 3943 asserentis,
1861 3879 2038 3934 tribus

461 3979 706 4052 exceptis
759 3978 1024 4043 turribus,
1050 3986 1107 4032 et
1139 3985 1295 4045 parte
1329 3976 1470 4029 muri
1519 3975 1588 4029 ab
1616 3972 1920 4037 occidente.
1963 3982 2040 4026 to~

460 4086 572 4129 tam
604 4074 772 4128 fuisse
815 4069 1060 4126 funditus.
1077 4083 1322 4123 eversam
1356 4068 1640 4122 civitatem
1674 4074 1730 4119 et
1755 4064 2038 4135 templum.

466 4165 573 4227 Sed
607 4178 714 4218 non
748 4161 873 4216 ideo
896 4171 1013 4215 erat
1043 4173 1233 4214 eorum
1271 4164 1451 4213 omnis
1498 4156 1759 4212 elevanda
1800 4155 2042 4208 auctori-

466 4268 571 4323 tas,
622 4252 888 4323 siquidem
935 4260 989 4306 et
1042 4264 1167 4305 cum
1211 4248 1473 4317 .losepbo,
1522 4248 1568 4303 si
1609 4247 1775 4302 verba
1821 4246 1940 4316 ejus
1989 4253 2045 4299 et

463 4355 706 4403 mentem
739 4342 982 4415 penitius
1032 4341 1357 4411 inspexeris.
1391 4339 1580 4394 venire
1610 4338 1664 4392 in
1695 4336 2043 4392 concordiam

463 4447 718 4510 possunt.
745 4436 833 4490 Ait
863 4434 1007 4489 enim
1034 4432 1123 4488 ille
1162 4431 1378 4487 relictas
1409 4445 1441 4485 a
1475 4429 1599 4486 Tito
1636 4430 1703 4485 ad
1738 4428 2049 4498 Hierosoly-

473 4543 683 4583 morum
737 4526 1045 4582 custodiam
1092 4525 1358 4595 integram
1430 4522 1700 4591 legionem
1757 4519 2047 4584 dei-imam,
2082 4527 2128 4583 ι)

471 4612 872 4688 nonnullasque
924 4616 1040 4671 alas
1078 4615 1321 4684 equitum
1374 4621 1427 4667 et
1479 4612 1718 4682 peditum
1770 4612 2048 4665 cohortes.

474 4706 602 4764 llaec
630 4721 792 4774 supra
820 4720 915 4761 sex
946 4704 1228 4760 hominum
1252 4701 1420 4756 millia
1460 4708 1640 4767 erant,
1685 4702 1888 4771 quibus
1916 4716 2050 4756 sane

475 4800 810 4870 exeipiendis
831 4806 882 4854 et
907 4796 1108 4853 multas
1129 4794 1326 4852 domus
1351 4791 1684 4864 superfuisse
1723 4792 2053 4849 credendum

474 4904 563 4947 est
609 4892 827 4963 (pra‘ter
856 4902 968 4946 tres
1017 4888 1137 4945 illas
1185 4897 1384 4951 turres,
1428 4901 1550 4955 quae
1589 4887 1801 4942 caeteris
1846 4887 2056 4941 emine-

482 4983 637 5049 bant,
673 4981 1018 5044 Phasaelum,
1044 4976 1352 5050 llippicum,
1395 4976 1795 5046 Mariamnem),
1836 4984 1892 5030 et
1928 4991 2051 5030 sus-

487 5072 765 5129 tentandis
792 5071 928 5126 alios
963 5086 1073 5127 non
1106 5069 1346 5126 defuisse
1373 5070 1450 5125 ibi
1473 5070 1566 5139 qui
1596 5076 1839 5138 agerent,
1870 5071 2057 5138 eisque

483 5165 612 5223 vitae
644 5161 951 5217 necessaria
997 5161 1426 5230 suppeditarent.
1487 5159 1552 5213 Et
1585 5160 1759 5215 ruinis
1797 5171 2057 5231 praeterea

483 5259 591 5315 illis
623 5254 888 5312 incubare
932 5266 1090 5308 senes
1127 5252 1338 5323 aliquot
1386 5261 1443 5308 et
1482 5250 1738 5320 feminas,
1779 5267 1814 5307 a
1861 5251 2062 5322 quibus

485 5349 624 5404 nihil
657 5354 803 5404 esset
826 5343 1195 5411 metuendum,
1219 5344 1399 5399 Titum
1436 5344 1773 5413 permisisse,
1802 5344 1940 5400 idem
1968 5358 2064 5399 au-

484 5452 602 5498 ctor
629 5450 733 5497 est.
761 5438 1028 5511 Colligere
1053 5446 1231 5492 autem
1253 5436 1385 5493 hinc
1408 5437 1556 5499 licet,
1590 5438 1885 5506 permissos
1907 5436 2065 5492 dein-

483 5533 553 5591 de
583 5534 719 5589 alios
760 5541 926 5602 atque
971 5530 1109 5585 alios
1147 5546 1212 5585 eo
1262 5531 1495 5600 regredi,
1533 5531 1717 5602 ibique
1765 5546 1945 5602 agere,
1980 5531 2064 5585 in-

485 5622 745 5679 stauratis
793 5621 895 5677 sibi
929 5621 1229 5677 domibus:
1276 5620 1420 5687 quod
1470 5621 1514 5677 si
1591 5636 1686 5691 per
1725 5638 1901 5678 annos
1944 5623 2066 5693 plus

490 5732 653 5783 quam
698 5716 767 5770 60
805 5716 1093 5770 continues
1126 5715 1357 5783 (tantum
1395 5714 1539 5768 enim
1574 5716 1838 5785 temporis
1870 5716 1937 5771 ab
1970 5716 2064 5772 illo

486 5806 700 5886 excidio
731 5806 797 5861 ad
852 5816 1182 5885 postremum
1204 5809 1307 5864 sub
1339 5804 1612 5864 Hadriano
1655 5810 1923 5881 interest),
1968 5826 2064 5868 ex-

2098 1981 2271 2033 usque
2304 1964 2561 2034 temporis
2615 1961 2827 2017 Hebrtei
2878 1974 3075 2027 magno
3104 1970 3335 2011 numero
3362 1952 3686 2020 Hierosoly-

2100 2060 2226 2118 niis.
2257 2067 2312 2113 et
2357 2057 2792 2112 Christianorum
2829 2068 2896 2108 ex
2936 2051 3358 2111 circumcisione
3391 2060 3520 2100 cum
3573 2045 3685 2112 prio

2101 2156 2206 2208 mis
2239 2151 2526 2206 Ecclesia:
2584 2163 2762 2216 neque
2811 2154 2997 2216 potest
3036 2146 3142 2198 hac
3184 2142 3375 2197 saltem
3415 2152 3483 2192 ex
3534 2146 3689 2204 parte

2102 2245 2484 2313 episcoporum
2511 2240 2796 2307 catalogus
2831 2238 3076 2291 revocari
3117 2237 3171 2288 in
3227 2230 3479 2285 dubium.
3515 2228 3688 2283 Alias.

2104 2336 2305 2405 quibus
2357 2344 2581 2403 urgetur
2640 2331 3079 2389 difﬁcultatibus,
3136 2323 3375 2395 expediit
3425 2334 3689 2391 perquam

2094 2430 2322 2483 'crudite
2372 2426 2673 2495 Basnagius
2708 2426 2762 2478 in
2833 2421 2975 2476 llist.
3018 2421 3229 2475 Ecclus.
3292 2416 3390 2471 lib.
3445 2430 3486 2478 ι,
3526 2428 3687 2477 quem

2108 2519 2329 2573 videsis.
2362 2516 2480 2574 Iam
2510 2529 2638 2569 vero
2686 2513 2829 2582 quod
2877 2511 3095 2567 nomina
3150 2508 3264 2575 ipsa
3303 2501 3565 2573 pertinet,
3592 2513 3692 2564 pro

2110 2608 2327 2671 Seneca,
2358 2603 2814 2674 quemadmodum
2848 2610 3072 2655 vocatur
3116 2597 3310 2649 iterum
3350 2592 3420 2646 ab
3455 2589 3692 2643 Eusebio

2113 2700 2254 2756 Hist.
2300 2699 2506 2753 Eccles.
2552 2697 2649 2750 lib.
2699 2712 2769 2758 tv,
2803 2708 2923 2761 rap.
2956 2693 3009 2755 5,
3042 2704 3208 2760 penes
3256 2685 3568 2757 Synrellum
3601 2688 3691 2736 est

2121 2790 2378 2845 llenecas.
2439 2786 2660 2856 Ephres,
2703 2784 3011 2851 Nicephoro
3074 2778 3305 2846 Ephrem
3366 2774 3694 2844 appellatur,

2115 2883 2368 2954 Syneello
2400 2880 2660 2951 Ephraim
2679 2893 2699 2933 :
2728 2891 2826 2945 pro
2848 2874 3001 2929 Joses
3030 2873 3086 2927 in
3125 2871 3319 2927 Graeco
3353 2867 3530 2936 ipsius
3560 2881 3700 2933 qun-

2128 2992 2236 3041 que
2271 2972 2515 3035 Eusebii,
2562 2981 2617 3025 et
2664 2968 2807 3038 apud
2861 2966 3132 3036 Epiphan.
3183 2964 3239 3017 in
3271 2962 3477 3016 Haeres.
3524 2956 3700 3011 Mani-

2119 3068 2320 3121 clmor.
2348 3073 2431 3118 est
2459 3060 2683 3129 Ἰωσὴφ,
2712 3057 2930 3126 Ioseph.

2196 3178 2312 3232 (ἴοι.
2341 3176 2471 3233 468.
2525 3175 2794 3229 Adrianus
2843 3172 3035 3230 sacris.
3069 3170 3321 3225 Dicemus
3370 3169 3473 3224 hac
3502 3166 3569 3223 de
3643 3180 3703 3220 re

2128 3271 2354 3325 uberius
2384 3276 2506 3337 post
2549 3266 2839 3334 septimum
2876 3266 2945 3318 ab
2980 3264 3080 3318 hoc
3130 3276 3352 3316 annum.

2199 3382 2296 3437 Col
2327 3382 2449 3436 M37.
2498 3377 2802 3444 Quadratus
2834 3376 3128 3444 discipulus
3172 3376 3559 3445 Apostolorum.
3598 3375 3709 3426 Hoc

2131 3474 2340 3529 scilicet
2380 3486 2544 3531 anno.
2589 3487 2695 3540 quo
2757 3468 3066 3522 Hadrianus
3134 3467 3452 3536 Augustalis
3492 3465 3706 3535 imperii

2133 3567 2214 3619 ειιῑ
2251 3564 2574 3619 nercnnalia
2617 3562 2669 3615 in
2702 3568 3067 3625 antecessum,
3103 3568 3161 3614 ut
3211 3558 3408 3629 Pagius
3433 3558 3709 3618 observat,

2136 3655 2495 3720 celeliravit;-
2529 3663 2683 3707 erant
2733 3651 2879 3706 enim
2935 3662 3172 3705 exeunte
3238 3651 3531 3716 decennio,
3601 3666 3706 3702 non

2138 3748 2358 3803 ineunte
2389 3745 2735 3799 celebranda.
2772 3742 2983 3798 Videsis
3015 3743 3446 3797 eruditissimum
3477 3742 3713 3793 rhrono-

2139 3830 2385 3911 lugoruni
2436 3839 2488 3892 in
2528 3837 2718 3891 Critic.
2771 3836 2837 3889 ad
2888 3834 3088 3889 Baron.
3140 3834 3241 3889 hoe
3274 3849 3421 3887 anno
3462 3851 3617 3887 num.
3657 3834 3710 3888 3.

2141 3932 2408 3986 Caeterum
2444 3928 2734 3984 notissima
2768 3928 2992 3983 historia
3024 3936 3128 3983 est.
3173 3926 3416 3995 Scaliger
3444 3926 3717 3982 Grunniu-

2142 4040 2243 4077 nus
2272 4022 2374 4094 legi
2406 4022 2606 4078 deluere
2639 4035 2737 4090 pro
2768 4018 3022 4082 Granius,
3057 4019 3395 4090 pronuntiat.

2208 4114 2348 4169 Ibid.
2394 4114 2690 4182 Imperator
2742 4112 3039 4166 Adrianus.
3096 4111 3175 4165 Ad
3223 4111 3503 4174 eunidem,
3559 4125 3717 4179 quem

2147 4209 2383 4263 diximus
2411 4207 2591 4269 modo,
2639 4221 2839 4260 annum
2872 4202 3131 4259 Hadriani
3181 4203 3397 4273 imperii
3451 4204 3717 4257 decimum

2148 4299 2425 4353 ineuntem
2482 4307 2694 4371 gestum
2745 4296 2847 4350 hoc
2887 4304 3131 4365 spectat:
3179 4294 3449 4363 siquidem
3508 4310 3726 4350 corum-

2151 4391 2271 4445 dem
2320 4389 2609 4445 occasione
2640 4388 3050 4453 Deccnualium,
3096 4404 3126 4442 a
3157 4396 3349 4443 senatu
3412 4385 3576 4442 Pater
3628 4385 3728 4440 Pa.

2157 4479 2273 4532 tria.
2304 4478 2572 4537 salutatus
2608 4486 2714 4543 est,
2754 4476 2986 4548 ejusque
3020 4493 3163 4532 uxor
3208 4476 3436 4544 Sabina,
3465 4478 3726 4547 Augusta.

2155 4567 2292 4622 Eum
2340 4575 2522 4623 tamen
2557 4568 2776 4623 titulum
2814 4570 3108 4637 imperatur
3146 4584 3176 4622 a
3235 4569 3533 4638 provinciis
3573 4581 3727 4622 antea

2151 4659 2262 4731 jam
2307 4660 2637 4746 obtinuerat,
2668 4670 2728 4714 ut
2754 4677 2785 4716 e
2812 4662 3056 4717 nummis
3087 4670 3427 4732 compertum
3456 4670 3563 4716 est.
3589 4660 3727 4717 Con-

2155 4753 2272 4809 sule
2303 4770 2494 4810 rursus
2519 4753 2739 4824 l’agium
2771 4753 2893 4810 loco
2919 4754 3160 4811 laudato.

2229 4868 2345 4925 Col.
2380 4869 2509 4926 468.
2559 4868 2813 4924 Romam
2850 4868 3126 4924 Ecclesia.
3159 4870 3366 4926 Dicitur
3400 4871 3456 4925 in
3496 4871 3733 4941 antiquis

2162 4962 2428 5032 catalogis
2482 4960 2851 5029 Telesphorus
2908 4962 3117 5018 electus
3172 4962 3360 5017 Romae
3424 4965 3729 5032 episcopus.

2163 5049 2380 5105 Titiano
2430 5059 2487 5106 et
2530 5049 2813 5106 Gallicana.
2855 5065 3024 5117 coss.,
3075 5050 3169 5122 qui
3207 5066 3412 5107 annum
3453 5054 3734 5122 designant

2162 5137 2410 5212 proxime
2439 5142 2782 5210 superiorem
2844 5140 3099 5198 Hadriani
3133 5143 3367 5213 imperii.
3399 5142 3546 5209 Quin
3575 5144 3730 5197 etiam

2165 5248 2464 5305 przrcessor
2518 5233 2638 5303 ejus
2662 5231 2853 5291 Sixtus
2901 5235 3222 5316 martyrium
3255 5234 3462 5291 abiisse
3487 5248 3727 5303 compro-

2167 5326 2329 5381 batur
2361 5325 2449 5381 die
2482 5325 2517 5380 5
2558 5324 2784 5395 Aprilis,
2815 5324 3179 5403 ejusdemque
3210 5327 3418 5382 mensis
3449 5326 3541 5381 die
3572 5327 3604 5378 7
3641 5324 3734 5380 Te-

2171 5421 2456 5491 lesphorus
2480 5421 2810 5487 subsitutus,
2843 5431 2903 5477 et
2930 5420 3021 5477 die
3052 5421 3121 5477 ﬂ
3158 5421 3501 5476 Dominicum
3538 5419 3732 5474 Pascha

2172 5514 2497 5569 celebrasse.
2560 5512 2759 5583 Pagius
2817 5512 2954 5569 Sixti
3010 5522 3245 5571 mortem
3308 5522 3364 5569 et
3424 5511 3732 5581 Telesphori

2176 5606 2499 5672 electionem
2535 5604 2884 5674 praecedenti,
2920 5603 3185 5660 Hadriani
3215 5604 3451 5668 decimo,
3483 5604 3732 5674 assignat.

2245 5718 2375 5775 lbid.
2435 5718 2703 5788 Nicopolis
2767 5730 2814 5774 et
2867 5718 3134 5774 Castorea.
3186 5719 3455 5791 Corrupte
3512 5719 3633 5791 legit
3684 5716 3732 5770 in

2180 5812 2383 5871 Graecis
2409 5811 2663 5888 _Scaliger
2708 5812 3080 5881 Νικομήδειατ
3110 5828 3230 5881 qua:
3270 5822 3328 5871 et
3355 5814 3657 5883 negotium
3686 5807 3733 5866 ei
