3974 6192
359 310 487 376 inSt

1568 358 1576 368 .
1617 327 2015 399 VALLARSII
2063 327 2301 390 nom.

3458 326 3594 395 1082

330 428 558 506 facessit
589 429 640 484 in
674 431 825 488 Noti,
854 434 1032 493 lectio.
1070 439 1267 495 Confer
1306 441 1614 497 Clirunieon
1642 441 1920 507 Paschale.
1955 446 1994 502 A
2027 454 2117 502 pla
2143 444 2281 509 ﬁeri.
2322 442 2466 500 Inter
2501 452 2785 514 utramque
2825 444 3203 500 rmrcmoniam
3233 443 3592 513 quinquennii

330 530 387 576 et
419 521 750 591 Ducangium
786 524 854 576 ἰξνί

406 613 525 666 Col.
580 613 705 667 467.
757 617 1020 668 Antinous
1082 632 1234 681 puer.
1289 614 1599 670 Parmensis
1646 632 1746 670 ms.
1793 631 1916 669 cum

338 701 621 773 Scaligero
662 715 715 756 et
764 706 1038 772 plerisque
1073 704 1226 759 libris
1276 705 1400 758 aliis
1434 721 1565 770 puer
1591 704 1770 771 regius
1817 719 1917 773 pro

334 791 594 860 egregius.
620 796 674 843 et
705 806 825 844 mox
862 790 1185 846 vehementer
1217 794 1486 859 deperiens
1514 809 1612 863 pro
1640 792 1918 864 diligenter

333 884 589 943 sepeliens
619 883 768 950 legit.
806 883 1115 938 Hadrianus
1146 886 1355 949 nrbetn,
1385 902 1543 954 quam
1588 896 1717 942 tunc
1746 887 1918 941 voluit

334 972 605 1026 nominari
661 975 1061 1045 Antinoopolin.
1092 977 1209 1031 sive
1240 979 1531 1040 Antinoon,
1566 988 1690 1032 ante
1711 979 1915 1047 aliquot

333 1079 510 1117 annos
544 1064 596 1117 in
628 1063 862 1135 Egypto
886 1070 1225 1125 condiderat.
1267 1068 1469 1125 Recole
1518 1086 1638 1139 qua:
1664 1071 1788 1125 aiihi
1818 1086 1916 1126 no—
1960 1065 1964 1069 ’

336 1167 449 1213 tata
484 1159 642 1212 nobis
665 1173 794 1215 sunt
829 1164 894 1216 ad
947 1164 1046 1220 lib.
1077 1165 1145 1218 de
1185 1163 1328 1219 Viris
1360 1165 1624 1219 lliustrib.
1656 1165 1711 1219 in
1738 1165 1910 1237 Hege-

332 1247 511 1312 sippo.
545 1259 595 1302 et
623 1265 745 1303 cum
783 1253 973 1321 primis
1001 1254 1251 1309 Salmasii
1280 1254 1447 1311 Notas
1479 1256 1530 1310 in
1562 1255 1912 1326 Spartianum

334 1356 457 1407 pag.
489 1340 557 1395 57
593 1352 642 1393 ct
676 1343 764 1396 41.
796 1343 1033 1414 Tempus
1069 1346 1236 1413 probe
1269 1349 1585 1413 convenire,
1628 1348 1913 1404 conﬁrmat

335 1430 696 1488 Btauchinins
754 1446 944 1490 noster
988 1453 1053 1492 cx
1088 1437 1376 1493 Norisiana
1409 1438 1909 1511 Syromacedonum

326 1522 558 1588 epocha.

400 1611 539 1667 ibid.
593 1608 970 1665 Alexandrinis
1000 1609 1484 1685 Ecclesiwsextus.
1539 1616 1646 1672 Pro
1683 1618 1912 1674 arbitrio

328 1718 431 1757 suo
462 1701 706 1774 Scaliger
739 1702 987 1755 Eumenis
1020 1716 1239 1768 nomen,
1273 1720 1383 1773 quo
1435 1707 1524 1762 hic
1569 1708 1911 1765 Alexandria:

2026 536 2213 588 saltem
2247 536 2478 604 spatium
2533 534 2899 590 intercedebat
2947 534 3090 587 κατὰ
3138 533 3360 603 νόμους.
3405 533 3595 603 Neque

2022 627 2157 679 adeo
2203 627 2561 682 dubitandum
2627 629 2861 687 videtur.
2928 628 3056 697 quin
3125 625 3396 682 Eusebius
3479 626 3595 683 sive

2025 716 2387 790 Hieronymus
2421 729 2705 788 utramque
2725 720 2793 775 ab
2822 717 3099 773 Hadriano
3120 720 3464 775 observatam
3500 734 3597 774 vo-

2019 810 2226 867 lu’erint
2265 811 2527 876 indicare,
2568 811 2791 879 μύησιν,
2836 812 3082 882 inquam,
3116 811 3212 864 καὶ
3240 812 3593 878 ὲπόπτευσιν,

2019 901 2109 970 qui
2135 910 2252 970 post
2274 901 2592 956 sexennium
2612 902 2680 954 ah
2705 901 2794 955 illa
2820 901 3595 970 initiatiouedhujussuscepta

2024 992 2275 1063 mysteria
2321 1002 2646 1047 memorant.
2677 991 2804 1048 Scio
2855 994 3009 1047 aliter
3053 1008 3374 1063 persuasum
3425 993 3595 1049 fuisse

2018 1099 2218 1155 magno
2263 1083 2551 1145 Salmasio.
2597 1086 2690 1154 qui
2729 1085 2896 1140 sentit
2929 1084 3265 1139 Hadrianum
3294 1086 3595 1153 μυστικοὺς

2017 1176 2142 1232 illos
2210 1177 2408 1247 νόμους
2466 1177 2691 1231 minime
2737 1176 3102 1242 observasse,
3162 1177 3257 1232 sed
3318 1176 3480 1231 simul
3539 1186 3596 1231 et

2015 1269 2182 1325 semel
2212 1268 2488 1340 μυηθῆναι
2527 1286 2587 1322 τε
2620 1268 2713 1323 καὶ
2730 1266 3090 1333 ἐποπτεῦσαι,
3125 1267 3376 1336 exemplo
3400 1267 3593 1320 Demea-

2016 1361 2131 1426 trii,
2168 1362 2346 1417 cuiab
2372 1361 2798 1418 Atheniensibus
2833 1362 2885 1416 id
2926 1361 3103 1432 ipsum
3139 1357 3421 1430 privilegio
3455 1372 3597 1427 quo-

2015 1454 2138 1509 dam
2167 1469 2485 1510 concessum
2511 1465 2733 1509 narrant
2761 1453 2955 1510 Graeci.
2982 1452 3060 1507 Ad
3090 1452 3204 1506 haec
3234 1465 3335 1505 nec
3366 1448 3592 1505 Dionem

2016 1560 2116 1600 nec
2142 1545 2487 1615 Spartianum
2516 1544 2806 1616 quidquam
2829 1547 2898 1599 de
2922 1544 3114 1598 iterata
3146 1555 3210 1595 ac
3229 1540 3457 1610 repetita
3481 1537 3595 1594 lla-

2015 1638 2187 1692 driaui
2245 1639 2549 1694 initiatione
2606 1639 2870 1702 scribere,
2930 1638 3021 1706 qui
3086 1645 3263 1689 tamen
3339 1633 3594 1687 videntur

2015 1731 2257 1786 variasse
2317 1732 2370 1785 in
2443 1727 2722 1784 notatione
2778 1737 3079 1798 temporum
3128 1727 3233 1797 τῆς
3294 1728 3590 1796 μυήσεωςτ

324 1795 615 1866 ⁴⁷ῐ)Ῐ⁵(’⁰Ρι¹⁵
637 1795 939 1865 θΡΡθηδίηΓ
960 1794 1014 1890 in
1039 1795 1197 1850 “hiis
1216 1796 1485 1867 βιοτῑείιυθ
1512 1801 1768 1856 οπιηίδηε
1800 1813 1905 1856 ¹³¹¹¹
1936 1789 1984 1848 Β
2014 1824 2305 1878 Eusebium
2350 1832 2528 1875 autem
2606 1822 2691 1874 vel
2746 1789 3160 1890 Hieronymum,
3379 1789 3594 1872 diverse

320 1888 507 1942 alitis.
542 1902 703 1955 quam
761 1902 894 1966 mss.
953 1886 1234 1941 Parmensi
1294 1899 1348 1942 et
1392 1890 1565 1948 tribus
1619 1893 1901 1961 Palatinis,

324 1987 502 2033 mutat
531 1979 601 2032 'in
654 1977 1020 2048 flyntena’unt,
1064 1979 1122 2034 'ct
1179 1979 1232 2034 in
1267 1979 1456 2036 Grzveo
1487 1985 1672 2049 etiam,
1711 1998 1901 2042 contra

320 2072 713 2141 exentp'arium
771 2072 1004 2147 Syncelli
1043 2082 1096 2130 et
1138 2073 1429 2147 Nicephori
1481 2078 1665 2145 (idem,
1731 2079 1907 2150 Ὑμε-

319 2164 471 2214 νατον
502 2178 603 2215 res:
626 2163 769 2216 ribit.

393 2254 514 2308 Col.
546 2253 670 2309 468.
728 2253 1002 2325 Templum
1049 2254 1227 2327 Remis
1269 2254 1506 2316 Veneris.
1540 2258 1763 2316 Minimo
1799 2257 1904 2317 mil

322 2358 428 2400 nus
467 2349 830 2415 reposuiss-m
874 2364 997 2403 cum
1039 2348 1299 2419 Scaligeri
1346 2352 1602 2415 editione,
1637 2353 1905 2422 Templum

325 2432 532 2504 Roma’,
565 2450 610 2491 et
646 2438 849 2494 Venrris
878 2441 932 2494 in
970 2439 1105 2495 Urbe
1136 2442 1333 2509 factum
1356 2459 1375 2496 :
1404 2439 1508 2497 nisi
1564 2443 1907 2515 obstitissent

325 2529 654 2582 Vetustiores
688 2531 839 2593 mliti,
887 2540 941 2586 et
985 2532 1184 2602 quibus
1235 2534 1442 2587 utimur
1486 2550 1623 2590 mss;
1677 2536 1838 2591 libri:
1874 2554 1905 2592 e

324 2620 528 2687 quibus
559 2637 698 2673 unus
726 2616 1043 2678 Parmensis
1074 2625 1251 2680 verbis
1284 2627 1377 2678 sub
1418 2626 1654 2681 Adriano
1714 2645 1811 2698 pro
1840 2634 1904 2684 ab

327 2714 572 2767 Adriano
601 2722 809 2767 tantum
842 2714 909 2767 ab
944 2714 1207 2784 iit-pressa
1228 2717 1460 2773 lectione
1491 2720 1718 2775 abludit.
1752 2722 1922 2780 Alio-.

326 2804 419 2872 qui
444 2814 654 2856 certum
691 2814 796 2868 est,
820 2803 1105 2869 ipsiusmet
1139 2807 1323 2865 notua)
1348 2809 1576 2874 numini,
1601 2826 1692 2865 seu
1720 2809 1907 2868 Roma:

325 2906 571 2960 auorum,
606 2904 661 2949 et
716 2894 911 2949 Veneri
969 2899 1233 2962 templum
1267 2898 1622 2955 dedicatum:
1681 2919 1801 2957 nam
1851 2914 1906 2960 et

324 2987 447 3053 ejus
488 2988 781 3042 oceaisione
833 2990 1031 3041 mutari
1072 2988 1307 3042 voluisse
1359 2992 1745 3059 imperatorem
1780 2995 1902 3051 festi

325 3073 576 3131 Paliiium
617 3080 817 3133 nomen
849 3079 902 3133 in
940 3078 1010 3131 τὰ
1061 3080 1332 3150 Ῥωμαῖα,
1371 3093 1565 3137 auctor
1610 3086 1906 3142 Athenams

321 3178 427 3235 est,
454 3179 508 3226 et
536 3169 590 3223 in
620 3185 842 3223 nummo
873 3170 1015 3241 apud
1059 3145 1467 3226 hletlioliarbtitii
1514 3182 1742 3231 testat‘ur
1774 3178 1903 3231 titu-
1931 3145 1974 3201 ε

323 3263 409 3317 lus
439 3263 731 3333 ejusmodi,
767 3261 1167 3333 URBSJiOMA
1198 3263 1502 3318 AZTERNA
1522 3268 1579 3322 S.
1608 3265 1672 3323 C.
1700 3266 1903 3324 Confer

322 3369 489 3422 porro
529 3352 752 3407 ‘Dioocm
805 3352 902 3408 lib.
939 3368 1087 3410 uix.

392 3447 515 3502 Col.
569 3447 694 3502 467.
727 3447 943 3502 Salvius
988 3446 1267 3502 Julianus.
1316 3445 1561 3502 Meminit
1608 3448 1903 3520 Eutr0pius

318 3554 536 3606 quoque
591 3537 686 3593 lib.
755 3552 878 3603 vm,
947 3552 1069 3606 cap.
1144 3539 1233 3602 ΓΙ,
1295 3537 1466 3593 Salvii
1524 3539 1737 3595 Iuliani
1810 3544 1901 3613 qui

320 3630 416 3683 sub
472 3629 595 3683 divo
644 3629 884 3684 Adriano
936 3637 1247 3700 perpetuum
1297 3632 1588 3698 composuit
1627 3633 1900 3687 edictum:

318 3737 431 3789 quo
465 3722 686 3777 nomine
736 3721 964 3776 indicari
1012 3725 1200 3775 volunt
1244 3720 1335 3790 jus
1386 3725 1724 3790 pra-torium,
1754 3726 1898 3792 quod

316 3810 445 3871 cum
471 3826 630 3869 antea
662 3816 808 3868 varie
830 3813 1218 3882 inconditeque
1247 3831 1275 3866 a
1319 3816 1643 3882 praetoribus
1677 3832 1898 3884 prome-

316 3916 493 3969 retur,
555 3904 866 3961 Hadrianus
935 3906 987 3960 in
1045 3922 1212 3960 unum
1266 3921 1462 3977 corpus
1509 3909 1897 3978 comprehendi

310 3997 569 4069 jusserit,
615 4007 668 4052 et
714 4014 811 4067 pro
868 3997 977 4061 his,
1037 4014 1157 4069 quae
1215 3999 1317 4053 nisi
1362 3999 1593 4053 durante
1633 4000 1898 4069 cujusmte

317 4078 577 4160 prmtoris
619 4091 943 4159 magistratu
982 4091 1090 4146 vim
1140 4091 1434 4159 habebant,
1469 4109 1632 4146 unum
1661 4093 1897 4151 edictum

314 4185 601 4254 cnziiponi,
643 4187 789 4253 quod
819 4193 968 4239 esset
1022 4185 1281 4241 omnibus
1332 4186 1464 4257 legis
1501 4187 1693 4252 instar,
1728 4200 1782 4243 et
1831 4205 1896 4244 ex

312 4295 425 4347 quo
453 4295 648 4335 omnes
678 4280 730 4333 in
755 4290 1032 4348 posterum
1064 4288 1321 4348 praetores
1351 4289 1612 4350 perpetrm
1633 4284 1723 4349 jus
1746 4284 1896 4338 dice-

310 4381 462 4427 rent.
493 4373 710 4429 Videsis
733 4373 1091 4427 oeconomiam
1123 4372 1288 4427 edicti
1314 4377 1555 4443 perpetui
1590 4393 1618 4432 a
1659 4377 1896 4432 Pittcnio

2008 1922 2251 1967 notatum
2300 1914 2366 1966 ab
2396 1912 2709 1967 auctoribus
2768 1922 2979 1981 tempus
3006 1911 3139 1966 iilud
3166 1912 3504 1971 invenisset,
3537 1908 3591 1962 id

2008 1986 2079 2058 ita
2125 2004 2427 2073 accepisse.
2475 2004 2633 2073 quasi
2687 2005 2862 2074 primo
2912 2003 3131 2073 quidem
3165 2014 3433 2078 tempore,
3479 2016 3591 2070 quo

2008 2095 2305 2164 imperator
2338 2095 2568 2150 Athenis
2618 2096 2740 2162 fuit,
2771 2096 2923 2151 initia
2960 2104 3169 2149 tantum
3234 2094 3589 2167 suscepisset,

2007 2189 2101 2242 καὶ
2158 2188 2229 2241 τὰ
2284 2188 2543 2257 μυστικὰ,
2605 2188 2805 2243 deinde
2859 2202 2985 2242 vero
3049 2201 3170 2239 cum
3220 2192 3374 2239 sexto
3444 2199 3590 2238 anno

2006 2279 2248 2334 Athenas
2267 2282 2545 2344 reviseret,
2564 2280 2635 2333 τὰ
2665 2279 2937 2331 erroneised:
2956 2277 3283 2347 sumpsisset
3305 2286 3496 2344 :atque
3514 2275 3589 2330 ita

2008 2371 2246 2426 voluisse
2277 2383 2560 2425 auctorum
2594 2371 2883 2425 dissidium
2912 2367 3325 2436 coneiliarcdita
3358 2366 3467 2429 ille,
3491 2367 3588 2422 sed

2010 2478 2117 2516 non
2140 2463 2273 2517 satis
2294 2463 2543 2532 equidem
2567 2463 2747 2527 bonis,
2773 2471 2830 2516 ut
2854 2461 3188 2524 dicebamus,
3207 2459 3583 2526 argumentis:

2008 2569 2134 2607 nam
2158 2553 2413 2608 Demetrii
2447 2553 2757 2621 exemplum
2781 2555 2943 2621 (quod
2980 2550 3199 2613 attinet,
3241 2547 3343 2601 alia
3372 2549 3448 2603 illi
3483 2546 3587 2601 fuit

2010 2646 2336 2701 iuitiationis
2360 2648 2647 2715 utriusque
2681 2661 2789 2700 uno
2823 2656 3063 2715 tempore
3094 2644 3425 2713 accipiendae
3458 2658 3588 2698 cau-

2010 2755 2069 2793 sa
2103 2755 2119 2795 :
2152 2748 2394 2808 eratque,
2434 2749 2491 2793 ut
2520 2738 2652 2794 mihi
2690 2739 2922 2801 videtur,
2961 2747 3152 2795 contra
3181 2746 3345 2806 atque
3376 2736 3589 2790 Salma-

2009 2831 2124 2887 sius
2151 2831 2299 2895 lacit,
2321 2831 2654 2885 inferendum
2686 2846 2753 2885 ex
2788 2832 2891 2885 hoc
2920 2831 3060 2899 ipso,
3082 2829 3228 2898 quod
3248 2829 3294 2883 ei
3328 2829 3464 2899 regi,
3491 2836 3587 2881 aut

2013 2922 2191 2977 Marco
2215 2924 2376 2978 etiam
2419 2923 2695 2977 Antonino
2728 2937 3052 2977 concessum
3087 2920 3425 2989 privilegiqu
3484 2932 3587 2970 au-

2010 3022 2191 3068 ctores
2224 3022 2548 3076 memorant,
2572 3028 2677 3067 non
2701 3011 2869 3068 fuisse
2898 3027 2995 3066 cur
3018 3011 3119 3067 sibi
3155 3010 3316 3066 vellet
3352 3008 3584 3063 llailriac

2012 3119 2114 3158 nus
2146 3104 2370 3158 concedi
2403 3121 2416 3157 :
2456 3120 2638 3174 neque
2670 3103 2824 3158 enim
2858 3104 2933 3168 id,
2963 3104 3056 3174 qui
3080 3103 3197 3173 ejus
3225 3111 3373 3174 gesta
3399 3115 3588 3169 prose-

2007 3189 2300 3263 cuti’sunt,
2343 3199 2659 3254 tacuissent.
2692 3197 3016 3266 Spartianus
3038 3209 3219 3252 autem
3248 3202 3301 3249 et
3333 3193 3431 3246 Dio
3464 3202 3585 3246 tau-

2005 3297 2117 3338 tnm
2156 3287 2332 3349 abest,
2364 3296 2424 3341 ut
2447 3288 2662 3341 diversa
2697 3287 2785 3341 illa
2813 3287 3075 3356 temporis
3094 3284 3369 3339 nutatione
3398 3284 3579 3337 fucum

2008 3372 2245 3433 Eusebio
2272 3387 2366 3429 aut
2419 3376 2747 3448 llieronymo
2798 3376 3048 3440 fecerint,
3086 3386 3141 3430 ut
3190 3376 3434 3445 ipsorum
3468 3389 3584 3426 tua-

2004 3466 2145 3545 xime
2174 3467 2499 3521 sententiam
2531 3468 2871 3521 confirment.
2909 3465 3232 3536 Spartianus
3263 3466 3432 3532 enim,
3460 3465 3579 3534 qui,

2003 3557 2122 3627 ipso
2153 3559 2379 3613 minime
2403 3559 2660 3615 dimtente
2680 3559 2970 3622 Salmasio.
2997 3559 3049 3614 in
3085 3559 3312 3628 primam
3346 3559 3579 3612 lladria-

2005 3652 2058 3705 ni
2107 3650 2496 3721 profectionem
2528 3652 2774 3707 Athenas
2806 3661 3018 3722 tempus
3050 3651 3306 3722 μυήσεως
3332 3649 3579 3719 coniicit,

2000 3758 2157 3796 sacra
2192 3741 2431 3798 ΙΝΙΤΙΑ
2469 3760 2588 3798 eum
2619 3745 2907 3813 suscepisse
2951 3743 3104 3807 dicit,
3150 3745 3293 3812 quod
3346 3746 3577 3813 primaut

2004 3836 2189 3905 utique
2221 3836 2582 3892 initiationctn
2612 3836 2882 3906 signiﬁcat
2915 3855 2929 3890 :
2962 3836 3060 3891 Dio
3092 3847 3297 3901 autem,
3324 3837 3416 3906 qui
3446 3853 3580 3891 con-

2002 3926 2125 3981 tulit
2167 3927 2218 3981 iu
2252 3929 2567 3991 secundam,
2597 3928 2699 3996 τῆς
2747 3926 3134 3992 inomni-saw;
3156 3928 3421 3984 vocabulo
3445 3944 3579 3985 usus

2001 4027 2105 4084 est,
2142 4018 2389 4089 adeoque
2445 4019 2671 4074 alteram
2719 4020 3127 4090 perfectamque
3185 4021 3573 4093 mysteriorum

2000 4111 2400 4180 susceptionem
2441 4111 2660 4180 proprio
2693 4114 2912 4167 nomine
2946 4113 3271 4182 designavit.
3306 4112 3574 4169 Prteterca

2002 4218 2132 4266 non,
2198 4213 2255 4256 ut
2302 4201 2599 4258 Salmasius
2651 4212 2822 4273 putat,
2882 4202 2969 4259 his
3024 4212 3231 4259 tantum
3276 4204 3574 4274 imperator
3640 4197 3651 4207 ’

1998 4295 2232 4350 Athenis
2270 4295 2402 4367 egit,
2440 4295 2536 4350 scd
2577 4296 2738 4350 tertio
2772 4299 2936 4350 etiam
2977 4305 3032 4351 et
3064 4306 3280 4365 quarto,
3311 4297 3419 4350 imo
3445 4312 3575 4352 vero

2000 4404 2122 4444 cum
2151 4387 2308 4442 tertio
2328 4388 2606 4452 hiemavit,
2634 4400 2753 4457 post
2784 4388 3272 4455 lustratasjvicinas
3295 4390 3500 4443 in5nlas
3517 4398 3573 4443 et

308 4467 656 4527 adornatam,
693 4474 856 4533 atque
890 4465 1089 4519 editam
1137 4482 1165 4519 a
1207 4465 1410 4523 Jacebo
1458 4468 1794 4526 Gothofreth
1825 4487 1890 4526 ex

2007 4480 2397 4543 Macedoniam,
2424 4480 2597 4535 sacris
2622 4479 2888 4535 Eleusinae
2912 4480 3143 4550 primum
3174 4480 3421 4536 initiatus
3446 4490 3527 4536 est
3553 4497 3570 4538 :

310 4559 548 4612 aliorum
573 4557 626 4613 in
655 4558 895 4615 edictum
923 4561 1366 4615 commentariis:
1399 4561 1697 4633 fragmenta
1731 4566 1892 4619 etiam

305 4665 432 4725 qua:
471 4649 791 4705 Ranchinus
842 4651 1110 4718 vulgavit:
1155 4651 1387 4720 denique
1429 4652 1813 4720 Bertramlum,
1843 4658 1897 4710 et

304 4742 559 4800 Crotium
605 4743 657 4797 in
696 4741 832 4797 Vitis
867 4741 1137 4808 lCtorum,
1169 4753 1223 4800 et
1270 4744 1498 4816 Menagii
1534 4746 1895 4803 Ammnitates

299 4834 459 4891 Juris
488 4849 609 4904 cap.
635 4833 727 4899 27,
762 4844 846 4889 etc

377 4927 499 4983 Col.
526 4927 650 4983 M38.
679 4927 955 4982 Adrianus
978 4927 1218 4982 Athenis.
1258 4927 1690 4985 Rescr-ihcndum
1719 4930 1893 4986 omni-

307 5035 381 5075 no
435 5029 529 5076 εει
559 5017 835 5083 Eleusino,
878 5019 960 5073 vel
1005 5019 1303 5085 Eleusinia,
1352 5021 1403 5075 id
1447 5031 1551 5087 est,
1591 5022 1890 5093 mysteria;

307 5110 689 5181 neque-enim,
721 5119 780 5165 ut
813 5121 941 5164 ante
977 5120 1076 5166 uo‘s
1105 5113 1319 5165 monuit
1355 5111 1679 5174 Salmasius.
1712 5114 1890 5169 credi-

307 5204 421 5261 bile
450 5213 557 5271 est,
593 5203 987 5276 Hieronymum
1039 5202 1333 5259 uescivisse
1380 5204 1716 5275 distinguere
1748 5208 1893 5263 inter

306 5297 408 5368 τὴν
432 5295 741 5360 Ἐλευσῖνα,
766 5294 861 5346 καὶ
894 5294 964 5347 τὰ
991 5292 1322 5349 Ἐλευσίνια.
1358 5294 1606 5353 Diximus
1630 5299 1732 5355 hac
1749 5300 1815 5356 de
1832 5318 1890 5357 re

305 5389 447 5442 alias
497 5387 564 5441 ad
606 5386 808 5441 librum
846 5383 914 5440 de
956 5384 1266 5442 illustribus
1314 5385 1458 5443 Viris
1509 5389 1561 5442 in
1589 5388 1886 5456 Quadrato.

301 5479 413 5535 Alii
445 5478 606 5533 etiam
637 5486 764 5532 ante
790 5492 891 5532 nos
922 5476 1247 5543 docuerunt,
1284 5478 1412 5547 quid
1439 5478 1779 5539 sitEleusina
1808 5485 1889 5539 iu-

304 5570 507 5634 visere,
542 5578 596 5622 ct
626 5567 753 5637 quid
807 5569 876 5622 ab
916 5566 1119 5621 initiari
1184 5566 1474 5623 Eleusiniis
1500 5569 1750 5627 differat:
1786 5572 1887 5628 hoc

304 5659 511 5731 quippe
537 5670 621 5713 est
651 5659 827 5729 prima
860 5658 1117 5732 mysteria
1146 5659 1415 5729 accipere,
1452 5659 1584 5716 illud
1617 5661 1670 5717 in
1704 5678 1886 5719 sacra-

304 5753 451 5810 rium
472 5752 684 5809 admitti
717 5755 812 5808 nae.
835 5750 1183 5821 ἐποπτεύειν,
1218 5769 1374 5809 sacra
1407 5754 1648 5824 inrisere,
1679 5767 1729 5813 et
1759 5772 1882 5827 epo—

2003 4573 2188 4628 invisit
2214 4581 2392 4628 autem
2418 4574 2672 4644 mysteria
2708 4581 2826 4642 post
2846 4587 2939 4627 se:
2972 4587 3168 4639 annos,
3195 4588 3320 4627 cum
3373 4573 3570 4627 iterum

2000 4661 2116 4717 sive
2171 4671 2425 4732 quartum
2481 4659 2556 4714 ibi
2594 4659 2875 4715 hiemaret.
2936 4657 3175 4728 Exposui
3240 4661 3355 4715 hac
3410 4660 3571 4731 paulo

1998 4754 2195 4819 fusius,
2235 4769 2360 4807 cum
2423 4760 2480 4806 ut
2532 4753 2771 4808 auctoris
2830 4752 2932 4805 mei
3014 4751 3254 4806 rationes
3323 4751 3573 4808 vindica-

1996 4864 2135 4915 rem,
2193 4857 2307 4902 tum
2372 4862 2437 4901 ue
2492 4854 2867 4915 pra’conccpta
2903 4842 3259 4899 Sahnasiana:
3305 4843 3571 4901 doctrinae

1994 4936 2343 5001 existimatio,
2383 4952 2502 5007 qute
2550 4950 2682 4989 sane
2717 4935 2948 4988 maxima
2976 4935 3135 4988 debet
3182 4949 3326 5003 esse,
3366 4934 3571 4993 faceret

1993 5031 2181 5088 lectori
2206 5029 2452 5085 oﬂ'ucias.
2475 5026 2704 5093 Caetera,
2726 5042 2851 5097 quae
2868 5028 2951 5080 vir
2969 5025 3322 5085 doctissimus
3350 5028 3421 5084 ad
3440 5044 3567 5084 eum

1995 5122 2265 5194 Spartiani
2315 5120 2496 5175 locum
2545 5118 2829 5185 disseruit,
2852 5119 3013 5190 digna
3042 5119 3227 5175 omnia
3272 5130 3402 5177 sunt
3448 5135 3568 5191 quae

1992 5216 2102 5271 huc
2136 5213 2511 5269 commentarii
2548 5211 2663 5267 vice
2690 5209 3041 5266 referantur.

2060 5303 2331 5364 (2υ1.467.
2365 5302 2540 5357 λιιάωὶ
2562 5304 2615 5356 in
2659 5319 2833 5357 arma.
2880 5302 3057 5359 Causa
3102 5303 3224 5358 mali
3276 5303 3412 5357 tanti
3461 5302 3566 5359 fuit

1990 5395 2131 5452 Elia
2185 5413 2291 5449 non
2336 5395 2409 5448 ita
2459 5394 2665 5463 pridem
2713 5394 2783 5450 ab
2833 5394 3108 5449 iladriauo
3160 5393 3374 5457 condita
3410 5395 3564 5463 juxta

1991 5487 2176 5541 ruinas
2203 5500 2405 5540 eversa:
2427 5481 2818 5555 Hierosolyma:
2839 5499 2852 5536 :
2872 5493 2984 5537 tum
3016 5498 3080 5537 eo
3109 5481 3336 5536 deducta
3365 5480 3564 5539 Roma-

1990 5590 2185 5630 norum
2217 5571 2430 5629 colonia
2464 5572 2834 5644 templumque
2875 5570 2996 5626 Jovi
3020 5569 3328 5640 Capitolino
3356 5573 3562 5629 essedi-

1990 5669 2230 5732 ficatum,
2264 5682 2373 5737 quo
2406 5668 2611 5738 pridem
2648 5668 2769 5721 loco
2800 5664 2891 5719 Dei
2925 5662 3186 5733 templum
3212 5662 3410 5745 fuerat.
3446 5665 3557 5721 Ευ-

1988 5759 2171 5817 sebius
2197 5758 2287 5831 qui
2315 5759 2473 5819 [Elim
2497 5758 2781 5827 conditum,
2793 5763 2914 5829 post
2937 5762 3189 5827 quartum
3217 5754 3285 5840 ab
3327 5755 3431 5814 hoc
3461 5770 3559 5840 ao.-
