3974 6192
452 223 592 300 1ῥ83

1706 223 2110 288 VALLARSII
2147 223 2389 288 NOTAE.

3506 242 3608 308 1084

451 351 582 408 num
640 335 829 400 refert,
887 349 992 390 non
1057 333 1268 389 videtur
1327 346 1444 386 eam
1501 345 1720 387 causam
1795 351 2017 403 remque
2051 340 2092 390 Α
2123 336 2492 391 miserabilem.
2523 336 2862 406 Adhuc/lctus
2897 338 3132 408 ingenis,
3160 351 3206 394 et
3245 342 3389 398 livida
3416 349 3612 424 brachio,

451 428 625 498 ipsam
686 418 992 487 assecutus,
1057 434 1151 479 aut
1214 424 1462 478 contudit
1529 424 1678 479 urbis
1736 427 2017 481 conditum

451 536 573 576 cum
607 518 728 589 ejus
779 518 1144 572 dedicatione.
1197 515 1406 572 Bellum
1473 517 1658 588 utique
1711 518 2023 574 Iudaeorum

454 614 560 668 hoc
614 626 760 666 anno
827 609 890 664 l6
947 609 1208 664 Hadriani
1267 621 1504 679 carptum
1585 611 1741 681 juxta
1807 612 2023 670 Eusebii

451 705 710 766 rationes,
764 702 978 757 decimo
1000 710 1192 757 octavo
1247 713 1342 758 aut
1394 720 1538 759 nono
1570 705 1728 760 ﬁnem
1790 709 2025 775 accepit.

453 794 648 850 'l‘inius
701 808 862 863 porro
905 793 1078 848 Rufus
1134 794 1188 848 iu
1240 796 1414 864 primo
1444 795 1694 850 Palatino
1719 811 1823 850 ms.
1857 806 2047 866 atque

455 886 584 952 illis,
618 887 814 955 quibus
864 885 947 942 usi
977 901 1166 941 sumus
1210 889 1668 957 recognoscendis
1711 887 2026 960 Hieronymi

453 977 861 1032 commentariis
886 978 938 1032 in
966 977 1262 1043 Danielem,
1283 977 1473 1049 Tgmus
1503 991 1557 1035 et
1579 979 1762 1035 Timus
1786 982 2026 1051 appella-

456 1073 566 1128 tur,
595 1079 716 1133 qua:
738 1063 866 1118 item
897 1058 1032 1132 apud
1066 1063 1202 1119 alios
1254 1078 1508 1121 auctores
1542 1069 1853 1136 promiscua
1883 1070 2029 1124 scti-

454 1164 612 1226 ptttra
636 1162 741 1208 est.
769 1153 1052 1224 Syncellus
1100 1170 1223 1209 cum
1252 1157 1468 1224 gemino
1496 1176 1525 1210 ν
1559 1159 1771 1212 Τξννιον
1813 1158 2024 1214 scribit.

491 1245 493 1248 ⁴
524 1246 642 1302 σοι.
663 1246 785 1301 468.
809 1244 1065 1300 Basilides
1082 1247 1455 1302 haeresiarcha.
1482 1248 1653 1303 Minus
1686 1257 1845 1305 antea
1885 1261 2030 1307 recte

455 1345 569 1390 erat
598 1345 1059 1398 commemoratus,
1094 1338 1235 1404 quod
1263 1339 1574 1392 emendavit
1599 1339 1893 1395 Pontacus.
1923 1341 2032 1395 Re-

456 1427 572 1483 cole
591 1426 790 1482 librum
825 1443 857 1480 v
895 1426 1141 1484 Doct0ris
1171 1429 1238 1484 de
1274 1429 1414 1486 Viris
1449 1431 1770 1497 lllustribus,
1800 1433 2028 1503 cap.2l.

527 1519 647 1577 Col.
683 1520 808 1574 467.
844 1518 1107 1576 Coc/rebus
1168 1521 1410 1578 Iudaica:
1453 1525 1562 1579 dux
1600 1526 1866 1595 factionis.
1895 1525 2031 1581 Aliis

458 1613 709 1668 absolute
755 1611 1022 1668 Cochebas
1049 1614 1377 1683 appellatur.
1408 1616 1467 1671 In
1519 1618 1718 1687 primo,
1760 1621 1943 1683 tertio,
1977 1630 2032 1674 et

459 1712 654 1770 quarto
699 1703 870 1766 Palat,
911 1705 1216 1774 codicibus,
1244 1717 1380 1763 teste
1406 1708 1881 1774 Schurzﬂeischio.
1925 1712 2033 1768 Bar

462 1795 769 1850 Cltochabas
812 1797 1038 1863 dicitur,
1068 1800 1524 1867 quemadmodum
1557 1810 1613 1856 ct
1645 1803 1697 1856 in
1730 1804 1848 1858 suis
1875 1803 2032 1860 libris

460 1889 720 1956 scriptum
748 1888 960 1944 Mineus
983 1890 1208 1946 invenit.
1238 1891 1436 1947 Confer
1464 1893 1762 1958 Petavium,
1787 1894 2032 1964 Pagium,

462 1991 516 2033 et
548 1979 948 2034 Blanchiuium.
980 1981 1110 2046 Qum
1136 1982 1504 2053 {subsequitur
1533 1986 1816 2055 periocha;
1845 1987 2034 2043 Italico

461 2072 780 2127 charactere
805 2072 1100 2144 descripta,
1123 2091 1151 2128 a
1181 2075 1385 2131 nostris
1414 2092 1540 2132 mss.
1574 2079 1764 2146 abest;
1791 2077 2034 2151 Scaliger

462 2181 581 2218 eam
613 2164 864 2218 exsulare
916 2166 1132 2234 penitus
1182 2165 1366 2236 jussit.

536 2254 672 2310 Ibid.
695 2254 902 2310 Bellum
931 2256 1244 2314 Judaicum.
1273 2259 1547 2329 Incipiunt
1573 2261 1832 2318 Hadriani
1865 2266 2036 2331 impe-

466 2347 530 2401 rii
567 2348 717 2413 anni,
749 2357 809 2404 ut
829 2350 1082 2420 superius
1099 2359 1344 2406 notatum
1373 2363 1479 2416 est,
1509 2369 1538 2408 a
1563 2354 1629 2408 10
1657 2354 1743 2408 die
1759 2356 1985 2424 Augusti
2016 2373 2032 2410 :

462 2440 618 2509 juxta
643 2455 806 2510 quam
836 2440 1053 2511 quidem
1113 2445 1380 2498 rationem
1417 2444 1632 2501 videtur
1659 2446 1782 2510 iste,
1811 2464 1919 2518 quo
1942 2447 2038 2503 Ju-

469 2532 626 2587 daico
661 2533 802 2589 bello
834 2535 956 2588 ﬂuis
980 2535 1272 2602 impositus
1303 2544 1410 2601 est,
1436 2535 1685 2593 decimus
1736 2554 1916 2595 nonus
1941 2556 2038 2610 po-

471 2624 580 2678 tius
619 2640 779 2693 quant
839 2624 1083 2682 decimus
1153 2623 1381 2681 ociavus
1437 2630 1717 2698 supputari
1760 2631 2036 2688 debuisse.

474 2711 619 2769 Satis
643 2723 824 2770 tamen
876 2715 1011 2770 bene
1069 2717 1229 2772 habet
1259 2718 1546 2785 Eusebius,
1577 2721 1669 2790 qui
1697 2722 1906 2778 huncce
1939 2740 2042 2778 an-

475 2820 605 2859 num
657 2821 778 2862 cum
826 2809 988 2862 tertio
1033 2807 1423 2864 ducentesima:
1497 2810 1787 2868 tricesima:
1837 2823 2042 2870 octava:

476 2899 693 2970 Olymp.
756 2901 1068 2970 componit:
1138 2901 1452 2973 frustraque
1503 2915 1589 2960 est
1653 2906 2038 2980 Scaliger.qui

2126 436 2174 482 et
2232 430 2405 497 sparsi
2465 433 2635 483 crines
2675 446 2694 484 :
2757 440 2807 484 ct
2888 430 3040 484 utiles
3069 433 3342 487 mercedem
3402 447 3614 514 postulat,

2127 530 2184 574 ut
2222 520 2330 574 illis
2358 521 2484 590 ﬂere
2514 522 2629 590 plus
2660 521 2839 576 liceat.

2199 611 2317 666 Col.
2354 611 2479 668 469.
2513 611 2668 669 Elia
2698 614 2762 668 ab
2813 614 3051 669 Adriano
3105 617 3325 674 condita.
3383 619 3620 685 lnnuimus

2130 702 2289 774 paulo
2317 713 2464 770 ante,
2482 703 2772 760 Eusebium
2799 706 2852 761 in
2879 704 3038 762 Elim
3068 709 3280 764 conditu
3314 713 3621 786 consignando

2128 793 2173 849 si
2207 807 2394 850 errore
2422 803 2591 856 caret.
2619 805 2767 851 certe
2796 797 2977 851 minus
2999 812 3120 855 esse
3149 797 3372 856 locutum
3399 817 3619 865 accurate.

2132 882 2398 956 Scaliger,
2431 895 2486 940 et
2519 884 2803 950 Petavius.
2833 887 3085 944 Valesius
3117 903 3322 962 quoque
3351 895 3411 947 ad
3460 894 3620 955 llistor.

2131 976 2277 1034 Eccl.
2325 979 2547 1036 Eusebii
2596 981 2692 1036 lib.
2743 997 2816 1046 tv,
2847 997 2898 1036 c.
2929 981 2985 1049 6,
3037 983 3346 1055 Beveregius
3390 989 3559 1047 Annot.
3581 995 3623 1050 in

2129 1082 2326 1124 canon.
2357 1069 2391 1125 6
2422 1084 2580 1126 conc.
2607 1069 2808 1126 Nicazni
2843 1072 3023 1142 primi,
3058 1075 3250 1145 Pagius
3284 1079 3452 1134 Critic.
3470 1084 3560 1137 vol.
3589 1083 3622 1148 Ι.

2131 1171 2187 1225 p.
2221 1155 2345 1223 129,
2387 1166 2552 1228 atque
2574 1159 2688 1225 alii,
2723 1159 2936 1214 tametsi
2967 1162 3210 1216 nonnihil
3237 1179 3402 1219 secum
3443 1167 3624 1224 invicem

2131 1243 2538 1311 dissentientes,
2559 1260 2626 1300 ex
2654 1247 2896 1316 antiquis
2936 1248 3312 1318 scriptoribus,
3339 1261 3512 1308 etcum
3541 1257 3627 1323 pri.

2132 1333 2237 1389 mis
2302 1333 2594 1404 Spartiano
2622 1375 2634 1397 Α.
2662 1337 2718 1392 in
2759 1336 3023 1393 Hadriani
3082 1336 3218 1403 Vita,
3268 1341 3420 1397 fuisse
3470 1343 3626 1400 Etiam

2097 1433 2256 1481 ante
2304 1428 2504 1483 bellum
2555 1429 2866 1497 Judaicum,
2899 1431 2986 1487 hic
3027 1433 3230 1502 paucis,
3273 1435 3400 1489 alius
3434 1435 3628 1505 pluribus

2131 1521 2288 1576 annis
2337 1531 2688 1588 exstructam,
2726 1525 3122 1595 deductamque
3162 1541 3227 1582 eo
3254 1527 3490 1583 coloniam
3527 1544 3631 1583 con-

2135 1614 2394 1668 tendunt.
2475 1615 2582 1671 Sed
2666 1631 2842 1685 neque
2921 1617 3353 1674 doctissimorum
3407 1621 3630 1675 hominum

2137 1707 2403 1761 sententia
2443 1715 2596 1761 caret
2629 1708 2981 1778 ambiguitate
3013 1724 3028 1763 :
3063 1717 3119 1764 et
3174 1707 3390 1766 fortasse
3430 1720 3632 1779 prastat,

2135 1797 2279 1865 quod
2310 1795 2604 1867 Basnagius
2629 1799 2756 1854 facit
2779 1797 3174 1856 HistJudteor.
3208 1800 3297 1856 lib.
3325 1817 3360 1864 ι.
3388 1816 3433 1855 c.
3456 1802 3530 1860 l9.
3556 1800 3634 1854 Eu-

2135 1888 2345 1943 sebium
2371 1889 2650 1945 meliorem
2683 1891 2735 1944 in
2767 1900 2981 1960 partem
3017 1892 3378 1961 interpretari.
3411 1892 3490 1960 qui
3512 1895 3555 1947 in
3585 1909 3634 1948 eo

2135 1989 2305 2042 certe,
2337 1979 2481 2047 quod
2513 1979 2586 2034 rei
2613 1990 2777 2049 caput
2807 1989 2914 2044 est,
2949 1988 3102 2037 recte
3138 1982 3318 2036 sentit.
3349 1982 3442 2036 Par
3462 1981 3635 2035 credere

2135 2078 2240 2137 est,
2308 2069 2538 2138 cmstse
2588 2068 2809 2138 quidem
2857 2069 3193 2125 lladrianum
3242 2081 3360 2126 ante
3409 2070 3636 2126 Judaiccm

2137 2163 2336 2219 bellant
2355 2164 2436 2218 vel
2457 2163 2766 2218 instaurare
2789 2161 3242 2236 Hierosolymam,
3256 2165 3330 2219 vel
3350 2165 3505 2234 potius
3517 2164 3637 2218 aliam

2139 2270 2305 2325 prope
2327 2270 2446 2310 eam
2487 2255 2678 2312 urbem
2715 2265 3022 2320 exstruere.
3056 2265 3113 2312 et
3153 2258 3367 2312 colonos
3386 2257 3638 2314 deducere:

2139 2351 2233 2404 sed
2259 2349 2597 2404 moventibus
2617 2363 2681 2403 ea
2705 2349 2952 2404 de'causa
2981 2347 3305 2404 seditionem
3330 2347 3522 2413 Judais,
3545 2362 3642 2402 coa-

2139 2457 2285 2501 ctum
2317 2445 2955 2517 inrcptisdesistere,ncc
2985 2444 3090 2500 nisi
3116 2443 3355 2500 confecto
3404 2443 3524 2496 bello
3548 2458 3643 2512 pro-

2141 2537 2448 2609 ﬂigatisque
2476 2539 2770 2593 rebellibus
2816 2539 3060 2608 putuissc
3096 2539 3281 2592 urbem
3306 2537 3552 2601 perlicere,
3580 2549 3628 2588 ac

2143 2630 2210 2685 de
2254 2645 2351 2683 suo
2415 2630 2638 2684 nomine
2682 2629 2884 2686 Eliam
2945 2630 3244 2700 appellare.
3291 2627 3642 2682 Probabiliorem

2145 2721 2468 2776 sententiam
2496 2720 2635 2776 hanc
2662 2721 2916 2786 reddunt,
2945 2737 3069 2790 quae
3104 2719 3201 2775 Dio
3229 2728 3400 2774 narrat
3428 2718 3510 2772 lib.
3532 2731 3643 2770 Lux.

2145 2813 2383 2871 Omnino
2412 2825 2593 2868 autem
2639 2829 2762 2869 cum
2795 2815 2960 2884 Pagio
3003 2817 3262 2870 aberrant
3286 2812 3372 2880 qui
3401 2810 3564 2866 Alliam
3589 2811 3640 2863 ah

2148 2906 2262 2975 ipsa
2305 2905 2389 2959 sui
2417 2905 2591 2974 prima
2623 2905 2980 2960 mdiﬁcatione
3007 2905 3200 2960 urbem
3235 2911 3556 2971 nuncupatam
3581 2913 3649 2950 vo-

476 2990 771 3045 :ulmissum
798 2993 926 3045 anui
958 2992 1430 3061 prochronismum
1467 3012 1531 3051 ex
1557 2998 1811 3055 Aristone
1845 3000 2042 3059 Pellaeo

2151 3000 2289 3054 lttnt.
2313 2998 2573 3061 Tantum,
2593 3012 2771 3067 quem'
2801 3008 2962 3050 vocat
2996 2997 3267 3051 Eusebius
3289 2995 3552 3053 conditum,
3577 3004 3650 3058 pro

477 3081 686 3151 objicit.
739 3082 1057 3151 Quanquam
1122 3096 1175 3140 et
1221 3087 1274 3140 in
1323 3103 1388 3142 eo
1423 3087 1626 3143 fallitur
1676 3091 1760 3146 vir
1799 3094 2050 3151 doetissi-

480 3189 624 3237 rnus,
657 3179 801 3244 quod
826 3176 1095 3232 AriSIonis
1124 3179 1287 3233 verba
1336 3194 1460 3236 esse
1516 3183 1867 3252 existimavit,
1931 3205 2052 3259 qua:

481 3268 768 3334 ipsiusmet
807 3266 1025 3325 Eusebii
1063 3281 1192 3326 sunt
1225 3271 1361 3328 Hist.
1398 3273 1544 3329 Eccl.
1603 3274 1698 3331 lib.
1766 3293 1842 3340 Iv,
1893 3295 1945 3336 c.
1996 3281 2052 3336 6.

481 3358 726 3413 Bctberae
743 3361 1165 3429 expugnatione,
1189 3363 1386 3419 occisis
1405 3364 1686 3420 rebellium
1717 3365 1969 3434 ducibus,
2001 3377 2056 3426 et

483 3452 796 3522 quingentis
835 3454 1107 3524 octoginta
1150 3455 1390 3512 millibus
1420 3454 1758 3526 Iudaeorum,
1806 3459 2054 3517 horribili

483 3545 660 3615 gentis
676 3546 793 3617 ejus
809 3545 1166 3610 desolatione,
1188 3546 1387 3601 bellant
1415 3547 1649 3618 ﬁnitum,
1666 3567 1828 3605 neruo
1852 3562 1937 3608 est
1963 3554 2056 3622 qui

485 3636 714 3692 nesciat.
734 3635 1028 3693 lnterdicto
1056 3651 1270 3706 quoque
1302 3638 1394 3694 illo
1417 3639 1936 3708 introeundi’situm,
1965 3643 2059 3698 ubi

488 3728 982 3800 Hierosolymorum
1042 3729 1175 3786 urbs
1230 3727 1431 3794 fuerat,
1483 3732 1618 3786 nihil
1677 3734 1882 3790 notius.
1941 3736 2058 3792 Non

487 3835 710 3890 possum
742 3830 919 3875 tamen
948 3821 1078 3892 quin
1102 3820 1192 3876 hic
1228 3823 1529 3878 describam
1569 3824 1849 3882 laudatum
1897 3829 2060 3883 etiam

491 3912 769 3985 Scaligero
824 3912 1140 3986 Hieronymi
1190 3915 1370 3971 locum
1399 3931 1431 3970 e
1460 3919 1731 3974 sexcentis
1756 3920 1876 3976 aliis
1907 3936 2060 3993 egre-

489 4004 633 4073 gium
661 4019 728 4060 ex
761 4013 1052 4059 comment.
1083 4003 1139 4059 in
1179 4004 1470 4075 Sophonize
1498 4020 1549 4061 c.
1573 4022 1635 4070 ll,
1666 4021 1734 4061 ex
1767 4023 1878 4078 quo
1909 4010 2064 4064 intel-

490 4094 658 4164 ligere
693 4095 821 4159 erit,
861 4094 1019 4148 unico
1050 4094 1177 4148 anni
1208 4095 1320 4158 die,
1362 4110 1470 4166 quo
1503 4096 1712 4152 scilicet
1742 4114 1938 4155 eversa
1964 4099 2068 4156 fuit

493 4187 624 4241 urbs
655 4201 685 4240 a
707 4185 852 4251 Tito,
881 4185 1098 4240 licuisse
1123 4184 1326 4242 Iudaeis
1349 4189 1524 4257 pretio
1555 4189 1823 4246 redimere
1855 4193 2066 4263 ingres-

492 4291 613 4330 sum
647 4276 701 4330 in
734 4290 854 4330 eam
885 4285 1117 4346 partem,
1145 4291 1210 4332 es
1229 4291 1335 4348 qua
1365 4278 1597 4348 patriam
1629 4291 2064 4351 prospectantes,

2152 3086 2270 3154 ipsa
2321 3087 2553 3156 accipito
2586 3087 2736 3142 urbis
2770 3085 3119 3141 dedicatione
3176 3094 3332 3153 atque
3371 3079 3650 3150 impositione

2153 3177 2390 3234 nominis
2425 3193 2455 3231 a
2488 3177 2774 3233 conditore
2811 3177 2960 3232 ASIio
2992 3190 3008 3229 :
3060 3191 3172 3246 quo
3213 3188 3367 3232 sensu
3397 3170 3539 3227 verba
3562 3169 3651 3238 ejus

2152 3283 2428 3339 exponere
2459 3277 2552 3322 aut
2577 3268 2713 3323 nihil
2746 3278 2914 3333 vetat,
2939 3275 3032 3321 aut
3050 3269 3096 3322 si
3122 3266 3249 3336 quid
3287 3263 3448 3318 adhuc
3485 3260 3653 3316 criticos

2155 3371 2359 3428 movet,
2383 3368 2532 3416 certe
2557 3359 2699 3413 hanc
2733 3359 2840 3414 sibi
2871 3358 3043 3413 fuisse
3086 3365 3318 3412 mentem
3345 3353 3450 3424 ipse
3471 3347 3652 3406 ostendit

2157 3451 2294 3521 gesti
2351 3446 2668 3523 recensione
2733 3449 2798 3502 ad
2857 3463 3061 3504 annum
3101 3442 3349 3502 Hadriani
3374 3444 3648 3497 vicesimum.

2157 3557 2266 3613 quo
2327 3556 2427 3597 sua
2480 3540 2775 3610 imperator
2828 3537 3142 3595 Vicenualia
3174 3532 3482 3591 celebravit:
3531 3540 3654 3598 quam

2160 3633 2559 3690 solemnitatem
2578 3631 2847 3703 ejusmodi
2880 3629 3187 3684 honoribus
3205 3624 3450 3682 cumulari
3470 3620 3653 3681 solitam,

2161 3741 2321 3782 nemo
2345 3732 2427 3782 cst
2452 3723 2544 3795 qui
2591 3724 2826 3794 ignoret.
2861 3723 2934 3776 De
2991 3737 3121 3776 vera
3157 3718 3385 3774 nominis
3406 3715 3536 3772 Aliae
3557 3709 3656 3765 scri-

2163 3827 2342 3890 ptura,
2369 3817 2570 3872 videsis
2591 3815 2797 3870 Theod.
2831 3813 3064 3867 Riltium.
3081 3812 3148 3866 ad
3180 3811 3411 3865 Tacitum
3435 3823 3481 3876 p.
3511 3803 3606 3859 l95.

2232 3908 2353 3965 Col.
2382 3907 2511 3964 469.
2541 3906 2689 3962 Elia
2725 3905 2790 3961 ab
2821 3904 3042 3959 zElio...
3081 3919 3173 3957 sus
3201 3901 3443 3970 sculptus.
3477 3896 3527 3952 lu
3548 3895 3658 3947 Par-

2165 4000 2344 4057 mensi
2373 4015 2479 4054 ms.
2511 3999 2758 4054 sulcatus
2807 4011 2916 4052 uno
2967 3994 3142 4050 verbo
3183 4007 3280 4064 pro
3333 4007 3424 4045 sus
3476 3985 3658 4052 sculptus

2167 4095 2384 4164 legitur,
2441 4101 2500 4147 ut
2557 4102 2612 4146 et
2674 4091 2729 4146 in
2789 4090 2966 4160 primo
3027 4096 3084 4143 et
3131 4086 3290 4142 tertio
3342 4082 3514 4140 Palat..
3558 4082 3660 4130 teste

2170 4183 2651 4240 Schurzlleischio.
2725 4181 2861 4236 Huic
2915 4195 3095 4248 neque
3150 4179 3266 4248 ipsa
3317 4189 3435 4230 sana
3497 4168 3660 4223 videtur

2170 4276 2386 4378 vulgata
2415 4273 2577 4330 lectio
2611 4287 2628 4340 ;
2661 4285 2766 4324 non
2795 4269 2940 4326 enim
2984 4271 3153 4339 capit,
3182 4266 3273 4338 qui
3334 4262 3432 4318 Sus
3472 4257 3658 4378 scalptas

494 4370 679 4438 lugere
709 4345 1058 4423 solitudinem
1108 4345 1274 4438 atque
1310 4345 1563 4425 exsilium
1607 4345 1777 4426 suum
1803 4345 2066 4442 possent:
2103 4369 2143 4423 Ι)
2172 4345 2483 4440 si‘guillcarc
2517 4364 2694 4435 potuit
2724 4363 2984 4419 Romana:
3018 4359 3274 4431 potestati
3298 4357 3518 4413 Judxam
3564 4345 3663 4402 sub'

497 4454 690 4528 Usque,
719 4457 818 4523 ait,
863 4456 934 4511 ad
952 4465 1263 4527 prasentem
1306 4459 1444 4513 diem
1485 4460 1671 4529 perfidi
1707 4463 1902 4529 coloni,
1949 4475 2065 4533 post

495 4550 906 4618 interfectionem
964 4564 1254 4612 servorum,
1286 4560 1334 4603 et
1367 4552 1438 4604 ad
1466 4561 1757 4607 extremum
1787 4554 1918 4611 Filii
1952 4556 2064 4622 Dei,

495 4649 710 4712 excepto
775 4641 1021 4707 planctu,
1059 4638 1406 4708 prohibentur
1437 4641 1640 4711 ingredi
1669 4643 1987 4711 Jerusalem,
2019 4658 2068 4702 et

497 4741 557 4788 nt
585 4735 791 4788 ruinam
826 4748 937 4787 suae
981 4733 1054 4787 eis
1079 4732 1206 4803 ﬂere
1255 4732 1411 4788 liceat
1443 4735 1694 4801 civitatis,
1721 4739 1888 4806 pretio
1925 4739 2070 4792 redi-

499 4833 648 4878 munt
674 4841 693 4880 :
723 4833 778 4878 ut
813 4826 902 4894 qui
939 4825 1205 4894 quondam
1244 4834 1478 4880 emerant
1506 4828 1818 4897 sanguinem
1847 4829 2068 4898 Christi,

498 4924 676 4970 emant
701 4914 963 4984 lacrymas
980 4931 1128 4982 suas,
1151 4923 1202 4970 et
1227 4933 1292 4970 ne
1310 4917 1463 4984 ﬂetus
1484 4917 1693 4988 quidem
1716 4919 1789 4973 eis
1803 4924 2070 4989 gratuitas

499 5012 589 5066 sit.
631 5007 816 5064 Videas
852 5011 907 5064 in
936 5010 1043 5078 die,
1069 5027 1170 5081 quo
1193 5024 1349 5079 capta
1377 5022 1454 5068 est
1482 5031 1514 5068 a
1545 5013 1795 5071 Romanis
1815 5025 1866 5071 et
1893 5016 2073 5072 diruta

499 5101 826 5168 Jerusalem,
847 5101 1021 5156 venire
1037 5102 1285 5171 populum
1306 5103 1598 5174 lugubrem,
1621 5106 1880 5175 con/luere
1901 5108 2076 5162 decre-

504 5198 643 5267 pitas
695 5195 1063 5261 mulierculas,
1095 5205 1144 5248 et
1178 5212 1322 5250 senes
1351 5199 1544 5266 pannis
1575 5200 1832 5268 annisque
1856 5198 2074 5267 obsitus,

505 5276 556 5341 in
581 5287 886 5356 corporibus
937 5295 985 5340 et
1016 5287 1070 5338 in
1110 5285 1294 5339 habitu
1324 5302 1418 5339 suo
1449 5289 1586 5342 iram
1617 5287 1830 5343 Domini
1855 5289 2076 5345 demon-

505 5389 755 5431 strantes.
789 5375 1150 5447 Congreqatur
1197 5376 1353 5429 turba
1385 5377 1722 5445 miserorum,
1758 5388 1808 5434 et
1840 5381 2075 5450 patibulo

512 5468 720 5523 Domini
748 5480 1076 5529 coruscante.
1101 5479 1152 5524 et
1188 5467 1461 5534 radiante;
1484 5471 1780 5525 ἀναστάσει
1813 5473 1974 5542 'ejus,
2014 5474 2077 5529 de

511 5562 914 5634 Olivetiquoque
932 5576 1124 5628 monte,
1144 5563 1315 5617 crucis
1335 5561 1566 5633 fulgente
1598 5566 1808 5630 vexillo,
1831 5565 2079 5636 plangere

515 5658 697 5716 ruinas
717 5659 892 5725 templi
911 5658 993 5712 sui
1015 5659 1263 5728 populant
1284 5657 1550 5740 miserum,
1577 5669 1620 5712 ct
1642 5667 1817 5715 tamen
1847 5676 1946 5714 non
1969 5665 2078 5717 esse

2166 4463 2367 4532 jacere.
2408 4458 2594 4514 Mallet
2664 4454 2896 4526 proinde
2933 4463 3106 4508 totum
3152 4453 3324 4508 locum
3357 4448 3424 4501 ita
3460 4442 3657 4539 religeter

2169 4552 2323 4608 Allia
2347 4551 2410 4605 ab
2433 4549 2506 4605 ΑΞ
2513 4549 2584 4603 lio
2609 4547 2890 4602 Hadriano
2912 4546 3147 4600 condita.
3179 4544 3276 4598 Est
3331 4542 3380 4595 in
3411 4539 3558 4609 fronte
3577 4541 3661 4598 cl"

2169 4651 2356 4715 porta',
2387 4658 2492 4712 qua
2514 4639 2784 4694 Bethleem
2839 4637 3160 4706 egredimur,
3207 4633 3262 4690 S.
3297 4633 3357 4688 (Ξ.
3385 4631 3434 4684 in
3455 4633 3663 4682 marmore

2171 4735 2500 4808 prominens,
2527 4731 2839 4801 signiﬁcans
2871 4728 3128 4782 Romana:
3175 4717 3663 4812 potestatisubjaccte

2172 4807 2412 4883 Judaros.
2450 4819 2711 4876 Nonnulli
2741 4837 2771 4872 a
2831 4818 2948 4870 Tito
2979 4815 3210 4880 ﬁliam,
3253 4811 3361 4882 ﬁlio
3394 4807 3661 4898 Vespasiani,

2171 4922 2502 4972 exstructam
2539 4908 2904 4963 arbitrantur.
2932 4904 3082 4959 Haud
3123 4903 3260 4964 scio,
3297 4913 3414 4954 num
3444 4893 3551 4949 aliis
3575 4893 3663 4956 ejus

2175 5010 2290 5064 haec
2324 5007 2486 5062 lectio
2520 5019 2629 5058 non
2664 5000 2934 5055 inerudita
2956 4995 3293 5068 probabitur.
3321 4988 3535 5046 Dillidcre
3555 4988 3666 5034 certe

2177 5095 2730 5168 videturipsemetiu
2787 5092 2947 5147 Curis
3005 5085 3410 5158 posterioribus,
3471 5075 3546 5132 ubi
3579 5071 3666 5126 hac

2177 5195 2374 5266 adjecit
2433 5211 2447 5248 :
2497 5190 2660 5246 Snem
2708 5187 2984 5256 scalptum
3043 5184 3098 5240 in
3153 5195 3308 5236 muro
3365 5170 3663 5266 signiﬁcasse.

2179 5257 2436 5344 Romanas
2466 5283 2721 5356 potestati
2779 5282 3080 5351 regionem,
3112 5275 3206 5331 ubi
3277 5280 3387 5328 erat
3432 5257 3663 5359 videndus»

2177 5354 2486 5450 subiacere,
2529 5375 2702 5430 voluit
2758 5372 2846 5427 Jo.
2892 5371 3202 5426 Harduinus
3248 5364 3300 5419 in
3358 5354 3664 5453 Antirrhctice

2178 5447 2368 5528 contra
2386 5468 2691 5532 Valentem,
2721 5481 2774 5536 p.
2803 5462 2928 5527 156,
2947 5463 3042 5532 qui
3074 5460 3125 5516 id
3154 5461 3502 5513 demonstrare
3518 5447 3664 5498 nititur

2180 5583 2211 5622 e
2238 5563 2449 5635 Virgilii
2478 5560 2696 5617 lEueid.
2720 5572 2840 5624 vut,
2883 5555 2972 5610 45.
3424 5633 3437 5635 _
3581 5620 3592 5632 ε

2252 5624 2369 5713 Col.
2401 5655 2525 5711 470.
2559 5652 2825 5707 Adrianus
2863 5648 3042 5703 morbo
3104 5640 3393 5700 intercutis.
3423 5633 3490 5690 lla
3535 5624 3659 5681 etiam
