4014 6196
331 259 472 326 1085

324 373 592 445 Eutropio
630 374 804 443 maior
842 381 1187 450 sexagenario
1246 379 1446 436 dicitur
1497 397 1510 434 :

323 479 504 522 autem
533 484 707 526 annos
737 468 830 538 62,
863 485 1076 527 menses
1105 472 1161 539 5,
1191 472 1310 528 dies
1341 473 1408 528 I7
1444 489 1460 536 ;
1512 482 1758 528 mortuus
1813 480 1898 525 est

324 578 374 613 vi
403 561 527 616 idus
563 559 718 624 Julii.
745 577 866 616 eum
901 573 1186 634 regnasset
1211 579 1388 619 annos
1411 564 1503 624 20.
1549 579 1772 618 menses
1804 563 1895 628 ll,

325 664 435 702 uno
497 650 586 704 die
652 650 856 705 minus.
926 651 1135 706 Czetera
1186 651 1378 709 coul‘er
1437 650 1787 723 Spartianum
1843 662 1897 709 et

322 739 569 805 Dionem,
599 755 834 810 eumque
880 741 967 797 his
1013 741 1290 798 laudatum
1314 743 1641 812 Eutropium
1680 760 1696 811 ;
1758 757 1897 800 non-

326 832 458 886 nihil
491 834 639 890 enim
688 833 831 890 inter
871 849 931 890 se
964 834 1254 890 dissident.
1479 893 1485 899 _

391 922 525 978 Ibid.
597 923 748 979 Titus
807 925 1129 980 Antoninus.
1196 925 1468 984 I’ontacus
1536 942 1657 981 eum
1734 937 1893 983 antea

321 1027 680 1088 supputasset
757 1033 935 1075 annos
1016 1019 1281 1076 Antonini
1359 1023 1450 1090 23,
1508 1026 1734 1081 rescribi
1802 1025 1894 1082 hic

312 1109 478 1177 jussit
502 1108 881 1173 22.,Diximus
933 1110 1033 1166 hac
1071 1113 1137 1167 de
1175 1128 1234 1169 re
1265 1114 1331 1169 ad
1357 1115 1682 1172 laterculqu
1717 1117 1892 1173 nomi-

322 1216 448 1252 uum
487 1199 877 1270 imperatorum
909 1203 1034 1259 huic
1072 1203 1234 1274 Operi
1282 1207 1564 1277 praefixum
1615 1210 1720 1264 col.
1789 1210 1882 1266 82.

321 1292 508 1346 Satius
577 1300 756 1348 autem
807 1302 926 1349 erat
979 1297 1250 1352 mensium
1297 1314 1588 1355 numerum
1654 1303 1888 1372 amplili-

319 1399 470 1450 care,
499 1384 551 1439 id
582 1395 686 1453 est,
715 1395 921 1456 septem
955 1403 1058 1459 pro
1087 1390 1287 1456 tribus,
1352 1403 1408 1446 et
1457 1394 1573 1449 dies
1638 1397 1829 1466 viginti
1868 1414 1884 1456 :

318 1488 493 1541 neque
553 1475 696 1530 enim
754 1475 1005 1542 dubium,
1063 1479 1197 1547 quin
1257 1481 1326 1535 ab
1375 1481 1638 1540 Iiadriaui
1717 1497 1887 1544 morte

317 1565 675 1623 Antoniniani
711 1568 928 1640 imperii
972 1571 1125 1628 initia
1153 1573 1420 1632 Eusebius
1448 1577 1744 1646 repetierit.

393 1658 621 1715 Calenus
656 1661 823 1730 (apud
875 1660 1154 1733 Vallarsi).
1188 1664 1314 1721 Haec
1364 1682 1542 1735 neque
1576 1669 1629 1722 in
1685 1674 1883 1728 nostris

1598 266 2004 328 VALLARSII
2037 267 2272 329 ΝΟΤίΕ.

1565 379 1884 450 impleverat
1910 379 1954 438 A
1984 393 2246 451 quatuor,
2277 389 2332 438 et
2354 381 2472 438 dies
2498 388 2607 437 tres
2633 396 2649 437 ζ
2688 379 3062 437 Buchcrianus
3081 368 3356 448 catalogits
3390 395 3562 435 annos

3429 260 3566 326 1086

2000 474 2091 541 20,
2125 489 2344 529 menses
2373 482 2631 544 quatuor,
2665 489 2832 528 unum
2862 480 2916 528 et
2971 471 3156 541 viginti
3196 470 3339 525 dies.
3397 469 3561 525 (301ιί-

1997 580 2094 634 gas
2128 580 2258 622 vero
2287 580 2352 620 ex
2397 573 2679 627 contextu,
2735 564 3059 634 depravatas
3101 561 3173 616 ibi
3249 560 3562 615 numerieas

1999 669 2183 725 notas,
2247 641 2322 713 et.
2353 657 2422 714 20
2457 659 2716 726 scriptum
2769 671 2890 710 esse
2933 657 3032 725 pro
3083 652 3170 707 l5.
3205 652 3560 706 Blauchinios

1985 749 2240 804 .electum
2297 747 2532 803 aliirmat
2566 745 2844 804 Dominica
2894 745 2984 800 die
3043 744 3076 800 9
3128 745 3333 814 Aprilis
3368 759 3384 797 :
3416 742 3556 812 quod

1995 840 2216 912 quidem
2276 839 2420 894 haud
2475 839 2655 911 video,
2688 853 2849 908 quam
2891 837 3030 892 bene
3091 852 3213 890 eum
3270 833 3561 906 hypOIhesi

1996 947 2094 988 sua
2133 933 2424 988 cohaereat.
2455 931 2592 988 Cum
2649 931 2794 986 enim
2822 931 2955 984 velit
2999 945 3028 984 a
3083 927 3366 982 Paschalis
3421 927 3563 980 cele-

1993 1026 2243 1082 bratione
2282 1041 2458 1081 annos
2481 1024 2797 1095 pontiﬁcum
2821 1024 3043 1078 omnino
3067 1021 3371 1092 supputari,
3395 1020 3566 1072 hanc-

1994 1131 2101 1187 que
2145 1115 2316 1172 fuisse
2373 1116 2538 1174 etiam
2595 1115 2828 1171 Eusebio
2899 1115 3140 1182 regulam
3196 1112 3563 1170 observatam,

1993 1224 2099 1263 non
2135 1208 2412 1264 debuisset
2440 1209 2508 1262 ab
2539 1207 2640 1260 hoc
2667 1223 2836 1270 anno,
2908 1203 3004 1259 sed
3036 1205 3103 1258 ab
3139 1201 3450 1268 insequenti
3480 1198 3562 1252 Pii

1990 1301 2365 1369 pontificatum
2402 1297 2679 1368 auspicari
2715 1295 3026 1367 :siquidem
3086 1295 3289 1350 electus
3327 1300 3408 1346 est
3440 1300 3562 1360 post

1993 1390 2160 1461 hujus
2187 1391 2316 1446 anni
2345 1389 2572 1452 Pascha,
2599 1389 2743 1458 quod
2777 1387 3025 1458 proxime
3077 1385 3414 1455 praecedente
3452 1382 3557 1435 Bo-

1996 1481 2200 1535 minica
2225 1480 2398 1535 diell
2448 1479 2649 1549 Aprilis
2691 1479 2846 1550 juxta
2895 1476 3182 1532 Riciolium
3232 1473 3557 1542 contigerat.

1989 1573 2158 1644 Igitur
2190 1581 2284 1626 aut
2314 1587 2423 1627 non
2454 1588 2516 1626 ea
2546 1582 2632 1628 est
2684 1571 2950 1626 continuo
2998 1570 3280 1624 observata
3325 1564 3563 1618 Eusebio

1992 1667 2202 1736 regula,
2234 1677 2331 1722 aut
2369 1684 2476 1722 non
2521 1667 2658 1723 satis
2693 1667 2849 1721 lirmo
2886 1664 3111 1720 tibicine
3153 1661 3367 1716 nititur.
3425 1660 3561 1725 Qu-e

318 1765 477 1810 mss...
498 1766 672 1816 neque
705 1753 757 1806 in
802 1752 1062 1823 Sealigeri
1097 1755 1336 1814 editione
1361 1759 1608 1828 periocha
1637 1763 1884 1818 habetur.
1917 1733 1963 1792 Β
1992 1759 2153 1829 paulo
2175 1769 2297 1828 post
2340 1761 2526 1815 italico
2551 1760 2824 1828 descripta
2855 1766 2985 1813 sunt
3009 1759 3353 1818 character".
3387 1766 3560 1821 ιιοιιιιθ

385 1843 505 1897 Col.
536 1843 662 1898 469.
696 1845 948 1900 Romana:
989 1845 1243 1903 Ecclesia:
1299 1852 1680 1918 episcopatum.
1714 1851 1886 1922 Hujus

311 1936 532 2004 quidem
573 1939 701 1992 anni
758 1953 902 1994 coss.
956 1937 1247 1998 Camerino
1297 1952 1348 1998 et
1406 1943 1590 2013 Nigro,
1671 1959 1887 2004 creatus

317 2029 518 2088 dicitur
583 2030 827 2100 pontifex
898 2030 1143 2105 Hyginus
1213 2035 1267 2090 in
1318 2034 1531 2090 Damasi
1587 2035 1884 2104 Chronico,

315 2120 476 2189 isque
496 2137 680 2176 revera
720 2139 899 2182 annus
956 2141 1079 2181 eum
1131 2126 1306 2184 altero
1351 2129 1559 2199 olymp.
1599 2129 1707 2186 229
1755 2145 1888 2186 con-

318 2212 514 2267 currit.
541 2212 598 2269 Si
637 2223 817 2270 tamen
880 2227 1027 2272 recte
1058 2217 1306 2275 rationes
1375 2219 1498 2274 iniit
1533 2219 1887 2278 Blanchinius

319 2316 506 2362 noster
537 2321 566 2359 a
589 2306 675 2362 die
702 2306 734 2361 6
761 2306 906 2372 Jan.,
962 2323 1067 2377 qua
1129 2309 1505 2381 episcopatum
1559 2313 1882 2382 susceperit,

317 2404 436 2450 erat
469 2407 596 2452 ante
626 2399 840 2452 obitum
864 2397 1120 2454 Iladriani
1144 2400 1515 2457 recensendus
1545 2417 1560 2456 :
1591 2401 1884 2472 siquidem,

315 2504 381 2544 eo
419 2489 474 2543 in
526 2490 667 2545 vivis
721 2491 904 2546 adhuc
961 2502 1177 2564 agente,
1243 2493 1432 2550 sedere
1471 2495 1660 2562 coepit.
1697 2495 1886 2551 Annos

313 2582 666 2650 pontificatus
695 2583 818 2654 ejus
863 2585 1005 2652 quod
1024 2593 1263 2654 spectat,
1328 2586 1464 2642 satis
1516 2596 1666 2643 recte
1716 2587 1887 2644 Euse-

319 2675 447 2728 bius
475 2674 677 2730 habet:
706 2685 955 2732 mortuus
983 2675 1250 2746 siquidem
1316 2676 1490 2734 fertur
1546 2689 1744 2748 quarto
1785 2696 1884 2735 ex-

314 2777 438 2820 acto
462 2782 626 2831 anno,
695 2767 785 2821 die
837 2766 1025 2822 8Jan.
1094 2769 1472 2834 AuastaSium,
1531 2781 1584 2826 et
1631 2771 1887 2841 antiquos

318 2860 636 2928 pontiﬁcum
691 2859 994 2930 catalogos,
1049 2859 1142 2926 qui
1200 2875 1420 2916 menses
1480 2870 1594 2916 tres
1657 2863 1886 2932 diesque

317 2961 443 3008 octo
485 2949 882 3018 superaddunt,
943 2949 1011 3004 ab
1050 2950 1170 3018 ejus
1191 2951 1540 3007 ordinatione
1581 2952 1636 3007 iu
1670 2953 1884 3024 episco-

319 3061 446 3114 pum
475 3053 692 3112 tempus
717 3051 1038 3112 supputare,
1069 3043 1427 3100 Blanehinius
1452 3047 1642 3100 sentit.

384 3132 517 3188 ibid.
543 3131 651 3189 Sub
679 3131 957 3202 Hygino...
1021 3130 1352 3188 Valentinus.
1407 3131 1464 3188 In
1521 3133 1712 3189 Graeco
1752 3149 1876 3190 cum

311 3226 429 3293 ipse
465 3225 810 3288 Valentinus,
837 3223 955 3279 sive
1011 3222 1451 3292 Valentinianus,
1502 3233 1615 3280 tum
1677 3225 1876 3292 Cerdo,

311 3317 558 3384 magistri
617 3315 732 3372 sive
802 3314 1079 3370 antistites
1158 3315 1454 3378 Marcionis
1511 3318 1875 3387 appellantur.

309 3407 533 3472 Confer,
576 3408 624 3465 si
661 3407 818 3465 libet.
854 3407 1244 3479 Epiphanium,
1279 3411 1473 3465 haeres.
1504 3411 1598 3473 Mi,
1636 3410 1691 3464 in
1719 3425 1875 3466 eum-

305 3518 410 3570 que
433 3498 638 3553 Petavii
664 3497 858 3553 Notas.
1655 3491 1676 3493 ··
1715 3489 1720 3494 θ
1755 3490 1759 3494 ~
1816 3489 1861 3530 -τ

379 3591 517 3644 Ibid.
549 3588 800 3645 Justinus
831 3589 1196 3659 philosophus.
1231 3588 1502 3645 Diﬂerunt
1547 3590 1709 3657 hujus
1757 3591 1875 3646 edi-

307 3683 511 3736 tionem
541 3681 664 3736 libri
699 3682 876 3737 solido
916 3681 1186 3737 decennio
1249 3690 1395 3748 post,
1441 3680 1742 3749 Barouius,
1771 3683 1877 3737 Va-

306 3774 492 3838 lesius,
513 3771 944 3842 Papebrochius,
976 3772 1194 3840 aliique.
1232 3771 1453 3825 Rectius
1485 3781 1666 3826 autem
1699 3773 1871 3827 multo

305 3865 573 3934 Scaliger,
604 3863 883 3930 Petavius,
935 3874 990 3919 et
1050 3863 1249 3934 Paglus
1286 3860 1354 3915 ad
1411 3860 1562 3916 initia
1615 3863 1874 3917 Antonini

304 3956 384 4010 Pii
432 3971 555 4011 cum
620 3955 860 4012 Eusebio
907 3953 1177 4017 referunt,
1228 3951 1374 4022 quod
1439 3963 1495 4009 ct
1533 3951 1878 4011 Ilermannus

302 4047 632 4104 Contractus
694 4057 748 4101 et
781 4047 1059 4102 Marianos
1116 4049 1314 4102 Scotus
1373 4047 1606 4112 iaciunt,
1661 4047 1873 4102 tametsi

301 4154 446 4194 anno
479 4148 677 4208 quarto
708 4152 805 4206 pro
837 4137 999 4192 tertio
1068 4137 1422 4206 imperatoris
1469 4135 1766 4190 ascribant.
1820 4136 1875 4191 Id

301 4230 480 4299 ipsqu
508 4245 572 4282 es
623 4228 896 4298 Apologia:
935 4227 1093 4282 titulo
1123 4228 1319 4298 Pagius
1342 4227 1543 4299 arguit,
1570 4233 1626 4280 et
1655 4226 1870 4295 quidem

299 4327 594 4384 antequam
647 4312 860 4368 Marcus
913 4311 1154 4368 Cwsara
1209 4323 1360 4382 patre
1425 4319 1868 4380 nuncuparetur,

1989 1850 2459 1916 innostrismss.,
2497 1865 2676 1922 neque
2739 1850 2884 1921 apud
2949 1849 3284 1920 Scaligcrum
3346 1845 3557 1900 haben-

1989 1951 2100 1998 ιιιν.

2060 2037 2335 2094 (Ζοι.469.
2369 2035 2688 2090 Mesomedes
2753 2035 3039 2092 Cretensis.
3102 2033 3160 2089 In
3229 2033 3348 2088 aliis
3409 2030 3562 2086 libris

1986 2129 2361 2184 citharicorum
2407 2130 2635 2199 legitur,
2700 2138 2759 2183 ut
2811 2138 2866 2183 et
2931 2143 3100 2198 penes
3194 2127 3558 2196 Scaligcrtsm,

1986 2221 2079 2291 qui
2169 2221 2359 2276 leviter
2431 2221 2786 2290 pronuntiare
2859 2220 3024 2277 audet
3063 2236 3261 2275 nomen
3332 2219 3562 2289 ποιητὴς

1987 2311 2318 2381 imposuisse
2340 2311 2655 2381 properanti
2689 2310 3046 2381 Hieronymo,
3097 2318 3156 2364 ut
3210 2317 3417 2378 poetam
3453 2305 3562 2358 Me-

1991 2401 2276 2460 somedem
2303 2400 2727 2470 diceret,quem
2785 2411 3054 2470 prmeepta
3111 2400 3441 2454 scribentem
3494 2398 3564 2452 de

1985 2491 2223 2546 modulis
2290 2492 2541 2554 musicis,
2597 2492 2732 2556 sive,
2787 2507 2895 2546 non
2959 2491 3404 2555 versilieatorem,
3461 2489 3560 2544 sed

1985 2593 2263 2638 auctorem
2327 2594 2382 2638 et
2420 2583 2670 2638 modulos
2697 2584 2938 2638 musicos
2995 2582 3281 2638 iacientem
3335 2581 3558 2636 debuis-

1984 2683 2070 2728 set
2090 2673 2459 2744 interpretari.
2493 2673 2548 2728 Id
2599 2675 2775 2744 ipsum
2818 2675 2872 2727 iu
2939 2673 3336 2744 prolegomeuis
3385 2672 3561 2727 incul—

1984 2773 2090 2829 cat,
2129 2773 2185 2819 et
2230 2763 2362 2834 quid
2421 2776 2606 2819 essent
2667 2765 2825 2835 νόμοι
2870 2764 3111 2836 λυρικοὶ,
3162 2765 3556 2836 Hieronymqu

1985 2858 2122 2912 dicit
2158 2857 2464 2928 ignorasse.
2502 2855 2646 2923 Quin
2686 2858 2796 2911 imo
2830 2858 2945 2928 ipse
2975 2856 3026 2911 id
3055 2857 3300 2927 Scaliger
3335 2856 3557 2924 ignora-

1987 2949 2081 3005 bat
2113 2965 2126 3001 :
2163 2949 2298 3004 satis
2329 2958 2475 3004 certe
2519 2950 2654 3004 bene
2707 2949 3098 3015 interpretatus
3141 2958 3224 3002 est
3277 2947 3337 3001 S.
3375 2946 3557 3008 Pater,

1906 3072 1952 3134 ο
1988 3047 2048 3094 ut
2086 3038 2388 3094 Salmasius
2421 3041 2472 3092 in
2502 3039 2657 3094 Notis
2681 3039 2745 3093 ad
2783 3038 3180 3108 Capitolinum,
3214 3047 3266 3090 et
3290 3035 3556 3090 Seldenus

1987 3130 2040 3184 in
2073 3131 2473 3185 commentario
2497 3130 2564 3186 ad
2600 3129 2857 3185 Marmor.
2889 3128 3553 3184 lArundelliauumlucu.

1979 3210 2489 3278 Ientissime‘coutra
2505 3223 2621 3292 ejus
2644 3223 2817 3277 critici
2841 3209 3115 3276 levitatem
3142 3220 3421 3273 evincunt.
3449 3216 3554 3270 N6-

1982 3331 2076 3382 μοι
2106 3315 2323 3382 quidem
2344 3314 2406 3368 'in
2444 3328 2506 3369 re
2567 3314 2779 3369 musica
2841 3312 3172 3367 dicebautur
3215 3311 3410 3378 regula'.
3459 3323 3553 3362 so-

1981 3420 2175 3470 nuum,
2209 3405 2558 3469 cantionum,
2618 3403 2975 3467 chordarum,
3018 3410 3150 3462 ctc..
3192 3416 3313 3469 quae
3353 3400 3556 3468 cuique

1981 3497 2192 3550 musico
2250 3496 2610 3549 instrumento
2661 3491 2880 3562 propria
2924 3502 3084 3546 erat:
3140 3491 3283 3544 unde
3329 3491 3554 3542 cithara;

1978 3587 2135 3656 νόμοι
2166 3586 2548 3657 κιθαρῳδικοὶ,
2583 3585 2729 3640 tibia:
2770 3583 3085 3654 αὐλῳδικοὶ,
3136 3590 3304 3650 atque
3335 3581 3421 3636 his
3463 3581 3542 3634 si-

1981 3680 2149 3735 milia.
2205 3679 2311 3734 Sed
2341 3689 2394 3734 et
2433 3680 2670 3749 proipso
2700 3677 2900 3733 cantici
2943 3688 3142 3745 genere
3197 3673 3544 3744 accipieban-

1978 3781 2091 3838 tur,
2134 3781 2192 3826 ut
2215 3788 2336 3842 quae
2365 3773 2665 3826 secundum
2705 3769 2840 3825 tales
2867 3769 3067 3838 νόμους
3103 3766 3337 3822 formata
3364 3770 3546 3826 erant,

1985 3865 2122 3919 tales
2153 3865 2308 3933 νόμοι
2339 3863 2672 3926 dicerentur,
2705 3861 2770 3916 ad
2794 3877 2918 3916 eum
2959 3860 3126 3914 ferme
3166 3856 3412 3920 modum,
3438 3847 3549 3924 quo

1983 3954 2116 4010 hora
2159 3955 2354 4025 prima,
2381 3954 2542 4009 tertia
2571 3961 2626 4010 et
2657 3953 2711 4007 in
2745 3953 2920 4008 sacris
2953 3949 3263 4021 psalmodiis
3288 3949 3549 4031 dicuntur

1977 4049 2190 4102 cantica
2223 4048 2337 4115 illa,
2365 4061 2487 4116 qua:
2517 4047 2584 4102 iis
2613 4045 2900 4101 canonicis
2928 4043 3082 4099 horis
3105 4049 3419 4098 cantantur.
3439 4038 3545 4094 Sed

1976 4139 2183 4194 videsis
2224 4139 2476 4195 laudatos
2537 4137 2864 4195 Salmasiqu
2886 4145 2939 4190 et
2974 4134 3289 4196 Seldenum,
3345 4131 3551 4186 doctis-

1979 4228 2151 4283 simos
2182 4227 2502 4299 Ilieronymi
2535 4226 2804 4291 vindices,
2837 4226 2931 4294 qui
2965 4225 3100 4278 nihil
3128 4239 3190 4278 ea
3223 4223 3276 4276 in
3314 4221 3548 4277 reuobis

1977 4320 2239 4389 reliquum
2267 4319 2531 4374 fecerunt.

300 4416 690 4478 pneseutatam
747 4406 916 4461 fuisse
975 4405 1253 4459 contendit
1295 4419 1312 4461 :
1347 4403 1508 4459 aliter
1558 4403 1870 4458 incredibile
1905 4424 1949 4479 ι)
2044 4411 2147 4474 1d,,
2177 4412 2310 4466 ibid,
2341 4412 2719 4467 Μεεοηιετιεεη,
2757 4411 2983 4465 Taurus,
3022 4408 3078 4462 lo
3120 4408 3403 4471 Parmens,
3439 4419 3544 4458 ms.

301 4509 386 4554 est
418 4500 517 4566 illi,
543 4496 839 4562 Iustinum,
883 4497 974 4567 qui
1007 4506 1115 4552 tam
1169 4496 1352 4552 Marco
1381 4511 1548 4568 quam
1605 4494 1777 4550 Lucio
1804 4495 1876 4550 ti-

303 4592 450 4647 tulos
477 4590 742 4645 Caesareae
805 4590 1052 4659 dignitati
1107 4598 1163 4642 et
1210 4589 1438 4658 imperio
1499 4587 1876 4658 proconsulari

232 4664 245 4680 ’
298 4683 461 4754 longe
494 4681 781 4736 inferiores
815 4691 887 4734 att
902 4680 1092 4742 ribuit,
1151 4677 1394 4734 Marcum
1431 4677 1724 4745 Caesarem,
1757 4677 1866 4733 imo

302 4781 360 4826 et
390 4773 778 4839 imperatorem
820 4784 927 4823 non
962 4767 1286 4838 appellasse.

379 4863 517 4920 Ibid.
555 4861 734 4916 Roma:
787 4877 954 4915 nonus
1004 4860 1306 4914 ordinatur.
1355 4861 1606 4929 Optatus,
1657 4858 1751 4913 lib.
1811 4873 1872 4925 lt,

308 4963 469 5023 atque
499 4969 564 5007 ex
595 4967 660 5008 eo
687 4950 1030 5022 Augustinus
1073 4950 1236 5021 epist.
1300 4949 1389 5016 53,
1433 4949 1530 5005 Pio
1582 4949 1872 5004 Anicetum

305 5051 647 5113 praeponunt,
707 5057 873 5111 quem
949 5041 1160 5112 Hygino
1211 5041 1402 5096 volunt
1495 5041 1871 5096 successisse:

299 5134 462 5190 facile
514 5144 699 5190 autem
761 5134 1057 5202 depravato
1139 5142 1195 5188 et
1249 5132 1514 5186 mendoso
1573 5133 1873 5186 antistitum

300 5228 674 5282 Romanorum
692 5226 940 5292 cataIOgo
990 5225 1072 5278 usi
1111 5233 1278 5290 sunt;
1315 5225 1430 5292 pari
1458 5224 1602 5278 enim
1639 5225 1874 5293 scripto-

303 5337 392 5378 res
427 5322 520 5376 alii
550 5336 740 5376 omnes
761 5336 1039 5374 consensu
1103 5335 1228 5374 cum
1294 5320 1526 5375 Eusebio
1557 5319 1711 5374 Pium
1749 5337 1876 5390 pro-

311 5416 455 5469 xime
489 5424 607 5482 post
642 5412 910 5485 ilyg‘inum
934 5423 1167 5481 ponunt,
1217 5427 1282 5466 ac
1313 5412 1511 5467 deinde
1563 5414 1870 5470 Anicetum.

301 5507 644 5562 Dissen’tiunt
672 5521 800 5560 vero
824 5506 877 5558 iu
903 5504 1146 5575 ejusdem
1182 5505 1341 5559 annis
1381 5508 1742 5575 supputandis
1770 5524 1870 5560 an-

305 5598 439 5666 tiqui
469 5598 612 5652 libri.
635 5597 818 5653 Codex
851 5597 1200 5652 Corbeicnsis
1230 5597 1292 5653 P.
1327 5597 1650 5653 Constantio
1676 5600 1870 5653 lauda-

300 5703 387 5746 tus
433 5691 498 5748 18
553 5691 747 5746 tribuit
792 5709 803 5746 ί
869 5691 1004 5746 liber
1047 5689 1385 5749 I’ontiiicalis
1432 5688 1502 5747 I9
1539 5709 1867 5764 mensesque

1979 4499 2250 4569 Berutius,
2305 4504 2448 4573 apud
2485 4503 2780 4558 Pontacum
2847 4500 3150 4571 Berytliius.
3209 4494 3542 4551 Schurzl‘lei-

1985 4595 2175 4650 scitius
2212 4595 2309 4659 ait,
2346 4594 2549 4650 Taurus
2573 4596 2802 4651 Beritius
2839 4596 2890 4648 in
2955 4593 3128 4663 pritnu
3177 4590 3447 4651 Palatino,
3480 4587 3544 4639 li-

1978 4685 2144 4738 brarii
2172 4686 2329 4752 vitio,
2373 4684 2610 4742 Vericius
2649 4699 2897 4740 vocatur.
2967 4682 3187 4744 Suidas,
3241 4678 3544 4742 ΤΑΥΙὈΣ,

1977 4773 2274 4846 Βηρύτιος,
2322 4777 2634 4845 εφιὶρσοφος
2723 4775 3089 4840 Πλατωνικὸς,
3164 4770 3408 4840 γεγονὼς
3452 4769 3551 4820 ἐπὶ

1976 4865 2265 4919 Ἀντωνίου
2296 4867 2390 4919 τοῦ
2427 4868 2710 4930 εὐσεὸοὖς.
2764 4867 2824 4921 In
2885 4867 3076 4920 eodem
3148 4862 3556 4918 Nicomedensi:-

1977 4969 2206 5014 vocatur
2263 4960 2552 5022 Arrianus,
2637 4976 2742 5014 nou
2807 4957 3245 5021 Nisomediensis,
3296 4966 3457 5024 prout
3511 4968 3550 5004 ε

1976 5052 2166 5106 Gra‘co
2198 5052 2632 5107 NIKOMIIAEIA
2664 5047 3414 5110 formaturNIKOMIIAETX,
3437 5060 3552 5098 ιιοιι

1975 5143 2470 5199 ΝΙΚΟΜΙΙΔΙΕΥΣ.

2045 5232 2160 5288 Col.
2195 5232 2320 5288 470.
2366 5232 2689 5303 Apollonius
2756 5230 2989 5285 Stoicus.
3039 5229 3398 5299 Capitolinus,
3429 5225 3540 5278 Eu-

1982 5328 2214 5396 tropius,
2244 5327 2518 5393 Pacanius,
2568 5327 2771 5394 aliique
2835 5325 3249 5380 Chalcedoninm
3293 5336 3416 5375 cum
3447 5335 3548 5372 vo-

1977 5427 2102 5473 cant
2143 5435 2166 5472 ;.
2188 5419 2329 5487 quod
2381 5421 2606 5473 minime
2653 5419 2911 5488 probatur
2945 5413 3345 5472 Casaubouoiu
3390 5411 3545 5476 Notis

1977 5512 2045 5567 ad
2083 5514 2418 5568 Antoninum
2444 5511 2736 5582 Capitolini
2761 5511 2842 5578 (ut
2870 5512 3031 5566 etiam
3067 5509 3289 5562 rescribi
3323 5505 3544 5562 Chalci-

1976 5607 2167 5660 denum
2199 5605 2370 5668 malit,
2403 5607 2546 5675 quod
2575 5605 2738 5658 fuerit
2768 5605 2860 5659 ille
2911 5603 3269 5672 philosophus
3321 5616 3352 5656 e
3383 5600 3542 5654 Chnt-

1975 5699 2279 5767 cidt‘Syrio'
2320 5698 2568 5766 acritas),
2604 5699 2861 5766 probatur
2906 5704 3084 5748 autem
3136 5693 3428 5748 Sirtuondu
3485 5691 3538 5746 iu
