4014 6196
553 321 691 386 1087

1829 314 2232 375 VALLARSII
2285 312 2523 374 NOTKE.

3598 318 3693 383 1088

550 432 706 488 Notis
739 432 805 485 ad
837 429 1126 486 Sidonium
1153 445 1275 500 pag.
1310 418 1437 492 ωδ.
1491 446 1652 500 quem
1702 431 1927 488 videsis.
1979 432 2114 487 Cum
2148 434 2191 488 Α
2222 426 2599 496 discrepantes
2635 425 2922 480 sentcntiae
2952 433 3221 482 veterum.
3280 427 3559 488 Parmensis
3596 452 3692 503 ms.,

554 522 878 592 Hieronymo
917 522 1296 587 Chalcidicum,
1341 531 1435 576 aut.
1484 521 1842 576 Calcltitlicum
1903 523 2034 578 dicit.
2062 532 2116 577 ct.

551 612 954 668 Cassiodorus:
992 614 1184 677 utique
1212 629 1239 666 a
1269 612 1553 677 Calcbicle,
1599 613 1713 668 sive
1745 610 2114 678 Chalcedone,

552 718 611 760 ut
648 706 846 771 saepius
877 705 931 759 in
965 706 1205 771 antiquis
1265 704 1646 759 monumentis
1690 705 1973 760 scribitur.
2010 702 2118 758 Pro

555 813 624 852 co
663 798 804 864 quod
873 798 1120 865 sequitur
1177 795 1299 852 Veri
1344 797 1561 851 nomine
1622 796 2115 867 Scaligertresque

552 889 784 943 Palatini
828 900 958 943 mss.
990 888 1190 943 habent
1232 888 1507 944 Verissimi
1537 904 1560 943 :
1604 905 1729 943 nam
1764 890 1905 957 quod
1946 897 2031 944 est
2061 888 2113 943 in

553 981 772 1035 illorum
827 981 1002 1048 primo
1055 981 1342 1043 verissime.
1394 983 1649 1038 mendum
1700 989 1784 1035 est
1836 981 2117 1048 apertissi-

556 1086 728 1124 mum.
757 1070 1248 1126 εοῑιιιιιίιρῑει.·ιιὶιιε
1289 1071 1480 1140 reponi
1510 1088 1574 1128 ac
1610 1071 1849 1141 suppleri
1906 1071 2114 1135 mallet,

547 1165 638 1232 qui
689 1160 806 1217 Veri
834 1180 925 1217 seu
954 1163 1144 1232 Marci,
1182 1166 1262 1220 vel
1298 1167 1503 1235 potius,
1526 1166 1619 1235 qui
1658 1165 1777 1222 Veri
1825 1175 1873 1221 et
1921 1166 2114 1231 Marci,

550 1254 694 1321 quod
733 1254 895 1322 hujus
925 1253 1092 1310 fuerit
1120 1266 1424 1326 praceptor
1449 1256 1780 1325 Apollonius
1820 1272 1836 1311 :
1870 1255 1926 1311 in
1964 1271 2116 1310 eum-

549 1359 657 1412 que
679 1343 929 1412 modum,
983 1362 1087 1402 nec
1110 1363 1242 1403 sane
1265 1349 1435 1403 multo
1470 1346 1807 1404 felicioribus
1831 1347 2114 1416 auspiciis.

554 1436 717 1488 etiam
793 1434 978 1491 Grmca
1037 1454 1210 1505 penes
1270 1438 1590 1509 Syncellum
1655 1440 1933 1495 sollicitat.
1986 1440 2117 1505 Qua:

549 1524 731 1609 luxata
759 1528 978 1597 quidem
1012 1540 1143 1584 sunt
1205 1531 1259 1584 iu
1297 1530 1460 1585 Goari
1499 1532 1761 1595 editione,
1800 1539 1966 1600 atque
2009 1532 2115 1587 ali‘a

551 1632 619 1671 ex
652 1629 804 1693 parte
835 1632 1063 1689 peccant
1101 1638 1117 1676 :
1175 1623 1543 1679 uibilosecius.
1571 1624 1748 1693 palam
1805 1634 1972 1693 atque
2022 1640 2119 1678 ex-

551 1722 744 1776 presse
799 1722 1005 1764 numen‘
1036 1710 1325 1779 pra-ferunt
1364 1710 1726 1783 Οὑερησέμου
1785 1714 2064 1782 Καίσαρος
2098 1731 2111 1765 :

551 1799 619 1853 de
650 1802 849 1869 quibus
895 1804 1074 1857 facere
1109 1805 1347 1872 Οὑήρου,
1398 1804 1533 1858 ὡσεὶ
1563 1807 1659 1857 καὶ
1723 1805 1867 1872 Μοῦ,
1928 1804 1981 1859 id
2033 1816 2119 1860 est

551 1890 798 1962 Μάρκου,
834 1896 977 1948 nulla
1007 1904 1102 1947 aut
1148 1897 1312 1951 ratio?
1345 1908 1439 1949 aut
1470 1899 1580 1950 \eri
1612 1898 1816 1962 patitur
1870 1898 2109 1965 species.

554 1984 698 2048 Quin
724 1984 835 2051 ipse
862 1988 1025 2038 etiam
1067 1988 1262 2042 doctus
1293 1988 1376 2040 vir
1402 1988 1455 2041 itt
1510 1990 1670 2043 Curis
1725 1990 2119 2057 posterioribus

548 2081 751 2127 rectam
792 2083 980 2141 putare
1009 2077 1336 2140 scripturam
1393 2078 1657 2132 Verissinti
1706 2080 1955 2144 inclinat,
2002 2089 2116 2133 tum

549 2179 616 2216 ex
652 2164 944 2217 Het'udiaui
1016 2166 1331 2219 testimonio
1392 2168 1485 2221 lib.
1546 2168 1783 2229 tinitio,
1843 2167 1933 2222 ubi
1982 2167 2117 2221 alter

553 2251 717 2307 Marci
751 2253 1015 2307 Antonini
1041 2254 1205 2317 ﬁlius,
1236 2256 1328 2323 qui
1367 2256 1811 2312 adulescentulus
1829 2256 1986 2320 obiit,
2011 2257 2117 2324 Βη-

551 2346 816 2415 ρίσσιμος
848 2346 1183 2409 nominatur,
1211 2363 1334 2403 cunt
1368 2364 1432 2403 ex
1455 2349 1540 2403 bis
1574 2353 1623 2401 itt
1653 2349 1804 2403 titulo
1844 2348 2119 2418 Apologia
2170 2346 2177 2351 ’

546 2430 768 2502 Justini,
794 2438 888 2492 καὶ
951 2438 1323 2509 Οὐηρισσέμῳ
1360 2439 1459 2511 υἱῷ
1490 2442 1790 2512 oriundum,
1852 2442 1947 2495 καὶ
1980 2441 2120 2495 Aous

549 2529 678 2599 κὶῳ.
711 2548 765 2583 κ.
788 2548 819 2583 τ
872 2531 923 2586 λ.

622 2622 759 2677 Ibid.
810 2623 1059 2677 Crescens
1096 2623 1323 2693 Cynicus
1344 2628 1662 2695 agnoscitur.
1719 2627 1879 2680 Adito
1943 2625 2116 2681 Euse-

549 2714 697 2767 biuut
730 2726 979 2769 nostrqu
1005 2717 1056 2768 iu
1088 2715 1231 2772 Hist.
1266 2718 1359 2769 lib.
1389 2733 1462 2778 tv.
1503 2733 1622 2783 cap.
1664 2719 1747 2782 l6,
1799 2730 1846 2770 et
1913 2716 2116 2771 Valesii

520 2802 740 2871 Notas,
772 2805 862 2871 qui
913 2804 981 2859 de
1017 2812 1263 2875 tempore
1337 2813 1390 2858 et
1438 2820 1636 2874 genere
1685 2804 1959 2874 supplicii,
2011 2819 2117 2872 quo

551 2894 801 2950 Justinus
831 2895 1060 2951 all‘ectus
1112 2907 1213 2959 est,
1262 2907 1318 2951 et
1364 2895 1609 2966 Scaliger
1677 2895 1917 2961 ignorari
1956 2895 2116 2958 dixit,

549 2985 685 3040 satis
715 2987 1022 3040 luculenter
1048 2986 1319 3062 disputat.
1353 2986 1490 3043 Vide
1514 2998 1571 3045 et
1624 2986 1976 3058 Spicilegium
2016 2987 2117 3042 Pa-

551 3088 694 3132 trum
722 3078 919 3133 Grabei
959 3088 1093 3132 tom.
1129 3078 1194 3132 ll.

617 3164 753 3220 ibid.
788 3167 1127 3221 Alexandria:
1152 3164 1403 3222 Ecclesia
1430 3177 1666 3222 octavus.
1727 3168 1847 3227 Huc
1897 3168 2114 3224 distuli-

549 3273 696 3322 mus,
727 3257 953 3327 jubentc
976 3258 1031 3311 itt
1058 3257 1218 3312 Curis
1262 3256 1660 3326 posterioribus
1689 3256 1947 3321 Pontaco,
1974 3259 2116 3313 hanc

547 3347 863 3416 periocham
894 3364 910 3416 ;
953 3364 1071 3415 qua:
1098 3349 1154 3403 in
1177 3348 1416 3419 vulgatis
1440 3348 1717 3419 plerisque
1742 3350 2001 3404 omnibus
2047 3349 2113 3404 ad

548 3441 785 3504 primum
811 3440 1172 3510 praecedentis
1224 3438 1474 3510 proxime
1537 3439 1863 3511 olympiadis
1906 3457 2112 3501 annum

546 3532 799 3589 :cl'ertur.
1412 3582 1417 3589 .

619 3625 737 3682 Col.
766 3628 889 3684 471.
922 3626 1306 3695 Hierosolyma
1357 3627 1737 3697 episcopatum.
1765 3626 1964 3681 Eadem
2010 3625 2116 3680 Ett-

544 3719 679 3772 rebii
707 3732 833 3773 sunt
860 3720 1021 3773 verba
1051 3718 1193 3774 liist.
1220 3718 1370 3773 Eccl.
1405 3719 1499 3772 lib.
1535 3734 1591 3780 v,
1624 3733 1745 3787 cap.
1788 3718 1872 3782 12,
1903 3726 2114 3771 tantutn

546 3816 688 3878 quod
716 3813 875 3875 ratio;
900 3812 1061 3866 Caius
1088 3827 1184 3880 pro
1220 3810 1423 3866 Gaiano
1472 3810 1767 3863 vicesimus
1796 3811 2027 3879 primus,
2057 3820 2117 3864 ut

546 3917 597 3957 et
630 3905 929 3960 vicesimus
961 3905 1158 3959 tet-tius
1195 3903 1521 3973 appellatur.
1559 3902 1873 3957 Postremus
1931 3903 1984 3957 in
2015 3903 2117 3958 hac

550 3995 694 4049 serie
730 3996 928 4050 dicitur
959 3995 1209 4067 Syucello
1240 3994 1415 4058 Elius;
1450 4009 1572 4046 nam
1608 3992 1804 4061 Capito
1829 3997 2115 4063 apudcum

552 4091 972 4155 subsequentem
1014 4087 1333 4141 vicesimum
1388 4096 1601 4139 sv-xtunt
1641 4084 1823 4139 locum
1884 4086 2116 4139 obtinet.

549 4180 787 4234 Consule
811 4188 991 4232 autem
1025 4177 1078 4233 in
1106 4193 1230 4232 eum
1289 4176 1507 4232 Eusebii
1558 4175 1737 4230 locum
1775 4174 1984 4230 Valesii
2015 4176 2121 4232 No-

555 4283 662 4335 tus,
690 4287 867 4340 neque
894 4286 954 4325 ea
984 4278 1308 4339 prmtereas,
1338 4251 1468 4338 qua;
1490 4267 1565 4322 illi
1616 4269 1860 4336 reposuit
1887 4265 2119 4324 Pearso-

551 4364 674 4419 nius
704 4363 767 4418 de
796 4359 1022 4417 success.
1049 4364 1270 4432 primor.
1318 4360 1497 4417 [ionice
1549 4361 1838 4431 episcopor.
1885 4375 2011 4431 cap.
2059 4361 2117 4427 2,

548 4473 603 4525 p.
635 4458 690 4518 8,
719 4464 772 4510 ct
804 4455 983 4510 denuo
1015 4472 1065 4523 p.
1101 4454 1189 4508 l7.

620 4547 740 4603 Col.
785 4548 909 4602 469.
974 4545 1224 4599 Romana:
1283 4545 1537 4599 Ecclesia:
1595 4545 1848 4600 decimus.
1915 4543 2116 4598 Recole

544 4655 667 4707 qtue
700 4638 841 4691 dicta
888 4637 1050 4706 paulo
1089 4637 1347 4705 superius
1381 4646 1511 4690 sunt
1536 4636 1601 4690 ad
1638 4636 1819 4697 Pium,
1864 4633 2119 4689 Blancbi-

550 4731 624 4785 uii
655 4745 874 4801 quoque
905 4729 1292 4785 adnotationes
1341 4729 1396 4784 in
1429 4720 1707 4783 Anastasii
1743 4738 1878 4783 tom.
1906 4726 1949 4792 l,
1987 4744 2015 4781 a
2056 4743 2113 4797 p.

548 4822 653 4879 105
679 4823 743 4876 ad
782 4822 908 4889 121,
969 4820 1208 4892 denique
1258 4820 1559 4876 Eusebiqu
1620 4820 1819 4876 iterum
1860 4820 1913 4875 in
1972 4819 2114 4876 llist.

544 4914 693 4971 Eccl.
724 4914 762 4967 l.
791 4932 866 4974 tv.
895 4931 1017 4985 cap.
1048 4915 1135 4969 12.
1872 4916 1879 4923 ’

612 5008 907 5064 Antoninus
965 5008 1129 5079 (apud
1181 5005 1457 5075 Vallarsi).
1501 5005 1632 5073 Qua:
1665 5003 1850 5060 Italico
1890 5004 2120 5061 charac-

547 5109 661 5155 tere
726 5095 1095 5162 distinximus,
1158 5111 1225 5152 ex
1279 5095 1541 5163 Eutropio
1596 5094 1815 5164 quidem
1860 5095 1956 5151 lib.
1999 5109 2115 5159 vut,

546 5209 597 5248 c.
613 5192 665 5251 8.
683 5190 917 5246 delibata
938 5199 1086 5254 sunt,
1105 5188 1305 5258 quibus
1320 5198 1374 5244 et
1396 5187 1545 5258 paria
1570 5187 1732 5241 habet
1754 5184 2114 5255 Capitolinus,

544 5282 636 5338 sed
679 5295 856 5351 neque
898 5280 964 5335 ad
1018 5284 1228 5335 certum
1290 5294 1491 5333 annum
1524 5279 1824 5347 pertinent,
1858 5292 2031 5344 neque
2063 5277 2117 5330 in

549 5374 753 5427 nostris
782 5390 810 5423 ιι
836 5386 913 5427 ss.
946 5369 1233 5425 habentur.
1269 5366 1343 5424 Ea
1367 5369 1571 5439 pridem
1606 5367 1871 5438 Scaliger,
1935 5378 2119 5435 utpote

550 5465 616 5515 ali
673 5461 977 5517 cd.tueibus
1016 5467 1219 5514 temere
1279 5459 1512 5521 intrusa,
1543 5460 1764 5515 omnino
1792 5459 2116 5526 rcpud‘avit.

622 5549 745 5609 ενι.
796 5553 922 5608 471.
973 5553 1275 5606 Antoninus
1318 5551 1514 5610 Pius...
1576 5554 1826 5608 moritur.
1897 5550 2117 5608 Lorium

553 5649 668 5702 sive
705 5647 960 5702 Laurium
991 5647 1044 5702 in
1104 5648 1191 5700 via
1250 5645 1466 5699 Aurelia
1491 5653 1629 5709 erat,
1678 5645 1744 5702 de
1797 5630 1907 5716 quo
1951 5662 2117 5702 nemo

557 5739 792 5795 dubitat.
819 5738 925 5796 Scd
954 5751 1079 5797 sunt
1111 5742 1176 5797 dc
1208 5739 1559 5811 imperatoris
1613 5746 1771 5797 actate
1824 5738 2116 5796 admodum

2220 521 2323 576 nisi
2355 520 2399 575 si
2434 510 2688 574 mendum
2716 529 2802 573 est
2833 520 2888 573 in
2954 520 3228 574 numerica
3288 531 3425 583 nota.
3476 527 3597 581 solos
3632 546 3696 582 se-

2224 614 2508 682 ptuaginta
2533 613 2687 691 dugs,
2718 610 3036 679 Eutropius,
3063 626 3091 664 a
3127 627 3230 689 quo
3260 613 3365 667 lucc
3392 613 3570 667 videtur
3598 615 3696 671 liic-

2218 719 2478 776 ronymus
2514 703 2778 763 hausisse,
2812 702 2866 777 in
2903 718 3105 770 nupera
3137 702 3365 757 editione
3416 709 3695 777 septuaginta

2166 840 2171 845 .
2218 802 2332 848 tres
2365 802 2626 864 supputat
2659 808 2673 850 :
2708 809 2816 846 uno
2848 801 2943 846 aut
2979 792 3149 847 altero
3190 793 3308 862 plus
3333 792 3483 849 infert
3513 795 3685 864 Capito-

2218 888 2393 951 linus,
2421 887 2517 956 qui
2542 886 2738 955 repetit
2767 894 2950 939 ortum
2979 883 3317 950 imperatoris
3370 899 3397 939 a
3447 885 3691 943 Domitiano

2218 997 2296 1036 xu
2324 991 2376 1035 et
2407 979 2535 1035 Cor.
2566 977 2839 1032 Dolabella
2875 992 3021 1031 coss.
3050 974 3222 1042 Huius
3252 987 3422 1031 autem
3453 977 3571 1030 ratio
3604 993 3699 1041 pro.

2217 1074 2378 1129 batur
2402 1070 2574 1140 magis
2604 1066 2952 1136 cltronologis
2999 1068 3405 1131 recentioribus,
3466 1069 3546 1136 qui
3601 1069 3696 1125 inde

2223 1178 2398 1221 annos
2431 1162 2773 1231 septuaginta
2807 1167 3066 1228 quatuor,
3105 1167 3158 1212 et
3213 1173 3304 1211 sex
3341 1173 3540 1213 menses
3566 1160 3698 1227 egisse

2222 1272 2348 1311 eum
2380 1255 2526 1309 inter
2554 1251 2731 1316 vivos,
2770 1250 3090 1305 coniiciunt.
3132 1247 3355 1303 Videtur
3401 1246 3697 1322 lliertntyutus

2241 1347 2297 1402 in
2324 1362 2412 1410 eo,
2446 1344 2588 1416 quod
2613 1344 2683 1397 ob
2744 1343 2936 1397 oculos
2997 1342 3250 1404 habebat,
3303 1342 3517 1409 Etttropii
3563 1359 3699 1396 exem-

2217 1439 2378 1510 plari,
2415 1455 2512 1505 pro
2541 1436 2606 1491 75
2640 1436 2831 1504 legisse
2861 1435 2927 1488 77
2960 1449 2975 1502 ;
3029 1449 3155 1486 nam
3213 1433 3461 1503 ejusmodi
3505 1434 3697 1489 codicum

2219 1530 2469 1585 nonnulli
2494 1528 2790 1582 etiamnum
2823 1535 3114 1594 superant,
3155 1525 3263 1579 imo
3289 1533 3339 1579 ct
3371 1524 3577 1593 suntqui
3602 1538 3703 1594 pra-

2220 1622 2508 1681 ferttnt78.

2290 1710 2412 1768 Col.
2467 1712 2593 1767 472.
2668 1713 2882 1765 Marcus
2941 1693 3264 1763 Antoninus.
3313 1704 3613 1767 Pronuntiat,
3657 1715 3701 1760 nt

2221 1820 2363 1873 smpe
2426 1802 2585 1865 alias,
2635 1803 2912 1856 levissime
2982 1800 3249 1869 Scaliger,
3312 1798 3529 1852 Marcum
3579 1798 3704 1853 Lurco

2225 1897 2356 1951 liunt
2424 1895 2755 1950 Antoninum
2811 1909 3088 1963 nunquam
3129 1901 3369 1946 vocatum
3411 1888 3599 1953 Verum,
3636 1890 3702 1944 sal

2224 1987 2416 2057 potius
2439 1986 2664 2041 Lucium
2688 1986 2807 2053 ejus
2847 1984 3089 2039 fratrem.
3125 1982 3283 2052 Atqui
3326 1980 3600 2049 Eutropius,
3629 1979 3699 2035 lib.

2219 2095 2344 2143 vm,
2375 2094 2497 2148 cap.
2523 2077 2577 2142 9,
2599 2077 2945 2146 hocpmprie
2978 2091 3103 2130 cum
3163 2083 3497 2145 cognomento
3538 2072 3700 2127 donat:

2225 2169 2350 2225 Post
2406 2172 2544 2224 hunc
2612 2169 2971 2237 (Antoninum
3033 2166 3219 2236 Pium)
3270 2166 3515 2236 imperavit
3549 2161 3701 2218 Herm

2221 2263 2525 2318 Antoninus
2593 2262 2782 2317 Verus.
2837 2262 2996 2316 Paria
3043 2260 3229 2324 habet,
3271 2273 3423 2327 quem
3468 2256 3721 2318 laudamus,-

2220 2354 2481 2411 Cltrouici
2522 2354 2804 2409 Paschalis
2844 2364 3065 2416 auctor,
3092 2360 3210 2405 tum
3267 2349 3519 2417 sequiorcs
3556 2343 3700 2400 Circi.

2222 2449 2365 2516 Quin
2423 2449 2607 2503 istltuc
2661 2448 2846 2503 Marco
2886 2446 3138 2514 Aurelio,
3176 2446 3331 2514 cuius
3380 2443 3522 2512 patri,
3549 2454 3643 2504 aro,
3664 2446 3703 2491 et

2223 2557 2433 2612 proavo
2495 2558 2693 2595 nomen
2741 2541 2881 2595 idem
2943 2540 3042 2594 fuit
3104 2540 3315 2594 Annius
3369 2535 3543 2595 Verus.
3597 2529 3701 2586 haud

2222 2636 2409 2687 minus
2460 2643 2607 2688 recte
2664 2632 3048 2711 conveniebat,
3105 2644 3269 2698 quam
3301 2626 3471 2689 Lucio,
3504 2624 3577 2694 qui
3621 2635 3700 2675 non

2222 2738 2519 2795 germanus
2561 2722 2849 2809 eiuserat,
2905 2721 3005 2778 sed
3067 2729 3285 2775 tantum
3328 2712 3699 2787 adeptioneirao

2222 2832 2327 2876 ῑθΓ.

2290 2914 2407 2970 Col.
2435 2914 2558 2970 472.
2596 2911 2665 2966 Ili
2685 2912 2913 2982 primum
2940 2928 3089 2979 aqua
3137 2914 3277 2981 jure.
3304 2905 3587 2975 Eutropius,
3628 2900 3699 2955 lib.

2220 3020 2345 3070 νιιι,
2368 3020 2489 3073 cap.
2521 3005 2553 3060 9
2581 3022 2594 3057 :
2628 3003 2770 3058 Tunc
2795 3004 3024 3069 primum
3057 2998 3296 3055 Romana
3319 2996 3576 3065 respublica
3600 2993 3697 3045 dita-

2143 3106 2188 3165 c,
2222 3097 2341 3160 bus.
2372 3113 2519 3175 a‘quo
2539 3096 2665 3166 jure
2690 3095 2964 3165 imperium
3015 3090 3510 3153 administrantibus,
3551 3083 3699 3157 ρατυίίν

2225 3207 2343 3244 cum
2373 3207 2534 3257 usque
2558 3190 2625 3241 ad
2654 3205 2740 3242 eos
2769 3183 3001 3257 singulos
3050 3203 3260 3255 semper
3298 3182 3532 3238 habuisset
3572 3178 3701 3241 Augu-

2217 3293 2347 3335 stos.
2384 3279 2454 3333 Et
2494 3278 2836 3347 Capiuliuus
2891 3280 2943 3329 in
2988 3274 3141 3331 ﬁlio
3192 3276 3327 3330 Vero
3369 3292 3381 3327 :
3438 3270 3573 3325 Verus
3618 3281 3702 3318 cum

2220 3371 2406 3427 Marco
2436 3369 2639 3437 a'qnale
2674 3369 2833 3437 gessit
2864 3369 3146 3441 imperium
3187 3384 3205 3423 :
3236 3383 3352 3421 nam
3395 3364 3484 3428 ipsi
3528 3371 3617 3414 sunt
3638 3356 3701 3419 (1κὲ

2215 3461 2372 3530 primi
2416 3461 2517 3514 duo
2541 3462 2764 3530 Augusti
2787 3461 3038 3527 appellati
3069 3470 3215 3521 sunt,
3252 3469 3296 3511 et
3343 3469 3535 3522 quorum
3567 3446 3701 3501 Fastis

2217 3552 2595 3608 Consularibus
2640 3553 2713 3605 sic
2743 3555 2958 3605 nomina
3014 3550 3440 3612 pra'scribuntur,
3488 3554 3534 3596 ut
3561 3541 3697 3594 ἀταπ-

2217 3656 2430 3698 turnon
2471 3654 2674 3697 tantum
2724 3646 2825 3697 duo
2858 3643 3144 3705 Antonini,
3212 3640 3298 3695 sed
3344 3642 3435 3691 duo
3482 3629 3698 3699 Auqtttli.’

2219 3735 2700 3805 tantttmqueltujus
2728 3736 2801 3788 rei
2840 3745 2887 3788 et
2922 3736 3129 3787 novitas
3154 3743 3200 3787 ct
3225 3733 3443 3801 dignitas
3474 3725 3621 3781 valuit.
3646 3729 3688 3772 Il

2222 3824 2374 3881 Fasti
2404 3827 2721 3882 Consulares
2755 3825 2995 3881 nonnulli
3028 3827 3091 3878 ab
3130 3826 3211 3879 Itis
3256 3829 3493 3895 sumerent
3520 3814 3696 3871 ordinem

2221 3919 2525 3974 consulum.

2289 4013 2405 4068 Col.
2432 4013 2556 4067 471.
2601 4009 2924 4080 Vologa'sus,
2986 4026 3077 4063 rea:
3143 4008 3469 4062 Parthorum.
3514 3998 3701 4064 Cmpcral

2222 4100 2397 4156 ferme
2438 4110 2563 4155 ante
2621 4101 2900 4171 biennium
2970 4099 3278 4168 Vologesus
3320 4104 3510 4149 vastare
3561 4090 3702 4141 Anne-

2223 4193 2365 4246 niam
2433 4192 2776 4263 Syriamque.
2833 4190 3037 4246 Notare
3084 4191 3221 4244 adeo
3273 4187 3513 4241 Eusebius
3543 4178 3701 4233 videtur

2221 4281 2274 4336 id
2308 4282 2587 4352 temporis,
2629 4297 2752 4337 cum
2802 4282 2868 4336 ad
2909 4282 3025 4349 eius
3078 4278 3440 4350 reprimendus
3504 4273 3699 4339 impetus.

2224 4374 2501 4429 Armenia:
2526 4389 2617 4427 rex
2662 4384 2745 4428 est
2770 4373 3061 4451 impositus
3097 4371 3169 4426 Μ.
3194 4368 3436 4427 Aurelius
3482 4362 3699 4451 Suemus:

2150 4448 2195 4503 Ῑ)
2227 4467 2279 4521 id
2320 4466 2466 4536 quod
2492 4474 2640 4521 recte
2681 4466 2737 4521 in
2765 4450 2929 4520 hunc
2954 4480 3157 4520 annum
3208 4461 3447 4524 incidere,
3478 4469 3533 4509 cx
3577 4449 3701 4505 Dione

2226 4571 2547 4625 cognosces.

2294 4647 2412 4702 Col.
2441 4646 2564 4701 ΗΞ.
2596 4644 2800 4699 Fronto
2827 4657 3033 4699 orator.
3072 4643 3215 4698 idem
3246 4648 3477 4712 putatur.
3496 4646 3622 4703 quem
3652 4626 3699 4679 Α.

2224 4736 2433 4793 Gellius
2466 4735 2675 4789 laudat.
2709 4733 2842 4787 Eunt
2910 4734 3074 4788 tradit
3129 4731 3451 4801 Capitolinus
3482 4725 3528 4778 in
3569 4719 3700 4774 illam

2223 4844 2346 4899 cap.
2374 4828 2411 4882 2
2436 4827 2604 4882 fuisse
2646 4827 2715 4881 ab
2745 4827 2992 4897 Augusto
3027 4826 3347 4879 honoratum
3403 4807 3700 4899 extraordina-

2223 4896 2310 4975 rio
2345 4919 2650 4976 consulatu.
2687 4896 3173 4974 VideAusonium
3196 4915 3259 4970 ad
3291 4908 3531 4970 Gratiam,
3571 4896 3699 4953 Minu-

2223 5012 2369 5067 cium
2397 5026 2614 5081 quoquc
2651 5004 2885 5066 Felicem
2904 4997 3033 5080 'cap.
3063 5008 3097 5063 9
3119 5018 3171 5061 et
3201 5006 3290 5071 3i,
3332 5001 3536 5067 denique
3562 4985 3699 5046 etGa-

2227 5101 2471 5158 takerttm
2512 5103 2576 5156 ad
2618 5101 2688 5157 Μ.
2727 5102 2986 5157 Ant0ttitti
3018 5100 3115 5154 lib.
3157 5115 3194 5155 l.
3540 5177 3547 5179 _
3656 5166 3667 5179 θ

2298 5191 2437 5247 Ibid.
2488 5190 2725 5246 Seleucia
2785 5192 3041 5262 Assyrias.
3103 5185 3477 5258 Reseripsimus
3522 5177 3700 5241 Assyria!

2224 5302 2322 5357 pro
2353 5282 2522 5354 Syria:
2552 5299 2614 5337 ex
2664 5283 2905 5353 antiquis
2965 5281 3263 5345 codicibus,
3322 5290 3445 5347 quos
3486 5268 3699 5363 Pontici!

2233 5376 2441 5441 laudat,
2473 5375 2715 5429 editione
2749 5372 3035 5443 Fcaligeri,
3057 5383 3111 5426 et
3152 5370 3352 5425 monito
3378 5359 3634 5454 Casauboni
3658 5360 3698 5454 lli

2227 5470 2370 5524 """3
2401 5468 2467 5521 ³ι¹
2503 5466 2704 5521 Verum
2739 5466 3061 5535 Capitolini.
3084 5464 3159 5519 tte
3194 5463 3347 5519 etiam
3402 5450 3591 5509 veraita
3616 5448 3701 5535 ῑρέθ

2230 5559 2398 5614 habet
2428 5556 2750 5627 Eutmpius,
2781 5533 2845 5612 ex
2869 5572 2979 5627 quo
3006 5556 3157 5611 locus
3188 5553 3313 5635 iste.
3335 5543 3597 5611 descriptus
3619 5533 3695 5635 esi:

2225 5651 2552 5721 Quanquam
2622 5647 2853 5704 dissidet
2909 5657 3092 5703 noster
3133 5629 3359 5699 immane
3400 5639 3620 5706 quantunt
3660 5629 3698 5721 Ill

2244 5719 2586 5813 captivarum
2630 5754 2858 5813 numero
2903 5752 2918 5792 :
2958 5735 3242 5806 Eutropius
3270 5729 3401 5786 cuiut
3448 5726 3493 5777 in
3541 5719 3696 5781 nuper!
