3974 6192
287 346 293 353 -
331 313 467 377 1039

328 427 568 495 editione
626 425 784 495 juxta
863 426 1298 481 emendationem

329 517 689 588 quadraginta
723 517 956 570 millibus
984 517 1254 572 hominum
1311 519 1551 587 praticrt,
1605 529 1664 572 ut
1700 529 1752 574 et
1817 521 1898 572 itt-

333 618 545 674 tcrpres
573 607 691 673 ejus
739 607 987 660 Pumnius
1030 610 1166 677 μετὰ
1213 609 1693 679 τετρακισμυρίων
1725 625 1896 680 στρα-

330 697 562 750 τιωτῶν.
601 697 740 749 Olim
779 705 959 752 tamen
982 709 1120 760 erat.
1153 711 1209 753 ut
1249 711 1301 753 ct
1332 701 1574 770 Scaliger
1604 702 1752 770 legit,
1784 718 1900 755 cum

333 783 794 858 quadringentis;
854 790 952 844 sed
1000 799 1053 842 et
1108 792 1410 860 quingentis
1477 793 1654 861 legere
1714 803 1796 846 est
1847 794 1900 846 in

332 883 458 936 aliis
489 880 651 936 codd.
692 897 853 949 ;qu.'c
885 883 1033 934 varia
1065 892 1350 951 scriptura
1414 883 1610 938 lectum
1649 886 1924 939 subinilio'

340 981 427 1024 eat
453 973 555 1026 hoc
594 986 808 1040 quoque
842 969 1183 1043 Hieronymi,
1216 990 1338 1026 cum
1371 977 1631 1030 trecentis.
1668 976 1904 1031 Sclmrz-

339 1059 622 1116 ﬂeiscbius
660 1063 754 1127 ait,
823 1062 880 1116 In
921 1064 1094 1132 primo
1129 1063 1374 1118 Palatino
1431 1081 1531 1120 ms.
1573 1075 1676 1132 est,
1725 1063 1906 1121 δειρα-

339 1155 437 1208 eice
457 1152 601 1207 Asia:
630 1157 751 1206 urbs
784 1170 802 1218 ;
830 1170 934 1207 non
990 1166 1156 1209 recte.
1191 1156 1468 1211 Editiones
1522 1159 1741 1227 habent,
1800 1159 1898 1213 Se-

341 1245 520 1299 leuciw
544 1245 713 1315 Syria:
738 1248 860 1300 urbs
881 1263 898 1311 ;
921 1247 1147 1306 scilicet.
1173 1258 1231 1300 ut
1260 1246 1506 1303 Seleucia
1535 1251 1620 1304 illa
1647 1252 1908 1321 δῑιὴπερὶ

340 1340 407 1408 τῇ
472 1339 524 1390 ὲν
556 1339 726 1408 Συρίᾳ
757 1338 1038 1408 Ἀπαμείᾳ
1070 1338 1450 1393 ΣΕΛΕΥΚΟΣ.
1482 1340 1600 1395 Jam
1649 1345 1776 1397 olim
1808 1342 1911 1397 Ca-

343 1427 624 1482 saubonus
697 1430 762 1481 ad
815 1428 1110 1499 Capitolini
1179 1429 1376 1485 Verum
1438 1433 1672 1497 notavit,
1724 1433 1910 1503 legen-

344 1524 473 1574 tium
501 1535 644 1588 esse,
693 1521 954 1577 Selcttciw
988 1522 1214 1592 Assyria:
1277 1526 1421 1579 urbs.
1453 1524 1581 1580 Inde
1637 1527 1912 1595 ταχυγράο

345 1631 434 1681 φοι
471 1611 710 1667 Seleucia
745 1613 886 1666 Asia:
915 1615 1261 1669 oscitabundi
1326 1617 1727 1686 CXCOgitautnt.
1783 1619 1913 1670 Am-

345 1707 563 1760 mianus
614 1702 955 1761 Marcellinus
1007 1707 1100 1760 lib.
1172 1722 1319 1770 xstv,
1351 1723 1470 1774 cap.
1530 1709 1584 1772 6,
1616 1709 1910 1763 Seleuciam

1586 319 1673 378 VA
1688 313 1987 381 LLARS”
2030 323 2269 382 NOTAE.

1390 425 1666 499 Sylburgii
1698 469 1714 492 ,
1777 445 1896 482 runt
1927 436 1972 490 Α
2004 431 2138 483 tanti
2177 447 2192 483 :
2223 430 2293 483 cf
2328 437 2389 483 ut
2410 428 2504 495 sit,
2533 430 2788 487 subactos
2841 434 3063 504 quidem
3109 435 3198 492 ille
3231 437 3466 494 Parthos
3499 458 3566 497 eo

3429 328 3568 395 1090
3640 360 3642 362 τ

2004 535 2171 585 anno,
2208 535 2318 573 non
2350 531 2402 574 et
2445 522 2782 591 triumphum
2842 527 2936 595 qtti
2989 527 3174 584 Roma:
3215 533 3564 598 postmodum

2005 622 2159 664 actus
2185 619 2268 664 est
2309 611 2376 664 de
2409 612 2512 664 illis
2579 615 2744 682 (quod
2806 617 3189 685 disputationis
3251 636 3418 692 caput.
3461 625 3565 693 est)
3610 675 3620 686 ,

2005 710 2296 754 memorat.
2341 701 2457 755 Alia
2489 718 2550 755 ex
2579 715 2730 773 parte
2766 707 2906 761 haud
2941 710 3111 763 levior
3148 726 3336 765 eorum
3371 725 3564 768 aucto-

2011 794 2145 847 ritas
2179 792 2347 846 videri
2409 795 2588 858 debet,
2641 797 2732 864 qui
2791 799 2844 851 in
2910 815 3115 854 annum
3191 802 3571 872 insequentem

2011 883 2128 939 bzec
2159 884 2417 938 diﬂ‘erunt
2451 901 2464 938 :
2499 901 2528 940 e
2583 889 2778 956 quibus
2825 889 3256 948 luculentissima
3324 897 3573 948 laudatus

2013 978 2141 1031 itetn
2207 978 2551 1041 Assemanio.
2605 981 2896 1054 Dionysius
2938 984 3302 1042 JaCobitarum
3342 993 3574 1059 patriar-

2009 1069 2135 1132 cbo,
2179 1070 2321 1124 inter
2352 1073 2498 1140 ἱρεηε
2530 1074 2788 1128 nimirum
2823 1075 3132 1133 Orientales
3166 1084 3356 1136 :Anno
3389 1099 3570 1136 eorum

2011 1161 2107 1223 (Μ.
2136 1162 2342 1216 Aurelii
2371 1177 2424 1216 et
2451 1164 2515 1218 L.
2576 1165 2727 1233 Veri)
2782 1180 2972 1236 quarto
3025 1170 3308 1242 Vologesus
3347 1175 3579 1230 Part/to—

2012 1271 2124 1305 rum
2151 1271 2240 1308 rex
2274 1258 2537 1322 plurimas
2578 1274 2641 1310 ex
2677 1259 3033 1314 Romanorum
3083 1265 3281 1319 dilionc
3340 1268 3581 1320 civitates

2011 1345 2356 1411 depopulatus
2383 1357 2478 1399 est.
2510 1350 2654 1400 Anno
2687 1366 2809 1404 vero
2831 1355 3134 1406 earumdem
3159 1366 3317 1411 'sexlo
3352 1357 3580 1412 Parthos

2012 1435 2212 1488 Lucius
2277 1437 2557 1490 debellatit
2601 1442 2924 1510 subegitque.
2958 1442 3200 1498 Putarim
3257 1463 3358 1517 ego
3418 1449 3584 1502 dissi-

2013 1529 2142 1582 dere
2175 1539 2434 1582 auctores
2463 1532 2514 1582 in
2561 1533 2798 1600 speciem
2839 1545 2937 1587 :et
2989 1552 3171 1604 posse,
3229 1539 3274 1592 si
3337 1541 3584 1607 penitius

2015 1620 2254 1673 rationes
2272 1635 2461 1672 eorum
2489 1622 2871 1690 inspicientur,
2904 1627 2970 1678 ad
3003 1627 3236 1681 invicem
3264 1631 3583 1687 conciliari:

2017 1724 2139 1764 cum
2173 1713 2317 1764 enim
2359 1729 2386 1764 a
2417 1712 2592 1765 Martii
2627 1715 2832 1768 mensis
2863 1717 2949 1767 die.
3003 1718 3233 1791 septima
3274 1720 3577 1787 Augustale

345 1801 507 1864 hanc,
544 1797 884 1852 ambitiosum
915 1811 1044 1868 opus
1112 1797 1388 1852 Nicatoris
1442 1797 1668 1872 Seleuci,
1729 1810 1908 1855 voeut.
1945 1776 1986 1834 Β
2019 1801 2304 1870 imperium
2339 1802 2407 1858 Μ.
2439 1805 2648 1857 Aurelii
2718 1816 2772 1859 et
2821 1806 2971 1859 Lucii
3009 1807 3132 1861 Veri
3170 1788 3171 1791 Ἴ
3203 1776 3581 1877 incltoitretttr,

343 1888 504 1961 Atqui
539 1902 645 1942 non
678 1887 986 1940 SilEllCialll
1015 1887 1274 1958 Assyriae,
1311 1888 1404 1942 sel
1443 1870 1688 1963 Ciliciae,
1757 1906 1783 1940 a
1817 1887 1914 1943 Sc-

342 1981 496 2036 leuco
524 1980 776 2035 Nicatore
799 1993 996 2034 nomen
1055 1982 1349 2048 accepisse,
1377 1980 1545 2034 voluit
1581 1979 1912 2050 Stephanus.

343 2076 496 2139 Quoi
539 2074 584 2127 si
615 2089 806 2128 verum
837 2084 944 2137 est,
971 2088 1101 2127 sane
1158 2072 1442 2144 legendum
1473 2081 1638 2137 esset,
1673 2073 1914 2128 Seleucia

343 2163 488 2216 Asia:
520 2162 666 2216 urbs.
706 2160 809 2217 Sed
833 2163 1056 2218 omnino
1091 2173 1185 2216 aut
1236 2173 1465 2234 utraque
1527 2164 1663 2218 urbs
1732 2166 1800 2218 ab
1849 2179 1914 2217 ρο

349 2255 578 2311 Seleuco
628 2256 773 2310 dicta
823 2265 925 2320 est,
977 2265 1070 2309 aut
1132 2256 1439 2324 Stephanus
1495 2256 1723 2310 fallitur.
1777 2255 1910 2310 Nam

345 2347 544 2402 Strabo
602 2364 841 2417 quoque,
890 2349 986 2401 lib.
1053 2363 1177 2410 xw,
1219 2363 1272 2416 p.
1335 2347 1458 2410 738,
1515 2347 1778 2400 Σέλευκον
1825 2350 1914 2400 τὸν

343 2441 626 2510 Νικάτορα
661 2441 758 2509 τὴν
796 2442 890 2494 ἐπὶ
920 2438 998 2510 τῷ
1056 2439 1272 2509 Τίγριδι
1301 2438 1756 2492 ΣΕᾹΕΥΚΕΙΑΝ
1793 2457 1907 2493 τει-

347 2533 518 2602 χὶσαι,
546 2534 801 2585 nllirmat.
839 2531 912 2583 De
947 2546 1032 2591 ea,
1069 2545 1194 2584 eum
1272 2531 1374 2583 hoc
1415 2530 1535 2584 loco
1588 2545 1769 2584 sermo
1819 2531 1912 2596 sit,

349 2625 662 2679 Casauboui
699 2624 1134 2677 eruendationem
1158 2624 1386 2676 omnino
1409 2624 1742 2692 sequendam
1772 2641 1913 2690 esse,

343 2719 551 2784 judico.
589 2717 663 2770 lbi
727 2717 868 2769 enim
914 2715 1242 2770 Parthorum
1306 2716 1463 2770 sedes
1518 2731 1659 2779 esse,
1730 2733 1912 2781 nemo,

347 2809 438 2876 qui
503 2806 900 2877 Gcographiam
947 2816 1186 2861 veterem
1245 2822 1350 2859 non
1383 2806 1615 2876 ignorat,
1659 2806 1914 2878 ignorare

351 2908 551 2969 μήνεί.

418 2990 536 3042 Col.
583 2988 708 3043 472.
763 2985 915 3057 Apud
965 2986 1120 3042 Pisas
1171 2985 1507 3056 Peregrinus.
1560 2985 1698 3042 Male
1756 2995 1916 3058 vetit-

2019 1893 2069 1944 in
2101 1907 2330 1960 eamque
2365 1895 2509 1947 diem
2547 1896 2750 1962 singuli
2790 1899 2913 1948 anui
2944 1901 3257 1954 desinerent
3283 1939 3297 1961 ,
3330 1902 3421 1967 qui
3490 1901 3578 1954 vi-

2016 1986 2203 2039 ctoria:
2234 1986 2299 2039 de
2334 1985 2817 2054 Parthisquintum
2867 2005 3068 2042 unlttlttt
3099 1990 3587 2058 assignant,lat-ile

2017 2092 2047 2131 a
2088 2075 2284 2130 Martio
2314 2093 2501 2130 nit-use
2560 2079 2801 2132 rationes
2829 2097 2954 2134 suas
2990 2083 3250 2145 inierunt
3290 2097 3306 2139 :
3338 2083 3428 2151 qui
3460 2100 3589 2136 vero

2010 2175 2256 2245 sextum,
2288 2184 2312 2217 :t
2353 2167 2496 2219 civili
2527 2183 2692 2226 anno,
2729 2169 2844 2221 sive
2879 2184 2909 2222 a
2939 2168 3220 2224 Januario.
3263 2173 3420 2231 Certe
3457 2190 3581 2226 eum

2015 2259 2187 2312 altero
2230 2259 2554 2329 Olympiadis
2613 2260 2719 2314 £156
2774 2277 2953 2316 annus
3011 2264 3103 2316 ille
3155 2265 3514 2320 concurrebat
3568 2280 3587 2322 :

2017 2354 2362 2421 ostenditque
2446 2352 2689 2418 Pupius.
2754 2365 2947 2407 contra
3016 2366 3179 2422 atque
3232 2357 3588 2411 Blauchinius

2019 2455 2189 2514 putat,
2243 2445 2466 2498 Lucium
2515 2445 2710 2498 Verum
2770 2462 2832 2500 ex
2900 2444 3120 2501 Oriente
3176 2449 3286 2516 jam
3342 2464 3372 2502 a
3429 2464 3588 2516 supc~

2019 2539 2166 2592 riore
2196 2553 2340 2592 anno
2375 2553 2677 2606 regressum
2731 2537 2978 2603 Romam,
3036 2539 3126 2591 ubi
3161 2540 3260 2592 hoc
3294 2540 3410 2608 ipso
3442 2555 3590 2593 anno

2018 2632 2082 2681 de
2106 2631 2325 2681 Parthis
2362 2645 2482 2680 cum
2516 2629 2680 2682 fratre
2715 2630 3048 2698 triumphum
3073 2631 3245 2700 egerit

2095 2721 2233 2775 Ibid.
2266 2719 2642 2774 I’ersecutioue
2686 2730 2806 2774 orta
2871 2723 2923 2774 in
2979 2725 3130 2774 Asia.
3196 2725 3438 2785 Annum,
3479 2736 3592 2790 quo

2021 2811 2286 2880 martyrio
2313 2821 2607 2866 Coronatus
2635 2821 2718 2866 est
2750 2813 3107 2882 Polycarpus,
3155 2814 3408 2866 fecerunt
3442 2829 3586 2881 pra:-

2018 2914 2251 2972 posterae
2283 2907 2570 2958 doctorum
2621 2904 2906 2978 hominum
2953 2921 3100 2959 cut-te
3150 2907 3443 2960 incertum.
3495 2901 3587 2959 Tu

2017 2994 2204 3048 courier
2243 2995 2570 3048 dissidentes
2601 2996 2829 3049 invicem
2873 2995 3142 3049 Valesiutn
3206 2995 3262 3048 in
3299 2995 3456 3050 Notis
3519 2997 3588 3048 ad

345 3086 547 3141 atiores
582 3084 878 3147 editiones,
918 3099 1053 3139 mss.
1087 3084 1305 3153 quidam
1340 3085 1482 3146 libri,
1524 3085 1576 3136 in
1611 3085 1911 3138 secundum
1945 3111 1986 3166 ο
2025 3085 2236 3138 Eusebii
2271 3086 2408 3140 liist.
2465 3086 2613 3142 Eccl.
2659 3087 2753 3140 lib.
2796 3103 2868 3149 tv,
2908 3102 3027 3154 cap.
3065 3086 3152 3148 15,
3209 3086 3490 3142 Usseriut'n
3539 3091 3590 3140 in

345 3178 675 3250 Olympiadis
700 3194 903 3231 annum
942 3187 1156 3247 gestum
1197 3179 1298 3232 hoc
1353 3169 1708 3241 transferunt,
1768 3178 1914 3247 quod

347 3273 551 3342 inipsa
585 3273 843 3348 panegyri
895 3274 1167 3343 olympica
1229 3274 1524 3340 contigisse
1574 3283 1808 3335 conStat,
1863 3283 1915 3326 et

347 3375 593 3418 notatum
664 3375 749 3418 est
791 3365 952 3417 etiam
1005 3364 1309 3434 Scaligcro.
1350 3365 1449 3419 Ιιιο
1500 3367 1686 3417 itidem
1744 3365 1915 3417 multo

348 3460 555 3510 rectius
585 3455 637 3509 in
667 3457 872 3510 Grzecis
906 3457 1032 3525 legit
1067 3459 1248 3526 πυρὰν
1288 3458 1454 3525 ἅψας,
1500 3469 1557 3508 ιιι
1585 3466 1636 3510 et
1673 3470 1794 3519 nos,
1819 3469 1916 3522 pro

321 3546 460 3614 ,πῦρ
488 3544 718 3615 ἀνάψεις,
753 3554 813 3600 ut
838 3545 1047 3600 Gonrus
1079 3546 1317 3601 excudit.

417 3637 537 3692 Col.
582 3638 710 3691 471.
767 3636 962 3690 Lucius
1005 3635 1191 3692 Caesar
1235 3638 1298 3689 de
1335 3636 1574 3690 Part/tis.
1625 3636 1914 3706 Perperam

344 3729 662 3785 Parmensis
716 3743 820 3782 ms.

347 3819 569 3875 tametsi
603 3820 896 3888 Eutropius
924 3836 1042 3872 cum
1075 3820 1260 3887 fratre,
1300 3821 1493 3888 inquit,
1526 3821 1807 3887 cadentque
1828 3837 1915 3872 so-

347 3929 468 3965 cero
507 3911 876 3980 triumphavit.
915 3912 1156 3980 Scaliger
1195 3915 1364 3979 ipsam
1406 3912 1720 3980 periocbaut
1773 3926 1914 3979 prie.-

345 4006 564 4060 t-edenti
605 4004 850 4073 proxime
897 3998 1039 4056 anno
1071 4005 1318 4065 ascribit,
1346 4015 1508 4071 atque
1555 4005 1746 4056 ordine
1782 4019 1920 4072 prte-

346 4099 505 4167 ponit
537 4099 694 4150 modo
732 4098 1026 4163 recognitae
1058 4096 1124 4148 de
1150 4093 1471 4165 Peregrino.
1529 4096 1694 4162 Digna
1731 4108 1915 4163 porro,

348 4201 470 4257 qua:
493 4187 601 4240 huc
643 4185 933 4248 referatur,
975 4185 1220 4240 recensio
1278 4195 1386 4249 est,
1421 4201 1582 4255 quam
1645 4185 1921 4253 hujusmct

351 4277 512 4349 gesti,
543 4291 605 4330 ac
635 4275 857 4329 totidem
884 4259 1019 4342 pene
1045 4285 1208 4341 atque
1242 4266 1516 4330 Eusebius
1549 4275 1754 4336 verbis,
1788 4272 1920 4328 facit

350 4366 610 4424 Chronici
643 4365 904 4420 Edesseni
961 4381 990 4418 a
1054 4367 1128 4419 cl.
1185 4363 1299 4420 Jos.
1355 4365 1676 4419 Assemanio
1716 4365 1917 4433 vulgati

915 3744 1033 3780 cum
1097 3737 1248 3797 patre
1333 3728 1494 3781 habet
1559 3745 1654 3792 pro
1710 3715 1954 3797 fratre.”

2027 3178 2314 3230 l-iissettat.
2366 3178 2435 3232 de
2479 3176 2834 3232 Macedonum
2877 3188 2930 3230 et
2961 3178 3283 3231 Asianorum
3325 3195 3466 3233 anno
3496 3197 3578 3232 so-

2025 3268 2122 3321 lari
2157 3282 2282 3337 cap.
2327 3270 2384 3332 5,
2427 3269 2652 3336 Pagium
2715 3268 2767 3321 in
2831 3267 3022 3322 Critic.
3080 3268 3188 3321 vol.
3234 3267 3272 3334 1,
3309 3283 3428 3336 pag.
3466 3269 3589 3333 165.

2023 3359 2384 3414 Pearsonium
2423 3359 2703 3413 Dissertat.
2739 3364 2802 3412 de
2835 3361 2994 3429 annis
3050 3362 3209 3428 prim.
3263 3361 3421 3414 Ilom.
3475 3362 3594 3428 cpi-

2023 3466 2173 3520 scop.
2207 3465 2329 3518 cap.
2351 3451 2443 3516 ΞΟ,
2510 3450 2890 3504 Blanchinium
2942 3451 3177 3519 denique
3229 3454 3282 3504 in
3319 3452 3476 3506 Notis
3523 3453 3588 3504 ad

2024 3543 2277 3596 Anastas.
2301 3551 2436 3595 tom.
2463 3541 2531 3605 ll,
2569 3558 2624 3611 p.
2659 3541 2757 3593 153
2785 3557 2798 3602 ;
2832 3541 2915 3594 Itis
2944 3543 3088 3594 enim
3124 3541 3406 3601 immorari
3474 3543 3594 3596 Ion.

2029 3648 2155 3702 gutn
2199 3641 2304 3688 est.
2336 3631 2446 3686 Nec
2487 3631 2600 3686 fere
2633 3635 2812 3686 minus
2840 3631 3068 3686 dubium
3128 3633 3192 3704 de
3237 3630 3414 3685 Pionii
3453 3642 3591 3686 tem-

2026 3737 2179 3793 pore,
2216 3724 2375 3791 cujus
2436 3739 2557 3792 qua:
2611 3733 2824 3778 exstant
2869 3721 3110 3789 martyrii
3166 3721 3590 3782 acta,Baronius

2025 3813 2324 3882 aliquando
2353 3822 2656 3884 respueret,
2699 3812 3044 3881 postmodum
3084 3824 3180 3878 pro
3212 3812 3447 3864 sinceris
3483 3811 3586 3863 ba—

2029 3904 2160 3957 buit.
2191 3903 2418 3972 Respuit
2450 3913 2505 3957 et
2535 3901 2775 3971 Scaliger
2795 3911 2847 3954 ct
2883 3899 3141 3954 Petavius
3193 3914 3208 3952 :
3243 3901 3438 3969 probat
3465 3916 3593 3956 vero

2027 4011 2149 4050 cum
2185 3994 2410 4050 Usserio
2442 3995 2708 4056 Valesius,
2750 4004 2807 4045 ut
2868 4009 2932 4047 ex
2985 3995 3067 4045 bis
3103 3996 3422 4049 conclusum
3449 4003 3590 4059 erat,

2028 4087 2138 4142 falli
2183 4088 2495 4150 Eusebium,
2530 4087 2619 4156 qui
2665 4101 2769 4139 non
2794 4085 2896 4139 sub
2932 4086 3115 4150 Decio,
3148 4088 3240 4140 sed
3275 4086 3379 4139 sub
3420 4087 3591 4140 Anto-

2031 4185 2158 4240 nino
2189 4197 2411 4251 passum
2442 4181 2693 4244 Pionium
2749 4177 2941 4232 refert.
2978 4177 3141 4246 Atqui
3201 4178 3255 4232 id
3297 4193 3460 4248 porro
3501 4193 3594 4234 rc-

2029 4275 2276 4329 ctissime
2308 4271 2577 4329 Eusebius
2624 4269 2834 4333 docuit,
2883 4271 3027 4338 quod
3072 4277 3129 4323 et
3174 4270 3433 4338 pleraque
3489 4267 3596 4323 La-

2032 4365 2142 4418 tina
2199 4362 2579 4433 Martyrologia
2624 4361 2764 4429 apud
2818 4359 3136 4413 [lollandum
3189 4362 3434 4417 tradunt.
3500 4358 3596 4412 Est

349 4475 544 4516 auctor
588 4474 603 4514 :
647 4458 846 4512 Lucius
909 4457 1089 4512 Cwsar
1155 4475 1264 4511 una
1317 4474 1435 4511 cum
1489 4459 1655 4525 fratre
1693 4455 1923 4510 Parthos
1957 4460 2000 4514 D
2031 4455 2308 4509 enimvero
2373 4454 2462 4509 ille
2515 4452 2824 4508 Graecorum
2887 4450 3143 4503 immanis
3195 4449 3597 4502 metut-breuis-

349 4553 606 4608 Romanis
634 4553 834 4620 subegit
860 4567 1002 4603 anno
1033 4551 1238 4617 imperii
1287 4551 1371 4603 sui
1402 4550 1605 4619 quinto.
1645 4548 1703 4602 in
1761 4563 1922 4616 quem

354 4650 532 4702 locum
561 4645 818 4699 laudatus
852 4642 1207 4698 Assemanius
1243 4651 1447 4705 monet,
1483 4657 1543 4696 se.
1588 4656 1707 4696 eam
1750 4640 1923 4693 adno-

353 4740 638 4799 tationem,
664 4751 783 4804 quze
800 4735 1091 4805 conjuncta
1114 4743 1224 4786 erat
1255 4733 1308 4786 iu
1332 4733 1606 4786 Chronico
1631 4748 1753 4785 cum
1782 4748 1924 4786 anno

355 4831 668 4886 Grarcorum
702 4828 828 4893 649,
855 4843 956 4882 suo
1011 4828 1132 4880 loco
1205 4827 1542 4889 restituisse,
1602 4839 1801 4894 nempe
1859 4825 1923 4877 ad

354 4937 560 4975 annum
595 4919 720 4982 476,
755 4918 957 4974 Christi
995 4918 1116 4982 165,
1155 4918 1207 4971 ίιι
1262 4931 1424 4987 quem
1492 4917 1719 4986 quintus
1769 4915 1923 4971 Lucii

359 5011 481 5065 Veri
516 5026 692 5065 annus
726 5011 939 5064 incidit.
973 5010 1109 5082 Tum
1144 5026 1274 5063 vero
1337 5010 1597 5064 Edesseni
1667 5007 1924 5062 Cltrouici

355 5106 682 5161 auctoritate
713 5103 894 5157 dirimi
920 5103 1378 5166 controversiam,
1415 5116 1536 5170 qua:
1571 5102 1636 5154 de
1666 5100 1926 5154 Parthico

356 5199 509 5254 Lucii
537 5199 814 5265 triumpho
845 5197 989 5264 apud
1045 5194 1290 5248 eruditos
1341 5193 1580 5262 agitatur
1613 5209 1626 5244 :
1657 5208 1802 5256 nam,
1839 5192 1926 5246 in-

357 5292 494 5359 quit.
531 5299 587 5343 et
615 5286 974 5344 Cassiodorus
1002 5295 1057 5342 et
1119 5285 1460 5342 [Iermanuus
1507 5285 1835 5339 Centractus
1871 5283 1926 5338 in

357 5382 652 5437 Chronicis
686 5381 970 5435 vietoriam
1013 5379 1325 5433 Parthicam
1365 5393 1487 5432 cum
1523 5394 1666 5430 anno
1723 5386 1920 5446 quarto

358 5475 537 5538 Lucii,
569 5474 905 5544 triumphum
949 5487 1075 5527 vero
1111 5472 1166 5524 in
1200 5469 1348 5526 Urbe
1407 5470 1748 5524 celebrantur
1802 5484 1924 5523 cum

359 5580 506 5619 anno
543 5565 790 5634 ejusdem
822 5565 1013 5634 quinto
1047 5564 1275 5631 illigant.
1317 5562 1478 5632 Atqui
1527 5578 1632 5614 non
1662 5562 1768 5614 erit
1810 5559 1926 5612 for-

359 5665 507 5710 tasse
540 5655 755 5728 Syriaci
807 5656 926 5726 ejus
965 5655 1272 5725 scriptoris,
1329 5655 1422 5722 qui
1477 5661 1634 5707 sexto
1688 5650 1926 5704 medium

359 5746 771 5816 praeterlabente
797 5747 998 5803 atecqu
1032 5747 1186 5810 vixit,
1237 5744 1538 5800 auctoritas
1579 5741 1722 5812 apud
1778 5741 1916 5797 alios

2028 4562 2172 4611 mus,
2230 4549 2319 4616 qui
2381 4547 2444 4598 ad
2497 4545 2642 4598 Decii
2681 4544 3049 4612 principatum
3115 4541 3294 4596 Pionii
3337 4552 3391 4596 et
3439 4541 3598 4612 Pcly.

2037 4637 2188 4706 carpi
2219 4637 2503 4704 passiones
2529 4635 2811 4689 dilleruut.
2847 4633 2983 4687 Vide
3011 4631 3343 4689 Toiuardum
3369 4632 3421 4686 itt
3441 4633 3599 4688 Notis

2027 4729 2092 4785 ad
2172 4725 2440 4781 Lactantii
2506 4727 2703 4783 librum
2765 4727 2830 4780 de
2910 4725 3176 4779 Mortibus
3248 4723 3597 4784 Pcrsceutur.

2028 4835 2150 4888 cap.
2177 4819 2233 4872 ιι.

2099 4909 2238 4963 ibid.
2276 4907 2414 4962 Lues
2452 4913 2645 4962 multas
2673 4907 2973 4976 provincias
3005 4907 3304 4972 occupavit.
3337 4905 3599 4961 Memorat

2025 5001 2345 5057 Ammianus
2411 5014 2625 5068 quoque
2664 4997 3009 5051 Marcellinus
3062 5000 3154 5050 lib.
3194 5013 3352 5058 ηιμ,
3387 5012 3510 5066 cap.
3541 4996 3595 5060 6,

2029 5093 2225 5156 labem,
2273 5106 2390 5160 qua:
2445 5089 2824 5143 insanabilium
2865 5089 2910 5141 ri
2970 5098 3220 5158 concepta
3273 5089 3597 5150 morborum,

2040 5184 2159 5238 Veri
2229 5185 2498 5252 Marcique
2522 5183 2774 5235 Antonini
2825 5181 3166 5250 temporibus,
3199 5183 3263 5233 ab
3306 5181 3429 5248 ipsis
3458 5177 3599 5230 Per-

2029 5293 2212 5331 sarum
2243 5277 2460 5344 ﬁnibus,
2484 5277 2721 5343 adusque
2762 5272 2998 5327 Rhenum
3047 5284 3096 5327 et
3152 5272 3357 5325 Gallias
3407 5284 3599 5324 cuncta

2029 5374 2286 5437 contagiis
2315 5367 2583 5437 polluebat
2627 5379 2674 5420 et
2718 5367 2990 5419 mortibus.
3023 5364 3176 5420 Hunc
3199 5365 3375 5418 locum
3415 5365 3602 5418 laudat

2029 5471 2082 5517 et
2115 5461 2381 5532 Scaliger.
2417 5458 2576 5513 l’aria
2614 5457 2810 5512 habent
2864 5459 3203 5529 Capitolinus
3247 5457 3300 5510 in
3339 5455 3501 5522 Vero,
3539 5469 3599 5510 ct

2031 5554 2266 5610 Orosius
2298 5553 2393 5606 lib.
2425 5567 2520 5618 \‘ll,
2552 5565 2676 5619 cap.
2731 5551 2816 5605 15.

2103 5647 2237 5700 Ibid.
2265 5644 2515 5699 Romana:
2544 5643 2797 5698 Ecclesia:
2819 5642 3201 5717 episcopatum.
3255 5640 3454 5696 Recole
3477 5656 3602 5710 qua:

2031 5740 2174 5794 dicta
2211 5737 2462 5807 superius
2489 5750 2616 5794 sunt
2652 5739 2716 5791 ad
2753 5736 3068 5792 Anicetum.
3102 5732 3280 5789 Soteri
3348 5743 3443 5790 aut
3487 5733 3595 5786 So~
