4014 6196
332 348 469 415 1093

1599 351 2004 413 VALLARSII
2040 349 2275 414 ΝΟΤΛΞ.

3433 351 3569 416 nm
3634 441 3637 444 _

329 476 509 522 autem
543 465 826 537 subiungit
855 465 921 522 de
949 467 1010 522 L.
1044 476 1170 522 nota
1202 467 1255 523 in
1278 466 1484 524 Graecis
1515 467 1904 539 imperatorum
1931 477 1982 534 Λ
2083 469 2392 536 Apollonius
2450 467 2613 537 (apud
2670 467 2945 528 Vallarsii.
3011 469 3240 540 Respuit
3291 471 3356 525 de
3423 487 3573 525 more

331 559 774 622 nomismatibus,
801 571 860 613 ut
884 575 945 613 ea
976 559 1202 613 lustrum
1231 562 1422 631 probri
1443 561 1764 632 significari,
1793 577 1900 614 non

332 651 640 722 lycabanta,
680 653 795 708 sive
824 670 1046 715 annum,
1072 654 1226 722 juxta
1261 666 1533 732 receptam
1571 655 1731 724 vulgo
1757 655 1902 707 anti-

329 744 586 813 quiorum
619 746 862 798 omnium
903 746 1253 812 sententiam,
1288 749 1454 804 missa
1490 747 1762 812 facimus;
1804 761 1902 801 ne-

330 849 436 904 que
460 834 606 888 enim
643 846 896 904 putamus
930 853 1090 907 posse
1121 838 1298 894 doctis
1352 839 1595 910 probari.
1629 838 1900 894 Cmterum

335 927 457 981 vide
488 928 764 984 laudatum
794 930 862 983 ab
887 946 953 985 eo
983 931 1376 1001 Capitolinum,
1414 933 1470 986 in
1522 932 1772 987 eumdem
1821 932 1903 986 lo-

334 1033 458 1074 cum
489 1019 742 1074 Salmasii
775 1017 962 1088 Notas,
991 1031 1044 1076 et
1069 1038 1190 1092 quae
1220 1023 1472 1092 superius
1501 1038 1602 1077 nos
1628 1023 1694 1088 ad
1729 1025 1903 1094 gemi-

337 1128 464 1166 num
499 1113 626 1167 huic
671 1112 848 1167 locum
898 1130 1051 1168 num.
1082 1114 1226 1170 9.134
1275 1117 1660 1171 observamus.
1692 1115 1793 1172 Ubi
1826 1117 1904 1170 ait

336 1206 550 1270 Noster,
606 1205 772 1259 duras
810 1222 1015 1276 quoque
1067 1207 1204 1278 leges
1245 1209 1391 1261 nouis
1442 1209 1904 1263 constitutionibus

335 1306 680 1368 temperatas,
732 1306 886 1353 nouit
925 1299 1064 1354 idem
1115 1298 1385 1369 Scaliger,
1443 1300 1673 1370 intelligi
1729 1300 1786 1356 S.
1837 1300 1902 1356 C.

337 1389 687 1453 Orfitianum,
715 1396 860 1459 quod
891 1389 1094 1443 factum
1129 1389 1299 1444 hocce
1328 1406 1474 1444 anno
1503 1400 1609 1446 est.

407 1478 545 1533 Ibid.
587 1481 888 1534 Antoninus
920 1491 1036 1548 post
1083 1481 1385 1535 rictoriam.
1419 1482 1783 1554 Hieronymus
1837 1499 1906 1540 ex

337 1569 621 1639 Eutropio,
655 1570 751 1623 lib.
788 1584 905 1633 vui,
941 1584 994 1624 c.
1023 1570 1112 1636 14,
1151 1571 1217 1624 ad
1246 1571 1469 1625 verbum
1501 1571 1617 1628 base
1655 1573 1906 1640 addidit,

337 1661 484 1732 quod
516 1672 568 1716 et
594 1660 836 1731 Scaliger
863 1671 1039 1728 notat,
1068 1662 1157 1717 ille
1187 1678 1253 1718 ex
1279 1663 1594 1734 Capitolino
1623 1665 1784 1734 paulo
1823 1667 1906 1721 di-

339 1751 514 1807 versis
542 1750 724 1806 verbis
755 1759 1063 1820 acceperat.

2002 562 2243 629 Scaliger
2302 561 2610 615 distinctam
2666 560 2852 615 Italico
2876 561 3189 618 charactere
3242 563 3572 631 pcrioctiatu,

2005 665 2168 720 quam
2201 650 2417 720 quidem
2448 662 2655 708 veteres
2704 667 2921 722 quoque
2968 652 3088 706 libri
3153 661 3204 706 et
3262 651 3576 706 Parmeus's

2009 757 2110 797 ms.
2149 743 2423 812 ignorant.
2450 742 2697 797 Diximus
2755 744 2820 798 dc
2853 743 3136 812 Apollonio
3167 745 3228 795 ad
3265 743 3571 813 llieronymi

2003 835 2164 902 epist.
2227 833 2316 901 70,
2374 836 2442 889 ad
2491 833 2762 906 Magnum,
2832 844 2885 890 et
2941 835 3008 890 ad
3067 834 3264 889 librqu
3308 835 3374 890 de
3429 834 3575 890 Viris

2005 925 2310 982 lllustribus
2343 941 2390 980 e.
2431 926 2521 980 40.

2075 1017 2212 1072 Ibid.
2289 1017 2626 1072 Alexandria
2688 1018 3017 1073 undecimus.
3076 1018 3195 1075 Uno
3257 1020 3381 1091 plus
3446 1020 3579 1076 dicit

2006 1111 2288 1166 Parmens.
2323 1125 2424 1164 ms.
2457 1111 2571 1164 sive
2599 1112 2751 1164 annis
2781 1111 2874 1167 Η.

2076 1203 2197 1258 Col.
2249 1201 2376 1257 476.
2439 1201 2752 1258 Commodus
2803 1205 3088 1274 imperator
3145 1205 3351 1261 colossi.
3428 1207 3580 1272 Quod

2005 1294 2150 1349 Solis
2205 1303 2372 1364 caput
2456 1295 2727 1348 referebat
2784 1311 2908 1350 cum
2969 1308 3175 1367 septem
3250 1279 3460 1361 radiis,
3525 1307 3584 1350 ut

2007 1387 2264 1456 Superius
2321 1401 2472 1439 unm.
2547 1385 2684 1440 209i
2761 1396 3007 1442 notatum
3093 1399 3195 1444 est.
3256 1387 3335 1444 Re
3418 1389 3582 1444 etiam

2009 1494 2136 1533 vera
2213 1479 2267 1533 in
2303 1477 2510 1533 Graecis
2563 1478 2799 1549 Syncelli
2875 1479 3134 1544 Ἦλιακὸς
3164 1466 3421 1545 κολοσσὸς
3483 1497 3584 1535 no-

2009 1571 2271 1626 minatur.

2076 1661 2346 1717 Col.475.
2394 1662 2709 1717 Commodus
2753 1663 3140 1735 strangulatur.
3207 1661 3361 1734 Legit
3416 1673 3473 1720 et
3530 1664 3584 1718 in

2009 1752 2214 1810 Graecis
2243 1753 2591 1832 Beasdiavoﬁ
2622 1754 2900 1824 Scaliger:
2937 1764 3153 1811 constat
3191 1771 3322 1812 vero
3376 1766 3582 1812 rectam

411 1841 531 1897 Col.
557 1841 684 1896 474.
717 1840 1033 1898 Commodus
1055 1859 1086 1896 a
1112 1851 1320 1897 senatu.
1344 1842 1464 1899 Huc
1507 1843 1650 1900 refer
1677 1843 1911 1900 Victoris
1942 1868 1987 1924 Β
2012 1846 2338 1915 scripturam
2360 1860 2482 1902 esse
2521 1835 2826 1902 .Vecliliani.
2856 1845 3142 1903 Sublatum
3192 1857 3278 1902 est
3331 1849 3432 1902 hoc
3488 1847 3586 1900 ho-

341 1933 518 1988 locnm
545 1934 611 1989 de
640 1935 947 1989 Caesaribus
971 1950 1022 1990 e.
1051 1934 1118 1989 I3
1149 1953 1162 1989 :
1196 1937 1418 1990 Abhinc
1453 1937 1778 2007 (imperante
1808 1935 1916 1992 lla-

343 2028 556 2094 driano)
589 2027 760 2080 divisa
805 2028 1020 2080 nomina
1043 2027 1316 2084 Ctesaruin
1352 2037 1508 2098 atque
1555 2029 1802 2100 Augusti,
1829 2031 1914 2083 in-

343 2118 642 2186 dictumque
672 2119 725 2171 in
756 2117 1154 2185 rempublicam,
1183 2121 1263 2172 uti
1289 2120 1416 2184 duo,
1447 2135 1537 2174 seu
1566 2119 1742 2190 plures
1769 2135 1915 2174 sum-

341 2225 444 2264 ma:
487 2211 732 2278 potentiae
781 2209 1066 2265 dissimiles
1117 2220 1482 2281 cognomento,
1551 2228 1616 2265 ac
1656 2221 1917 2281 potestate

343 2302 550 2370 dispari
588 2303 714 2356 sint.
746 2302 878 2356 Cum
908 2317 1104 2370 nempe
1144 2310 1300 2356 antea
1333 2302 1563 2358 Cwsaris
1601 2313 1768 2374 atque
1802 2303 1918 2356 Au-

346 2395 483 2464 gusti
510 2394 816 2464 promiseua
850 2395 1072 2448 nomina
1105 2395 1494 2463 imperatorum
1523 2404 1725 2460 essent,
1758 2395 1918 2451 insti-

356 2496 549 2551 tutum,
576 2494 636 2540 ut
674 2485 897 2556 Augusti
929 2485 1150 2554 quidem
1183 2487 1536 2556 imperatores
1561 2487 1877 2542 dicerentur
1899 2527 1914 2542 .

349 2579 441 2648 qui
471 2589 649 2632 autem
677 2578 916 2631 erantab
942 2577 1364 2648 imperatoribus
1402 2579 1640 2649 adoptati
1675 2581 1918 2635 liaéredes

349 2669 586 2740 imperii,
619 2665 878 2722 Cwsares.
906 2665 1042 2722 Vide
1071 2669 1418 2738 Spartiauum
1451 2669 1502 2723 iu
1543 2669 1766 2738 prologo
1787 2668 1917 2746 Ailii

348 2756 498 2812 Veri.
531 2755 686 2821 Quod
717 2756 882 2824 igitur
915 2755 1250 2811 Commodus
1280 2757 1563 2827 Augustus
1601 2755 1918 2826 appellatus

349 2859 451 2912 est,
493 2847 805 2917 signiﬁcare
836 2848 1074 2913 videtur,
1104 2849 1337 2904 delatam
1361 2850 1409 2904 ei
1439 2865 1620 2904 rerum
1645 2863 1916 2903 summam

347 2941 518 2997 fuisse
551 2956 582 2996 a
614 2950 830 2998 senatu.

421 3033 560 3087 Ibid.
609 3032 990 3086 Antoninusin
1046 3031 1352 3087 Pannonia.
1389 3031 1759 3096 Vindobonzc,
1799 3046 1921 3100 qua:

355 3139 506 3178 nunc
543 3121 750 3178 Vienna
774 3124 1011 3178 Austrize
1035 3121 1253 3178 dicitur.
1281 3121 1524 3193 Scaliger
1548 3138 1672 3176 cum
1699 3121 1920 3176 Tertul-

2018 1935 2180 1991 minis
2219 1947 2519 1992 monstrum
2564 1938 2667 1992 hoc
2687 1947 2918 1992 exeunte
2957 1953 3120 2002 anno,
3171 1938 3346 2007 pridie
3392 1937 3590 1992 Kalen-

2016 2022 2115 2084 das
2136 2028 2448 2096 Ianuarias,
2490 2029 2599 2084 imo
2628 2030 2744 2100 ipsa
2807 2041 2966 2084 nocte
3013 2044 3134 2099 qua:
3166 2028 3425 2083 Kalendis
3483 2029 3592 2082 illis

2015 2121 2261 2192 proxime
2293 2122 2588 2176 antecedit.
2617 2121 2690 2177 De
2723 2121 2870 2177 neci's
2933 2137 3128 2191 genere
3183 2120 3370 2175 confer
3427 2119 3590 2174 Lam-

2016 2209 2277 2279 pridium,
2310 2210 2661 2280 Eutropium,
2694 2221 2750 2268 et
2816 2210 3109 2280 Victorem,
3163 2212 3257 2282 qui
3308 2211 3589 2268 conciliari

2018 2301 2177 2356 facile
2196 2301 2247 2356 iu
2280 2315 2338 2355 se
2365 2310 2609 2371 possunt.

2087 2391 2391 2454 (201.176.
2441 2393 2627 2448 zElius
2684 2393 2954 2451 Pertinax.
3001 2395 3325 2467 lnterjacent
3371 2396 3588 2467 quidem

2018 2498 2112 2539 sex
2181 2498 2398 2539 menses
2445 2499 2474 2538 a
2532 2484 2830 2541 Pertinacis
2870 2488 3118 2556 imperio,
3150 2489 3294 2558 quod
3339 2489 3594 2544 Kalendis

2017 2571 2845 2644 Ianuariisinivit(siveeadem
2876 2590 2980 2644 qua
3028 2577 3247 2630 occisus
3301 2586 3385 2631 est
3435 2579 3596 2631 Com-

2023 2666 2211 2719 modus
2245 2668 2421 2731 nocte)
2458 2667 2524 2719 ad
2549 2667 2838 2735 imperium
2863 2667 3084 2730 Severi,
3120 2668 3264 2736 quod
3312 2667 3456 2722 circa
3487 2667 3597 2722 Ka-

2022 2757 2214 2812 lendas
2258 2755 2447 2824 {Julias
2497 2762 2722 2812 senatus
2766 2761 3160 2828 approbatione
3211 2758 3594 2813 confirmatum

2022 2863 2124 2907 est.
2152 2853 2331 2921 Atque
2365 2854 2466 2908 lioc
2517 2853 2732 2907 videtur
2778 2857 3039 2921 temporis
3099 2853 3441 2907 intervallum
3501 2854 3597 2906 ad-

2022 2953 2219 2998 notare
2272 2945 2512 2999 voluisse
2562 2944 3000 3014 Euscbius,,qui
3037 2944 3321 2998 I’ertinaci
3383 2958 3600 2997 mensos

2023 3047 2117 3088 sex
2152 3036 2302 3104 regni
2355 3036 2563 3090 tribuit.
2630 3035 2709 3090 Re
2763 3036 2908 3090 enim
2962 3052 3086 3089 vera
3141 3037 3289 3091 solos
3327 3036 3418 3090 ille
3460 3037 3600 3089 duos

2025 3141 2242 3180 menses
2271 3139 2325 3180 et
2358 3127 2477 3182 dies
2506 3127 2693 3196 viginti
2723 3136 2928 3195 septem
2962 3129 3225 3198 regnavit,
3287 3139 3346 3183 ut
3375 3128 3596 3196 Capito.

289 3227 292 3229 λ
360 3219 508 3272 liaao
541 3225 704 3287 atque
735 3216 856 3270 aliis
885 3214 1090 3269 mavult
1154 3217 1297 3282 apud
1324 3213 1583 3266 Sirmium
1627 3212 1920 3282 imperato.-
1949 3201 1992 3259 ε
2028 3214 2172 3269 littus
2203 3223 2393 3270 auctor
2421 3226 2503 3270 est
2537 3232 2554 3284 ;
2613 3231 2735 3270 nam
2781 3215 3073 3285 Eutropius
3099 3227 3153 3270 et
3207 3217 3393 3272 Victor
3432 3217 3599 3271 deba-

355 3326 470 3368 rem
501 3310 724 3366 abiisse.
748 3309 839 3363 Illa
875 3308 1142 3376 receptior
1176 3307 1335 3376 vulgo
1370 3308 1640 3361 sententia
1668 3317 1775 3361 est.

423 3400 542 3456 Col.
633 3401 759 3456 475.
841 3398 1154 3454 Connuodus
1221 3397 1377 3451 annis
1481 3414 1600 3453 xm.
1671 3397 1924 3453 Pressius

356 3509 486 3550 vero
512 3494 810 3564 Eutropius
843 3494 1199 3548 Commodum
1230 3496 1394 3548 trudit
1421 3508 1549 3547 ann.
1580 3492 1648 3546 i2
1685 3501 1800 3559 post
1829 3508 1928 3560 pa-

355 3598 512 3649 trem,
543 3595 590 3639 et
621 3586 653 3640 8
678 3601 842 3638 mens.
881 3585 1170 3654 imperasse
1218 3600 1236 3638 :
1281 3584 1489 3637 addunt
1541 3583 1634 3636 alii
1675 3581 1795 3636 dies
1840 3581 1927 3635 15.

361 3677 436 3730 De
467 3674 901 3744 ejus,triumplio
925 3674 993 3727 de
1027 3673 1316 3729 Germanis
1361 3673 1550 3728 confer
1596 3672 1930 3726 dissidentes

357 3769 605 3824 nonnihil
638 3767 776 3822 inter
795 3785 854 3823 se
883 3767 1276 3835 Lampridium,
1306 3764 1704 3832 Ilerodianum,
1736 3763 1931 3834 Xiplii-

359 3861 554 3925 linum,
589 3861 872 3931 ipsumque
902 3862 1247 3932 Eutropium.

430 3968 547 4022 Col,
611 3959 740 4014 4‘75.
821 3957 1054 4012 Therma:
1110 3953 1525 4008 Commodianre.
1588 3947 1934 4018 Lampridius

367 4072 530 4130 atque
565 4055 902 4134 Ilerodiaqps
930 4051 970 4105 1.
1011 4064 1086 4104 vn
1125 4055 1392 4102 testantur
1422 4059 1450 4098 a
1477 4041 1744 4097 Cleandro
1765 4041 1934 4094 multo

367 4161 488 4222 post
519 4151 569 4204 id
602 4132 882 4216 temporis,
913 4144 1028 4197 sive
1047 4141 1192 4194 circa
1210 4139 1275 4192 10
1292 4135 1573 4192 Commodi
1593 4147 1748 4198 ann.,
1769 4132 1936 4187 fuisse

366 4245 465 4298 bas
497 4241 742 4295 thermas
779 4237 1064 4290 excitatas.

435 4331 575 4387 Ibid.
627 4325 945 4384 Commodus
1025 4318 1395 4387 Septembrem.
1452 4311 1678 4382 Legerat
1731 4307 1938 4376 pridem

367 4423 636 4480 Pontacus
659 4418 949 4489 Septimum
994 4427 1091 4482 pro
1120 4407 1474 4474 Septembrem
1503 4420 1521 4457 :
1548 4402 1688 4472 quod
1723 4414 1940 4454 nomen.

2028 3307 2299 3362 bentillos
2345 3307 2463 3362 dies
2518 3317 2761 3375 septem,
2790 3316 2843 3362 et
2877 3309 3190 3378 octogesimo
3249 3309 3456 3378 imperii
3519 3310 3603 3360 die

2027 3413 2151 3453 eum
2217 3398 2439 3450 tradunt
2487 3398 2854 3450 interfectum.
2925 3396 3095 3450 Porro
3154 3399 3296 3465 quod
3353 3411 3602 3467 superest

2028 3487 2263 3558 spatium
2307 3487 2588 3556 temporis,
2621 3487 2862 3555 implevit
2888 3503 2952 3541 ex
2993 3500 3144 3554 parte
3201 3488 3393 3542 Didius
3425 3486 3600 3542 Julia-

2031 3595 2135 3634 nus
2164 3620 2179 3643 ,
2217 3579 2309 3648 qui
2341 3577 2702 3648 principatum
2736 3579 2824 3634 die
2859 3579 2928 3633 '58
2963 3579 3137 3633 Martii
3190 3581 3464 3650 lmjusmet
3490 3595 3602 3632 'au-

2031 3673 2086 3727 ni
2117 3687 2146 3725 a
2171 3670 2436 3726 militibus
2469 3679 2775 3739 acceptum,
2813 3688 2909 3740 per
2959 3672 3097 3726 duos
3128 3673 3256 3726 item
3295 3687 3511 3726 menses
3545 3682 3599 3724 rt

2033 3766 2270 3826 quinque
2293 3763 2425 3828 dies,
2457 3762 2572 3818 sive
2596 3763 2659 3816 ad
2682 3761 2948 3818 Kalendas
2976 3761 3372 3832 usquoluuias,
3404 3765 3600 3816 tenuit.

2035 3856 2201 3910 Paulo
2230 3867 2358 3910 ante
2389 3857 2507 3927 ejus
2531 3873 2738 3916 necem.
2773 3859 2889 3912 sive
2926 3872 3053 3911 ante
3077 3857 3204 3913 Idus
3262 3857 3446 3922 Maias,
3511 3857 3608 3910 Se-

2035 3963 2196 4002 verus
2221 3947 2273 4001 in
2315 3946 2594 4002 Pannonia
2621 3946 3017 4020 atquelllyrico
3043 3949 3219 4002 fuerat
3249 3948 3316 4002 ab
3361 3947 3604 4002 exercitu

2038 4041 2332 4108 imperator
2349 4041 2692 4110 appellatus;
2726 4042 2817 4094 sed
2853 4057 2958 4095 non
2995 4041 3098 4095 nisi
3136 4039 3237 4093 sub
3263 4040 3407 4094 Junii
3442 4038 3602 4091 finem

2039 4131 2250 4185 videtur
2275 4131 2484 4198 imperii
2505 4131 3023 4186 administrationem
3049 4146 3077 4184 a
3095 4139 3284 4184 senatu
3311 4143 3338 4182 a
3362 4128 3610 4196 cepisse.

2113 4224 2228 4279 Col.
2294 4224 2420 4277 475.
2505 4222 2766 4276 Pertimui:
2846 4222 3271 4292 septuagenario.
3354 4219 3611 4274 Fortasse

2045 4317 2229 4370 verius
2267 4315 2496 4370 dixisset
2523 4315 2866 4383 sexagenario
2901 4330 2919 4376 ;
2952 4329 3074 4366 nam
3113 4312 3228 4380 ipse
3285 4310 3610 4379 Eutropius,

2045 4424 2280 4478 quocmn
2332 4406 2490 4461 unice
2520 4407 2729 4459 videtur
2755 4405 3064 4468 convenire,
3099 4403 3248 4458 illum
3294 4403 3368 4455 ait
3399 4409 3613 4469 septua-

371 4514 732 4584 ipsojubente
783 4511 839 4564 in
891 4508 1053 4563 Curis
1113 4500 1524 4573 pesteriol'ibus.
1596 4505 1646 4551 Cl
1699 4501 2323 4576 Vt'ierumpgenariam
2385 4508 2593 4553 tantum
2648 4499 2886 4566 attigisse
2919 4506 3152 4551 wtatem.
3202 4494 3413 4564 Reliqui
3467 4506 3618 4548 certe

374 4621 572 4674 magno
601 4616 831 4658 numero
863 4601 1126 4655 librorum
1161 4593 1416 4663 sutiragio
1465 4589 1756 4645 accedente
1777 4625 1792 4650 ,
1855 4598 1944 4638 rc-

375 4699 674 4756 stituimus.
727 4693 793 4748 Et
836 4692 1032 4747 falsum
1093 4695 1274 4744 tamen
1323 4690 1422 4739 hoc
1473 4684 1648 4750 ipsum
1707 4691 1834 4745 est,
1901 4675 1948 4730 si

380 4790 533 4846 Dioni
569 4787 869 4850 credimus,
895 4786 988 4854 qui
1016 4796 1182 4836 novas
1242 4775 1634 4848 appellationes
1678 4769 1947 4825 mensium

379 4897 696 4944 recensens,
737 4879 805 4934 de
856 4877 972 4931 suis
1017 4869 1432 4943 cognominibus
1481 4864 1551 4919 ab
1604 4861 1804 4917 stolido
1861 4857 1952 4912 illo

381 4977 707 5043 imperatore
770 4968 1070 5040 impositas,
1115 4961 1952 5029 ostemlit‘Augustunrmensem

385 5070 730 5124 Commodum
757 5065 824 5118 ab
866 5079 932 5117 eo
962 5060 1069 5114 dici
1108 5058 1322 5128 jussum
1349 5094 1364 5118 ,
1416 5068 1522 5106 non
1555 5047 1952 5118 Septembrem.

387 5161 440 5213 Id
474 5175 634 5229 porro
682 5159 859 5226 ipsum
912 5148 1258 5220 Lampridius
1314 5143 1658 5214 comprobat,
1714 5138 1805 5193 ubi
1856 5137 1955 5229 ait,

385 5254 744 5324 rgoAugusto
766 5243 1132 5308 Commodum,
1170 5243 1464 5310 Augustum
1511 5250 1606 5302 pro
1647 5228 1955 5324 Segeni-bri,

392 5319 707 5394 ll'erculeum
746 5354 839 5407 pro
874 5333 1109 5394 Octobri,
1169 5339 1301 5391 etc.,
1346 5324 1663 5396 appellatos.
1731 5319 1964 5374 Faciunt

391 5433 747 5488 uitdlomiuus
791 5443 916 5484 cum
949 5423 1182 5482 Eusebio
1209 5430 1262 5476 ct
1291 5417 1620 5486 Hieronymo
1673 5409 1965 5480 Eutropius

392 5540 444 5582 et
466 5526 676 5582 Victor.

465 5619 598 5674 Ibid.
628 5613 1101 5686 Hierosolymis....
1145 5607 1508 5664 Dulichianus.
1559 5603 1616 5658 I‘n
1684 5596 1967 5656 Parmensi

398 5729 502 5768 ms.
537 5711 847 5766 Dulcionius
880 5709 970 5764 hic
989 5703 1318 5786 appellatur,
1345 5697 1728 5772 ettricesimus
1759 5693 1970 5764 primus

398 5807 602 5863 Didius.

2050 4595 2366 4663 scriptores,
2393 4591 2475 4646 vel
2503 4589 2592 4656 66,
2627 4598 2683 4643 ut
2715 4589 3078 4658 Capitolinus,
3101 4588 3203 4658 [vel
3230 4587 3318 4652 67,
3347 4595 3402 4640 ut
3432 4585 3619 4643 Victor

2051 4685 2103 4739 in
2135 4684 2379 4753 Epitome
2439 4680 2846 4750 ctXipliilinus,
2877 4696 3049 4735 annos
3094 4688 3302 4734 tantum
3350 4678 3618 4733 Pertinat-i

2051 4776 2378 4839 attribuunt,
2398 4787 2522 4828 cum
2541 4774 2919 4841 praefecturam
2945 4771 3105 4826 Urbis
3131 4779 3335 4840 ageret.

2125 4865 2261 4920 Ibid.
2299 4864 2480 4918 Romae
2507 4865 2871 4933 episcopatum
2897 4863 3136 4931 suscipit.
3176 4860 3410 4930 Opponit
3455 4859 3623 4915 Scali-

2055 4974 2150 5026 ger
2208 4955 2496 5026 Capitolini
2551 4955 2950 5018 testimonium,
3015 4953 3103 5006 ubi
3161 4953 3255 5011 ait.
3300 4950 3498 5004 Eadem
3539 4955 3626 5004 die

2055 5067 2158 5119 qua
2180 5053 2447 5119 Augustus
2479 5058 2554 5102 est
2580 5045 2892 5116 appellatus,
2932 5055 2980 5097 et
3015 5042 3199 5098 Flavia
3235 5043 3445 5097 Titiana
3493 5059 3627 5095 uxor

2059 5143 2172 5211 cjus
2214 5142 2452 5209 Augusta
2479 5150 2554 5192 est
2589 5139 2877 5204 appellata.
2913 5137 3016 5191 Sed
3073 5135 3318 5188 laborare
3353 5136 3626 5187 luxatione

2063 5251 2188 5288 cum
2230 5235 2428 5293 locum,
2472 5233 2607 5285 satis
2642 5229 2951 5293 manifesto,
2982 5239 3042 5282 ut
3066 5229 3196 5282 mihi
3229 5229 3446 5296 quidem
3478 5223 3626 5277 vide-

2065 5335 2174 5388 tur,
2208 5315 2790 5384 ostenditSalmasius,
2827 5319 2920 5390 qui
2957 5319 3029 5374 ita
3062 5319 3226 5373 etiam
3275 5315 3510 5370 restituit
3569 5322 3626 5366 ut

2065 5424 2119 5469 et
2154 5413 2365 5468 cieteris
2397 5410 2609 5466 mendis
2664 5419 2869 5477 careat,
2920 5419 2974 5464 et
3005 5407 3228 5462 minime
3253 5405 3318 5458 ad
3355 5401 3626 5456 Titianam

2069 5505 2356 5561 referatur.
2393 5505 2532 5559 Eum
2569 5503 2716 5559 adito
2762 5501 3085 5558 eruditionis
3137 5496 3298 5553 laude
3359 5495 3631 5550 hominem

2069 5599 2201 5653 nulli
2230 5597 2552 5652 secundum.

2143 5688 2280 5744 Ibid.
2317 5687 2592 5753 Pcrtinax,
2619 5686 2919 5742 obsecrante
2948 5690 3151 5736 senatu.
3199 5677 3406 5732 Dicitur
3448 5674 3634 5729 Victor

2071 5785 2233 5840 etiam
2261 5781 2644 5852 antiquissimo
2673 5776 2927 5850 scriptori
2959 5790 3121 5847 quem
3165 5771 3346 5845 laudat
3369 5769 3637 5826 Eusebius
