4014 6196
496 233 519 335 ῖ
563 237 703 307 1095

1832 236 2236 300 VALLARSH
2270 235 2509 297 NUTRE.

3596 246 3688 310 lilflii

556 359 613 413 in
646 356 850 413 Hister.
878 358 976 413 lib.
1007 375 1059 423 ν,
1097 375 1217 429 cap.
1243 361 1336 425 28,
1390 358 1844 430 τρισκαιδέκατος
1885 358 1991 413 ἀπὸ
2027 358 2132 410 [Ιέ-

2241 354 2409 408 fuisse
2450 354 2665 409 abhinc
2706 353 2940 408 triennio
2978 328 3425 413 Antonino-Severi
3459 357 3692 418 ῆιίοάιισιιο

556 467 691 521 τρου
719 452 776 504 ὲν
805 450 1332 523 Ῥώμῃὲπίσκοπος.
1388 450 1737 522 Pontilieattts
1778 459 1958 505 autem
2012 450 2130 519 ejus

557 543 708 598 initia
747 555 800 596 et
843 526 1014 599 tinent.
1037 545 1181 614 quod
1242 553 1476 613 spectat,
1527 542 1617 596 alii
1678 542 1731 596 in
1785 543 1888 596 alia
1948 541 2130 595 omnia

558 634 781 690 abeunt.
814 633 977 688 Liber
1007 638 1356 704 pontiﬁcalis,
1383 652 1545 705 quem
1593 646 1899 705 Sequuntur
1941 649 2131 687 recen-

559 726 753 780 tiorum
816 726 1151 796 pletique,a
1181 727 1460 780 consulatu
1529 726 1801 781 Commodi
1853 725 2035 794 quinto
2084 732 2132 776 et

560 813 862 881 Glabrionis
885 832 1009 869 eum
1046 817 1358 886 auspicatur
1385 830 1513 871 ante
1543 832 1716 870 annos
1738 815 1905 870 [erute
1925 827 2131 884 septem

558 910 627 961 ab
660 906 877 963 Eusebii
914 909 1251 964 rationibus:
1288 910 1546 979 ducitque
1565 924 1662 977 per
1691 924 1857 961 annos
1886 908 1973 969 l0,
1993 922 2136 960 men-

558 1014 641 1052 ses
671 999 881 1061 deies
908 998 1066 1063 10...,
1098 1016 1262 1070 usque
1302 1002 1370 1053 ad
1427 1000 1750 1054 Lateranum
1783 1011 1831 1052 et
1856 998 2129 1068 Ruﬁnum.

567 1088 779 1145 Exinde
809 1094 955 1146 docti
985 1089 1494 1163 chronologiaunos
1548 1091 1853 1158 solidosJS’.
1909 1092 2135 1161 diesque

559 1183 629 1238 10
662 1196 922 1253 praeterea
958 1181 1271 1254 supputant.
1312 1188 1689 1242 But-heriauus
1748 1188 2026 1257 catalogus
2077 1185 2129 1238 in

558 1277 846 1328 consulum
873 1278 1147 1332 nutatione
1183 1277 1396 1332 lnxatns
1416 1287 1912 1348 eorruptusqueeSL
1941 1293 1958 1346 ;
1998 1287 2135 1347 tem-
2162 1320 2166 1325 .

561 1381 666 1437 pus
692 1378 869 1422 tamen
898 1385 1007 1438 quo
1050 1371 1239 1426 Victor
1276 1372 1440 1439 sedit,
1491 1373 1646 1425 annis
1680 1371 1733 1436 9,
1769 1372 2032 1425 mensibus
2071 1371 2129 1434 ‘2,

558 1456 742 1512 diebus
771 1459 856 1522 lO,
891 1461 1190 1514 concludit.
1231 1460 1379 1514 Diem
1426 1462 1609 1517 obitus
1663 1462 1753 1516 alii
1783 1461 1852 1515 20
1888 1461 2093 1531 Aprilis
2115 1502 2128 1526 ,

559 1550 653 1604 alii
688 1550 758 1603 28
777 1549 903 1605 Julii
933 1552 1141 1622 illigant
1172 1555 1294 1607 :eui
1325 1554 1543 1622 quidem
1563 1554 1728 1609 etiam
1757 1555 1807 1606 itt
1828 1552 2131 1610 Ecclesias-

568 1643 695 1698 tieis
726 1643 922 1698 tabulis
950 1649 1208 1702 memoria
1244 1648 1393 1703 illius
1432 1650 1810 1723 consignatur.
1862 1648 2129 1702 Eusebius

2240 455 2349 500 tum
2378 463 2405 497 a
2438 454 2633 501 senatu
2658 443 2943 498 Iudaicum
2971 448 3301 515 triumﬂtum,
3354 451 3434 517 qui
3472 452 3526 505 ad
3573 456 3695 508 liuere

2238 538 2437 592 bellum
2472 538 2698 591 omnino
2724 537 3049 592 referendus
3079 548 3173 611 est.
3205 537 3376 611 Neque
3401 543 3695 610 probabilitate

2236 639 2384 683 caret
2436 627 2719 698 Judaicum
2782 630 2978 702 bellum
3014 608 3142 693 dici.
3183 608 3316 700 quod
3339 608 3542 704 iuVSyria
3573 636 3696 705 (qua:

2236 737 2265 775 a
2296 721 2540 776 Pescenii
2582 720 2828 790 partibus
2859 719 3083 790 stabat)
3132 732 3327 791 gestum
3357 734 3465 788 est;
3497 727 3695 796 siquidem

2238 812 2523 867 Palaestina
2549 854 2565 877 ,
2605 811 2914 867 .ludteorum
2938 826 3125 867 everso
3154 810 3258 882 jam
3288 830 3452 882 regno,
3485 818 3625 874 addita
3638 832 3699 876 est

2239 903 2433 975 Syriae,
2459 915 2625 971 atque
2655 902 2846 956 eodem
2884 901 3005 955 fere
3068 904 3279 958 nomine
3327 907 3530 975 regionis
3575 913 3698 965 venit.

2237 993 2559 1062 Quanquam
2600 1001 2653 1048 et
2684 992 2898 1065 proprie
2927 991 3261 1047 Palaestinam
3282 994 3461 1051 scimus
3482 1000 3700 1054 crudeliter

2240 1084 2442 1140 Severo
2475 1084 2736 1144 habitam,
2770 1083 2841 1138 ob
2865 1083 3014 1154 Nigri
3037 1084 3569 1141 causatu.\"ideitcrum
3584 1089 3701 1160 Spar-

2236 1176 2465 1232 tianum.

2313 1270 2446 1324 lbid.
2511 1267 2734 1324 Severus
2785 1270 3014 1326 Parthos
3035 1280 3084 1325 et
3125 1272 3422 1329 Adiabenos.
3480 1275 3701 1345 Eutropius

2240 1366 2292 1433 (a
2327 1379 2434 1434 quo
2490 1367 2809 1434 pronuntiat
2844 1365 3089 1435 Scaliger
3117 1364 3471 1438 Hieronymum
3516 1371 3604 1422 hac
3639 1380 3700 1423 to-

2240 1458 2403 1511 tidem
2433 1458 2614 1513 verbis
2668 1459 3051 1529 descripsisse)
3108 1459 3164 1514 in
3215 1474 3405 1528 nupera
3457 1467 3702 1516 recensione

2234 1547 2608 1618 Havercampii
2629 1550 2783 1621 juxta
2813 1551 3057 1607 melioris
3086 1561 3221 1607 nota!
3244 1552 3390 1607 codd.
3413 1553 3562 1617 iidem,
3581 1555 3701 1608 Adia-

2237 1638 2392 1693 benos
2432 1649 2596 1702 tacet.
2637 1656 2810 1710 neque
2849 1657 3013 1713 porro
3052 1644 3203 1698 addit
3249 1642 3431 1699 Severo
3471 1647 3702 1700 Adiabenict'

565 1734 707 1803 ipse,
764 1737 860 1792 lib.
929 1755 963 1792 ν
1010 1735 1332 1810 Hist.,‘cap.
1374 1742 1465 1809 ρο,
1536 1721 1698 1796 tradit
1753 1741 2129 1795 Eletttberium

2234 1744 2678 1801 cognomentum,
2729 1752 2849 1804 qua:
2877 1735 3064 1804 procul
3096 1735 3255 1789 dubio
3289 1751 3317 1791 e
3372 1736 3612 1806 Spartiano
3643 1741 3702 1791 iu-

558 1827 765 1881 obiisse
801 1830 868 1882 10
900 1847 1045 1883 anno
1076 1832 1358 1887 Commodi
1399 1834 1740 1901 imperatoris
1769 1834 1968 1905 (tribus
2023 1835 2134 1888 sci-

558 1918 680 1973 licet
710 1921 867 1976 annis
889 1932 1176 1992 antequam
1230 1925 1484 1980 l’et't’inax
1543 1926 1830 1997 imperium
1876 1942 2135 1996 capesse-

561 2022 644 2066 ret
685 2014 725 2080 ),
775 2024 827 2067 et
887 2023 1015 2067 tunc
1054 2016 1273 2085 quidem
1316 2016 1584 2073 Victorem
1634 2016 1951 2074 Eleutherio
2007 2036 2129 2074 suc-

558 2119 827 2160 cessorem
871 2106 1055 2160 datum

631 2196 770 2252 lbid.
813 2196 1075 2252 Pertinaa:
1108 2197 1390 2252 occiditur.
1423 2195 1625 2251 Tacent
1676 2196 1822 2252 istud
1888 2197 2132 2269 jurispeo

557 2289 649 2344 riti
703 2287 1018 2360 Eutropius,
1058 2291 1241 2345 Victor
1266 2290 1491 2360 aliique.
1535 2290 1680 2360 quod
1732 2298 1792 2344 ut
1834 2290 1959 2357 jure
2009 2290 2133 2345 addi

559 2385 752 2451 possit,
774 2395 983 2440 certum
1016 2395 1196 2439 tamen
1231 2393 1317 2439 est
1353 2399 1460 2437 tton
1502 2384 1669 2438 alium
1702 2400 1861 2454 quant
1917 2382 2130 2439 Didium

556 2474 835 2541 Julianttm
865 2476 1112 2546 intelligi.

629 2566 744 2619 Col.
807 2567 934 2622 478.
1012 2568 1254 2623 Severus.
1313 2567 1632 2623 Parmensis
1688 2583 1792 2623 ms.
1854 2581 1963 2621 uno
2013 2566 2133 2635 plus

557 2654 711 2719 dicit,
756 2659 872 2712 sive
919 2659 1073 2732 anuis
1126 2657 1212 2712 l9.
1258 2656 1510 2727 Scaliger
1567 2660 1620 2712 in
1683 2661 1795 2713 suis
1849 2675 1979 2713 mss.
2019 2659 2133 2713 haec

557 2749 718 2803 subdi
756 2750 1099 2805 notntzltleo
1126 2766 1301 2806 autem
1348 2753 1431 2806 ltic
1456 2754 1562 2805 duo
1612 2750 1742 2805 anni
1779 2753 1942 2823 positi
1987 2761 2130 2815 sunt,

556 2843 682 2911 quia
737 2845 1015 2909 superiore
1060 2861 1203 2898 anno
1234 2862 1329 2899 sea:
1374 2861 1577 2900 menses
1604 2846 1839 2915 regnarit
1881 2846 2129 2900 Severus.

558 2933 614 2985 In
643 2948 752 2987 uno
772 2932 941 3004 Bong.
977 2935 1138 3002 paulo
1158 2934 1352 2989 aliter:
1387 2951 1445 2988 eo
1477 2937 1615 3004 quod
1668 2935 1953 3001 superioris
2005 2949 2131 2987 aunt

556 3039 648 3077 sea:
671 3025 928 3078 mensibus
964 3029 1196 3095 regnauit
1228 3014 1446 3080 Seuerus
1479 3043 1496 3080 :
1531 3042 1651 3095 qua:
1713 3027 1892 3081 omnia
1924 3024 2133 3095 glossa-

557 3125 645 3169 tor
664 3114 731 3169 de
753 3131 854 3169 suo
886 3115 1113 3169 addi-lit.

629 3206 747 3260 Col.
770 3206 895 3262 477.
929 3207 1150 3263 Severus
1192 3210 1463 3275 prouincia
1527 3206 1881 3279 Tripolitaua.
1933 3208 2134 3264 Confer

533 3297 902 3368 Eutropium,
931 3315 960 3354 a
991 3315 1099 3369 quo
1133 3301 1247 3355 lucc
1278 3312 1466 3356 noster
1515 3301 1825 3370 descripsit,
1889 3302 2133 3369 Spartia-

557 3405 686 3444 num
749 3405 967 3461 quoque
1011 3391 1065 3445 in
1123 3388 1324 3448 Severo
1356 3407 1478 3462 cap.
1503 3392 1593 3458 18,
1642 3401 1696 3448 et
1716 3393 1885 3450 Notas
1923 3393 2130 3449 Casau-

556 3482 708 3537 ltoni.

627 3576 765 3630 lbitl.
824 3574 1207 3629 Narcissus....
1253 3573 1557 3645 Polycrates
1602 3591 1826 3646 quoque.
1881 3575 2133 3632 Mendose

470 3686 476 3694 '
555 3667 709 3734 olim,
752 3667 805 3722 in
834 3668 1093 3738 Sealigeri
1116 3682 1337 3738 quoque
1389 3667 1814 3735 exemplaribus,
1872 3668 2131 3738 Polycar-

554 3776 652 3829 pus
686 3772 801 3814 erat
831 3759 944 3814 loco
966 3735 1259 3830 i’olycratis
1287 3776 1307 3823 ;
1361 3759 1507 3827 quod
1548 3768 1728 3814 tamen
1790 3762 2045 3813 mendum
2078 3760 2131 3814 in

557 3854 704 3907 notis
755 3853 949 3908 doctus
993 3853 1133 3906 idem
1178 3856 1258 3906 \‘ir
1313 3850 1502 3916 cavit,
1539 3851 1819 3919 voluitque
1849 3862 2131 3929 praeterea

558 3947 739 4000 locum
771 3946 843 3999 ita
879 3945 1094 3999 restitui
1127 3960 1142 3999 :
1181 3943 1487 4013 Polycrates
1518 3960 1719 4016 quoque
1750 3938 1965 4010 Asiana:
2010 3961 2135 4014 pro-

557 4037 762 4103 vincite,
787 4047 837 4091 et
861 4037 1153 4106 Bacchylus
1207 4036 1603 4107 Corinthiorum
1663 4038 1977 4108 episcopus,
2023 4047 2131 4095 etc.

559 4128 878 4185 Postremus
906 4129 1009 4183 iste
1037 4129 1091 4182 in
1125 4145 1207 4198 pr.
1232 4127 1478 4183 Palatino
1513 4128 1815 4184 Braccillus
1839 4131 2134 4199 depravate

557 4223 799 4290 dicitur;
832 4222 1029 4285 Graeci,
1069 4231 1231 4292 atque
1292 4221 1409 4291 ipse
1465 4219 1736 4277 Eusebius
1782 4221 2082 4294 Βακχῑλλον
2116 4262 2132 4286 ,

557 4333 682 4371 cmn
736 4320 951 4386 gemina
981 4316 1011 4368 λ
1042 4316 1248 4377 littera,
1285 4315 1552 4371 set-ibunt.
1588 4315 1761 4370 Latini
1797 4324 2007 4382 autem,
2040 4315 2131 4369 id-

2164 3063 2208 3122 ϐ

2240 1822 2374 1878 farta
2424 1825 2715 1880 dicuntur:
2744 1827 2797 1881 in
2826 1828 3049 1897 reliquis
3099 1829 3257 1883 etiam
3285 1827 3501 1884 nonnihil
3556 1831 3702 1884 (lilii-it.

2237 1916 2295 1972 In
2327 1918 2527 1972 nostris
2557 1934 2711 1984 mss.,
2740 1928 2869 1976 utet
2900 1921 3143 1975 laudatis
3170 1920 3425 1991 Scaligcro
3452 1932 3581 1992 atque
3602 1923 3702 1981 aliis.

2236 2008 2537 2072 Azabenes.
2566 2019 2620 2064 ct
2642 2027 2765 2065 mox
2794 2010 3128 2066 Azabenicus
3162 2014 3406 2082 scriptum
3429 2021 3500 2067 est
3539 2028 3589 2066 es
3612 2009 3705 2066 Ai;-

2239 2099 2377 2166 licag,
2406 2109 2461 2152 ut
2489 2101 2697 2169 volunt,
2729 2101 2943 2157 dialeCti
2982 2103 3434 2173 pronuntiatione.
3477 2104 3571 2165 Oua
3593 2104 3643 2158 de
3666 2119 3704 2154 re

2238 2208 2382 2262 saepe
2409 2192 2542 2246 alias
2574 2193 2836 2260 diximus,
2859 2203 2914 2250 et
2943 2196 3105 2251 initio
3135 2194 3442 2266 epistolreﬁi
3473 2197 3528 2250 ad
3565 2193 3707 2251 Eusto-

2238 2288 2422 2342 chium
2457 2326 2472 2341 .
2501 2286 2657 2353 Quod
2689 2288 2762 2342 rei
2792 2296 3051 2356 caputest
3081 2329 3097 2354 ,
3130 2291 3243 2345 haec
3269 2290 3558 2346 recentiores
3591 2288 3706 2344 chro-

2239 2377 2448 2448 tmIOgi,
2484 2387 2539 2432 et
2569 2386 2754 2434 ttOSter
2789 2379 3150 2437 Blanehinius
3180 2397 3243 2437 es
3267 2382 3481 2436 nummis
3510 2377 3707 2449 apudllt-o

2237 2467 2560 2523 diobarbum
2590 2511 2606 2537 ,
2657 2480 2806 2541 gesta
2870 2472 3122 2530 referunt
3200 2458 3319 2530 ante
3375 2458 3632 2536 biennium;
3671 2480 3709 2524 et

2237 2571 2387 2617 certe
2427 2564 2602 2619 altero
2632 2573 2727 2618 aut
2757 2566 2919 2621 tertio
2969 2568 3193 2638 imperii
3245 2569 3325 2623 sui
3371 2582 3497 2621 anno
3542 2564 3709 2617 Severus

2238 2651 2639 2721 expeditionem
2684 2657 2736 2710 in
2779 2656 3015 2711 Parthos
3048 2668 3219 2727 atque
3258 2658 3537 2712 Adiabenos
3577 2668 3709 2707 sese"

2236 2750 2412 2814 perat,
2428 2746 2686 2803 Arabiam
2722 2764 2937 2820 quoque
2959 2749 3203 2805 Felicem
3240 2751 3587 2806 devastat-erat.
3617 2746 3709 2799 Fara

2241 2847 2383 2893 lasse
2416 2849 2593 2897 autem
2630 2839 2903 2897 Eusebius
2931 2843 3272 2913 triumphum
3300 2845 3384 2912 qui
3426 2843 3563 2895 hocce
3609 2853 3709 2890 anno

2238 2931 2305 2985 de
2332 2931 2572 2997 Parthis,
2599 2933 2919 2998 Adiabenis,
2949 2944 3092 3000 etc..
3121 2937 3296 3000 victis.
3329 2934 3568 2989 Antonino
3589 2932 3713 2985 Cata-

2239 3028 2394 3079 calla:
2421 3024 2608 3082 Severi
2644 3026 2754 3080 lilio
2779 3043 2809 3081 a
2842 3038 3034 3083 senatu
3070 3029 3320 3085 decretus
3340 3038 3435 3088 est.
3470 3033 3608 3079 notat.

2310 3117 2444 3171 lbid.
2503 3117 2695 3185 Severo
2745 3122 3118 3189 imperante...
3160 3120 3509 3191 Septizonium.
3557 3120 3603 3174 In
3631 3117 3715 3170 aliis

2235 3206 2388 3261 libris
2415 3206 2779 3275 Septizodiutn
2809 3210 2990 3280 legere
3020 3221 3136 3274 est,
3167 3213 3309 3282 quod
3341 3222 3390 3267 et
3414 3211 3657 3265 Salmasius
3672 3208 3708 3259 in

2239 3300 2533 3354 vetustiore
2586 3300 2835 3357 Palatino
2889 3306 3090 3360 codice
3158 3307 3335 3360 haberi
3397 3306 3709 3360 adnotarent.

2233 3406 2546 3461 quanquam
2604 3395 2709 3450 hoc
2749 3406 2914 3464 negat
2949 3397 3453 3453 Sclsurzﬂeischius.
3499 3394 3621 3461 Quod
3652 3389 3712 3444 alii

2234 3479 2357 3534 libri
2391 3482 2593 3537 habent
2622 3482 2990 3552 Septidonum,
3028 3488 3379 3543 amanuensis
3401 3488 3562 3540 vitium
3607 3480 3715 3535 ride-

2237 3581 2344 3627 tur.
2394 3572 2471 3627 Ne
2537 3574 2744 3630 diutius
2811 3577 2965 3633 hisce
3025 3577 3402 3639 immorentur,
3436 3577 3572 3635 vide.
3613 3571 3712 3641 ⁴1¹¹⁰ί¹

2234 3675 2288 3721 et
2365 3665 2858 3727 Schurzlleisebius
2930 3682 3161 3741 monet,
3214 3671 3482 3729 Mabillonii
3524 3670 3609 3725 lter
3643 3664 3719 3717 liae

2235 3760 2423 3814 licunt.

2307 3855 2444 3911 lbid.
2492 3854 2671 3913 Romae
2704 3866 2924 3927 quartus
2966 3855 3228 3911 decimus.
3252 3852 3467 3910 Biennio
3493 3858 3609 3910 ante,
3640 3844 3719 3898 sive

2235 3948 2339 4003 sub
2372 3950 2658 4003 Consulatu
2690 3948 2815 4003 Tib.
2847 3945 3141 4003 Saturnini
3196 3946 3335 4002 etC.
3358 3942 3500 4005 Galli,
3539 3936 3719 3993 referunt

2236 4038 2529 4110 Zephyrini
2561 4041 2885 4094 electionem
2918 4032 3138 4107 antiqui
3181 4036 3483 4109 pontiﬁcum
3508 4024 3718 4095 catalogi:

2236 4146 2268 4184 e
2297 4147 2530 4201 quorum
2566 4132 2844 4206 notatione
2892 4130 3255 4186 Blanchinius
3300 4132 3478 4194 infert,
3514 4134 3617 4177 tunc
3641 4115 3719 4188 pri-

2240 4239 2388 4278 mum
2426 4223 2596 4279 fuisse
2623 4224 2693 4279 ab
2719 4238 2786 4279 eo
2816 4223 3028 4280 Pascha
3061 4226 3415 4287 celebratum,
3443 4234 3547 4275 cum
3571 4215 3720 4269 electu!

2233 4317 2345 4385 i‘lm
2396 4316 2592 4372 fuisset
2645 4317 2735 4373 die
2783 4316 2856 4373 25
2911 4315 3254 4385 Septembris
3308 4317 3426 4370 anui
3479 4303 3719 4379 superioris.

556 4426 665 4478 que
698 4409 934 4472 rectius.
970 4407 1309 4477 Ilaec/igtur».
1342 4407 1473 4473 Qum
1505 4407 1859 4476 subsequitur
1882 4407 2135 4477 periocha
2171 4413 2212 4467 Ι)
2247 4408 2442 4464 Verum
2482 4412 2644 4463 etiam
2700 4407 2923 4464 biennio
2966 4418 3024 4464 et
3070 4411 3262 4465 decem
3314 4404 3564 4463 mensibus
3605 4404 3720 4463 Si?”

557 4499 627 4554 de
682 4496 929 4553 Candide
976 4496 1413 4552 Christianorum
1473 4496 1850 4566 disputatore,
1890 4496 2124 4565 gltalico

560 4592 880 4646 charactere
931 4588 1212 4651 distincta,
1275 4589 1328 4640 in
1387 4589 1589 4641 nostris
1629 4584 1761 4643 mss.
1792 4604 1902 4644 non
1959 4590 2133 4645 babe-

561 4695 673 4748 tur,
723 4692 775 4737 et
829 4698 859 4735 a
911 4679 1191 4749 Sealigero
1260 4680 1508 4734 exsulare
1564 4680 1689 4736 hinc
1742 4681 1983 4751 penitus
2008 4679 2130 4750 jus-

563 4797 621 4835 su
651 4787 755 4836 est.

630 4870 1091 4936 Ibid.Qutestione
1134 4879 1251 4923 orta
1310 4870 1366 4923 in
1411 4870 1558 4923 Asia.
1615 4869 1731 4926 lluc
1783 4871 2131 4927 referendum

558 4967 783 5020 omnino
816 4977 898 5020 est
930 4965 1215 5034 ipsiuSmet
1248 4963 1468 5017 Eusebii
1508 4964 1714 5019 llistor.
1757 4965 1851 5019 lib.
1914 4982 1969 5027 γ,
2010 4981 2130 5034 cap.

557 5060 649 5122 23,
686 5075 748 5114 ex
790 5074 902 5128 quo
935 5061 1061 5113 item
1081 5058 1320 5126 suppleri
1363 5057 1550 5112 Grmea
1584 5056 1736 5110 nullo
1767 5059 1983 5127 negotio
2039 5074 2137 5126 pn-

559 5163 594 5209 ιι
618 5163 765 5209 runt.

629 5242 765 5298 lbid.
818 5243 1100 5296 Iudaicum
1138 5252 1187 5295 et
1224 5242 1631 5297 Satttarilicum.
1686 5239 1792 5295 Pro
1848 5239 2136 5295 Samariti-

557 5349 675 5387 cum
699 5347 809 5389 tres
839 5332 1067 5387 Palatini
1100 5350 1228 5387 mss.
1267 5332 1648 5395 Sarmaticum.
1682 5350 1822 5388 unus
1874 5332 2132 5387 Parmen-

558 5425 637 5482 sis
657 5435 837 5481 notum
867 5442 965 5496 pro
995 5436 1171 5479 ortum
1207 5425 1371 5497 legit:
1400 5427 1486 5481 ubi
1512 5437 1688 5481 tamen
1738 5443 1858 5479 cum
1896 5423 2136 5491 Scalige-

561 5531 626 5569 ro
656 5516 888 5586 aliisque
913 5517 1077 5573 editis
1101 5517 1255 5572 libris
1308 5519 1715 5572 rescribendum
1769 5528 1851 5572 est
1912 5527 2133 5571 malum.

560 5606 782 5676 Mirum,
820 5603 987 5680 hujus
1017 5610 1262 5666 historia:
1283 5625 1461 5680 neque
1490 5610 1542 5664 in
1596 5610 1875 5666 Edessena
1898 5612 2132 5669 \(illl‘Olt.

560 5701 891 5766 mentionem
922 5718 1070 5767 esse.
1120 5703 1187 5761 Et
1248 5703 1518 5763 discimus
1562 5712 1741 5761 tamen
1773 5719 1803 5760 e
1845 5702 2135 5774 Spartiauo

2237 4499 2458 4555 Eusebii
2506 4501 2747 4555 rationes
2795 4499 2980 4554 sedem
3038 4500 3362 4563 obtinuisse,
3393 4496 3567 4552 docent
3603 4487 3720 4541 iidem

2236 4600 2450 4646 veteres
2506 4591 2756 4661 catalogi,
2814 4601 2869 4646 et.
2920 4591 3247 4663 cbronologi
3295 4586 3618 4645 recentiores.
3659 4571 3724 4643 σιυί

2235 4682 2356 4752 ejus
2406 4683 2731 4754 martyrium
2771 4682 2842 4738 26
2892 4683 2980 4739 die
3027 4682 3161 4739 Julii
3215 4684 3500 4752 assignant,
3539 4687 3652 4730 coss.
3679 4666 3721 4720 Co

2219 4775 2426 4832 .Brutio
2455 4774 2750 4842 Prmsente,
2779 4784 2836 4830 et
2857 4775 2922 4831 T.
2946 4774 3150 4831 Messio
3182 4775 3452 4831 Extrieato
3474 4764 3724 4825 secundum.

2237 4867 2343 4921 Alii
2384 4866 2455 4921 26
2496 4867 2728 4936 Augusti
2785 4866 3000 4933 dicunt,
3055 4881 3167 4936 qua
3225 4867 3349 4921 item
3398 4862 3479 4916 die
3526 4847 3724 4910 memoria

2238 4961 2357 5029 ejus
2392 4960 2445 5012 in
2480 4957 2740 5014 Et-clesiis
2793 4959 2972 5029 agitur
3009 4975 3023 5011 :
3061 4959 3155 5012 alii
3200 4958 3270 5012 20
3300 4951 3596 5013 Decembris,
3626 4939 3727 4998 utin

2240 5054 2488 5110 vetustis.
2520 5054 2731 5124 aliquot
2782 5052 3227 5124 Martyrologiis,
3284 5061 3441 5119 atque
3491 5044 3584 5101 illo.
3625 5030 3726 5102 (ιιιυά

2243 5147 2554 5218 Hieronymi
2591 5146 2764 5201 audit.
2793 5145 3021 5201 Constat
3050 5154 3234 5200 tamen
3272 5144 3381 5212 ipse
3404 5139 3497 5195 sibi
3528 5128 3729 5218 Eusebius

2240 5240 2293 5293 in
2320 5238 2487 5307 ,Hist.
2550 5239 2646 5293 lib.
2673 5257 2742 5306 v,
2800 5253 2921 5305 cap.
2978 5237 3068 5301 ‘28,
3138 5238 3231 5292 ubi
3285 5235 3566 5288 ordinatum
3612 5216 3728 5273 tradit

2241 5331 2607 5403 Zepltyriuttm
2639 5333 2786 5400 ἀμφὶ
2824 5333 2884 5384 τὸ
2926 5332 3148 5385 ἔννατον
3206 5332 3301 5399 τῆς
3343 5326 3563 5394 Σεεήρου
3619 5317 3729 5376 iact—

2240 5426 2386 5488 λείχς
2410 5426 2548 5487 ἔτος,
2583 5442 2723 5477 anno
2748 5425 3078 5494 principatus
3113 5422 3292 5477 Severi
3319 5419 3516 5472 circiter
3533 5422 3643 5464 nono
3686 5403 3727 5451 ΑΙ

2243 5518 2339 5572 lib.
2369 5532 2443 5580 vn,
2479 5531 2604 5585 cap.
2635 5515 2728 5581 2|,
2753 5516 3006 5569 eumdem
3035 5514 3233 5569 scribit
3264 5512 3364 5565 vita
3396 5501 3729 5590 iuuclutttanut1

2242 5611 2417 5682 primo
2452 5580 2741 5681 Elagabali,
2777 5624 2900 5666 euut
2926 5609 3064 5677 ὅλῳς
3096 5605 3457 5661 ὀκτωκαίδεκα
3484 5580 3725 5682 Euan?“

2243 5705 2324 5758 dis
2360 5705 2516 5759 annis
2552 5704 2838 5758 octodecim
2879 5700 3239 5757 sacerdotium
3291 5694 3591 5753 obtinuisset.
3625 5678 3727 5736 ΙΙιιικ
