3974 6192
271 337 414 406 1097

1536 347 1934 408 VALLAliSll
1978 353 2216 413 NOTAE.

3379 352 3512 414 12“.“8

268 455 580 525 pontiﬁcem
621 469 722 510 cur
754 455 807 511 in
837 455 1038 513 Gnecis
1069 456 1184 514 suis
1207 456 1567 516 Collectaneis
1595 461 1835 530 Scaliger
1865 472 1906 526 Α
1938 477 2051 518 sam
2089 462 2305 532 penitus
2337 475 2364 515 a
2400 460 2582 516 Hiram
2621 460 2790 518 fuisse
2829 461 2970 517 hanc
3000 459 3308 530 periocham
3341 474 3512 518 uolat.

269 549 705 618 praetermiserit.
738 565 846 604 non
875 550 1050 606 rideo.

339 638 459 694 Col.
489 639 615 693 478.
649 639 1021 695 Persecutione
1055 642 1108 695 in
1153 642 1508 697 Christianos.
1542 642 1659 698 lluc
1693 642 1830 696 refe-

268 736 475 781 vn-u'us
505 732 731 785 numine
779 732 930 786 locus
973 744 1058 788 est
1103 732 1413 805 Hieronymi
1467 735 1558 788 lib.
1597 736 1663 788 de
1696 735 1838 790 Viris

270 815 342 876 ιιι
378 822 584 874 stt'ibus
605 835 726 888 cap.
750 823 820 876 54
848 839 864 876 :
887 822 1202 892 Origenes...
1224 823 1428 879 decimo
1459 824 1634 880 Severi
1664 825 1838 916 1³9·ιὶ-

274 910 422 962 nacis
462 927 603 964 anno
638 914 910 966 adversum
953 913 1276 969 Christianos
1311 917 1665 986 persecutione
1699 910 1840 969 com-

276 1012 444 1066 mota,
476 1021 508 1056 a
542 1003 774 1060 Leonide
801 1017 971 1075 patre,
1028 1009 1225 1062 Christi
1263 1012 1514 1083 martyrio
1567 1021 1833 1076 coronato,

273 1113 392 1148 cum
416 1112 510 1149 sea:
539 1097 796 1165 fratribus
823 1111 872 1152 et
903 1110 1070 1154 matre
1099 1103 1258 1155 uidua
1277 1116 1475 1168 pauper
1497 1104 1838 1172 relinquitur,

272 1201 442 1237 annos
480 1196 637 1240 natus
670 1189 879 1241 circiter
915 1189 1091 1242 decem
1119 1199 1168 1244 et
1197 1202 1413 1258 septem,
1443 1204 1553 1245 etc.
1598 1192 1841 1262 Scaliger

272 1277 460 1330 subdit
493 1276 618 1332 huic
659 1279 930 1346 periochae
974 1281 1360 1350 grandioribus
1397 1282 1594 1338 litteris
1638 1283 1838 1350 Quinta

273 1364 606 1435 Persecutio,
633 1385 792 1440 quem
821 1371 1064 1438 titulum,
1099 1383 1157 1426 ut
1186 1383 1242 1428 et
1273 1375 1511 1443 reliquos
1544 1375 1837 1446 ejusmodi,

272 1458 528 1529 ignorant
559 1475 689 1515 mss.
720 1468 886 1530 atque
916 1463 1043 1516 editi
1079 1463 1336 1518 meliores
1372 1465 1522 1520 libri.

341 1549 463 1605 Col.
510 1552 635 1606 477.
670 1552 970 1608 ιιιιεὶαηιιι.
1006 1554 1064 1608 In
1096 1553 1374 1609 Parmensi
1413 1573 1516 1610 ms.
1581 1559 1840 1611 Continna

269 1641 539 1696 orationis
591 1644 733 1697 serie
783 1643 1002 1698 additur
1065 1645 1138 1698 al.
1196 1644 1494 1709 Musonius,
1555 1655 1718 1714 atque
1769 1649 1840 1701 ita

267 1732 491 1800 quidem
523 1743 578 1786 et
607 1733 660 1787 in
695 1734 872 1801 primo
901 1733 1147 1790 Palatino
1179 1737 1391 1796 codice,
1428 1747 1562 1792 teste
1590 1736 1836 1790 δοιιυιιο

2004 553 2120 608 Col.
2160 552 2285 610 480.
2345 554 2714 608 Antoninus...
2759 552 2936 608 Seueri
2976 552 3147 620 ﬁlius.
3189 553 3510 610 Addidimus

1939 659 2005 698 ex
2041 645 2320 700 Parmensi
2371 660 2472 700 ms.
2512 653 2674 714 atque
2710 645 2870 699 editis
2895 644 3167 713 plerisque
3201 643 3325 700 aliis
3355 645 3510 700 libris

1940 749 2062 804 qua:
2092 735 2319 789 deerant
2345 735 2530 798 verba,
2589 733 2766 789 Seueri
2795 734 2964 803 ﬁlius.
2999 733 3287 790 Maluimus
3318 747 3500 791 autem

1939 842 2062 880 cum
2135 825 2371 881 Pontaco
2407 835 2463 882 et
2529 826 2738 882 Latinis
2794 826 2936 888 aliis.
2997 829 3266 897 praecipue
3323 839 3502 882 autem

1941 933 2065 973 cum
2129 915 2364 988 Syncelli
2423 917 2646 984 Grzecis,
2718 932 2891 974 annos
2972 921 3172 988 quibus
3233 921 3511 975 Caracalla

1943 1024 2201 1080 regnasse
2248 1008 2474 1074 dicitur,
2514 1020 2704 1078 putare
2728 1020 2943 1076 septem,
2969 1027 3073 1064 non
3096 1014 3308 1080 expleto
3335 1023 3512 1066 tamen

1945 1102 2046 1156 hoc
2105 1099 2316 1163 ultimo,
2369 1104 2467 1156 sed
2533 1110 2741 1155 tantum
2777 1101 3049 1156 inchoato.
3084 1102 3307 1156 Constat
3342 1103 3514 1155 enim-

1941 1209 2071 1249 vero
2132 1208 2256 1248 eum
2309 1193 2504 1248 diebus
2560 1195 2756 1248 saltem
2807 1193 3014 1261 aliquot
3080 1195 3229 1260 (nam
3260 1202 3388 1249 sunt
3419 1193 3514 1263 qui

1943 1294 2156 1340 tantum
2197 1293 2432 1352 quatuor
2465 1283 2851 1353 annumerenl)
2913 1296 3131 1339 sextum
3183 1301 3387 1339 annum
3423 1300 3516 1338 ex-

1941 1375 2196 1430 cessisse.
2231 1373 2528 1442 Eutropius
2565 1375 2704 1428 duos
2738 1374 2952 1428 videtur
2979 1390 3195 1430 menses
3225 1375 3467 1444 adjicere
3494 1414 3510 1439 ,

1942 1466 2218 1534 defunctus
2273 1475 2371 1526 est.
2405 1465 2682 1534 inquiens,
2737 1481 2878 1518 anno
2909 1465 3116 1532 imperii
3141 1477 3311 1531 sexto,
3344 1482 3520 1522 mense

1940 1559 2187 1612 secundo.
2278 1557 2475 1626 Pagius
2526 1573 2590 1612 ex
2645 1557 2814 1610 Dione
2869 1559 3006 1611 duos
3071 1567 3327 1626 praetcrea
3404 1559 3519 1612 dies

1944 1647 2145 1700 addit:
2184 1662 2285 1700 nec
2343 1658 2584 1701 moratur
2632 1645 2980 1717 Spartianum
3052 1651 3150 1703 hac
3199 1648 3249 1701 in
3304 1663 3362 1701 re
3412 1649 3514 1702 sibi

1948 1739 2169 1793 minime
2221 1747 2584 1794 constantem.
2619 1737 2785 1808 Igitur
2831 1738 2922 1808 qni
2969 1749 3296 1793 sextantum
3345 1755 3518 1793 annos

267 1820 540 1888 ﬂeischio,
581 1825 906 1894 appellatur.
941 1827 1079 1881 Vide
1123 1828 1398 1881 laudatum
1449 1827 1608 1890 modo
1647 1827 1839 1883 Hiero.
1874 1811 1915 1869 Β
1944 1828 2248 1891 ascribunt,
2279 1844 2416 1897 quos
2449 1829 2588 1882 inter
2635 1837 2690 1882 et
2744 1828 3054 1883 Parmensis
3119 1845 3223 1882 ms.
3291 1839 3394 1894 cst,
3462 1844 3516 1882 et

269 1916 418 1982 nyini
472 1915 670 1969 librum
704 1915 773 1972 de
815 1915 957 1974 Viris
1010 1919 1316 1976 illustribus
1369 1935 1488 1990 cap.
1523 1921 1614 1988 51,
1645 1933 1703 1977 et
1741 1938 1841 1978 nos

268 2005 372 2062 ibi.

336 2096 476 2152 lbid.
514 2095 706 2164 lnjioc
727 2115 868 2153 anno
888 2099 1180 2167 iubittcum.
1213 2100 1454 2172 Scaliger
1476 2102 1564 2158 hic
1584 2103 1840 2174 grandio-

267 2187 425 2244 ribus
472 2188 669 2244 litteris
705 2192 774 2245 ad
814 2192 956 2246 tituli
1019 2193 1190 2247 instar
1253 2195 1562 2263 periocham
1618 2197 1843 2264 apponit

265 2279 536 2348 ejusmodi
567 2297 582 2334 :
621 2279 686 2336 In
727 2283 824 2336 hoc
857 2300 999 2341 anno
1049 2282 1326 2339 Jobeleum
1362 2303 1394 2339 a
1427 2287 1715 2357 majoribus
1750 2289 1838 2340 in-

263 2371 504 2426 uenimus
531 2372 895 2439 observatum,
927 2377 982 2428 id
1013 2387 1110 2434 est,
1144 2376 1453 2430 duodecimo
1484 2393 1621 2430 anno
1661 2377 1840 2432 Severi

267 2472 321 2518 et
360 2462 469 2518 252
503 2465 841 2520 Antiocheme
873 2467 1040 2521 urbis.
1078 2467 1208 2533 Quae
1256 2469 1420 2522 verba
1469 2479 1522 2524 et
1575 2467 1842 2523 Pontacus

265 2556 486 2627 quidem
543 2558 595 2611 in
646 2559 931 2612 nonnullis
993 2574 1126 2612 mss.
1187 2559 1413 2622 invenit,
1463 2559 1557 2614 sed
1617 2561 1841 2614 meliore

267 2662 401 2703 usus
449 2649 705 2714 consilio,
757 2658 1018 2718 tanquam
1071 2649 1368 2703 ailvcntitia
1426 2650 1655 2718 respuit.
1699 2648 1842 2704 Sunt

266 2755 402 2795 vero
435 2748 489 2795 et
520 2741 754 2796 absurda
791 2757 804 2795 :
839 2756 960 2794 nam
999 2742 1145 2809 quod
1177 2739 1394 2795 Eusebii
1421 2741 1837 2796 hallucinaiiuni

267 2833 514 2897 Scaliger
564 2834 775 2897 tribuit,
828 2843 887 2888 ut
938 2834 1217 2888 Jobeleum
1279 2835 1386 2889 huc
1436 2834 1658 2898 referat,
1712 2827 1836 2886 cum

266 2927 474 2983 nullum
508 2927 743 2996 potuerit
771 2926 1031 2982 celebrari
1078 2941 1251 2996 neque
1275 2926 1575 2980 secundum
1601 2925 1839 2980 rationes

263 3016 551 3084 Judaicas,
601 3033 778 3087 neque
813 3018 1115 3073 secundum
1167 3015 1542 3082 Ensebianas,
1595 3015 1718 3081 hoc,
1756 3016 1839 3069 in-

263 3127 452 3181 quam,
485 3121 687 3167 temere
719 3111 870 3176 facit,
921 3126 1096 3182 neque
1127 3109 1238 3166 veri
1268 3109 1507 3180 speciem
1545 3108 1707 3163 ullam
1742 3108 1837 3162 ha-

1947 1921 2088 1974 docti
2147 1929 2269 1989 post
2335 1920 2669 1990 Scaligerum
2725 1935 2832 1974 non
2891 1922 3068 1988 pauci,
3103 1921 3318 1974 veritati
3382 1911 3521 1973 non!

1946 2011 2080 2064 nihil
2149 2011 2460 2077 detrahunt,
2525 2020 2579 2064 et
2638 2013 2869 2066 multum
2921 2011 3022 2067 sibi
3069 2013 3123 2066 in
3159 2017 3513 2082 consequenti

1943 2098 2317 2169 serienegotii
2349 2099 2654 2156 facessunt.
2707 2101 2970 2172 Scaliger,
3036 2108 3097 2156 ut
3146 2103 3215 2156 de
3275 2103 3377 2157 hoc
3411 2121 3516 2156 uno

1944 2188 2143 2254 dicam,
2179 2197 2403 2244 coactus
2467 2198 2574 2254 est,
2640 2193 3037 2259 subsequentes
3072 2191 3311 2259 reliquas
3338 2194 3514 2262 olym-

1945 2278 2132 2348 piades
2185 2281 2362 2334 solido
2406 2295 2552 2336 anno
2602 2282 2962 2350 posthabere:
3021 2290 3079 2337 ut
3117 2284 3206 2352 qui
3239 2286 3515 2339 secundus

1945 2380 2029 2422 est
2064 2369 2116 2424 in
2149 2379 2335 2423 nostra
2397 2370 2736 2436 recensione,
2768 2371 3004 2441 primum
3043 2372 3130 2427 ille
3160 2375 3516 2444 uniuscujus-

1945 2474 2050 2530 que
2081 2459 2403 2529 Olympiadis
2437 2461 2619 2516 faciat.
2678 2462 2830 2516 Adeo
2890 2463 3140 2518 laborant
3190 2466 3332 2534 apud
3389 2483 3513 2520 eum

1945 2551 2208 2623 continuo
2241 2552 2399 2606 unius
2429 2553 2556 2606 anni
2581 2555 3083 2610 melacltronisuto:
3136 2558 3282 2625 quod
3317 2566 3375 2611 ut
3410 2573 3518 2611 uno

1943 2644 2190 2713 etinnplo
2234 2644 2598 2698 denoustren
2627 2684 2644 2709 ,
2715 2643 3091 2710 Censorinus,
3147 2647 3214 2702 de
3268 2648 3360 2703 Die
3408 2646 3517 2701 Na-

1948 2733 2036 2786 tali
2095 2747 2218 2801 cap.
2271 2732 2360 2796 54,
2417 2747 2607 2786 necem
2664 2732 2942 2786 Maximini
2981 2738 3050 2786 ad
3101 2750 3298 2786 annum
3331 2751 3520 2787 secun-

1886 2823 1890 2827 ’
1944 2829 2078 2878 dum
2141 2825 2465 2895 Olympiadis
2525 2824 2632 2880 254
2673 2824 2856 2888 refert,
2911 2827 3002 2894 qui
3068 2827 3119 2879 in
3171 2827 3518 2896 Scaligeranu

1957 2916 2273 2972 recensione
2325 2933 2431 2971 non
2502 2918 2798 2984 secundus,
2855 2916 2950 2972 sed
3014 2921 3220 2986 primus
3268 2930 3350 2972 est
3399 2924 3519 2985 0th

1944 3009 2267 3080 olympiadis
2300 3024 2496 3063 annus.
2538 3009 2792 3063 Dicemus
2823 3008 2893 3064 ibi
2931 3007 3166 3062 fortasse
3214 3009 3312 3063 hac
3369 3009 3435 3061 de
3465 3025 3520 3062 ro

1949 3104 2165 3156 iterum.
2190 3153 2216 3178 ο

1865 3179 1906 3238 C
2010 3192 2128 3246 Col.
2169 3159 2310 3258 579.
2375 3192 2673 3246 Antoninus
2732 3159 3038 3248 (Iaracalla.
3092 3191 3295 3247 Confer
3354 3192 3519 3265 Spar-

265 3309 400 3350 vero
432 3294 700 3349 Lucensis
731 3308 860 3357 ms.,
893 3294 985 3347 sed
1017 3292 1082 3346 sd
1115 3290 1239 3346 libri
1275 3305 1450 3345 oram.

340 3388 473 3442 Ibid.
522 3386 708 3445 Clodio
753 3385 1017 3438 Albino...
1063 3382 1263 3438 uallum
1303 3398 1398 3452 per
1451 3396 1622 3436 cuit.
1679 3379 1836 3450 Apud

264 3481 616 3550 Entropinm,
650 3495 681 3533 a
723 3493 832 3548 quo
882 3478 1063 3531 locum
1101 3477 1267 3530 istum
1305 3475 1516 3530 videtur
1563 3473 1832 3541 Hiemny-

264 3589 390 3629 mus
439 3573 732 3636 delibasse,
775 3569 828 3624 in
867 3569 1302 3625 accuratioribus
1359 3566 1638 3635 plerisque
1680 3564 1837 3617 libris

265 3681 391 3720 cum
423 3663 602 3728 editis,
642 3675 755 3719 tum
793 3677 952 3724 mss-.,
990 3669 1130 3715 utet
1162 3658 1305 3728 apud
1355 3654 1746 3712 Cassiodorum
1783 3664 1836 3708 et

267 3753 566 3821 Victorem,
601 3755 899 3812 centenarii
935 3765 1060 3809 nota
1090 3767 1198 3808 non
1236 3751 1486 3816 habetur,
1523 3763 1645 3820 quae
1667 3748 1832 3804 etiam

263 3866 568 3920 repugnare
599 3847 814 3902 videtur
856 3845 1045 3901 Dionis
1075 3853 1131 3899 et
1158 3842 1430 3913 Spartiani
1475 3839 1830 3900 testimoniis,

260 3945 545 4014 ipsiusque
599 3941 677 3995 rei
707 3939 943 3994 veritati.
984 3937 1102 3992 Non
1127 3939 1297 4000 enim,
1341 3933 1828 4004 iuquitHearnius,

261 4045 414 4088 tanta
465 4042 544 4087 est
581 4032 787 4087 insulae
852 4045 919 4086 eo
975 4030 1076 4084 loci
1126 4028 1290 4098 (inter
1335 4026 1514 4081 ltume
1576 4026 1830 4078 nimirum

256 4129 575 4183 esuiarium
615 4135 668 4180 et
699 4123 850 4178 Tino:
879 4122 1098 4189 ostium)
1126 4118 1378 4184 latitudo,
1410 4116 1622 4172 etiamsi
1651 4115 1828 4184 ipsum

257 4218 662 4272 aniractnosum
727 4213 869 4268 muri
909 4213 1130 4267 ductum
1185 4209 1565 4262 ascendentem
1631 4213 1688 4259 et
1738 4205 1832 4257 de-

254 4310 606 4364 srendentem
636 4304 1000 4377 persequaris,
1041 4300 1186 4370 quod
1223 4301 1265 4354 si
1325 4299 1488 4352 etiam
1542 4299 1596 4351 in
1645 4295 1828 4350 ltalica

255 4404 511 4458 milliaria
563 4398 828 4462 resolvas,
879 4396 1043 4466 paulo
1107 4393 1227 4462 plus
1274 4407 1437 4460 quam
1474 4389 1565 4454 80,
1593 4399 1654 4441 nt
1681 4395 1829 4442 recte

1946 3287 2177 3351 tinuum,
2211 3293 2264 3338 et
2302 3285 2568 3339 Victorem
2601 3291 2912 3354 utrumque,
2971 3286 3024 3338 in
3078 3285 3410 3353 Cmsaribus,
3469 3296 3519 3338 et

1945 3395 1997 3430 ιη
2063 3379 2334 3448 Epitome.
2403 3388 2455 3430 et
2523 3377 2810 3430 doctorum
2891 3380 2943 3431 in
2997 3393 3092 3432 eos
3159 3370 3519 3448 interpretum

1941 3469 2143 3523 Notas.
2187 3469 2283 3524 llis
2313 3469 2450 3524 addc
2487 3469 2808 3534 Eulmpium
2847 3471 2912 3521 ad
2974 3470 3397 3538 subsequentem
3429 3486 3518 3538 pe-

1943 3564 2186 3617 riochaut
2248 3563 2316 3616 de
2355 3562 2606 3616 thermis.
2652 3561 2754 3615 Pro
2783 3561 3175 3626 Antoniniana',
3212 3569 3328 3614 erat
3359 3562 3518 3614 Amo-

1941 3651 2137 3706 nianw.

2009 3743 2126 3800 Col.
2163 3742 2288 3798 480.
2325 3742 2627 3796 Antoninus
2679 3752 2790 3794 tam
2839 3740 3142 3809 impatiens.
3188 3743 3358 3809 Atque
3397 3741 3512 3794 lure

1939 3837 2149 3905 accepit
2174 3835 2538 3906 Hieronymus
2561 3835 2628 3888 ab
2654 3833 2919 3903 Eutropio
2952 3851 2965 3886 :
3002 3836 3104 3887 iste
3135 3850 3162 3887 a
3202 3833 3516 3902 Spartiann.

1937 3931 2028 3999 qui
2051 3931 2214 3982 etiam
2244 3927 2444 3982 Victori
2480 3927 2773 3997 persuasit,
2797 3926 2999 3981 Juliam
3025 3940 3316 3980 novercam
3343 3926 3514 3982 fuisse

1935 4021 2268 4085 Caram-alltc,
2312 4035 2417 4074 non
2469 4029 2722 4080 matrem,
2773 4031 2827 4073 et
2865 4033 3026 4087 porro
3083 4019 3300 4072 ductam
3349 4020 3418 4072 ab
3448 4036 3513 4074 co

1909 4127 2186 4171 uxorem.
2223 4112 2324 4179 Qui
2374 4117 2440 4165 ab
2479 4112 2581 4167 hac
2640 4121 2788 4167 stant
2840 4113 3120 4182 opinione,
3183 4125 3278 4164 seu
3331 4113 3513 4180 potius

1934 4217 2285 4270 commento,
2351 4205 2607 4258 Martium
2650 4205 2837 4258 dicunt
2894 4215 3125 4257 matrem
3186 4202 3501 4266 Caracalltr,

1931 4298 2131 4352 Juliam
2171 4314 2299 4352 vero
2335 4298 2506 4352 Getae.
2540 4294 2642 4349 Sed
2680 4295 2874 4363 reliqui
2903 4295 3218 4362 scriptores,
3250 4304 3303 4348 et
3334 4295 3505 4350 Graeci

1933 4409 2145 4458 omnes,
2175 4391 2478 4462 Oppianus,
2520 4391 2640 4450 Dio,
2679 4387 3052 4450 Herodianus,
3092 4387 3458 4441 Philostratus
3491 4427 3505 4447 .

256 4493 568 4550 numeravit
620 4491 969 4562 Spartianus,
1027 4486 1270 4557 colligas.
1310 4481 1502 4538 Procul
1530 4481 1696 4536 dubio
1724 4480 1825 4534 itao
1858 4511 1903 4570 ο
1934 4487 2152 4555 aliique,
2184 4486 2301 4555 pari
2347 4498 2619 4538 consensu
2670 4480 2871 4534 Julian)
2911 4481 3208 4547 Augustam
3234 4517 3251 4542 ,
3288 4496 3407 4570 qua:
3453 4489 3507 4534 et

252 4604 363 4659 que
404 4585 750 4640 librariorum
786 4582 917 4636 vitio
963 4573 1175 4633 numeri
1221 4573 1672 4646 quinquagenarii
1736 4572 1822 4626 illa

255 4689 386 4735 nota
417 4680 471 4732 in
503 4674 836 4746 quibusdam
897 4672 1181 4727 codicibus
1237 4669 1454 4736 penitus
1502 4665 1727 4728 omissa,
1771 4666 1822 4715 in

253 4771 381 4825 aliis
411 4784 534 4823 cum
572 4777 696 4821 nota
729 4764 1028 4820 centenarii
1091 4761 1256 4832 (quod
1320 4758 1482 4812 facile
1539 4756 1656 4811 fieri
1727 4769 1822 4822 po-

254 4864 384 4932 tuit)
445 4869 777 4918 commutata
822 4855 944 4910 fuit.
1005 4853 1188 4908 Mirari
1246 4849 1604 4904 nihilominus
1653 4845 1820 4907 subit,

250 4956 346 5026 qui
399 4955 623 5016 factum,
684 4961 741 5004 ut
794 4946 1096 5026 pervaserit
1145 4943 1314 4998 libros
1339 4956 1531 4997 omnes
1561 4938 1825 5009 Hierony-

252 5025 490 5108 misnos,
523 5057 698 5112 eoque
750 5027 919 5109 magis
969 5025 1261 5092 nonnullos
1307 5033 1579 5102 Eutropii,
1627 5047 1656 5085 a
1715 5047 1823 5101 quo

252 5137 454 5193 Noster
509 5135 713 5189 hausit.
775 5132 1030 5187 Orosium
1091 5135 1147 5183 et
1204 5126 1485 5195 sequiorcs
1529 5124 1666 5178 alios
1691 5123 1823 5176 nihil

251 5246 456 5286 moror.
491 5227 732 5294 {Tempus
773 5225 916 5295 quod
948 5229 1177 5292 spectat,
1219 5218 1430 5273 malunt
1459 5217 1601 5270 docti
1661 5216 1823 5268 chro-

250 5323 436 5393 nologi
470 5331 681 5392 gestum
724 5321 775 5372 in
805 5317 993 5372 Severi
1024 5329 1224 5367 annum
1254 5311 1529 5366 decimum
1581 5314 1817 5370 sextum,

248 5418 430 5471 autin
469 5420 788 5484 sequentem
838 5407 1078 5462 differre.
1118 5402 1253 5460 Vide
1288 5402 1508 5473 Pagiunt
1549 5409 1606 5454 et
1656 5398 1822 5451 Blan-

245 5509 522 5564 clliniunt.

324 5602 460 5653 Ibid.
529 5598 752 5653 Seuerus
809 5594 1054 5647 moritur.
1116 5587 1259 5643 Edili
1319 5585 1646 5641 vetustiores
1696 5583 1819 5638 libri

253 5693 539 5749 Eburaci:
596 5691 806 5762 primus
846 5686 1124 5740 Palatinus
1179 5695 1280 5734 ius.
1337 5677 1582 5738 Oboraci,
1641 5677 1820 5729 minus

242 5789 426 5853 bene,
490 5793 628 5839 teste
695 5775 1183 5839 Schurzfleisi'hio,
1251 5771 1340 5843 qui
1387 5778 1442 5825 ct
1495 5768 1820 5840 praetermis-

565 5878 838 5938 Ρλτιιοι..
891 5868 1142 5932 XXVII.

1931 4576 2140 4633 Domna
2175 4578 2318 4630 dicta
2349 4585 2452 4637 est,
2485 4574 2748 4628 Antonini
2778 4572 3093 4637 Caracalla’,
3120 4572 3260 4625 sicut
3281 4582 3334 4625 ct
3358 4569 3506 4624 Getzu

1931 4683 2154 4724 matrem
2194 4669 2418 4732 faciunt,
2457 4681 2636 4736 neque
2682 4669 2951 4721 incestum
2987 4667 3088 4718 hoc
3125 4663 3339 4717 facinus
3379 4680 3506 4734 pro-

1927 4762 2042 4815 b:-is
2070 4759 2420 4829 perditissimi
2442 4757 2788 4826 imperatoris
2813 4758 3123 4809 accensrnt.
3157 4755 3356 4808 Eadem
3392 4757 3502 4809 haec

1927 4862 2008 4904 est
2037 4851 2177 4906 Julia
2209 4851 2261 4903 in
2301 4850 2523 4919 antiqua
2575 4848 2930 4917 inscriptione
2969 4847 3122 4898 Alba:
3170 4845 3328 4898 Julia:
3357 4850 3502 4900 iltlt'l'

1926 4944 2283 4998 Gruterianas
2309 4958 2428 5012 pag.
2467 4942 2520 5003 6,
2557 4957 2719 5009 quam
2746 4956 2804 4995 se
2833 4937 3118 5008 professus
3145 4948 3224 4989 est
3252 4935 3497 5004 St-aliger

1928 5051 2034 5087 non
2069 5033 2392 5100 intelligere,
2423 5044 2476 5084 et
2508 5041 2564 5084 ut
2595 5040 2923 5100 quaererent,
2961 5029 3316 5095 chrOuolo,;is
3367 5046 3497 5082 eru-

1927 5126 2053 5179 ditis
2072 5135 2123 5178 et
2144 5125 2489 5193 antiquitatis
2515 5121 3001 5192 investigatoribus
3028 5124 3331 5191 proposuit.
3353 5120 3465 5174 Tan
3483 5150 3498 5160 -

1931 5218 2038 5270 tnla
2067 5233 2148 5270 res
2179 5232 2397 5269 crucem
2434 5230 2651 5268 summo
2680 5215 2799 5268 viro
2836 5214 2970 5266 fixit.
3013 5211 3140 5266 Vide
3173 5213 3495 5267 Szilirasium

1927 5311 1978 5363 ili
2010 5310 2162 5363 Notis
2196 5311 2261 5361 ad
2295 5309 2575 5361 laudatum
2604 5308 2881 5375 Spartiani
2919 5306 3118 5368 locum,
3153 5321 3202 5374 p.
3233 5303 3352 5356 H2.

1996 5403 2132 5458 Ibid.
2162 5404 2452 5454 Antoninus
2483 5400 2826 5467 interﬁcitur.
2851 5400 3145 5453 Subdurlis
3168 5397 3494 5451 rationibus.

1926 5493 2109 5547 malim
2171 5494 2324 5546 llioni
2352 5533 2366 5556 ,
2409 5493 2500 5562 qui
2544 5492 2630 5546 illa
2691 5500 3018 5561 tempestate
3070 5489 3302 5550 vivi-bat,
3345 5495 3398 5539 et
3428 5485 3492 5538 ad

1921 5596 2126 5637 certum
2160 5584 2210 5637 id
2243 5599 2403 5638 nosse
2428 5591 2664 5653 poterat,
2702 5584 2860 5637 fidem
2885 5581 3143 5634 adbibere
3175 5593 3190 5632 :
3223 5577 3368 5629 solos
3401 5591 3498 5625 au-

1921 5683 2028 5727 tem
2114 5676 2203 5728 ille
2269 5675 2519 5729 attribuit
2571 5672 2864 5728 Caracalla:
2914 5684 3087 5724 annos
3129 5669 3252 5722 vita:
3303 5667 3495 5736 viginti

1923 5781 2136 5821 novem.
2172 5767 2533 5837 Hieronymus
2568 5765 2635 5820 ab
2662 5762 2922 5834 EutrOpio
2972 5761 3228 5825 sumpsit,
3263 5759 3351 5814 hie
3381 5774 3486 5812 au-

3071 5856 3150 5917 35
