4014 6196
465 354 607 418 ιουρ

1733 328 2133 394 νΛιλΑιιδιι
2160 325 2390 387 ΝΟΤίΕ.

3572 317 3703 381 ιιοῠ

466 482 573 523 ιυιιι
606 483 635 519 a
664 459 973 533 Spartiano,
1005 468 1164 524 quem
1198 449 1393 506 falsum
1416 462 1482 503 eo
1510 444 1611 500 loci
1641 459 1782 508 esse,
1814 443 2026 511 sibique
2057 452 2099 507 Α
2132 450 2287 502 cano,
2312 434 2401 503 qui
2434 432 2680 485 historias
2709 429 2763 483 in
2795 428 3022 498 quinque
3055 424 3202 481 libris
3234 426 3532 496 descripsit.
3553 429 3724 495 Atque

468 560 692 613 minime
744 561 1015 613 constare,
1057 546 1247 614 l‘agius
1292 541 1549 600 ostendit.
1587 537 1721 594 Vide
1747 551 1800 593 et
1829 536 2030 591 Casau-

336 648 349 667 ‘
414 693 420 699 .
468 652 667 706 bonum
703 646 769 699 ad
810 639 1084 714 Spartiani
1112 636 1447 694 Caracallatn
1481 649 1603 702 cap.
1635 631 1690 686 9.

536 741 657 796 Col.
692 732 822 792 479.
850 730 1230 803 Abgarus,.oir
1266 736 1501 781 sanctus.
1533 722 1748 783 Mirum,
1793 718 1895 772 hoc
1935 715 2033 770 de-

467 847 615 888 mum
648 843 791 883 anno
839 838 1016 896 regem
1065 820 1283 875 Edessa:
1325 814 1616 878 nominari,
1648 825 1756 882 quo
1806 821 2031 877 regnum

467 925 804 980 Edessenutn
840 918 999 972 ﬁnem
1030 912 1260 982 accepit.
1295 911 1387 963 Sic
1412 908 1557 963 enim
1590 906 1839 959 laudatus
1870 901 2038 954 Asse-

468 1018 650 1073 ntanio
675 1012 1004 1069 vernaculus
1026 1017 1218 1063 auctor
1239 1001 1522 1059 constituit
1545 996 1842 1066 Dionysius
1866 991 2034 1047 laco-

468 1111 705 1167 bitarum
756 1100 1067 1176 patriarcha
1111 1098 1168 1152 in
1203 1094 1477 1150 Chronico
1513 1106 1529 1145 :
1564 1087 1880 1142 lnchoatum
1934 1081 2034 1151 [ait

350 1236 361 1239 ι
468 1218 689 1275 regnum
711 1200 1091 1254 Edessenorum
1113 1187 1408 1260 Olympiade
1432 1184 1555 1248 161,
1575 1181 1723 1236 desiit
1741 1177 2037 1247 Olympiade

466 1270 596 1351 24—9.
624 1294 690 1347 Et
716 1290 947 1345 inferius
976 1285 1041 1340 ad
1069 1298 1272 1338 annum
1298 1279 1529 1333 Abrahae
1547 1274 1724 1329 2233:
1756 1271 1852 1324 llic
1872 1270 2034 1324 etiam

472 1401 688 1456 regnum
723 1380 1116 1434 Edessenorum
1166 1372 1408 1435 cessarit,
1435 1368 1574 1439 quod
1605 1367 1758 1420 annis
1791 1362 2032 1417 trecentis

471 1477 858 1550 quinquaginta
881 1472 1083 1526 duobus
1115 1469 1423 1521 duraverat.
1446 1461 1522 1515 Ab
1546 1460 1639 1513 Itoc
1661 1472 1779 1512 vero
1809 1466 2038 1524 tempore

466 1546 710 1637 deinteps
751 1565 1007 1620 Romanis
1051 1559 1280 1630 subjecti
1311 1558 1543 1627 fuerunt.
1581 1551 1791 1618 Quibus
1815 1546 2033 1619 quidem

468 1660 697 1717 indicari
731 1674 933 1712 annum
968 1653 1201 1724 primum
1237 1646 1536 1721 Elagabali,
1585 1642 1834 1698 laudatus
1873 1640 2032 1693 Asse-

468 1753 688 1809 tnanius
712 1758 886 1805 notat.
915 1745 1221 1802 Conciliare
1255 1750 1436 1795 autent
1470 1735 1650 1791 studet
1681 1748 1803 1787 cum
1843 1731 2035 1793 Dione,

468 1843 559 1912 qui
585 1841 678 1894 lib.
706 1852 911 1901 Lxxvn,
933 1835 1002 1890 de
1023 1829 1297 1886 Antonino
1319 1825 1602 1884 Caracalla
1633 1821 1825 1878 scribit
1856 1837 1871 1875 :
1899 1818 2033 1873 Cum
2066 1819 2107 1874 Β

470 1936 541 1989 ad
573 1934 744 2002 ipsum
771 1939 1026 1997 tanquam
1050 1925 1120 1979 ad
1148 1925 1379 1977 amicum
1406 1921 1653 1987 Augarus
1686 1929 1779 1968 rex
1808 1912 2034 1969 Osrohe-

470 2041 658 2080 norum
710 2021 952 2083 uenisset,
993 2019 1042 2072 ei
1065 2015 1224 2086 ﬁdem
1267 2014 1461 2084 fregit,
1505 2007 2036 2077 comprehensumque

468 2103 694 2187 conjecit
732 2110 783 2169 iri
824 2110 1057 2173 vincula,
1093 2118 1142 2164 et
1189 2106 1508 2162 Osroltenem
1555 2117 1674 2171 rege
1722 2097 2033 2152 destitutam

468 2214 655 2282 capit;
693 2220 824 2263 tunc
875 2205 1046 2264 enim.
1103 2198 1248 2270 quod
1304 2206 1357 2252 et
1404 2192 1759 2249 Tillemontio
1836 2187 2033 2255 placet,

470 2276 868 2358 Edessenorttm
895 2310 1061 2365 regno
1092 2293 1217 2346 linis
1238 2288 1452 2344 videtur
1477 2283 1784 2354 impositus.
1813 2276 2031 2334 Dissidii

469 2398 586 2451 haec
615 2403 698 2450 est
732 2407 840 2447 una
872 2403 1058 2444 causa.
1095 2385 1245 2440 Inter
1277 2390 1611 2452 postremum
1636 2372 1950 2437 Caracallat,
1982 2376 2036 2424 et

470 2490 705 2563 primum
746 2481 1041 2554 Elagabali,
1089 2474 1453 2557 intermedius
1495 2483 1685 2524 annus
1720 2463 1873 2535 regni
1921 2462 2036 2517 Ma-

472 2558 634 2646 crini.
673 2579 771 2651 ipsi
815 2579 1108 2647 deputatus
1150 2582 1229 2627 est
1258 2565 1574 2638 Elagabalo,
1620 2562 1714 2631 qui
1748 2558 2033 2629 imperium

470 2690 654 2739 suum,
687 2650 745 2729 ut
776 2671 974 2740 Pagius
1000 2673 1175 2729 notat,
1210 2663 1279 2717 ab
1319 2659 1566 2730 ejusdem
1597 2654 1725 2710 anni
1767 2650 2036 2723 principio

472 2765 744 2836 auspicari
772 2763 960 2825 voluit,
985 2776 1094 2833 quo
1126 2758 1193 2813 ad
1224 2758 1404 2826 ipsum
1438 2768 1468 2806 a
1497 2748 1741 2804 Macrino
1780 2745 2037 2797 Romana:

470 2832 713 2934 legiones
752 2832 1070 2914 defecerunt
1104 2868 1120 2911 :
1150 2852 1488 2920 adeptusque
1525 2840 1835 2911 imperium,
1875 2832 2039 2903 jussit

470 2921 695 3007 macrini
728 2963 924 3004 nomen
947 2961 977 3001 e
1008 2943 1189 3000 Fastis
1214 2938 1427 3000 abradi,
1452 2946 1727 3001 suumque
1752 2921 2034 2988 substitui,

474 3044 703 3114 perinde
747 3053 910 3108 atque
955 3038 1096 3107 ipse,
1149 3048 1259 3088 non
1291 3027 1587 3088 Macrinus,
1620 3021 2035 3087 subsequentem

474 3137 720 3210 proxime
746 3149 776 3188 a
804 3129 1098 3187 Caracallte
1122 3133 1298 3179 morte
1322 3133 1528 3174 annum
1556 3111 1881 3185 aperuisset.
1913 3105 2039 3161 Ideo

474 3201 683 3299 ;t05|um
741 3223 943 3281 ascribi
991 3231 1045 3277 et
1085 3227 1358 3290 postremo
1410 3207 1722 3271 Caracallaa,
1764 3214 1817 3258 et
1865 3201 2040 3272 primo

473 3296 746 3393 iilagabali
796 3315 970 3389 potuit
1011 3311 1156 3369 :sed
1204 3323 1335 3366 vero
1389 3305 1634 3377 pressius
1656 3316 1733 3393 ex
1782 3296 2073 3393 Africano,

476 3388 744 3471 Eusebius
798 3388 870 3481 (si
918 3405 1255 3478 propositum
1305 3406 1421 3454 erat
1466 3392 1666 3465 Angari
1729 3388 2040 3445 historiam.

471 3524 539 3565 ac
593 3508 765 3563 latum
803 3499 1070 3557 Edesseni
1112 3493 1262 3566 regni
1297 3484 1612 3557 atmotasse)
1641 3482 1864 3539 Maerini
1906 3490 2038 3533 tent-

475 3600 698 3672 poribns
745 3594 991 3667 illigavit.
1045 3590 1312 3645 Caeterum
1364 3583 1419 3637 in
1456 3580 1768 3635 Pontacena
1803 3571 2043 3629 editione

474 3669 618 3748 male
670 3691 915 3760 Aggarus
967 3683 1231 3752 scriptum
1292 3686 1410 3734 erat
1480 3688 1579 3744 pro
1632 3669 1898 3739 Avgarus,
1950 3672 2045 3716 aut

472 3786 735 3856 Abgarus,
766 3778 908 3851 quod
942 3778 1085 3832 idem
1122 3780 1228 3829 est.
1435 3820 1440 3825 .

542 3848 682 3931 ibid.
729 3848 940 3926 Marcus
982 3864 1226 3921 Aurelius
1256 3857 1574 3915 Antoninus.
1608 3851 1802 3908 Iisdem
1844 3848 2044 3902 Eutro-

471 3969 599 4038 pius
627 3964 831 4027 verbis,
855 3962 911 4017 in
943 3973 1103 4028 quem
1130 3954 1332 4008 videsis
1358 3948 1693 4006 recentiores
1717 3944 2044 4008 interpretes

471 4028 761 4117 bellarium
790 4064 952 4120 atque
986 4047 1307 4119 llearnium.
1337 4041 1443 4097 Sed
1470 4051 1522 4093 et
1550 4035 1759 4092 nummi
1794 4028 2048 4088 SACEll-

474 4149 630 4207 DOS.
664 4147 799 4202 DEI.
833 4142 1048 4200 SOLIS.
1084 4132 1468 4194 ELAGABAL.
1503 4128 1751 4196 inscripti
1786 4132 1936 4179 sunt.

544 4244 682 4300 ibid.
706 4239 887 4296 Roma:
912 4236 1272 4307 episcopatum
1297 4224 1540 4294 suscipit.
1571 4220 1679 4274 Αιιί
1708 4234 1775 4272 ex
1803 4213 2046 4285 antiquis

474 4337 748 4395 Calt'xlum
780 4340 996 4386 vocant.
1029 4321 1418 4394 SUpcraddunt
1448 4314 1858 4370 Bucclterianus
1891 4316 2043 4363 cata-

475 4435 632 4501 logus
659 4438 714 4484 et
760 4425 898 4479 liber
933 4415 1293 4477 Pontiticalis,
1329 4425 1531 4465 menses
1563 4407 1696 4460 duos
1726 4415 1772 4458 et
1806 4403 1916 4456 dies
1951 4401 2042 4453 de-

2139 529 2241 580 boc
2306 535 2387 579 est
2426 523 2569 593 quod
2610 537 2674 576 es
2715 520 2822 574 alio
2869 517 3183 573 testimonio
3222 528 3411 583 urget,
3452 528 3507 571 et
3556 517 3727 585 culp:

2142 616 2333 673 tribuit
2371 613 2606 668 Eusebio
2660 610 2937 681 Scaliger,
2992 608 3085 679 qui
3117 621 3224 661 non
3277 607 3570 670 intellexit,
3624 622 3727 674 quo

2144 712 2259 767 haec
2296 719 2454 780 pacto
2469 706 2793 763 conveniant.
2825 722 2839 759 :
2878 702 2935 756 Si
2964 704 3109 757 enim
3132 741 3148 764 ,
3186 699 3397 770 inquit,
3434 701 3730 763 imperator

2139 803 2444 859 Alexander
2485 798 2710 855 deduxit
2758 798 2898 852 banc
2944 795 3241 857 coloniam,
3274 789 3554 861 quomodo
3585 804 3729 841 anno

2143 905 2339 967 quarto
2377 891 2635 949 Antonini
2660 888 2935 960 Elagabali
2962 888 3014 941 id
3078 885 3271 955 potuit,
3319 882 3543 952 quando
3589 894 3730 932 non-

2136 987 2264 1041 dum
2295 991 2413 1039 erat
2450 976 2783 1051 imperator?
2835 976 3017 1042 Quare
3055 983 3110 1029 et
3140 987 3361 1028 causam
3422 969 3732 1024 hallucina-

2139 1074 2306 1140 tionis
2364 1070 2583 1126 Eusebii
2624 1069 2767 1123 hanc
2820 1065 3258 1123 comminiscitur
3313 1061 3496 1129 :quia
3534 1069 3732 1128 quarto

2136 1175 2281 1216 anno
2338 1154 2938 1227 Elagsbaliﬁlricanus
2979 1151 3292 1208 Cbronicon
3338 1162 3497 1203 suum
3552 1144 3736 1200 tenui-

2135 1251 2305 1316 navit,
2359 1249 2652 1305 Eusebium
2690 1247 2787 1315 qui
2825 1245 2927 1299 hoc
2986 1243 3218 1298 habebat
3262 1242 3317 1297 in
3359 1240 3568 1302 animo,
3602 1251 3731 1291 con-

2135 1341 2341 1397 i‘udisse
2390 1349 2607 1409 tempus
2657 1336 2934 1392 terminati
2989 1332 3249 1404 Chronici
3301 1346 3426 1385 cum
3477 1338 3729 1396 tempore

2135 1433 2364 1491 coloniae
2407 1430 2675 1487 deductae.
2728 1428 2896 1482 Plana
2949 1434 3090 1493 erat,
3144 1425 3191 1480 si
3241 1423 3387 1492 quod
3435 1430 3561 1476 erat
3620 1435 3730 1483 res,

2145 1525 2340 1582 luisset
2373 1532 2683 1579 assecutus.
2729 1520 2866 1576 Vera
2901 1534 3063 1575 causa
3095 1527 3198 1582 est,
3224 1530 3386 1586 quam
3422 1513 3729 1583 attigimus.

2135 1631 2235 1674 cur
2261 1616 2352 1670 alii
2377 1614 2442 1669 ad
2484 1612 2876 1676 Alexandrum,
2906 1608 3100 1665 Noster
3124 1612 3191 1663 ad
3218 1606 3490 1682 Elagabali
3515 1615 3725 1679 postre-

2138 1723 2227 1764 ma
2271 1717 2534 1777 tempora.
2584 1705 2721 1761 satis
2759 1705 2978 1774 quidem
3022 1711 3170 1756 recte
3218 1712 3429 1770 gestum
3468 1698 3729 1753 maluerit

2138 1802 2360 1857 referre.
2391 1799 2752 1855 Cassiodorus
2780 1812 3024 1866 quoque,
3069 1794 3170 1848 His
3202 1809 3340 1847 coss.
3400 1780 3728 1862 (Ειεςεδειιςὶ

2149 1902 2207 1949 et
2275 1892 2604 1956 Alexandro)
2656 1891 2711 1942 in
2756 1886 3047 1942 Palaestina
3090 1885 3380 1954 Nicopolis,
3435 1899 3556 1953 quc
3584 1887 3729 1951 prius

2138 1984 2393 2039 Emmaus
2434 1982 2740 2044 vocabatur,
2790 1979 2913 2033 urbs
2944 1979 3157 2033 condita
3186 1987 3284 2031 est.
3326 1974 3438 2029 Nec
3475 1975 3727 2029 dissentit

2143 2080 2259 2147 ipse
2309 2075 2435 2129 alibi
2465 2074 2826 2142 Hieronymus
2847 2071 2940 2124 lib.
2985 2070 3053 2124 de
3083 2068 3224 2125 Viris
3264 2065 3578 2120 Illustribus
3608 2078 3728 2130 capo

2136 2170 2205 2225 95
2238 2181 2255 2223 :
2282 2168 2461 2222 Julius
2492 2165 2847 2236 Africanus...
2900 2162 2994 2215 sub
3026 2162 3341 2230 imperatore
3372 2157 3450 2210 Μ.
3512 2156 3727 2210 Aurelio

2135 2260 2397 2317 Antonino
2428 2257 2759 2328 (Elagabalo)
2802 2255 2893 2324 qui
2929 2255 3170 2307 Macrino
3204 2258 3549 2307 successerat.
3573 2247 3720 2317 lega-

2138 2351 2333 2402 tionem
2359 2363 2454 2416 pro
2489 2344 2878 2401 instauratione
2897 2340 3038 2393 urbis
3058 2337 3311 2392 Emmaus
3327 2334 3579 2403 suscepit,
3617 2347 3732 2401 qua

2136 2448 2316 2507 postea
2348 2436 2617 2501 Nicopolis
2647 2432 2916 2503 appellata
2954 2439 3053 2485 est.

2212 2528 2350 2584 ibid.
2395 2528 2696 2581 Antoninus
2720 2524 2899 2579 Roma:
2937 2523 3217 2576 occiditur.
3271 2519 3503 2586 Legerat
3527 2514 3728 2570 Ponta-

2141 2635 2241 2676 cus
2289 2635 2399 2674 uno
2430 2618 2759 2687 Seminsyra,
2806 2615 2950 2685 quod
2997 2628 3096 2668 nos
3147 2617 3200 2666 in
3237 2612 3379 2667 duo.
3422 2618 3488 2663 ut
3519 2608 3730 2672 debuit,

2142 2708 2460 2763 tribuimus.
2484 2707 2660 2777 Eque
2679 2709 2815 2761 bene
2844 2704 3085 2773 Scaliger
3106 2702 3291 2771 Sgtnia
3315 2698 3463 2763 Sim,
3493 2708 3552 2753 et
3578 2695 3732 2751 Gra-

2137 2816 2201 2856 ce
2230 2801 2407 2869 Συμισ.
2448 2801 2598 2872 Συρά
2628 2814 2644 2854 :
2672 2799 2819 2871 quod
2863 2813 3061 2853 nomen
3116 2802 3186 2852 ab
3244 2796 3472 2849 Hebraeo
3521 2798 3735 2851 suam

2139 2899 2339 2951 rnatu
2394 2906 2655 2961 perquam
2730 2890 2946 2951 erudite
3014 2888 3410 2958 interpretatur
3488 2885 3735 2938 lunulam

2126 2984 2476 3052 ,onycltinam,
2507 2984 2651 3053 quod
2684 2991 3069 3037 ornamentum
3098 2989 3182 3034 est
3202 2980 3441 3047 pendens
3472 2992 3537 3030 ex
3593 2977 3736 3030 collo

2143 3059 2459 3137 mulieritm.
2516 3071 2889 3128 Orientalibus
2938 3069 3082 3123 enim
3129 3077 3185 3127 et
3236 3065 3509 3137 praecipue
3563 3062 3722 3133 Syris

2068 3146 2109 3203 (ἶ
2147 3146 2405 3234 frequens
2438 3175 2491 3220 et
2528 3168 2688 3234 vulgo
2742 3164 3000 3218 usitatum
3047 3160 3220 3214 fuisse
3257 3166 3434 3221 notat,
3484 3157 3736 3225 appella.

2143 3254 2319 3310 tiones
2349 3254 2634 3323 imponere
2680 3268 2711 3306 a
2743 3251 2905 3306 rebus
2935 3263 3059 3320 quae
3093 3249 3149 3305 in
3176 3248 3390 3303 deliciis
3417 3254 3574 3309 sunt,
3623 3261 3723 3299 cu-

2137 3346 2378 3415 jusmodi
2404 3359 2629 3414 genium
2667 3351 2725 3401 et
2771 3344 3009 3397 mundus
3036 3338 3339 3395 muliebris.
3361 3336 3569 3391 Ca'tcra
3593 3337 3734 3404 apud

2145 3456 2268 3496 eum
2304 3438 2528 3494 videsis.
2560 3439 2667 3494 Alii
2699 3453 2824 3492 cum
2863 3434 3178 3504 Lampridio
3209 3443 3264 3488 ct
3296 3434 3609 3504 Capitolino
3637 3430 3732 3486 Se-

2146 3533 2447 3586 miantiram
2473 3531 2685 3586 dicunt.

2226 3619 2342 3673 Col.
2402 3620 2529 3673 480.
2561 3616 2899 3688 gAiezander
2964 3614 3381 3671 Hammona...
3458 3630 3550 3667 an.
3616 3626 3732 3666 nu.

2155 3702 2310 3766 Adde
2356 3711 2525 3769 modo.
2550 3710 2669 3764 dies
2699 3723 2892 3764 novem
2936 3725 2953 3764 :
2994 3714 3048 3761 et
3080 3706 3203 3765 vide
3235 3704 3487 3775 Pagium,
3518 3704 3613 3774 qui
3642 3717 3735 3758 ac-

2156 3811 2312 3856 cusat
2342 3803 2541 3856 erroris
2573 3798 2965 3866 Lampridium.

2236 3891 2352 3952 Col.
2387 3890 2512 3946 479.
2544 3889 2841 3947 Alexander
2867 3887 3100 3945 Xerxem
3133 3902 3329 3957 regent.
3357 3885 3584 3955 Accepit
3606 3883 3735 3939 iiie-

2151 3997 2414 4052 ronymus
2442 3984 2513 4037 ab
2541 3982 2806 4050 Eutropio
2840 3995 2855 4034 :
2885 3995 2913 4033 a
2943 3995 3052 4049 quo
3077 3980 3291 4039 itidem.
3326 3987 3518 4033 monet
3542 3978 3738 4031 Senic-

2147 4073 2371 4138 kardus,
2420 4088 2531 4128 non
2583 4079 2732 4127 recte
2777 4070 3008 4125 Xersem
3036 4084 3161 4125 eum
3197 4082 3383 4138 regem
3423 4067 3729 4132 nominari,

2150 4177 2208 4220 ut
2233 4174 2289 4220 et
2320 4164 2670 4221 Artaxerxem
2700 4163 2770 4218 ab
2800 4160 3453 4229 llerodiano,.Xipltilino.
3482 4171 3536 4215 et
3570 4158 3732 4212 Lam-

2148 4258 2348 4328 pridio,
2393 4266 2449 4313 et
2490 4257 2810 4311 Artaxarem
2842 4255 2910 4309 ab
2940 4254 3166 4325 Agatitia
3198 4252 3569 4316 Scholastico,
3605 4267 3729 4306 cum

2148 4352 2440 4422 genuinum
2461 4350 2581 4418 eju‘s
2600 4363 2802 4403 nomen
2831 4346 2997 4403 fuerit
3019 4345 3289 4408 Ardschir,
3315 4354 3376 4399 ut
3403 4361 3471 4398 ex
3493 4342 3722 4410 Taricb,

2149 4442 2383 4498 Arabico
2404 4441 2544 4496 libro
2574 4440 2948 4512 genealogico,
2975 4446 3320 4507 compertum
3359 4445 3469 4492 est.
3498 4435 3731 4495 Creten,

475 4540 604 4581 cent.
652 4514 971 4575 Econtrario
1009 4526 1110 4566 nec
1151 4506 1390 4565 solidum
1437 4499 1877 4600 quinquennium
1920 4508 2043 4597 eum
2080 4521 2124 4580 ο
2153 4536 2313 4590 etiam
2347 4499 2604 4599 inferius:
2645 4533 2737 4588 ubi
2760 4499 2833 4587 δέ
2861 4499 3308 4600 ωρῖαηο-⁸ειδωο
3331 4538 3439 4587 εει,
3462 4544 3494 4583 ι
3526 4528 3733 4585 [auaui

477 4613 813 4685 implevisse,
873 4605 1211 4662 contendunt
1237 4596 1607 4652 accuratiores
1638 4585 1977 4657 cbronologi.

399 4763 403 4767 .
441 4703 449 4763 i
545 4678 664 4763 ἀοι.
694 4703 820 4760 480.
865 4694 1273 4767 Ηειὶοςαὺαςάηι
1310 4687 1579 4756 templum.
1617 4678 1924 4751 Legendmn
1959 4683 2052 4729 aut

479 4797 895 4873 I'Iliogabaleum,
919 4802 1012 4850 aut
1047 4784 1370 4860 Eliogabali,
1403 4795 1510 4836 non
1542 4777 1740 4850 injuria
1773 4768 2052 4828 contendit

478 4891 736 4957 Scaliger.
1952 4920 1955 4923 γ

548 4956 810 5038 Col.lt'i9.
839 4977 897 5032 In
916 4974 1207 5031 Palwstitta
1230 4965 1517 5036 Nicopolis.
1538 4962 1656 5029 Quo
1675 4974 1816 5015 anno
1831 4956 2049 5014 condita

477 5085 560 5132 est
591 5072 888 5141 Nicopolis.
924 5048 1176 5127 consules
1212 5062 1365 5118 fuere
1403 5060 1519 5129 ipse
1556 5054 1968 5126 Elagabalnstv,
1999 5059 2053 5104 et

479 5168 715 5224 Severus
755 5162 1058 5217 Alexander
1098 5158 1301 5215 Caesar.
1347 5151 1452 5208 Sed
1488 5147 1612 5207 cum
1636 5149 1753 5219 ejus
1780 5147 1910 5201 anni
1943 5157 2050 5199 tres

481 5276 698 5315 menses
715 5259 803 5311 vix
823 5254 1061 5322 attigerit
1077 5252 1372 5321 imperator
1389 5248 1529 5319 (qui,
1548 5256 1689 5301 teste
1708 5244 1840 5298 Lam
1851 5241 2048 5311 pridie.

482 5364 609 5408 ante
626 5352 768 5406 diem
802 5348 973 5441 ppidie
1004 5359 1175 5400 nonas
1200 5340 1373 5398 Martii
1406 5340 1722 5395 interfectus
1750 5338 1876 5405 est),
1910 5343 2053 5387 vete-

488 5462 578 5500 res
607 5443 827 5514 quidam
846 5428 1164 5509 :scriptores
1194 5441 1259 5490 ab
1286 5437 1613 5499 Alexandro,
1641 5446 1771 5494 non,
1807 5437 1864 5483 ut
1886 5428 2053 5481 Euse—

482 5539 627 5598 bius.
655 5538 722 5591 ab
753 5533 1064 5603 Elababalo,
1102 5531 1373 5586 conditam
1432 5531 1621 5584 urbem
1665 5540 1785 5581 eam
1838 5522 2049 5577 dicunt.

481 5631 804 5683 Anastasius
828 5624 1275 5687 Bibliotltecarius
1303 5640 1316 5676 :
1348 5621 1603 5676 Emmaus
1638 5617 1938 5672 Palaestina:
1959 5631 2051 5668 ca~

482 5721 713 5783 asilum,
733 5720 798 5774 de
815 5735 914 5787 quo
933 5720 986 5771 in
1004 5718 1171 5772 sacris
1187 5716 1375 5786 legitur
1395 5711 1718 5783 anngeliis,
1748 5709 2052 5765 Alexandro

487 5805 539 5860 Ν
544 5808 756 5873 ieopolis
767 5824 812 5862 e.
828 5818 846 5862 t
860 5808 1111 5862 honorari
1131 5808 1355 5871 decreta,
1380 5805 1633 5874 legatione
1650 5804 1895 5874 fungente
1911 5803 2050 5872 Afri-

2153 4620 2397 4696 Entrdpii
2431 4624 2822 4694 interpretibus
2855 4630 3057 4692 repete.

2221 4716 2340 4773 Col.
2380 4717 2504 4772 479.
2541 4716 2791 4770 Romana:
2835 4713 3085 4769 Ecclesia!
3115 4721 3293 4769 sextus
3326 4710 3587 4768 decimus.
3616 4711 3738 4768 Uno

2154 4811 2332 4866 minus
2363 4811 2496 4866 dicit
2531 4810 2761 4880 ipsemet
2800 4808 3073 4867 Eusebius.
3095 4809 3151 4863 in
3184 4808 3325 4865 llist.
3366 4808 3460 4862 lib.
3493 4823 3571 4874 νι,
3609 4822 3733 4873 cap.

2150 4901 2242 4966 25,
2272 4901 2387 4956 sive
2435 4901 2674 4954 octeunio
2725 4908 2958 4963 tantum,
2994 4897 3175 4952 ἐτεσιν
3204 4896 3350 4951 ὀκτὼ
3380 4897 3730 4967 perfunctum

2152 4991 2411 5047 Romanae
2433 4989 2694 5047 Ecclesiae
2715 4989 3038 5060 pontiﬁcatu
3057 4986 3361 5053 Urbanum.
3391 4987 3531 5055 Quin
3562 4989 3733 5045 etiam

2152 5099 2219 5141 ex
2245 5083 2521 5140 consulari
2553 5093 2679 5138 nota
2716 5083 2769 5135 in
2810 5082 3154 5139 Bueheriano
3184 5084 3458 5151 catalogo.
3487 5096 3519 5134 a
3543 5096 3739 5134 consu-

2154 5176 2264 5230 latu
2293 5172 2519 5229 Haximi
2547 5183 2595 5228 et
2631 5172 2865 5237 tEliani,
2889 5187 3059 5240 usque
3088 5173 3336 5245 Agricola
3366 5181 3415 5227 et
3444 5172 3733 5226 Clementi-

2153 5284 2242 5334 no,
2272 5267 2491 5338 colligas
2515 5281 2688 5333 neque
2717 5265 3036 5321 octennium
3064 5266 3194 5321 illud
3223 5265 3544 5331 explevisse.
3570 5267 3731 5317 Atta-

2155 5373 2278 5414 men
2315 5359 2456 5412 ltlem
2491 5357 2581 5413 ille
2610 5356 2890 5424 catalomts
2922 5354 3052 5413 facit
3104 5354 3159 5408 in
3211 5368 3480 5408 annorum
3513 5365 3730 5406 summa

2153 5446 2265 5501 fere
2293 5461 2415 5501 cum
2454 5445 2817 5515 Hieronymo;
2854 5451 2979 5498 octo
3005 5443 3150 5497 enim
3189 5443 3371 5506 annis,
3412 5456 3613 5494 menses
3644 5441 3726 5505 lt,

2152 5536 2260 5590 dies
2292 5536 2359 5590 12
2385 5534 2460 5604 (in
2488 5527 2590 5586 ms.
2626 5530 2846 5600 Reginae
2875 5530 3103 5595 Suecor,
3136 5545 3335 5584 menses
3371 5529 3456 5593 il),
3492 5530 3604 5582 dies
3641 5529 3725 5591 l2)

2153 5628 2419 5705 adjungit.
2449 5625 2579 5680 Plus
2611 5624 2747 5678 dicit
2776 5638 2920 5678 unus
2948 5621 3297 5678 Corbeiensis
3324 5638 3427 5675 tns.
3455 5620 3727 5676 Constano

2156 5720 2231 5774 tio
2266 5720 2537 5782 laudatus,
2569 5731 2735 5771 annos
2769 5715 2823 5778 9,
2847 5736 2855 5745 ο
2876 5729 3106 5767 mensem
3148 5718 3199 5777 Ι,
3239 5713 3352 5767 dies
3384 5713 3439 5767 2.
3475 5712 3571 5766 Est
3600 5726 3726 5764 vero

2157 5806 2493 5862 liueberiani
2522 5802 2756 5874 catalogi
2801 5817 3014 5883 summa
3049 5802 3118 5859 ab
3149 5802 3492 5858 ordinatione
3518 5800 3571 5855 in
3603 5802 3715 5870 cpi-
