3974 6192
299 382 435 448 liii

1558 394 1797 452 ‘VALLA
1815 396 1963 453 llSll
2006 395 2244 460 N()TIE.

3396 406 3535 467 112

271 514 522 565 ειτουυιιι,
561 502 624 551 ad
664 500 908 572 martyrii
936 502 1079 557 diem
1111 504 1479 574 suppulanda,
1525 521 1698 577 eaque
1726 525 1853 578 pro-
1883 520 1923 569 Α
1954 508 2345 578 discedentem,
2378 527 2576 567 munus
2628 528 2783 568 Stltlm
2818 522 2872 569 et
2901 516 3275 572 catochisandi
3301 517 3534 574 ofﬁcium

276 590 396 654 pior
421 588 487 641 ad
516 589 702 645 fidem.

353 680 472 733 Col.
497 681 620 734 482..
665 681 906 737 Theer
934 684 1330 740 Alexandrina.
1369 684 1565 742 Recole
1599 704 1719 758 quae
1762 706 1858 745 εει-

272 773 461 841 peritis
480 780 546 825 de
577 772 902 830 Neronianis
928 778 1153 831 thermis
1181 778 1323 832 dicta
1355 789 1502 835 sunt.
1531 782 1853 850 Quanquam

271 874 326 917 et
366 865 582 933 pr0prie
617 864 869 921 fundatas
915 868 1049 921 alias
1113 870 1182 924 ab
1224 869 1553 939 Alexandro,
1604 871 1879 928 laudatus'

274 956 437 1008 etiam
485 954 760 1025 Scaligero
808 956 1155 1027 Lampridius
1194 971 1345 1016 notat
1375 980 1388 1016 :
1421 962 1593 1033 Opera
1628 975 1853 1019 veterum

275 1047 577 1115 principum
622 1048 963 1102 instauravit.
998 1048 1125 1125 ipse
1172 1069 1301 1106 nova
1337 1055 1500 1107 multa
1528 1056 1798 1109 constituit
1835 1070 1855 1109 :

271 1140 325 1191 in
350 1140 433 1192 his
460 1140 691 1193 thermas
728 1143 957 1194 nominis
988 1144 1092 1208 sui,
1117 1143 1277 1212 juxta
1304 1161 1416 1211 eas,
1441 1163 1556 1215 qua:
1589 1146 1858 1201 Neronia-

273 1247 358 1283 nae
393 1230 635 1298 fuerunt,
682 1247 822 1299 aqua
861 1233 1103 1299 inductu,
1165 1253 1279 1305 qua:
1325 1254 1461 1290 nunc
1488 1238 1852 1293 Alexandrina

269 1322 493 1377 dicitur.

342 1411 461 1467 Col.
497 1411 620 1468 481.
668 1412 915 1470 Geminus
962 1412 1060 1487 [aL
1094 1413 1415 1487 Germanus]
1450 1417 1737 1487 presbyter.
1792 1416 1849 1471 lu

268 1502 551 1559 Parmensi
603 1522 703 1560 ms.
744 1502 1058 1562 Germianus
1112 1508 1201 1563 hic
1247 1509 1469 1572 dicitur,
1502 1521 1556 1563 et
1608 1508 1851 1578 Beryllus

270 1598 996 1671 Arubaslernus,corruptc.
1058 1601 1130 1655 De
1182 1598 1476 1674 Hippolyto
1532 1605 1585 1655 in
1642 1600 1849 1656 Graecis

268 1687 632 1743 Collectaucis
668 1690 763 1744 lib.
821 1707 836 1746 ι
870 1690 1112 1760 Scaliger
1146 1692 1382 1762 Syncelli
1419 1692 1578 1746 verba
1610 1707 1709 1762 pro
1738 1691 1846 1745 Eu-

267 1779 512 1835 scbianis
552 1783 796 1836 obtrudit
825 1799 839 1833 :
878 1783 1193 1846 Ἱππόλυτος
1221 1778 1363 1851 ἱερὸς
1389 1785 1697 1853 φιλόσοφος,
1730 1786 1852 1838 ἐπί-

1970 599 2208 655 lleracla:
2234 602 2537 657 tradidisse.
2569 602 2641 657 Ex
2675 619 2782 673 quo
2810 617 3031 673 apparet
3056 605 3372 678 Origenem,
3406 626 3541 679 pauo

1965 687 2020 742 lo
2048 699 2171 742 ante
2193 691 2452 758 prolatam
2473 706 2499 743 a
2524 691 2796 748 Demetrio
2836 696 3093 750 adversus
3117 696 3296 767 ipsum
3321 713 3539 753 excom-

1971 782 2351 836 municntionis
2405 785 2752 853 sent-utiam,
2814 788 3141 843 Alexandria
3198 790 3535 845 discessisse.

1969 867 2155 939 Neque
2217 862 2535 943 enimpost
2580 876 2723 928 illam
2782 880 3108 932 sententiain
3165 882 3534 949 magisterium

1966 978 2126 1016 suum
2181 964 2234 1016 in
2292 965 2652 1020 Alexandrina
2708 965 2948 1023 Ecclesia
2992 967 3255 1039 Origenes
3305 974 3537 1028 retinere

1966 1055 2163 1131 potuit.
2204 1056 2367 1110 flecte
2414 1059 2576 1127 igitur
2631 1058 2898 1113 Baronius
2949 1062 3171 1116 Eusebii
3215 1063 3532 1120 Chronicon

1965 1149 2240 1212 emendat,
2275 1148 2599 1218 etOrigenis
2630 1150 2847 1219 quidem
2880 1153 3252 1220 migrationem
3306 1158 3372 1209 ah
3401 1158 3538 1211 urbe

1968 1237 2335 1291 Alexandrina
2388 1240 2599 1294 confert
2634 1244 2686 1294 in
2721 1258 2922 1296 annum
2954 1244 3020 1298 10
3051 1244 3364 1310 Alexandri,
3395 1263 3537 1301 mor-

1968 1337 2072 1380 tem
2106 1344 2232 1381 vero
2277 1330 2530 1384 Demetrii
2567 1334 2617 1386 in
2673 1349 2874 1392 annum
2927 1346 3271 1405 sequentem.
3326 1337 3430 1392 Sed
3484 1340 3538 1392 in

1963 1437 2028 1475 eo
2062 1421 2280 1487 labitur,
2334 1423 2476 1491 quod
2528 1426 2853 1481 sententiam
2884 1431 3474 1486 excommunicationis
3508 1447 3537 1486 a

1966 1513 2237 1567 Demetrio
2275 1513 2437 1567 latam
2474 1530 2595 1569 esse
2631 1517 2764 1572 dicit
2793 1534 2939 1573 anno
2971 1530 3266 1589 antequam
3300 1522 3534 1576 Alexan-

1961 1607 2077 1659 dria
2098 1606 2627 1679 migraretOrigenes
2647 1627 2660 1662 :
2682 1614 2823 1679 quod
2844 1611 3218 1666 refutavimus.
3240 1612 3553 1686 Cunieuiin

1962 1697 2336 1768 magisterium
2358 1714 2515 1754 suum
2536 1697 2798 1772 Origenes
2816 1718 3032 1772 semper
3048 1704 3387 1757 Alexandriae
3407 1707 3537 1757 reti-

1960 1784 2160 1848 nuerit,
2179 1796 2406 1853 apparet
2421 1786 2598 1853 ipsum
2612 1797 2736 1841 ante
2755 1791 3150 1842 damnationem
3168 1791 3533 1847 illincdisces-

269 1887 477 1933 σκοπος
515 1874 721 1943 Πόρτου
751 1874 844 1927 τοῦ
873 1878 1013 1928 κατὰ
1042 1877 1141 1946 τὴν
1176 1876 1415 1946 Ῥώμην,
1450 1893 1505 1929 κ.
1538 1895 1591 1930 τ.
1634 1877 1709 1938 λ..
1742 1894 1844 1944 qua

1964 1877 2122 1930 sisse.
2143 1874 2314 1931 Porro
2342 1890 2465 1930 cum
2493 1877 2755 1947 Origenes
2783 1894 2841 1933 se
2859 1894 2888 1932 a
2928 1880 3199 1933 Demetrio
3232 1882 3285 1933 in
3319 1868 3533 1950 synodo

274 1972 490 2016 tantum
537 1967 714 2035 abest,
771 1981 830 2020 ut
883 1967 1043 2022 scribi
1078 1974 1147 2022 at)
1182 1966 1418 2023 Eusebio
1459 1970 1756 2037 potuerint,
1796 1977 1853 2022 nt

267 2056 365 2124 qui
422 2056 614 2110 Latine
666 2056 1035 2113 Eusebianum
1095 2059 1264 2113 hocce
1308 2074 1446 2129 opus
1492 2058 1853 2131 Hieronymus

269 2148 453 2212 vertit,
494 2148 634 2203 libro
668 2151 736 2206 de
777 2150 919 2205 Viris
947 2150 1279 2213 Illustribus,
1315 2161 1473 2222 neget
1508 2167 1568 2206 se
1601 2152 1840 2219 reperire

267 2256 509 2309 unquam
542 2241 784 2311 potuisse
834 2243 994 2312 cujus
1026 2243 1115 2297 ille
1144 2243 1379 2296 civitatis
1406 2243 1697 2312 episcopus
1718 2242 1832 2296 fuc-

268 2332 359 2387 rit.
397 2332 452 2385 in
485 2349 603 2386 eam
629 2349 729 2401 ego
756 2336 1083 2388 sententiam
1114 2333 1505 2401 concesserim,
1548 2349 1669 2405 quze
1712 2333 1846 2403 llip-

268 2425 437 2496 polyti
464 2430 649 2481 sedem
678 2428 791 2494 figit
823 2428 877 2480 in
898 2427 1063 2481 Pot-tu
1092 2426 1338 2481 Romano
1367 2428 1421 2481 in
1448 2427 1665 2490 Arabia,
1684 2429 1850 2497 etsp-

265 2520 464 2588 πόρων
502 2519 601 2589 τῆς
634 2519 902 2590 ’Δρασίας
959 2518 1283 2573 Ptolemaeus
1339 2529 1496 2574 vocat
1528 2538 1542 2572 ;
1596 2535 1756 2588 quam
1795 2528 1848 2572 et

264 2611 690 2683 probabiliorem
728 2610 909 2665 facere
941 2610 1159 2683 videtur
1189 2614 1289 2666 iste
1321 2610 1539 2664 Eusebii
1573 2610 1749 2669 locus,
1779 2625 1846 2663 eo

268 2682 557 2763 nimirum,
591 2700 736 2768 quod
771 2701 824 2754 in
858 2699 1046 2754 eadem
1072 2682 1311 2768 regione,
1344 2700 1461 2753 sive
1494 2698 1721 2762 Arabia,
1746 2698 1846 2752 Be-

266 2793 438 2859 ryllns
473 2793 763 2864 episcopus
801 2806 1139 2848 recensetur.

335 2883 456 2938 Col.
512 2884 636 2938 A82.
707 2885 1001 2938 Antiochiw
1052 2883 1437 2938 undecimus..
1469 2922 1483 2938 .
1544 2880 1839 2938 Zebcnnus.

260 2978 445 3046 Atque
488 2977 576 3031 hic
628 2974 801 3030 Zenns
850 2992 946 3045 pro
985 2973 1257 3029 Zebcnnus
1308 2975 1362 3029 iu
1405 2976 1686 3031 Parmensi
1735 2990 1839 3031 ms.

263 3069 585 3121 nominatur
615 3082 630 3120 :
667 3065 899 3122 Eusebio
918 3068 970 3120 in
1001 3065 1139 3122 Hist.
1166 3066 1382 3129 Σεϐῖνος
1411 3067 1625 3122 dicitur.

340 3158 463 3213 Col.
490 3160 613 3215 481.
634 3160 970 3212 Alexandriae
985 3156 1589 3214 Ecclesia...ﬂeraclas.
1615 3158 1837 3212 Lectum

263 3260 427 3306 antea
469 3261 731 3320 corrupte
766 3252 1080 3305 Heracleas.
1114 3253 1292 3322 Atque
1330 3250 1460 3305 huic
1490 3250 1709 3320 quidem
1744 3268 1843 3305 an-

265 3358 342 3398 no
371 3342 495 3411 ejus
516 3341 919 3397 ordinationem
952 3342 1236 3411 assignant
1277 3340 1400 3396 libri
1453 3341 1694 3414 plerique
1734 3358 1849 3399 om-

264 3450 367 3489 nes
395 3450 515 3490 cum
544 3434 700 3500 editi,
731 3442 843 3488 tum
863 3448 993 3489 mss.
1019 3435 1130 3491 Dito
1149 3432 1686 3501 tamenOtonienses
1708 3434 1849 3490 Dod-

267 3528 427 3580 Wirllt)
466 3526 665 3581 laudati
729 3529 783 3580 in
836 3535 1153 3595 sequentem
1201 3524 1560 3587 transferunt,
1604 3527 1718 3579 sive
1779 3526 1847 3578 ad

264 3619 538 3673 decimum
575 3607 892 3672 Alexandri.
1376 3622 1387 3629 ‘

336 3707 478 3765 lbid.
507 3708 809 3764 Alexander
839 3711 892 3763 in
923 3719 1163 3764 ntali-em.
1196 3707 1376 3764 Videri
1406 3717 1583 3779 potest
1611 3707 1848 3764 voluisse

268 3802 357 3856 his
396 3802 579 3858 verbis
621 3801 988 3874 Hieronymus
1039 3811 1251 3874 gestum
1286 3802 1477 3855 Severi
1527 3801 1748 3870 aliquod
1790 3801 1845 3853 in

263 3894 563 3950 ﬂairimant:
590 3895 783 3949 matris
822 3898 1052 3966 gratiam
1082 3895 1326 3949 indicare
1359 3908 1377 3949 :
1410 3903 1535 3963 puta
1580 3894 1725 3964 quod
1751 3909 1847 3948 eo-

264 3987 517 4042 rumdem
557 3988 849 4042 occasione
885 3987 1173 4043 verborum
1225 3986 1573 4054 Lampridius
1615 3995 1840 4040 narrat:

264 4076 337 4132 In
364 4090 591 4132 mtrem
626 4077 964 4132 Mammwam
988 4080 1142 4131 unice
1171 4078 1288 4147 pius
1315 4079 1432 4147 fuit,
1470 4077 1544 4129 ita
1578 4090 1631 4129 ut
1665 4076 1844 4130 Romae

263 4170 320 4223 in
354 4168 557 4236 palatio
597 4168 792 4238 faceret
832 4168 1020 4222 dirutas
1063 4169 1288 4221 nominis
1328 4168 1641 4229 .llaunmew,
1685 4183 1841 4236 quas,

263 4276 378 4321 etc.
409 4265 579 4320 Aliter
612 4280 716 4320 non
757 4274 914 4317 orant
949 4262 1193 4332 profecto
1223 4261 1279 4315 in
1301 4258 1514 4316 ‘ccrtum
1548 4261 1842 4330 iii-peratoa

265 4360 345 4411 ris
377 4371 579 4410 annum
613 4354 953 4424 conjicienda
994 4370 1008 4405 :
1049 4353 1193 4423 quod
1229 4351 1429 4408 factum
1465 4351 1705 4422 Scaliger
1747 4367 1839 4404 us-

262 4463 373 4519 que
403 4448 538 4502 adeo
566 4449 817 4500 miratur.

1958 1968 2344 2038 opisc0porum
2367 1969 2680 2022 damnatum
2709 1984 2827 2023 esse
2845 1974 3224 2039 comperisset,
3244 1974 3530 2040 epistolam

1956 2060 2179 2130 scripsit
2215 2059 2285 2114 ad
2311 2060 2515 2114 amicos
2540 2075 2671 2115 suos
2699 2061 2794 2130 qui
2827 2071 2987 2115 erant
3018 2062 3388 2125 Alexandriae,
3420 2082 3526 2135 qua

1954 2150 2005 2203 in
2064 2151 2391 2206 Demetrium
2429 2160 2486 2206 et
2532 2152 2773 2218 reliquus
2814 2152 3102 2222 episcopos
3154 2154 3531 2209 invehebatur.

1953 2241 2083 2310 Ejus
2113 2252 2319 2313 partem
2354 2241 2488 2297 citat
2519 2240 2881 2313 Hieronymus
2913 2243 2965 2296 in
3002 2246 3141 2297 libro
3197 2260 3231 2297 ιι
3271 2245 3534 2300 adversus

1952 2334 2235 2390 Rufinum.
2270 2334 2439 2389 Porro
2481 2334 2591 2404 jam
2621 2333 2788 2389 semel
2839 2335 3101 2403 Origenes
3136 2334 3440 2390 Cmsaream
3472 2352 3532 2392 se

1952 2434 2258 2495 receperat,
2303 2423 2565 2480 Antonini
2603 2423 2897 2480 Caracallze
2944 2427 3316 2494 temporibus;
3364 2426 3455 2480 sed
3499 2446 3529 2480 ει

1951 2519 2226 2573 Demetrio
2279 2519 2576 2574 honorilice
2609 2528 2917 2580 revoeatus,
2966 2519 3112 2572 brevi
3143 2518 3530 2579 Alexandriam

1950 2611 2207 2675 redierat,
2239 2623 2298 2666 ut
2356 2626 2519 2679 supra
2545 2614 2771 2665 relatum
2813 2619 2920 2665 est.
2959 2611 3150 2665 Postea
3176 2626 3303 2665 vero
3331 2627 3452 2665 cum
3478 2610 3535 2665 in

1946 2704 2205 2759 Achaiam
2249 2704 2703 2774 proficisceretur,
2737 2718 2833 2771 per
2872 2703 3178 2757 Caesaream
3211 2701 3531 2758 Palestina:

1949 2793 2242 2855 transiens,
2283 2791 2483 2845 ibidem
2511 2792 2792 2863 presbyter
2820 2803 2902 2848 est
2929 2793 3237 2847 ordinatus.

2013 2884 2133 2939 Col.
2164 2884 2290 2939 481.
2323 2883 2580 2939 Romana:
2600 2884 2846 2939 Ecclesia
2874 2884 3107 2938 decimus
3138 2887 3420 2954 septimus.
3466 2884 3527 2940 In

1944 2977 2150 3030 Histor.
2179 2986 2356 3031 autem
2382 2977 2475 3034 lib.
2495 2993 2566 3039 vi,
2585 2992 2703 3046 cap.
2723 2977 2812 3039 29,
2836 2993 2944 3030 uno
2976 2977 3095 3045 plus
3115 2978 3265 3039 dicit,
3289 2979 3403 3032 sive
3419 2977 3537 3030 ἐτε-

1944 3087 2028 3121 σιν
2064 3070 2122 3136 ἒξ
2146 3058 2312 3139 Δ(ξιιίειι
2335 3080 2538 3139 ιριιιυιιι
2611 3067 2870 3124 Romanae
2908 3069 3168 3125 Ecclesia:
3206 3069 3534 3124 Pontianum

1948 3161 2206 3215 tenuisso.
2237 3160 2305 3215 Et
2332 3168 2539 3215 veteres
2576 3161 2811 3230 catalogi
2851 3177 3019 3231 supra
3048 3177 3220 3216 annos
3256 3161 3523 3231 quinque,

1956 3267 2180 3309 menses
2210 3253 2371 3320 duos,
2411 3262 2464 3308 et
2505 3254 2624 3308 dies
2653 3262 2860 3323 septem
2887 3255 2935 3308 ei
2972 3256 3217 3309 tribuunt
3243 3271 3259 3308 λ
3285 3258 3375 3325 qui
3406 3271 3537 3310 cono

1947 3345 2127 3399 ciliart
2161 3361 2266 3398 non
2305 3355 2648 3400 incommode
2679 3360 2801 3398 cum
2834 3362 2899 3397 eo
2929 3357 3178 3411 possunt.
3215 3348 3260 3401 si
3291 3363 3386 3402 sex
3422 3347 3528 3402 dici

1952 3436 2312 3503 incomplctos
2348 3432 2638 3505 intelligas.
2674 3433 2776 3502 Qui
2803 3435 2948 3489 solos
2977 3440 3222 3505 quinque
3253 3453 3524 3492 annume-

1952 3536 2033 3581 rct
2079 3543 2200 3580 cum
2250 3534 2471 3579 auctore
2504 3532 2715 3591 nostro,
2753 3540 2862 3578 non
2895 3523 3114 3578 invenio
3150 3542 3164 3589 ;
3217 3525 3527 3597 Synrcllum

1949 3623 2153 3679 autem,
2186 3624 2348 3685 atque
2374 3630 2438 3668 ex
2472 3629 2538 3668 eo
2568 3613 2960 3683 Nicephorum,
2987 3614 3079 3683 qui
3123 3625 3233 3669 tres
3261 3616 3420 3668 modo
3446 3617 3529 3668 di-

1947 3717 2101 3771 cunt,
2132 3722 2236 3760 non
2268 3721 2478 3761 moror.

2016 3796 2150 3854 Ibid.
2204 3798 2506 3853 Alexander
2546 3798 2826 3855 occiditur.
2872 3797 3030 3868 Apud
3099 3796 3522 3867 Mogontiacum,

1945 3891 2000 3945 in
2033 3889 2235 3959 Gallia,
2268 3893 2323 3946 in
2348 3894 2458 3947 vico
2486 3894 2571 3946 cui
2599 3892 2763 3947 Sicila
2793 3892 2900 3962 (vel
2939 3890 3148 3951 Sicilia)
3191 3907 3378 3945 nomen
3425 3900 3523 3955 cst,

1948 3994 2004 4036 ut
2032 3981 2376 4051 Lampridius
2430 3997 2483 4038 et
2512 3982 2697 4037 Victor
2724 3981 2944 4036 docent.

2014 4051 2129 4127 Col.
2186 4073 2307 4128 482.
2366 4072 2689 4126 Maximinus
2726 4074 2879 4126 anuis
2937 4087 3020 4126 ιιι.
3079 4069 3317 4125 Numero
3355 4071 3525 4125 utitur

1946 4169 2200 4231 rotundo,
2255 4175 2416 4220 ut..et
2462 4167 2815 4235 Epiphanius,
2851 4164 3100 4231 Orosius,
3152 4163 3355 4229 Victor,
3389 4163 3525 4219 Cas-

1944 4260 2218 4324 siodorus,
2282 4268 2446 4330 atque
2479 4260 2592 4321 aln,
2630 4263 2720 4325 qui
2787 4269 2898 4313 tres
2951 4274 3079 4313 cum
3143 4268 3370 4312 auctore
3418 4272 3524 4312 no-

1945 4367 2061 4410 stro
2092 4372 2264 4411 annos
2290 4355 2588 4411 Maximino
2614 4357 2913 4426 assignant,
2938 4372 3063 4410 cum
3099 4357 3189 4410 ille
3217 4366 3399 4411 tamen
3434 4357 3523 4411 vix

1944 4446 2153 4516 aliquot
2189 4462 2349 4513 supra
2404 4444 2683 4500 biennium
2738 4444 3015 4499 mensibus
3065 4445 3292 4513 imperio
3322 4445 3527 4513 potitus

333 4538 461 4595 Col.
498 4540 624 4594 482.
671 4538 919 4610 Origenes
967 4540 1019 4592 in
1069 4536 1420 4591 Alexandria.
1484 4535 1732 4592 Valesius
1787 4537 1840 4591 in
1878 4560 1920 4615 ι)
1946 4537 2031 4591 sit.
2064 4536 2318 4603 Causam,
2342 4545 2396 4592 et
2423 4553 2625 4601 rerum,
2663 4552 2800 4607 quas
2822 4535 3019 4591 Noster
3040 4537 3300 4608 praeterit,
3322 4538 3522 4591 seriem

264 4630 425 4686 Notis
480 4633 545 4685 ad
576 4630 871 4685 Eusebium
925 4628 1129 4683 Histur.
1176 4631 1313 4682 libro
1372 4644 1444 4690 γι,
1486 4644 1605 4698 cap.
1639 4629 1732 4694 Ξϐ,
1779 4628 1838 4683 1η

259 4725 560 4791 Chronico,
623 4727 719 4786 ait,
765 4723 982 4779 Eusebii
1038 4724 1150 4776 bare
1194 4720 1444 4788 Origenis
1477 4721 1727 4790 migratio
1774 4722 1842 4777 ah

263 4816 405 4870 urbe
446 4814 813 4869 Alexandrina
856 4817 921 4868 ad
952 4813 1369 4877 Caesariensem,
1413 4813 1463 4865 in
1511 4813 1838 4883 quibusdam

263 4906 550 4961 codicibus
585 4906 816 4961 refertur
846 4922 988 4962 anno
1024 4907 1087 4960 l2
1126 4906 1443 4973 Alexandri,
1477 4919 1534 4958 ιιι
1578 4909 1731 4963 testis
1758 4918 1841 4962 est

266 4996 560 5055 Pontacus.
592 4997 697 5054 Sed
733 4999 869 5053 mira
908 5008 990 5054 est
1017 4996 1291 5053 Euscbii’a
1326 4998 1511 5068 seipso
1541 4998 1835 5067 dissensio,

263 5088 357 5158 qui
407 5090 461 5143 in
512 5089 787 5145 Chronico
837 5106 954 5144 eam
1012 5090 1390 5159 migrationem
1445 5100 1841 5144 commemorat

263 5197 413 5236 anno
450 5182 531 5235 Vel
580 5184 796 5237 biennio
836 5192 960 5252 post
996 5192 1223 5236 ninrtem
1271 5181 1551 5241 Demetrii.
1590 5183 1685 5239 Hic
1713 5200 1840 5239 vero

261 5257 909 5346 Origenemllexandria
940 5278 1208 5346 migrasse
1247 5278 1439 5331 scribit
1482 5277 1644 5347 paulo
1679 5288 1837 5332 ante-

261 5381 430 5435 quam
464 5365 770 5423 Demetrius
800 5369 1048 5423 ultimum
1083 5368 1225 5424 diem
1260 5358 1515 5423 obiisset.
1538 5368 1692 5434 Quod
1722 5370 1844 5439 qui-

259 5456 388 5509 dem
440 5460 624 5515 verius
669 5469 821 5528 puto.
865 5458 999 5514 Nam
1057 5470 1178 5529 post
1216 5459 1473 5516 Demetrii
1528 5461 1837 5524 interitum,

261 5545 400 5599 nihil
433 5546 541 5615 iam
575 5565 753 5606 causae
791 5560 902 5606 erat
941 5567 1042 5620 cur
1076 5550 1336 5622 Origenes
1365 5552 1692 5607 Alexandria
1722 5554 1834 5607 dis-

258 5638 539 5707 cederet;
604 5658 729 5698 cum
789 5644 1087 5714 pra-semini
1153 5643 1423 5697 Demetrio
1483 5644 1839 5700 successisset

259 5734 549 5801 Heraclas,
579 5752 718 5790 unus
743 5752 805 5791 ex
836 5733 1118 5805 discipulis
1144 5732 1413 5803 Origeuis.
1437 5734 1661 5790 Accedit
1691 5734 1834 5805 quod

260 5826 356 5883 hic
389 5827 556 5883 refert
590 5825 877 5897 Eusebius,
919 5826 1206 5900 Origenem
1241 5841 1305 5881 ex
1340 5825 1473 5881 urbe
1501 5825 1831 5881 Alexandria

1944 4629 2011 4681 ab
2048 4628 2326 4685 historicis
2360 4640 2500 4699 pete.
2541 4627 2723 4682 Virtor
2755 4629 2822 4684 de
2874 4626 3182 4683 Czesaribus
3223 4645 3344 4698 cap.
3393 4628 3465 4682 27
3507 4645 3524 4684 :

1950 4720 2149 4772 Horum
2226 4719 2685 4788 (Maximinorum)
2727 4711 2959 4788 imperio
3027 4720 3098 4772 ad
3131 4703 3390 4773 biennium
3430 4738 3526 4790 per

1941 4809 2244 4880 Itujnsmodi
2275 4828 2448 4863 moras
2495 4827 2667 4865 annus
2695 4812 2945 4879 qun'silus
2980 4810 3183 4878 :cojus
3218 4812 3318 4864 loci
3356 4811 3524 4863 inter-

1946 4910 2124 4969 pretes
2166 4900 2333 4952 adito.
2381 4899 2515 4953 Vide
2561 4909 2613 4952 ct
2647 4897 2927 4952 Petavium
2962 4897 3031 4952 de
3074 4897 3317 4951 Dnctrin.
3352 4908 3520 4968 temp.

1944 4993 2039 5048 lib.
2076 5008 2150 5056 ιι,
2176 5005 2298 5059 cap.
2330 4988 2419 5044 Ἣ.

2012 5084 2129 5139 Col.
2174 5081 2301 5137 481.
2337 5082 2663 5137 Maximinus
2707 5082 2909 5150 primus
2936 5097 3001 5135 ex
3029 5098 3266 5152 corpore.
3291 5081 3514 5150 Acrepit

1943 5187 2125 5231 ncSlet‘
2145 5177 2214 5233 ab
2242 5174 2524 5246 EutrOpio,
2549 5190 2786 5245 quocum
2816 5175 3157 5231 Herodianus
3178 5186 3232 5230 et
3253 5174 3513 5242 Capitoli-

1942 5284 2047 5323 nus
2076 5269 2447 5323 consentiunt.
2482 5266 2668 5322 Victor
2706 5279 2887 5322 autem
2914 5268 3128 5337 cepisse
3155 5266 3317 5319 tradit
3348 5263 3516 5316 Maxi-

1944 5362 2144 5414 minum
2182 5362 2471 5431 potentiam
2506 5360 2776 5428 suﬁ'ragiis
2823 5358 3130 5425 legionum;
3177 5354 3316 5424 quod
3353 5356 3512 5408 etiam

1940 5451 2150 5517 Patres,
2185 5455 2306 5506 dum
2335 5453 2691 5523 periculosum
2719 5452 3028 5505 existimant
3054 5451 3273 5501 inermes
3304 5457 3512 5500 armato

1941 5546 2202 5608 resistere,
2234 5545 2677 5615 approbavemnt.

2000 5639 2117 5693 Col.
2137 5635 2261 5693 482.
2290 5637 2618 5691 Maximinus
2649 5634 3113 5708 Aquilciw.Atqtie
3139 5630 3191 5687 id
3221 5648 3284 5687 ct
3316 5632 3512 5689 Eutro-

1941 5733 2035 5801 pii,
2065 5745 2224 5803 quem
2259 5741 2313 5783 et
2346 5730 2531 5783 Victor
2562 5735 2828 5798 sequitur,
2868 5728 2995 5781 fide.
3025 5720 3128 5780 Alii
3161 5725 3305 5779 inim
3340 5742 3448 5780 non
3482 5741 3510 5777 ιι

1941 5824 2203 5895 l’upicno,
2247 5821 2339 5878 scd
2384 5836 2413 5876 a
2443 5823 2706 5878 militibus
2735 5821 2972 5876 occisum
3023 5818 3371 5874 Maximinum
3402 5830 3508 5873 tri-
