4014 6196
325 370 453 435 11ἰΞ

1588 380 1989 442 VALLABSII
2021 378 2262 445 NCT/ﬁ.

3420 376 3585 440 ιιος

314 492 493 577 urbem
552 491 951 565 Philoppopolt'n
1010 497 1265 563 condidit,
1301 499 1441 555 nihil
1479 501 1624 557 aliud
1677 504 1886 570 dicunt,
1916 502 2279 569 Alaudamus
2332 501 2516 559 Graeca
2572 515 2638 557 ex
2693 498 2941 557 Paschali
3000 496 3295 563 Chron'co,
3332 499 3424 553 ubi
3472 515 3571 575 par

311 600 470 653 quam
498 588 550 638 in
570 601 702 656 agro
727 586 990 642 Bostreno
1024 590 1295 645 conditam
1330 607 1448 646 eam
1472 593 1658 648 urbem
1692 595 1885 651 fuisse.

312 676 515 731 (Im-tera
589 687 781 731 notant
816 680 1039 748 ipsimet
1071 680 1342 736 diversam
1389 664 1559 739 fuisse
1614 684 1887 756 Philippo-

317 768 480 835 pu’im
518 784 546 820 a
580 768 789 822 Bastris
822 786 886 824 eo
920 772 1059 838 ipso,
1092 773 1237 841 quod
1305 775 1609 840 laudamus,
1645 777 1889 833 teatimo-

316 860 407 912 nio
434 874 494 911 ac
518 861 716 912 verbis.
753 859 1206 917 Luculentissime
1240 874 1419 919 autem
1472 882 1634 921 unam
1666 867 1735 922 ab
1782 867 1888 922 alia

311 951 600 1019 distinguit
638 961 795 1009 vetus
822 954 1013 1007 notitia
1052 953 1307 1009 Ecclesia:
1330 957 1470 1026 apud
1496 956 1752 1013 Carolum
1778 975 1805 1013 a
1826 960 1885 1013 S.

311 1041 498 1107 Paulo,
533 1059 653 1112 qua:
684 1045 736 1097 in
762 1046 977 1099 Arabia:
1016 1047 1292 1112 provincia
1348 1050 1582 1116 primum
1645 1050 1891 1120 Βόστραν

214 1198 219 1201 1
318 1135 676 1201 μητρόπολιν,
728 1136 925 1189 deinde
978 1147 1175 1203 quarto
1232 1154 1461 1194 numero
1508 1140 1890 1196 Φιλιππούπο-

311 1222 395 1277 λιν
434 1227 699 1289 nanninat,
722 1225 966 1295 duasque
997 1229 1333 1298 episcopales
1362 1230 1544 1296 urbes,
1579 1247 1687 1286 non
1727 1247 1888 1287 unam

310 1317 672 1386 eamdemque
700 1322 1292 1395 monstratiexstitissc.

381 1404 501 1460 Cui.
529 1407 657 1464 484.
691 1409 1066 1464 Alexandriam
1116 1411 1367 1483 Ecclesia,
1395 1414 1582 1469 tertius
1632 1414 1889 1471 decimus.

308 1498 469 1554 Juxta
502 1501 720 1557 Eusebii
753 1505 1041 1572 ipsittsutet
1091 1508 1331 1564 rationes
1357 1523 1421 1563 ac
1488 1519 1725 1566 mentem
1775 1511 1895 1567 hac

310 1601 393 1642 est
422 1594 486 1642 ad
517 1593 731 1646 tertium
758 1593 987 1664 Philippi
1015 1612 1216 1650 annum
1244 1596 1500 1665 periocha
1532 1600 1838 1654 revocanda
1869 1615 1888 1656 :

311 1683 582 1750 siquidem
619 1676 896 1739 ilcraclam
922 1697 1043 1755 post
1088 1688 1363 1744 sexdecim
1392 1690 1740 1759 episcopatus
1799 1706 1894 1745 an-

316 1790 414 1829 nos
432 1776 545 1843 (ιιιιί
578 1779 645 1827 ab
681 1794 906 1833 numero
945 1779 1087 1832 29.47
1135 1779 1545 1852 computantur)
1602 1783 1895 1853 Dionysius

1994 594 2223 650 credere
2243 604 2349 660 est,
2374 595 2535 649 obvia
2565 594 2767 666 passim
2815 594 3068 649 litterulae
3106 590 3389 646 metathesi
3436 591 3573 646 seri-

1992 697 2140 755 ptum
2170 687 2227 739 ἒν
2256 685 2510 758 Ἀϐύρτῳ
2561 701 2660 757 pro
2687 683 2959 770 ’A6pdscp.
2994 684 3058 738 Et
3111 682 3327 738 Latinis
3384 680 3573 799 Victor
3601 690 3631 799 ρ

1994 778 2050 831 in
2090 776 2288 843 Deciis,
2322 792 2462 848 quos
2517 776 2705 842 tradit,
2739 767 3009 829 Barbaros
3074 784 3222 828 trans
3273 772 3569 826 Danubium
3602 767 3614 833 ξ

1993 876 2369 938 persectantes,
2428 867 2620 921 Abruti
2692 867 2884 935 fraude
2937 865 3230 920 cecidisse:
3278 864 3588 918 matul'esto»

1995 958 2142 1012 enim
2174 958 2495 1013 mendosum
2529 956 2782 1027 estquod
2824 956 2985 1024 vulgo
3006 956 3272 1013 scribitur
3296 953 3473 1017 Bruti,
3509 961 3575 1009 er
3599 966 3629 1027 ῃ

1995 1062 2027 1102 a
2058 1047 2162 1103 loci
2188 1047 2412 1103 nomine
2436 1046 2503 1103 ad
2554 1048 2791 1102 hominis
2826 1061 3023 1102 nomen
3057 1047 3177 1101 ideo
3222 1045 3569 1109 transfertur,

1994 1139 2141 1208 quod
2171 1138 2414 1193 additum
2435 1138 2505 1193 sit
2528 1138 2737 1207 fraude,
2759 1153 2867 1208 quo
2895 1138 3062 1194 verbo
3084 1138 3333 1195 absolute
3355 1135 3561 1201 Victor,

1994 1238 2051 1286 et
2076 1244 2174 1300 pro
2200 1230 2588 1298 fraudulenter,
2618 1231 2834 1302 tametsi
2856 1232 3035 1285 minus
3070 1230 3264 1285 Latine
3297 1245 3429 1284 usus
3459 1238 3577 1284 est.

1995 1319 2243 1390 Denique
2270 1320 2576 1379 Jornandes
2602 1324 2669 1379 de
2695 1322 2874 1379 Rebus
2924 1323 3100 1379 Getic.
3147 1337 3266 1392 cap.
3300 1320 3368 1377 l8
3396 1339 3411 1376 :
3473 1320 3604 1403 νος-ι

1995 1412 2251 1483 niensqne
2282 1413 2563 1469 Adabritto
2587 1413 2683 1486 (al.
2731 1414 2991 1485 Abrupta)
3049 1413 3251 1469 Maesia:
3292 1414 3591 1479 civitatem,

1997 1502 2379 1573 circumseptus
2401 1521 2435 1558 a
2464 1504 2667 1571 Gothis,
2690 1513 2741 1559 et
2799 1498 2909 1575 ipse
2938 1505 3315 1575 exstinguitur.
3371 1503 3591 1569 Legen-

1996 1595 2127 1650 dum
2153 1594 2227 1650 ibi
2251 1595 2324 1650 ad
2356 1594 2899 1666 Abrittum,conjecit
2929 1605 2986 1650 et
3034 1595 3255 1666 Pagius.
3295 1594 3403 1651 Sed
3461 1596 3597 1665 ipsa

1995 1685 2110 1756 jam
2150 1686 2298 1757 apud
2331 1686 2580 1743 diversos
2637 1699 2891 1743 auctores
2945 1688 3234 1761 scripturae
3285 1688 3589 1743 similitudo

1998 1775 2223 1838 evincit,
2257 1775 2363 1831 locl
2402 1776 2750 1846 ejusnomen
2813 1777 3084 1850 designari
3118 1795 3135 1833 ε
3203 1787 3257 1833 et
3303 1777 3587 1841 Abrutum,

312 1866 545 1932 excepit.
583 1867 756 1921 Etiam
791 1868 842 1920 in
881 1866 1019 1925 llist.
1052 1870 1147 1923 lih.
1181 1886 1256 1932 rt,
1286 1886 1409 1939 cap.
1443 1871 1533 1934 55,
1571 1887 1717 1927 anno
1755 1873 1885 1928 Pbi-
1925 1853 1970 1910 Β
2000 1869 2115 1922 sive
2154 1868 2409 1938 Abrytum
2443 1870 2513 1923 ab
2541 1869 2606 1924 iis
2637 1869 2742 1924 dici
2776 1870 3038 1934 voluisse,
3064 1879 3128 1925 ut
3154 1878 3212 1924 ut
3242 1870 3295 1923 in
3316 1869 3593 1938 ignotiora

317 1957 448 2027 lippi
484 1959 692 2027 imperii
732 1963 914 2025 tertia,
954 1960 1234 2015 llcraclam
1289 1963 1435 2018 diem
1484 1964 1710 2029 abiisse,
1743 1966 1902 2035 eique

316 2051 645 2123 successisse
678 2051 990 2124 Dionysium
1027 2053 1243 2107 scribit.
1267 2052 1414 2108 NLbil
1444 2057 1627 2124 itaque
1651 2057 1874 2110 duhimn

316 2140 449 2209 quin
481 2141 831 2197 librariorum
862 2146 1150 2199 oscitantis
1193 2147 1411 2200 luxatus
1443 2147 1579 2202 ordo
1634 2147 1817 2211 fuerit,
1847 2158 1905 2203 et

316 2237 463 2284 mota
490 2232 609 2287 loco
642 2234 915 2301 periocha,
955 2244 1012 2287 nt
1044 2235 1241 2304 passim
1274 2237 1325 2290 in
1358 2237 1458 2290 hoc
1515 2238 1661 2292 libro
1721 2241 1905 2294 conti-

318 2319 396 2386 git
428 2334 446 2376 :
481 2336 619 2384 non;
644 2323 788 2391 quod
837 2322 1083 2395 Scaliger
1122 2327 1316 2397 jactat,
1352 2325 1577 2396 σφάλμα
1604 2326 1711 2383 hoc
1763 2346 1905 2400 μνη-

324 2412 547 2480 μονικὸν
582 2412 805 2469 Eusebii
837 2430 983 2471 esse.
1298 2421 1301 2425 ’

392 2500 526 2558 lb’id.
576 2504 765 2560 Decius
817 2523 1018 2564 annon.
1054 2511 1097 2565 A
1155 2511 1402 2570 kalendis
1457 2516 1689 2586 Augusti
1737 2515 1905 2582 hujus

322 2594 489 2656 amii,
544 2611 653 2666 quo
722 2599 1010 2670 imperium
1063 2604 1219 2671 iniit",
1267 2608 1334 2662 ad
1396 2612 1734 2680 insequentis
1805 2609 1910 2665 Deo

326 2685 628 2754 cembretn,
661 2689 817 2759 cujus
849 2696 1052 2751 mensis
1075 2697 1231 2752 initio
1280 2699 1603 2757 interfectus
1661 2698 1748 2757 est
1804 2701 1907 2756 De-

328 2775 467 2842 cius,
494 2788 638 2836 unus
665 2795 831 2850 supra
876 2784 1091 2841 Eusebii
1142 2790 1384 2846 rationes
1434 2794 1642 2848 mensis
1683 2803 1738 2849 et
1776 2795 1906 2849 .dies

330 2865 975 2940 sliquotcomputautur.
1028 2879 1234 2949 Exponi
1271 2883 1407 2936 adeo
1458 2885 1743 2939 commode
1797 2886 1906 2940 En-

329 2960 540 3026 tropius
570 2969 625 3015 et
668 2963 853 3019 Victor
885 2957 1108 3031 debent,
1136 2970 1227 3039 qui
1280 2987 1404 3024 eum
1464 2973 1653 3027 dicunt
1703 2977 1908 3031 bienn’o

329 3046 674 3117 imperasse:
719 3055 925 3111 scilicet
956 3073 1057 3111 non
1105 3062 1382 3129 completo,
1415 3079 1536 3132 quae
1585 3064 1695 3119 duo
1745 3068 1904 3120 verba

328 3148 491 3194 vels
545 3157 762 3212 quoque
809 3147 979 3201 codex
1042 3150 1183 3216 apud
1240 3149 1532 3207 llearnium
1581 3155 1906 3212 breviatoris

334 3232 505 3286 textui
557 3233 828 3306 adiungit.
884 3238 1243 3297 Blanehinius
1301 3256 1480 3300 tamen
1526 3259 1713 3302 noster
1758 3250 1905 3305 circa

332 3319 554 3378 Iunium
580 3323 752 3382 fuisse
779 3328 894 3382 vult
919 3328 1137 3385 Decium
1168 3335 1431 3400 occisum,
1456 3338 1700 3408 adeoque
1731 3353 1798 3393 ne
1822 3354 1910 3396 so-

334 3414 501 3469 lidum
543 3420 766 3486 quidem
809 3420 886 3474 illi
922 3438 1125 3476 annum
1170 3428 1318 3495 regni
1354 3429 1625 3483 attribuit.

402 3510 522 3563 Col.
549 3511 672 3566 485.
704 3512 893 3569 Decius
916 3533 944 3570 e
981 3517 1281 3571 Pannonia.
1320 3519 1736 3578 Vetustissimus
1783 3523 1913 3592 qui-

333 3599 454 3653 dam
499 3600 814 3675 Hieronymi
857 3624 960 3660 ms.
991 3607 1388 3681 llavereampio
1423 3612 1477 3667 iu
1514 3613 1664 3670 Notis
1699 3615 1766 3670 ad
1800 3615 1912 3669 Eu-

333 3692 569 3760 tropium
622 3695 887 3765 laudatus,
925 3700 1148 3755 Burdali
1202 3704 1417 3771 praefert
1459 3722 1473 3759 :
1524 3706 1638 3769 alii,
1676 3707 1915 3761 maxime

333 3786 539 3855 vulgati
612 3800 857 3859 veteres,
907 3792 1178 3859 Eudalia,
1233 3795 1421 3851 Vit-tor
1476 3796 1703 3854 Bnbalia
1764 3800 1910 3869 legit.

335 3874 663 3947 ltnpressam
736 3884 1022 3940 lectionem
1096 3889 1355 3943 Antonini
1425 3890 1810 3956 Itinerarium,
1859 3902 1917 3948 cl.

335 3968 478 4023 docti
512 3974 766 4043 plerique
796 3990 988 4031 omnes
1021 3993 1202 4032 veram
1238 3979 1398 4033 unice
1427 3982 1807 4047 comprobant.

410 4060 489 4115 ld.
523 4062 660 4120 Ibid.
694 4065 902 4121 Decius.
935 4107 952 4124 .
985 4109 1000 4125 .
1041 4068 1273 4137 quicum
1310 4070 1600 4143 Philippos.
1627 4073 1805 4143 Atque
1840 4073 1915 4129 ita

342 4151 702 4227 Hieronymus
736 4157 831 4214 lib.
863 4159 931 4213 de
961 4161 1104 4216 Viris
1138 4162 1450 4218 Illustribns
1479 4178 1596 4231 cap.
1619 4164 1689 4217 54
1717 4174 1916 4219 motam

342 4252 415 4297 ait
449 4249 883 4313 persecutionem
917 4268 945 4306 a
978 4254 1165 4319 Decio,
1198 4272 1257 4310 ea
1305 4258 1445 4325 quod
1503 4259 1558 4312 in
1616 4260 1919 4329 religionem

348 4335 573 4405 Philippi
603 4341 892 4405 destruit-et,
918 4361 1067 4414 quem
1098 4356 1147 4400 et
1200 4350 1488 4413 interfecit.
1538 4349 1695 4404 Paria
1742 4348 1917 4406 Euse-

348 4430 470 4482 bius
501 4431 553 4483 in
583 4430 719 4487 llist.
754 4434 851 4492 lib.
880 4451 951 4499 vt,
990 4452 1109 4506 cap.
1144 4439 1231 4500 59.
1252 4440 1357 4494 nisi
1390 4441 1533 4510 quod
1558 4440 1612 4494 in
1637 4455 1699 4494 ea
1730 4455 1916 4510 perse-

2003 1958 2273 2013 vocabulo
2302 1958 2662 2014 describenda
2718 1960 2924 2015 librarii
2977 1959 3272 2030 peccarint.
3320 1959 3589 2015 Pastacus

2007 2058 2062 2103 et
2089 2048 2332 2120 Scal'ger
2357 2051 2469 2122 (cui
2498 2051 2645 2106 nulla
2682 2053 2735 2106 in
2797 2060 2913 2107 toto
2959 2052 3064 2107 hoc
3109 2051 3385 2108 Chronico
3425 2051 3602 2107 dubia

2011 2140 2185 2208 magis
2213 2140 2375 2195 lectio
2404 2139 2531 2212 fuit)
2576 2141 2781 2197 habent
2834 2144 2890 2196 in
2949 2141 3154 2197 Abritta
3182 2158 3201 2197 :
3263 2144 3597 2198 vetustiores

2019 2230 2286 2286 editiones
2316 2232 2373 2286 in
2403 2234 2634 2302 Aprucio
2663 2249 2682 2289 :
2710 2231 3026 2290 Parmensis
3056 2249 3157 2289 ms.
3186 2237 3243 2290 in
3277 2235 3520 2290 Abrutio.

2081 2320 2200 2376 Col.
2259 2321 2387 2379 484.
2471 2323 2659 2379 Gallus
2740 2333 2791 2379 et
2864 2324 3204 2383 Volusianus.
3276 2328 3591 2386 Parmensis

2006 2410 2146 2466 idem
2195 2428 2327 2479 ms.,
2365 2416 2628 2471 mensibus
2692 2417 2746 2473 '5.
2795 2413 2937 2473 Vere
2983 2428 3164 2475 autem
3210 2434 3389 2490 neque
3450 2422 3588 2478 inte-

1998 2500 2162 2572 'grum
2196 2503 2478 2560 biennium
2529 2520 2559 2561 a
2617 2507 2760 2563 Decii
2820 2518 3017 2573 morte,
3069 2509 3304 2568 Gallus:
3346 2520 3459 2567 tum
3521 2514 3593 2569 ab

2006 2591 2321 2662 ilostiliani,
2365 2594 2719 2664 Volusianus,
2748 2599 3128 2671 imperarunt:
3160 2603 3387 2660 omnino
3439 2619 3593 2660 men-

2008 2701 2099 2741 ses
2124 2686 2214 2745 23.
2248 2687 2417 2745 Recte
2439 2688 2577 2745 adeo
2609 2691 2911 2763 Eutropius
2937 2692 3257 2751 interiectos
3278 2710 3373 2751 eos
3426 2697 3587 2761 dixit,

2010 2792 2114 2833 non
2137 2780 2393 2850 completo
2422 2781 2650 2840 biennio.

2079 2870 2197 2926 Col.
2225 2871 2352 2928 485.
2383 2872 2636 2931 Romana:
2660 2876 2915 2933 Ecclesia
2950 2878 3309 2948 episcopatum
3335 2889 3451 2949 post
3481 2879 3594 2934 Fa-

2007 2962 2172 3018 biani.
2205 2964 2372 3020 Addit
2408 2966 2788 3024 Bucherianus
2824 2974 3106 3041 catalogus
3137 2987 3336 3027 menses
3363 2983 3494 3038 tres,
3535 2983 3593 3028 et

2010 3052 2120 3105 dies
2160 3055 2358 3109 decem.
2403 3053 2632 3126 ipsemet
2656 3059 2923 3115 Eusebius
2972 3059 3115 3115 Hist.
3156 3059 3254 3115 lib.
3292 3078 3393 3127 vn,
3438 3076 3490 3119 e.
3532 3062 3593 3129 2,

2013 3141 2191 3199 ἐτεσιν
2212 3148 2359 3217 ἀμφὶ
2380 3149 2448 3203 τὰ
2469 3150 2596 3221 τρια
2620 3153 2988 3221 episcopatum
3014 3154 3256 3209 tenuisse
3278 3153 3591 3210 Cornelium

2017 3237 2233 3293 scribit.
2294 3239 2498 3297 Confer
2564 3252 2744 3298 autem
2820 3243 3042 3311 Paginm
3106 3255 3161 3299 et
3203 3244 3593 3302 Tillemotium.

2019 3329 2359 3387 Vetustiores
2379 3333 2650 3389 editiones
2684 3350 2976 3390 numerum
3003 3346 3118 3391 acto
3147 3336 3215 3391 de
3246 3337 3503 3409 Cypriani
3526 3339 3593 3393 ad

2014 3436 2140 3477 eum
2168 3423 2416 3492 epistolis
2449 3433 2652 3480 tacent.

2088 3511 2229 3570 lbid.
2264 3513 2524 3570 Pestilens
2583 3517 2797 3570 morbus
2858 3516 3076 3583 multas,
3141 3526 3250 3574 etc.
3290 3517 3599 3577 J‘ornandes

2013 3604 2273 3664 laudatus
2326 3616 2487 3663 antea
2550 3607 2868 3677 Scaligero:
2932 3608 3194 3679 Defuncto
3248 3620 3361 3665 tum
3413 3612 3594 3674 Decio.

2013 3695 2204 3752 Gallus
2232 3706 2281 3752 et
2314 3696 2631 3754 Volusianus
2668 3715 2828 3771 regno
2864 3700 3022 3770 potiti
3052 3710 3176 3756 sunt
3206 3701 3593 3771 Romanorum,

2020 3788 2237 3859 quando
2267 3798 2317 3843 et
2351 3791 2599 3860 pestilens
2634 3791 2847 3845 morbus
2875 3805 3003 3858 pene
3054 3792 3213 3847 istius
3268 3795 3596 3848 necessitatis

2015 3879 2325 3943 consimilis,
2351 3889 2408 3934 ut
2438 3896 2533 3936 nos
2564 3890 2687 3936 ante
2715 3882 2809 3936 has
2844 3898 3024 3936 nauem
3052 3899 3219 3938 annos
3268 3884 3473 3954 experti
3501 3900 3600 3939 su-

2016 3986 2155 4033 mus,
2217 3973 2404 4042 faciem
2452 3972 2612 4028 latius
2674 3973 2816 4030 orbis
2868 3974 3105 4044 fadavit,
3153 3993 3317 4044 supra
3383 3979 3599 4043 modum

2015 4066 2227 4131 quoque
2250 4064 2650 4130 Alexandriam,
2683 4067 2948 4136 totiusque
2978 4067 3198 4139 Eyypti
3245 4069 3363 4123 loca
3433 4069 3599 4123 deva-

2019 4164 2192 4218 stans,
2227 4154 2478 4227 Dionysia
2500 4157 2755 4212 historica
2787 4174 2949 4229 supra
3006 4160 3144 4215 hanc
3192 4160 3395 4215 cladem
3424 4161 3602 4231 lacru-

2016 4246 2288 4300 mabiliter
2320 4258 2632 4316 exponente,
2665 4264 2827 4316 quam
2860 4260 2908 4303 et
2963 4260 3145 4306 noster
3170 4251 3481 4319 conscripsit
3509 4268 3599 4306 ae-

2018 4338 2272 4393 nerabilis
2300 4347 2500 4410 martyr
2514 4338 2718 4394 Christi
2745 4339 3016 4411 episcopus
3041 4340 3366 4411 Cyprianus,
3393 4344 3447 4396 in
3466 4341 3599 4397 libra

2019 4426 2170 4495 cujus
2209 4427 2393 4481 titulus
2457 4429 2523 4482 de
2578 4426 2930 4485 Mortalitate.
2967 4428 3225 4485 Crassata
3277 4430 3602 4500 dicituriper

345 4524 562 4577 cutione
592 4527 775 4580 statim
809 4543 904 4597 pro
937 4526 1241 4586 Laurentio
1275 4535 1430 4601 ponit
1460 4531 1760 4588 Fabianum
1806 4531 1906 4587 Ra-

2027 4533 2205 4575 annos
2263 4519 2348 4585 l5,
2381 4519 2626 4591 nihilque
2663 4534 2731 4576 ea
2767 4521 2953 4577 notius
3000 4522 3142 4592 apud
3189 4530 3464 4589 auctores,
3496 4520 3603 4576 Eu-

350 4629 449 4666 tum
476 4618 798 4689 martyrium
839 4622 1154 4689 pertulisse.
1182 4623 1467 4678 Suhnectit
1500 4625 1628 4679 huic
1653 4625 1921 4694 pericopa:

350 4703 592 4772 Scaliger
612 4709 999 4777 grandioribus
1036 4712 1232 4768 litteris
1256 4713 1323 4767 ad
1366 4714 1507 4768 tituli
1536 4716 1729 4781 instar,
1751 4714 1926 4783 Septi-

349 4812 433 4848 mo
460 4795 783 4863 Persecutio,
816 4815 935 4867 quae
961 4801 1152 4867 verba,
1186 4813 1243 4856 ut
1277 4804 1341 4858 de
1369 4803 1492 4859 aliis
1518 4804 1779 4870 diximus,
1798 4803 1924 4859 libri

350 4891 522 4941 nostri
560 4890 835 4961 ignorant.

425 4979 561 5053 Ibid.
623 4984 884 5039 Antonius
946 4986 1254 5042 monachus.
1314 4988 1375 5041 In
1444 4986 1725 5043 Parmensi
1778 5001 1923 5051 ms.,

351 5069 624 5126 Arslranes
668 5085 717 5128 et
752 5074 1030 5131 Fabianus
1052 5078 1299 5147 episcopi,
1328 5088 1436 5134 etc.
1478 5076 1695 5133 Videsis
1752 5076 1929 5133 Euse-

2029 4610 2293 4680 tmpium,
2333 4608 2624 4677 Zonaram,
2667 4611 3002 4679 Cedrenum,
3052 4620 3217 4682 atque
3239 4611 3378 4667 alios
3402 4625 3602 4684 magno

2024 4717 2275 4759 numero.

2097 4792 2213 4847 Col.
2234 4793 2603 4849 485.Noaatus
2624 4794 2919 4865 presbyter.
2945 4793 3150 4850 Confer
3168 4794 3462 4864 ipsummet
3490 4796 3604 4851 Eu-

2027 4884 2239 4940 sebium
2258 4886 2312 4940 in
2347 4885 2551 4942 Histor.
2582 4886 2724 4942 libro
2740 4901 2816 4953 vt,
2838 4900 2959 4953 cap.
2983 4884 3074 4949 45,
3102 4899 3226 4939 cum
3255 4882 3452 4941 Valesil
3484 4882 3603 4943 No-

2029 4977 2099 5031 tis
2130 4993 2145 5041 ;
2173 4976 2327 5033 hisce
2348 4979 2491 5033 enim
2517 4978 2757 5034 otiosum
2786 4976 3264 5039 essetimmarari.

2098 5069 2241 5127 ibid.
2265 5070 2550 5125 Antiochia:
2575 5078 2797 5139 quartus
2824 5068 3081 5121 decimus.
3111 5066 3285 5123 Aliam
3330 5066 3603 5123 subnectit

358 5162 500 5215 hinm
536 5167 587 5217 in
612 5163 752 5221 ilist.
777 5168 895 5224 loco
922 5168 1394 5231 dudumlaudato,
1418 5168 1769 5225 Pearsonium
1795 5183 1931 5239 quo-
2030 5161 2160 5218 huic
2217 5162 2488 5233 pericopas
2544 5162 2811 5230 Scaliger,
2870 5168 3139 5230 repertam
3185 5160 3240 5213 in
3274 5173 3383 5213 uno
3417 5172 3521 5213 ωε.
3547 5157 3602 5212 in

355 5267 463 5319 que
493 5255 685 5309 Annal.
713 5258 971 5330 Cyprian.
1003 5270 1057 5316 et
1086 5259 1311 5328 Pagium
1344 5261 1411 5315 ad
1442 5276 1533 5315 an.
1553 5260 1679 5316 250.

2033 5255 2147 5309 haec
2179 5255 2339 5311 verba
2373 5274 2387 5311 :
2422 5254 2664 5310 Jobeleus
2685 5253 2844 5318 jutsta
2900 5252 3129 5319 maiores
3188 5260 3395 5303 nostros
3427 5264 3446 5301 :
3482 5262 3604 5317 qum

432 5345 566 5403 ibid.
604 5348 788 5405 Decius
818 5368 936 5406 eum
964 5352 1100 5422 ﬁlia.
1154 5355 1445 5418 Ahru‘um,
1493 5353 1611 5407 sive
1664 5353 1929 5424 Abrytum
2034 5346 2145 5403 illis
2170 5355 2453 5417 comparat
2477 5347 2545 5402 de
2573 5346 2680 5400 alio
2705 5343 2927 5400 .Iobeleo
2955 5359 2985 5398 a
3011 5341 3311 5413 majoribus
3329 5339 3604 5393 celebrato

360 5436 414 5490 in
449 5437 634 5494 Moesia
666 5442 793 5506 dici,
823 5459 1135 5515 quanquam
1166 5444 1386 5513 ignotus
1438 5444 1528 5498 ille
1571 5456 1665 5511 est
1702 5458 1933 5514 geogra-

2033 5448 2161 5495 ante
2186 5455 2356 5496 annos
2386 5439 2456 5495 68
2484 5439 2584 5495 sub
2615 5439 2837 5503 Severo,
2879 5446 2932 5494 et
2967 5436 3096 5506 quid
3132 5433 3237 5490 sibi
3274 5432 3474 5497 velint,
3513 5423 3616 5485 ine?

364 5531 490 5599 phis
518 5534 693 5596 locus.
716 5536 879 5590 multa
908 5552 992 5591 me
1014 5536 1290 5591 adducunt
1318 5545 1375 5589 ut
1404 5534 1735 5591 credam.Et
1758 5533 1936 5603 primo
2036 5543 2210 5601 genue
2258 5545 2319 5586 se
2373 5528 2657 5600 prolitetur
2703 5528 2976 5600 ignorare,
3038 5540 3161 5580 cum
3216 5523 3271 5578 in
3326 5522 3430 5578 hac
3477 5521 3602 5592 ipsa

366 5626 617 5683 laudatus
646 5627 903 5700 Syncello
932 5629 1206 5700 Dexippus
1236 5644 1355 5700 pag.
1385 5628 1492 5683 299
1525 5645 1538 5682 :
1567 5627 1758 5689 Δέκιος
1781 5627 1932 5681 ἀναιο

370 5716 647 5784 peltas,“
689 5718 941 5789 Ἀσρύτῳ
971 5719 1048 5790 τῷ
1068 5719 1350 5790 λιγομένῳ
1393 5718 1545 5788 φόρῳ
1594 5717 1932 5788 Θεμσρονίῳ,

2037 5622 2351 5694 recepsione
2374 5636 2552 5678 annus
2593 5620 2733 5676 desit
2770 5617 3042 5689 explenda
3083 5614 3314 5671 Judaico
3358 5612 3603 5673 Jobeleo.

2038 5714 2320 5771 biennium
2361 5712 2686 5768 Ensebiauo.
2715 5708 3010 5765 Praestahat
3037 5705 3321 5761 enimvero
3352 5703 3605 5782 codirgm

366 5824 483 5866 sive
507 5811 887 5885 Θεριόρωνεῳ,
923 5812 993 5867 al.
1066 5810 1412 5883 Gepapsvltp.
1471 5808 1607 5866 Tum
1645 5810 1781 5878 ipsa,
1811 5824 1933 5875 qua:
2043 5806 2273 5863 aliorum
2306 5805 2570 5866 omnium,
2602 5802 2692 5865 qui
2735 5799 2869 5855 nihil
2902 5797 3099 5855 habent
3133 5793 3425 5867 ejusmodi,
3455 5795 3607 5863 sequi
