4014 6196
437 280 568 341 li07

1708 272 2100 332 VALLARSII
2145 271 2360 333 NOTAE

3530 270 3670 335 1108

435 400 616 460 fidem,
649 409 972 464 merumque
1005 393 1151 450 istud
1184 393 1415 448 studiosi
1453 391 1687 462 alicujus
1721 391 1994 462 glossema
2025 405 2069 463 Α
2100 409 2206 463 que
2223 394 2541 449 consulatus
2568 408 2634 448 ex
2665 403 2816 465 parte
2842 391 3116 447 inridebat
3151 410 3164 446 :
3197 407 3315 462 quae
3355 406 3522 447 causa
3557 392 3679 446 fue-

435 505 713 558 respuere.

501 583 619 638 Col.
649 581 773 635 483.
832 580 1083 634 Romana:
1132 576 1379 632 Ecclesia:
1442 577 1816 644 episcopatum.
1876 574 1997 631 Uno

436 673 768 726 minusdicit
799 670 1111 725 Parmensis
1147 687 1248 726 ms.
1311 669 1425 723 sive
1477 677 1692 737 septem,
1732 683 1853 720 cum
1890 682 1998 720 uno

434 765 551 834 plus
582 764 762 817 dit-ene
786 763 1144 833 praestitisset,
1178 761 1293 814 sive
1343 775 1541 812 uocent.
1576 757 1651 811 Ita
1677 758 1839 810 etiam
1870 755 1997 810 Ste-

435 853 596 919 plsani
639 852 813 905 tribus
838 852 997 905 annis
1023 850 1246 904 totidem
1286 863 1526 910 menses,
1561 855 1616 900 et
1645 847 1850 912 aliquot
1881 847 1998 900 dies

433 944 804 1012 sup‘raddunt
835 943 1152 1010 chrooologi
1206 943 1556 993 recentiores.
1613 938 1731 991 Mox
1783 938 1849 992 de
1898 938 1999 1006 Cy-

431 1035 607 1100 priani
638 1033 907 1102 epistolis,
941 1047 1063 1100 quae
1089 1041 1204 1085 octo
1251 1031 1573 1084 dicelzantur
1607 1030 1657 1082 iu
1691 1028 1998 1083 Pontacena

430 1127 684 1186 editione,
747 1140 845 1179 nos
891 1125 1221 1179 numericam
1291 1131 1474 1175 notam
1523 1121 1888 1189 expunximus
1931 1121 1996 1174 ad

431 1211 744 1268 Parmensis
779 1255 792 1273 .
844 1215 1186 1282 aliorumque
1244 1212 1485 1268 melioris
1555 1221 1696 1266 notze
1748 1211 1995 1266 codicum

434 1305 616 1368 tidem,
666 1307 848 1374 reique
905 1305 1208 1359 veritatem.
1254 1303 1555 1372 irrepserat
1601 1302 1690 1356 illa
1725 1317 1790 1356 ex
1841 1317 1997 1373 supe-

433 1398 576 1450 r'ore
605 1398 960 1464 epistularum
993 1396 1058 1450 ad
1089 1395 1400 1450 Cornelium
1428 1393 1719 1448 mentione.

499 1486 614 1539 Col.
642 1488 764 1541 485.
795 1485 1050 1552 (ἱαιιιιεζει
1099 1486 1508 1540 Vo!usinuus....
1548 1483 1871 1538 Interamna
1918 1485 1999 1537 in-

432 1577 634 1644 terfecti
657 1585 801 1631 sunt.
835 1577 891 1629 ltt
922 1575 1202 1631 Parmensi
1239 1591 1340 1629 tns.
1369 1574 1508 1644 apud
1548 1574 1873 1639 lnteramue,
1900 1589 1998 1644 pro

430 1667 821 1722 Interamnam.
856 1669 1033 1736 Atque
1061 1671 1167 1722 hoc
1221 1684 1386 1722 unutn
1442 1668 1574 1722 dicit
1621 1666 1936 1734 Eutmpius,
1965 1683 1994 1720 a

2103 486 2174 537 rit
2205 499 2304 538 cur
2335 486 2472 540 alter
2501 501 2530 540 a
2552 485 2822 539 Trebellio
2858 485 3128 549 Pollione,
3192 484 3330 537 alter
3380 492 3610 539 notetur
3645 500 3677 538 a

2103 575 2454 630 Cassiodoro.
2474 577 2740 637 Caeterum
2770 575 2836 629 ab
2859 575 3119 643 Eutropio
3144 575 3378 628 maxima
3399 589 3462 628 ex
3498 582 3676 641 parte,

2102 682 2225 736 quae
2254 667 2343 722 ltic
2371 678 2722 723 recensentur
2745 669 2847 722 θυι)
2874 666 3124 722 Gallieno
3181 676 3356 736 gesta,
3383 667 3675 732 desumpta

2103 768 2250 813 sunt.
2284 758 2597 813 Parmensis
2630 775 2736 813 ms.
2787 754 3062 824 perGetas
3113 757 3242 826 legit
3303 773 3403 826 pro
3452 756 3678 812 Gothos.

2173 847 2309 902 Ibid.
2391 848 2640 904 Romana:
2716 847 2964 902 Ecclesia:
3052 848 3328 902 uicesimus
3413 858 3673 913 quartus.

2101 939 2240 1006 Quin
2271 941 2415 995 solos
2444 955 2658 1005 novem,
2691 949 2911 1014 tresque
2946 951 3180 1001 menses,
3214 947 3268 991 et
3312 937 3431 991 dies
3479 936 3671 989 decem

2105 1033 2474 1101 poutiticatum
2546 1033 2782 1086 tenuisse
2833 1047 2958 1084 eum
3021 1040 3305 1084 autumant
3351 1027 3675 1096 cbronologi

2104 1123 2463 1178 recentiores.
2521 1121 2596 1177 Ex
2651 1122 2976 1176 Bucheriani
3047 1131 3227 1175 autem
3270 1121 3501 1188 catalogi
3552 1134 3678 1173 rer-

2102 1215 2206 1279 bis,
2234 1231 2299 1268 ea:
2338 1216 2420 1269 die
2475 1230 2528 1270 ιι
2571 1213 2918 1269 kalendarum
2980 1213 3228 1282 Augusti,
3280 1209 3579 1263 Ᾱῐηιῐιίαηο
3621 1220 3671 1261 et

2102 1303 2270 1359 Basso
2295 1320 2452 1368 coss.,
2500 1320 2660 1372 usque
2689 1306 2743 1356 in
2775 1304 2910 1357 diem
2978 1318 3049 1356 vn
3107 1301 3357 1355 kalendas
3386 1297 3681 1363 Januarii,

2101 1411 2237 1449 coss.
2268 1394 2495 1451 Claudio
2525 1403 2574 1448 et
2609 1393 2860 1458 Paterno,
2889 1394 3093 1449 sedisse
3135 1407 3258 1447 eum
3313 1391 3534 1455 colligas-
3568 1404 3672 1439 an-

2102 1502 2202 1542 nos
2229 1490 2437 1554 decem,
2491 1500 2707 1541 menses
2749 1487 3010 1554 quinque,
3065 1485 3182 1539 dies
3247 1494 3504 1552 quatuor.
3559 1480 3671 1534 Sed

2103 1594 2279 1648 neque
2305 1578 2423 1648 ejus
2461 1578 2583 1632 libri
2619 1588 2764 1633 certa
2789 1577 2920 1632 lldes
2943 1589 3008 1630 eo
3029 1576 3132 1630 loci
3168 1584 3271 1630 est.

2172 1670 2291 1725 Cal.
2316 1670 2441 1725 486.
2476 1670 2780 1726 Odenatltus
2828 1670 3063 1724 decurio.
3094 1668 3174 1722 Ita
3221 1677 3274 1722 et
3326 1666 3494 1720 Sesto
3531 1665 3676 1719 Rufo

426 1775 536 1826 quo
563 1760 680 1827 ipsa
714 1762 829 1814 haec
860 1761 1114 1828 periocha
1172 1767 1426 1829 excerpta
1475 1769 1583 1825 est,
1642 1769 1777 1812 utet
1808 1759 1996 1814 subse-
2028 1775 2072 1832 Β
2101 1762 2375 1830 scribitur,
2415 1762 2720 1818 Odeuathus
2775 1764 2984 1816 decurio
3049 1761 3398 1828 Palmyrenus
3448 1757 3675 1810 collecta

427 1860 654 1920 quentes
706 1849 964 1917 majorem
999 1859 1229 1915 partem.

497 1941 634 1995 Ibid.
693 1941 946 1995 Romana:
985 1941 1232 1996 Ecclesia:
1275 1941 1635 2008 pontiﬁcatum
1666 1942 2002 2010 suscepit“...

431 2029 660 2100 Xystus.
688 2031 824 2085 Aliis
855 2032 1058 2085 Sixtus.
1125 2031 1198 2084 Dc
1229 2033 1346 2099 ejrs
1390 2034 1535 2086 varia
1587 2031 1821 2086 nominis
1872 2033 2004 2086 scri-

427 2136 582 2193 ptura
615 2125 789 2179 recole
811 2141 930 2195 qua
963 2127 1208 2197 superius
1233 2128 1296 2180 ad
1331 2125 1550 2196 Xystum
1579 2126 1596 2179 Ι
1629 2128 2001 2181 observamus.

432 2215 724 2270 llissidium
773 2216 949 2285 majus
993 2225 1076 2270 est
1120 2217 1260 2270 inter
1316 2228 1566 2271 auctores
1627 2217 1694 2271 de
1747 2216 2003 2284 temporis

431 2309 604 2375 spatio
635 2323 744 2378 quo
793 2309 1085 2363 Ecclesium
1127 2308 1316 2364 tenuit.
1375 2308 1450 2362 Ac
1491 2325 1557 2362 ne
1618 2310 1732 2378 ipse
1782 2308 2000 2377 quidem

427 2400 530 2453 sibi
550 2409 763 2454 constat
785 2397 1048 2454 Eusebius
1066 2401 1208 2454 Hist.
1241 2401 1332 2453 lib.
1371 2415 1466 2465 tm,
1499 2414 1616 2466 cap.
1647 2400 1738 2463 27,
1771 2399 1859 2454 ubi
1887 2398 2004 2451 ἔτει

431 2503 516 2540 σιν
550 2490 766 2553 ἕνδεκα,
792 2496 943 2544 annis
968 2491 1231 2556 undecim,
1259 2492 1538 2560 praefuisse
1559 2506 1683 2544 eum
1728 2490 1884 2546 dicit.
1918 2489 1997 2543 Tu

432 2580 554 2634 side
584 2581 832 2651 Pagium,
872 2583 1229 2638 Peatsoninm
1264 2596 1479 2652 quoque
1528 2580 1581 2634 in
1635 2579 1833 2635 Annal.
1890 2578 1998 2652 Cy-

431 2672 605 2739 prian.
631 2680 684 2725 et
715 2675 782 2726 de
809 2674 1225 2743 success.pritn.
1267 2673 1424 2725 Rom.
1449 2670 1690 2742 episeOp.
1709 2672 1929 2727 dissert.
1956 2686 1993 2733 t.

431 2780 551 2830 cap.
585 2765 671 2830 10,
702 2777 752 2819 et
783 2765 992 2820 Bullum
1024 2764 1242 2820 Dolens.“
1275 2763 1391 2818 Fid.
1455 2766 1596 2825 Nic.,
1617 2765 1813 2834 quibus
1860 2764 1998 2819 adde

436 2871 547 2922 ante
574 2856 632 2911 P.
665 2857 1016 2913 Constantius
1058 2858 1296 2925 disputat
1329 2857 1380 2908 in
1433 2855 1672 2910 editione
1702 2871 1796 2909 sua
1828 2856 1992 2925 EpiSI.

429 2944 725 3000 Romanor.
787 2948 1108 3002 Pontiﬁcum
1159 2948 1212 3001 in
1285 2947 1474 3016 Xysto.
1520 2947 1618 3001 Ms.
1683 2945 1994 3002 Parmensis

429 3056 609 3094 novem
648 3043 722 3095 illi
753 3058 924 3095 annos
951 3043 1156 3096 tribuit.

2114 1851 2372 1923 Syrorum
2399 1855 2680 1922 agrestium
2729 1871 2910 1917 manu,
2939 1863 3046 1910 etc.
3075 1869 3092 1918 ;
3123 1866 3280 1920 quem
3327 1851 3508 1904 locum
3552 1849 3678 1901 Iau-

2109 1943 2260 1999 davit
2285 1958 2412 2000 ante
2437 1961 2537 2001 nos
2582 1946 2840 2017 Scaliger.
2877 1946 2981 2001 Sed
3021 1960 3190 2016 quare
3247 1945 3471 1999 decurio
3507 1955 3677 1994 voce-

2109 2041 2218 2101 tur,
2259 2037 2480 2091 omnino
2507 2052 2725 2092 causam
2772 2037 3018 2104 ignorare
3069 2034 3340 2104 professus
3366 2044 3486 2088 est:
3519 2033 3679 2086 deni-

2107 2138 2217 2192 que
2238 2125 2611 2193 accipiendum
2644 2124 2781 2178 dixit
2827 2125 2985 2179 obvio
3037 2138 3226 2185 sensu,
3276 2136 3383 2190 quo
3446 2121 3679 2188 curialis

2107 2215 2391 2284 municipii
2442 2215 2748 2286 Palmyreni
2821 2215 3190 2285 signiﬁcatur,
3246 2215 3478 2267 maxime
3548 2226 3676 2264 cum

2105 2320 2228 2359 eum
2258 2305 2541 2374 Agathias,
2591 2316 2718 2360 ante
2752 2314 2961 2375 partam
3015 2305 3080 2358 de
3113 2304 3315 2372 Sapore
3360 2302 3677 2362 sicteriam,

2104 2398 2398 2452 obscurum
2426 2400 2699 2452 hominem
2725 2409 2903 2453 vocet.
2936 2398 3098 2467 Atqui
3124 2396 3391 2452 Trebellio
3438 2394 3677 2449 Pollioni

2102 2491 2344 2560 princeps
2371 2490 2743 2559 Palmyrenus,
2790 2490 3026 2558 itemque
3053 2487 3276 2543 Zosimo
3319 2496 3373 2540 et
3403 2485 3678 2554 Procopio

2105 2581 2290 2650 ἄρχων
2342 2581 2683 2650 appellatur:
2739 2581 2912 2650 ipsum
2971 2579 3206 2648 denique
3247 2593 3443 2633 nomen
3501 2578 3672 2630 decu-

2102 2673 2687 2742 rionisinterpretatur
2714 2673 2768 2726 in
2829 2671 3068 2741 antiquis
3115 2671 3314 2740 glossis
3365 2670 3663 2739 δεκάρῃς,

2099 2774 2147 2818 et
2172 2764 2532 2833 δεκαδάρχης,
2565 2773 2617 2816 et
2649 2762 2946 2834 λοχάρχης,
2972 2775 3137 2832 atque
3168 2764 3254 2817 bis
3289 2761 3511 2822 similia.
3542 2763 3676 2830 qui-

2101 2859 2201 2910 bus
2229 2855 2478 2924 princeps
2523 2856 2674 2909 locus
2707 2863 2762 2909 et
2818 2855 3052 2923 dignitas
3101 2854 3398 2908 indicatur.
3452 2849 3671 2906 Nomen

2102 2962 2263 3014 porro
2289 2959 2341 3000 et
2373 2948 2560 3016 ipsum
2603 2947 2874 3002 Odenatus
2937 2947 3077 3016 apud
3126 2946 3343 3000 Cracos
3370 2945 3678 3015 aspiratur,

2106 3040 2244 3104 apud
2279 3054 2413 3106 quos
2437 3041 2584 3090 varia
2620 3039 2883 3106 scriptura
2919 3045 3020 3101 est,
3047 3036 3326 3096 Ὀδέναοος
3352 3046 3405 3090 et
3424 3035 3678 3089 Ὀδαιναο

499 3131 637 3185 ibid.
704 3132 944 3186 Valerius
1016 3135 1071 3186 in
1131 3133 1480 3190 Christianos.
1541 3133 1812 3204 Praeponit
1867 3113 2068 3190 huicC
2101 3131 2544 3195 60c.ctveteris,
2603 3139 2661 3183 ut
2697 3131 2870 3191 aiunt.
2928 3131 3132 3183 nummi
3188 3127 3590 3193 'OAHNASOE.
3623 3139 3678 3182 et

429 3221 696 3288 periocha:
726 3220 986 3291 Scaliger,
1021 3239 1180 3291 quem
1230 3225 1483 3294 ignorant
1532 3225 1652 3279 libri
1702 3225 1813 3291 alii,
1869 3229 1997 3280 titu-

429 3311 542 3364 lum
603 3311 804 3366 Octava
844 3317 1153 3382 persecutio.
1204 3317 1355 3381 Quod
1411 3317 1605 3386 quaerit
1651 3319 1715 3369 de
1759 3325 2001 3388 tempore

427 3417 535 3468 quo
568 3400 770 3472 Xystus
830 3413 882 3457 et
905 3414 1012 3474 quo
1046 3406 1348 3476 Cyprianus
1395 3409 1709 3477 martyrium
1740 3409 1996 3476 obierint,

429 3494 604 3548 disces
633 3512 662 3547 a
691 3495 928 3550 laudatis
959 3499 1118 3552 modo
1149 3497 1314 3567 Pagio
1355 3508 1406 3553 et
1452 3500 1768 3569 Pearsmtio,
1837 3512 1998 3572 atque

435 3586 561 3643 aliis
600 3589 998 3643 recentioribus
1027 3591 1116 3658 qui
1146 3605 1332 3644 eorum
1384 3591 1700 3660 pontiﬁcum
1753 3603 1870 3648 acta
1912 3595 1997 3649 di-

431 3677 786 3747 ligentissime
811 3681 1090 3750 prosecuti
1117 3690 1264 3735 sunt.

497 3764 636 3825 Ibid.
679 3771 962 3824 Alemanni
1027 3773 1338 3828 πειρήθη..
1393 3772 1621 3837 ϐνανεὶα,
1662 3777 1991 3832 Macedonia.

430 3861 691 3932 Scaliger,
715 3865 806 3932 qui
835 3864 904 3917 ab
950 3879 1094 3917 anno
1143 3857 1440 3920 'Caracalla':
1497 3868 1746 3936 septimo,
1815 3880 1872 3921 ut
1921 3853 1996 3922 ibi

424 3956 1080 4022 exposuimus,continuo
1103 3954 1357 4024 deinceps
1383 3958 1509 4010 anni
1540 3959 1996 4014 tnetachronismo

427 4055 641 4112 peccat,
675 4046 776 4100 ltoc
803 4055 982 4099 tamen
1013 4055 1222 4113 gestum
1268 4046 1437 4114 (quod
1492 4063 1614 4100 cum
1674 4051 1994 4116 przecedenti

428 4136 678 4204 proxime
709 4150 812 4189 una
833 4136 973 4189 serie
999 4134 1308 4206 conjungit)
1348 4151 1491 4190 novo
1540 4152 1732 4193 errore
1793 4140 1858 4194 ad
1900 4157 1996 4194 an-

425 4239 558 4279 num
581 4224 747 4279 refert
781 4225 1006 4296 hujusce
1067 4224 1389 4297 olympladis
1454 4229 1711 4296 primum.
1765 4238 1991 4284 etnum.

424 4315 585 4371 227⁵1.
618 4315 994 4372 Hallucinatur
1020 4317 1213 4372 deinde
1238 4317 1292 4371 in
1329 4334 1396 4372 eo
1433 4320 1595 4373 ctiam
1630 4321 1770 4389 quod
1792 4322 1886 4384 ait,
1915 4321 1993 4377 illi

2105 3220 2306 3275 Zosimi
2335 3221 2646 3285 Ὀδάναθοξ,
2669 3233 2724 3275 et
2747 3221 2993 3290 Procopii
3041 3221 3356 3291 Ὀδονάθης,
3383 3231 3487 3274 etc.

2170 3311 2288 3366 Col.
2316 3313 2440 3366 488.
2479 3313 2668 3368 Gallice
2692 3329 2784 3382 per
2812 3313 3174 3366 Postltttmum.
3201 3313 3266 3384 ln_
3294 3313 3528 3367 nummis
3554 3313 3677 3368 sine

2102 3403 2434 3472 aspiratione
2500 3401 2882 3457 POSTUMUS.
2919 3400 3137 3459 Videsis
3177 3400 3499 3473 Eutropium
3555 3405 3658 3458 lib.

2102 3510 2177 3558 nt,
2219 3509 2340 3563 cap.
2381 3495 2434 3548 9.

2173 3585 2306 3639 Ibid.
2352 3585 2625 3641 Claudius.
2667 3583 3017 3640 Recentiores
3042 3582 3374 3654 chronologi,
3402 3583 3597 3653 Pagius
3619 3593 3672 3638 ct

2103 3673 2689 3745 Relandus,'col:igunt
2717 3691 2754 3728 r.
2777 3690 2972 3744 guasse
2999 3675 3279 3730 Claudium
3308 3675 3495 3730 solidis
3526 3675 3669 3729 don-

2101 3771 2201 3823 bus
2222 3771 2399 3835 annis,
2423 3779 2478 3823 et
2527 3785 2620 3824 ses
2657 3769 2768 3824 fere
2799 3769 3097 3823 mensibus.
3127 3768 3232 3821 Eos
3259 3768 3424 3821 adito.
3457 3769 3558 3821 Alii
3582 3767 3669 3821 di-

2101 3873 2256 3925 cunt,
2288 3875 2434 3914 anno
2465 3875 2592 3925 uno,
2629 3861 2909 3915 mensibus
2941 3862 3150 3924 decem,
3182 3860 3377 3914 diebus
3405 3861 3669 3928 quinque.

2169 3952 2286 4004 Col.
2341 3952 2465 4007 487.
2520 3950 2586 4003 1η
2614 3953 2944 4005 Alexandria
2978 3968 3083 4005 una
3118 3968 3265 4019 pars.
3301 3951 3673 4019 lleprcltendit

2101 4044 2392 4098 Eusebium
2425 4043 2665 4114 Scaliger
2703 4044 3122 4114 ἀνιστορησίας,
3154 4045 3298 4113 quod
3329 4046 3529 4098 relcrat
3563 4041 3670 4096 sub

2097 4134 2322 4190 Claudio
2364 4147 2571 4204 gestuin
2622 4136 2761 4206 quod
2829 4134 2933 4190 sub
3019 4135 3312 4190 Aureliano
3377 4135 3671 4204 contigisse

2098 4227 2420 4280 Ammianus
2476 4225 2820 4282 Marcellinus
2875 4236 3107 4283 testatur
3162 4226 3256 4280 lib.
3303 4241 3436 4288 nit,
3471 4228 3563 4280 ubi
3600 4227 3669 4278 de:

2100 4316 2427 4371 Alexandria
2471 4317 2743 4386 loquens:
2794 4317 2875 4370 Ad
2931 4319 3197 4382 ultimum,
3247 4317 3443 4383 inquit,
3479 4317 3664 4368 multis

427 4407 680 4460 nimirum
706 4421 850 4460 anno
870 4422 1170 4475 congruere
1204 4407 1459 4463 Trebellii
1495 4409 1764 4466 Pollionis
1835 4412 1990 4467 testi-
2024 4439 2070 4494 Β
2096 4420 2214 4479 post
2244 4413 2417 4475 annis,
2442 4411 2728 4464 Aureliano
2759 4411 3037 4480 imperium
3063 4420 3266 4481 agente,
3290 4410 3663 4479 eieilibusjur-

425 4499 694 4563 monium,
726 4499 819 4567 qui
846 4498 1059 4562 scribit,
1092 4499 1194 4554 hoc
1224 4509 1400 4552 actum
1461 4501 1711 4556 Gallieno
1765 4513 1818 4555 et
1850 4503 1989 4557 Fau-

425 4587 568 4640 stino
615 4602 791 4654 coss,
853 4602 976 4640 cum
1026 4590 1098 4642 sit
1148 4591 1370 4644 omnino
1409 4607 1438 4644 e
1492 4591 1690 4658 Fastis,
1735 4603 1994 4664 rectaque

426 4677 882 4746 t'lil'OttologOI‘llm
919 4681 1304 4749 supputatione
1366 4684 1738 4749 perspicuum,
1805 4699 1990 4739 eorum

428 4771 802 4824 consulatibus
828 4771 1204 4841 insequentem
1239 4789 1466 4835 annum,
1538 4775 1695 4844 hujus
1729 4775 1993 4847 olympia-

427 4860 510 4913 dis
530 4863 848 4926 secundum,
892 4877 988 4917 seu
1047 4879 1202 4918 num.
1256 4864 1398 4918 9278
1439 4867 1749 4933 designari;
1784 4869 1876 4922 sed
1925 4884 1991 4923 eo

433 4951 612 5004 minus
630 4951 936 5015 ferendum.
987 4954 1134 5022 quod
1162 4963 1363 5009 temere
1393 4959 1598 5020 subdit,
1631 4958 1888 5020 delirare,
1931 4969 1992 5013 ut

428 5044 589 5110 solet,
643 5043 1052 5109 Cassiodorum,
1110 5047 1202 5114 qui
1242 5055 1452 5115 gestum
1529 5047 1584 5102 in
1643 5050 1988 5104 consulatum

424 5137 604 5190 Albini
635 5144 686 5190 et
711 5136 982 5190 Maximini
1016 5139 1267 5202 conjecit.
1315 5136 1409 5192 llis
1440 5140 1726 5194 enimvero
1786 5156 1990 5196 consu-

427 5227 568 5282 libus
611 5228 697 5281 hic
728 5230 844 5296 ipse
868 5241 1046 5282 annus
1075 5230 1265 5285 tertius
1312 5230 1659 5301 Olympiadis,
1696 5240 1749 5286 et
1797 5247 1991 5286 nume-

426 5335 520 5374 rus
551 5331 790 5382 notatur,
819 5319 885 5373 ad
921 5335 1081 5387 quem
1115 5321 1283 5378 fuisse
1310 5326 1377 5377 ab
1441 5326 1676 5379 Eusebio
1733 5327 1986 5385 relatum.

420 5427 542 5466 cum
586 5423 793 5465 toleres
831 5412 953 5467 libri
989 5413 1228 5480 plerique
1250 5430 1440 5470 omnes
1468 5417 1598 5471 editi
1633 5433 1787 5487 teque
1829 5429 1992 5486 atque

425 5522 557 5562 mss.
597 5516 864 5562 testantur
906 5525 919 5560 :
961 5518 1070 5561 tum
1101 5524 1230 5562 vero
1282 5511 1394 5579 ipse
1418 5513 1797 5578 Cassiodorus,
1827 5530 1988 5582 quem

429 5599 494 5651 ad
519 5598 884 5653 Eusebianum
915 5601 1192 5669 exemplar
1233 5602 1476 5657 rationes
1530 5620 1660 5659 suas
1716 5607 1985 5674 exegisse,

430 5689 566 5744 nihil
593 5698 674 5744 est
707 5689 949 5746 dubium.
988 5689 1166 5747 Facile
1191 5693 1353 5748 etiam
1386 5696 1471 5748 ltic
1498 5711 1670 5749 annus
1696 5698 1746 5748 itt
1781 5699 1984 5749 utrius-

2097 4503 2194 4572 git's
2233 4502 2301 4555 ad
2345 4503 2645 4572 _certamina
2699 4503 3022 4556 interuecina
3050 4501 3334 4570 prolapsis,
3370 4502 3665 4570 dirutisque

2094 4569 2370 4654 omnibus,
2390 4593 2565 4646 amisit
2592 4594 2849 4660 regionem
2877 4595 3186 4655 maximam,
3215 4608 3330 4662 quae
3366 4590 3665 4644 Brnchium

2094 4683 2485 4754 appellabatur.
2534 4683 2598 4736 Et
2627 4682 2874 4738 Valesius
2906 4683 3124 4752 quidem
3160 4684 3273 4752 ipse
3308 4683 3453 4737 hunc
3481 4684 3662 4737 locum

2096 4775 2332 4834 inNotis
2357 4779 2420 4829 ad
2458 4775 2669 4829 Eusebii
2693 4775 2830 4830 Hist.
2866 4777 2958 4829 lib.
3001 4791 3096 4839 vn,
3121 4790 3243 4845 cap.
3266 4775 3358 4838 32,
3391 4775 3463 4828 ita
3499 4787 3664 4844 atque

2096 4868 2338 4935 Scaliger
2363 4869 2590 4936 accepit.
2630 4867 2814 4920 Maluit
2846 4876 3023 4922 tamen
3073 4867 3296 4921 Eusebii
3328 4868 3660 4920 sententiam

2093 4959 2244 5026 sequi
2278 4958 2347 5011 ob
2385 4958 2538 5020 alias,
2567 4973 2703 5027 quas
2736 4958 2964 5020 recolas,
3017 4958 3065 5012 si
3101 4959 3252 5021 libet,
3312 4958 3454 5022 apud
3501 4974 3654 5023 eum,

2093 5065 2307 5106 causas.
2349 5049 2474 5102 Erat
2499 5065 2636 5104 vero
2670 5050 2834 5119 (quod
2864 5057 2917 5104 et
2947 5047 3142 5117 Pagius
3169 5052 3234 5103 ad
3283 5066 3492 5103 annum
3517 5050 3652 5111 9.69.

2095 5143 2352 5206 num.ll,
2388 5143 2593 5211 pridem
2633 5141 3038 5210 animadvertit)
3085 5141 3474 5212 intelligendus
3530 5144 3661 5196 Am-

2095 5233 2312 5288 mianus
2341 5234 2407 5287 de
2442 5233 2746 5303 posteriore
2767 5232 2871 5286 alia
2898 5233 3188 5297 seditione,
3227 5243 3394 5302 atque
3418 5235 3660 5297 excidio,

2093 5324 2236 5390 quod
2265 5323 2366 5378 sub
2400 5324 2696 5377 Aureliano
2725 5325 3014 5392 contigerit
3043 5340 3064 5378 ι
3091 5325 3142 5378 id
3184 5325 3327 5392 quod
3373 5325 3536 5377 etiam
3567 5341 3662 5379 ve-

2095 5417 2210 5470 nire
2239 5415 2516 5485 Scaligero
2541 5416 2591 5468 in
2628 5423 2863 5468 mentem
2897 5415 3055 5468 facile
3083 5417 3371 5483 pntuisset,
3415 5433 3481 5471 ex
3510 5417 3653 5469 alia-

2094 5523 2234 5570 rum,
2265 5522 2402 5578 quas
2425 5509 2494 5562 ibi
2533 5515 2719 5560 narrat
2772 5505 3058 5566 Eusebius,
3093 5506 3450 5560 historiarum
3503 5523 3658 5561 como

2095 5603 2379 5666 paratione
2413 5599 2498 5668 (ac
2551 5599 2838 5668 praecipue'
2874 5597 2941 5651 de
2972 5597 3245 5658 Anato!iu,
3299 5598 3392 5666 qui
3429 5597 3653 5654 Brncbii

2093 5694 2374 5750 obsidione
2393 5693 2587 5758 soluta,
2610 5693 2662 5746 in
2681 5691 2889 5762 Syriam
2912 5691 3209 5761 migravit),
3231 5691 3334 5746 nisi
3357 5691 3515 5746 aliter
3535 5691 3658 5748 οη)-
