3974 6192
451 301 583 365 lli!

1722 305 2131 366 VALLARSII
2173 297 2411 365 ΝυΤι-Ε.

3547 299 3668 368 lli!

443 428 557 481 ma,
584 413 675 482 qui
720 430 898 470 almus
941 417 1233 485 putabatur
1270 434 1298 471 a
1339 417 1552 472 colonia
1586 415 1818 472 deducra
1867 415 1970 469 574
1995 453 2011 480 ,
2046 423 2090 476 Α
2120 415 2313 476 currit,
2343 426 2467 466 cum
2501 409 2842 466 Bucheriano
2881 407 3138 479 Catalogo
3161 406 3504 464 recentiores
3533 410 3681 463 chro-

444 511 698 578 congruit
746 525 872 563 vero
907 510 1106 567 Christi
1143 511 1264 576 447,
1301 528 1457 566 num.
1508 510 1819 565 Eusebiano
1849 510 2010 565 2564.

445 599 660 654 Primus
694 602 831 656 adeo
857 619 1034 658 annus
1063 619 1216 659 num.
1251 603 1387 660 l890
1412 603 1775 674 respondebat
1807 619 1822 655 :
1853 601 2017 655 illud-

446 707 554 756 que
587 691 872 748 exordium
915 705 998 750 est
1033 697 1277 765 spot-bar.
1307 712 1370 750 ex
1406 713 1516 766 quo
1546 705 1693 750 recte
1740 694 2010 748 Eusebius

443 785 688 840 rationes
717 801 846 842 suas
887 789 1028 844 iniit.
1060 789 1366 844 Laodicena
1389 831 1403 847 .
1435 799 1494 844 ut
1522 791 1695 848 vides.
1724 801 1869 841 anno
1903 800 2015 839 uno

442 877 839 934 Antiochenam
873 884 1187 938 antevertit.
1227 883 1300 936 De
1331 883 1606 938 Edessena
1653 883 1868 938 dictum
1916 893 2018 935 suo

443 968 583 1031 loco.
615 979 667 1024 et
699 973 954 1040 superius
983 974 1051 1028 ad
1085 990 1374 1030 numerum
1401 975 1565 1037 2234,
1592 975 1680 1027 ubi
1707 973 1774 1028 de
1798 973 2015 1042 Abgaro

444 1074 507 1110 es
533 1059 814 1117 Chronico
846 1062 1146 1133 Edessena,
1175 1075 1229 1121 et
1262 1083 1326 1121 ex
1355 1066 1612 1136 Dionysio
1637 1066 2013 1121 Jacobitarum

442 1150 774 1215 patriarcha.
810 1153 1000 1208 Eram
1024 1157 1460 1212 Ascalonitarum
1493 1157 1749 1212 Chronici
1780 1155 2016 1211 Pascha-

439 1243 509 1296 lis
544 1253 738 1298 auctor
763 1261 907 1301 anno
939 1250 1116 1317 primo
1137 1250 1343 1320 olymp.
1379 1249 1480 1306 l69
1510 1249 1682 1319 illigat
1714 1248 2016 1300 ςἈσκαλωο

439 1337 582 1389 uitat
635 1338 763 1401 τοὺς
815 1341 1026 1394 ἑαυτῶν
1071 1345 1300 1412 χρόνους
1365 1343 1622 1397 ἐντεῦθεν
1661 1340 2014 1410 ἀριθμοῦσινᾴ

439 1425 652 1482 Videsis
665 1429 1055 1497 Spanhemiutn
1074 1435 1141 1490 de
1161 1434 1267 1490 Usu
1286 1445 1341 1489 et
1365 1437 1671 1505 prmstautia
1693 1434 2011 1488 numismat.

439 1516 666 1588 t'jttsque
696 1524 848 1578 urbis
878 1541 1130 1582 nummos
1167 1529 1235 1582 ab
1273 1528 1555 1582 Harduiuo
1599 1528 1916 1581 illustratus.

513 1613 651 1669 Ibid.
681 1613 901 1671 Initium
917 1620 1145 1686 jubila’i.
1177 1620 1377 1676 Recole
1420 1637 1540 1691 qum
1577 1622 1718 1675 dicta
1771 1622 2019 1686 superius

435 1711 562 1756 sunt
590 1707 654 1760 de
673 1705 1018 1764 Jobeleorum
1039 1713 1428 1777 celebratione,
1446 1729 1567 1784 quae
1587 1715 1638 1767 in
1660 1713 1864 1783 aliquot
1884 1727 2013 1766 mss.

2119 504 2300 575 nologi
2345 504 2540 558 volunt
2586 503 2990 574 Eutycbianum
3022 504 3178 558 Rom.
3209 502 3357 557 Eccl.
3391 503 3678 569 praefuisse.

2116 601 2343 652 Constat
2371 607 2552 651 tamen
2573 603 2687 664 ipse
2713 607 2990 663 utcunque
3019 596 3123 652 sibi
3157 597 3436 652 Eusebius
3469 597 3527 650 in
3555 596 3681 650 llist.

2119 691 2212 744 lib.
2252 707 2343 752 vn,
2370 705 2422 743 c.
2453 690 2542 754 52,
2578 690 2667 743 ubi
2694 687 2805 742 οὐδ’
2835 689 2980 751 ὅλοις
3020 690 3188 758 μησὶν
3213 689 3373 751 δέκα,
3409 690 3503 743 vis:
3520 692 3683 742 decent

2119 800 2318 838 menses
2374 785 2428 838 in
2482 783 2801 851 episcopatu
2874 784 3208 853 transegisse
3261 798 3411 848 cum,
3481 783 3687 837 scribit.

2119 877 2372 932 Proxime
2422 877 2630 933 accedit
2664 878 2784 932 libri
2817 876 3160 932 Pontilicalis
3190 885 3384 931 auctor
3413 915 3432 943 ,
3481 877 3575 945 qui
3612 893 3690 932 se-

2119 969 2264 1023 disse
2317 969 2537 1030 dicitur.
2587 986 2727 1023 anno
2757 969 2779 1022 l
2807 1009 2822 1033 ,
2852 985 3028 1023 mense
3066 969 3091 1023 1
3123 986 3186 1023 ac
3225 970 3311 1024 die
3346 971 3397 1024 l.
3440 972 3516 1025 De
3543 971 3689 1034 Caio.

2118 1073 2430 1128 quanquam
2455 1061 2572 1116 suis
2603 1062 2939 1129 temporibus
2966 1076 3090 1114 eum
3119 1070 3272 1115 notat
3302 1060 3576 1116 Eusebius
3606 1063 3686 1116 ad-

2125 1151 2348 1214 visisse.
2387 1151 2566 1219 potior
2593 1161 2775 1206 tamen
2809 1161 2892 1206 est
2940 1151 3172 1206 eruditis
3214 1150 3548 1207 Bucberiaui
3585 1152 3692 1206 lau-

2117 1243 2226 1296 dati
2258 1241 2503 1314 Catalogi
2543 1243 2694 1305 ﬁdes.
2723 1244 2817 1313 qui
2847 1257 2968 1298 eum
3001 1243 3164 1298 refert
3191 1243 3490 1298 Ecclesiam
3523 1245 3692 1300 admi-

2120 1337 2381 1392 nistrasse
2412 1339 2546 1392 Solis
2571 1341 2723 1392 annis
2757 1339 2809 1403 7,
2840 1338 3108 1393 mensibus
3145 1339 3199 1402 4,
3240 1339 3427 1393 diebus
3458 1339 3514 1393 7.

2189 1431 2328 1485 Ibid.
2367 1431 2574 1485 Probus
2604 1431 2834 1484 tumultu
2877 1430 3121 1495 militari.
3157 1429 3232 1484 Ex
3269 1429 3580 1500 Eutropio,
3607 1435 3691 1502 qui

2119 1523 2307 1579 eadem
2338 1538 2400 1578 ex
2434 1523 2666 1591 Vopiseo
2695 1524 2929 1591 accepit.

2188 1613 2305 1670 Col.
2338 1614 2462 1670 489.
2499 1615 2670 1670 Carus
2704 1616 3082 1671 Narbonensis.
3114 1617 3294 1673 Malim
3330 1620 3523 1690 utique
3563 1617 3681 1673 Nec

2122 1707 2384 1770 ronensis,
2433 1721 2498 1760 ex
2555 1705 2770 1760 Narona
2833 1709 2884 1761 in
2938 1697 3174 1780 Illyrico,
3225 1726 3346 1779 quae
3407 1722 3590 1763 tamen
3647 1717 3695 1762 et

433 1808 480 1846 et
511 1795 766 1868 Scaligeri
815 1803 944 1856 edit.
972 1821 1079 1857 non
1111 1805 1275 1858 sem"!
1318 1807 1423 1861 hoc
1465 1771 1609 1862 libro
1664 1771 2017 1869 memoratur,
2051 1771 2092 1826 Β
2124 1797 2379 1853 Narbona
2410 1814 2534 1853 cum
2572 1798 2717 1862 aliis,
2760 1809 2871 1852 tum
2908 1801 3054 1855 dicta
3082 1812 3168 1856 est
3199 1801 3518 1856 Ptolemao.
3537 1802 3692 1856 Certa

435 1889 500 1940 ad
529 1905 678 1942 mnu.
703 1891 846 1946 2222
871 1904 925 1948 et
949 1895 1112 1949 2270.
1153 1897 1259 1951 Sed
1287 1907 1344 1950 ιιι
1363 1899 1534 1953 libere
1557 1899 1703 1967 quod
1735 1900 1912 1953 sentio
1937 1897 2020 1952 di-

437 1992 579 2039 ram.
604 1981 786 2035 malim
812 1983 1000 2052 utique
1044 1993 1207 2040 totam
1239 1988 1547 2058 pericopam
1585 1989 1798 2044 initium
1809 1989 2020 2058 jubilwi

435 2069 505 2122 86
521 2073 751 2142 expungi
787 2075 914 2131 hinc
933 2078 1148 2146 penitus
1171 2088 1222 2132 et
1249 2080 1438 2135 deleri.
1465 2081 1847 2149 Conjeeturam
1880 2083 2020 2138 banc

434 2176 614 2215 meum
644 2168 963 2235 comprobat
993 2184 1097 2224 ms.
1133 2170 1548 2240 antiquissimus
1579 2173 1844 2230 Lucensis
1872 2177 2018 2245 apud

434 2252 710 2332 illustriss.
774 2256 1064 2325 Mansium,
1143 2279 1254 2332 quo
1334 2264 1386 2318 in
1464 2266 1653 2321 coalice
1733 2267 1869 2321 nihil
1949 2267 2016 2321 de

427 2325 660 2402 lnbilmo
699 2349 806 2406 isto
838 2353 1092 2408 habetur.
1127 2355 1409 2412 Variarum
1441 2369 1620 2413 autem
1653 2360 2014 2430 cpocbarum,

429 2457 552 2504 «litae
585 2446 918 2512 praecedunt,
946 2451 1368 2517 supputationes
1389 2451 1458 2504 ad
1493 2454 1793 2522 marginem
1834 2456 2017 2524 pagel-

429 2533 500 2587 la:
528 2533 828 2604 ejiciuntur
859 2555 872 2592 :
902 2539 985 2593 Ea:
1012 2558 1113 2608 quo
1166 2543 1409 2613 colligas,
1442 2544 1518 2598 ait
1549 2543 1812 2604 Mansius.
1861 2547 2016 2601 hasce

429 2635 586 2682 notas
613 2629 838 2684 alterius
872 2649 980 2686 esse
1006 2634 1305 2702 scriptoris,
1336 2637 1558 2690 exordia
1592 2637 2012 2693 Hanicliworum

421 2721 586 2788 juxta
621 2723 800 2776 varias
832 2725 1052 2794 epos/tas
1088 2725 1413 2792 deﬁnientis.
1450 2727 1631 2783 Sentit
1662 2729 1845 2796 itaque
1894 2731 2012 2800 ipse

428 2812 646 2866 demum
697 2813 978 2872 illustriss.
1026 2816 1268 2871 Mansius
1309 2821 1727 2893 annotationum
1755 2806 2009 2876 iistarunt

430 2903 791 2958 recentiorem
823 2921 1064 2972 manum,
1091 2923 1322 2978 quarum
1354 2924 1518 2964 causa
1567 2911 1750 2968 minus
1795 2928 2008 2983 aequam

428 2991 687 3064 Scaligeri
723 2996 1104 3054 defensionem
1138 3011 1482 3069 susceperat.

2124 1901 2314 1943 eorum
2343 1887 2700 1942 ballucinatio
2730 1901 2835 1955 est,
2868 1891 2958 1958 qui
2985 1891 3194 1945 addunt
3235 1894 3290 1946 in
3315 1890 3520 1954 Gallia.
3550 1891 3691 1960 quod

2123 1997 2186 2037 ex
2221 1982 2486 2052 Eutropio
2554 1982 2648 2049 qui
2724 1983 2964 2040 nominis
3015 1960 3398 2040 similitudine.
3437 1984 3694 2054 deceptus

2122 2083 2231 2137 est,
2266 2072 2521 2131 Sidonius
2562 2081 2618 2127 et
2647 2072 2893 2128 Zonaras
2942 2073 3246 2127 hauserunt
3284 2093 3298 2129 :
3333 2073 3694 2145 Hieronymus

2121 2175 2305 2220 autem
2362 2163 2498 2220 satis
2559 2167 2812 2230 consulto
2867 2164 3106 2228 reticuit,
3165 2179 3520 2233 erroremque
3564 2165 3693 2217 adeo

2121 2258 2288 2313 cavit.
2330 2259 2503 2313 Porro
2530 2257 2768 2312 Cochem
2815 2256 3080 2313 Seleucia:
3109 2265 3265 2313 vetus
3317 2273 3521 2312 nomen
3554 2273 3690 2322 esse,

2121 2347 2439 2404 Ammianus
2465 2347 2760 2403 Marcellin.
2797 2348 2892 2403 lib.
2952 2364 3104 2416 xstv,
3135 2365 3187 2406 e.
3226 2349 3278 2414 5,
3325 2350 3489 2405 docet
3532 2365 3546 2401 :
3599 2349 3693 2405 Co-

2117 2444 2230 2504 che.
2263 2459 2419 2512 quam
2443 2441 2740 2496 Seleuciam
2770 2442 3066 2496 nominant.
3107 2440 3353 2511 Scaliger
3393 2458 3524 2494 cum
3548 2440 3691 2496 Gm-

2119 2537 2199 2590 cis
2246 2539 2410 2606 vulgo
2427 2535 2671 2592 Cone/ten
2695 2535 2828 2606 legit.
2865 2553 2879 2591 :
2910 2535 3000 2590 alii
3037 2549 3170 2590 mss.
3235 2537 3538 2602 prrrscrtim
3571 2536 3688 2590 libri

2117 2626 2365 2690 Colchen.
2403 2637 2460 2683 et
2487 2626 2738 2692 Cloc-Iten,
2762 2627 3096 2682 etGorc/ren.
3141 2628 3278 2683 Sunt
3325 2636 3381 2682 et
3413 2630 3506 2696 qui
3533 2627 3688 2682 Coce-

2117 2726 2257 2787 neth.
2299 2733 2354 2780 et
2390 2723 2633 2780 Sohenen
2669 2732 2882 2778 vocant.
2913 2724 3186 2787 Zosimus,
3222 2723 3318 2778 lib.
3351 2739 3439 2789 ιιι,
3473 2723 3683 2777 videtur

2113 2816 2405 2883 Zocbasen,
2431 2813 2700 2887 Ζωχάσην
2743 2815 3077 2873 nominasse.
3127 2815 3459 2885 Impressam
3501 2815 3687 2870 lectio-

2116 2924 2240 2961 nem
2294 2909 2456 2964 unice
2501 2923 2728 2977 veram,
2789 2909 3057 2979 Eutropii.
3122 2908 3273 2963 Sexti
3325 2908 3452 2964 Ruﬁ
3495 2923 3546 2963 c.
3595 2911 3683 2972 Si.

2111 2999 2410 3055 Jun-pandis
2461 3017 2510 3055 c.
2572 3001 2642 3056 86
2688 3001 2754 3056 de
2798 3000 3055 3056 Success.
3112 3000 3283 3073 Begu.
3343 3002 3685 3066 aliorumque

501 3086 581 3142 ld.
620 3087 755 3142 lbitl.
798 3088 1038 3145 Secundo
1066 3109 1300 3148 anno....
1333 3095 1524 3147 insana
1559 3093 1996 3149 Maniclta-arum.
2031 3104 2078 3168 ς
2111 3099 2397 3144 auctorum
2444 3090 2689 3146 melioris
2719 3099 2859 3146 ηοῑειι
2890 3090 3109 3145 codices
3150 3091 3537 3160 comprobant.
3584 3088 3680 3144 Pe-

426 3177 544 3233 Non
582 3188 700 3235 erat
730 3197 829 3236 cur
859 3183 1152 3238 miraretur
1186 3185 1456 3254 Scaliger,
1483 3188 1759 3255 quomodo
1782 3203 1846 3241 ex
1879 3203 2005 3256 pro-

424 3271 548 3338 prio
580 3272 956 3328 bzcresiarcltre
988 3277 1208 3330 nomine
1257 3277 1471 3346 Μάνης,
1508 3276 1776 3332 deﬂexum
1817 3279 1889 3334 sit
1919 3290 2003 3334 at-

426 3364 695 3419 tributum
730 3365 1050 3436 Mawxaiog,
1081 3369 1244 3436 izlque
1275 3373 1601 3426 attributum
1645 3388 1740 3440 pro
1775 3373 2000 3426 ηοηιῖηθ

426 3454 651 3524 proprio
681 3457 935 3525 usurpari
966 3467 1227 3528 emptum.
1251 3461 1599 3514 Dctlexernnt
1625 3462 1744 3528 ejus
1767 3462 1995 3516 asseclae

427 3548 493 3600 ad
529 3548 819 3602 tollendam
853 3551 1206 3618 ignominiam
1240 3553 1476 3605 nominis
1509 3552 1717 3622 Μάνης,
1746 3553 2004 3623 qu0d0r-

427 3639 650 3694 tbodoxi
679 3641 728 3694 in
761 3641 983 3706 Μανεὶς,
1030 3644 1080 3697 id
1128 3655 1210 3698 est
1264 3645 1522 3713 furiosus,
1551 3645 1955 3714 tlelorquebant
1986 3684 2002 3709 ,

423 3731 935 3799 rmtciliandamque
964 3733 1042 3788 illi
1072 3736 1386 3790 econtrario
1417 3737 1658 3791 laudem.
1687 3736 1746 3790 S.
1772 3736 2001 3806 August.
2043 3753 2045 3756 ‘

426 3823 623 3880 ltmres.
657 3825 727 3878 46
767 3839 783 3880 :
822 3828 1202 3889 Maniclttvutn.
1238 3829 1392 3897 quasi
1418 3828 1628 3882 "arma:
1659 3828 1964 3898 fundentem
1987 3868 2002 3887 .

422 3930 517 3976 pro
557 3913 856 3979 Manis/reo,
898 3917 952 3972 id
1002 3925 1077 3972 est
1153 3919 1365 3986 insano,
1422 3920 1841 3988 appellaverunt.
1894 3918 2000 3974 Sed

426 4009 541 4062 b:ec
577 4007 758 4062 obiter
789 4009 1077 4081 Syncellus
1123 4015 1188 4064 ad
1236 4022 1496 4078 quartum
1562 4011 1722 4064 Probi
1773 4025 2000 4068 annum.

422 4085 543 4162 eius
572 4097 848 4151 haereseos
877 4099 1024 4152 initia
1058 4097 1254 4152 dill'ert.
1287 4099 1343 4152 S.
1367 4099 1709 4166 Epiphanius
1735 4101 1800 4153 de
1828 4098 2000 4154 Pond.

423 4196 480 4238 et
514 4184 688 4242 Meus.
745 4203 886 4241 nono
932 4186 1199 4243 Valeriani
1246 4199 1300 4244 et
1335 4189 1566 4244 Gallieni
1605 4189 1815 4258 imperii
1861 4206 2003 4244 anno

421 4275 589 4330 tradit
635 4278 986 4334 descendisse
1037 4279 1308 4334 Manetcm
1359 4296 1387 4332 a
1428 4279 1674 4345 Perside,
1712 4289 1766 4336 et
1806 4281 2001 4334 baores.

420 4367 489 4420 66
514 4370 779 4423 sectarios
805 4363 1130 4425 Manicbzeos
1175 4369 1345 4426 refert
1390 4372 1443 4423 in
1473 4371 1794 4441 temporibus
1826 4373 2000 4424 Aure-

2118 3181 2410 3236 riitCarns
2457 3181 2621 3252 hujus
2649 3181 2776 3236 anni
2828 3197 3018 3237 mense
3070 3179 3383 3245 Decembri,
3421 3182 3580 3252 cujus
3632 3197 3678 3237 rt

2111 3275 2233 3329 idus
2276 3273 2586 3338 advireltat,
2617 3274 2710 3328 sed
2746 3274 2855 3342 iam
2883 3274 2993 3330 lato
3027 3275 3248 3330 functus
3305 3285 3424 3330 erat
3481 3276 3569 3330 die
3615 3274 3676 3329 l2

2110 3365 2507 3435 subsequentis
2535 3361 2782 3420 Januarii
2812 3381 2828 3418 :
2863 3365 3006 3434 quod
3031 3382 3097 3421 ex
3141 3367 3304 3422 titulo
3339 3367 3474 3431 legis
3503 3368 3537 3420 2
3557 3368 3672 3421 cod.

2104 3455 2404 3512 Justinian.
2442 3457 2504 3510 de
2529 3457 2774 3524 prwdiis,
2805 3466 2860 3512 et
2895 3472 2961 3512 ex
3019 3457 3137 3528 lege
3188 3456 3441 3528 ejusdem
3479 3458 3672 3514 codicis

2105 3551 2159 3605 5.
2202 3550 2476 3602 revocand.
2505 3550 2711 3614 donat.,
2746 3558 3083 3619 compertum
3119 3558 3224 3606 est.
3363 3621 3366 3624 _

2179 3639 2315 3694 Ibid.
2355 3638 2712 3694 Numerianus
2741 3656 2862 3693 cum
2897 3641 2959 3694 ob
3015 3641 3270 3696 dolorem.
3330 3642 3512 3710 Atque
3569 3641 3672 3698 brcc

2107 3731 2354 3800 Eutropii
2385 3731 2547 3785 verba
2574 3740 2725 3786 sunt.
2763 3731 3043 3801 Scaligero
3070 3733 3208 3786 nihil
3264 3732 3556 3797 incertius,
3596 3733 3670 3787 ni-

2109 3821 2181 3876 hil
2209 3823 2584 3890 perturbatius
2615 3823 2792 3878 visum
2819 3833 2904 3878 est
2928 3823 3264 3894 temporibus
3289 3824 3484 3879 borum
3515 3825 3666 3878 trium

2112 3911 2316 3980 Λυκίᾳ,
2345 3919 2399 3966 et
2429 3912 2746 3968 Numeriani
2775 3913 3101 3984 praasertim,
3139 3913 3206 3968 de
3236 3929 3346 3984 quo
3396 3923 3669 3970 auctorum

2105 4003 2329 4058 dissidia
2353 4005 2418 4058 iis
2445 4005 2666 4074 reliquit
2691 4005 3058 4070 discutienda,
3095 4022 3222 4077 quos
3251 4023 3433 4076 manus
3487 4007 3672 4062 natavit

2109 4095 2368 4162 Jupiter:
2427 4110 2486 4151 se
2555 4096 2702 4151 enim
2757 4096 3175 4167 ambiguitatem
3231 4100 3423 4154 mirari
3478 4099 3670 4168 magis.

2105 4202 2267 4252 quant
2301 4186 2511 4242 solvere
2541 4201 2704 4257 posse
2734 4186 3019 4258 professus
3051 4197 3157 4244 est.
3188 4187 3352 4242 Nobis
3401 4189 3453 4242 in
3511 4189 3671 4244 Euse-

2107 4275 2180 4330 bii
2212 4277 2389 4332 nostri
2432 4278 2736 4333 rationibus
2769 4277 2906 4332 nihil
2955 4294 3062 4331 non
3115 4278 3336 4334 veritati
3393 4293 3670 4335 consenta-

2106 4383 2301 4435 neum,
2332 4368 2467 4424 nibil
2505 4385 2613 4424 non
2644 4371 2867 4440 planum
2895 4370 3132 4438 videtur,
3164 4381 3330 4440 atque
3360 4372 3495 4424 illud
3523 4387 3669 4425 cutu-

422 4460 553 4515 liuni
585 4462 922 4529 imperatoris
956 4465 1094 4516 circa
1125 4476 1375 4532 quartum
1406 4481 1600 4516 annum
1631 4463 1842 4530 imperii
1863 4463 1998 4531 ejus.
2037 4482 2081 4539 ι)
2113 4461 2306 4528 primis
2357 4461 2599 4530 (quando
2676 4461 2745 4516 ab
2796 4471 2944 4516 recte
3003 4463 3306 4518 constituta
3361 4463 3668 4519 Diocletiani

419 4550 596 4606 Natus
623 4567 784 4620 porro
830 4553 1032 4605 dicitur
1063 4552 1249 4606 Manes
1300 4552 1352 4605 in
1405 4551 1679 4608 Chronico
1724 4553 1998 4608 Edessena

420 4656 564 4693 anno
594 4640 835 4697 Grmcor.
873 4642 999 4705 55l,
1031 4641 1124 4712 qui
1152 4657 1272 4697 cum
1308 4641 1513 4698 Christi
1559 4643 1666 4699 240
1694 4645 1996 4700 concurrit.

494 4733 629 4790 Ibid.
658 4733 862 4788 Probus
893 4734 1096 4790 Gallos.
1129 4735 1397 4789 Auctores
1425 4735 1512 4787 alii
1541 4736 1747 4789 Almant
1781 4735 1993 4791 dicunt.

422 4823 628 4879 Confer
657 4825 1002 4896 Eutropium,
1029 4842 1058 4880 a
1088 4842 1196 4896 quo
1242 4834 1461 4896 sumpta
1492 4827 1605 4882 htec
1633 4837 1781 4888 sunt.
1818 4837 1870 4881 et
1897 4829 1990 4896 qui

424 4918 573 4985 paria
593 4917 1216 4988 hisibabentﬂ’opiscum
1244 4929 1299 4973 et
1352 4917 1621 4975 Victorem
1644 4921 1696 4974 in
1721 4918 1988 4988 Epitume.

424 5009 539 5064 lluc
569 5009 710 5063 refer
731 5013 891 5065 etiam
919 5014 1310 5083 quatlsuperius
1333 5013 1570 5068 diximus
1592 5014 1658 5068 ad
1679 5030 1828 5069 num.
1849 5014 1991 5069 2l08

423 5103 491 5156 de
524 5102 711 5157 edicto
733 5103 1046 5169 Domitiani,
1072 5121 1136 5160 ne
1157 5108 1282 5176 quis
1315 5107 1368 5160 in
1406 5106 1631 5160 urbibus
1668 5107 1989 5163 novellarct.

496 5194 630 5247 Ibid.
667 5193 994 5248 Saturninus
1034 5197 1287 5266 magister
1337 5197 1616 5250 exercitus.
1652 5193 1846 5250 Recole
1876 5211 1994 5264 quae

422 5287 678 5353 superius
712 5285 856 5340 dicta
893 5293 1022 5340 sunt
1075 5286 1140 5340 ad
1189 5302 1342 5342 num.
1371 5287 1513 5342 2084
1563 5289 1628 5342 de
1660 5284 1995 5356 Vespasiano

422 5379 648 5431 militum
677 5379 952 5447 magistro.
993 5375 1105 5430 Dux
1148 5379 1368 5446 proprie
1408 5389 1526 5432 erat
1562 5377 1754 5432 limitis
1781 5377 1990 5433 Orien-

423 5472 546 5524 talis
568 5471 880 5535 Sullll‘tllllS,
909 5483 1068 5538 quem
1091 5480 1136 5522 et
1158 5469 1432 5537 imperium
1455 5486 1715 5538 usurpare
1745 5482 1988 5524 conatum

424 5564 476 5615 iu
502 5563 718 5624 cliente.
745 5563 992 5616 scribunt
1023 5559 1342 5629 Eutropius,
1395 5559 1676 5629 Vopiscus,
1713 5561 1994 5616 ctVictor.

503 5654 643 5708 lbitl.
664 5653 916 5708 Romana:
942 5652 1266 5707 Ecclesiae...
1293 5651 1674 5720 Eutychianus.
1706 5653 1845 5718 Quin
1882 5658 1992 5710 imo

426 5760 597 5796 annos
656 5745 860 5800 solidos
916 5744 969 5810 8,
1046 5754 1100 5800 et
1159 5757 1376 5798 menses
1428 5743 1513 5810 ll,
1579 5755 1630 5798 et
1682 5744 1826 5811 quod
1894 5761 1988 5800 cx-

2112 4549 2530 4618 inanguratione
2563 4551 2678 4608 hac
2713 4551 2980 4622 pendent)
3027 4568 3290 4623 perquam
3334 4567 3485 4609 recte
3537 4556 3668 4622 quod

2117 4650 2405 4710 utramque
2426 4642 2712 4698 historiam
2739 4643 2793 4698 in
2825 4645 3080 4700 eumdem
3116 4661 3322 4699 annum
3356 4634 3666 4708 contulerit.

2115 4744 2302 4786 contra
2340 4743 2504 4804 atque
2560 4731 2826 4804 Scalig’er.
2887 4737 2978 4804 qui
3035 4735 3362 4792 Diocletiani
3423 4739 3574 4792 initia
3621 4739 3668 4791 in

2113 4841 2313 4880 ammm
2337 4835 2654 4897 sequentem
2688 4829 2888 4888 differt.
2926 4829 3098 4885 Dubio
3153 4831 3333 4886 locum
3387 4849 3494 4887 nou
3551 4833 3672 4885 sinit

2115 4930 2235 4972 esse
2262 4929 2450 4973 auctor
2463 4919 2736 4976 Paschalis
2755 4919 3034 4984 Cbroniei,
3069 4923 3160 4992 qui
3183 4923 3465 4983 distincte.
3485 4934 3538 4976 et
3557 4921 3671 4975 καθ’

2112 5011 2346 5081 ἡμέρας,
2380 5028 2495 5067 rem
2525 5024 2693 5068 totam
2736 5016 2963 5085 exponit
3000 5033 3014 5069 :
3052 5031 3289 5085 cumque
3311 5016 3417 5070 sub
3447 5017 3669 5087 hujusce

2109 5101 2239 5156 anni
2272 5118 2418 5158 coss.
2445 5105 2724 5162 retulisset
2757 5105 3148 5162 Numerianum
3175 5108 3241 5162 ab
3269 5109 3411 5175 Apro
3455 5108 3675 5179 preside.

2110 5192 2350 5246 Perinthi
2377 5193 2622 5251 Thracia:
2643 5208 2905 5262 necatum,
2945 5199 3136 5252 eadem
3200 5199 3465 5267 temporis
3521 5210 3668 5253 nota-
3722 5217 3726 5222 ε

2112 5287 2259 5340 tione
2281 5286 2496 5341 subdit:
2527 5287 2892 5344 Diocletianus
2913 5291 3244 5344 renuntiatus
3263 5291 3555 5359 imperator
3567 5288 3664 5358 πρὸ

2113 5379 2176 5432 ιε’
2205 5380 2493 5433 καλανδῶν
2551 5378 2927 5453 Ὀκτωϐρίων,
2993 5399 3056 5437 ιν
3097 5383 3349 5437 kalendas
3409 5382 3661 5444 Octobres,

2110 5470 2438 5525 Chalcedone
2467 5487 2486 5525 :
2516 5481 2654 5536 tum,
2686 5471 2964 5542 Ingressus
3013 5483 3089 5527 est
3126 5471 3492 5527 Nicomediam
3539 5487 3656 5540 pur-

2108 5571 2329 5630 puratus
2364 5563 2470 5623 πρὸ
2498 5562 2538 5617 ε’
2577 5566 2855 5618 καλανδῶν
2891 5563 3262 5636 Ὀκτωϐρίων,
3298 5583 3329 5619 v
3373 5566 3476 5620 Ital.
3515 5564 3648 5626 Οτι..

2112 5664 2162 5705 et
2198 5654 2490 5715 καλάνδαις
2518 5654 2905 5722 Ἰανουαρίαις,
2943 5655 3183 5709 kalendis
3215 5656 3508 5714 Ianuariis.
3533 5670 3644 5706 cau-

2109 5746 2192 5798 sul
2230 5748 2504 5813 processit.
2533 5747 2704 5818 Igitur
2731 5759 2854 5805 ante
2885 5748 3094 5818 aliquot
3157 5751 3294 5815 dies,
3343 5761 3497 5814 quam
3548 5744 3634 5797 im-
