4014 6196
392 328 526 396 1113

379 453 600 516 ρει-θεοι-
654 442 1024 500 Diocletianus
1076 449 1490 515 acclamaretur,

372 538 586 593 occisus
616 550 740 593 est:
777 549 923 592 recta
955 550 1133 592 autem
1162 541 1301 596 ratio
1339 546 1654 610 persuadet,
1712 545 1766 598 id
1817 545 1939 615 ipso

375 627 682 695 Septembri
704 644 886 684 mense
908 631 1053 685 circa
1089 633 1304 687 initium
1349 637 1664 708 contigisse.
1733 615 1952 692 Confer‘

370 717 814 789 Wesseliugimn,
837 720 928 775 lib.
959 722 1326 779 Probabilium
1353 742 1402 780 c.
1424 727 1517 781 2i.

443 807 582 863 Ibid.
617 811 850 865 Carinus
880 813 1066 881 pra'lio
1095 815 1287 871 uictus.
1335 817 1406 872 Ut
1445 819 1614 874 hocce
1649 833 1792 875 anno
1829 819 1936 875 Ca-

373 901 554 956 rinum
591 904 776 970 pralio
834 906 1036 960 victum
1079 921 1110 960 a
1164 907 1498 966 Diocletiano
1557 923 1721 981 atque
1765 914 1936 969 inter-

371 1003 617 1062 emptum
651 1011 906 1063 putemus
965 999 1202 1067 (tametsi
1249 1001 1368 1072 ejus
1404 1002 1659 1059 interitus
1695 1013 1940 1074 tempore

375 1086 510 1139 nihil
548 1097 629 1141 est
666 1088 944 1158 Scaligero
972 1091 1277 1162 incertius),
1332 1095 1548 1149 videtur
1606 1111 1708 1151 nos
1759 1097 1937 1151 addu-

375 1191 498 1231 cere
525 1192 708 1232 rerum
764 1181 959 1244 series,
999 1197 1120 1251 quae
1181 1183 1250 1238 ab
1304 1183 1570 1253 Eutropio
1609 1195 1773 1256 atque
1814 1187 1938 1242 aliis

380 1277 701 1324 narrantur.
750 1270 894 1325 Nihil
925 1283 1072 1329 certe
1094 1283 1180 1330 cst
1207 1285 1504 1332 cunctatus
1553 1286 1788 1346 uterque
1831 1277 1939 1331 im-

377 1367 620 1421 perator,
657 1360 788 1426 quin
820 1362 974 1430 signa
1011 1365 1313 1429 conferret,
1359 1377 1414 1421 et
1485 1368 1802 1425 adventanti
1833 1370 1938 1424 Ca-

372 1444 517 1498 rino.
574 1447 943 1506 Diocletianus
994 1455 1260 1509 occurrit:
1331 1455 1551 1513 Scimus
1616 1469 1822 1526 tamen,
1878 1463 1934 1517 in

377 1548 696 1606 sequentem
759 1559 958 1598 annum
1007 1547 1248 1602 conferri
1298 1550 1366 1603 ab
1419 1549 1587 1604 ldatio
1633 1551 1684 1606 iu
1732 1551 1934 1623 Fastis,

371 1631 514 1694 (μιοά
563 1647 662 1686 nec
720 1636 1106 1702 probabilitate
1162 1654 1259 1692 sua
1311 1651 1484 1695 caret.
1543 1641 1774 1708 Lor-um,
1826 1660 1936 1714 quo

370 1723 460 1776 ille
490 1725 810 1795 proﬂigatus
860 1740 966 1792 est.
1017 1732 1110 1786 alii
1171 1733 1352 1791 minus
1387 1745 1534 1790 recte
1565 1738 1810 1805 Murgum
1835 1755 1931 1806 ap-

1658 339 1746 397 \’A
1760 338 2059 399 LLARSH
2100 342 2320 402 ΝΟΤΒ

1571 449 1934 504 Numerianus
1969 463 2010 513 Α
2045 453 2314 507 Carausio
2349 452 2679 518 Britannias,
2712 463 2763 508 et
2825 454 3030 508 illatum
3071 453 3280 509 Orienti
3326 455 3526 509 bellum
3575 474 3604 510 a

3511 342 3607 408 ιιι

2043 543 2246 598 Narseo
2274 561 2469 615 :quam
2499 545 2785 616 Scaligeri,
2835 549 2928 614 qui
2960 547 3230 601 Narseum
3279 548 3437 602 annis
3483 559 3608 620 post

2043 639 2191 689 hunc
2245 647 2370 692 οιτιο
2420 653 2644 706 regnum
2713 639 2926 700 iniisse.
2971 653 3146 706 eoque
3203 638 3378 694 multo
3428 641 3606 695 Serius

2041 728 2242 782 bellum
2269 727 2744 784 intulisseOrienti
2784 729 3098 792 contendit,
3132 732 3246 784 sive
3297 746 3407 784 uno
3470 732 3607 783 alti--

2043 837 2172 878 rove
2201 839 2344 876 anno
2368 833 2662 892 antequam
2693 838 2752 877 se
2782 823 3157 878 Diocletianus
3192 823 3423 892 imperio
3454 824 3580 877 abdi

2041 923 2211 970 caret.
2248 913 2475 970 Miseret
2511 931 2612 971 nos
2633 924 2783 970 certe
2809 914 2930 980 eius
2958 924 3011 970 et
3047 915 3236 983 pudet,
3275 917 3420 983 quod
3468 915 3604 968 hau;-

2040 1021 2160 1060 esse
2193 1005 2332 1059 dixit
2364 1005 2676 1075 Hieronymi
2707 1003 3045 1070 ἀλογιστῑαν.
3079 1006 3215 1074 Ιίιιο,
3235 1015 3292 1058 ιιι
3319 1008 3465 1060 refer
3485 1019 3604 1072 qum

2039 1097 2483 1152 Mammertiauus
2517 1097 2686 1151 tradit
2731 1096 2785 1150 in
2812 1097 3084 1168 Panegyr.
3125 1097 3602 1166 Maxinaian.Aug.

2109 1189 2224 1244 Col.
2255 1188 2382 1243 492.
2413 1187 3258 1259 Quinquegentiani._Parmensis
3307 1204 3408 1242 ms.
3439 1188 3606 1253 Quin-

2037 1289 2417 1349 qucgontanos,
2463 1293 2743 1349 corrupte.
2801 1281 3070 1335 Aurelius
3109 1280 3296 1334 Victor
3366 1281 3610 1332 nationes

2038 1373 2529 1442 quinr/uegcnlanas
2561 1380 2783 1426 vocant.
2816 1371 3059 1442 Scaliger
3091 1370 3285 1426 scribit
3325 1369 3608 1440 Quinque—

2037 1466 2320 1536 gettlianos
2353 1465 2572 1520 eosdem
2601 1479 2722 1521 esse
2755 1480 2820 1520 ac
2851 1463 3247 1532 Pentapolitas,
3293 1478 3322 1518 a
3359 1465 3610 1531 quinque

2040 1557 2358 1612 civitatibus
2391 1557 2541 1613 illius
2579 1558 2897 1627 provinciae,
2941 1557 3195 1630 Cyrenis,
3253 1555 3604 1621 Ptolemaiule,

2039 1652 2298 1717 Arsinoe,
2335 1649 2522 1712 Darni,
2553 1659 2608 1705 et
2634 1650 2918 1715 Berenice,
2949 1665 3086 1720 quas
3115 1648 3367 1704 civitates
3396 1647 3607 1716 Hespe-

2039 1743 2186 1796 ridas
2207 1742 2491 1798 vocabant.
2547 1743 2748 1798 Eadem
2805 1752 2924 1796 erat
2984 1740 3259 1812 Sylburgii
3317 1740 3504 1808 Opinio
3550 1738 3607 1792 in

365 1813 572 1880 pellant
604 1817 880 1884 :scriptor
934 1829 1197 1874 actorum—
1225 1821 1284 1877 S.
1326 1824 1629 1891 Restitutus,
1685 1830 1926 1898 Argium;
1964 1817 2005 1874 Β
2036 1834 2186 1889 Notis
2219 1835 2283 1889 ad
2315 1835 2609 1890 Patauium.
2661 1834 2769 1890 Eos
2799 1832 3053 1888 Valesius
3085 1833 3138 1887 in
3174 1831 3330 1887 Notis
3359 1833 3424 1885 ad
3473 1832 3606 1885 Am-

366 1905 659 1975 Eutropius
696 1910 862 1963 situm
892 1912 1132 1967 declarat
1164 1915 1306 1967 inter
1329 1918 1684 1974 Viminalium
1712 1923 1927 1986 urbem,

365 2005 417 2048 et
459 1997 696 2052 Aureum
730 2012 995 2056 montem.
1030 2004 1253 2060 Tabulae
1307 2007 1758 2078 Pcutingcriauae,
1821 2013 1932 2066 Au-

365 2102 451 2138 rco
501 2101 679 2144 monte
723 2108 778 2155 x,
815 2092 1059 2164 Margum
1107 2113 1220 2159 xw,
1277 2098 1585 2164 l’iminacio,
1625 2111 1731 2155 etc.
1771 2102 1930 2158 Itine-

368 2180 570 2233 rarium
607 2180 993 2255 llierosolym.,
1029 2188 1227 2243 Civitas
1269 2190 1452 2263 Margo
1505 2210 1563 2247 ιι.
1609 2210 1686 2260 xt,
1744 2197 1930 2251 civitas

371 2271 664 2329 Viminacio
702 2293 758 2331 Ι.
796 2295 847 2342 x,
889 2281 979 2334 ubi
1021 2281 1380 2337 Diocletianus
1429 2286 1618 2339 occidit
1649 2286 1927 2344 Carinum.

363 2363 435 2416 De
472 2365 802 2432 Nicephoro,
841 2387 1000 2438 quem
1045 2373 1098 2426 in
1128 2372 1332 2430 Gracia
1370 2375 1680 2445 laudamus,
1706 2380 1932 2436 consule

365 2452 788 2522 Wcssnlingium
817 2463 910 2516 lib.
939 2464 1178 2522 laudato.

427 2546 549 2602 Col.
584 2553 711 2606 492.
767 2553 1124 2612 Diocletianus
1155 2563 1306 2616 annis
1341 2578 1429 2617 xx.
1485 2564 1735 2622 Diximus
1768 2569 1929 2626 modo

358 2638 426 2692 de
477 2641 596 2704 eius
651 2645 860 2712 imperii
917 2650 1094 2715 initio,
1162 2655 1306 2721 quod
1376 2668 1525 2710 recte
1573 2658 1698 2714 huic
1784 2674 1928 2716 anno

364 2731 626 2789 Eusebius
683 2739 919 2807 assignat
979 2758 992 2796 :
1049 2747 1188 2800 male
1249 2747 1491 2816 Scaliger
1556 2749 1610 2803 in
1682 2765 1920 2820 sequen-

363 2832 466 2876 tem
501 2825 699 2883 dillert.
759 2830 1059 2888 Continuat
1109 2837 1540 2895 luculentissima
1603 2844 1920 2898 testimonio

361 2918 465 2982 lex,
498 2917 584 2974 Ut'
617 2938 765 2976 nemo
799 2926 1016 2986 invitus,
1063 2927 1105 2982 l.
1152 2929 1184 2982 5
1241 2931 1364 2984 cod.
1415 2930 1735 2998 Justiuiau.,
1773 2937 1928 3006 cujus

362 3007 573 3074 titulus,
627 3015 770 3080 Imp.
825 3014 1187 3072 Diocletianus
1249 3020 1315 3075 Α.
1370 3020 1633 3090 Camerio,
1683 3024 1810 3082 Dat.
1849 3029 1924 3082 id.

357 3095 538 3154 Octob.
616 3101 815 3157 Carino
874 3122 910 3160 ll
951 3119 997 3161 et
1055 3108 1378 3165 Numeriano
1447 3129 1606 3177 coss.,
1645 3117 1737 3186 qui
1785 3117 1998 3206 huncc

357 3193 561 3248 scilicet
595 3211 795 3251 annum
814 3213 1167 3267 aperuerunt.
1201 3203 1259 3258 ln
1299 3203 1504 3260 Craacis
1532 3208 1919 3278 subsequentis

359 3287 629 3350 periocha:
669 3289 834 3343 verba
864 3295 1174 3358 parenthesi
1206 3294 1414 3350 inclusa
1453 3296 1531 3368 τῷ
1571 3298 1726 3365 γένει
1791 3302 1928 3354 Δαλ-

361 3375 560 3444 μάτης,
588 3394 616 3430 e
645 3379 895 3435 Ccdreno
928 3384 1253 3450 adiecimus.

426 3468 539 3543 Col.
604 3469 728 3525 491.
799 3471 1153 3530 Diocletianus
1201 3479 1254 3531 in
1307 3482 1649 3535 consortium.
1719 3481 1926 3537 Corru-

358 3570 450 3623 pte
483 3560 534 3613 iu
567 3561 850 3620 Parmensi
894 3583 996 3620 ms.
1028 3567 1429 3638 Bngaridarum
1463 3589 1483 3626 :
1541 3573 1596 3627 in
1624 3589 1737 3628 uno
1760 3589 1921 3644 quem

357 3651 662 3709 Glareanus
694 3656 896 3720 laudat,
943 3658 1392 3728 Progaridarum,
1434 3663 1486 3717 in
1524 3664 1648 3719 aliis
1680 3665 1926 3736 Baogau-

357 3744 550 3798 durant
583 3764 596 3801 :
629 3757 682 3800 et
715 3750 860 3816 quod
906 3765 1016 3819 prae
1049 3754 1262 3808 caeteris
1307 3755 1575 3823 probatur
1631 3755 1924 3827 Bagauda-

359 3851 518 3902 rum;
550 3838 789 3905 reliquas
814 3842 957 3894 enim
1012 3857 1210 3910 magno
1253 3860 1480 3900 numero
1515 3847 1792 3903 variantes
1824 3865 1925 3918 pro

363 3925 702 3981 librariorum
763 3943 922 4000 captu
982 3933 1248 3991 lectiones
1300 3954 1409 3991 non
1472 3953 1679 3994 moror.
1714 3941 1922 3996 Nomen

367 4017 617 4075 factionis
639 4030 686 4075 et
723 4026 984 4091 partium,
1016 4027 1162 4096 quod
1196 4029 1403 4097 pridem
1436 4030 1718 4102 Scaligero
1756 4043 1921 4086 uota-

356 4118 468 4164 tum
503 4123 608 4175 est,
642 4129 746 4167 non
779 4117 1016 4186 regionis
1052 4127 1146 4172 aut
1195 4115 1399 4190 gentis,
1453 4133 1510 4175 ιιι
1572 4133 1727 4192 putat
1764 4125 1922 4178 Anna

359 4200 516 4256 Fabr.
545 4204 596 4256 in
630 4205 980 4275 Entropium,
1018 4209 1297 4265 evincitur
1333 4228 1458 4266 cum
1490 4213 1612 4268 aliis
1648 4222 1922 4280 veterum,

359 4289 594 4346 Vittoris
627 4304 755 4360 puta
807 4307 858 4350 et
892 4296 1171 4366 Prosperi,
1228 4302 1585 4372 testimoniis,
1632 4314 1745 4356 tttm
1782 4319 1923 4372 prae-

355 4384 516 4449 cipue
565 4383 671 4437 isto
723 4385 963 4440 Salviani
999 4389 1096 4444 lib.
1127 4405 1160 4443 v
1189 4391 1256 4446 de
1309 4367 1606 4447 (lubet-mi:
1659 4367 1920 4449 Voconius

2033 1927 2202 1980 miau.
2264 1926 2503 1982 Marcell.
2546 1926 2644 1980 lib.
2681 1940 2960 1994 xxtt,cap.
2996 1923 3087 1988 16,
3126 1933 3312 1992 utpote
3349 1922 3609 1990 deceptos

2034 2021 2282 2075 auctoris
2335 2019 2454 2087 ejus
2516 2017 2658 2073 male
2705 2016 2995 2084 intellectis
3064 2015 3267 2077 verbis,
3326 2013 3604 2080 castigat:

2034 2110 2286 2174 aliosque
2335 2107 2621 2162 contendit
2651 2104 2826 2161 fuisse
2860 2103 3236 2172 Pentapolitas
3277 2101 3608 2168 aQuinque-

2033 2195 2335 2264 gentianis.
2379 2193 2588 2262 Netupe
2651 2193 2797 2262 quod
2863 2193 2940 2247 illi
2984 2192 3370 2264 Cyrenaicam-
3403 2189 3590 2244 incolo

2036 2294 2204 2340 rent:
2249 2283 2337 2338 isti
2395 2283 2612 2338 barbari
2677 2291 2867 2338 essent
2924 2297 3091 2352 supra
3130 2281 3360 2335 limitem
3408 2279 3608 2334 Africae

2035 2375 2220 2444 positi,
2261 2385 2322 2430 ut
2361 2374 2572 2444 colligit
2609 2389 2674 2430 es
2737 2376 2963 2444 antiquo
3026 2381 3251 2428 auctore
3306 2369 3453 2428 Julio
3489 2373 3606 2425 Ho-

2035 2467 2210 2530 norio,
2238 2482 2396 2536 quem
2435 2465 2687 2520 IEthicus
2731 2481 2926 2534 magna
2973 2479 3036 2519 ex
3091 2473 3244 2531 parte
3295 2463 3604 2530 descripsit.

2032 2555 2202 2611 Nobis
2235 2556 2288 2609 in
2330 2571 2384 2610 re
2443 2571 2709 2624 perquam
2749 2556 2979 2609 obscura
3008 2553 3140 2608 nihil
3191 2551 3416 2607 delinire
3449 2553 3598 2606 libet.

2105 2644 2220 2700 Col.
2257 2645 2379 2701 491.
2409 2645 2698 2717 Egyptum
2724 2645 2990 2700 Achilleus
3037 2645 3290 2699 obtinuit.
3370 2642 3604 2698 Maxime

2035 2735 2090 2791 in
2135 2753 2247 2791 rem
2280 2747 2521 2792 nostram
2550 2736 2754 2795 Victor.
2791 2735 2972 2790 eodem
3021 2744 3254 2804 tempore
3285 2735 3400 2790 haec
3438 2743 3604 2803 atque

2031 2827 2341 2896 superiora,
2375 2843 2496 2896 qua:
2521 2841 2629 2880 uno
2660 2842 2804 2880 anno
2832 2827 3194 2897 Hieronymus
3245 2825 3605 2894 comprehen-

2032 2918 2136 2982 dit,
2175 2919 2668 2988 notatcontigisse.
2727 2916 2828 2972 Sed
2870 2927 3055 2972 noster
3095 2917 3164 2972 ab
3224 2915 3484 2986 Eutropio
3513 2930 3606 2981 ac-

2033 3010 2204 3077 cepit,
2247 3008 2411 3062 etiam
2446 3023 2572 3062 cum
2605 3009 2785 3061 minus
2836 3015 3094 3062 accurate
3135 3005 3401 3075 loquitur.
3438 3005 3536 3073 Eju
3552 3021 3606 3059 s-

2031 3102 2176 3156 modi
2207 3101 2467 3165 estillud,
2514 3099 2852 3156 Constantius
2893 3098 3109 3154 Claudii
3157 3114 3222 3152 ea:
3278 3098 3393 3168 ﬁlia
3448 3114 3604 3164 nepos

2034 3194 2159 3262 fuit,
2193 3192 2335 3259 quod
2369 3191 2561 3254 ἁπλῶς
2595 3199 2769 3254 certe,
2802 3198 2860 3245 ut
2889 3189 3100 3260 pridem
3138 3187 3384 3257 Scaliger
3419 3189 3602 3242 anim-

2029 3286 2286 3350 advertit,
2315 3286 2512 3340 falsum
2553 3293 2676 3350 est;
2711 3299 2818 3338 non
2853 3283 2998 3337 enim
3026 3297 3056 3337 a
3111 3280 3349 3346 Claudii,
3381 3281 3474 3335 sed
3532 3281 3604 3336 ab

2028 3379 2146 3447 ejus
2179 3377 2362 3431 fratris
2385 3375 2561 3444 Crispi
2595 3377 2703 3429 lilia
2767 3374 2994 3429 Claudia
3052 3382 3110 3428 et
3141 3373 3404 3442 Eutmpio
3440 3381 3603 3427 natus

2027 3481 2110 3524 est
2145 3469 2500 3524 Constantius
2531 3482 2547 3522 :
2591 3467 2682 3535 qui
2709 3465 2848 3521 adeo
2883 3480 2990 3519 non
3023 3463 3260 3529 Claudii,
3299 3462 3394 3518 sed
3421 3462 3601 3532 Crispi

2028 3558 2200 3630 nepos
2230 3575 2295 3614 ex
2345 3559 2452 3613 lilia
2483 3557 2748 3612 dicendus
2772 3556 2894 3610 fuit.
2924 3555 3118 3610 Latius
3182 3565 3366 3607 tamen
3428 3567 3598 3606 voca-

2031 3654 2215 3706 bulum
2279 3651 2424 3707 istud
2479 3650 2755 3717 accipiunt
2809 3648 2931 3717 ejus
2985 3646 3084 3702 aevi
3127 3645 3449 3714 scriptores,
3491 3659 3602 3712 quo

2027 3743 2192 3795 etiam
2221 3740 2554 3808 ἁδελφιδοῦς,
2591 3739 2776 3795 fratris
2802 3739 2921 3794 sive
2978 3736 3190 3792 sororis
3231 3735 3392 3798 lilios,
3429 3735 3604 3803 signi-

2029 3834 2212 3887 ficant.
2243 3831 2400 3887 Unde
2423 3832 2725 3886 Trebellius
2747 3844 2966 3901 quoque
2991 3829 3042 3883 in
3070 3825 3298 3884 Claudio
3326 3825 3602 3882 Constan-

2028 3928 2160 3980 tium
2192 3924 2459 3983 Caesarem
2491 3933 2727 3988 nepotem
2789 3923 3030 3992 futurum
3074 3917 3285 3975 Claudii
3325 3917 3484 3981 dixit,
3542 3923 3602 3970 et

2027 4021 2284 4086 Augusta:
2315 4019 2490 4088 ipsum
2515 4013 2736 4085 familiw
2767 4028 2874 4067 esse
2903 4026 2923 4066 :
2964 4013 3196 4077 denique
3229 4010 3283 4062 in
3325 4007 3596 4072 Gallieno,

2029 4103 2086 4157 Is
2114 4105 2252 4157 enim
2304 4114 2381 4156 est
2421 4101 2702 4164 Claudius,
2734 4117 2766 4152 a
2796 4113 2898 4169 quo
2930 4097 3310 4152 Constantinus
3367 4095 3599 4165 vigilan-

2028 4197 2266 4249 tissimus
2297 4194 2550 4264 originem
2569 4193 2737 4255 ducit,
2758 4201 2867 4246 etc.
2896 4189 3014 4244 Mox
3043 4205 3140 4259 pro
3162 4186 3382 4242 Serdica
3398 4185 3600 4241 habent

2027 4287 2150 4340 libri
2190 4285 2530 4355 antiquiores
2559 4281 2811 4338 Sardica.

2099 4374 2220 4430 Col.
2249 4374 2377 4428 492.
2407 4373 2700 4440 Carporum
2733 4383 2781 4422 et
2812 4368 3217 4424 Basternarum.
3239 4365 3447 4419 Vitiose
3465 4379 3592 4419 cum

355 4473 589 4539 rebelles,
633 4493 878 4532 vocamus
929 4481 1182 4548 perditos,
1223 4498 1351 4547 quos
1399 4500 1508 4538 esse
1561 4485 1913 4551 compulimus

2031 4467 2298 4522 Parmensi
2322 4481 2423 4520 ms.
2455 4465 2576 4519 libri
2609 4463 2697 4518 alii
2724 4463 3034 4532 Caprorum.
3062 4459 3409 4525 Ptolemaeus,
3443 4459 3594 4524 Καρ-

356 4567 686 4623 criminosas.
718 4570 916 4635 Quibus
967 4575 1106 4626 enim
1158 4575 1282 4629 aliis
1335 4577 1488 4632 rebus
1535 4577 1804 4648 Bagaudw
1833 4580 1920 4646 fa-

352 4658 424 4708 cti
493 4669 640 4723 sunt,
693 4662 799 4714 nisi
857 4662 1220 4730 iniquitatibus
1304 4669 1538 4728 nostris,
1594 4677 1700 4722 etc.
1766 4665 1923 4720 Zosi-

353 4762 493 4811 mns,
561 4750 653 4803 lib.
692 4754 849 4815 vr,2.
908 4770 1028 4807 cum
1087 4755 1349 4826 impressa
1407 4757 1640 4812 lectione
1662 4757 1920 4811 Βακκαύο

349 4835 442 4895 δας
466 4846 640 4892 vocat.
680 4838 880 4893 Confer
912 4841 1170 4898 Chronic.
1203 4843 1466 4910 Sigeberti
1494 4845 1558 4897 ad
1626 4844 1776 4898 hunc
1824 4859 1923 4898 sn-

354 4943 479 4979 num
521 4928 824 4994 Cbristi,et
854 4947 1069 4985 rursum
1105 4933 1169 4987 ad
1194 4933 1322 4996 437,
1371 4945 1479 4986 etc.
1545 4931 1922 4987 Halluciuatur

351 5017 610 5086 Scaliger,
629 5020 717 5090 qui
741 5022 1148 5090 iusrriptionem
1169 5023 1448 5079 ABRETI.
1469 5021 1916 5077 (ZIIANARTAE.

354 5107 712 5166 l‘lllNCIPIS.
732 5113 1066 5168 GliNTIVM.
1091 5113 1526 5182 BAQVATIVM.
1560 5118 1624 5166 ad
1643 5113 1920 5183 Bagaudas

359 5201 523 5258 boscc
553 5215 769 5261 nostros
795 5206 982 5271 refert,
1010 5223 1132 5262 cum
1166 5209 1279 5263 sint
1339 5208 1417 5260 illi
1481 5207 1755 5277 Baquates
1804 5219 1916 5259 non

361 5294 532 5361 ignoti
566 5295 767 5352 Africa:
793 5299 998 5367 populi,
1028 5315 1258 5366 quorum
1319 5300 1569 5354 meminit
1603 5299 1767 5356 etiam
1799 5299 1916 5353 An-

370 5389 594 5442 toninus
628 5389 889 5444 ltiuerarii
923 5390 1007 5445 sui
1035 5391 1212 5446 initio.

433 5480 572 5535 Ibid.
599 5475 831 5536 Narseus
867 5482 1073 5538 Orienti
1104 5483 1297 5537 bellum
1334 5483 1534 5538 intulit.
1583 5483 1774 5537 Omnia
1798 5495 1918 5550 quae

358 5567 463 5622 hoc
498 5585 726 5624 numero
751 5573 1072 5640 cumplexus
1097 5580 1182 5626 est
1223 5583 1404 5642 gesta,
1461 5574 1671 5642 accepit
1723 5570 1917 5625 Hiero-

355 5675 558 5731 nymus
583 5658 652 5717 ab
678 5663 962 5733 Eutropio.
1005 5662 1174 5733 Cujus
1202 5678 1335 5718 sane
1386 5666 1566 5733 potior
1620 5664 1917 5719 auctoritas

349 5765 456 5819 cst,
493 5755 828 5812 confercntis
861 5756 914 5810 in
944 5759 1196 5810 eumdem
1229 5771 1432 5810 annum
1469 5765 1519 5811 et
1565 5765 1858 5822 occupatas
1883 5771 1911 5809 a

2027 4556 2618 4626 ma.obc,Carpiauos,
2673 4565 2870 4619 vocat;
2929 4552 3172 4622 plerique
3229 4549 3317 4604 alii
3377 4561 3596 4615 omnes,

2027 4653 2250 4718 Carpos.
2292 4646 2606 4717 Eutropius,
2643 4644 2834 4714 Carpis
2891 4655 2938 4698 et
2990 4642 3276 4697 Bastarnis
3333 4641 3594 4704 subactis,

2026 4740 2288 4795 Sarmatis
2319 4740 2461 4792 rictis
2492 4754 2511 4792 :
2536 4753 2757 4804 quarum
2789 4737 3065 4788 nationum
3119 4735 3351 4801 ingentes
3411 4731 3598 4799 capti-

2024 4847 2205 4887 uorum
2286 4834 2465 4899 copias
2547 4832 2601 4882 in
2686 4827 2940 4881 Romanis
3023 4827 3216 4894 ﬁnibus
3266 4825 3594 4877 locaverunt.

2025 4924 2261 4979 Vit-tor:
2315 4923 2606 4987 Carporum
2660 4922 2804 4973 natio
2868 4916 3134 4970 translata
3174 4914 3343 4968 omnis
3392 4915 3446 4968 in
3497 4929 3594 4967 no-

2023 5016 2408 5072 strumso'um.
2445 5013 2549 5067 Sed
2600 5012 2686 5065 hic
2712 5025 2832 5064 csse
2869 5008 3096 5077 ὕστερον
3156 5007 3423 5076 πρότερον
3451 5021 3597 5060 con-

2025 5107 2198 5162 tendit
2245 5105 2544 5172 Scaliger;
2598 5097 2900 5167 contigisse
2967 5095 3112 5150 euim
3171 5093 3590 5149 translationem

2024 5199 2170 5255 illam
2201 5195 2522 5262 Carporum,
2559 5199 2848 5261 postquam
2881 5184 3184 5240 Britannia:
3231 5200 3260 5238 a
3294 5179 3590 5254 tyrannide

2020 5287 2272 5347 Carausii
2293 5296 2349 5340 et
2376 5285 2551 5339 Metti
2589 5282 2837 5336 liberatae
2868 5285 3020 5334 sunt.
3053 5277 3256 5331 Contra
3280 5271 3497 5327 ldacius
3528 5268 3588 5324 in

2021 5381 2198 5437 Fastis
2219 5387 2428 5452 gestum
2458 5375 2623 5431 refert
2654 5373 2901 5428 Nummis
2960 5369 3139 5424 Tusco
3197 5374 3251 5422 et
3311 5362 3590 5418 Aunulino

2021 5487 2192 5536 coss.,
2225 5465 2633 5540 quretcmporis
2670 5463 2878 5519 notatio
2908 5477 3032 5518 cum
3069 5455 3374 5514 Eusebiaua
3414 5454 3597 5524 bypo—;

2015 5565 2162 5621 thesi
2193 5563 2466 5630 congruit.

2087 5652 2358 5711 Col.49l.
2420 5650 2634 5705 Primus
2672 5647 3054 5703 Diocletianus.
3101 5637 3244 5695 Idem
3283 5647 3442 5691 antea
3481 5634 3587 5690 Cae

2020 5746 2212 5818 ligula,
2245 5743 2612 5806 Domitianus,
2652 5740 2859 5808 aliique
2921 5733 3038 5789 ausi
3096 5739 3226 5786 sunt
3260 5744 3276 5783 :
3314 5728 3456 5782 unde
3495 5739 3594 5782 rc-.
