3974 6192
464 329 605 397 1’15

1739 321 2141 385 VALLARSII
2180 320 2417 385 ΝΟΤΜ.

3577 318 3693 386 lilii

458 445 602 495 otius
644 437 852 502 Victor,
896 435 1130 495 Primus.
1166 434 1365 504 inquit,
1390 434 1650 499 omnium,
1709 434 2008 503 Caligulam
2051 431 2093 488 Δ
2123 429 2259 483 idem
2282 437 2483 499 tempus
2511 429 2886 489 aConstantio‘
2906 428 3115 487 Casare
3134 430 3188 484 in
3212 430 3392 486 Gallia
3408 442 3694 500 pugnatum

455 542 577 600 ρηιι
610 532 1092 598 Domitianumque,
1127 528 1401 582 doniinnm
1449 526 1631 592 palam
1672 527 1778 581 dici
1808 541 2021 595 passus,

455 637 506 680 ct
541 623 758 679 adorari
790 638 865 687 se,
925 620 1287 689 appellarique
1329 622 1409 673 uti
1468 620 1644 674 deum.
1694 618 1897 675 Verum
1955 621 2025 674 ab

460 716 718 783 EutrOpiu
767 714 966 769 Noster
1000 715 1229 780 act-epit,
1278 713 1437 782 cujus
1486 714 1809 783 interpretes
1855 714 2021 769 attito.

460 806 565 861 Sed
610 816 664 861 et
728 804 988 861 Carinum
1040 814 1096 858 et
1129 804 1483 858 Aurelianum
1524 819 1660 860 auro
1703 814 1758 860 et
1793 805 2026 870 gemmis

461 911 593 949 usos
633 897 687 950 in
711 895 985 959 vestibus,
1051 903 1240 951 notum
1272 908 1338 949 ex
1369 893 1601 962 Vopisco
1629 909 1754 963 cap.
1775 895 1844 950 t9
1870 935 1884 959 ,
1916 904 2023 950 rte.

459 987 634 1044 Porro
699 984 1037 1054 Scaligerum
1123 1000 1232 1040 non
1297 1000 1595 1052 moramur,
1653 987 1745 1055 qui
1823 987 2025 1040 nullam

460 1080 634 1133 fuisse
666 1075 1145 1148 dicitllicronymo
1172 1090 1393 1133 causam
1431 1092 1528 1132 cur
1586 1080 1701 1132 lure
1738 1078 1792 1131 in
1818 1090 2025 1131 nonum

464 1179 558 1225 aut
617 1171 890 1224 decimum
954 1184 1159 1223 annum
1209 1168 1525 1227 Diocletiani
1574 1168 1871 1223 conferret.
1920 1166 2027 1221 Par

462 1271 615 1317 θοι-ιθ
669 1261 893 1316 credere
941 1270 1026 1315 est
1060 1260 1129 1313 ab
1184 1260 1352 1327 impio
1404 1273 1542 1313 ausu
1589 1260 1876 1315 exordium
1924 1258 2029 1314 sibi

465 1352 666 1406 fecisse
732 1351 1126 1405 Diocletianum
1186 1350 1508 1406 desaeviendi
1547 1350 1601 1405 in
1662 1349 2028 1429 Christianos.

459 1442 742 1497 Ccdrenus
782 1454 1000 1512 quoque
1033 1455 1099 1496 eo
1136 1454 1286 1496 certo
1341 1457 1507 1506 anno,
1572 1457 1882 1511 quanquam
1919 1443 2030 1500 alio

463 1543 627 1597 atque
666 1530 1053 1603 Hieronymus,
1097 1532 1346 1597 ascribit,
1406 1548 1602 1602 nempe
1650 1533 1862 1588 decimo
1921 1550 2012 1588 σθ-

471 1624 643 1689 ptimo
681 1639 695 1674 :
730 1633 788 1677 ut
810 1622 1027 1692 longius
1065 1636 1097 1676 a
1122 1638 1248 1676 vero
1281 1621 1521 1692 Scaliger
1549 1622 1793 1689 abludat,
1815 1623 1908 1689 qui
1932 1637 2033 1678 vo-

467 1712 661 1766 luisset
680 1712 746 1765 ad
776 1711 988 1781 imperii
1026 1711 1243 1766 initium
1273 1712 1493 1765 referri.

2126 531 2203 577 cst
2233 523 2375 576 circa
2403 521 2664 594 Lingones
2688 541 2707 579 :
2743 533 2797 579 et
2834 540 2958 579 mox
2987 567 3002 591 ,
3052 526 3333 595 sexaginta
3375 526 3486 597 fere
3534 524 3696 578 millia

2126 614 2552 670 Alamannorum
2577 618 2783 672 cecidit.

2204 703 2336 760 Ibid.
2375 703 2627 759 Galerius
2661 704 3025 759 Maximianus
3050 707 3234 759 victus.
3288 708 3466 774 Atque
3492 706 3609 759 ba'c
3642 721 3697 760 rx

2130 793 2435 859 Eutropio,
2487 795 2581 864 qui
2630 796 2881 865 pluribus
2934 812 3049 850 rem
3080 797 3260 851 verbis
3296 804 3508 851 narrat.
3552 797 3699 852 Paria

2132 883 2296 939 habet
2321 884 2518 939 Sextus
2546 883 2743 941 Rufus.

2202 975 2319 1031 Col.
2346 975 2471 1031 471.
2514 975 2766 1031 Veturius
2816 977 3066 1047 magister
3097 977 3319 1032 militia.
3353 977 3529 1034 Vocat
3568 978 3704 1036 hunc

2133 1067 2400 1123 Eusebius
2429 1069 2482 1121 in
2514 1066 2656 1124 Hist.
2676 1067 2772 1123 lib.
2806 1084 2922 1133 vni,
2954 1083 3080 1137 eap.
3112 1069 3166 1131 ι.
3202 1069 3700 1140 στρατοπεδάρχην,

2131 1160 2276 1228 quod
2308 1159 2470 1214 vertit
2492 1158 2796 1215 Dodwellus
2823 1159 3137 1230 magistrum
3161 1175 3458 1216 armorum.
3498 1161 3575 1216 De
3599 1179 3705 1215 ma-

2133 1251 2296 1321 gistro
2325 1249 2575 1314 militum,
2608 1250 2755 1320 quod
2789 1250 2930 1306 idem
2971 1252 3202 1317 videtur,
3231 1252 3492 1322 superius
3517 1253 3574 1309 in
3603 1251 3707 1308 Ve-

2133 1342 2412 1412 spasiano.
2454 1341 2513 1397 in
2542 1342 2708 1397 Miraei
2738 1343 2976 1399 editione
3003 1353 3059 1399 et
3085 1344 3370 1400 nonnullis
3428 1360 3566 1399 mss.
3603 1346 3709 1402 haec

2133 1434 2387 1503 periocha
2418 1444 2538 1503 post
2562 1435 2841 1490 biennium
2881 1436 3139 1503 ponitur;
3174 1436 3356 1490 serius
3386 1451 3498 1490 uno
3536 1437 3708 1492 adhuc

2134 1538 2302 1587 anno,
2326 1525 2439 1581 sive
2473 1526 2540 1581 ad
2566 1526 2886 1582 Diocletiani
2912 1526 3180 1581 decimum
3215 1542 3392 1597 usque
3420 1530 3709 1598 septimum

2135 1614 2190 1669 in
2219 1613 2480 1686 Scaligeri
2509 1617 2749 1672 editione
2776 1617 3048 1673 dillertnr.
3077 1618 3309 1688 Propius
3355 1621 3577 1675 accedit
3621 1637 3711 1675 no-

2133 1711 2264 1758 stra:
2294 1704 2603 1760 recensioni
2635 1705 2869 1773 Prosper
2897 1709 2951 1760 in
2978 1706 3254 1761 Chronico
3275 1749 3292 1773 ,
3342 1709 3437 1763 ubi
3479 1721 3712 1777 emptum

534 1802 670 1858 Ibid,
709 1766 1032 1858 Alexandria
1059 1819 1178 1857 cum
1204 1806 1361 1857 omni.
1401 1802 1656 1873 Eggplo,
1691 1802 1986 1871 Eutropius
2010 1818 2026 1857 ε
2058 1766 2105 1827 Β
2132 1794 2189 1848 in
2225 1793 2567 1852 Christianos
2593 1766 2795 1852 milites
2815 1797 3079 1854 desavire
3106 1766 3310 1866 ιτδάἰί,
3344 1801 3543 1855 Anicio
3572 1766 3710 1855 -Fau-

468 1893 833 1948 Diocletianus
852 1895 1118 1948 obsessum
1154 1894 1492 1950 Alexandria
1541 1895 1826 1948 Acltillcum
1878 1905 2026 1950 octa-

463 1999 525 2038 ao
564 1987 672 2052 fere
704 2001 877 2039 mense
899 1985 1188 2051 superat-it,
1221 1996 1441 2053 eumque
1472 1986 1773 2050 interfecit.
1801 1986 2028 2041 Victoria

466 2076 652 2127 acerbe
685 2090 814 2128 usus
844 2085 943 2129 est.
980 2074 1167 2128 Totam
1198 2073 1490 2144 .Egyptum
1519 2076 1768 2146 grauibus
1794 2077 2028 2146 proscri-

462 2166 729 2233 ptionibus
757 2167 1087 2236 aedibusque
1120 2166 1363 2233 foedavit.

532 2257 671 2312 Ibid.
705 2258 967 2312 Romana;
998 2257 1249 2313 Ecclesia!
1269 2260 1550 2313 vicesimus
1577 2269 1819 2313 octavus.
1851 2258 2026 2315 Scali-

463 2363 580 2417 ger,
612 2351 727 2414 qui,
764 2359 819 2403 ut
853 2362 998 2418 sirpe
1035 2350 1173 2405 alias
1235 2351 1572 2415 monuimus,
1608 2362 1665 2404 nt
1710 2367 1819 2406 sua:
1855 2354 2030 2421 hypo-

465 2440 605 2492 thesi
627 2439 906 2505 inserviat,
945 2440 1289 2509 olympiades
1322 2441 1518 2507 solido,
1552 2450 1608 2496 et
1641 2443 1785 2510 quod
1833 2459 2031 2497 excur-

464 2533 555 2591 rit,
591 2547 739 2586 anno
765 2535 1042 2601 postponit
1071 2546 1087 2588 :
1145 2533 1523 2589 Marcellinum
1557 2537 1623 2589 ad
1644 2537 1787 2590 hunc
1809 2537 2026 2603 quidem

465 2623 629 2676 refert
653 2624 975 2679 Diocletiani
1017 2625 1422 2691 duodecimum,
1449 2627 1542 2682 sed
1571 2642 1730 2695 quem
1767 2628 2033 2684 lacitesse

461 2716 782 2786 Olympiadis
809 2717 1167 2786 prmeedentis
1222 2720 1466 2783 tertium,
1495 2731 1552 2775 et
1600 2720 1807 2775 Christi
1863 2720 2029 2790 (quod

461 2808 626 2863 solito
665 2809 868 2863 biennii
923 2811 1391 2867 metachronismo
1448 2811 1682 2878 laborat)
1719 2812 2030 2868 ducentesi-

462 2914 607 2953 mum
667 2900 1077 2971 nonagesimum
1129 2904 1448 2968 septimum.
1527 2903 1659 2969 Quae
1720 2912 2025 2974 sequuntur

462 3004 640 3065 gesta,
698 2995 766 3051 ad
799 3013 918 3051 eam
973 3010 1221 3052 normam
1266 3009 1584 3067 comparata
1648 3010 1823 3056 sunt:
1881 3000 2035 3076 quod

2143 1896 2230 1942 sto
2255 1902 2294 1942 ιι
2325 1897 2381 1943 et
2409 1887 2614 1944 Severo
2642 1888 2799 1944 Gallo
2822 1904 2964 1945 coss.
3000 1906 3016 1956 ;
3047 1889 3095 1946 is
3144 1890 3289 1945 enim
3329 1904 3457 1945 eum
3508 1890 3713 1947 Diocle-

2140 1981 2277 2038 tiani
2315 1982 2382 2036 l4
2408 1992 2463 2036 et
2500 1981 2565 2036 i5
2602 1997 2668 2037 ex
2700 1993 2851 2052 parte
2879 1998 3059 2037 annus
3084 1984 3392 2038 concurrit.
3445 1981 3589 2039 Vide
3617 1984 3714 2038 La-

2145 2072 2409 2128 ctamium
2440 2070 2508 2126 de
2540 2071 2803 2127 Mortibus
2831 2073 3176 2129 Persecutor.
3201 2087 3324 2142 cap.
3360 2074 3451 2135 l0.
3479 2074 3531 2126 iu
3568 2091 3715 2128 eunt-

2146 2177 2253 2232 que
2284 2163 2460 2217 locum
2503 2163 2783 2219 doctorum
2814 2164 3092 2218 hominum
3125 2173 3303 2217 notas.

2216 2255 2331 2309 Col.
2374 2255 2499 2310 495.
2560 2254 2795 2311 Thermas
2847 2255 3027 2311 Rome
3090 2255 3449 2310 Diocletiante.
3532 2254 3717 2310 Verius

2142 2345 2397 2402 mdiiieari
2417 2355 2626 2415 empta.
2644 2345 2845 2415 Pagius
2873 2347 3016 2400 enim
3052 2344 3278 2401 Dissert.
3302 2346 3557 2416 Hrypatie.
3584 2356 3715 2415 pa-t.

2147 2453 2207 2502 Il,
2239 2452 2359 2507 cap.
2393 2438 2448 2504 6,
2489 2455 2640 2492 num.
2674 2438 2876 2507 iamdiu
2911 2447 3035 2506 post
3060 2438 3361 2501 absolutas,
3390 2447 3557 2508 atque
3586 2454 3718 2492 anno

2142 2529 2367 2585 domum
2392 2528 2595 2585 Christi
2631 2528 2737 2585 305
2759 2566 2776 2593 ,
2828 2530 2919 2598 qui
2947 2530 3100 2596 juxta
3131 2529 3251 2598 ejus
3283 2530 3719 2598 supputa-timent

2146 2634 2377 2673 numero
2404 2617 2816 2674 Abrahamitico
2840 2618 2980 2674 232?.
3006 2621 3320 2689 respondet,
3351 2620 3636 2676 dedicatas
3659 2636 3719 2674 ex

2142 2715 2385 2782 antiquis
2419 2714 2862 2783 inscriptionibus
2896 2717 3111 2784 prohat.

2213 2806 2349 2862 ibid.
2374 2805 2625 2863 Ecclesia:
2650 2807 3161 2880 Hierosolymorum.
3186 2850 3203 2865 .
3232 2849 3247 2863 .
3272 2847 3285 2861 .
3318 2811 3539 2879 prtrfuit
3593 2810 3720 2864 Hcr-
3799 2820 3812 2833 '

2143 2915 2284 2954 mon.
2324 2899 2693 2970 Expnnximus
2728 2917 2867 2971 quos
2892 2903 3162 2957 addebant
3188 2901 3465 2957 Pontacus
3487 2941 3505 2967 ,
3534 2914 3593 2957 et
3626 2919 3719 2957 ve-

2146 2991 2405 3047 tustiores
2431 2992 2563 3048 editi
2617 2994 2739 3049 libri
2785 3010 2910 3049 cum
2963 2993 3286 3061 Parmensi,
3335 2994 3721 3060 nonnullisque

465 3096 751 3142 II'onemus
775 3103 877 3144 nos
907 3089 1229 3156 identidem,
1256 3106 1381 3146 cum
1412 3090 1595 3147 fucum
1628 3091 1829 3148 fecisse
1853 3094 2031 3149 doctis

2144 3083 2259 3139 alzis
2288 3099 2446 3150 mss.,
2475 3101 2641 3139 annos
2672 3087 2893 3155 triginta
2918 3101 3123 3150 novem;
3155 3102 3278 3140 nam
3305 3102 3487 3154 neque
3513 3100 3613 3141 eos
3631 3086 3719 3139 ad-

462 3179 584 3231 eam
621 3178 995 3234 recensionem
1061 3180 1335 3237 videmus.
1400 3181 1610 3252 Nempe
1652 3182 2029 3238 Marcellinum

463 3264 612 3322 hunc
638 3268 789 3323 aiunt
827 3269 882 3324 in
924 3271 1147 3326 Eusebii
1188 3272 1462 3329 Chronico
1494 3275 1560 3328 ad
1592 3288 1795 3329 annum
1827 3275 2032 3332 Christi

456 3356 569 3412 504
595 3358 907 3416 defunctum
941 3362 1153 3427 referri,
1191 3364 1373 3433 cujus,
1403 3374 1463 3419 ut
1520 3365 1695 3431 vides,
1732 3379 1893 3422 recta:
1941 3383 2030 3422 ra.

466 3451 642 3505 tFones
663 3453 965 3522 postulant.
1022 3454 1076 3508 in
1100 3454 1441 3521 Pontaeena,
1476 3460 1640 3527 atque
1688 3459 1826 3513 adeo
1873 3472 2038 3539 accu-
2085 3502 2092 3508 .

474 3539 683 3595 ratiore
715 3541 819 3597 hac
859 3552 1045 3599 nostra
1080 3548 1424 3609 recensione.
1459 3562 1744 3603 successor
1766 3547 2037 3604 Eusebius

463 3643 608 3684 anno
633 3632 847 3689 demum
874 3637 1264 3692 trecentesimo
1291 3640 1523 3708 septimo
1556 3642 1898 3696 nominatur.
1928 3639 2037 3697 Re-

463 3735 589 3775 vera
612 3738 803 3779 novem
835 3725 917 3780 illi
971 3741 1147 3782 annos
1179 3738 1372 3786 auctor
1407 3731 1696 3800 elargitur,
1746 3733 1873 3802 quia
1898 3733 2039 3787 Mar.

464 3811 685 3877 t-ellum,
730 3830 892 3885 quem
939 3817 1187 3888 Catalogi
1237 3820 1329 3874 alii
1375 3819 1697 3877 Marcellino
1738 3824 2037 3895 subrogant

466 3903 536 3972 (ei
570 3904 832 3959 nimirum
866 3918 1034 3973 atque
1061 3910 1301 3967 Eusebio
1332 3912 1771 3985 intermedium),
1809 3894 2036 3971 minime

462 3994 704 4050 admisit.
745 3997 1115 4068 Quodjurene
1158 4002 1385 4067 factum,
1414 4019 1485 4060 an
1516 4005 1739 4062 fallente
1777 4022 1901 4061 eum
1929 4023 2035 4063 no-

463 4088 628 4142 minis
645 4091 1026 4152 sim‘ilitndine.
1057 4108 1163 4148 non
1197 4084 1402 4161 judico.

532 4173 650 4227 Col.
680 4175 805 4231 492.
841 4176 966 4230 Post
992 4177 1168 4233 decem
1199 4198 1386 4237 annos.
1424 4181 1718 4254 Eutropius
1750 4202 1764 4238 :
1802 4185 1931 4242 Post
1951 4204 2035 4242 se-

459 4269 732 4337 ptennium
762 4269 998 4324 Allectus
1043 4271 1417 4340 (Carausium)
1458 4276 1687 4343 occidit,
1729 4287 1889 4348 atque
1924 4271 2081 4348 ipsc‘

452 4368 572 4427 post
605 4375 720 4410 eum
747 4357 1055 4415 Britannias
1073 4362 1297 4416 tricimio
1326 4365 1509 4426 tcn‘ait,
1539 4366 1627 4435 qui
1659 4366 1821 4421 ductu
1858 4369 2039 4422 Ascle-

2133 3176 2272 3230 dunt
2298 3177 2388 3230 alii
2422 3178 2662 3232 melioris
2702 3188 2844 3233 nota
2876 3178 3024 3243 libri,
3053 3187 3106 3233 et
3140 3193 3263 3233 cum
3304 3178 3503 3248 primis
3552 3177 3718 3233 Scali-

2136 3268 2247 3336 εει-ἰ
2285 3267 2489 3333 editio,
2542 3283 2719 3340 neque
2760 3283 2937 3324 annos
2985 3269 3213 3326 omnino
3255 3282 3525 3326 annotare
3579 3281 3719 3326 amat

2138 3360 2405 3414 Eusebius
2435 3360 2487 3414 in
2516 3360 2639 3414 aliis
2669 3376 2831 3431 quam
2859 3361 3045 3416 Roma:
3082 3362 3375 3431 episcopis.
3425 3363 3715 3416 Alnmrmis

2118 3458 2396 3519 .prmterea
2424 3458 2508 3505 est
2537 3450 2629 3506 ille
2653 3465 2937 3514 nutnerus,
2966 3451 3054 3504 cui
3089 3450 3283 3504 nedum
3318 3453 3715 3521 persecutionis

2138 3555 2235 3610 per
2263 3540 2314 3593 id
2344 3542 2604 3607 temporis
2643 3541 2860 3603 notitia,
2889 3542 2983 3595 sed
3016 3550 3071 3596 et
3094 3539 3403 3610 refragatur
3432 3557 3713 3598 successo-

2139 3634 2219 3686 ris
2255 3632 2379 3700 ejus
2423 3630 2644 3686 Macarii
2690 3648 2813 3702 quze
2872 3631 3104 3686 habetur
3144 3634 3395 3688 recensio
3453 3635 3557 3689 hoc
3608 3636 3716 3705 ipso

2139 3724 2277 3778 libro
2308 3731 2430 3792 post
2474 3738 2652 3778 annos
2701 3725 2984 3777 tredecim.
3032 3723 3288 3780 Fortasse
3336 3740 3467 3782 vere
3519 3728 3716 3789 habet,

2140 3831 2299 3886 quem
2331 3815 2619 3873 laudamus
2658 3816 2712 3870 in
2761 3814 2967 3873 Graecis
2994 3859 3010 3882 ,
3062 3816 3403 3886 Nicephorus
3428 3860 3444 3884 ,
3497 3836 3677 3873 nocent
3701 3834 3717 3850 ο

2137 3924 2275 3980 quas
2309 3908 2478 3964 videri
2504 3918 2758 3978 poterunt
2808 3908 3012 3963 librarii
3046 3909 3324 3963 variantes
3354 3909 3559 3964 alicubi
3620 3924 3715 3962 nu-

2141 4002 2374 4057 mericas
2397 4010 2556 4056 notas
2594 4000 2651 4055 in
2684 4000 2904 4071 triginta
2956 4016 3138 4054 norem
3160 4015 3547 4069 exaggerasse.
3594 4000 3715 4055 Mihi

2142 4104 2472 4161 persuasum
2508 4100 2592 4146 est
2640 4091 2811 4146 fuisse
2844 4092 2985 4146 hanc
3024 4094 3205 4146 notam
3234 4095 3465 4161 positam
3500 4092 3571 4146 ad
3597 4090 3715 4145 libri

2139 4196 2290 4234 oram
2319 4224 2334 4247 ,
2368 4182 2444 4237 al.
2494 4180 2717 4237 XXXIX
2744 4220 2760 4247 ,
2813 4197 2914 4252 pro
2955 4198 3022 4237 eo
3075 4184 3220 4252 quod
3271 4182 3390 4253 ipse
3436 4185 3717 4253 episcopus

2137 4269 2404 4328 XXXVIII
2436 4272 2490 4327 in
2516 4280 2664 4328 textu
2714 4273 2912 4327 dicitur
2943 4290 2959 4327 :
2990 4276 3086 4328 sed
3135 4273 3509 4344 antiquarium
3536 4313 3552 4338 ,
3611 4290 3716 4329 nou

2143 4365 2321 4419 locum
2350 4346 2639 4419 Hermonis
2667 4374 2833 4435 atque
2855 4365 3105 4419 ordinem
3135 4404 3151 4429 ,
3199 4369 3291 4432 qui
3348 4367 3489 4421 alius
3534 4382 3713 4420 revera

451 4449 660 4515 piodati
697 4447 790 4502 Pr.
820 4448 911 4503 Pr.
939 4461 1014 4503 cst
1047 4468 1350 4521 oppressus.
1391 4454 1475 4509 Ita
1507 4455 1807 4511 Britanniae
1834 4458 2031 4512 decimo
2062 4454 2112 4515 D
2138 4457 2280 4526 apud
2317 4457 2454 4512 alios
2478 4465 2582 4523 est,
2612 4464 2672 4511 ut
2700 4467 2785 4512 est
2824 4455 2919 4510 XL
2961 4456 3107 4525 apud
3155 4457 3525 4527 Nicephorum
3554 4498 3569 4523 ,
3624 4457 3713 4511 sed

460 4555 600 4592 anno
632 4549 873 4599 receptte.
918 4540 1183 4594 Allectum
1215 4558 1379 4609 porro
1404 4560 1525 4598 eum
1550 4549 1768 4613 gemino
1796 4546 1813 4598 l
1847 4557 2037 4602 contra

460 4639 623 4695 atque
662 4629 904 4695 Scaliger
936 4630 1262 4695 contendit,
1312 4632 1435 4687 libri
1486 4648 1676 4689 omnes
1722 4638 2037 4706 pratierunt.

461 4717 768 4772 Notandum
804 4720 891 4773 hic
924 4735 1052 4775 vero
1104 4721 1172 4776 ab
1227 4721 1397 4777 hocce
1432 4726 1577 4780 anno
1613 4725 1931 4783 Diocletiani
1973 4727 2041 4785 l3

460 4810 661 4867 nullum
688 4825 953 4878 apparere
990 4812 1041 4865 in
1073 4811 1307 4868 Lucensi
1334 4829 1465 4874 ms..
1502 4815 1773 4874 referente
1807 4819 2039 4887 Mansio,

457 4919 632 4973 usque
681 4904 744 4958 ad
793 4921 995 4959 annum
1038 4905 1103 4960 l6
1154 4905 1722 4987 numericanrnotam
1761 4927 1776 4967 :
1809 4923 1868 4967 ut
1917 4928 2040 4982 quae

457 4997 589 5050 huic
632 4996 805 5063 spatio
865 4997 1192 5063 interiacent
1243 4999 1425 5052 omnia
1467 5000 1522 5054 in
1574 5001 1748 5069 ipsum
1791 5002 1860 5055 l3
1902 5003 2040 5057 refe-

460 5088 630 5143 renda
664 5088 872 5141 censeri
919 5094 1163 5157 possent.
1216 5087 1273 5144 Si
1311 5092 1644 5148 d-esnltorius
1685 5094 1790 5147 iste
1823 5108 1939 5150 mos
1969 5108 2037 5150 ex

457 5181 582 5250 ipso
641 5179 894 5233 Chronici
946 5189 1169 5236 auctore
1219 5182 1279 5238 S.
1329 5181 1666 5256 Hieronymo
1721 5178 2036 5255 processit,

461 5269 639 5325 Facilis
670 5271 781 5323 haec
810 5269 949 5324 ratio
975 5259 1319 5328 succurrer'et
1346 5313 1360 5339 ,
1403 5285 1463 5330 ut
1497 5276 1568 5331 ab
1602 5279 2038 5336 anachrouismis

457 5376 692 5430 quarum
723 5360 956 5417 subinde
986 5361 1041 5415 in
1070 5375 1136 5416 eo
1166 5380 1331 5434 apere
1362 5383 1392 5421 a
1412 5367 1546 5423 viris
1571 5370 1803 5425 eruditis
1826 5379 2039 5426 tenetur

457 5468 608 5512 rens.
640 5452 886 5506 exeusari
921 5461 1126 5521 posset.

530 5542 647 5598 Col.
679 5543 803 5598 491.
859 5542 1031 5597 Juxta
1083 5543 1371 5614 Lingonas.
1419 5547 1755 5619 Praepostcre
1805 5550 2037 5607 iit-versis

416 5672 423 5675 .
459 5630 755 5684 nuznericis
786 5631 930 5687 notis
973 5633 1256 5689 meens.
1312 5651 1414 5691 ms.
1460 5647 1672 5693 tantum
1723 5639 1937 5708 praefert
1966 5641 2037 5696 ιο

461 5721 655 5775 millia.
711 5721 987 5779 Laudatus
1039 5727 1201 5782 modo
1251 5726 1547 5799 Eutropius
1605 5747 1725 5801 cap.
1753 5733 1825 5789 23
1874 5752 1885 5786 :
1938 5732 2037 5789 Per

2141 4563 2318 4605 annos
2348 4559 2571 4617 putasse
2597 4550 2951 4619 episcopatus
2980 4549 3208 4603 iudicari
3236 4586 3252 4612 ,
3301 4564 3509 4619 eosque
3547 4548 3715 4604 textui

2139 4648 2425 4711 perperam
2450 4640 2718 4695 intulisse.

2207 4730 2329 4787 Col.
2375 4730 2502 4787 494.
2539 4731 2834 4784 Antiochia
2891 4729 3126 4785 decimus
3179 4746 3367 4788 nonus.
3433 4730 3717 4787 Subnectit

2140 4821 2273 4876 huic
2296 4820 2568 4890 periocha!
2599 4820 2840 4889 Scaliger
2870 4822 3256 4888 grandioribus
3288 4823 3501 4885 litteris,
3539 4822 3718 4877 label-

2138 4914 2222 4967 lus
2245 4912 2532 4966 secundum
2567 4911 2796 4981 majores
2825 4948 2842 4974 ,
2897 4927 3020 4981 quas
3069 4912 3236 4967 verba
3266 4924 3331 4968 es
3370 4914 3534 4969 unius
3577 4914 3715 4969 alte-

2139 5004 2321 5058 riusve
2346 5002 2552 5058 codicis
2600 5018 2702 5058 ms.
2736 5002 2859 5056 albo
2916 5002 3111 5056 minori
3157 5002 3476 5059 charactere
3527 5013 3715 5059 natals

2137 5095 2373 5164 excepit.
2414 5095 2628 5148 Annum
2674 5102 2857 5148 tamen
2905 5107 3015 5147 non
3071 5092 3219 5148 hunc
3268 5104 3563 5161 numerat,
3619 5096 3714 5150 sed

2139 5185 2460 5241 Diocletiani
2523 5184 2796 5241 decimum
2854 5197 3144 5254 octavum,
3198 5202 3437 5256 eumque
3489 5190 3718 5257 hujusce

2108 5277 2464 5350 olympiadis
2492 5277 2816 5334 secundum.
2870 5277 2931 5331 in
2957 5280 3100 5332 notis
3129 5293 3234 5332 non
3263 5279 3524 5334 diﬂitetur
3547 5290 3716 5335 recta:

2137 5369 2511 5440 supputationi
2544 5370 2736 5425 deesse
2763 5382 2941 5425 annos
2978 5369 3263 5439 quinque:
3299 5373 3391 5426 sed
3418 5371 3715 5427 Eusebium

2138 5460 2285 5531 apud
2313 5474 2475 5530 quem
2503 5456 2658 5514 Jobel
2697 5467 2779 5514 est
2830 5459 3220 5528 quinquaginta
3271 5475 3535 5516 annorum
3585 5463 3715 5516 soli-

2137 5551 2332 5605 dorum
2365 5588 2381 5613 ,
2430 5550 2733 5623 intelligere
2762 5556 2829 5604 ab
2857 5549 3029 5604 Adam
3060 5552 3389 5619 praeteriisse
3410 5554 3557 5610 Jobel
3597 5553 3671 5609 85
3698 5595 3715 5619 ,

2138 5652 2195 5698 et
2223 5653 2354 5697 tunc
2393 5643 2584 5698 iniisse
2614 5645 3003 5715 octogesimum
3055 5653 3266 5700 sextam
3318 5661 3713 5716 πεντηκονταε-

2140 5735 2355 5805 τηρίδχ.
2392 5736 2689 5792 l’rtestabat
2716 5752 2843 5792 vero
2868 5780 2882 5804 ,
2940 5748 2997 5793 ut
3024 5738 3158 5795 alias
3185 5737 3668 5796 animadvertimus
3693 5779 3711 5806 ,
