4014 6196
333 309 470 375 1117

1588 308 1995 371 VALLARSlI
2042 309 2281 372 ΝΟΤίΕ.

3426 307 3565 374 1ἶ’8

328 429 545 499 quando
576 430 823 500 plerique
854 429 945 486 alii
980 427 1196 486 codices
1230 427 1345 485 haec
1379 427 1673 500 ignorant,
1719 437 1905 498 utpote
1935 429 1980 487 Α
2013 429 2116 496 Qui
2141 430 2250 483 dies
2284 445 2402 483 cum
2427 429 2708 493 illuxisset,
2738 426 3013 497 agentibus
3043 424 3381 479 consulatum
3423 428 3568 479 setti-

326 520 570 576 addititia
607 522 950 589 praeteriisse.
1302 585 1311 593 ο

394 610 515 670 Col.
550 612 676 669 495.
731 612 1074 670 Alexandrite
1116 613 1370 670 Ecclesia
1421 627 1600 670 sextus
1648 604 1901 669 decimus.

332 701 479 756 lianc
510 718 725 774 quoque
756 703 1068 773 periocham
1122 706 1176 758 in
1216 704 1423 760 Graecis
1459 706 1702 772 Scaliger
1755 719 1895 774 pra:-

329 794 602 859 termisit,
646 795 741 873 qui
781 797 975 865 sapius
1026 795 1126 850 alia
1176 813 1271 864 pro
1309 796 1632 852 Eusebianis
1661 797 1907 863 obtrudit

329 888 607 943 contextui
639 888 782 944 haud
812 905 1076 947 consona.
1110 888 1243 946 Rem
1275 891 1447 959 ipsam
1475 892 1618 960 quod
1649 900 1859 960 spectat
1886 932 1904 957 ,

332 980 538 1037 videsis
584 989 860 1037 auctorem
909 982 1163 1039 Historiae
1199 984 1626 1053 patriarcharum
1657 983 1904 1053 Coptita—

334 1088 454 1129 rum
484 1083 538 1129 et
566 1073 894 1129 Buinartum
932 1075 986 1130 in
1017 1074 1518 1147 ActisMartyrum.

407 1164 541 1221 Ibid.
581 1164 940 1222 Diocletianus
995 1179 1046 1223 et
1083 1167 1473 1227 Maximianus.
1501 1170 1769 1238 Quoniam
1799 1171 1907 1227 Ro-

338 1277 437 1315 ma:
462 1260 593 1315 dicit
626 1270 807 1314 actum
842 1258 1218 1329 triumphum,
1277 1262 1441 1332 idque
1487 1263 1664 1331 ipsum
1707 1262 1905 1319 Eutro-

333 1352 450 1415 pius
480 1351 583 1413 sub
615 1349 774 1404 linem
807 1351 1005 1421 cap.‘27
1029 1353 1306 1418 conceptis
1340 1354 1541 1416 verbis,
1569 1364 1684 1421 post
1716 1356 1905 1408 trium-

330 1444 486 1512 p'ium
517 1441 787 1515 inclytum,
818 1459 967 1512 quem
1000 1438 1215 1499 ROM:E
1280 1459 1345 1498 ea:
1370 1450 1657 1503 numerosis
1674 1448 1911 1518 gentibus

331 1543 546 1601 egerant
574 1520 593 1587 Ξ
626 1533 830 1602 quibus
862 1537 1216 1591 consentiunt
1242 1547 1293 1591 et
1325 1537 1636 1594 Lactantius
1662 1541 1730 1594 de
1768 1540 1912 1596 Mor.

333 1625 432 1679 tib.
466 1625 809 1682 Persecutor.
843 1644 964 1695 cap.
995 1630 1062 1683 l7
1084 1669 1100 1695 ,
1152 1640 1207 1685 et
1236 1629 1592 1700 Cassiodorus
1633 1634 1687 1688 in
1735 1633 1909 1689 Chro-

2005 522 2097 575 bus
2137 519 2384 576 ambobus
2411 532 2647 575 octauum
2679 528 2731 575 et
2785 522 3081 588 septimum,
3137 525 3344 581 repente
3397 514 3571 568 adhuc

2005 594 2167 667 dubia
2194 613 2307 668 luce
2340 615 2408 667 ad
2454 614 2727 668 ecclesiam
2758 606 3131 675 (Nicomediae)
3156 605 3418 675 profectus
3450 620 3569 659 cum

2005 704 2225 758 ducibus
2253 713 2301 758 el
2322 703 2570 769 tribunis,
2596 713 2701 759 etc.
2712 720 2730 770 ;
2757 712 2812 757 et
2834 717 2953 767 cap.
3005 699 3073 753 15
3103 714 3119 752 :
3161 697 3424 752 Postridie
3442 711 3570 763 pro-

2006 797 2233 867 positum
2269 805 2346 849 est
2376 797 2629 859 edictum,
2662 810 2763 864 quo
2789 792 3073 847 cavebatur
3113 799 3170 843 ut
3194 790 3469 860 religionis
3500 790 3571 841 il-

2008 888 2110 944 lius
2145 890 2379 945 homines
2410 897 2655 943 carerent
2684 888 2827 942 omni
2853 889 3049 940 honore
3082 901 3145 939 ac
3165 885 3444 952 dignitate,
3466 893 3581 936 tor-

2008 988 2193 1043 mentis
2221 986 2444 1056 subjecti
2471 991 2664 1047 essent,
2690 992 2798 1038 etc.
2825 981 3004 1049 Cmpit
3029 981 3214 1045 itaque
3266 976 3583 1047 persecutio

1954 1100 1965 1119 ι
2009 1079 2099 1134 die
2142 1078 2212 1134 25
2241 1076 2550 1142 Februarii,
2589 1075 2748 1143 cujus
2807 1073 3146 1143 propositum
3197 1069 3435 1125 edictum
3494 1074 3589 1122 est

2010 1166 2367 1238 subsequenti
2398 1166 2488 1221 die
2514 1165 2588 1221 24
2613 1179 2758 1219 anno
2791 1178 2902 1229 quo
2934 1171 3188 1216 octavum
3230 1157 3578 1213 consulatum

2009 1258 2399 1320 Diocletianus,
2441 1255 2733 1324 septimum
2780 1252 3140 1308 Maximianus
3186 1250 3383 1321 agebat
3424 1265 3438 1302 :
3504 1261 3574 1301 ex

2011 1354 2211 1425 quibus
2243 1350 2539 1407 coniiciunt
2580 1347 2723 1405 ducti
2773 1347 2902 1410 viri,
2951 1345 3245 1401 Eusebium
3276 1342 3439 1396 unius
3466 1340 3581 1396 lere

2012 1445 2142 1499 anni
2198 1441 2661 1499 mctachronismo
2709 1453 2918 1497 errare.
2962 1448 3019 1491 et
3051 1452 3081 1491 a
3136 1434 3379 1489 secundo
3431 1447 3580 1487 anno

2015 1532 2415 1606 persecutionis
2432 1533 2646 1588 initium
2667 1544 2909 1585 sumere.
2927 1526 3143 1581 Videsis
3162 1523 3581 1593 Chronologiam

2018 1636 2287 1697 persecut.
2325 1624 2579 1679 Dodweili
2607 1631 2684 1683 .et
2736 1619 2971 1684 Baluzii,
3013 1628 3068 1673 et
3123 1618 3347 1687 Pagium
3393 1614 3462 1670 ad
3491 1629 3583 1669 an.

336 1713 459 1814 nico
496 1732 518 1814 ε.
557 1715 725 1814 facile.
747 1718 1017 1773 assentior
1039 1718 1216 1774 doctis
1274 1720 1403 1782 viris
1475 1721 1568 1791 qui
1619 1730 1743 1791 post
1793 1723 1905 1777 fere
1936 1756 1981 1814 Β
2015 1718 2215 1775 Christ.
2244 1718 2371 1783 302,
2399 1733 2548 1770 num.
2577 1716 2632 1814 5-.

337 1799 639 1865 biennium,
680 1802 794 1858 sive
820 1805 886 1859 ad
917 1804 1230 1860 vicesimum
1259 1822 1431 1877 usque
1457 1824 1659 1863 annum
1692 1807 1896 1865 Diocle'

333 1891 508 1957 tiani,
542 1895 875 1964 triumphum
925 1896 1068 1951 hunc
1117 1897 1397 1954 dill‘erunt.
1444 1898 1733 1956 Enimvero
1777 1884 1903 1957 ante

342 1997 467 2037 eum
505 1999 707 2048 annum
759 2002 865 2043 non
905 1987 1075 2043 fuisse
1125 1988 1514 2045 Diocletianum
1559 1989 1782 2059 Romae,
1837 2009 1902 2049 ex

337 2075 563 2132 historia
590 2088 928 2147 compertum
972 2087 1056 2134 est
1080 2120 1096 2143 ,
1123 2089 1177 2133 et
1202 2080 1633 2137 luculentissime
1662 2087 1716 2138 in
1754 2087 1899 2140 notis

338 2165 404 2218 ad
455 2165 727 2222 laudatum
780 2167 1044 2224 Lactantii
1091 2170 1285 2225 librum
1333 2174 1581 2228 Baluzius
1642 2177 1903 2234 ostendit.

341 2256 501 2312 Missa
532 2260 758 2328 proinde
796 2260 1023 2317 facimus
1079 2280 1201 2333 quae
1226 2279 1324 2333 pro
1354 2265 1657 2321 Eusebiana
1688 2279 1908 2325 senten-

339 2346 451 2407 tia,
496 2356 550 2400 et
599 2358 786 2401 contra
827 2348 1159 2418 Scaligerutn
1205 2350 1319 2421 (qui
1351 2352 1750 2424 ἁναχρονισμὺν
1783 2356 1906 2426 eius

338 2437 822 2506 animadverterat)
853 2440 1017 2495 multa
1045 2458 1142 2495 uec
1170 2442 1433 2498 inerudite
1456 2443 1703 2502 Valesius
1731 2449 1782 2502 in
1811 2465 1912 2503 no-

339 2527 411 2582 tis
438 2528 503 2582 ad
541 2528 754 2584 Eusebii
786 2530 925 2587 Hist.
959 2532 1054 2587 lib.
1089 2550 1209 2600 riu,
1244 2551 1368 2605 cap.
1400 2538 1483 2604 l3,
1513 2538 1821 2596 edisseruit.
1852 2543 1908 2598 ln

347 2638 413 2678 eo
439 2624 707 2678 duntaxat
730 2624 944 2680 videtur
977 2626 1234 2683 aberrare
1267 2626 1529 2699 Scaliger,
1561 2632 1703 2699 quod
1736 2634 1910 2703 addit,
1938 2692 1941 2695 λ

346 2724 522 2769 actum
552 2716 618 2770 ah
647 2716 1068 2784 imperatoribus
1094 2719 1429 2788 triumphum
1466 2721 1676 2791 aliquot
1703 2726 1911 2780 mensi-

344 2806 446 2861 bus
474 2815 762 2876 antequam
804 2823 1095 2877 purpuram
1126 2811 1495 2882 deponerent;
1531 2831 1656 2870 nam
1686 2832 1782 2885 per
1810 2817 1913 2871 ler—

348 2914 435 2953 me
488 2898 668 2952 adhuc
733 2901 1122 2969 sesquiannum
1189 2904 1478 2973 imperium
1545 2906 1912 2961 retinuerunt.

348 2987 581 3057 Propius
610 2986 790 3057 itaque
836 2988 900 3043 ad
950 3004 1133 3043 verum
1180 2993 1716 3049 accealuutnonnulli
1751 2996 1911 3049 etiam

2087 1811 2201 1866 Col.
2239 1810 2366 1866 491.
2408 1809 2652 1864 Secundo
2681 1824 2822 1861 anno
2853 1803 3246 1871 persecutionis.
3282 1800 3482 1866 Liquet
3515 1810 3583 1852 ex

2018 1900 2105 1956 his
2152 1914 2272 1970 quae
2309 1897 2631 1969 prmedcnti
2660 1898 2905 1966 proxime
2933 1894 3288 1949 annotatione
3325 1891 3588 1945 observa-

2019 2009 2162 2055 mus,
2220 2006 2347 2047 eum
2402 2006 2603 2046 annum
2642 2004 2750 2058 quo
2796 1987 3041 2044 kalendis
3099 1984 3253 2040 Maiis
3292 1994 3589 2052 purpuram

2018 2094 2246 2154 uterque
2273 2085 2549 2151 Augustus
2597 2080 2870 2151 deposuit.
2910 2094 3017 2134 non
3072 2076 3367 2131 secundum
3425 2071 3594 2127 luisse

2014 2176 2441 2249 persecutionis,
2472 2175 2566 2230 sed
2608 2173 2823 2229 tertium
2858 2173 2971 2240 jam
3041 2169 3379 2226 inchoatum.
3435 2164 3590 2218 Haud

2022 2272 2206 2340 itaque
2228 2278 2377 2324 recte
2401 2268 2516 2322 haec
2546 2266 2615 2321 ab
2641 2264 2877 2321 Eusebio
2904 2261 3197 2331 conjuncta
3252 2264 3382 2312 sunt
3413 2269 3432 2312 :
3466 2253 3594 2307 licet

2022 2378 2050 2417 a
2085 2363 2264 2433 priore
2296 2360 2416 2430 ejus
2442 2358 2865 2415 hallucinatione
2913 2355 3020 2411 ista
3074 2344 3595 2448 concoquunt-Re-

2021 2456 2324 2526 spondebat
2343 2453 2614 2510 secundus
2636 2449 3035 2522 persecutionis
3084 2458 3261 2500 anuus
3292 2437 3607 2496 consulati-~

2025 2550 2128 2606 bus
2162 2547 2486 2605 Diocletiani
2510 2562 2679 2611 nono,
2704 2555 2759 2601 et
2813 2541 3125 2599 Maximiani
3171 2548 3386 2599 octavo,
3435 2540 3593 2587 ante—

2025 2657 2189 2713 quam
2217 2657 2277 2696 se
2300 2640 2529 2709 imperio
2558 2638 2874 2694 abdicarent
2913 2652 2929 2692 :
2968 2634 3113 2705 quod
3140 2630 3302 2687 etiam
3333 2643 3400 2682 ex
3433 2639 3598 2694 pane-

2024 2731 2213 2803 gyrico
2251 2728 2574 2784 Maximiano
2601 2735 2656 2782 et
2691 2723 3056 2781 Constantino
3084 2724 3257 2789 Augg.
3296 2717 3442 2771 dicto
3468 2728 3597 2783 per—

2026 2820 2275 2889 spicuum
2302 2828 2384 2874 est
2409 2834 2426 2874 :
2454 2818 2520 2872 Te
2543 2832 2728 2871 rursus
2756 2816 3000 2870 vicesimo
3040 2826 3178 2865 anno
3204 2810 3595 2874 imperatorem,

2028 2922 2209 2967 octavo
2227 2909 2493 2965 consulem
2519 2910 2597 2962 ita
2620 2910 2739 2977 ipsa
2771 2904 3018 2973 amplexu
3053 2900 3282 2970 quodam
3306 2913 3400 2951 suo
3431 2895 3598 2949 [lonia

2028 3003 2195 3059 uoluit
2224 3003 2468 3061 retinere.
2494 3012 2550 3054 ut
2579 3000 2845 3054 videretur
2882 2993 3138 3066 augurari
3158 2992 3274 3061 jam
3333 2995 3382 3041 et
3422 2985 3601 3038 timere

349 3074 590 3131 Pontaco
627 3076 857 3146 inspecti
884 3077 1100 3134 codices
1132 3096 1292 3146 mss,
1337 3083 1430 3151 qui
1480 3084 1546 3137 ad
1588 3099 1791 3139 annum
1855 3086 1922 3140 l9
1951 3109 1994 3167 ο
2027 3098 2164 3166 quod
2189 3095 2391 3164 factum
2427 3100 2527 3147 est.
2570 3090 2818 3160 Scaliger
2841 3103 2965 3143 cum
2997 3099 3138 3152 saepe
3158 3082 3295 3136 alias
3315 3078 3368 3133 in
3392 3074 3602 3167 Diocle—

352 3169 660 3239 perioeham
697 3170 836 3226 hanc
866 3172 1142 3229 referunt:
1169 3176 1475 3245 cujusmodi
1517 3193 1686 3232 unum
1740 3179 1924 3234 laudat

354 3259 608 3318 Baluzius
642 3263 1072 3318 vetustissimum
1127 3273 1293 3335 atque
1341 3267 1606 3333 optimum
1655 3268 1922 3325 (iolherti-

353 3366 507 3416 num,
540 3352 635 3406 sed
665 3364 994 3421 praepostero
1021 3356 1211 3411 ordine
1237 3398 1252 3424 ,
1278 3363 1716 3418 cumantecedat
1751 3363 1924 3420 histo—

354 3443 487 3496 riam
519 3445 934 3512 persecutionis.

450 3534 588 3590 ibid.
649 3534 805 3590 Nono
837 3539 1038 3592 decimo
1092 3541 1439 3598 Diocletiani.
1473 3544 1815 3613 Prteponitur
1868 3548 1922 3601 in

357 3624 621 3693 Scaligeri
651 3628 888 3683 editione
919 3628 986 3682 ad
1031 3630 1174 3685 tituli
1217 3631 1387 3685 instar
1418 3633 1803 3703 grandioribus
1836 3633 1928 3686 lit-

358 3714 508 3771 teris.
540 3710 754 3767 Deciina
790 3714 1089 3771 Persecutio
1119 3736 1133 3773 :
1172 3730 1281 3774 tum
1315 3722 1428 3791 ipsa
1466 3723 1746 3792 periocha,
1780 3722 1931 3777 Deci-

368 3821 451 3857 mo
481 3821 618 3858 nono
648 3821 805 3871 anno,
841 3818 961 3868 etc.
984 3848 999 3871 ,
1022 3820 1076 3864 ct
1100 3811 1460 3880 subsequens,
1496 3812 1795 3868 Secundum
1824 3815 1931 3866 An—
1993 3816 2002 3824 '

366 3896 648 3954 tiocltenos.
690 3909 820 3958 etc.,
847 3900 1036 3952 eodem
1060 3901 1377 3956 charactere
1407 3912 1461 3958 et
1493 3903 1664 3959 forma
1694 3903 1931 3973 perscri-

369 3991 586 4041 buntur.
621 3984 895 4043 Omittitnr
927 4005 1055 4044 vero
1085 3989 1385 4047 l’ersecutio
1424 3993 1733 4049 Christiana
1767 4009 1934 4064 :quae

365 4079 582 4147 quidem
625 4081 810 4141 verba,
869 4088 929 4135 ut
961 4090 1018 4136 et
1061 4085 1271 4136 notatio
1325 4083 1413 4137 illa
1469 4086 1726 4154 temporis
1779 4087 1933 4155 iuxta

366 4171 733 4240 Antiochenos
773 4172 915 4242 (qua:
972 4171 1025 4225 in
1062 4172 1339 4228 veteribus
1366 4174 1545 4240 libris,
1584 4172 1721 4232 teste
1754 4175 1929 4232 Scalio

368 4274 517 4326 gero,
562 4275 669 4314 non
705 4261 755 4314 in
804 4272 1084 4328 contextu,
1118 4264 1213 4320 sed
1252 4282 1283 4319 e
1336 4268 1559 4336 regione
1594 4269 1796 4337 scripta
1828 4270 1935 4339 est)

370 4348 423 4401 in
447 4348 725 4405 Parmensi
759 4367 860 4406 ius.
891 4368 997 4405 non
1033 4354 1317 4414 habentur.
1354 4358 1460 4413 Sed
1488 4374 1665 4429 neque
1695 4360 1751 4414 in
1784 4361 1963 4428 aliis,

2030 3165 2232 3243 tianeis
2258 3184 2594 3253 temporibus
2615 3186 2827 3252 peccet,
2858 3185 2972 3232 tum
3005 3175 3213 3230 fallitur
3238 3171 3292 3225 in
3327 3184 3393 3225 eo
3420 3165 3603 3235 Splen-

2025 3277 2171 3343 dide,
2189 3274 2332 3345 quod
2367 3274 2442 3330 ait
2468 3271 2583 3328 ﬁeri
2611 3270 2837 3325 minime
2855 3267 3100 3339 potuisse
3124 3271 3185 3319 ut
3230 3271 3354 3333 post
3371 3257 3602 3326 deposi-

2025 3376 2135 3422 tam
2160 3378 2452 3434 purpuram
2473 3361 2745 3417 decimum
2775 3357 3118 3414 consulatum
3146 3362 3357 3423 gereret
3386 3349 3605 3405 Diocle-

2029 3460 2239 3521 tianus;
2279 3469 2437 3525 quem
2460 3466 2583 3507 cum
2603 3458 2756 3507 certo
2782 3456 2996 3504 constet
3024 3445 3285 3518 gessisse,
3316 3455 3443 3496 eum
3478 3452 3605 3494 cum

2031 3548 2292 3604 vicesimo
2321 3544 2536 3616 imperii
2571 3542 2721 3599 illius
2750 3555 2897 3596 anno
2932 3544 3238 3607 comparat,
3260 3548 3373 3603 quo
3403 3530 3607 3586 dicitur

2030 3657 2090 3695 se
2119 3640 2285 3696 rebus
2314 3637 2601 3693 abdicasse
2629 3652 2645 3690 :
2678 3641 2936 3702 tantoque
2965 3629 3130 3686 altius
3176 3624 3374 3694 repetit
3432 3623 3611 3691 impe-

2031 3733 2099 3801 rii
2131 3733 2252 3801 ejus
2283 3730 2462 3796 initia,
2497 3743 2592 3783 seu
2620 3724 2806 3797 potius
2837 3737 3020 3779 rerum
3046 3720 3243 3777 seriem
3268 3725 3435 3772 totam
3468 3727 3613 3783 prae-

2024 3798 2214 3879 avertit.
2245 3823 2475 3879 Obstant
2502 3821 2782 3875 enimvero
2811 3828 3057 3872 veterum
3086 3816 3438 3866 monumenta
3477 3820 3600 3859 om-

2035 3902 2147 3980 nia,
2186 3928 2308 3983 quae
2332 3915 2547 3968 trienno
2575 3916 2699 3981 post
2726 3907 3035 3963 abdicatum
3067 3902 3356 3973 imperium
3407 3912 3610 3954 consu-

2038 4006 2205 4059 latum
2272 4002 2390 4073 ejus
2441 4002 2716 4058 decimum
2783 4005 3001 4055 notant.
3064 3994 3185 4062 Quo
3237 4001 3419 4047 autem
3463 4002 3613 4043 anno

2029 4074 2336 4165 purpuram
2375 4092 2552 4158 exuit,
2577 4090 2835 4146 consules
2855 4089 3111 4159 quintum
3140 4083 3313 4139 luisse
3338 4081 3614 4136 Constan-

2036 4187 2173 4240 tium
2218 4194 2275 4240 et
2293 4182 2565 4240 Valerium
2585 4180 2970 4236 Maximianum
2989 4180 3259 4237 Ctesares.
3279 4172 3398 4243 pari
3420 4183 3619 4227 omnes

2038 4288 2306 4330 consensu
2364 4269 2653 4327 Fastorum
2703 4269 3040 4331 conditores,
3093 4263 3408 4320 Chronicon
3473 4259 3612 4312 Pas-

2051 4365 2231 4430 chale,
2256 4363 2641 4423 Cassiodorus.
2665 4361 2895 4425 ldatius,
2930 4359 3188 4428 Prosper,
3212 4356 3530 4423 Anonymus
3545 4349 3623 4403 de-

368 4449 503 4507 quot
535 4442 672 4501 scio,
706 4442 881 4498 libris'
905 4444 1308 4517 Scaligeranaut
1362 4450 1508 4505 illam
1564 4452 1937 4522 epigraphem,
1967 4438 2014 4497 υ
2046 4458 2289 4513 Ρηιιΐθοι,
2325 4467 2377 4510 et
2406 4454 2654 4510 Bucherii
2700 4451 3109 4523 Fragmentum.
3175 4456 3230 4503 et
3261 4446 3306 4500 si
3340 4443 3431 4514 qui
3464 4440 3615 4511 ejus-

372 4531 590 4587 Decima
631 4531 953 4601 Pcrserutio,
990 4538 1233 4595 invenire
1259 4551 1361 4598 est.
1402 4540 1460 4596 in
1494 4542 1726 4599 Lucensi
1758 4555 1940 4599 tamen

374 4639 476 4676 ius.
524 4624 687 4678 rrl‘ert
736 4624 974 4680 Mansius
1027 4630 1115 4684 hic
1157 4631 1259 4701 legi
1310 4633 1693 4702 grandioribus
1742 4636 1939 4691 litteris

372 4712 842 4778 PERSECUTIO.
887 4720 975 4772 cui
1032 4734 1062 4773 e
1111 4724 1335 4789 regione
1384 4724 1451 4777 ad
1512 4726 1811 4794 marginem
1844 4741 1941 4796 pa-

372 4804 523 4871 gella:
582 4809 871 4872 respondet
924 4809 1038 4864 haec
1111 4815 1440 4880 aunotatio,
1511 4813 1813 4872 Persecutio
1866 4815 1940 4872 Χ.

376 4894 494 4950 Non
531 4896 697 4968 igitur
725 4902 790 4953 de
831 4917 946 4965 suo,
987 4912 1045 4956 ut
1085 4904 1426 4972 suspicabar,
1467 4907 1707 4977 Scaliger
1742 4910 1943 4965 lemma

375 4992 517 5046 istud
570 4990 791 5061 adjecit,
851 4993 943 5048 sed
997 5008 1062 5049 ex
1117 4988 1302 5066 aliquo
1344 5001 1642 5069 exemplari
1683 5018 1785 5058 suo
1840 5020 1943 5059 ms.

375 5086 442 5139 ad
503 5084 763 5140 Lucensis
833 5087 1006 5141 instar
1073 5092 1307 5160 excepit.
1374 5091 1507 5146 Rem
1581 5095 1752 5163 ipsam
1801 5097 1945 5166 quod

376 5185 609 5244 spectat,
664 5176 1041 5233 Diocletianeze
1084 5182 1329 5236 omnium
1374 5185 1686 5240 szevissimm
1727 5188 1944 5243 initium

379 5266 699 5322 Lactantius
734 5269 827 5325 lib.
857 5270 924 5324 de
949 5269 1167 5326 Mortib.
1197 5274 1562 5342 Persecutor.,
1598 5294 1719 5348 cap.
1744 5280 1830 5344 12,
1851 5283 1948 5335 de-

378 5359 609 5423 notavit,
634 5368 693 5412 ut
722 5359 855 5414 nihil
877 5360 1187 5419 accuratius
1213 5380 1227 5418 :
1252 5360 1573 5433 Inquiritur,
1604 5366 1799 5437 inquit,
1813 5387 1950 5444 prr-

380 5448 597 5517 agenda:
634 5449 713 5501 rei
776 5452 887 5504 dies
917 5459 1071 5521 aptus
1094 5461 1143 5506 et
1186 5453 1332 5522 felix,
1357 5472 1420 5509 ac
1452 5460 1779 5525 potissimum
1823 5461 1951 5516 Ter-

381 5540 607 5594 minalia
631 5540 953 5612 deliguntur,
980 5559 1096 5609 qum
1124 5555 1245 5598 sunt
1273 5548 1342 5598 ad
1384 5563 1453 5602 vn
1494 5548 1706 5604 kalend.
1755 5548 1948 5617 Μανι..

386 5643 443 5685 ut
473 5634 627 5701 quasi
680 5632 936 5688 terminus
988 5635 1344 5705 imponeretur
1389 5640 1507 5693 huic
1545 5640 1808 5711 religioni.
1847 5642 1950 5697 Ille

389 5721 499 5783 dies
533 5723 735 5792 primus
760 5723 903 5789 letlti,
932 5726 1234 5796 primusque
1280 5729 1537 5785 malorum
1577 5748 1735 5786 causa
1780 5734 1881 5801 fuit
1914 5776 1949 5790 ..

2042 4549 2195 4606 modi
2220 4558 2344 4605 sunt
2370 4555 2624 4603 auctores
2645 4546 2761 4611 alii,
2794 4552 3088 4600 testantur.
3118 4538 3351 4593 Tantum
3378 4536 3615 4598 denique

2044 4640 2198 4695 abest
2258 4652 2317 4694 ut
2353 4639 2621 4695 decimum
2669 4634 3010 4690 consulatum
3054 4616 3187 4684 t'unc
3220 4625 3448 4698 gesserit
3488 4622 3618 4682 Dio,

2044 4730 2341 4794 cletianus,
2400 4735 2458 4781 ut
2496 4727 2584 4780 ille
2613 4740 2794 4780 annus
2838 4725 2891 4775 iu
2920 4721 3058 4775 actis
3102 4717 3321 4772 concilii
3349 4710 3632 4769 Cirtensis.

2045 4819 2413 4881 describatur,
2438 4817 2565 4871 Post
2583 4816 2915 4871 consulatum
2947 4808 3265 4863 Diocletiani
3287 4822 3336 4859 Ix
3358 4812 3408 4858 et
3430 4802 3619 4857 Maxi-

2049 4911 2215 4966 miani
2245 4926 2371 4966 \mt.
2404 4909 2535 4975 Qua:
2562 4908 2787 4978 proinde
2819 4905 2989 4959 multa
3030 4903 3084 4957 in
3105 4915 3227 4955 eam
3251 4914 3363 4952 rem
3405 4896 3488 4951 vir
3513 4910 3633 4950 eaea

2050 5013 2162 5057 tera
2193 5002 2554 5057 doctissimus
2597 4997 2843 5059 disserit,
2876 4995 3037 5060 falso,
3072 5002 3131 5048 ut
3155 4998 3374 5052 vocant.
3413 4988 3633 5059 princi-

2050 5094 2140 5164 pio
2174 5091 2425 5148 laborant
2470 5107 2486 5147 :
2522 5104 2697 5160 neque
2727 5086 2945 5156 Elkupti
2997 5085 3284 5156 epocham,
3317 5099 3345 5137 a
3373 5097 3481 5152 qua
3519 5095 3625 5135 ve-

2051 5196 2193 5244 teres
2223 5186 2422 5240 multos
2459 5185 2716 5253 deceptos
2747 5180 2916 5237 fuisse
2968 5179 3123 5246 dicit,
3156 5180 3292 5233 satis
3324 5176 3443 5246 ipse
3476 5173 3630 5228 bene

2055 5277 2347 5333 intellexit.

2119 5366 2238 5423 Col.
2286 5365 2411 5419 495.
2471 5363 2711 5420 Galerius
2737 5358 2902 5415 solus.
2963 5359 3124 5414 Addit
3172 5357 3427 5425 Prosper,
3495 5366 3634 5408 me:

2052 5475 2169 5512 cum
2230 5457 2339 5511 alio
2378 5457 2531 5509 annis
2582 5470 2720 5509 sex:
2754 5456 2897 5523 quod
2931 5460 2985 5507 et
3033 5450 3255 5520 propius
3314 5445 3380 5501 ad
3435 5458 3633 5498 verum

2052 5560 2157 5606 est.
2200 5548 2265 5604 Et
2293 5548 2536 5617 Scaliger
2580 5562 2644 5600 ex
2697 5547 2911 5602 Victore
2960 5546 3445 5604 Sehottianuotat,
3482 5554 3617 5594 eum
3656 5591 3661 5595 .

2056 5639 2277 5693 biennio
2293 5638 2472 5692 solido
2489 5637 2792 5707 Augustum
2822 5635 2988 5690 fuisse
3005 5642 3132 5688 ante
3154 5631 3441 5702 imperium
3464 5628 3619 5685 Con-

2057 5731 2302 5795 stantini,
2339 5731 2496 5800 cujus
2537 5739 2733 5801 quarto
2764 5744 2905 5783 anno
2936 5726 3091 5782 obiit.
