3974 6192
462 348 603 415 1119

1748 353 2145 417 VALLARSII
2190 353 2429 416 NOTAE.

3579 354 3710 418 1120

529 463 667 522 Ibid.
717 465 896 523 Romw
919 469 1197 525 vicesimus
1227 485 1416 524 nonus.
1467 467 1610 536 Quin
1665 471 1763 526 soli
1815 486 2030 526 menses
2060 475 2105 532 Α
2139 468 2380 536 tiusjnn
2414 477 2531 520 erat
2561 481 2737 521 annus
2767 467 3049 522 absolutus
3083 506 3100 531 ,
3132 476 3188 522 et
3229 475 3462 538 quartus
3495 465 3714 522 inchoa-

460 567 698 626 qnatuor
727 570 780 614 et
810 561 1085 617 sexdecim
1115 563 1230 618 dies
1259 563 1306 616 ei
1341 561 1698 618 ascribuntur
1733 563 1784 617 in
1811 562 2026 618 Buehe-

457 650 616 704 rlano
637 651 903 720 catalogo,
934 653 1088 724 cujus
1120 653 1266 722 ﬁdei,
1299 653 1421 710 aliis
1442 658 1806 711 monumentis
1826 659 2032 711 διιπτα-

458 742 733 809 gantibus,
766 745 1019 799 standum
1050 756 1237 801 censet
1264 745 1666 802 Tillemoutius.
1695 749 1780 802 Ab
1809 751 2028 808 Eusebii

460 843 640 886 autem
679 843 852 889 morte
885 837 952 890 ad
993 836 1310 892 Melchiadis
1359 837 1784 904 ordinationem,
1834 857 2030 898 novem

462 915 683 978 incuses
723 934 780 980 et
829 926 1037 997 aliquot
1068 929 1184 984 dies
1232 928 1530 984 Romanam
1577 932 1891 986 cathedram
1937 949 2032 985 va-

458 1029 612 1066 casse
641 1015 896 1070 evincunt
925 1018 1246 1090 chronologi
1293 1023 1646 1077 recentiores.
1693 1021 1895 1077 Deinde
1930 1024 2031 1091 ipsi

459 1105 748 1162 Melchiadi
774 1109 920 1165 solos
941 1111 1244 1166 attribuunt
1269 1130 1435 1167 annos
1455 1115 1510 1180 (Ξ,
1537 1131 1736 1168 menses
1765 1114 1816 1176 6,
1843 1117 1952 1168 dies
1975 1117 2030 1183 9;

461 1211 574 1259 quo
613 1207 772 1264 pacto
802 1199 1202 1255 emendandum
1255 1205 1560 1273 catalogum
1608 1205 2032 1273 Bucherianum,

459 1287 708 1352 probant.
745 1287 823 1344 Re
873 1290 1048 1345 etiam-
1079 1306 1204 1346 vera
1258 1303 1390 1348 sunt
1445 1295 1553 1348 alia
1587 1293 1820 1364 hujusce
1859 1295 2032 1351 Euse-

461 1379 607 1433 biaui
642 1381 826 1448 operis
861 1383 1220 1452 exemplaria,
1275 1400 1396 1454 qua
1443 1400 1549 1439 non
1585 1401 1676 1440 sex
1709 1401 1902 1451 artnos,
1938 1389 2032 1443 sed

461 1480 576 1526 tres
601 1481 809 1526 tantum
839 1474 1308 1539 numerent.0uin
1341 1475 1414 1530 ita
1443 1476 1604 1532 habet
1629 1477 1891 1550 Scaligeri
1918 1481 2036 1534 edi-

459 1564 556 1627 tio,
590 1573 648 1619 et
677 1565 826 1634 quod
857 1567 1082 1638 gravius
1112 1567 1272 1637 longe
1303 1579 1638 1624 momentum
1663 1581 1769 1638 est,
1798 1573 1889 1642 qui
1927 1572 2038 1626 Eu-

458 1655 666 1710 sebiurn
695 1658 1006 1714 describere
1037 1669 1211 1722 amat,
1242 1659 1478 1730 Prosper
1520 1663 1571 1715 in
1598 1661 1894 1719 Chronico.
1930 1664 2036 1718 Po-

462 1757 685 1802 tuerunt
718 1751 1010 1805 numerica:
1041 1761 1184 1805 notae
1213 1751 1273 1806 Vl
1305 1751 1464 1807 facile
1496 1768 1525 1807 a
1561 1753 1806 1810 librariis
1839 1755 1890 1808 iu
1919 1755 2035 1810 fere

462 1838 670 1893 similes
699 1838 766 1893 111
793 1843 1013 1897 mutari.
1042 1843 1149 1899 Sed
1181 1845 1450 1899 minorem
1486 1862 1774 1900 numerum
1817 1847 1920 1902 sic.
1946 1864 2036 1903 ra-
2069 1821 2111 1875 Β

460 1938 576 1984 tum
599 1930 800 1986 habent
822 1933 966 1988 docti
987 1935 1324 2006 chronologi,
1347 1945 1403 1990 ut
1424 1937 1586 2000 vulgo
1605 1938 2040 2010 interpretentur

462 2037 564 2088 pro
603 2022 814 2078 duobus
857 2025 1169 2094 completis,
1201 2037 1254 2083 et
1283 2043 1392 2082 uno
1429 2029 1714 2096 inchoato,
1763 2039 1875 2086 tres
1907 2031 2037 2086 dici.

461 2110 684 2179 Verum,
727 2126 786 2169 ut
836 2117 1036 2182 sentio,
1069 2133 1176 2172 non
1228 2121 1360 2174 satis
1394 2119 1522 2174 hinc
1583 2130 1727 2176 recte
1757 2131 2035 2191 arguunt;

463 2219 585 2256 nam
629 2204 757 2258 licet
809 2216 918 2262 tres
975 2208 1255 2262 ascribant
1311 2209 1516 2264 laudati
1552 2209 1848 2265 Eusebiani
1883 2211 2038 2266 codi-

462 2311 580 2358 ces,
615 2307 668 2349 et
707 2295 968 2368 Prosper,
1004 2299 1059 2354 in
1115 2301 1230 2369 ipsa
1264 2311 1443 2356 tamen
1487 2301 1796 2371 digestione
1826 2312 2038 2372 tempo-

463 2401 656 2442 ruma
711 2386 952 2444 Miltiade
1000 2389 1068 2444 ad
1130 2391 1450 2447 Silvestrum
1522 2403 1816 2448 numerant
1875 2410 2039 2462 supra

463 2480 712 2550 quinque
741 2498 756 2534 ε
801 2491 856 2536 et
886 2483 989 2538 iste
1023 2483 1243 2553 quidem
1285 2499 1376 2553 per
1425 2484 1744 2552 interiectus
1779 2488 2039 2544 consula-

463 2581 576 2632 tus,
631 2571 720 2626 ille
771 2587 866 2642 per
901 2573 1031 2629 huic
1061 2574 1222 2643 plane
1257 2576 1598 2631 conformem
1646 2593 1911 2632 annorum
1951 2594 2040 2633 re-

461 2664 799 2720 censioncm.
845 2665 1224 2722 Dicemushac
1276 2669 1343 2724 de
1389 2687 1448 2726 re
1511 2671 1708 2726 iterum
1752 2673 1817 2727 ad
1862 2671 2041 2728 Silve-

461 2765 662 2821 s'rum,
704 2757 791 2824 qui
823 2773 944 2812 mox
976 2759 1238 2816 succedit.

530 2849 646 2903 Col.
681 2849 804 2904 491.
841 2850 1110 2907 Maximus
1144 2864 1192 2906 et
1225 2853 1472 2911 Seuerus.
1506 2853 1706 2912 Eodem
1735 2870 1902 2920 anno,
1931 2855 2042 2911 imo

464 2955 572 2992 nua
600 2941 899 3010 cadentque
929 2943 1016 2998 die
1047 2987 1060 3008 ,
1097 2945 1305 3001 scilicet
1332 2945 1580 3002 kalendis
1609 2945 1765 3002 Maiis
1795 2990 1810 3014 ,
1843 2948 2042 3016 quibus

465 3026 826 3084 Diocletianus
870 3043 923 3085 et
971 3033 1333 3092 Maximianus
1378 3037 1746 3102 abdicarunt,
1792 3036 2041 3094 Galerius

462 3131 516 3173 ct
546 3122 899 3179 Constantius
932 3124 1159 3195 Augusti
1193 3129 1450 3197 appellati
1491 3138 1622 3184 sunt
1647 3169 1662 3195 ,
1704 3140 1759 3184 et
1797 3145 2040 3199 pronun-

468 3211 584 3263 tiati
616 3211 861 3268 Caesares
912 3213 1154 3271 Severus
1187 3231 1250 3271 ac
1299 3217 1649 3273 Maximinus.
1689 3218 2041 3288 Compertum

464 3301 571 3357 hoc
617 3312 699 3358 est
753 3319 817 3358 ex
869 3305 1158 3361 Lactantio
1197 3308 1266 3365 de
1306 3308 1575 3366 Mortibus
1619 3311 2040 3368 Persecutorum

466 3403 579 3450 toto
617 3405 874 3452 contextu
917 3413 1040 3469 cap.
1076 3401 1146 3456 18
1173 3410 1228 3454 et
1263 3401 1421 3456 initio
1453 3403 1884 3473 subsequentis;
1922 3418 2044 3473 qua:

460 3485 580 3542 loca
613 3490 716 3544 huc
745 3491 952 3548 referas
982 3509 1104 3546 cum
1139 3493 1424 3550 doctorum
1462 3494 1744 3550 hominum
1779 3495 2044 3551 observa-

463 3577 728 3636 tionibus.
761 3581 977 3649 Noster,
1010 3583 1124 3639 sive
1155 3583 1422 3641 Eusebius
1471 3585 1588 3640 sive
1622 3585 1986 3656 Hieronymus
2011 3624 2028 3652 ,

463 3682 587 3721 cum
621 3669 672 3721 in
707 3672 1146 3740 praecedentibus
1178 3673 1425 3731 historiis
1473 3685 1636 3745 atque
1665 3675 1822 3730 annis
1853 3689 2043 3745 perse-

465 3760 704 3816 cutionis
733 3765 1146 3832 prochronismo
1183 3776 1446 3836 peccent,
1482 3768 1570 3824 hic
1599 3777 1786 3824 errant
1816 3768 1873 3823 in
1905 3783 2068 3824 con-.

464 3854 688 3908 trariam
736 3867 967 3923 partem.
1000 3857 1201 3914 Eadem
1265 3870 1442 3914 tamen
1492 3860 1600 3915 illis
1647 3875 1798 3915 mens
1866 3868 2032 3926 erat,

463 3962 586 4013 quae
640 3947 906 4018 Eutropio
931 3989 946 4016 ,
996 3959 1112 4004 tum
1166 3950 1423 4015 Socrati,
1471 3963 1524 4008 et
1550 3952 1870 4023 Theophani
1898 3994 1913 4019 ,
1945 3952 2040 4024 qui

466 4037 684 4092 nonnisi
720 4050 1009 4109 postquam
1040 4039 1293 4097 Galerius
1321 4043 1374 4098 in
1405 4043 1616 4098 italiam
1651 4045 1841 4110 venit,
1886 4057 2040 4098 crea-

468 4136 550 4183 tos
582 4128 841 4184 Severum
872 4143 926 4188 et
956 4133 1306 4190 Maximinum
1342 4137 1620 4200 Caesares,
1653 4138 1924 4193 scribunt.

535 4221 653 4275 Col.
687 4222 813 4279 495.
849 4224 1194 4281 Constantius
1228 4236 1374 4281 sexto
1409 4229 1611 4284 decimo
1644 4231 1873 4296 imperii.
1903 4231 2040 4287 Par-

465 4313 674 4368 mensis
704 4330 807 4370 ms.
845 4325 1054 4372 tantum
1087 4320 1247 4372 habet
1273 4361 1287 4385 ,
1324 4319 1356 4374 6
1387 4321 1596 4387 imperii
1631 4337 1771 4376 anno
1797 4336 1817 4376 :
1845 4322 1939 4378 sed
1974 4322 2040 4378 16

467 4417 532 4457 ex
562 4419 670 4471 quo
695 4404 879 4461 Caesar
911 4418 1225 4478 assumptus
1255 4420 1337 4465 est
1363 4426 1390 4464 a
1426 4410 1758 4470 Diocletiano
1783 4422 1837 4468 et
1862 4411 2037 4469 Maxi-

2132 567 2236 613 tus.
2265 558 2465 614 Confer
2489 559 2742 612 Dodwelli
2772 557 3192 630 Chronologiam
3220 571 3493 630 persecut.
3520 570 3573 614 et
3597 559 3715 615 Dio-

2131 650 2460 718 cletianeam
2478 649 2701 704 Baluzii.

2205 742 2309 808 ld.,
2363 743 2495 798 ibid.
2543 741 2985 799 Constantius....
3037 759 3104 799 ex
3147 743 3439 797 concubina
3493 741 3711 796 Helena.

2133 833 2327 887 Mirum
2373 835 2424 888 id
2469 850 2600 889 sane
2626 835 2692 890 de
2721 835 3066 890 Constantini
3111 845 3236 890 ortu
3275 836 3481 890 sentire
3529 834 3701 888 Euse-

2134 924 2284 979 bium
2310 943 2324 992 ;
2369 942 2493 979 nam
2538 926 2798 980 Chronici
2829 925 3109 981 Paschalis
3139 937 3331 981 auctor
3360 966 3376 989 ,
3405 941 3566 994 quem
3605 926 3715 977 lau-

2135 1015 2335 1070 damus
2364 1016 2416 1069 iu
2444 1015 2648 1072 Graecis
2676 1057 2691 1082 ,
2735 1017 3029 1072 Eusebium
3057 1015 3350 1084 descripsit
3377 1033 3393 1070 :
3431 1014 3710 1070 Zosimum

2137 1120 2315 1163 autem
2343 1125 2448 1164 non
2478 1124 2676 1173 moror,
2707 1117 2892 1177 utpote
2912 1107 3124 1162 hostem
3152 1105 3499 1161 Constantini
3535 1107 3708 1160 nomi-

2137 1201 2222 1255 nis
2251 1199 2702 1254 inl'cnsissimum.
2731 1198 2835 1255 Sed
2861 1200 3009 1254 enim
3031 1199 3277 1270 plerique
3301 1199 3390 1252 alii
3417 1199 3710 1266 scriptorcs

2136 1294 2295 1349 etiam
2326 1309 2390 1346 ex
2417 1293 2649 1347 ethnicis
2678 1303 2862 1348 natum
2889 1292 3313 1347 Constantinum
3349 1293 3577 1344 tradunt
3605 1329 3621 1352 ,
3651 1307 3710 1342 ex

2137 1389 2428 1442 obscuriori
2463 1387 2672 1458 quidem
2727 1387 3088 1452 matrimonio,
3148 1397 3203 1439 ut
3234 1382 3527 1449 Eutrapius'
3576 1397 3596 1434 :
3627 1390 3714 1434 aut

2138 1479 2338 1536 Helena
2374 1490 2542 1534 matre
2576 1481 2828 1536 vilissima
2852 1521 2867 1544 ,
2897 1489 2957 1535 ut
2999 1480 3320 1552 Anonymus
3350 1478 3714 1542 Valesianus;

2142 1573 2388 1642 legitima
2425 1586 2603 1626 uxore
2633 1567 2983 1638 tamen,'nec
3018 1571 3120 1625 nisi
3159 1581 3384 1640 propter
3427 1570 3715 1624 nobiliores

2139 1661 2394 1730 nuptias,
2438 1671 2666 1728 cogente
2707 1659 3076 1722 Diocletiano,
3113 1659 3416 1728 repudiata.
3454 1658 3594 1724 Quin
3633 1671 3692 1709 ex

2141 1754 2243 1807 hoc
2282 1752 2399 1822 ipso
2434 1751 2577 1821 quod
2611 1752 2846 1822 priore'u
2893 1750 3231 1819 repudiatam
3271 1750 3538 1803 Eus--bius
3569 1749 3707 1815 ipse-

2143 1847 2544 1914 met'superius
2578 1843 2904 1908 tradiderit,
2939 1843 3199 1912 colligunt
3247 1842 3416 1896 luisse
3462 1840 3712 1894 llelenau

2143 1953 2323 1993 veram
2356 1952 2583 1992 uxorem
2614 1953 2630 2004 ;
2667 1937 2753 1991 cui
2787 1952 2983 2005 nempe
3007 1937 3194 1991 datum
3229 1935 3518 2002 repudium
3557 1933 3717 1987 inter-

2142 2038 2458 2098 pretantur.
2490 2028 2697 2099 Desipit
2731 2037 2879 2083 certe
2910 2029 3128 2096 quidem
3159 2027 3419 2096 Scaliger,
3448 2026 3539 2094 qui
3573 2025 3714 2094 prio-

2145 2134 2256 2174 rem
2304 2118 2612 2174 Constanlii
2669 2133 2895 2173 uxorem
2948 2117 3117 2174 fuisse
3162 2118 3480 2186 pronuntiat
3525 2118 3715 2171 Miner-

2141 2209 2304 2269 viam.
2339 2217 2562 2262 matrem
2594 2206 2773 2278 Crispi
2804 2206 3059 2268 Cass-aris,
3091 2223 3250 2276 quam
3279 2205 3559 2258 dimittere
3593 2222 3717 2259 coa-

2143 2309 2262 2354 ctns
2285 2307 2390 2362 est,
2413 2315 2536 2355 cum
2561 2298 2909 2356 Theodoram
2942 2301 3246 2370 privignam
3276 2299 3516 2354 lli-rculii
3545 2299 3715 2353 duxit.

2144 2392 2302 2458 Atqui
2333 2390 2558 2462 Crispus
2589 2390 2771 2448 Ctesar
2802 2408 2910 2448 non
2943 2392 3253 2447 ConStantii
3276 2433 3292 2456 ,
3325 2393 3422 2445 sed
3455 2390 3720 2444 Caustauo

2147 2484 2240 2537 tiui
2289 2482 2433 2540 tilius
2480 2484 2594 2539 fuit
2624 2503 2639 2541 :
2672 2485 2931 2539 Minervia
2954 2527 2970 2550 ,
3003 2499 3097 2540 seu
3145 2484 3349 2538 rectius
3387 2483 3716 2546 Minervius,

2144 2589 2252 2627 non
2287 2572 2463 2628 mater
2490 2573 2859 2639 Constantini,
2889 2576 2984 2631 sed
3015 2574 3326 2630 concubina
3362 2575 3575 2643 utique.
3601 2573 3717 2627 Hatc

2109 2691 2114 2697 -
2144 2682 2306 2721 nemo
2334 2669 2602 2738 estpaqu
2632 2669 2941 2724 doctiorum
2977 2670 3072 2738 qui
3112 2670 3340 2723 nesciat.
3375 2668 3550 2722 Porro
3581 2683 3716 2731 non.

2148 2766 2205 2810 ut
2236 2757 2311 2811 ait
2344 2756 2734 2831 Hieronymus,
2760 2759 3154 2814 Constantinus
3186 2760 3377 2812 invasit
3410 2760 3716 2829 imperium,

2146 2848 2239 2903 sed
2287 2865 2350 2903 ex
2397 2864 2648 2918 suprema
2688 2851 2860 2920 patris
2897 2851 3209 2916 voluntate,
3247 2846 3543 2906 accedente
3577 2850 3717 2903 mili-

2145 2949 2259 2994 tum
2294 2942 2347 2993 iu
2380 2941 2657 2994 Britannia
2689 2957 2962 2997 consensu
2987 2983 3000 3006 ,
3034 2943 3290 2997 obtinuit.
3330 2923 3561 2996 Fallitur
3592 2957 3717 3004 ergo

2153 3031 2330 3085 denuo
2380 3030 2657 3102 Scaliger.
2701 3033 2789 3103 qui
2825 3044 3013 3088 contra
3054 3044 3333 3088 auctorem
3365 3033 3576 3088 Politia:
3615 3033 3714 3088 SS.
3805 3023 3814 3042 ’

2067 3158 2114 3221 C
2153 3123 2526 3194 Mctrophanis
2558 3135 2612 3178 et
2631 3125 2947 3191 Alexandri,
2972 3125 3574 3197 negatConstautinum
3603 3142 3719 3180 suc-

2151 3232 2425 3271 ccssoretn
2475 3217 2686 3284 imperii
2737 3232 2766 3272 a
2814 3229 2969 3287 patre
3015 3217 3386 3287 designatum.
3437 3217 3718 3273 Testautr

2152 3311 2200 3365 id
2237 3313 2517 3365 enimvero
2547 3313 2825 3382 conceptis
2859 3314 3040 3368 verbis
3069 3353 3084 3377 ,
3132 3311 3435 3384 Eumenius
3470 3313 3523 3366 in
3561 3310 3716 3366 Pane-

2151 3401 2338 3471 gyrico
2362 3443 2375 3462 ,
2423 3399 2673 3456 Julianus
2720 3411 2860 3456 orat.
2899 3403 3069 3472 prima
3107 3401 3172 3455 ad
3207 3401 3589 3456 Constantium
3617 3439 3633 3460 .
3671 3411 3716 3455 et

2161 3493 2386 3548 Orosius
2417 3493 2510 3546 lib.
2543 3508 2659 3554 vni,
2685 3509 2808 3562 cap.
2837 3492 2929 3550 26.
2965 3493 3205 3561 Denique
3237 3493 3426 3547 Caesar
3455 3509 3486 3546 a
3515 3492 3716 3547 Galerio

2151 3583 2460 3651 appellatus
2489 3592 2574 3636 est
2616 3600 2707 3637 vm
2737 3584 3000 3638 kalendas
3030 3583 3323 3638 Januarias
3345 3624 3360 3648 ,
3402 3595 3561 3655 atque
3594 3583 3714 3638 illud

2152 3675 2361 3727 nummi
2411 3689 2627 3743 quoque
2673 3676 2775 3745 ipsi
2821 3686 3110 3731 testantur.
3154 3675 3262 3731 Eos
3316 3676 3556 3745 Scaliger
3601 3691 3714 3730 cum

2153 3780 2264 3819 non
2299 3765 2660 3835 intelligeret,
2692 3770 2853 3822 tertio
2889 3768 3119 3829 erravit,
3150 3778 3203 3822 et
3239 3769 3594 3837 pronuntiare
3625 3784 3716 3821 au-

2152 3869 2246 3912 sus
2275 3865 2397 3920 est,
2438 3859 2643 3913 nullam
2679 3861 2960 3914 historiam
2997 3861 3202 3914 referre
3233 3877 3357 3912 etim
3395 3861 3655 3913 Cmsarem
3688 3875 3713 3910 s

2151 3944 2369 4001 Galerio
2392 3946 2621 4002 dictum.
2658 3947 2882 4003 Scilicet
2913 3949 3199 4019 ignorabat
3233 3964 3492 4018 pancgyr.
3525 3949 3714 4002 thiasi-

2149 4035 2316 4088 miani
2352 4045 2405 4090 et
2433 4036 2775 4093 Constantini
2809 4055 2822 4092 :
2856 4037 2986 4093 Cum
3016 4039 3113 4092 tibi
3151 4049 3304 4106 pater
3338 4040 3616 4106 imperium
3646 4053 3715 4090 re-

2151 4128 2437 4196 liquisset,
2489 4130 2720 4187 Ca’saris
2778 4142 2954 4186 tamen
3011 4131 3365 4202 appellatione
3417 4140 3712 4191 contentus,

2151 4232 2452 4290 exspectare
2482 4222 2734 4278 malueris
2761 4265 2776 4289 ,
2813 4230 2872 4277 ut
2903 4223 3039 4276 idem
3070 4233 3119 4276 te
3141 4264 3158 4290 ,
3194 4223 3286 4292 qui
3319 4223 3478 4274 filum
3501 4261 3517 4284 ,
3548 4221 3714 4274 decla-

2151 4323 2294 4376 raret
2335 4315 2647 4384 Augustum.
2696 4314 3158 4370 Luculeutissime
3193 4324 3376 4368 autem
3410 4313 3715 4368 Lactantius

2149 4406 2246 4464 lib.
2293 4408 2360 4461 de
2405 4406 2669 4464 Mortibus
2705 4407 3046 4465 Persecutor.
3093 4426 3214 4479 cap.
3259 4409 3330 4462 25
3357 4452 3370 4470 ,
3409 4409 3475 4462 de
3512 4407 3716 4461 Galerio

471 4495 652 4546 miauo
679 4535 694 4559 ,
729 4511 930 4550 anntnn
960 4500 1244 4568 supputari
1273 4538 1288 4563 ,
1319 4501 1665 4570 perspicuum
1695 4509 1802 4558 est.
1858 4503 2040 4559 Malim
2074 4499 2118 4556 Ι)
2149 4499 2374 4568 loquens
2413 4517 2426 4554 :
2461 4499 2604 4554 Illud
2648 4500 2966 4570 excogitavit
2990 4538 3004 4565 ,
3053 4510 3110 4554 ut
3155 4499 3405 4554 Severum
3431 4541 3446 4564 ,
3493 4500 3585 4569 qui
3613 4507 3715 4549 erat

469 4593 648 4638 tamen
678 4586 907 4643 dixisset
937 4598 1130 4643 auctor
1160 4599 1368 4656 noster,
1403 4591 1469 4646 16
1500 4593 1711 4662 imperii
1745 4610 1918 4650 mense
1945 4611 2042 4664 pro

469 4691 631 4740 anno,
672 4684 729 4730 ut
758 4692 820 4732 ex
856 4693 965 4748 quo
1005 4679 1283 4750 Augustus
1324 4682 1628 4752 appellatus
1658 4694 1764 4751 est,
1795 4686 1977 4741 statim
2009 4701 2040 4742 a

468 4755 783 4822 Diocletiani
832 4778 885 4824 et
934 4768 1246 4826 Maximiani
1329 4773 1677 4830 abdicatione
1737 4775 2036 4839 ordiretur.

467 4855 732 4912 Nimirum
770 4874 837 4916 eo
870 4858 1042 4916 ferme
1077 4863 1254 4932 spatio
1303 4865 1567 4932 temporis
1611 4881 1795 4921 rerum
1833 4867 2040 4937 potitus

465 4955 550 5000 est
576 4949 929 5006 Constantius
950 4994 966 5017 ,
1007 4969 1037 5007 a
1068 4952 1312 5010 kalendis
1353 4957 1564 5010 scilicet
1593 4956 1715 5011 Maii
1745 4957 1810 5012 ad
1841 4959 2038 5012 subse-

463 5041 684 5106 quentis
715 5055 844 5096 ann.
871 5059 965 5098 vut
994 5042 1256 5100 kalendas
1288 5045 1538 5115 Augusti.
1581 5045 1758 5100 Sentit
1799 5045 2041 5117 Scaliger

465 5129 607 5199 apud
637 5131 908 5198 Photium,
939 5137 996 5188 ὲν
1013 5139 1078 5207 τῇ
1143 5137 1380 5208 πολιτείᾳ
1429 5139 1600 5206 ἁγίων
1620 5137 1900 5208 Πατὲρων,
1927 5139 2036 5194 dici

465 5222 631 5276 istum
687 5239 797 5292 quo
835 5222 1188 5284 Constantius
1215 5229 1373 5295 obiit,
1409 5245 1611 5283 annum
1652 5229 1867 5282 tertium
1913 5245 2037 5299 per-

467 5317 791 5370 secutionis.
824 5316 1034 5371 Vereor
1063 5329 1267 5386 autem,
1323 5321 1451 5390 quin
1513 5321 1699 5375 Graeca
1746 5321 1932 5388 τριτον
1979 5321 2036 5374 δὲ

463 5406 563 5476 ἤδη
589 5408 708 5458 τότε
735 5401 803 5477 ἦν
833 5406 954 5470 ἔτος
997 5409 1092 5460 τοῦ
1120 5403 1241 5462 καθ’
1275 5413 1430 5482 ἡμῶν
1473 5412 1741 5483 διωγμοῦ,
1785 5415 1917 5470 satis
1948 5414 2036 5471 ille

466 5508 614 5553 recte
639 5501 959 5570 acceperit,
985 5515 1106 5569 qua:
1140 5503 1274 5556 mihi
1317 5507 1494 5571 potius
1532 5507 1780 5561 videntur
1814 5507 2031 5561 initium

463 5592 640 5656 quarti
671 5592 978 5659 significare
1007 5608 1022 5649 :
1055 5592 1241 5663 sicque
1272 5596 1596 5665 interpretor
1629 5613 1645 5652 :
1685 5597 1893 5650 Tertius
1915 5599 2036 5666 jam

465 5693 591 5734 tunc
621 5693 735 5736 erat
774 5681 972 5753 (actus)
1010 5700 1181 5738 annus
1212 5670 1621 5753 persecutionis;
1653 5689 1752 5758 ἤδη
1782 5683 1850 5756 ἦν
1873 5727 1887 5752 ,
1913 5688 2034 5756 jam

464 5775 684 5841 fuerat,
714 5789 808 5830 seu
838 5815 850 5842 ,
888 5779 1047 5844 paulo
1082 5787 1202 5833 ante
1237 5779 1427 5848 fuerat.
1460 5779 1536 5834 Rc
1571 5780 1733 5835 etiam
1767 5795 1891 5836 vera
1926 5791 2033 5834 ter-

2149 4600 2305 4654 trJate
2339 4593 2618 4657 maturior,
2655 4593 2953 4664 Augustum
2993 4603 3324 4662 nuncuparet
3361 4609 3380 4646 :
3411 4591 3714 4646 Constanti-

2149 4700 2274 4736 num
2306 4701 2428 4738 vero
2448 4727 2464 4752 ,
2495 4700 2596 4738 non
2627 4685 2996 4754 imperatorem
3023 4727 3037 4748 ,
3072 4687 3208 4740 sicut
3236 4696 3353 4738 erat
3386 4687 3560 4754 fartus
3584 4730 3599 4751 ,
3637 4689 3716 4738 sed

2149 4773 2412 4828 Cwsarem
2443 4791 2560 4829 cum
2590 4774 2884 4830 Maximino
2919 4777 3179 4845 appellari
3203 4777 3438 4845 juberet.

2217 4864 2333 4920 Col.
2385 4864 2511 4921 594.
2559 4865 2960 4922 Constantinus.
3003 4865 3187 4921 Victor
3238 4867 3292 4922 in
3329 4867 3596 4936 ,Epitome
3637 4881 3716 4919 so-

2148 4955 2216 5010 lis
2273 4958 2349 5010 ait
2400 4958 2552 5012 annis
2611 4959 2829 5028 triginta
2880 4975 2900 5014 :
2948 4957 3040 5027 qui
3097 4969 3275 5012 tamen
3339 4973 3369 5011 a
3425 4963 3714 5026 svmetipsu

2148 5047 2403 5102 dissentit
2435 5049 2700 5111 inferius,
2751 5049 2842 5103 ubi
2884 5049 2952 5104 de
2995 5065 3058 5103 eo
3099 5050 3448 5118 proverbium
3489 5050 3710 5110 recitat,

2149 5137 2417 5194 Traclmla
2460 5141 2634 5193 decem
2685 5141 2841 5193 anuis
2889 5141 3359 5208 pra'stantissimus
3387 5180 3402 5203 ,
3448 5139 3709 5193 duodecim

2144 5232 2480 5301 sequentibus
2512 5229 2654 5284 latro
2676 5272 2690 5297 ,
2720 5230 2898 5284 decem
2933 5231 3232 5284 novissimis
3263 5230 3497 5298 pupillus
3531 5247 3550 5283 :
3579 5230 3706 5293 nisi,

2145 5322 2290 5392 quod
2324 5325 2520 5377 doctus
2553 5322 2687 5391 ;ejus
2724 5323 2993 5390 interpres
3032 5322 3278 5385 monuit,
3311 5321 3700 5376 rescribendum

2145 5413 2434 5480 videatur,
2486 5414 2959 5480 praestantissimus
3011 5412 3120 5466 dua:
3152 5451 3168 5476 ,
3218 5412 3397 5466 decem
3453 5412 3699 5479 sequenti-

2147 5502 2243 5556 bus
2267 5539 2284 5566 ,
2333 5511 2442 5558 etc.
2486 5503 2776 5572 Eutropius
2814 5503 3061 5558 absolute
3097 5519 3256 5556 unum
3301 5512 3351 5555 et
3388 5502 3695 5556 tricesimum

2144 5600 2414 5648 numerat.
2449 5590 2644 5648 Noster
2674 5607 2800 5647 vero
2831 5594 3052 5664 propius
3089 5593 3273 5648 habet.

2213 5685 2330 5740 Col.
2365 5683 2492 5740 495.
2531 5683 2834 5740 Maxentius
2864 5683 3132 5740 Herculii.
3190 5684 3506 5754 Appellatus
3534 5699 3583 5737 tv
3606 5680 3689 5736 h-

2146 5776 2332 5832 lendas
2379 5775 2699 5832 Novembris
2745 5775 2934 5832 eodem
2963 5817 2977 5844 ,
3017 5792 3125 5846 quo
3178 5774 3562 5832 Constantinus
3607 5786 3683 5826 re-
