4014 6196
381 344 514 404 11“1

1649 340 2055 404 VALLAHSII
2098 343 2330 405 NOTJI.

3475 341 3611 404 139.2

375 470 539 525 gnare
577 469 734 510 orsus
778 453 975 508 dicitur
999 493 1013 514 ,
1068 451 1470 522 persecutionis
1511 466 1652 505 anno
1700 458 1898 518 quarto
1923 486 1939 514 .
1980 458 2018 510 A
2050 469 2113 506 ex
2161 453 2394 510 Historia
2449 432 2672 525 apparet
2709 453 2800 507 lib.
2836 469 2950 519 \‘Ill,
2989 468 3038 507 c.
3071 455 3152 517 15,
3189 463 3243 507 et
3274 452 3616 508 Constantini

378 549 521 615 quod
557 561 621 600 cx
662 546 923 600 Lactantii
969 545 1060 598 lib.
1099 547 1164 598 de
1200 543 1467 598 Mortibus
1505 543 1780 598 Persecut‘.
1825 556 1947 609 eap.

379 637 449 690 “2.6
481 647 712 690 constat.
749 634 851 687 Sed
889 643 942 687 et
982 634 1275 701 I‘Iutrupins
1299 673 1312 697 ,
1353 632 1562 697 Romae,
1605 633 1819 700 inquit,
1862 632 1948 683 in~

381 738 518 782 terea
544 727 872 795 prn'toriani,
901 727 1128 778 excitato
1161 727 1408 782 tumultu.
1445 724 1772 779 Maxentium
1810 723 1950 776 Iler-

385 820 511 873 culii
540 819 734 886 ﬁlium,
768 820 858 886 qui
887 818 1028 870 haud
1053 817 1239 885 procul
1269 815 1334 868 ab
1371 815 1507 870 Urbe
1543 818 1597 868 in
1630 817 1712 869 uia
1739 817 1949 884 publica

383 909 714 970 morabatur,
757 910 1048 976 Augustum
1077 893 1532 973 nuncupaverunt.
1569 903 1949 958 IIallut'inatur

381 1001 641 1068 Scaliger,
675 1002 762 1054 cui
802 999 994 1051 mirum
1037 1007 1118 1052 est
1148 999 1248 1067 legi
1297 998 1349 1049 in
1401 996 1657 1050 Maxentii
1711 997 1950 1051 nummis

385 1090 541 1142 DIVO
568 1087 951 1144 MAXIMIAND
973 1088 1175 1143 PATIH
1201 1087 1468 1144 SOCERO
1488 1088 1810 1143 AE'I‘ERNA
1833 1088 1952 1141 ME-

383 1181 632 1237 MORIA:
665 1196 831 1236 cusus
856 1181 1002 1235 enim
1034 1181 1121 1237 ille
1154 1191 1234 1234 est
1261 1195 1518 1234 nummus
1545 1195 1652 1234 non
1688 1179 1739 1232 in
1774 1179 1943 1232 Maxi-

386 1274 550 1328 miani
590 1273 759 1341 patris
782 1309 799 1338 ,
838 1272 930 1327 sed
960 1272 1013 1326 in
1045 1272 1220 1326 soceri
1251 1269 1451 1325 Galerii
1486 1269 1798 1323 Maximiani
1838 1285 1936 1324 tne-

385 1366 636 1420 moriam.

455 1455 594 1512 Ibid.
650 1455 874 1512 Severus
917 1453 1121 1510 Caesar.
1173 1452 1249 1507 Ita
1290 1452 1507 1522 quidem
1559 1461 1613 1507 et
1659 1451 1842 1506 Victor
1891 1451 1948 1506 in

384 1547 714 1613 Caesaribus,
746 1560 798 1602 et
834 1547 1129 1617 Eutropius
1168 1547 1376 1611 dicunt,
1429 1544 1689 1600 Ravenna:
1721 1546 1867 1607 obiit,
1900 1555 1954 1600 et

388 1639 644 1694 Ravenna:
684 1639 990 1708 interfectus
1019 1650 1117 1691 est.
1155 1638 1260 1693 Sed
1296 1636 1482 1692 Victor
1549 1641 1686 1692 alter
1733 1640 1785 1692 itt
1829 1637 1954 1708 Epi-

389 1742 530 1784 tome
559 1747 572 1784 :
609 1728 814 1795 Romte,
847 1729 959 1791 ait,
1004 1729 1072 1780 ad
1117 1737 1219 1782 tres
1259 1726 1526 1782 Tabernas
1556 1730 1952 1799 exstinguitur:

387 1836 549 1889 quem
614 1821 798 1876 locum
864 1819 1121 1875 Zosimtts
1175 1820 1268 1874 lib.
1333 1835 1394 1885 ιι,
1436 1819 1684 1887 Η,τρέα
1756 1836 1945 1884 καπη-

389 1914 507 1966 λεῖα
533 1913 716 1966 Grtece
752 1917 929 1966 'vocat.
990 1910 1202 1965 Suntne
1237 1911 1399 1980 igitur
1446 1921 1549 1964 tres
1602 1910 1851 1964 Taberna:
1894 1912 1951 1962 in

390 2003 789 2059 Ravennatensi
817 2019 970 2075 agro,
1004 2020 1070 2057 an
1097 2002 1365 2066 Romano,
1398 2001 1797 2072 intelligenda?
1826 2000 1955 2054 Sca-

389 2096 523 2166 liger
553 2110 659 2149 non
686 2095 899 2150 dubitat
926 2095 1094 2150 fuisse
1126 2094 1180 2148 in
1207 2109 1340 2164 agro
1391 2093 1726 2156 Ravennate,
1783 2101 1838 2146 et
1867 2094 1950 2146 vi-

390 2196 619 2249 ctorem,
659 2186 948 2256 ὁμωνυμίᾳ
991 2183 1094 2238 1οεί
1125 2185 1429 2250 deceptum,
1472 2191 1686 2251 putasse
1717 2197 1808 2236 cas
1846 2193 1954 2236 tres

391 2275 669 2330 Tabernas
703 2291 828 2330 esse
859 2313 875 2338 ,
922 2290 1042 2343 qua:
1075 2284 1202 2329 sunt
1232 2273 1298 2326 ad
1344 2273 1518 2326 forum
1565 2273 1719 2342 Appii
1746 2311 1761 2335 .
1815 2274 1954 2326 ultra

389 2363 610 2429 Urbem,
647 2368 996 2420 Terracinam
1031 2367 1305 2420 euntibus.
1350 2364 1412 2419 Et
1441 2365 1801 2419 verositnilius
1831 2366 1955 2432 qni-

391 2459 511 2511 dent
547 2458 760 2511 videtur
796 2457 939 2527 apud
972 2457 1308 2520 Ravennam,
1334 2458 1404 2512 ob
1425 2471 1543 2511 eam
1571 2472 1732 2525 quam
1769 2464 1956 2510 narrat

391 2548 683 2602 historiam
721 2548 994 2602 Zositnus.
1025 2549 1247 2602 Interim
1286 2563 1407 2602 cum
1448 2548 1626 2601 llomw
1665 2546 1844 2601 Victor
1877 2547 1956 2601 di-

392 2649 500 2703 cal,
525 2639 753 2708 ejusque
787 2640 1043 2702 nominis,
1082 2649 1183 2691 tres
1217 2638 1498 2700 Tabernw.
1525 2639 1641 2692 loca
1669 2638 1772 2692 alia
1802 2646 1957 2692 extra

395 2729 594 2786 Urbem
625 2742 957 2795 occurrant,
999 2740 1057 2783 ut
1088 2747 1150 2783 ex
1179 2729 1444 2784 Cicerone
1471 2730 1505 2784 I.
1543 2746 1576 2783 tt
1611 2731 1676 2783 ad
1713 2729 1954 2783 Atticum

393 2822 550 2889 epist.
586 2823 670 2888 10,
707 2835 758 2876 et
795 2824 1080 2876 Ammiano
1116 2823 1152 2876 l.
1187 2838 1298 2886 ιιι,
1326 2837 1377 2877 c.
1412 2821 1500 2885 M,
1531 2821 1675 2875 docti
1709 2822 1809 2874 viri
1843 2837 1960 2876 rno-

399 2922 567 2976 neut,
628 2930 733 2966 non
789 2916 922 2967 satis
953 2913 1066 2982 ipse
1116 2923 1265 2966 recte
1297 2912 1512 2965 videtur
1565 2911 1808 2980 Scaliger
1846 2911 1960 2967 dis-

402 3005 650 3058 tinxisse.
689 3005 980 3058 Eranttrcs
1017 3003 1264 3058 Tubernw
1292 3004 1451 3058 etiam
1474 3003 1612 3057 inter
1649 3001 1885 3058 Laudem
1907 3013 1960 3057 et

2057 544 2176 598 Vita
2197 545 2283 600 lib.
2317 559 2360 607 '.
2391 559 2510 612 cap.
2541 543 2627 609 48,
2649 552 2762 597 tttttt
2793 561 2853 596 ex
2885 544 2985 610 hoc
3011 545 3241 597 maxime
3273 545 3416 607 loco,
3453 560 3614 612 quem

2055 635 2283 704 Prosper
2312 635 2604 690 Eusebium
2663 633 2970 688 describere
3034 641 3288 686 assuetus
3357 635 3414 688 in
3475 638 3618 686 hunc

2054 728 2232 796 ipsum
2265 741 2465 779 annum
2496 725 2745 786 contulit,
2766 734 2817 776 et
2851 739 2971 792 cum
3009 724 3197 778 Licinii
3231 726 3456 794 Augusti
3479 739 3615 776 nun-

2052 817 2344 886 cttpatione
2379 817 2682 885 conjunxit.

2123 909 2260 964 Ibid.
2299 910 2553 975 Quirinus
2585 912 2854 978 episcopus
2882 909 3205 964 Sciscianus.
3248 909 3304 965 In
3338 909 3617 964 Parmensi

2055 1017 2157 1055 ms.
2190 1001 2469 1064 Quintinus
2505 1001 2787 1054 scribitur.
2863 1001 3070 1054 St-ist-ia
3117 1010 3198 1054 est
3242 1001 3294 1054 in
3345 1001 3623 1068 superiore

2055 1091 2329 1148 Pannonia
2359 1107 2522 1160 prope
2554 1091 2910 1160 Segesticant.
2961 1089 3211 1145 Zosintus
3248 1093 3345 1145 lib.
3387 1107 3420 1144 ιι
3453 1132 3467 1154 ,
3507 1092 3576 1144 48
3607 1132 3621 1153 .

2053 1183 2277 1238 Sisciam
2311 1193 2483 1237 vocat.
2513 1181 2752 1251 Scaliger
2782 1183 3135 1236 Prudentium
3169 1182 3353 1235 laudat
3387 1184 3627 1238 Peristn.

2052 1277 2236 1346 phano
2273 1277 2505 1344 septlmo
2557 1292 2572 1330 :
2623 1289 2784 1344 quem
2822 1273 3024 1328 videsis
3062 1290 3184 1327 cum
3221 1275 3504 1328 doctorum
3545 1277 3626 1325 in-

2056 1377 2348 1436 terpretutn
2386 1368 2555 1424 notis.

2125 1455 2243 1510 Col.
2276 1456 2400 1511 495.
2433 1454 2680 1512 Galerius
2718 1453 3177 1510 Maximinum...
3225 1455 3475 1508 moritur.
3509 1455 3624 1508 Non

2055 1547 2269 1601 videtur
2303 1548 2407 1602 nisi
2457 1548 2922 1601 undevicesimum
2957 1546 3167 1615 imperii
3205 1547 3451 1616 attigisse
3475 1586 3492 1611 ,
3538 1551 3581 1600 si
3611 1577 3630 1588 ο

2054 1640 2270 1709 quidem
2299 1638 2406 1693 kal.
2440 1638 2645 1693 Martiis
2670 1677 2685 1698 ,
2719 1650 2773 1691 ut
2806 1653 2905 1692 suo
2933 1637 3055 1691 loco
3088 1637 3371 1692 innuimus
3393 1679 3408 1700 ,
3441 1646 3494 1691 et
3534 1656 3629 1690 an-

2057 1739 2174 1785 ctor
2217 1729 2472 1782 Chronici
2526 1728 2806 1782 Paschalis
2842 1728 3048 1787 tradit,
3113 1725 3443 1780 Diocletiano
3497 1743 3526 1776 ν
3575 1736 3629 1778 et

2062 1821 2389 1877 Maximiano
2437 1819 2690 1874 Ilerculio
2747 1834 2798 1872 tv
2829 1833 2974 1872 coss.
2998 1857 3013 1880 ,
3065 1818 3119 1872 in
3158 1833 3381 1886 regnum
3415 1834 3630 1872 assum-

2061 1925 2184 1986 plus
2235 1922 2335 1967 est.
2376 1912 2518 1983 Obiit
2558 1926 2686 1964 vero
2721 1912 2866 1965 circa
2919 1925 3159 1964 mensem
3213 1910 3433 1974 Maium,
3484 1924 3627 1961 coss.

2059 2007 2176 2063 Gal.
2214 2006 2428 2060 Maxim.
2462 2003 2708 2057 Arment.
2744 2006 2841 2056 v'nt
2879 2011 2931 2054 et
2960 2001 3170 2055 Licinio
3199 2002 3464 2064 Augusto.
3489 1999 3631 2054 Cott-

2061 2099 2142 2152 fer
2172 2097 2433 2158 Iducium,
2462 2105 2516 2148 et
2545 2108 2665 2162 quae
2695 2092 3006 2146 accuratius
3035 2091 3305 2159 disputata
3341 2092 3439 2144 hac
3465 2105 3630 2157 super

2062 2203 2119 2241 re
2146 2194 2274 2241 sunt
2309 2183 2581 2238 Dodwello
2612 2199 2675 2236 ex
2717 2181 2896 2237 Fastis
2923 2179 3164 2236 Theonis
3192 2191 3247 2234 et
3279 2181 3453 2236 Fastis
3483 2181 3630 2235 Grie-

2061 2281 2140 2334 cis
2171 2277 2424 2332 Heraclii.
2451 2275 2742 2331 Historiam
2775 2285 2956 2342 repete
2981 2277 3047 2327 ab
3082 2273 3361 2327 Lactantio
3391 2275 3455 2326 de
3487 2273 3630 2326 illor-

2065 2372 2208 2426 tibus
2240 2370 2577 2425 Persecutor.
2606 2382 2726 2435 cap.
2759 2367 2850 2420 35.
2882 2366 3125 2420 Mortuus
3155 2378 3238 2420 est
3267 2365 3530 2426 S;trdic:e,
3563 2375 3621 2417 ιιι

2063 2464 2323 2518 discimus
2349 2476 2413 2514 ex
2437 2457 3036 2529 AnonymoValesiano,
3060 2473 3219 2526 quam
3244 2458 3431 2510 urbem
3460 2456 3626 2508 Thra-

2064 2557 2160 2608 cia:
2198 2552 2602 2607 Mediterraneos
2636 2551 2957 2606 Ptolemaeus
2987 2557 3354 2604 annutnerat:
3388 2547 3628 2616 Scaliger

2063 2646 2252 2708 ἁπλῶς
2297 2645 2469 2707 dixit,
2517 2644 2571 2698 in
2620 2644 2780 2698 Dacia
2829 2641 3073 2710 Ripensi.
3111 2643 3241 2706 Qua:
3281 2640 3587 2694 sub-duntur
3614 2676 3629 2697 .

2064 2736 2202 2805 quod
2231 2737 2426 2804 partim
2462 2733 2644 2790 Cwsar
2669 2772 2685 2796 ,
2729 2736 2925 2802 partim
2958 2734 3224 2804 Augustus
3268 2733 3498 2786 exercuit
3520 2771 3534 2795 ,
3575 2730 3630 2784 in

2065 2827 2347 2884 Parmensi
2378 2842 2482 2880 ms.
2519 2841 2626 2879 non
2663 2834 2813 2878 sunt.

2137 2916 2273 2971 Ibid.
2307 2917 2556 2970 Romana:
2593 2912 2844 2967 Ecclesiae
2872 2910 3154 2980 Sylvesler.
3189 2909 3374 2965 Mense
3399 2926 3506 2965 uno
3533 2911 3632 2962 mi.

2067 3024 2193 3062 nus.
2225 3005 2282 3061 In
2325 3007 2570 3076 catalogo
2608 3003 2949 3059 Bucheriano
2983 3023 2995 3058 :
3036 3002 3286 3057 Silvester
3328 3004 3487 3056 armis
3527 3002 3632 3064 21.

395 3095 746 3154 Placentiam.
771 3097 912 3150 inter
930 3096 1134 3150 Fantttn
1162 3097 1369 3159 fugitivi
1393 3096 1959 3159 etlnteramnatn,etc.
1986 3125 2032 3188 ο
2069 3103 2330 3158 mensibus
2365 3099 2450 3153 Η.
2485 3097 2611 3152 Fuit
2641 3099 2958 3166 temporibus
2990 3095 3347 3162 Constantini,
3380 3113 3412 3150 α
3439 3112 3631 3149 eam“-

468 3188 599 3240 Ibid.
657 3187 888 3241 Licinius
916 3205 948 3239 a
977 3186 1210 3241 Galerio.
1251 3187 1570 3242 Lactantius
1602 3188 1668 3241 de
1700 3187 1962 3243 Mortibus

395 3277 611 3334 Perseo.
646 3295 696 3333 c.
727 3280 796 3335 29
829 3296 843 3332 :
877 3280 1075 3332 Aderat
1100 3280 1169 3332 ibi
1207 3280 1409 3332 Diocles
1435 3317 1450 3343 ,
1497 3295 1529 3332 a
1561 3295 1752 3349 genero
1800 3294 1963 3346 nuper

398 3373 616 3430 accitus.
651 3382 707 3424 ut
742 3371 880 3440 quod
906 3381 1027 3424 ante
1051 3388 1153 3423 non
1180 3371 1398 3436 fecerat,
1427 3382 1685 3442 prwsente
1716 3371 1829 3435 illo,
1860 3373 1964 3424 im-

395 3464 596 3529 perium
625 3461 826 3516 Licinio
864 3463 1038 3526 daret,
1072 3463 1354 3516 substituto
1385 3463 1439 3514 in
1477 3461 1654 3525 Severi
1686 3461 1823 3516 loco.
1859 3461 1963 3515 Fa-

395 3560 546 3605 ctum
577 3551 839 3606 Carnunti
861 3553 912 3604 itt
935 3550 1238 3616 Pannonia,
1271 3568 1330 3606 ιιι
1351 3553 1470 3606 idus
1485 3550 1740 3608 Novemb.
1768 3551 1964 3605 Errant

397 3645 564 3712 igitur
597 3643 869 3697 Pontacus
904 3643 957 3696 in
980 3641 1154 3705 Notis,
1189 3654 1243 3698 et
1274 3641 1518 3713 Scaliger
1569 3644 1636 3698 de
1679 3643 1961 3696 Emendat.

402 3744 705 3801 temporum
735 3749 789 3803 p.
813 3732 942 3797 497,
973 3733 1065 3802 qui
1096 3732 1496 3788 Diocletianum
1525 3743 1720 3801 negant
1752 3733 1964 3787 Salonis

400 3837 638 3890 unquam
673 3822 861 3890 pedem
895 3821 1174 3876 extulisse.
1210 3821 1412 3876 Confer
1449 3823 1718 3877 Victorem
1753 3825 1805 3876 in
1844 3815 1960 3877 Cie-

398 3915 614 3968 saribus
648 3927 697 3967 c.
726 3913 816 3978 #0,
849 3913 1166 3980 EutrOpiunt
1208 3930 1425 3983 quoque
1455 3915 1494 3970 I.
1528 3931 1584 3979 x,
1619 3930 1668 3968 c.
1702 3914 1754 3978 4,
1789 3917 1880 3983 qui
1910 3915 1961 3966 itt

399 4005 663 4074 temporis
682 4005 961 4058 notatione
990 4020 1098 4057 non
1130 4005 1264 4058 nihil
1283 4007 1494 4059 videtur
1520 4007 1806 4060 aberrasse
1830 4023 1846 4072 ;
1885 4006 1964 4060 si-

399 4099 614 4167 quidem
647 4109 772 4166 post
801 4097 1111 4152 Maximiani
1147 4097 1384 4152 Ilerculii
1419 4112 1646 4151 mortem
1695 4097 1962 4153 Licinium

399 4186 782 4258 imperatorem
817 4189 1017 4243 factum
1051 4189 1335 4258 significat.
1364 4189 1459 4245 His
1491 4190 1627 4244 adde
1656 4190 1960 4253 Zosimunt,

402 4285 492 4339 lib.
531 4299 592 4346 tt,
628 4285 715 4338 11.

471 4376 590 4430 Col.
644 4376 772 4432 495.
827 4375 1111 4430 Herculius
1158 4374 1541 4430 Maximianus.
1597 4372 1638 4425 Α
1686 4373 1969 4440 superiore

2063 3197 2175 3247 lotu
2236 3192 2509 3245 Volusiani
2539 3200 2590 3243 et
2631 3190 2867 3244 Anniani
2899 3205 2963 3243 ea:
3003 3188 3088 3242 die
3122 3190 3288 3255 pridie
3332 3188 3440 3242 Ital.
3479 3187 3628 3241 Febr.

2053 3299 2226 3369 .usque
2265 3284 2320 3336 in
2349 3285 2486 3335 diem
2525 3281 2636 3334 kal.
2673 3279 2931 3342 Januar.,
2965 3277 3315 3333 Constantina
3355 3287 3402 3332 et
3441 3278 3632 3331 Albino

2063 3391 2199 3428 coss.
2237 3372 2291 3426 lu
2323 3388 2482 3441 quem
2514 3371 2698 3424 locum
2731 3371 3080 3427 observatum
3114 3379 3241 3424 ante
3271 3385 3389 3433 nos,
3419 3369 3631 3427 Ιίαιιδιιςι.

2062 3464 2294 3518 Januar.
2323 3463 2596 3517 exclusive
2623 3501 2637 3526 ,
2674 3471 2734 3515 ut
2771 3461 2974 3514 assolet
2999 3501 3014 3524 ,
3064 3461 3239 3514 notari
3289 3462 3582 3514 terminum
3615 3501 3630 3521 ,

2063 3555 2319 3624 quoniam
2358 3555 2412 3606 in
2447 3551 2834 3621 Martyrologio
2856 3589 2872 3615 ,
2903 3550 3046 3620 quod
3081 3549 3391 3622 Hieronymi
3437 3551 3581 3606 audit
3613 3590 3630 3614 ,

2067 3644 2330 3714 Depositio
2361 3642 2417 3697 S.
2447 3641 2684 3697 Silvestri
2715 3642 2940 3710 episcopi
2971 3641 3036 3694 ad
3065 3641 3239 3709 ipsum
3267 3642 3408 3694 diem
3441 3642 3507 3695 13
3535 3640 3632 3695 De-

2064 3739 2239 3792 ccntb.
2273 3734 2525 3790 refertur.
2561 3734 2738 3789 Minus
2771 3742 2916 3788 certe
2945 3744 3094 3788 recte
3127 3733 3287 3787 habet
3321 3733 3632 3787 Parmensis

2070 3843 2196 3888 ms..
2226 3828 2316 3895 qui
2371 3826 2514 3880 solos
2562 3826 2608 3879 ei
2663 3824 2854 3879 tribuit
2885 3840 3052 3876 annos
3082 3821 3173 3876 21.
3203 3823 3478 3886 Caeterum
3513 3816 3630 3874 illul

2065 3923 2246 3976 striss.
2278 3929 2672 3975 conteri-ancus
2720 3932 2870 3970 mens
2917 3915 3248 3970 Franciscus
3282 3914 3632 3968 Blunchinius

2066 4014 2331 4082 insignem
2365 4011 2578 4065 Eusebii
2613 4025 2850 4064 errorem
2881 4009 3024 4062 hunc
3047 4008 3176 4061 dicit
3206 4008 3258 4060 in
3293 4006 3631 4076 prolegome-

2072 4108 2160 4159 nis
2190 4117 2322 4159 tom.
2360 4100 2424 4164 ll.
2454 4100 2724 4155 Anastasii
2757 4115 2878 4168 pag.
2909 4100 2980 4154 98
3009 4119 3021 4154 :
3054 4098 3165 4154 Non
3199 4101 3344 4152 enim
3391 4099 3485 4161 ait,
3525 4107 3632 4151 ter-
3701 4165 3703 4168 p

2067 4201 2144 4251 tio
2172 4194 2513 4249 Constantini
2546 4207 2687 4246 anno
2722 4191 3068 4257 Melchiazles,
3097 4193 3181 4246 cui
3210 4192 3475 4247 silvester
3507 4208 3633 4247 suc—

2068 4289 2234 4341 cessit
2261 4328 2276 4351 ,
2317 4286 2425 4339 fato
2454 4277 2671 4338 funct'us
2696 4292 2780 4337 est
2805 4324 2820 4348 ,
2851 4299 2972 4336 cum
3001 4293 3215 4337 constet
3245 4299 3387 4337 anno
3413 4284 3443 4336 7
3477 4293 3571 4336 aut
3599 4283 3632 4336 8

2067 4375 2407 4431 Constantini
2435 4373 2535 4427 sub
2558 4371 2851 4426 Mclcbiaile
2879 4372 3206 4425 ct-lebratum
3237 4371 3405 4426 fuisse
3437 4371 3633 4434 Itoma-

402 4468 650 4537 proxime
679 4476 852 4538 gesto,
888 4467 1004 4522 sive
1035 4465 1228 4521 Licinii
1264 4463 1494 4535 Augusti
1527 4451 2040 4536 nuncupatione.”
2072 4479 2197 4518 nunt
2227 4463 2280 4516 in
2309 4475 2474 4515 causa
2512 4457 2702 4513 Donati
2737 4457 3054 4513 concilium.
3087 4458 3288 4512 Confer
3316 4473 3435 4527 quze
3473 4458 3632 4511 modo

403 4559 471 4612 ad
512 4558 818 4612 Maximiani
873 4556 1108 4612 Herculii
1164 4571 1350 4611 necem
1389 4555 1550 4608 trium
1583 4555 1752 4608 ferme
1790 4568 1964 4606 anno-

407 4666 527 4704 rum
563 4652 794 4716 spatium
837 4647 1139 4717 interjacet.
1181 4647 1276 4700 Ille
1327 4647 1520 4715 quinto
1571 4644 1968 4714 persecutionis

405 4758 551 4796 anno
584 4742 602 4812 (
629 4743 714 4796 bis
747 4741 894 4796 enim
922 4740 1000 4795 uti
1032 4737 1332 4793 rationibus
1365 4737 1452 4790 hic
1489 4736 1643 4804 libet)
1684 4735 1965 4801 imperium

406 4833 657 4901 arripuit.
713 4832 856 4900 quod
892 4831 1056 4886 etiam
1093 4829 1412 4883 recensione
1447 4829 1547 4880 hac
1575 4841 1670 4881 sua
1705 4825 1969 4879 Eusebius

405 4924 716 4978 observavit
750 4940 764 4978 :
797 4923 897 4977 iste
925 4931 1116 4976 octavo
1147 4920 1364 4975 demum
1396 4917 1787 4986 persecutionis
1817 4915 1967 4984 ejus—

407 5017 527 5069 dem
547 5029 710 5076 anno,
735 5014 861 5068 eliso
884 5021 933 5066 et
959 5011 1128 5080 fracto
1148 5010 1509 5078 superbissimo
1531 5014 1757 5076 gutture,
1805 5007 1967 5059 vitam

407 5106 759 5160 detestabilem
795 5107 936 5174 turpi
959 5115 1006 5158 et
1039 5103 1386 5175 ignominiosa
1415 5111 1584 5154 morte
1622 5099 1817 5169 ﬁnivit.
1859 5098 1966 5152 Re-

408 5198 523 5251 cole
573 5208 858 5264 utramque
906 5195 1184 5248 historiam
1237 5193 1376 5261 apud
1426 5193 1703 5245 laudatum
1737 5188 1969 5242 Lectan-

409 5290 543 5340 tiurn
575 5288 642 5341 de
678 5286 933 5340 Mortibus
968 5285 1307 5338 Persecutor.
1340 5297 1459 5351 cap.
1484 5282 1552 5335 29
1582 5291 1634 5334 et
1664 5281 1750 5333 '50.
1783 5278 1886 5333 Sed
1916 5287 1972 5333 et

408 5380 643 5440 IJacius,
677 5380 727 5432 in
764 5378 959 5438 Fastis.
995 5376 1232 5430 Herculii
1281 5384 1508 5427 mortem
1551 5372 1794 5441 assignat
1830 5386 1968 5422 anno

406 5473 630 5525 secundo
655 5481 770 5538 post
797 5469 1124 5523 consulatum
1154 5483 1181 5521 x
1209 5475 1264 5521 et
1299 5481 1370 5519 vn
1411 5464 1676 5518 Maxentio
1711 5478 1768 5516 ιιι
1799 5461 1911 5516 solo
1950 5477 1970 5514 :

407 5566 498 5632 qui
535 5580 656 5616 cum
690 5578 778 5628 eo,
804 5579 964 5630 quem
987 5561 1246 5620 diximus.
1275 5573 1304 5611 a
1334 5556 1524 5610 Licinii
1554 5553 1970 5622 inauguratione

393 5657 611 5718 tertio,
665 5663 717 5708 et
775 5651 1171 5721 persecutionis
1223 5662 1416 5704 octavo
1457 5662 1621 5700 -anuo
1667 5642 1968 5698 concurrit.

409 5747 558 5801 Adeo
589 5763 693 5799 non
723 5756 866 5799 recte
889 5742 1214 5799 subdu'xisse
1242 5743 1480 5796 rationes
1504 5736 1824 5801 Eusebium,
1855 5745 1967 5788 tum

2068 4555 2305 4610 diximus
2335 4554 2398 4603 :ttl
2432 4551 2808 4605 Melchiadent.
3315 4610 3323 4618 τ

2140 4638 2272 4693 Ibid.
2318 4637 2681 4693 Maximianus
2721 4637 2818 4710 [ιιι.
2859 4636 3206 4709 Maximinus]
3254 4640 3630 4709 persecutione.

2070 4733 2158 4787 Sic
2207 4743 2397 4786 vocant
2443 4733 2752 4786 Parmensis
2799 4747 2901 4786 ms.
2948 4733 3148 4800 aliique
3200 4739 3339 4784 notae
3391 4733 3632 4786 melioris

2071 4830 2226 4893 libri,
2261 4829 2508 4897 Prosper,
2537 4839 2590 4884 et
2618 4828 2859 4898 Scaliger
2889 4844 2904 4883 :
2937 4830 3074 4880 male
3100 4838 3284 4881 autem
3318 4830 3594 4883 Pontaeus
3615 4868 3630 4892 ,

2069 4921 2270 4988 aliique
2317 4920 2728 4972 Maximianum.
2774 4918 3091 4986 Quanquam
3149 4933 3256 4971 non
3304 4919 3630 4982 dilIitt-ntur,

2072 5015 2246 5082 ipsum
2285 5027 2382 5064 nec
2410 5012 2575 5064 semel
2605 5011 2730 5064 alibi
2765 5010 3041 5063 nominum
3085 5011 3442 5065 similitudine
3473 5011 3631 5065 dece-

2071 5115 2243 5172 ptum.
2279 5103 2571 5156 Eusebium
2601 5103 2909 5166 aberrasse,
2937 5112 2990 5154 et
3018 5117 3136 5170 ιιιιεε
3165 5087 3481 5172 nequissimi
3515 5117 3605 5170 per

2072 5197 2338 5250 sectttoris
2367 5195 2642 5249 Maximini
2673 5205 2828 5249 erant
2856 5236 2870 5256 ,
2918 5193 3248 5248 Maximiano
3290 5195 3629 5248 attribuisse.

2075 5288 2178 5344 Sed
2221 5304 2286 5342 eo
2335 5299 2512 5342 tamen
2566 5287 2776 5356 turpius
2826 5285 3086 5356 Scaliger,
3139 5285 3356 5341 Eusebii
3393 5299 3629 5339 errorem

2072 5391 2425 5446 exaggerans.
2455 5385 2664 5445 peccat,
2697 5374 2838 5444 quod
2867 5375 3068 5428 bonum
3099 5376 3394 5443 principem
3425 5391 3487 5428 ac
3512 5375 3633 5428 lana

2073 5465 2309 5520 dabilem
2347 5464 2510 5519 fuisse
2535 5503 2552 5528 ,
2604 5473 2657 5518 et
2682 5479 2958 5532 nunquam
2987 5463 3329 5517 Christianos
3379 5479 3631 5530 persecu-

2075 5565 2188 5610 tum
2225 5554 2631 5619 Maximianum,
2660 5554 2994 5622 pronuntiat.
3024 5554 3361 5606 lncentormn
3422 5553 3532 5607 imo
3579 5563 3633 5607 et

2074 5647 2392 5719 signiferum
2450 5647 2848 5714 persecutionis
2881 5655 3037 5698 vocat
3086 5659 3208 5698 eum
3259 5645 3488 5699 Rufinus
3535 5647 3628 5701 lib.

2073 5756 2187 5806 vni,
2221 5755 2267 5794 c.
2303 5739 2367 5795 l5
2397 5756 2411 5804 ;
2467 5747 2524 5792 ut
2559 5737 2894 5793 Lactantium
2924 5736 2989 5792 de
3017 5735 3276 5792 Mortibus
3305 5737 3631 5804 Persecuto-
