4014 6196
361 329 499 393 1⁸Ξὸ

1625 327 1709 387 VA
1722 321 2023 384 LLABSll
2083 319 2321 382 NOTAE.

3458 316 3593 380 liii

340 435 798 490 commemorari:
855 444 1020 503 atque
1078 433 1133 487 itt
1202 434 1302 487 hac
1357 432 1521 488 etiam
1579 447 1637 487 re
1673 431 1805 505 satis
1827 432 1923 486 ob-
1953 437 1997 490 Α
2026 428 2104 483 los
2131 428 2198 482 ad
2223 428 2583 485 defectionem
2641 428 2990 493 sollicitasse,
3030 426 3301 494 scribunt,
3336 427 3596 483 Socrates

339 526 424 578 via
458 525 790 595 Scaligerum
829 524 965 588 falli,
1007 525 1097 594 qui
1131 523 1339 592 κυρίως
1394 522 1502 576 dici
1556 521 1624 574 alt
1679 519 1914 574 Eusebio

342 617 445 673 ltoe
475 626 649 685 putat,
679 627 810 670 tunc
837 616 1070 686 coepisse
1114 614 1228 669 Arii
1286 628 1551 668 venenum
1610 612 1662 665 in
1723 614 1915 682 vulgus

342 707 547 777 spargi.

411 798 528 853 Col.
586 798 710 853 495.
766 796 832 850 Et
880 797 984 868 fuit
1031 796 1257 867 synodus
1307 796 1470 867 (apud
1501 793 1775 863 Vallarsi).
1812 795 1916 847 Po-

343 902 543 943 strema
579 889 691 943 inec
724 889 880 941 verba
911 904 1081 957 neque
1118 887 1335 942 Eusebii
1369 902 1509 951 esse,
1554 902 1730 956 neque
1788 884 1915 939 Ilie-

345 978 577 1048 rOnymi,
631 977 801 1031 ltalici
877 978 1230 1041 character-is,
1288 976 1721 1046 quo‘descripta
1767 984 1914 1041 sunt,

345 1080 472 1123 nota
507 1070 734 1124 indicat.
768 1068 843 1122 Ea
885 1071 1129 1140 Scaliger
1177 1074 1435 1125 exsulare
1467 1070 1683 1139 penitus
1709 1071 1914 1142 jussit:

345 1177 468 1226 nos,
509 1163 649 1231 quod
680 1164 838 1215 etiam
876 1163 928 1215 itt
967 1161 1247 1217 Parmensi
1285 1178 1387 1216 ms.
1421 1160 1549 1227 sint,
1596 1177 1719 1218 cum
1778 1163 1917 1216 Pon-

346 1236 467 1305 laco
532 1252 887 1307 t'etinuitnus.
952 1249 1137 1321 Neque
1202 1268 1329 1307 vero
1374 1254 1480 1308 huc
1531 1262 1647 1306 erat
1701 1253 1917 1307 Niczena

346 1346 517 1413 prima
550 1345 787 1415 synodus
842 1345 1140 1411 referenda,
1188 1361 1351 1415 quam
1412 1355 1530 1415 post
1586 1346 1920 1412 fermequa-

343 1434 654 1487 driettniuut
700 1442 877 1487 artam
910 1449 1051 1494 eSse.
1109 1436 1226 1488 sive
1256 1450 1400 1488 anno
1428 1436 1768 1489 Constantini
1801 1438 1916 1487 Au-

345 1523 488 1594 gusti
528 1523 614 1587 {8,
648 1540 841 1579 omnes
864 1536 1088 1579 norunt.
1125 1526 1241 1595 Ipsa
1275 1531 1395 1595 ejus
1429 1537 1546 1581 acta
1581 1528 1637 1578 ὲν
1683 1525 1919 1595 ὑπατείᾳ

347 1615 613 1668 Παυλίνου
662 1620 759 1668 καὶ
827 1615 1153 1671 Ἰουλιανοῦε
1195 1618 1288 1670 sub
1315 1618 1590 1671 consulatu
1622 1615 1839 1671 Paulini
1868 1627 1917 1670 et

348 1707 581 1773 Iuliani,
612 1717 868 1762 annotata
900 1717 1050 1771 sunt,
1081 1718 1134 1763 rt
1162 1708 1361 1764 Gelasii
1397 1708 1656 1774 Historia,
1711 1718 1768 1762 ut
1811 1708 1915 1762 alia

2024 518 2123 573 lib.
2160 533 2201 584 ι,
2233 517 2534 585 Cedrenus,
2576 518 2798 586 aliique.
2837 520 2987 573 Adeo
3020 518 3436 587 Constantinum
3461 517 3603 573 Oro.

2018 611 2135 665 sius
2169 609 2267 665 lib.
2320 625 2396 665 vtt
2434 619 2696 665 excusat:
2731 618 2918 663 narrat
2944 624 3073 664 vero
3126 607 3370 665 Zonaras
3423 608 3597 664 fuisse

2017 682 2287 757 Licinium
2328 717 2360 756 a
2390 702 2675 766 militibus,
2715 703 2960 758 Romano
2990 705 3325 757 assentiente
3370 719 3588 766 senatu,

2014 793 2344 861 postulatum
2373 796 2438 849 ad
2470 796 2817 864 supplicium,
2850 798 2995 864 quod
3027 810 3131 849 nec
3152 797 3397 864 privatus
3425 797 3594 864 quie—
3654 824 3657 825 ν

2018 885 2205 951 visset,
2270 884 2367 941 sed
2428 887 2766 957 tyrannidem
2819 886 3149 942 aﬂectasset.
3234 886 3469 942 Gravior
3521 888 3590 940 de

2019 978 2280 1044 temporis
2325 980 2600 1032 notatione
2663 979 2730 1033 lis
2782 986 2893 1033 est.
2954 978 3199 1049 Scaliger
3255 981 3322 1033 ad
3387 996 3590 1033 annum

2016 1068 2361 1125 Constantini
2390 1070 2617 1139 Augusti
2656 1069 2719 1122 l8
2743 1070 2954 1133 retulit,
2984 1086 3251 1140 suamque
3303 1072 3586 1131 recensio-

2019 1173 2143 1211 nrm
2200 1158 2414 1227 gemino
2461 1159 2663 1213 Aurelii
2704 1158 2934 1214 Victoris
2983 1161 3295 1215 tes‘tintonio
3329 1177 3589 1230 compto-

2024 1249 2140 1303 bari
2189 1257 2455 1303 autumat.
2523 1247 2786 1315 Primum,
2834 1252 2980 1320 quod
3033 1252 3239 1307 referat
3272 1253 3359 1305 ille
3393 1254 3443 1304 ιιι
3478 1253 3595 1319 epi-

2022 1345 2188 1403 tome,
2248 1339 2671 1393 Constantinum
2718 1342 2871 1393 annis
2922 1342 3171 1394 tredecim
3214 1341 3386 1395 solum
3433 1343 3599 1408 impe-

2023 1445 2168 1484 rasse
2197 1447 2215 1486 :
2242 1432 2385 1499 quod
2444 1442 2593 1485 certe
2652 1446 2760 1485 non
2804 1432 3054 1499 contigit,
3090 1432 3192 1487 nisi
3229 1431 3442 1491 Licinio
3465 1449 3595 1501 pur-

2020 1535 2153 1589 pura
2176 1522 2394 1575 demum
2426 1531 2479 1575 et
2515 1522 2618 1576 tita
2655 1535 2856 1577 cauto:
2891 1525 3242 1592 quamobrem
3274 1540 3398 1577 cum
3429 1525 3591 1594 vulgo

2019 1622 2359 1678 compertum
2415 1612 2516 1667 ltoc
2562 1615 2653 1677 sit,
2709 1615 3129 1685 Constantinum
3187 1630 3331 1668 anno
3386 1615 3598 1684 itnptrti

2024 1702 2309 1755 tricesimo
2344 1702 2567 1766 obiisse,
2606 1702 2857 1760 deductis
2888 1706 3150 1759 tredecim
3220 1705 3354 1771 illis,
3399 1706 3599 1775 quibus

345 1800 680 1865 omittamus,
712 1802 1061 1856 confirmant.
1094 1800 1242 1854 Diem
1276 1800 1441 1854 etiam
1469 1816 1576 1869 quo
1610 1809 1784 1867 empta
1808 1810 1915 1861 est,
1949 1812 1991 1868 Β
2022 1793 2175 1847 solus
2208 1793 2469 1862 regnavit,
2500 1795 2679 1847 evinci
2712 1794 2980 1849 Licinium
3024 1800 3088 1849 18
3119 1798 3461 1850 Constantini
3514 1799 3601 1855 iu-

347 1901 500 1949 notat
560 1892 823 1947 Collectio
856 1891 1268 1947 GraacaaTilio
1320 1894 1487 1956 edita,
1545 1908 1639 1946 xm
1702 1890 1913 1945 kalend.

344 1984 526 2039 Iulias
557 2024 573 2050 ,
622 2000 653 2039 a
706 2000 815 2055 quo
843 2002 1004 2055 usque
1025 1988 1093 2039 ad
1115 1986 1253 2039 diem
1285 2002 1374 2038 tht
1398 1984 1648 2038 kalendas
1681 1984 1918 2054 Septent-

346 2079 460 2129 ares
497 2077 751 2140 durasse,
778 2078 1042 2132 Collectio
1071 2079 1176 2133 alia
1208 2094 1330 2147 quae
1386 2076 1749 2131 Cresconiana
1812 2090 1914 2129 au-

345 2167 447 2231 dit,
503 2175 753 2221 testatur.
797 2168 1085 2230 Eusebius
1143 2168 1256 2238 ipse
1305 2169 1339 2222 l.
1375 2182 1453 2230 tu,
1486 2183 1535 2222 c.
1581 2167 1667 2229 M.
1696 2172 1763 2221 de
1796 2165 1916 2219 Vita

343 2257 709 2322 Constantini,
746 2275 889 2313 anno
922 2259 1083 2328 ltujus
1121 2259 1330 2329 imperii
1358 2257 1428 2310 20
1490 2272 1673 2313 actum
1723 2258 1915 2312 conci-

348 2352 480 2404 lium
516 2351 699 2405 tradit.

418 2441 554 2494 Ibid.
588 2440 924 2496 Constantini
974 2449 1145 2493 mater
1197 2438 1356 2510 (apud
1408 2439 1679 2510 Vallarsi).
1739 2440 1916 2509 Atque

348 2534 462 2587 haec
497 2544 628 2587 sunt
657 2536 725 2586 ab
754 2534 929 2587 aliena
972 2550 1155 2596 manu,
1193 2548 1313 2600 qua:
1345 2548 1520 2600 neque
1575 2533 1744 2585 ltUSll‘i
1780 2548 1911 2595 mss.

348 2623 570 2687 habent,
596 2634 652 2676 et
684 2624 913 2676 minimo
949 2624 1128 2676 minus
1160 2637 1281 2675 cum
1315 2622 1591 2690 Scaligero
1645 2622 1916 2690 expunxi-

347 2728 489 2768 tuus.
531 2711 672 2767 Sunt
704 2714 872 2778 enim,
908 2724 966 2765 ut
994 2714 1187 2766 doctus
1215 2714 1293 2765 vit'
1330 2721 1499 2769 notat.
1544 2712 1596 2764 in
1651 2712 1915 2765 editiones

346 2805 589 2859 traducat
621 2805 840 2858 totidem
897 2805 1076 2858 verbis
1130 2820 1195 2857 ex
1252 2804 1448 2857 liutino
1493 2796 1633 2856 Hist.
1702 2802 1911 2860 Eccles.

346 2898 441 2953 lib.
475 2913 515 2964 ι,
539 2913 657 2968 cap.
691 2898 745 2951 8.
778 2897 1008 2951 Tantum
1047 2908 1194 2951 certe
1226 2897 1383 2950 abest
1445 2905 1504 2948 ut
1566 2897 1633 2949 ab
1681 2895 1916 2950 Eusebio

345 2991 550 3060 scripta
577 2990 745 3046 videri
786 2990 1020 3059 possint,
1050 3000 1107 3042 ιιι
1128 2990 1220 3059 qui
1251 2989 1619 3042 narrationem
1664 2989 1813 3042 illam
1847 2988 1915 3043 de

346 3082 667 3151 reproducta
723 3095 820 3150 per
870 3079 1132 3135 Helenam
1191 3095 1221 3133 a
1291 3078 1556 3134 Calvarire
1624 3079 1914 3133 ruderibus

2022 1885 2335 1940 terfectum.
2369 1885 2479 1952 Ego
2512 1887 2702 1940 iisdem
2736 1891 2966 1942 omnino
3026 1889 3328 1942 rationibus
3376 1889 3603 1943 conclu-

2018 1990 2138 2030 sum
2174 1976 2261 2030 ibo
2290 1991 2389 2045 pro
2420 1977 2485 2029 l7
2528 1978 2774 2046 proxime
2825 1979 3174 2046 praecedenti,
3224 1979 3312 2033 cui
3339 1979 3599 2035 uintitunt

2018 2068 2061 2119 si
2099 2070 2362 2122 tredecim
2395 2068 2639 2136 adjicias,
2676 2079 2824 2125 recte
2879 2072 3202 2124 constabunt
3233 2073 3474 2139 triginta.
3510 2074 3602 2125 Al-

2020 2169 2195 2214 terum
2233 2160 2613 2215 teStimonium
2645 2173 2710 2216 ex
2746 2162 2856 2214 alio
2908 2160 3125 2217 Victore
3182 2162 3236 2216 in
3294 2162 3600 2217 Caesaribus

2017 2252 2277 2316 desumit,
2307 2253 2397 2307 ubi
2461 2263 2621 2322 rupta
2672 2270 2769 2323 pax
2821 2255 3020 2309 dicitur
3057 2254 3325 2310 Licinium
3361 2257 3503 2311 inter
3545 2268 3601 2311 et

2017 2345 2460 2413 Constantinum,
2493 2348 2739 2400 sexennio
2803 2360 3091 2416 poStquam
3138 2348 3387 2418 Crispus,
3452 2350 3599 2402 Con-

2020 2436 2292 2489 Stantinus
2316 2435 2512 2503 junior
2534 2447 2587 2490 et
2620 2436 2935 2494 Licinianus
2980 2437 3227 2494 Caesares
3273 2451 3404 2495 sunt
3425 2439 3551 2496 facti
3582 2457 3597 2494 :

2022 2539 2136 2582 tum
2168 2529 2410 2584 Licinius
2460 2529 2672 2600 puluis,
2707 2530 3051 2599 Chalcedona
3075 2533 3435 2596 concessisse.
3493 2535 3600 2589 ibi-

2020 2636 2126 2689 que
2172 2636 2277 2691 una
2326 2637 2451 2676 cum
2516 2622 2842 2677 Martiniano
2895 2637 3215 2691 Oppressus.
3243 2624 3468 2689 .Quare,
3513 2625 3602 2677 in-

2019 2711 2146 2780 fert,
2209 2714 2462 2769 deductis
2502 2729 2596 2771 sex
2639 2716 2708 2768 de
2758 2715 2826 2769 18
2871 2716 3032 2768 annis
3068 2715 3278 2785 imperii
3323 2714 3599 2771 Constan-

2022 2805 2145 2871 titti,
2198 2805 2499 2861 remanebit
2554 2821 2734 2861 annus
2794 2806 2860 2859 12
2918 2806 3136 2874 imperii
3159 2807 3430 2875 ejusdem,
3485 2823 3594 2880 quo

2020 2895 2098 2950 illi
2128 2894 2373 2951 Cmam-es
2426 2897 2749 2951 renuntiati.
2789 2897 2866 2953 ita
2902 2913 3096 2968 magno
3126 2898 3387 2953 virolicet
3415 2900 3599 2954 lectori

2022 2987 2270 3043 illudcre.
2295 2988 2639 3048 Probandunt
2678 3000 2814 3053 erat,
2853 2991 2996 3058 quod
3034 3001 3089 3043 et
3123 2999 3435 3058 sumpserat
3465 2991 3594 3055 sibi,

2020 3094 2049 3132 a
2092 3080 2253 3133 triuut
2290 3079 2563 3134 Caesarum
2603 3082 3030 3150 nuncupatione.
3091 3092 3350 3150 tanquam
3382 3098 3410 3135 a
3443 3092 3592 3136 certa

345 3188 507 3229 cruce
543 3177 883 3244 impugnant,
916 3174 1157 3242 palmare
1214 3172 1319 3226 sibi
1392 3180 1774 3241 argumentum
1846 3172 1914 3226 ab
1943 3144 1985 3202 θ
2022 3171 2253 3240 epoclta,
2290 3173 2528 3227 rationes
2572 3172 2809 3235 institui,
2834 3182 2888 3227 et
2921 3174 3183 3228 sexennio
3206 3174 3443 3241 adjecto,
3498 3193 3543 3226 εις
3568 3201 3598 3215 -

346 3264 565 3321 Eusebii
610 3267 714 3319 bac
765 3279 932 3335 super
972 3280 1029 3319 re
1060 3264 1278 3319 silentio
1310 3263 1619 3328 desumant,
1650 3278 1775 3316 cum
1810 3278 1914 3317 cae-

349 3366 464 3413 tera
504 3359 760 3427 pietatem
800 3357 918 3425 ejus
952 3372 1076 3425 erga
1110 3365 1302 3410 sancta
1369 3356 1510 3419 loca,
1544 3355 1596 3409 itt
1630 3355 1837 3424 quibus
1857 3363 1914 3408 et

345 3452 480 3506 duas
528 3452 789 3506 ecclesias
836 3449 1151 3515 aedificavit,
1211 3458 1292 3504 tot
1350 3448 1602 3503 laudibus
1654 3446 1912 3502 cumulet.

344 3540 456 3596 Nos
487 3543 613 3594 facti
643 3541 925 3594 bistoriatn
989 3542 1134 3609 quod
1182 3542 1437 3609 pertinet,
1492 3539 1612 3594 aliis
1670 3546 1913 3593 veterum

344 3633 669 3688 testimoniis
699 3646 760 3686 ac
781 3633 1150 3687 monumentis
1184 3631 1433 3685 nitimur.

412 3725 533 3779 Col.
588 3724 710 3779 497.
755 3724 1117 3789 Constantius,
1147 3724 1292 3792 [ilius
1326 3722 1685 3778 Constantini.
1715 3721 1913 3777 Trien-

344 3818 419 3871 ttii
454 3816 875 3887 procltronistno
923 3814 1171 3886 Scaliger
1226 3818 1277 3869 in
1313 3816 1636 3870 recensione
1666 3831 1763 3870 sua
1794 3831 1916 3884 pec-

343 3909 451 3974 cat,
492 3909 775 3963 retrahens
824 3908 1133 3962 Constantii
1168 3908 1401 3963 C:esaris
1452 3908 1911 3976 nuncupationem

343 4002 409 4055 ad
443 4017 645 4054 annum
671 4002 1013 4056 Constantini
1039 4002 1263 4071 Augusti
1295 4003 1563 4055 decimum
1597 4002 1910 4070 septimum.

341 4092 511 4159 Quem
559 4109 802 4147 errorem
859 4102 912 4147 et
973 4094 1300 4148 vetustiores
1329 4092 1462 4147 editi
1498 4092 1623 4148 libri
1670 4092 1915 4162 plerique

343 4193 566 4238 errant:
620 4185 736 4254 ipse
791 4186 899 4237 alio
953 4184 1007 4238 iu
1042 4181 1471 4237 Abrabamiticis
1501 4183 1744 4237 numeris
1784 4183 1914 4237 vitio

343 4273 622 4326 cumulat:
690 4265 924 4342 quorum
978 4287 1122 4326 nunc
1180 4287 1306 4326 cum
1369 4272 1536 4338 2559,
1596 4287 1741 4326 nunc
1786 4287 1910 4325 cum

345 4366 669 4432 praecedenti
699 4364 792 4430 58,
820 4375 947 4417 eum
978 4376 1178 4416 annum
1211 4362 1510 4433 componit.
1572 4363 1741 4418 Recte
1786 4378 1913 4419 vero

344 4456 650 4510 Parmensis
688 4471 789 4510 ms.
843 4456 1045 4522 aliique
1101 4467 1308 4525 septem
1371 4455 1580 4511 laudati
1649 4454 1910 4521 Pontaco,

343 4564 504 4618 quem
536 4560 590 4603 et
620 4549 922 4615 sequimur,
975 4557 1188 4616 gestum
1239 4547 1346 4603 huc
1408 4548 1672 4603 referunt:
1738 4545 1912 4617 Hujus

343 4642 678 4696 recensionis
733 4642 962 4710 ipsemet
1021 4641 1306 4711 lidejussor
1361 4639 1633 4694 Eusebius
1680 4652 1762 4699 eSt
1793 4639 1910 4695 Vita

342 4728 682 4783 Constantini
713 4730 813 4785 lib.
849 4743 921 4793 tv,
954 4742 1074 4797 eap.
1114 4728 1207 4790 40,
1236 4729 1324 4783 ubi
1359 4732 1425 4783 de
1451 4732 1609 4784 trinis
1654 4730 1774 4798 ejus
1815 4731 1911 4785 de-

340 4820 680 4887 cennalibus,
716 4821 918 4889 quibus
953 4830 1066 4874 tres
1093 4819 1235 4874 ﬁlios
1272 4820 1515 4876 Caesares
1537 4823 1739 4875 creavit
1767 4837 1782 4876 :
1814 4820 1912 4876 Se-

339 4915 562 4976 cundus,
592 4916 782 4983 inquit,
816 4914 901 4968 avi
939 4914 1023 4967 sui
1069 4928 1256 4967 nomen
1286 4914 1515 4983 referens
1540 4912 1909 4979 Constantius,

338 5010 482 5077 ἀμφὶ
538 5008 637 5077 τὴν
691 5007 1154 5079 εἰκοσαετηρικὴν
1212 5008 1524 5077 πανήγυριν
1573 5007 1913 5078 ἀναγορευό-

341 5117 525 5169 μενος,
556 5100 698 5153 circa
723 5099 915 5171 (patris
943 5099 1059 5166 sui)
1088 5096 1382 5157 Vicennalia
1413 5096 1594 5155 (Σανδον
1636 5109 1709 5154 est
1738 5099 1911 5153 decim

342 5202 511 5247 tutus.

410 5286 529 5338 Col.
583 5285 706 5340 498.
767 5282 1004 5338 Licinius
1059 5280 1463 5337 Thessalonicae.
1510 5280 1567 5335 ltt
1633 5279 1910 5335 Parmensi

341 5394 446 5433 tus.
528 5386 693 5448 atque
752 5376 920 5433 editis
966 5375 1289 5444 quibusdam
1362 5374 1535 5433 libris,
1592 5385 1777 5426 contra
1815 5372 1911 5441 jus

338 5489 570 5535 sacrum,
630 5472 940 5541 Eutropius,
982 5481 1168 5523 contra
1216 5468 1521 5538 religionem
1566 5467 1911 5530 sacramenti,

340 5565 517 5619 dixit:
555 5563 808 5620 Znsitnus
830 5571 1020 5618 contra
1051 5563 1177 5624 τοὺς
1206 5562 1429 5631 ὅρκους.
1456 5558 1559 5612 Sed
1585 5560 1709 5628 jure
1733 5569 1910 5611 tamen

340 5659 541 5714 factum
575 5658 934 5723 contendunt,
973 5658 1068 5726 qui
1118 5654 1389 5709 Licinium
1421 5651 1586 5707 rebus
1618 5648 1913 5705 Thessalo-

340 5754 477 5807 nica:
513 5753 669 5810 novis
702 5752 999 5815 studuisse.
1026 5761 1082 5806 et
1114 5747 1412 5806 contractis
1442 5745 1725 5811 militibus,
1742 5759 1912 5831 popa:

2027 3279 2156 3316 nunt
2180 3276 2478 3331 exsurge-ro
2504 3264 2846 3338 Constantini
2874 3266 3145 3320 decimum
3167 3276 3445 3319 Ottavutn.
3468 3264 3599 3318 (Iol-

2026 3351 2145 3422 ligit
2181 3368 2308 3408 vero
2338 3369 2564 3421 prorsus
2596 3358 2647 3409 in
2685 3359 3019 3409 contrariam
3057 3366 3295 3425 partem,
3334 3366 3389 3409 et
3425 3358 3596 3420 ltunr,

2023 3449 2092 3503 de
2120 3464 2228 3518 quo
2259 3449 2591 3519 disputatur.
2630 3465 2838 3504 annum
2890 3452 3158 3505 decimum
3187 3463 3468 3517 octavum,
3499 3467 3598 3519 pro

2024 3549 2172 3593 certa
2238 3541 2386 3609 ponit
2444 3541 2597 3595 necis
2646 3539 2842 3595 Licinii
2875 3545 3105 3610 epocba,
3141 3558 3203 3595 es
3240 3541 3601 3610 coqueinfert

2024 3630 2089 3682 ad
2118 3632 2278 3683 trium
2314 3629 2591 3685 Ctesarutn
2632 3636 3122 3702 nuncupationem,
3166 3650 3281 3689 sum
3306 3637 3598 3706 ltypotltesi

2022 3722 2564 3777 accommodandam.
2644 3722 2834 3789 Quid,
2893 3725 3036 3794 quod
3109 3726 3313 3778 fallitur
3376 3727 3429 3778 in
3495 3728 3600 3779 ltoe

2023 3814 2142 3882 ipso
2175 3814 2502 3882 splendide?
2560 3832 2738 3882 neque
2795 3817 2966 3884 enim,
3009 3828 3066 3870 ut
3102 3818 3325 3886 colligit.
3389 3818 3600 3873 duode-

2023 3911 2165 3959 cimo
2224 3906 2569 3962 Constantini
2632 3924 2798 3972 anno,
2858 3913 2951 3964 sed
3011 3911 3245 3975 decimo,
3298 3914 3413 3967 sive
3464 3913 3604 3981 ipis

2025 3999 2421 4055 Decennalibus
2455 4002 2677 4056 vixdum
2735 4003 2966 4069 exactis,
3015 4005 3159 4073 quod
3214 4015 3293 4057 est
3327 4021 3427 4059 suo
3469 4004 3593 4058 loco

2023 4089 2382 4159 declaratum,
2408 4101 2517 4147 tres
2538 4093 2617 4147 illi
2637 4095 2881 4148 Caesares
2898 4096 3155 4163 appellati
3183 4108 3331 4148 sunt.
3363 4095 3600 4149 Proinde

2021 4194 2177 4237 «erant
2219 4183 2322 4238 ltae
2349 4188 2511 4238 etiam
2544 4187 2611 4240 de
2653 4202 2815 4241 causa
2863 4189 2930 4241 ab
2972 4188 3074 4241 hac
3122 4191 3380 4257 tmtzpuzis
3447 4199 3601 4250 nota.

2021 4291 2140 4344 qua:
2171 4285 2357 4345 utpote
2390 4278 2594 4331 certior
2625 4293 2655 4331 a
2684 4276 2900 4332 Victore
2934 4280 3278 4348 proponitur,
3343 4279 3598 4333 ineunda:

2025 4369 2258 4423 rationes
2274 4369 2338 4422 ad
2357 4384 2558 4423 annum
2580 4368 2769 4423 Licinii
2803 4368 3107 4438 θανάσιμον
3133 4368 3606 4438 investigandum.

1951 4499 1990 4551 υ
2023 4462 2173 4529 Quod
2198 4463 2241 4517 si
2271 4472 2517 4531 praestes,
2548 4472 2603 4517 et
2628 4462 2861 4516 termino
2890 4470 3124 4531 utroque
3154 4461 3391 4527 incluso,
3416 4461 3591 4516 dedu-

2026 4568 2122 4608 cas
2183 4553 2312 4607 inde
2371 4551 2619 4606 sexennii
2677 4551 2916 4618 initium,
2979 4556 3044 4605 ad
3103 4566 3302 4604 annum
3335 4553 3603 4606 devenias

2024 4645 2368 4701 Constantini
2404 4647 2673 4701 decimum
2720 4646 3207 4715 srptimum,quem
3237 4656 3289 4701 et
3317 4646 3606 4714 superiore

2026 4741 2341 4796 testimonio
2398 4740 2671 4812 designari
2705 4756 2733 4796 a
2784 4737 3000 4794 Victore
3047 4742 3175 4804 alio,
3242 4740 3297 4794 in
3332 4742 3600 4810 Epitome,

2023 4833 2275 4887 diximus.
2310 4832 2420 4888 lloc
2455 4834 2710 4888 nimirum
2774 4848 2918 4888 anno
2979 4833 3346 4898 Constantini,
3409 4834 3600 4890 Victor

2026 4933 2256 4991 uterque
2304 4924 2477 4978 sensit
2502 4925 2741 4978 occisum
2774 4925 3068 4989 Licinium,
3126 4940 3232 4979 non
3264 4926 3596 4996 insequenti,

2021 5016 2163 5084 quod
2202 5015 2445 5083 Scaliger
2475 5015 2643 5086 fingit.
2694 5014 2926 5086 Propius
2955 5025 3161 5081 atttem,
3215 5032 3405 5083 necne,
3436 5035 3596 5073 acre-

2023 5109 2113 5162 dat
2139 5122 2325 5162 eorum
2357 5112 2624 5161 sententia
2658 5107 2725 5162 ad
2759 5124 2966 5174 verum,
2999 5124 3103 5162 non
3126 5108 3332 5177 judico,
3375 5125 3475 5165 nec
3512 5118 3598 5165 est

2023 5201 2171 5254 dictu
2200 5199 2379 5264 facile,
2403 5200 2523 5253 altis
2541 5215 2602 5251 ea
2644 5215 2808 5269 super
2834 5217 2892 5254 re
2926 5214 3180 5256 veterum
3221 5202 3594 5255 dissentienti.

2023 5294 2146 5347 bus.
2177 5294 2394 5369 Idaetus
2427 5293 2480 5346 itt
2510 5292 2689 5347 Fastis
2709 5294 2810 5347 sub
2842 5295 3128 5349 Consulatu
3161 5294 3370 5348 Paulini
3410 5305 3465 5347 et
3494 5291 3598 5347 ,Ιιιη

2023 5385 2156 5439 liani
2186 5384 2394 5440 refert:
2436 5387 2532 5455 qui
2568 5387 2754 5454 utique
2795 5400 2973 5440 anuus
2997 5402 3117 5441 cum
3152 5387 3365 5440 decimo
3399 5395 3596 5439 octavo

2019 5477 2364 5535 Constantini
2417 5481 2714 5533 concurrit.
2773 5478 2990 5544 Noster,
3027 5476 3120 5548 qui
3183 5478 3381 5542 serius,
3429 5486 3483 5530 et
3527 5476 3598 5530 ad

2020 5569 2294 5624 decimum
2323 5584 2497 5639 usque
2536 5586 2741 5624 nonum
2807 5570 3006 5636 differt,
3057 5583 3188 5625 suos
3219 5580 3367 5624 certe
3402 5569 3596 5623 habuit

2020 5671 2294 5725 auctores,
2330 5676 2469 5731 quos
2508 5671 2847 5734 sequeretur.
2896 5660 3175 5732 Ejusmodi
3237 5672 3319 5715 est
3375 5660 3597 5732 Anony-

2024 5766 2145 5810 mtts
2170 5751 2522 5822 Valesianus,
2556 5757 2668 5812 sive
2693 5767 2885 5812 auctor
2902 5752 3212 5828 Fragmentl
3237 5754 3304 5810 de
3322 5752 3596 5811 Constan-
