3974 6192
928 259 957 283 Α

261 319 404 387 1129
1527 308 2211 379 VALLARSILNOTAE.
3387 322 3524 386 1139

268 434 315 487 Α
348 428 568 495 Tiberii,
603 428 798 500 inquit,
869 425 1252 497 quintodecinto
1288 440 1427 480 anno
1457 441 1617 497 usque
1656 425 1725 478 ad
1754 424 1848 478 de-
1875 428 1926 488 Α
2021 424 2141 478 Col.
2178 427 2300 482 497.
2341 429 2602 483 nrnooius
2628 429 2801 485 rhetor
2834 434 2885 487 in
2922 432 3124 500 Africa.
3155 430 3211 485 lu
3242 429 3522 486 Parmensi

266 526 732 591 cimumquartum
780 535 976 573 annuus
1031 518 1277 583 Valentis,
1330 534 1431 587 quo
1498 500 1857 584 interiil,nu-'
1950 531 2078 580 ms.,
2120 516 2310 581 Sicut;
2357 522 2449 573 sed
2482 521 2616 575 nihil
2640 523 2860 578 dubium
2902 525 3034 594 quin
3089 523 3243 578 Sicca
3294 521 3520 577 Veneria

266 625 543 671 morantur
580 613 707 667 anni
755 610 1088 679 55!..Ilaque
1109 610 1241 679 ﬁunt
1270 612 1400 663 anni
1426 612 1577 665 istius
1615 610 1847 665 historiae
1904 642 1918 660 .
1949 613 2189 663 notetur.
2231 608 2367 661 Tum
2436 611 2671 679 plurium
2736 629 2984 680 numero,
3018 631 3181 684 neque
3222 615 3286 667 ab
3316 614 3529 685 episco-.

265 705 435 762 2595.
462 705 593 760 Nam
615 704 662 760 si
696 703 763 759 ad
792 717 966 757 annos
995 701 1213 772 quidem
1235 700 1381 756 20M
1402 717 1541 771 quos
1573 703 1625 756 in
1656 705 1845 779 eadem
1944 697 2029 762 pis
2073 713 2090 750 :
2123 696 2175 750 in
2214 698 2319 753 line
2373 715 2473 754 vox
2511 703 2676 773 {tedas
2734 705 3104 766 desideratur,
3148 721 3300 774 mque
3354 705 3521 761 bene.

266 797 589 868 praefatione
617 811 676 851 se
712 803 944 849 testatur
968 791 1239 847 Eusebius
1268 793 1549 863 collegisse
1584 795 1654 849 ab
1674 795 1843 847 Abra-

268 890 429 941 hamo
450 886 519 941 ad
546 883 749 940 Tiberii
783 897 955 952 usque
980 882 1250 936 decimum
1292 884 1565 951 quintum,
1593 884 1716 939 illos
1742 884 1841 938 551

267 977 519 1048 adjicias,
554 972 769 1030 summa
803 983 1098 1041 consurget
1133 972 1301 1039 2395,
1328 988 1359 1026 a
1390 974 1592 1045 quibus
1625 990 1839 1032 rursum

265 1071 313 1126 si
342 1084 521 1123 annos
547 1067 619 1123 ΒΞ
646 1064 919 1122 subducas
938 1065 1371 1135 llicronymiana:
1389 1067 1837 1131 continuationis,

265 1163 624 1217 remanebunt
670 1174 839 1228 usque
878 1157 944 1211 ad
1000 1157 1343 1212 Constantini
1391 1158 1708 1214 vicesimum
1735 1199 1750 1221 ,
1811 1175 1839 1213 a

266 1254 469 1309 Tiberii
506 1250 726 1322 quidem
755 1249 968 1305 decimo
1002 1250 1216 1318 quinto,
1241 1250 1365 1305 anni
1399 1249 1504 1305 299
1534 1267 1549 1318 ;
1587 1251 1843 1306 abAbra-

268 1350 398 1404 ham
422 1359 554 1400 vero
585 1343 753 1407 2343,
794 1357 905 1396 uno
958 1341 1080 1411 plus
1133 1343 1369 1409 scilicet,
1421 1357 1585 1412 quam
1633 1343 1846 1399 videtur

266 1437 539 1493 Eusebius
564 1445 931 1505 computasse.
982 1432 1141 1499 Quod
1168 1449 1294 1489 cum
1327 1435 1399 1489 sit
1425 1437 1835 1504 comparatione

267 1531 376 1587 bac
405 1531 524 1599 ipsa
563 1538 918 1581 numerorum
976 1522 1653 1587 manifestum-testantur
1674 1524 1841 1578 etiam

265 1622 547 1690 conceptis
600 1616 782 1672 verbis
831 1614 1074 1687 Anianus
1128 1623 1182 1670 et
1250 1612 1569 1670 Panodorus
1632 1614 1842 1685 antiqui

264 1710 590 1779 chronologi
652 1707 792 1776 apud
831 1705 1141 1775 Syncellum
1181 1720 1304 1776 pag.
1327 1704 1419 1768 28,
1452 1717 1677 1775 putasse
1711 1721 1838 1762 eum

1948 785 2084 842 Vide
2119 787 2213 842 lib.
2248 789 2314 843 de
2344 788 2486 843 Viris
2529 793 2858 859 ltlustrihus,
2893 811 3016 865 cap.
3048 796 3135 851 79.

2019 877 2159 934 Ibid.
2196 879 2489 949 Drepanum
2527 882 2806 955 Bithynice.
2838 888 2985 942 Idem
3025 905 3127 945 ms.
3170 889 3439 958 Drepnant
3465 901 3522 945 et

1949 984 2075 1025 mox
2108 969 2340 1034 Lucani,
2402 990 2578 1042 neque
2613 975 2665 1030 id
2701 977 2862 1038 male.
2903 979 3175 1034 Pontacus
3219 980 3523 1050 Drepanum

1949 1060 2173 1133 legerat.
2231 1062 2417 1120 Graece
2475 1067 2740 1138 Δρεπάνη
2804 1079 2857 1124 et
2909 1072 3209 1140 Δρέπανον.
3270 1072 3527 1129 Socrates

1950 1154 2068 1224 ejus
2098 1158 2348 1210 meminit
2390 1162 2610 1215 nomine
2642 1175 2797 1216 tenus
2838 1162 2890 1216 in
2924 1161 3132 1217 Ecclus.
3174 1164 3314 1219 llist.
3351 1165 3448 1220 lib.
3481 1180 3520 1234 t,

1950 1260 2070 1315 cap.
2100 1247 2188 1313 l8;
2218 1261 2271 1303 et
2294 1251 2494 1305 dicitur
2520 1263 2698 1308 tamen
2725 1253 3021 1329 Scaligero,
3063 1256 3176 1310 haec
3203 1256 3271 1309 ad
3300 1259 3525 1312 verbum

1947 1349 2010 1389 ex
2038 1334 2249 1392 Latinis
2282 1338 2596 1411 Hieronymi
2629 1343 2933 1397 reddidisse
2966 1358 2982 1397 :
3012 1344 3143 1412 quin
3170 1345 3336 1399 etiam
3366 1359 3522 1400 acce-

1953 1424 2099 1491 pisse
2127 1424 2196 1477 ab
2231 1440 2295 1479 eo
2330 1426 2658 1492 Cedrenum,
2696 1430 2787 1498 qui
2825 1431 3104 1500 Δρέπανον
3161 1433 3223 1484 sb
3257 1434 3314 1483 ἐν
3352 1433 3521 1485 Nixo-

1951 1515 2148 1586 μηδεεᾳ
2189 1528 2363 1584 vocat,
2421 1521 2650 1591 ejusque
2708 1523 3159 1589 instaurationem
3202 1539 3348 1579 anno
3393 1525 3526 1580 sub-

1945 1608 2196 1675 sequenti
2221 1611 2487 1664 ascribit:
2518 1622 2713 1667 caetera
2764 1614 2902 1669 bene
2947 1616 3226 1671 convenit.
3262 1616 3340 1670 Tu
3376 1617 3527 1672 vide-

1948 1699 2023 1754 sis
2065 1697 2390 1769 Procopium
2411 1700 2801 1759 Caesariensem
2836 1706 2903 1759 de
2933 1703 3229 1774 Edil‘tciis,
3266 1723 3388 1778 pag.
3420 1706 3516 1763 96.

264 1804 413 1859 solos
459 1800 604 1856 2542
648 1799 756 1854 ἀπὸ
798 1796 1054 1867 Ἀϐραὰμ
1089 1797 1195 1863 ἕως
1247 1800 1346 1867 τῆς
1399 1798 1841 1869 εἰκοσαετηρίδος

2018 1790 2132 1844 Col.
2172 1792 2297 1846 497.
2350 1790 2452 1844 In'
2494 1795 2812 1848 Antiachena
2839 1795 3213 1861 ,Dominicum.
3273 1799 3527 1855 Dicemus

263 1893 704 1954 Κωνσταντῑνου,
744 1895 802 1947 ἐν
836 1887 914 1958 τῷ
958 1893 1099 1943 κατὰ
1155 1889 1359 1953 πλάτος
1417 1888 1615 1960 συνῆξε
1654 1890 1847 1958 χρόνον

264 1984 410 2040 ἑτῶν
440 1984 617 2056 ,βτμβν
648 2004 665 2043 :
691 1986 758 2040 ab
783 1986 1050 2041 Abraham
1076 1983 1146 2036 ad
1181 1979 1487 2035 Viccnnalia
1520 1995 1679 2046 usque
1710 1978 1849 2035 Con-

264 2077 487 2131 stantini
539 2077 685 2148 (hoc
743 2075 1000 2131 nimirum
1043 2087 1152 2141 quo
1203 2070 1513 2126 Chronicon
1546 2069 1663 2140 ejus
1696 2079 1848 2140 gesto

264 2164 649 2235 concluditur)
688 2166 741 2219 in
771 2174 983 2220 extenso
1006 2179 1164 2234 opere
1189 2150 1389 2230 templi
1410 2159 1620 2230 collegit
1664 2177 1840 2215 anno-

270 2272 391 2310 rum
424 2255 590 2310 2542.
634 2254 948 2312 Vicennalia
973 2253 1193 2325 quidem
1225 2253 1315 2308 illa
1356 2250 1703 2321 intelligenda
1729 2264 1850 2319 qua:

265 2346 506 2414 primum
564 2345 939 2412 Nicomediae;
976 2358 1099 2398 nam
1133 2356 1255 2413 quas
1308 2343 1658 2411 postmodum
1726 2348 1848 2397 acta

265 2443 398 2499 sunt
420 2433 687 2500 Beniamin
704 2441 1023 2505 sequentem
1046 2446 1251 2487 annum
1274 2429 1543 2485 Eusebius
1560 2429 1847 2488 transfert.

263 2524 462 2580 Annus
494 2534 679 2580 autem
714 2523 857 2579 idem
886 2523 978 2578 ille
1010 2529 1130 2576 erat
1182 2518 1478 2574 vicesimus
1511 2517 1568 2571 in
1631 2530 1847 2579 eorum,

266 2614 469 2684 quibus
529 2615 817 2686 imperium
863 2612 1258 2670 Constantinus
1302 2610 1610 2673 obtinebat,
1653 2608 1843 2662 serie:

269 2705 491 2762 tametsi
520 2706 662 2761 alius
689 2706 805 2761 sive
856 2704 1149 2760 vicesimus
1174 2701 1384 2773 primus
1434 2700 1489 2754 in
1542 2699 1848 2754 Eusebiana

266 2795 606 2867 supputandi
635 2794 893 2850 methodo
921 2807 952 2847 a
980 2792 1243 2847 Kalendis
1283 2788 1693 2860 Septembribus
1734 2787 1848 2844 tue-

266 2887 365 2943 rit.
405 2887 558 2943 Adeo
595 2886 732 2942 nihil
764 2886 992 2943 dubium
1027 2895 1134 2949 est,
1173 2883 1305 2953 quin
1340 2881 1521 2951 ipsum
1548 2882 1846 2936 terminum

214 2972 230 2989 °
269 2979 710 3035 dinumerationi
776 2994 890 3034 suae
940 2978 1030 3033 ille
1074 2973 1438 3039 accensuerit,
1472 2971 1835 3036 Constantini,

1951 1882 2055 1937 hac
2112 1882 2179 1938 de
2209 1900 2267 1938 re
2291 1883 2520 1940 inferius
2581 1885 2649 1939 ad
2704 1886 2944 1954 ejusdem
3016 1889 3194 1957 templi
3264 1891 3525 1945 encaenia.

1950 1971 2174 2038 Notum,
2228 1973 2618 2031 ecclesiasticis
2674 1976 3033 2047 scriptoribus
3059 1978 3397 2034 Dominicurn
3432 1994 3527 2049 ap-

1948 2063 2139 2132 pellari
2203 2064 2426 2119 domum
2493 2066 2548 2119 in
2607 2082 2769 2136 quam
2823 2068 3009 2124 ﬁdeles
3070 2069 3145 2124 ad
3202 2071 3530 2127 celebranda

1953 2156 2214 2224 mysteria
2264 2156 2682 2213 conveniebant.
2735 2158 2968 2213 Aureum
2998 2160 3104 2216 hoc
3160 2162 3362 2230 audit,
3397 2164 3526 2234 quia

1950 2261 2239 2315 permagna
2272 2248 2395 2301 auri
2421 2249 2643 2317 terisque
2697 2252 2872 2319 copia,
2903 2260 2953 2305 et
3007 2252 3219 2321 reliqua:
3267 2254 3517 2323 pretiosas

1951 2337 2189 2390 materia:
2224 2340 2544 2393 ornamentis
2575 2355 2604 2393 a
2642 2339 3003 2397 Cousmntino
3054 2343 3367 2399 decoratum
3412 2354 3521 2412 est,

1951 2438 2008 2482 ut
2042 2427 2305 2484 Eusebius
2328 2428 2384 2483 in
2428 2428 2539 2484 Vit.
2571 2429 2857 2486 Constant.
2897 2433 2989 2488 lib.
3029 2448 3113 2498 ut,
3178 2435 3269 2498 ιθ,
3329 2436 3519 2493 tradit.

2023 2517 2139 2573 Col.
2165 2517 2292 2573 498.
2323 2517 2703 2575 Constantinus
2730 2537 2947 2576 uxorem
3004 2511 3177 2578 suam.
3235 2523 3314 2578 Ex
3365 2523 3525 2581 Zosi-

1950 2611 2022 2665 mi
2100 2611 2412 2667 narratione
2436 2611 2527 2667 lib.
2552 2626 2613 2677 tt,
2639 2612 2728 2680 29,
2761 2613 3061 2686 intelligere
3113 2623 3220 2681 est,
3271 2617 3527 2687 exiguum

1953 2699 2215 2770 temporis
2247 2703 2484 2769 spatium
2511 2701 2889 2760 intercessisse
2918 2720 2950 2760 a
2984 2703 3157 2774 Crispi
3213 2713 3279 2762 ad
3314 2705 3529 2765 Fausta

1927 2805 2163 2846 necem.
2193 2790 2454 2864 Equidem
2474 2795 2755 2863 superiore
2782 2796 3026 2865 proxime
3059 2811 3203 2853 anno
3234 2801 3522 2870 utriusque
3614 2826 3623 2837 ’

1951 2892 2178 2939 mortem
2202 2894 2495 2955 patratam,
2522 2886 2703 2940 malim
2725 2886 3058 2944 existimare.

2020 2975 2147 3032 Col.
2182 2976 2314 3031 497.
2375 2976 2620 3031 Donatus
2671 2979 2997 3049 agnoscitur.
3027 2980 3240 3037 Invenit
3284 2980 3528 3054 Scaliger

265 3073 520 3141 inquam,
556 3070 899 3135 vicesimum,
957 3067 1242 3128 inclusive,
1276 3074 1336 3119 ut
1379 3070 1632 3141 γοιξξιιιι,Δ
1636 3061 1848 3141 E3193]
1869 3115 1917 3141 η
1949 3078 2194 3123 notatum
2220 3083 2251 3123 e
2284 3068 2503 3138 regione
2531 3070 2583 3123 in
2609 3068 2829 3126 Freher.
2850 3072 3059 3138 codice,
3089 3071 3324 3129 Donatus
3353 3075 3525 3130 lari-ec

263 3164 464 3222 saltem
490 3179 555 3220 ex
582 3171 755 3235 parte,
776 3176 941 3231 quam
971 3159 1141 3214 voluit
1172 3142 1842 3237 cummracedenmag

263 3255 532 3311 bamitico
554 3224 976 3317 numero-2542,
1006 3251 1061 3305 in
1085 3264 1245 3319 quem
1278 3224 1841 3310 desinebat,’concur:

264 3360 425 3412 rere;
470 3343 674 3414 κυρίως
707 3341 852 3397 enim
882 3341 949 3395 ad
988 3353 1161 3395 annos
1184 3338 1255 3394 ab
1291 3335 1605 3391 Abrahamo
1626 3332 1844 3403 exigere

266 3438 606 3506 reliquarum
669 3433 916 3503 gentium
982 3441 1229 3502 tempora
1288 3426 1392 3483 sibi
1449 3432 1840 3495 proposuerat.

265 3528 461 3598 Neque
509 3526 815 3581 audiendus
846 3523 1108 3591 Scaliger,
1139 3522 1224 3576 cui
1279 3518 1503 3573 minime
1546 3525 1843 3587 perspectas

263 3617 490 3675 Eusebii
530 3620 772 3671 rationes
806 3621 983 3676 erant,
1019 3610 1311 3679 intulitque
1336 3622 1400 3662 ex
1424 3607 1528 3661 hoc
1550 3607 1692 3670 loco,
1727 3619 1839 3661 uno

263 3721 418 3761 anno
456 3701 899 3760 Nicomedienses
937 3698 1265 3769 anticipasse
1298 3693 1630 3755 Vicennalia.
1664 3694 1713 3748 id
1737 3703 1842 3757 est.

262 3795 473 3853 Christi
503 3794 832 3863 Dionysiano
869 3790 996 3856 526,
1019 3804 1144 3845 cum
1173 3802 1319 3842 anno
1347 3787 1601 3857 sequenti
1630 3785 1831 3839 Roma-

264 3893 324 3945 ni
359 3891 463 3944 rite
503 3904 566 3942 ea
592 3884 1013 3941 celebraverint.
1042 3882 1118 3935 Es
1170 3895 1282 3951 quo
1337 3885 1649 3935 commento
1693 3877 1841 3931 aliud

279 3983 472 4042 infert.
504 3980 720 4036 ostendi
751 3979 962 4033 scilicet
981 3975 1403 4032 Constantinum
1429 3973 1656 4027 inivisse
1675 3971 1847 4039 impe-

263 4076 412 4129 rium
441 4088 585 4128 anno
614 4069 817 4127 Christi
852 4067 978 4133 507,
1011 4079 1066 4121 et
1111 4079 1313 4120 annum
1340 4063 1577 4132 primum
1633 4060 1847 4129 imperii

266 4161 714 4219 Constantiniani
742 4171 1074 4227 consurgere
1101 4170 1165 4209 ex
1197 4154 1266 4208 24
1301 4151 1637 4221 Septembris
1692 4166 1841 4204 num.

264 4255 595 4320 2523.0ua:
619 4252 842 4323 quidem
883 4248 1066 4304 omnia
1119 4257 1173 4302 et
1197 4247 1308 4302 veri
1346 4245 1586 4315 speciem
1644 4244 1845 4297 nullam

268 4347 501 4412 habent,
528 4354 584 4401 et
616 4346 825 4415 pridem
853 4342 1090 4398 refutata
1120 4350 1250 4395 sunt
1280 4337 1501 4392 I'etavio
1553 4336 1839 4406 doetisqnc

1868 3115 1918 3182 C

1944 3160 2171 3213 starcltes
2186 3169 2331 3213 sexto
2351 3166 2468 3227 post
2489 3158 2678 3213 Arium
2689 3176 2827 3216 anno
2850 3162 3071 3218 unitatis
3089 3163 3356 3220 vinculum
3370 3169 3531 3235 rupit.

2014 3250 2483 3306 lbid..Anliochite
2541 3262 2656 3321 post
2715 3263 3118 3323 tyrannum.....
3150 3256 3529 3326 Euphronius.

1948 3340 2103 3396 Hunc
2134 3339 2422 3398 Parmens.
2460 3357 2564 3397 ms.
2617 3343 2986 3410 Eupltorinum
3040 3356 3218 3402 vocat.
3254 3348 3359 3405 Pro
3419 3349 3522 3403 Ea-

1945 3432 2098 3486 zoius
2130 3433 2259 3486 olim
2287 3442 2407 3486 erat
2436 3431 2720 3489 Euzoicus.

1945 3558 1970 3576 ..
2012 3521 2130 3575 Col.
2153 3520 2276 3575 498.
2301 3518 2624 3590 Porphyrius
2644 3522 2820 3576 misso.
2852 3522 3174 3580 Persuasum
3201 3526 3524 3584 doctissimis

1945 3610 2428 3687 viris,Scaligero,
2485 3608 2672 3682 Pagio,
2706 3622 2760 3666 et
2814 3628 2936 3667 cum
2976 3617 3168 3683 primis
3227 3614 3525 3672 Talleman-

1948 3699 2041 3763 tio,
2071 3708 2184 3754 not.
2215 3697 2286 3753 52
2346 3699 2411 3754 ad
2465 3699 2583 3754 Vit.
2635 3700 3001 3765 Constantini,
3063 3717 3172 3757 non
3227 3705 3373 3759 aliud
3421 3706 3529 3761 hoc

1948 3788 2465 3871 fuisse‘Porphyrii,
2509 3794 2652 3862 quod
2708 3795 2915 3863 insigne
2972 3795 3211 3849 columen
3261 3797 3527 3870 Hierony-

1948 3897 2069 3937 mus
2114 3886 2294 3948 voca’t,
2327 3898 2486 3952 quam
2522 3887 2665 3954 quod
2698 3895 2945 3955 superest
2973 3888 3274 3943 etiamnum
3303 3905 3527 3945 carmen

1948 3972 2017 4027 de
2045 3973 2298 4028 laudibus
2350 3974 2715 4030 Constantini.
2775 3974 2888 4031 Iloc
2945 3992 3072 4032 vero
3098 3996 3222 4035 cum
3286 3990 3523 4047 constet.

1949 4063 2117 4120 fuisse
2177 4062 2550 4121 Vicennalium
2614 4065 2734 4136 ejus
2785 4068 3071 4124 occasione
3126 4071 3524 4137 clucubratum,

1948 4170 2121 4226 eaque
2139 4165 2288 4211 certa
2311 4156 2595 4213 doctorum
2656 4150 2957 4227 hominum,
2991 4163 3036 4215 si
3068 4160 3341 4219 Norisium
3374 4165 3522 4219 exci-

1952 4250 2091 4317 pias,
2124 4251 2395 4304 sententia
2430 4249 2500 4305 sit
2528 4250 2604 4319 (in
2633 4266 2793 4320 quam
2824 4264 2878 4307 et
2944 4267 3043 4307 nos
3106 4269 3295 4322 supra,
3337 4257 3429 4310 ubi
3457 4258 3526 4309 de

1951 4340 2235 4411 θανασίμῳ
2268 4339 2441 4409 Crispi
2467 4354 2634 4405 anno,
2670 4340 3089 4412 concessimus),
3130 4340 3255 4412 jure
3306 4342 3380 4397 illi
3446 4344 3525 4395 vi-

269 4437 397 4492 aliis
427 4437 800 4505 chronologis.
830 4436 1019 4503 Itaque
1054 4430 1384 4501 Hieronymo
1414 4444 1576 4484 causa
1612 4429 1703 4481 illa
1728 4429 1843 4482 lue-
1951 4433 2149 4486 dentur
2239 4430 2654 4502 Hieronymum,
2713 4432 2805 4501 qui
2855 4433 2988 4501 chti
3044 4434 3367 4487 mentionem
3413 4432 3521 4487 huc

281 4534 359 4586 rit
393 4546 558 4602 quam
592 4530 931 4592 dicebamus,
978 4535 1038 4580 ut
1094 4539 1297 4578 annum
1344 4522 1655 4577 Eusebiano
1695 4535 1847 4574 com-

274 4642 411 4702 puto
428 4628 846 4696 superadderet,
887 4639 1010 4677 cum
1044 4624 1098 4676 in
1133 4620 1550 4676 continuatione
1594 4619 1693 4671 hac
1727 4633 1845 4683 sua,

273 4736 550 4777 annorum
586 4719 740 4773 initia
788 4717 1036 4782 duceret,
1078 4729 1188 4769 non
1226 4723 1282 4767 ut
1312 4711 1581 4766 Eusebius
1631 4709 1700 4761 ab
1746 4724 1848 4761 au—

274 4824 488 4877 tumno,
517 4811 611 4868 sed
641 4810 796 4881 juxta
830 4823 1055 4864 suorum
1097 4806 1375 4876 vulgarem
1405 4817 1571 4881 usum
1595 4815 1622 4851 a
1654 4799 1848 4855 Kalen-

281 4907 372 4958 dis
398 4903 670 4968 Januarii,
705 4904 897 4957 codem
934 4900 1093 4955 facile
1133 4897 1293 4952 modo
1330 4876 1665 4965 postremum
1708 4896 1847 4946 hunc

274 4996 571 5053 Eusebiani
605 4995 866 5051 Chronici
903 4992 1118 5063 accepit
1156 5007 1171 5044 :
1205 4999 1261 5045 et
1300 5002 1464 5058 quem
1504 4986 1591 5038 ille
1626 5000 1845 5052 sequen-

275 5104 384 5146 tem
414 5067 627 5145 6,ὶὲἳῖιῆ
648 5090 788 5143 dixit
810 5102 922 5142 non
957 5086 1027 5140 ab
1051 5098 1119 5139 eo
1145 5096 1404 5143 numero,
1438 5079 1489 5130 in
1519 5086 1678 5146 quem
1715 5090 1849 5144 prm-

271 5182 482 5237 cedens
508 5180 949 5235 Ahrabamiticus
971 5172 1274 5238 desinebat,
1296 5170 1394 5225 sed
1418 5168 1471 5222 in
1501 5168 1636 5221 serie
1676 5180 1848 5218 anno-

274 5291 399 5329 rum
433 5273 812 5327 Romanorum
841 5266 1132 5328 intellexit,
1166 5275 1331 5331 atque
1359 5260 1499 5315 adeo
1527 5274 1556 5312 a
1585 5256 1849 5311 vicesimo

271 5372 457 5443 primo
481 5369 832 5425 Constantini
857 5381 995 5436 opus
1020 5379 1179 5418 suum
1209 5360 1496 5416 exorditus
1526 5367 1633 5411 est.

344 5461 547 5518 Recole
606 5474 769 5529 atque
822 5461 926 5512 huc
978 5456 1121 5511 refer
1163 5469 1284 5524 «pta:
1324 5452 1663 5523 praecedente
1722 5464 1848 5517 pm-

271 5556 420 5609 xima
460 5553 816 5608 annotatione
865 5550 933 5603 de
980 5562 1128 5602 anno
1164 5549 1259 5601 abs
1303 5545 1631 5613 Hieronymo
1674 5542 1845 5594 Eusc-

270 5646 458 5701 biauis
514 5642 747 5699 calculis
801 5638 1178 5710 superaddito,
1238 5637 1467 5706 ejusque
1521 5634 1597 5687 rei
1660 5628 1843 5686 causis

268 5741 639 5810 disputamus.

599 5831 871 5889 Panos.
910 5822 1173 5886 XXVII.
1434 5881 1460 5919 ‘

1954 4539 2131 4593 usque
2166 4525 2397 4583 distulit,
2459 4525 2525 4577 de
2575 4524 2733 4579 solidi
2804 4523 3012 4577 biennii
3061 4525 3522 4578 metachronismo

1954 4618 2369 4685 reprehendere.
2407 4617 2487 4669 vel
2520 4616 2705 4677 ἁπλῶς
2737 4616 2922 4670 dicere
2951 4631 3074 4667 cum
3146 4612 3519 4678 Tillcuontiu,

1954 4705 2431 4776 Hierooymianam
2462 4708 2836 4760 rcccnsionem
2896 4706 3112 4759 delendi
3159 4705 3309 4759 nullo
3357 4704 3521 4759 modo

1952 4813 2132 4867 posse.

2022 4891 2290 4946 Col.597.
2316 4891 2696 4946 Alexandriam
2758 4890 3008 4945 Ecclesia?
3051 4890 3281 4943 decimus
3327 4879 3527 4944 nautis:

1957 4984 2303 5038 Decessorcm
2342 4999 2500 5037 suum
2534 4984 2906 5038 Alexandrum
2946 4993 3175 5037 testatur
3208 4984 3318 5053 ipse
3350 4984 3521 5037 Atha-

1958 5076 2143 5129 nasius
2176 5077 2229 5129 in
2267 5077 2524 5148 Apologia
2556 5092 2619 5143 ll,
2658 5078 2849 5140 quinto
2900 5085 3023 5145 post
3080 5076 3289 5129 ﬁnitum
3341 5075 3521 5127 Nicae-

1955 5184 2083 5221 num
2138 5168 2425 5221 concilium
2476 5183 2660 5222 mense
2724 5168 2945 5221 ohiissc.
3000 5165 3197 5236 confer
3266 5165 3518 5218 Suzomr-

1952 5277 2078 5314 mtm
2137 5261 2229 5316 lib.
2264 5279 2326 5326 tl,
2378 5277 2500 5331 cap.
2562 5264 2649 5326 l7,
2708 5268 2762 5313 et
2821 5259 3176 5330 Epiphanium
3211 5255 3517 5319 haeresJiS,

1949 5356 2150 5426 quibus
2197 5356 2332 5411 adde
2360 5371 2519 5425 quam
2553 5355 2770 5424 scripsit
2815 5353 2899 5408 Cl.
2953 5349 3383 5406 Montl'auronius
3453 5347 3516 5404 S;

1951 5447 2189 5500 ductoris
2241 5446 2438 5499 Vi:am.
2498 5443 2599 5510 Qui
2673 5444 3025 5513 subsequitur
3086 5454 3271 5493 versos
3330 5437 3514 5490 Italico

1950 5540 2268 5591 charactere
2298 5538 2608 5608 descriptus
2656 5553 2761 5592 non
2799 5537 3025 5589 habetur
3079 5532 3129 5584 in
3195 5528 3519 5598 antiquiorio

1952 5635 2049 5685 bus
2082 5628 2256 5691 libris,
2292 5630 2499 5699 etapud
2528 5629 2880 5701 Scaligerum.

2019 5722 2137 5781 (Iul.
2172 5721 2293 5775 698.
2320 5722 2527 5776 Ditutur
2547 5716 3283 5789 Constantinopolis.Idacius
3332 5715 3384 5770 in
3412 5710 3519 5766 Fad

3112 5805 3191 5867 36
