4014 6196
439 241 580 307 1131

1745 233 2154 299 VALLARSII
2197 235 2434 298 NOTAE.

2843 177 3038 190 -q"1."‘

3083 180 3221 200 V‘vv’
3239 180 3251 184 ·
3271 181 3280 185 '

3551 242 3706 307 1133.

443 362 544 414 slis
573 358 638 411 ad
666 329 1003 412 consulatum
1031 353 1291 410 Gallicani
1315 361 1366 407 ct
1403 351 1713 422 Symmachi
1737 351 1902 405 refert
1939 351 2024 403 die
2048 357 2101 414 Α
2126 348 2422 403 lemontius
2445 354 2625 404 autem
2685 353 3015 420 pracedenti
3071 354 3337 426 proxime,
3404 363 3704 424 antemnam

443 468 475 502 v
534 449 665 505 Idus
714 449 933 502 Maias:
991 460 1221 515 quocum
1291 443 1418 497 iacit
1474 443 1754 497 Paschalis
1802 457 2020 511 quoque

444 543 702 598 Chronici
735 552 950 604 auctor,
979 542 1072 611 qui
1099 540 1248 594 addit
1309 539 1469 592 Feria
1505 537 1562 600 2,
1622 537 1906 590 indictione
1936 537 1969 589 3
2001 551 2023 620 ξ

443 651 510 692 eo
537 637 683 689 enim
708 635 926 688 annoin
961 633 1303 687 undecimam
1337 631 1482 686 diem
1511 629 1634 682 Maii
1656 628 1789 683 feria
1821 643 2018 682 secun-

413 725 764 781 -'da.incidit.
799 724 1038 794 Uterque
1070 725 1204 777 adeo
1227 724 1362 778 bene
1391 738 1514 776 cum
1551 736 1694 776 anno
1743 719 2019 775 Constan-

448 817 545 872 tini
583 816 843 870 vicesimo
867 815 1058 883 quinto
1090 829 1157 869 ex
1191 822 1342 882 parte
1364 813 1666 867 concurrit.

516 907 636 961 Col.
664 905 792 959 I97.
828 903 1160 957 Metrodorus
1197 902 1556 972 philosOphns.
1593 900 1707 954 Huc
1737 898 1879 952 refer
1907 912 2025 967 quae

447 997 728 1052 Cedrenus
759 1003 972 1049 narrat.
1033 995 1262 1049 Videtur
1305 1003 1484 1047 autem
1547 992 1635 1045 hic
1688 989 1776 1043 ille
1827 987 2026 1043 Metro-

449 1093 648 1156 dorus,
672 1102 834 1159 quem
869 1086 1032 1140 tradit
1061 1085 1288 1138 Photius
1333 1081 1706 1152 composuisse
1739 1080 2024 1150 periodum

448 1183 556 1236 552
576 1196 874 1244 annorum,
907 1193 1069 1247 quam
1098 1192 1126 1230 a
1157 1177 1336 1246 primo
1359 1171 1686 1229 Diocletiani
1717 1171 2024 1230 exorditur.

449 1273 709 1328 Eamdem
735 1272 1018 1342 periodum
1053 1285 1144 1322 an.
1183 1267 1288 1322 552
1339 1267 1500 1335 vulgo
1560 1263 1803 1318 creditur
1842 1261 2027 1316 Victo-

450 1367 568 1420 rius
595 1365 897 1434 Aquitaniae
941 1362 1231 1429 episcopus
1265 1360 1473 1428 primus
1527 1356 1667 1424 apud
1735 1353 1960 1408 Latinos
1998 1369 2028 1407 a

448 1457 655 1512 Cascis
717 1466 990 1524 sumptam
1057 1466 1372 1520 usurpasse.
1409 1451 1451 1501 A
1496 1448 1724 1512 Grmcis,
1785 1449 2027 1516 inquam,

451 1568 576 1606 nam
617 1560 671 1604 et
727 1548 918 1619 Sync.,
950 1561 1069 1616 pag.
1097 1545 1187 1608 35,
1212 1545 1278 1597 de
1313 1543 1522 1596 Aniano
1561 1539 1676 1608 (qui
1723 1539 2029 1593 Metrodoro

450 1653 631 1696 tamen
659 1642 785 1694 huic
833 1649 1019 1691 nostro
1049 1652 1078 1690 a
1114 1635 1308 1688 Pbotio
1334 1633 1550 1686 laudato
1577 1631 1762 1701 junior
1791 1630 2028 1698 est)edi-

2121 440 2424 497 Delmatius
2474 441 2662 499 Caesar
2699 457 3043 518 nuncupatus
3081 459 3248 504 esset.
3293 449 3548 502 Aurelius
3607 445 3704 499 Vi-

2123 541 2262 597 ctor,
2295 534 2360 587 de
2376 531 2659 599 Caesarib.,
2696 535 2752 590 in
2772 535 2901 604 line,
2930 540 3111 593 statim
3135 554 3165 593 a
3188 547 3364 592 morte
3416 537 3623 605 Crispi,
3651 549 3704 591 et

2124 635 2250 680 ante
2301 623 2806 698 Constantinopolis
2854 632 3134 685 conditum
3168 673 3184 694 .
3240 641 3451 694 narrat,
3496 631 3590 684 cui
3651 639 3703 682 ct

2124 716 2446 771 ma-luntalii
2470 733 2595 772 cum
2623 720 2846 776 Petavto
2899 722 3059 777 tidem
3089 723 3371 778 adbibere.

2195 806 2455 866 Col.499.
2495 808 2896 866 Tricennalibus
2955 813 3318 868 Constantini.
3381 814 3532 868 Diem
3562 828 3706 882 prmo

2128 907 2272 953 terea
2303 902 2751 965 notant,Idacius
2775 904 3022 974 quidem,
3086 905 3138 958 in
3188 903 3384 968 Fastis.
3441 921 3552 967 xiv,
3604 921 3708 958 an-

2126 997 2246 1044 ctor
2282 1005 2408 1045 vero
2437 991 2719 1065 Paschalis
2770 995 3050 1059 Cbronici,
3114 1011 3213 1050 vtn
3243 996 3375 1050 Kal.
3436 996 3704 1051 Octobris.

2131 1080 2401 1137 Eusebius
2428 1087 2478 1137 in
2505 1088 2756 1142 oratione
2785 1089 2853 1142 de
2915 1089 3168 1144 laudibus
3231 1090 3583 1144 Constantini
3652 1091 3706 1144 in

2128 1170 2251 1240 ejus
2295 1172 2732 1242 Tricennalibus,
2787 1179 2871 1232 vel
2901 1190 3050 1233 certe
3107 1180 3268 1248 paulo
3321 1190 3443 1248 post
3504 1181 3709 1246 habita,

2131 1266 2448 1333 fortissimos
2480 1276 2713 1335 quatuor
2742 1269 2999 1334 Caesares,
3043 1281 3154 1325 tres
3194 1271 3401 1326 scilicet
3429 1271 3711 1327 Constan-

2133 1351 2232 1406 tini
2267 1352 2404 1407 ﬁlios
2450 1364 2505 1408 et
2528 1355 2872 1423 Delmatiam,
2909 1369 3195 1413 memorat.

2201 1442 2478 1516 Col.‘500.
2507 1445 2673 1500 Pater
2705 1451 2900 1504 rhetor.
2956 1451 3131 1506 Antea
3183 1461 3300 1506 erat
3347 1451 3534 1515 Pater,
3572 1455 3715 1507 alias

2133 1532 2351 1592 Pather.
2384 1538 2630 1593 Diximus
2648 1542 2714 1595 de
2758 1541 2958 1612 insigni
3012 1533 3110 1598 eo.
3149 1545 3370 1599 rhetore
3423 1547 3476 1598 in
3540 1549 3713 1616 epist.

2134 1626 2257 1688 120,
2288 1629 2353 1681 ad
2383 1628 2685 1695 Hedibiam,
2719 1633 2891 1690 initio.

451 1743 561 1788 tam
593 1733 661 1785 ab
687 1746 752 1784 eo
776 1739 1040 1784 memorat
1063 1726 1336 1780 Paschatis
1362 1725 1595 1776 tabulam
1617 1723 1721 1776 552
1748 1737 2029 1785 annorum,
2061 1740 2106 1798 Β
2206 1718 2323 1772 Col.
2353 1720 2481 1776 499.
2517 1721 2744 1776 Nazarii
2810 1729 3029 1780 rhetoris
3052 1729 3192 1795 ﬁlia.
3225 1729 3463 1799 Scaliger
3484 1739 3539 1784 et
3570 1745 3711 1786 mss.

439 1834 556 1876 etc.
586 1822 753 1875 Porro
778 1820 1065 1888 Dionysius
1089 1816 1324 1885 Exiguus
1349 1830 1493 1867 anno
1527 1813 1744 1881 epochze
1762 1811 2028 1865 Christia-

444 1931 536 1968 -ιιεε
561 1914 688 1976 626,
712 1913 955 1965 eamdem
976 1908 1299 1972 instauravit
1321 1915 1482 1974 atque
1510 1907 1818 1958 accuratius
1842 1918 2032 1956 recen-

451 2006 632 2068 suit,a
659 2019 764 2072 quo
788 2010 842 2054 et
872 2015 1068 2054 nomen
1102 1999 1262 2068 vulgo
1312 1996 1655 2065 Dionysiaua:
1711 1994 2027 2062 assumpsit.

449 2099 513 2150 ‘ln
544 2086 645 2150 hoc
679 2095 842 2148 etiam
871 2108 897 2144 a
925 2091 1165 2146 Victorio
1194 2087 1568 2156 ablusit,quod
1583 2101 1704 2140 eam
1743 2086 2028 2153 periodum

453 2203 486 2242 ιι
527 2189 702 2257 primo
736 2184 1054 2239 Diocletiani
1084 2196 1226 2235 anno
1253 2181 1317 2234 ad
1337 2180 1572 2250 primum
1628 2177 1830 2232 Christi
1863 2184 2032 2230 retra-

455 2281 558 2346 xit,
603 2276 878 2332 Victorius
930 2275 998 2329 ab
1035 2287 1180 2328 anno
1239 2271 1514 2342 passionis
1549 2269 1844 2324 inchoavit.

522 2369 665 2423 Ibid.
705 2367 887 2421 Roma:
917 2367 1213 2420 tricesimus
1239 2363 1515 2417 secundus.
1585 2359 1776 2431 Exigui
1813 2359 2029 2428 quidem

456 2462 716 2519 momenti
749 2462 1052 2516 dill'erentia
1083 2467 1165 2513 est
1194 2460 1582 2528 Hieronymum
1615 2454 1757 2510 inter
1785 2465 1838 2509 et
1885 2456 2030 2508 anti-

459 2569 599 2624 quos
628 2554 904 2620 catalogus
931 2552 982 2604 in
1012 2551 1282 2604 mensium
1330 2560 1710 2616 annorumque
1776 2559 2030 2607 numero,

461 2645 664 2717 quibus
718 2645 934 2698 Marcus
992 2652 1046 2697 et
1101 2639 1279 2695 Julius
1353 2637 1655 2692 Romanam
1705 2636 2032 2692 cathedram

463 2740 840 2794 obtinuerunt.
879 2734 1106 2790 Constat
1134 2748 1197 2788 es
1216 2733 1301 2786 bis
1328 2740 1508 2784 tamen
1541 2739 1594 2784 et
1618 2738 1766 2783 recta
1795 2729 2032 2791 ratione,

462 2832 700 2887 triennio
733 2830 925 2884 saltem
953 2828 1132 2882 serius
1190 2823 1360 2878 fuisse
1412 2822 1578 2876 Marci
1633 2820 2032 2875 ordinationem

463 2917 1022 2978 referendamJulius
1051 2925 1198 2972 certe
1264 2924 1459 2983 quarto
1519 2923 1645 2968 ante
1691 2911 2033 2967 Constantini

462 3017 692 3063 mortem
713 3021 898 3060 mense
925 3005 1206 3059 ordinatus
1225 3014 1328 3058 est.
1357 3001 1464 3056 Sed
1494 3001 1816 3056 Eusebianis
1849 3002 2030 3062 adhuc

465 3099 691 3153 calculis
721 3107 883 3165 atque
919 3094 1201 3166 liypothesi
1245 3093 1437 3147 Noster
1493 3095 1749 3147 adhaeret.

535 3188 671 3242 Ibid.
707 3186 892 3239 Edicto
923 3185 1280 3240 Constantini.
1337 3186 1572 3238 Ascribit
1610 3186 1774 3239 etiam
1834 3184 2036 3240 Ccdre-

465 3295 590 3342 nus,
623 3279 871 3333 laudatus
929 3277 1135 3345 pridem
1193 3274 1471 3347 Scaligero
1499 3315 1514 3337 ,
1566 3276 1645 3344 τῷ
1680 3282 1771 3340 κς¹
1807 3277 1900 3329 καὶ
1958 3277 2041 3339 κζ’

465 3372 601 3425 ἔτει.

539 3463 658 3517 Col.
691 3462 818 3516 498.
856 3461 1085 3515 Romani
1117 3459 1336 3515 Gothos.
1373 3459 1576 3514 Auctor
1633 3459 1942 3531 Fragmenti
1974 3461 2041 3516 de

464 3553 790 3610 Canstantio
811 3563 865 3608 et
892 3553 1259 3608 Constantino
1317 3568 1346 3604 a
1416 3550 1630 3606 Valesio
1691 3553 1871 3607 editus
1919 3562 2043 3622 post

471 3645 821 3702 Amtnisnum
865 3659 987 3715 pag.
1018 3643 1113 3698 661
1150 3658 1168 3699 :
1199 3641 1396 3696 Deinde
1453 3643 1595 3712 (post
1653 3640 2041 3706 Constantino-

468 3738 608 3808 polis
667 3735 1088 3805 dedicationem)
1149 3735 1426 3788 adversum
1469 3731 1667 3787 Gothos
1705 3732 1898 3788 bellum
1929 3751 2043 3789 sus-

469 3830 623 3898 cepit,
681 3837 737 3884 et
799 3826 1203 3898 implorantibus
1260 3823 1525 3880 Sarmatis
1582 3825 1842 3879 auxilium
1897 3828 2041 3882 tulit.

469 3923 581 3989 Ita,
614 3934 718 3977 etc.
749 3919 1036 3976 Consentit
1083 3919 1302 3974 ldacius
1350 3932 1565 3988 quoque
1627 3919 1680 3971 in
1722 3917 1922 3984 Fastis,
1950 3920 2041 3974 ubi

473 4015 761 4070 Pacatiano
793 4021 956 4082 atque
987 4009 1265 4066 Hilariano
1295 4024 1440 4064 coss.
1473 4010 1572 4075 ait,
1622 4007 1755 4064 Victi
1778 4009 1937 4065 Gothi
1971 4010 2037 4064 ab

432 4110 702 4200 gsxercitu
733 4106 970 4161 Romano
992 4104 1047 4159 in
1085 4105 1238 4159 terris
1286 4103 1656 4158 Sarmatarum
1684 4103 1770 4156 die
1792 4117 1865 4157 xit
1913 4101 2042 4156 Kal.

476 4201 633 4256 Maii.
699 4199 1036 4255 Pt-zccedeuti
1083 4196 1332 4268 proxime
1389 4209 1578 4250 mense
1631 4195 1816 4265 Aprile
1866 4196 2044 4266 egisse

472 4293 892 4350 Constantinum
953 4289 1358 4358 Marcianopoli,
1400 4302 1520 4358 quae
1540 4285 1743 4342 Maesia;
1794 4288 2046 4344 secundae

2138 1811 2384 1880 plerique
2437 1815 2691 1870 distincta
2744 1816 2930 1872 Italico
2976 1821 3290 1874 charactere
3347 1822 3516 1875 verba
3570 1837 3714 1890 pne-

2136 1908 2440 1978 terniiltuut
2472 1923 2487 1962 :
2521 1922 2641 1975 qum
2671 1918 2800 1962 sunt
2829 1913 2882 1964 in
2914 1909 3195 1966 Parmensi
3240 1915 3309 1967 ad
3381 1914 3533 1969 hunc
3594 1931 3716 1966 Ino-

2131 1994 2287 2058 dum,
2312 1997 2534 2050 Nazarii
2563 1998 2679 2065 ﬁlia
2699 1998 3005 2054 Christiana
3028 2003 3172 2071 virgo
3206 2005 3258 2055 in
3282 2002 3584 2072 eloquentia
3615 2019 3716 2073 ρας

2143 2089 2210 2139 tri
2241 2104 2565 2159 coaequatur,
2585 2094 2670 2146 cui
2695 2109 2881 2147 nomen
2913 2093 3179 2149 Eunomia
3204 2096 3326 2166 fuit.

2203 2177 2339 2236 Ibid.
2377 2182 2686 2239 Tiberianus
2736 2188 2814 2240 vir
2859 2189 3108 2244 disertus.
3149 2190 3281 2245 Vide
3312 2189 3714 2246 Gothofredum

2132 2269 2186 2324 in
2218 2271 2689 2346 Prosopographia
2719 2277 2925 2334 codicis
2959 2277 3346 2336 Theodosiaui.
3396 2281 3474 2334 Ex
3503 2297 3573 2336 eo
3600 2280 3716 2336 Til-

2131 2359 2424 2418 lemontius
2449 2366 2614 2420 hocce
2634 2381 2776 2421 anno
2803 2366 3164 2424 Tiberianqu
3205 2371 3472 2425 vicarium
3509 2370 3713 2442 llispa-

2133 2453 2352 2509 uiarum
2410 2457 2635 2524 profert.
2692 2458 2936 2530 Scaliger
2979 2460 3034 2515 in
3076 2476 3185 2517 uno
3253 2463 3539 2531 alteroque
3600 2480 3710 2521 ms.

2139 2545 2409 2599 Titianum
2441 2548 2710 2618 scriptum
2746 2551 2977 2610 invenit.
3011 2561 3197 2621 ‘quem
3255 2554 3399 2608 scire
3449 2569 3513 2610 se
3569 2554 3714 2610 dixit

2137 2638 2506 2692 clarissimum
2562 2650 2866 2696 senatorem
2896 2660 2912 2697 :
2942 2643 3293 2698 Tiberianam
3367 2659 3500 2698 vero
3548 2644 3711 2716 praef.

2139 2737 2292 2798 praet.
2321 2727 2614 2784 Galliarum
2648 2732 2914 2800 ignorare.

2208 2818 2348 2876 Ibid.
2389 2820 2711 2876 Eustacltitts
2731 2823 3362 2890 Constantinopolitanus.
3417 2825 3580 2881 Aliud
3611 2840 3714 2896 par
3761 2885 3776 2896 ο

2137 2915 2364 2970 credere
2397 2925 2505 2979 est,
2572 2931 2733 2985 quam
2781 2919 2925 2986 quod
2976 2918 3195 2972 Macarii
3232 2904 3713 2991 Hierosolymitani

2140 3007 2379 3076 episcopi
2404 3008 2672 3062 industria
2702 3019 3040 3064 exstructum
3067 3009 3333 3066 Eusebius
3393 3012 3488 3066 lib.
3554 3026 3613 3066 ιιι
3649 3015 3716 3064 de

2066 3080 2109 3140 ε
2146 3095 2262 3153 Vita
2287 3098 2628 3154 Constantini
2651 3114 2772 3168 cap.
2805 3101 2876 3155 5‘3
2919 3110 3202 3155 memorat.
3268 3101 3513 3171 Scaliger
3564 3103 3715 3158 enim

2143 3203 2335 3257 parum
2356 3189 2507 3243 abest
2558 3193 2688 3259 quin
2725 3192 3005 3262 deceptum
3069 3193 3156 3248 hic
3209 3193 3598 3265 Hieronymum
3630 3195 3713 3250 di-

2142 3291 2250 3336 cat.
2289 3278 2398 3335 Nec
2428 3291 2607 3335 tamen
2636 3281 2953 3349 diﬂitetnur,
2979 3287 3274 3355 martyrion
3332 3287 3590 3355 primitus
3619 3301 3714 3357 ap-

2143 3372 2402 3442 pellatum
2426 3371 2974 3444 Hierosolymitanum
3027 3377 3288 3446 templum
3362 3375 3491 3430 illud
3515 3415 3530 3441 ,
3560 3376 3715 3446 quod

2143 3463 2533 3520 Constantinus
2561 3465 2836 3532 excitavit,
2898 3474 2957 3520 ut
3004 3467 3239 3538 Cyriltus
3271 3469 3488 3522 cateeh.
3533 3467 3597 3522 ﬂ
3626 3476 3710 3520 te.

2145 3567 2345 3621 statur,
2397 3571 2508 3626 quo
2556 3556 2815 3627 deinceps
2872 3558 3091 3613 nomine
3147 3571 3452 3630 martyrum
3497 3573 3716 3630 quoque

2143 3650 2394 3717 sepulcra
2433 3648 2634 3704 donata
2653 3656 2800 3704 sunt.

2214 3740 2350 3794 Ibid.
2372 3736 2746 3794 Constantinus
2767 3748 2997 3793 extremo
3019 3739 3156 3793 vitaz.
3190 3736 3332 3794 Nihil
3352 3739 3507 3794 estin
3539 3738 3717 3794 eccle-

2144 3831 2360 3886 siastica
2385 3829 2630 3896 historia,
2655 3831 2724 3884 de
2748 3845 2854 3900 quo
2898 3830 3231 3899 disputatum
3273 3831 3345 3886 sit
3385 3833 3584 3901 magis.
3613 3829 3718 3885 Fa-

2144 3924 2296 3979 ciunt
2328 3938 2448 3976 cum
2482 3920 2808 3992 Hieronymo
2830 3920 3098 3976 Eusebius
3131 3922 3224 3976 lib.
3246 3937 3298 3976 iv
3323 3922 3430 3977 Vit.
3448 3923 3718 3979 Constan-

2145 4017 2263 4078 tini,
2295 4030 2412 4084 cap.
2435 4014 2495 4069 61
2525 4024 2578 4069 et
2603 4029 2746 4084 seq.,
2781 4013 3122 4068 Sozomcnus
3147 4014 3240 4069 lib.
3272 4029 3330 4080 ιι,
3354 4015 3446 4079 34,
3465 4015 3719 4071 Socrates

2147 4124 2184 4176 ι,
2218 4108 2308 4171 39,
2343 4107 2422 4162 Ex
2457 4105 2661 4161 Latinis
2683 4104 2739 4160 S.
2769 4105 3092 4160 Ambrosius
3117 4106 3172 4159 in
3198 4105 3717 4162 Funere'I‘lteodosit

2147 4197 2345 4267 Magni,
2376 4206 2482 4252 etc.
2518 4195 2754 4265 Addiﬁet
2786 4194 3246 4262 Zosimuslpotest,
3279 4196 3370 4265 qui
3400 4207 3521 4265 post
3543 4195 3718 4267 Crispi

2149 4300 2203 4344 et
2237 4289 2449 4344 Faustae
2484 4302 2696 4351 necem,
2723 4287 2799 4340 ait
2834 4286 3256 4342 Constantinum
3281 4291 3572 4344 criminum
3605 4292 3720 4358 pia-

473 4388 529 4442 in
555 4385 860 4442 Gothorum
895 4399 960 4438 ac
992 4382 1377 4436 Sarmatarum
1407 4379 1606 4434 vicinia
1636 4379 1763 4433 urbs
1787 4387 1890 4443 est,
1912 4393 2044 4433 con-
2081 4413 2119 4466 υ
2146 4379 2274 4433 'cula
2305 4377 2619 4448 quaesivisse
2646 4374 2789 4446 apud
2829 4373 3172 4431 Christianos
3203 4393 3219 4433 :
3245 4390 3303 4431 ut
3341 4378 3496 4438 adeo.
3554 4379 3602 4432 si
3623 4380 3717 4432 ba-

471 4491 576 4533 stat
616 4495 680 4533 ex
714 4480 818 4547 leg.
851 4471 972 4532 cod.
999 4474 1207 4529 'l‘lieod.
1237 4475 1294 4537 4,
1358 4475 1420 4527 de
1472 4471 1844 4542 Sponsalibus.
1912 4470 2043 4526 Vide

472 4546 884 4629 Zositnunrlib.
925 4585 986 4623 ιι,
1154 4561 1220 4568 ’“
1705 4546 1994 4565 ww»...

542 4663 662 4717 Col.
694 4661 818 4715 497.
851 4659 1119 4714 Sarmata:
1153 4667 1200 4712 et
1237 4656 1583 4726 Lunigantes.
1633 4656 1900 4724 Vitiosum
1937 4663 2044 4722 est,

476 4753 619 4824 quod
649 4753 765 4806 libri
798 4752 890 4806 alii
937 4749 1252 4821 pra-ferunt,
1287 4748 1613 4803 Dimicantes
1670 4757 1725 4803 et
1775 4747 2046 4801 Limican-

478 4860 574 4901 tes.
605 4845 994 4917 Limigantium
1073 4844 1294 4898 nomine
1350 4841 1580 4897 veniunt
1633 4842 1826 4907 servi,i
1850 4840 2047 4911 quibus

482 4940 744 4994 Sarmatae
775 4954 922 4992 arma
955 4936 1238 5001 dederant,
1270 4948 1442 4988 cuma
1474 4933 1690 5004 Scythis
1739 4933 1879 4988 bello
1905 4943 2065 5000 pete--

483 5039 676 5085 rentur
712 5047 726 5083 :
763 5030 856 5099 qui
893 5044 1014 5083 cum
1050 5028 1118 5082 de
1143 5026 1362 5097 Scythis
1394 5026 1680 5080 victoriam
1711 5025 2047 5088 retulissent,

480 5126 742 5180 adversus
781 5124 1061 5176 Sarmatas
1091 5121 1344 5175 dominos
1375 5133 1504 5174 suos
1561 5132 1713 5171 arma
1747 5126 2046 5182 verterunt,

481 5233 683 5286 eosque
721 5215 916 5286 patriis
966 5214 1184 5269 sedibus
1237 5212 1614 5267 detorharunt.
1669 5209 1745 5264 Ita
1796 5209 2052 5263 Ammia-

482 5327 584 5364 nus
614 5307 850 5363 Mnrcrll.
883 5307 975 5360 lib.
1003 5320 1134 5371 χιιι,
1174 5319 1225 5358 c.
1259 5305 1324 5357 12
1345 5312 1397 5359 et
1431 5303 1518 5368 15,
1587 5308 1641 5356 et
1670 5301 1707 5354 l.
1731 5316 1846 5366 xnt,
1876 5317 1926 5354 c.
1962 5302 2048 5355 ll.

485 5402 591 5454 l‘ro
624 5403 1022 5471 Arcaragantcs
1051 5397 1271 5468 quidam
1319 5395 1444 5450 libri
1495 5393 1790 5464 preferunt
1814 5392 2054 5446 Ardara-

483 5509 584 5561 gan
597 5505 688 5546 tes.

555 5585 671 5636 Col.
706 5583 829 5637 498.
861 5580 1158 5638 Caloca’rns
1198 5579 1250 5631 in
1299 5576 1490 5647 Cypro.
1542 5571 1898 5642 TheOphanes
1925 5587 2057 5639 quo-

487 5691 590 5744 que
627 5684 835 5745 gestum
872 5676 973 5730 hoc
1005 5690 1150 5729 anno
1185 5668 1531 5728 Constantini
1566 5666 1636 5722 29
1696 5664 1868 5734 illigat
1901 5680 1914 5716 :
1947 5662 2058 5717 'I‘il-

2150 4473 2411 4544 ptismum
2463 4466 2805 4537 imperatoris
2831 4465 3118 4538 designare
3151 4468 3342 4534 voluit,
3392 4469 3626 4539 vulgata:
3652 4485 3717 4524 ex

2151 4565 2291 4619 actis
2315 4565 2373 4620 S.
2400 4561 2649 4618 Silvestri
2682 4558 2928 4629 opinioni
2982 4575 3090 4614 non
3144 4559 3343 4616 laveat.
3392 4561 3718 4630 Quanquam

2150 4660 2270 4729 ejus
2306 4656 2670 4711 narrationem
2743 4651 2863 4706 aliis
2913 4651 2978 4706 de
3046 4653 3228 4707 causis
3285 4651 3544 4709 Socrates
3594 4655 3717 4710 falsi

2147 4749 2469 4823 jampridem
2497 4745 2696 4816 arguit.
2757 4743 2864 4799 Sed
2930 4743 3047 4800 hate
3081 4744 3357 4815 persequi,
3405 4754 3718 4801 nostrarum

2151 4837 2386 4908 partium
2403 4848 2511 4887 non
2536 4841 2641 4886 est.

2227 4922 2785 4982 Ibid.’Constantinus
2826 4937 2942 4976 cum
2987 4921 3199 4976 bellum.
3237 4918 3524 4978 Parmens.
3590 4939 3718 4992 ms.,

2151 5021 2206 5073 in
2236 5019 2446 5082 (Σίν-οπο,
2469 5014 2722 5070 Victorin
2745 5013 2971 5076 Cresam,
2996 5011 3330 5082 Achyronam
3362 5025 3551 5081 vocat;
3586 5015 3716 5072 Cas.

2153 5113 2318 5178 siod.,
2349 5110 2660 5178 Acyronem.
2699 5105 2906 5159 Dicitur
2941 5101 3203 5174 Bithyniae
3266 5105 3523 5174 oppidum
3576 5108 3718 5176 apud

2153 5202 2546 5265 Nicomediam,
2571 5196 2716 5267 quod
2743 5196 3271 5267 Porphergennetae
3299 5195 3493 5266 Pythia
3529 5200 3719 5267 appel-

2155 5297 2318 5350 latur.
2349 5297 2536 5346 Annos
2559 5290 2685 5343 vita:
2740 5287 3108 5352 Constantini,
3154 5303 3292 5356 quos
3330 5287 3399 5343 66
3452 5287 3720 5361 Hierony-

2158 5402 2278 5442 mus
2319 5392 2594 5444 numerat,
2626 5395 2725 5451 pro
2753 5377 3106 5449 incompletis
3133 5380 3366 5448 accipito
3390 5396 3406 5444 ;
3435 5393 3544 5434 uno
3575 5380 3716 5433 enim

2158 5478 2342 5532 minus
2373 5475 2561 5528 dicunt
2597 5471 2885 5536 Eusebius,
2926 5468 3179 5532 Ruﬁnus,
3220 5469 3490 5528 Socrates.
3551 5468 3721 5525 Some

2161 5582 2374 5632 menus,
2407 5575 2568 5634 atque
2591 5563 2710 5618 alii.
2775 5560 3094 5630 Quanquam
3131 5560 3270 5616 idem
3322 5558 3595 5616 Eusebius
3665 5561 3718 5614 in

2163 5661 2274 5718 Vit.
2310 5660 2403 5716 lib.
2432 5675 2504 5726 tv,
2537 5672 2655 5729 cap.
2687 5656 2756 5713 55
2806 5674 2818 5710 :
2848 5653 3083 5726 Imperii,
3151 5653 3347 5726 inquit,
3399 5652 3718 5711 curriculum
