4014 6196
856 218 991 229 ,μα-ολ*
1016 218 1029 224 ο
1071 218 1151 229 ...ν

303 298 440 364 11:33

1554 278 1956 347 VALLARSII
1995 270 2234 336 ΝΟΤιΕ.

2488 188 2595 198 κηην

3412 232 3551 300 1134

300 404 498 463 duobus
530 412 575 454 et
613 399 829 470 trig'nla
857 398 1010 452 annis
1042 393 1292 466 explerit,
1339 391 1564 460 exceptis
1613 386 1873 442 mensibus
1910 384 1949 443 Δ
1982 376 2193 434 Domini
2218 390 2282 431 ex
2324 366 2635 426 Eusebiana
2694 361 2855 429 νιιιιιο
2913 354 3159 427 πικροδῖία
3208 347 3549 425 τθθίῖηςίθηνν

2184 468 2193 470 -
2239 466 2254 470 _
2288 464 2299 470 -
2473 459 2486 470 ι
2523 457 2580 470 που
2705 454 2740 470 ,o
2828 466 2904 470 ΑΔ,
2967 448 3148 470 --.ξμιιη
3232 440 3388 470 Ιὶιιηιι
3425 453 3549 470 nomn

303 514 364 550 ac
383 494 562 548 diebus
582 492 765 562 paucis
789 506 808 545 :
838 490 955 545 uitta
982 503 1099 543 vero
1128 485 1355 557 spatium
1407 482 1563 550 duplo
1626 480 1735 550 fere
1764 479 1876 530 lon-

304 588 419 658 gius
444 585 563 648 luit.
596 584 725 649 Ωιι-ιι
759 583 925 637 verba
972 582 1163 636 fucum
1219 578 1396 632 iecere
1461 574 1762 644 Scaligero,
1821 579 1879 623 ut

305 692 448 732 anno
474 674 654 730 serius
678 667 1294 740 mortemjmperatoris
1324 664 1526 736 putarit
1557 661 1875 731 contigisse,

306 779 359 823 et
385 765 653 821 Tricenna
678 763 733 816 in
762 763 879 832 ejus
907 774 1015 816 uno
1046 760 1179 816 item
1216 772 1359 812 anno
1391 755 1559 811 luisse
1582 753 1877 821 anticipata

306 853 788 927 (quemadmodum
815 862 869 907 et
897 851 1208 907 Vicenualia
1260 849 1491 916 dixerat)
1546 848 1601 900 in
1633 845 1878 901 Oriente.

307 949 458 1005 Adeo
489 961 598 1002 non
622 944 926 1013 explevisse
971 959 1095 999 eum
1148 957 1276 998 vera
1329 939 1698 999 Tricennalia,
1760 952 1881 1006 qu:e

310 1041 573 1097 incidisse
606 1038 775 1093 voluit
811 1037 866 1093 in
900 1035 971 1091 25
1025 1037 1167 1090 diem
1232 1034 1593 1104 Septembris,
1636 1042 1694 1085 ut
1732 1046 1881 1084 com-

309 1126 509 1205 plendo
524 1146 669 1186 anno
707 1129 864 1186 solidi
888 1142 1100 1185 menses
1121 1127 1351 1183 Romani
1402 1134 1636 1195 quatuor
1667 1133 1719 1179 et
1762 1123 1882 1178 dies

310 1228 421 1283 duo
447 1223 742 1279 dei-uerint.
774 1223 844 1277 At
869 1236 998 1276 vero
1046 1235 1107 1277 se
1147 1234 1236 1275 res
1289 1218 1507 1287 penitus
1569 1216 1885 1273 econtrario

314 1318 524 1375 habuit.
561 1315 960 1373 Constantinus
995 1328 1024 1368 a
1075 1313 1163 1368 die
1223 1312 1295 1366 25
1350 1310 1477 1366 Julii
1510 1349 1526 1375 ,
1566 1308 1887 1366 Constantio

314 1422 369 1468 et
407 1410 735 1466 Maximiano
764 1423 815 1462 Vl
856 1421 1028 1471 coss.,
1057 1404 1349 1474 imperium
1426 1402 1748 1472 auspicatus
1778 1411 1886 1466 est,

316 1502 616 1572 eademque
648 1500 735 1557 die
766 1507 887 1569 post
918 1513 1093 1553 annos
1123 1497 1343 1566 triginta
1376 1506 1718 1558 recurrente,
1742 1493 1886 1550 Con-

318 1596 520 1652 stantio
547 1604 601 1651 et
655 1594 852 1649 Aloino
918 1606 1089 1656 coss.,
1149 1589 1499 1646 Tricennalia
1546 1588 1882 1646 celebravit:

320 1686 521 1757 quibus
542 1687 773 1748 exactis,
831 1685 1019 1740 decem
1073 1692 1334 1753 prseterea
1387 1682 1669 1737 mensibus
1695 1695 1889 1749 super—

319 1788 431 1833 stes
453 1777 554 1831 fuit
583 1794 599 1832 :
628 1792 676 1830 ιι
705 1775 975 1831 Kalendas
997 1774 1192 1829 Iunias
1215 1767 1459 1829 decessit
1490 1786 1521 1828 e
1576 1771 1708 1827 vita.
1768 1770 1894 1826 Hace

327 1871 1045 1942 llieronymianiscalculis,
1077 1870 1189 1925 into
1205 1877 1261 1924 et
1287 1865 1619 1922 Eusebianis
1641 1865 1694 1919 in
1715 1863 1894 1922 Chro-

324 1966 447 2031 nico
472 1966 732 2034 (orator'o
757 1963 902 2018 enim
936 1978 1084 2018 more
1111 1961 1164 2018 in
1186 1961 1304 2018 Vita
1332 1957 1592 2031 loquitur)
1649 1956 1896 2029 apprime

325 2067 688 2113 consentanea
722 2056 968 2111 recensio
991 2062 1100 2111 est.

399 2170 515 2225 Col.
549 2169 672 2226 500.
702 2166 1000 2223 XXXVII.
1032 2167 1392 2224 Constantius.
1422 2174 1530 2222 etc.
1573 2164 1692 2221 Uno
1714 2164 1898 2220 minus

330 2260 499 2317 habet
526 2276 627 2315 ms.
676 2262 987 2325 Parmeus.,
1033 2259 1151 2314 sive
1208 2260 1300 2317 23.
1353 2257 1553 2313 Notatu
1608 2257 1901 2312 autemdi-
1968 2291 1976 2299 -

330 2368 520 2422 guunt,
550 2367 658 2407 non
695 2354 878 2407 statim
919 2366 949 2406 ιι
976 2351 1150 2422 patris
1183 2352 1356 2417 obitu,
1400 2350 1493 2405 sed
1560 2360 1679 2420 post
1734 2350 1899 2404 trium

331 2455 383 2498 et
417 2443 561 2513 quod
601 2443 868 2507 excurrit,
900 2442 1169 2498 mensium
1226 2443 1625 2511 interregnum,
1655 2441 1902 2509 Septem-

334 2535 432 2589 bre
460 2536 664 2590 scilicet
692 2534 811 2604 ejus
838 2534 990 2596 anni,
1041 2532 1181 2588 lilios
1242 2533 1477 2603 imperio
1545 2532 1900 2587 successisse.

334 2623 613 2681 Discimus
639 2625 691 2679 id
720 2628 787 2680 ab
820 2625 1058 2681 Eusebio
1087 2626 1139 2678 in
1200 2624 1312 2679 Vit.
1369 2624 1463 2680 lib.
1506 2640 1580 2688 tv,
1618 2632 1733 2679 toto
1778 2638 1900 2694 cap.

338 2716 428 2780 07,
459 2725 513 2771 et
541 2729 662 2785 cap.
693 2715 754 2769 7|
820 2718 873 2771 in
916 2716 1045 2777 line,
1080 2715 1146 2771 iis
1182 2716 1396 2771 verbis:
1430 2714 1551 2784 Ipse
1571 2716 1734 2769 etiam
1766 2715 1907 2785 μετὰ

338 2803 591 2871 θάνατον,
616 2816 730 2875 post
755 2818 999 2869 mortem,
1043 2808 1325 2877 imperium
1351 2808 1603 2870 retinens,
1652 2807 1804 2878 quasi
1828 2823 1908 2861 re-

337 2898 539 2953 divivus
570 2899 870 2952 uniuersum
898 2898 1073 2954 orbem
1097 2899 1420 2968 gubernans,
1447 2908 1556 2954 etc.

411 3012 526 3067 Col.
551 3011 676 3068 £99.
704 3011 877 3082 Sapor
900 3029 991 3068 rex
1021 3012 1331 3068 Persarum.
1385 3011 1610 3067 Cestum
1664 3011 1714 3064 in
1739 3010 1909 3066 Scali-

345 3107 461 3175 gcri
499 3105 819 3163 recensione
839 3121 962 3160 cum
996 3104 1318 3172 praecedenti
1339 3120 1569 3159 numero
1600 3105 1742 3161 2754
1775 3119 1911 3159 con-

343 3198 515 3253 currit
558 3197 674 3253 :‘ad
723 3196 879 3268 cujus
920 3197 1156 3265 rationes
1204 3196 1432 3266 propius
1485 3195 1689 3251 habent
1739 3195 1914 3250 Chro-

345 3289 455 3346 nicl
484 3289 761 3345 Paschalis
783 3297 997 3352 auctor,
1042 3296 1096 3342 et
1133 3285 1521 3363 Theophanes,
1562 3289 1654 3358 qui
1711 3287 1914 3343 Nisibis

347 3378 681 3434 obsidionem
707 3393 801 3447 per
840 3388 951 3431 tres
977 3384 1028 3431 et
1062 3378 1341 3448 sexaginta
1370 3377 1483 3432 dies
1514 3378 1690 3432 eidem
1747 3391 1914 3442 sntio,

348 3485 459 3543 quo
488 3480 739 3526 mortuus
772 3479 854 3525 est
877 3464 1295 3535 Constantinus,
1330 3469 1626 3533 Feliciano,
1657 3477 1719 3523 ut
1740 3469 1914 3533 aiunt,

348 3572 404 3617 et
471 3560 692 3616 Titiano
745 3575 914 3626 coss.,
965 3560 1270 3616 ascribunt.
1331 3558 1505 3629 Atque
1557 3558 1651 3612 illo
1698 3557 1918 3628 quidem

348 3654 657 3720 advivente,
700 3652 1033 3715 recentiores
1050 3652 1294 3707 nonnulli
1318 3650 1629 3721 chronologi
1657 3638 1927 3721 Saporem

349 3744 634 3814 irrupisse,
672 3752 983 3816 arguuntex
1016 3743 1265 3809 Libanio,
1288 3742 1379 3811 qui
1445 3740 1615 3795 tradit
1651 3740 1704 3794 in
1749 3740 1916 3791 Βισι·

354 3832 496 3907 λιιιῷ
524 3845 647 3906 post
677 3836 882 3890 obitum
951 3832 1305 3890 Constantini
1353 3830 1548 3886 Persas
1588 3844 1694 3884 non
1759 3843 1922 3882 ausos

353 3944 473 3985 esse
505 3928 686 3997 Tigris
710 3929 882 3998 ripam
919 3940 1200 3998 superare.
1228 3926 1334 3980 Alii
1386 3939 1492 3978 non
1536 3931 1662 3977 ante
1684 3929 1921 3991 emptum

353 4023 555 4079 bellum
588 4021 797 4085 dicunt,
857 4035 1020 4088 quam
1069 4020 1252 4074 audito
1294 4014 1636 4075 Constantini
1686 4030 1921 4069 excessu.

362 4114 571 4170 Videsis
626 4112 900 4168 Valesium
955 4113 1021 4167 ad
1078 4113 1171 4167 lib.
1239 4128 1306 4166 xx
1360 4108 1632 4166 Ammiani
1682 4105 1921 4163 Marcell.

357 4220 478 4271 cap.
509 4203 560 4259 7.

426 4294 562 4351 Ibid.
597 4294 896 4371 Dalmatius
922 4293 1124 4350 Cwsar.
1158 4291 1276 4348 Non
1311 4292 1459 4347 addit
1509 4290 1790 4347 Parmens.
1818 4304 1924 4345 ms.

1980 468 2198 526 tametsi
2234 464 2390 525 falsa,
2423 459 2488 514 ad
2523 454 2906 526 Dionysianam
2962 448 3172 515 exigas.
3232 440 3389 506 Quod
3425 453 3552 488 vero

1978 562 2153 622 aiunt,
2176 557 2365 613 eodem
2392 554 2485 608 illo
2510 544 2939 606 Constantinum
2966 539 3194 599 abiisse,
3222 549 3287 589 ex
3332 527 3551 584 Eusebii

1981 620 2401 720 exaggeratione
2458 639 2718 697 oratoria.
2761 644 2813 689 ct
2875 627 3205 700 supputandi
3258 623 3469 677 ratione
3501 620 3556 671 in

1986 743 2109 797 Vita
2132 742 2252 809 ejus
2288 733 2603 792 adornanda
2638 729 2814 792 ﬂuxit,
2843 734 2897 780 et
2967 736 3067 779 suo
3114 721 3236 774 loco
3294 714 3553 783 superius

1981 805 2289 905 expositum
2318 839 2421 886 est.
2461 827 2727 883 Castorum
2759 822 2825 875 de
2844 818 3076 873 liberata
3095 805 3560 877 Jacobiprecibus

1983 902 2183 993 Nisibi,
2211 925 2433 994 copiose
2457 908 3116 982 Theodoretusagitliist.
3141 904 3268 959 Eccl
3312 902 3351 955 ι.
3392 915 3452 963 ιι,
3506 913 3560 950 e.

1985 1020 2076 1083 50,
2103 1029 2158 1074 et
2196 993 2590 1081 Pbilostorgius
2618 1008 2714 1063 lib.
2757 1020 2839 1065 ιιι,
2874 1018 2925 1057 c.
2951 1001 3043 1055 25.
3075 993 3401 1053 Adverbium
3428 1003 3564 1057 sape

1986 1112 2042 1168 in
2076 1108 2357 1166 Parmensi
2398 1120 2502 1160 ms.
2538 1116 2643 1158 non
2672 1099 2924 1154 habetur.

2059 1203 2192 1258 Ibid.
2230 1197 2573 1256 Constantius
2600 1190 2798 1246 bellum
2823 1186 3008 1259 fratri.
3030 1180 3318 1238 Dill'erebat
3365 1175 3566 1231 Ponta-

1987 1314 2095 1355 cus.
2146 1304 2357 1369 gestum
2413 1292 2480 1347 ad
2548 1288 2971 1353 subsequentem
3034 1276 3279 1349 proxime
3339 1282 3563 1325 annum.

1990 1391 2216 1446 iratrum
2259 1387 2627 1457 Augustorum
2686 1382 2962 1447 quartum,
3018 1367 3164 1440 quod
3223 1377 3326 1419 nos
3381 1357 3570 1415 malui-

1990 1496 2114 1538 mus
2143 1494 2267 1536 cum
2302 1455 2427 1532 aliis
2456 1472 2608 1528 libris
2639 1481 2691 1525 et
2725 1463 2982 1533 Scaligori
3038 1455 3359 1515 recensione
3416 1462 3573 1504 rem.

1992 1589 2117 1629 care
2150 1571 2216 1625 ad
2260 1568 2504 1630 tertium,
2540 1557 2751 1617 tametsi
2816 1558 2959 1610 httnc
3011 1551 3100 1605 ille
3155 1554 3278 1603 cum
3331 1540 3576 1599 Abraha-

1994 1663 2182 1719 mitico
2207 1675 2359 1717 num.
2380 1657 2449 1713 56
2466 1668 2628 1723 supra
2647 1651 2731 1707 bis
2756 1645 3107 1703 millesimum
3131 1632 3572 1694 trecentesimum

1995 1761 2301 1825 comparat.
2343 1749 2489 1805 Sane
2510 1720 2758 1800 dubitare
2779 1753 2883 1793 non
2910 1737 3059 1796 licet,
3084 1730 3215 1803 quin
3240 1740 3388 1783 coss.
3418 1720 3577 1775 Acin-

1997 1812 2144 1920 dynd
2180 1854 2236 1900 ct
2268 1841 2503 1899 Proculo
2555 1834 2881 1904 contigerit:
2918 1829 2970 1884 id
3016 1823 3161 1895 quod
3196 1821 3452 1877 Socrates
3482 1812 3573 1868 lib.

2001 1957 2061 2005 tt,
2091 1954 2143 1993 c.
2170 1937 2227 2000 4,
2259 1940 2514 1999 testatur,
2548 1941 2725 1997 eoque
2755 1919 3087 1980 luculentius
3130 1913 3395 1973 Zonaras,
3448 1919 3582 1959 conc

1998 1995 2363 2086 sentientibus
2409 2024 2463 2078 in
2502 1995 2667 2076 fidem
2721 2026 2931 2084 tempus
2991 2009 3333 2068 Sizomeno,
3398 1995 3582 2053 Philo-

1999 2122 2226 2194 εισι-εἰσ,
2253 2128 2308 2174 et
2369 2114 2597 2184 reliquis
2653 2109 2745 2181 qui
2805 2104 3091 2163 historiam
3156 2114 3277 2155 eam
3334 2097 3580 2150 narrant.

1999 2186 2144 2283 Quin
2165 2213 2329 2269 etiam
2350 2208 2416 2264 de
2452 2217 2664 2269 mense,
2716 2198 2902 2266 Aprile
2933 2195 3215 2254 nimirum,
3269 2186 3467 2259 partim
3515 2197 3583 2236 ex

2001 2275 2317 2362 corumdem
2368 2293 2718 2358 testimoniis,
2780 2289 2975 2361 partim
3024 2301 3090 2340 ex
3131 2281 3254 2336 cod.
3306 2275 3584 2332 Tlieodos.

2004 2398 2042 2456 l.
2064 2411 2120 2452 ιιι
2144 2394 2208 2449 de
2226 2387 2551 2447 dilationib.,
2581 2393 2635 2441 et
2665 2385 2700 2435 I.
2734 2397 2788 2436 ιιι
2818 2382 2880 2435 de
2900 2378 3084 2433 αόυοε.
3113 2371 3282 2431 Ην..
3311 2369 3422 2439 jam
3456 2380 3588 2421 con-

2005 2496 2135 2544 stat.
2166 2485 2342 2540 Abeo
2380 2463 2565 2549 itaque
2628 2486 2872 2543 tempore
2931 2483 3040 2539 quo
3112 2467 3303 2520 fratres
3358 2469 3589 2528 regnare

2005 2571 2618 2648 cmperuntJ’eliciano
2676 2576 2734 2622 et
2793 2562 3011 2618 Titiano
3068 2571 3241 2619 coss.,
3295 2560 3418 2623 post
3480 2558 3591 2603 tres

2007 2674 2120 2728 fere
2168 2665 2466 2737 interregni
2527 2674 2745 2717 menses
2804 2673 2832 2710 a
2880 2652 3052 2725 patris
3104 2658 3316 2709 morte,
3386 2652 3447 2697 ut
3490 2656 3591 2696 suo

2008 2762 2131 2818 loco
2160 2734 2404 2816 notatum
2427 2762 2533 2817 est,
2566 2761 2726 2820 atque
2768 2750 2906 2801 adeo
2939 2745 3085 2798 circa
3137 2736 3418 2809 Septemb.
3470 2734 3593 2803 ejus

2012 2853 2164 2916 anni,
2196 2851 2261 2907 ad
2290 2847 2548 2917 Aprilem
2571 2843 2687 2911 ejus
2731 2854 2887 2907 quem
2918 2833 3233 2891 dicebamus
3279 2825 3594 2884 consulatus

2012 2944 2280 3015 Acindyni
2327 2948 2382 2997 et
2420 2937 2619 2999 Procli,
2671 2931 2950 2990 biennium
3004 2936 3331 2992 mensesque
3386 2928 3591 2987 septem

1936 3047 1981 3105 α
2013 3011 2399 3103 intercedunt;
2433 3048 2499 3089 ac
2518 3030 2714 3085 tertius
2750 3026 2863 3089 ille,
2893 3038 2956 3078 ex
2988 3036 3096 3090 quo
3151 3017 3247 3071 lilii
3327 3011 3597 3069 Constan-

2017 3232 2171 3296 gerat
2203 3196 2744 3291 proindetZosimus,
2794 3206 2887 3279 qui
2930 3204 3287 3259 Constantem
3339 3196 3416 3249 ait
3491 3200 3598 3245 toto

2020 3284 2246 3368 iriennio
2280 3306 2465 3364 fratris
2490 3300 2804 3358 inimicitias
2866 3292 3268 3351 dissimulasse.
3327 3284 3597 3340 Caeterum

2019 3402 2165 3473 quod
2226 3398 2425 3453 dicitur
2478 3389 2869 3448 Constantinus
2905 3387 3063 3457 juxta
3112 3380 3406 3451 Aquileiam
3458 3374 3601 3429 Also:

2021 3492 2277 3555 occisus,
2331 3487 2448 3544 fere
2505 3480 2796 3552 persuadet
2854 3474 3179 3547 cognomine
3239 3470 3403 3524 fuisse
3460 3466 3591 3519 olim

2022 3584 2187 3640 ﬂuvio
2216 3581 2357 3637 Alsa:
2379 3576 2636 3647 oppidum
2662 3591 2676 3628 :
2708 3570 2811 3626 nisi
2835 3569 2880 3624 si
2944 3563 3305 3637 quorumdam
3338 3560 3600 3615 librorum

2023 3680 2202 3734 verior
2252 3672 2537 3736 estlectio,
2580 3667 2733 3731 iuxta
2790 3661 3047 3734 Aquileia!
3114 3657 3327 3711 Alsum:
3386 3660 3601 3706 certum

2024 3777 2110 3824 est
2138 3767 2306 3829 enim,
2334 3762 2716 3817 Victoretcste
2746 3756 2801 3810 in
2852 3754 3119 3824 Epitom.,
3173 3747 3333 3802 occisi
3379 3744 3605 3798 cadauer

2026 3864 2315 3930 projectum
2345 3855 2398 3909 in
2422 3854 2638 3923 fluuium
2695 3849 2780 3903 cui
2806 3860 2995 3900 nomen
3028 3842 3159 3898 Alsa
3188 3850 3289 3903 est,
3317 3853 3418 3892 non
3446 3836 3604 3904 longe

2027 3953 2092 4005 ab
2114 3946 2384 4018 Aquileia.

2096 4014 2211 4097 Col.
2247 4038 2372 4095 £99.
2412 4036 2578 4091 Vario
2608 4038 2809 4088 euentu.
2845 4029 2924 4084 in.
2969 4021 3250 4080 Parmensi
3309 4034 3470 4085 mss.,
3504 4014 3609 4070 ad-

2028 4147 2233 4189 uersum
2264 4128 2486 4184 Gallos:
2516 4127 2646 4182 item
2701 4124 2867 4179 altera
2906 4119 2976 4174 ab
3030 4122 3130 4172 hac
3163 4114 3413 4184 periocha
3470 4108 3611 4162 male

2029 4222 2239 4276 Audens
2268 4233 2370 4290 pro
2434 4215 2702 4297 nudans:
2734 4220 2848 4265 tum
2871 4208 3081 4264 haeresis
3110 4204 3382 4261 Audiana.
3408 4198 3475 4253 ab
3497 4198 3615 4252 Au-

2029 4285 2494 4371 dionimirum,ut
2517 4301 2640 4356 aliis
2670 4298 2890 4354 dicitur.
2928 4294 3062 4349 Vide
3091 4291 3462 4358 Nicephorum
3513 4285 3610 4337 lib.

358 4388 507 4457 ﬁliis,
538 4403 699 4458 quam
738 4403 925 4443 vocem
956 4386 1239 4458 subiungit
1270 4383 1531 4457 Scaliger
1570 4385 1736 4440 verbo
1790 4372 1910 4439 'reli-

2028 4416 2105 4465 ιι,
2137 4413 2187 4455 c.
2227 4398 2316 4452 ﬂ.
2356 4396 2429 4449 De
2463 4390 3120 4457 tememotibus,quorutn
3144 4380 3473 4436 mentionem
3509 4390 3606 4427 au-

357 4491 567 4551 queret.

427 4571 546 4627 Col.
583 4572 707 4627 500.
741 4572 908 4627 Iacob
952 4571 1265 4626 Nisibenus.
1290 4570 1517 4633 Eodem,
1547 4586 1657 4639 quo
1683 4578 1929 4624 mortuus

359 4664 894 4725 estConstantinus,
923 4679 1088 4725 anno,
1123 4664 1271 4718 nulla
1314 4663 1382 4717 de
1420 4663 1707 4717 obsidione
1729 4662 1932 4716 Nisibis

360 4757 562 4826 injecta
592 4756 888 4821 mentione,
911 4756 963 4809 in
987 4754 1265 4809 Chronico
1285 4752 1529 4825 Dionysii
1559 4752 1930 4808 Jacobitarum

361 4848 687 4919 patriarcha
717 4846 954 4901 lacobus
988 4847 1107 4915 ipse
1132 4862 1197 4900 ex
1219 4847 1327 4901 hac
1343 4846 1455 4900 vita
1502 4845 1767 4915 migrasse
1799 4844 1936 4897 dici—

364 4940 674 4993 tur:Amto
723 4939 828 4993 649
879 4937 1240 5006 (Graecorum,
1298 4937 1391 5011 qui
1446 4952 1570 4991 cum
1620 4935 1936 5007 Dionysiam

364 5034 471 5089 528
497 5034 793 5105 concurrit)
823 5034 1041 5088 decessit
1077 5033 1455 5089 Constantinus
1496 5032 1739 5102 Magnus,
1773 5031 1938 5084 diviso

366 5127 503 5181 inter
527 5128 693 5196 ipsius
731 5127 1133 5196 ﬁtiosimperio.
1199 5124 1339 5179 Vicit
1382 5134 1557 5179 autem
1618 5139 1787 5177 annos
1844 5122 1937 5187 65,

370 5221 634 5289 tenuitque
651 5221 925 5286 imperium
967 5235 1137 5272 annos
1175 5218 1263 5274 5'5.
1301 5215 1412 5271 Hoc
1467 5215 1644 5269 eodem
1694 5231 1835 5269 anno
1880 5213 1937 5270 S.

369 5314 603 5369 Jacobus
634 5312 840 5367 Nisibis
867 5313 1136 5383 episcopus
1183 5328 1248 5366 ea:
1300 5312 1395 5365 hoc
1444 5310 1638 5377 steculo
1674 5307 1940 5377 migravit.

374 5406 453 5461 Ita
483 5416 538 5461 e't
583 5405 841 5462 Chronici
911 5403 1172 5459 Edesseni
1244 5413 1458 5467 auctor,
1505 5401 1576 5455 cl.
1624 5399 1946 5455 Assemanio

373 5497 849 5569 interprete,anno
883 5495 987 5550 (iii)
1009 5494 1138 5549 obiit
1172 5493 1230 5549 S.
1283 5492 1516 5547 Iacobus
1582 5489 1788 5545 Nisibis
1834 5491 1943 5557 epi-

378 5607 586 5660 scopus.
627 5591 691 5645 Et
726 5599 901 5657 potest
922 5589 1011 5644 ille
1041 5589 1261 5659 quidem
1282 5600 1457 5642 annus
1490 5601 1615 5640 cum
1645 5585 1751 5639 hoc
1804 5583 1944 5651 ipso,

376 5684 442 5739 sd
468 5701 628 5757 quem
663 5685 831 5741 ret'crt
881 5683 1261 5754 Hieronymus,
1320 5678 1631 5743 convenire,
1669 5677 1712 5731 si
1772 5688 1948 5729 annos

2033 4501 2149 4548 ctor
2164 4487 2460 4551 interserit,
2485 4484 2729 4539 dicemus
2746 4486 2947 4549 quarto
2966 4495 2979 4526 ι
2995 4473 3034 4530 b
3062 4476 3162 4528 hoc
3184 4483 3325 4525 anno
3348 4466 3613 4537 pluribus.

2106 4581 2243 4637 Ibid.
2301 4575 2569 4632 Francia
2600 4571 2911 4628 Constante.
2961 4563 3206 4618 Ascrihit
3271 4574 3421 4614 num.
3469 4556 3614 4609 2337

2041 4672 2307 4736 Scaliger,
2334 4682 2565 4737 eamque
2590 4660 2966 4719 recensionem
2995 4657 3070 4710 ait
3118 4653 3281 4708 unius
3313 4649 3440 4704 anni
3494 4662 3618 4716 pro-

2041 4762 2360 4817 chronismo
2396 4759 2672 4813 laborare.
2709 4752 3018 4807 Pontacena
3052 4747 3165 4799 base
3214 4743 3398 4813 igitur,
3457 4750 3623 4806 atque

2042 4856 2179 4909 adeo
2202 4861 2414 4913 nostra,
2455 4864 2578 4919 quae
2600 4848 2775 4900 altero
2827 4844 2896 4895 ab
2947 4854 3014 4894 eo
3065 4850 3293 4889 numero
3357 4832 3623 4899 assignat,

2045 4952 2235 5014 peccet
2263 4943 2315 4997 in
2342 4938 2674 4996 contrariam
2713 4943 2921 5005 partem
2960 4929 3121 4983 unius
3155 4926 3280 4979 anni
3312 4922 3625 4977 metaebro-

2043 5041 2242 5095 nismo.
2283 5032 2445 5104 Atqui
2502 5031 2639 5086 male
2694 5027 2990 5083 identidem
3024 5018 3463 5075 Abrabatniticos
3493 5026 3622 5069 cum

2044 5130 2438 5199 imperatorum
2471 5120 2633 5176 annis
2666 5117 3007 5185 Scaligerum
3043 5124 3413 5181 comparasse,
3444 5116 3627 5162 osten-

2047 5236 2166 5276 sum
2201 5228 2286 5274 est
2306 5219 2472 5272 alias:
2506 5215 2559 5266 in
2611 5215 2714 5265 hoc
2768 5218 2951 5262 autem
2979 5214 3132 5277 gesm
3182 5203 3361 5256 sciens
3414 5206 3622 5266 peccat;

2050 5326 2226 5381 neque
2255 5311 2401 5364 enim
2432 5303 2575 5375 quod
2611 5312 2760 5356 certo
2785 5299 2989 5354 certius
3023 5304 3129 5360 est,
3167 5291 3425 5347 dililtetur
3483 5287 3628 5342 Con-

2050 5380 2252 5458 stantio
2315 5415 2375 5453 ιιι
2427 5406 2480 5451 et
2539 5394 2840 5450 Constante
2902 5407 2937 5445 tt
2990 5402 3134 5444 coss.
3194 5380 3524 5450 contigisse:
3574 5386 3631 5431 et

2053 5509 2174 5547 eum
2217 5502 2396 5547 tamen
2428 5504 2532 5542 non
2550 5487 2824 5557 quintum,
2877 5492 2937 5537 ut
2981 5493 3167 5535 revera
3223 5484 3327 5537 est,
3380 5480 3629 5540 augustas

2053 5597 2244 5638 eorum
2278 5577 2693 5642 dominationis,
2716 5576 2809 5631 sed
2856 5580 3108 5643 quartum
3150 5579 3351 5619 annum
3408 5576 3631 5615 enume—

2055 5685 2159 5730 rat.
2188 5671 2323 5727 Vide
2355 5670 2632 5726 Socratcm
2677 5669 2771 5723 lib.
2830 5682 2890 5730 ιι,
2933 5663 3018 5727 15,
3076 5668 3129 5712 et
3190 5654 3357 5711 ldacii
3413 5651 3622 5708 Fastos.
