4014 6196
419 238 551 305 1135

1670 248 2078 313 νΑιιΑΗεΙξ
2116 251 2352 316 ΝΟΤᾸΞ.

3520 268 3662 331 1136

409 356 586 414 Julius
622 352 892 412 Fit-unicus
925 353 990 410 de
1041 354 1227 410 Error.
1273 356 1549 425 profanar.
1598 362 1847 431 religion.
1882 364 1977 416 im-
2009 368 2051 419 Α
2151 370 2265 425 Col.
2290 371 2414 428 199.
2440 375 2764 431 Athanasius
2792 378 2863 431 ad
2893 376 3217 433 Constantis.
3246 379 3484 435 Laborat
3512 382 3669 436 bien-

408 458 687 519 peratores
708 449 1004 517 alloquens,
1035 447 1159 503 Post
1212 450 1445 512 excidia,
1504 450 1700 521 inquit,
1760 454 1984 524 templo-

411 556 547 603 rum,
575 540 770 593 vicistis
802 538 971 592 hostes
998 537 1302 609 (Francos).
1323 543 1660 609 propagastis
1681 543 1981 611 imperium,

415 644 464 688 et
501 635 668 687 hieme
729 644 980 686 tumentes
1056 648 1119 685 ac
1176 633 1445 686 sapientes
1503 634 1672 689 undas
1738 638 1982 692 calcastis

415 723 633 785 Oceani,
668 727 717 774 et
755 722 1080 788 insperatam
1144 716 1475 790 imperatoris
1525 726 1714 793 faciem
1777 729 1984 795 expauit

410 814 737 868 Britannus:
763 813 960 882 quibus
981 813 1146 867 trium
1172 829 1438 869 annorum
1465 826 1614 884 gesta
1632 815 1980 872 denotamur.

478 905 618 959 ibid.
672 900 1022 975 Hermogenes
1086 907 1332 976 magister
1389 907 1614 963 militiis.
1688 908 1985 966 Setlitionis

411 997 694 1052 bistm-iam
720 1010 902 1066 repete
931 1014 996 1051 ex
1034 996 1261 1053 Libanio
1304 1000 1357 1054 itt
1394 999 1666 1071 Βασιλιχῷ
1694 1018 1817 1071 pag.
1861 1003 1982 1058 126.

410 1090 676 1145 Convenit
708 1100 761 1143 et
790 1090 941 1159 juxta
973 1089 1211 1143 ldaeium
1243 1099 1494 1160 tempus:
1544 1092 1627 1148 bis
1669 1092 1831 1148 coss.‘
1865 1105 1982 1165 post

412 1182 649 1237 Francos
683 1184 864 1248 victos,
897 1192 1096 1237 tractus
1121 1181 1490 1254 Hermogenes.

485 1277 621 1331 Ibid.
654 1277 944 1330 Antiochia:
976 1274 1328 1331 Dominicum.
1349 1276 1516 1345 Atqui
1559 1279 1835 1349 conceptis
1863 1293 1985 1333 ver-

407 1370 494 1424 bis
530 1368 863 1421 Athanasius
900 1367 1150 1421 laudatus
1192 1368 1358 1421 etiam
1422 1365 1699 1439 Scaligero
1742 1372 1983 1424 enetenia

405 1460 522 1528 ejus
553 1458 764 1530 templi:
807 1459 1039 1530 ὑπατείᾳ
1087 1459 1458 1527 Μαρκελλίνου
1483 1463 1577 1516 καὶ
1628 1462 1859 1533 Πρόδου,
1903 1464 1983 1517 ιν-

406 1548 686 1612 δικτιῶνος
722 1549 782 1601 ιδ’
812 1550 1033 1604 ascribit
1081 1547 1453 1605 :etSoerates
1488 1551 1526 1606 Ι.
1580 1566 1642 1617 tt,
1678 1567 1730 1608 e.
1780 1552 1835 1616 8.
1882 1553 1982 1609 de-

409 1643 646 1707 dicatum
683 1641 914 1696 affirmat
940 1657 1108 1707 anno,
1141 1659 1205 1717 ex
1236 1659 1344 1711 quo
1368 1644 1625 1699 aedificari
1663 1644 1850 1715 ccepit,
1880 1646 1977 1701 de-

409 1734 812 1789 eimo.Vitletur
844 1734 980 1790 adeo
1012 1712 1207 1790 Noster
1235 1736 1288 1789 in
1331 1738 1616 1806 utriusque
1662 1712 1801 1808 ges—ti
1837 1746 1975 1793 tem-
2008 1712 2050 1768 Β

402 1827 629 1897 poribus
652 1827 1039 1893 hallucinatus,
1092 1835 1147 1882 et
1202 1826 1413 1881 initium
1472 1827 1689 1899 quidem
1740 1829 1975 1885 aedifica-

401 1919 569 1973 tionis
600 1917 854 1972 debuisse
915 1932 1060 1972 anno
1102 1915 1449 1972 Constantini
1496 1919 1667 1989 Magni
1714 1920 1973 1976 vicesimo

405 2017 583 2072 sexto,
611 2007 1003 2063 dedicationem
1039 2023 1168 2061 vero
1215 2009 1483 2078 superiori
1525 2009 1653 2066 huic
1706 2013 1972 2079 proxime,

404 2100 705 2155 ascribere.
738 2100 981 2170 Scaliger
1009 2100 1253 2159 eamdem
1301 2100 1471 2157 ferme
1512 2116 1641 2157 rent
1670 2102 1823 2168 dicit,
1877 2104 1971 2159 sed

400 2192 455 2248 in
509 2191 932 2249 Abrabamiticis
980 2193 1225 2249 numeris
1275 2194 1653 2264 comparandis
1708 2196 1775 2252 de
1822 2212 1973 2252 more

398 2283 622 2339 fallitur.

470 2376 605 2431 Ibid.
639 2372 982 2431 Macedonius
1018 2377 1146 2430 artis
1182 2375 1479 2445 plumarite.
1526 2375 1644 2432 Non
1678 2386 1826 2432 caret
1858 2379 1970 2434 veri

394 2470 599 2540 specie,
630 2468 989 2540 Hieronymo,
1025 2483 1146 2522 eum
1200 2468 1316 2524 hare
1338 2484 1402 2523 ex
1459 2479 1679 2523 auctore
1718 2471 1968 2539 quopiant

394 2562 586 2617 Graeco
641 2560 899 2627 dictaret,
961 2559 1219 2629 aliudque
1263 2568 1470 2627 ageret,
1527 2560 1711 2618 fucum
1773 2562 1971 2618 fecisse

397 2653 623 2709 verbum
649 2650 1074 2719 ποικιλότεῇινος.
1111 2660 1205 2704 aut
1244 2652 1373 2721 quid
1426 2651 1601 2706 simile
1643 2652 1773 2723 (quo
1816 2653 1971 2719 vafer

396 2753 451 2801 et
479 2745 686 2800 callidae
738 2743 935 2800 mentis
984 2744 1147 2799 homo
1182 2743 1527 2799 Macedonius
1550 2744 1872 2817 dicebatur),
1909 2754 1970 2801 ut

397 2836 530 2893 illud
554 2851 651 2907 pro
673 2835 1014 2905 ποικιλτικῆς
1046 2835 1262 2906 τέχνης,
1320 2835 1372 2890 id
1433 2846 1518 2891 est
1566 2839 1698 2890 artis
1752 2837 1969 2906 pluma-

398 2931 517 2991 rite,
564 2929 861 2997 acceperit.
927 2925 1044 2981 Non
1091 2936 1269 2982 tamen
1335 2929 1688 2997 pronuntiare
1748 2928 1802 2984 id
1843 2940 1968 2984 cum

400 3019 675 3089 Scaligero
705 3018 901 3082 ausim,
929 3019 1022 3089 qui
1048 3018 1164 3073 sine
1213 3019 1374 3074 dubio
1432 3020 1538 3077 tale
1591 3019 1723 3091 quid
1772 3034 1833 3078 ss

398 3110 730 3182 Hieronymo
761 3110 1112 3181 imposuisse.

471 3202 593 3259 Col.
647 3202 772 3259 500.
811 3201 1015 3256 Paulus
1067 3202 1378 3257 crudelitate
1429 3201 1682 3273 Philippi.
1741 3203 1976 3273 Tempus

402 3294 722 3362 convenire,
753 3286 932 3350 disces
968 3294 1036 3350 ab
1062 3295 1365 3351 Athanasio
1396 3295 1561 3366 epist.
1615 3296 1682 3352 ad
1732 3296 1974 3362 Solium,

405 3388 494 3443 ubi
522 3402 645 3444 eum
677 3426 697 3456 ,
747 3390 979 3443 nondum
1040 3398 1264 3443 uertente
1290 3405 1450 3455 anno,
1511 3388 1833 3460 praefectura
1877 3404 1975 3445 sua

405 3494 600 3551 magna
652 3496 775 3537 cum
844 3480 1145 3551 ignominia
1193 3481 1485 3553 spoliatum
1538 3492 1747 3546 narrat,
1811 3490 1978 3550 atque

410 3569 523 3639 jam
550 3570 821 3641 privatum
846 3584 910 3624 ac
934 3570 1172 3638 ludibrio
1200 3569 1466 3636 habitum,
1500 3570 1704 3640 ingenti
1743 3586 1980 3627 maerore

409 3660 551 3716 diem
574 3660 797 3717 abiisse.
825 3661 975 3717 Adde
1006 3646 1399 3716 Gothofredum
1418 3660 1472 3715 in
1506 3659 1977 3733 ProsopOgraphia

399 3753 523 3810 cod.
554 3749 941 3808 Theodosiani.

473 3842 592 3898 Col.
626 3842 754 3899 499.
785 3840 1057 3896 Maximus
1103 3841 1440 3898 Trevirorum
1495 3844 1787 3914 episcOpus.
1842 3843 1981 3901 Male

405 3931 460 3986 in
492 3930 773 3987 Parmensi
823 3945 931 3984 ms.
988 3929 1343 3985 Maximianus
1389 3930 1712 4001 appellatur.
1765 3929 1979 3990 Videsis

356 4023 373 4095 μ
403 4023 690 4095 ipsiustnet
717 4019 998 4076 Athanasii
1027 4020 1343 4090 Apologiam
1375 4036 1431 4075 ll.

354 4102 387 4175 ἦ
475 4111 613 4166 ibid.
654 4108 999 4166 Neocmarea
1055 4111 1112 4165 iu
1155 4109 1345 4167 Ponto.
1385 4112 1542 4168 Falso
1591 4113 1645 4169 in
1698 4113 1980 4171 Parmensi

404 4220 508 4260 ms.
543 4203 743 4263 dicitur
791 4202 1141 4260 Dioca'sareo.
1197 4205 1668 4262 Verosimillimum
1707 4215 1810 4274 est,
1837 4209 1979 4279 quod

412 4295 655 4364 Scaliger
709 4296 979 4366 conjecit,
1034 4295 1282 4353 hausisse
1329 4297 1445 4353 haec
1471 4296 1864 4370 Hieronymum
1914 4315 1979 4354 ex

406 4385 593 4441 (ἴηνα)
621 4394 864 4449 auctore,
885 4388 1025 4453 apud
1069 4401 1228 4455 quem
1264 4386 1426 4441 fuerit
1480 4388 1651 4458 χωρὶς
1705 4388 1805 4459 τῆς
1851 4388 1976 4442 Ἐκ·
2010 4404 2055 4459 ι)

405 4475 656 4547 κλησίας,
680 4477 779 4528 καὶ
816 4477 909 4529 τοῦ
942 4477 1264 4540 ἐπισκόπου,
1320 4476 1418 4530 καὶ
1455 4476 1565 4530 τῶν
1592 4479 1743 4532 tusi:
1787 4478 1981 4532 lectum

412 4579 592 4624 autem
627 4570 695 4621 ab
727 4584 792 4622 eo
821 4568 1123 4621 ἐπισκόπου
1150 4584 1246 4636 pro
1278 4568 1418 4639 πλὴν
1475 4569 1597 4638 τῆς.
1654 4568 1813 4624 Certe
1865 4571 1983 4640 qui-

409 4658 529 4711 dem
563 4655 849 4724 Cedrenus
895 4670 959 4711 eo
999 4671 1159 4712 sensu
1205 4655 1345 4726 πλὴν
1405 4656 1499 4709 τοῦ
1555 4658 1854 4712 ἐπισκόπου
1903 4659 1986 4713 di-

406 4750 506 4815 xit,
540 4757 593 4805 et
627 4765 813 4806 casum
860 4749 1099 4804 huicmet
1151 4764 1295 4804 anno
1351 4746 1660 4806 Constantii
1729 4751 1977 4821 illigavit.

408 4842 674 4897 Caeterum
739 4842 895 4897 multi
960 4858 1058 4911 per
1102 4850 1163 4896 ea
1231 4851 1475 4912 tempora
1534 4850 1870 4899 terraantotus
1929 4845 1980 4897 in

422 4931 644 4990 Oiiente
685 4934 1051 5002 contigerunt,
1106 4935 1174 4990 de
1213 4934 1410 5002 quibus
1454 4934 1678 4990 Orosius
1729 4935 1826 4989 lib.
1885 4951 1978 5000 vn,

416 5023 476 5079 S.
511 5023 656 5095 Grrg
707 5023 1079 5080 Nazianzenus
1109 5026 1353 5081 carmine
1383 5029 1447 5081 de
1493 5026 1656 5081 rebus
1702 5028 1835 5091 suis,
1878 5026 1978 5083 So-

420 5126 599 5171 crates
632 5116 730 5171 lib.
764 5131 823 5182 ιι,
857 5115 1188 5172 Soznmcnus
1212 5133 1292 5182 tu,
1316 5130 1479 5186 atque
1501 5117 1613 5173 alii.
1646 5116 1979 5175 Refer-cadus

412 5209 517 5261 huc
545 5222 658 5277 pra:
687 5206 897 5262 caeteris
932 5206 1288 5276 Theophanes
1320 5224 1372 5279 p.
1416 5210 1500 5265 tl.

478 5298 595 5354 Col.
629 5298 753 5354 500.
788 5297 1031 5353 Titianus
1078 5301 1155 5352 vir
1201 5301 1677 5370 eloquentissimus.
1713 5300 1971 5367 Isidorus,

411 5391 503 5446 lib.
535 5407 594 5458 tt,
629 5406 679 5447 c.
718 5391 741 5445 1
771 5407 787 5448 :
812 5391 1045 5446 Titianus
1066 5401 1113 5444 et
1143 5391 1359 5460 Calvus,
1396 5396 1486 5465 qui
1520 5395 1748 5449 themata
1773 5395 1833 5447 de
1870 5392 1984 5448 Vir-

408 5477 538 5551 gilio
570 5481 882 5540 elicuerunt.
917 5488 965 5535 et
989 5478 1417 5550 deformaverunt
1441 5485 1513 5538 ad
1567 5484 1772 5551 dicendi
1802 5498 1977 5539 usum.

409 5571 608 5711 genter
639 5572 1026 5636 Gothofredum
1059 5575 1112 5632 in
1143 5575 1613 5650 Prosopographia
1644 5579 1765 5635 cod.
1802 5578 1980 5634 Theo-

452 5659 640 5711 ostani.

452 5659 640 5715 osiani.

2089 462 2164 515 nii
2188 465 2604 531 prochronismo
2624 466 2893 537 Scaliger,
2923 471 3013 539 qui
3037 471 3406 539 Augustorum
3429 472 3668 527 fratrum

2087 563 2281 609 octavo
2312 571 2452 610 anno
2488 558 2650 624 hanc,
2693 570 2823 615 utet
2848 563 3264 632 subsequentem
3312 565 3658 633 periocham,

2045 662 2053 673 ι
2088 642 2279 711 illigat.
2306 643 2486 702 Testis
2511 649 2656 702 omni
2688 652 3011 719 exceptione
3053 655 3225 723 major
3262 652 3499 708 Historia
3535 670 3667 709 ace—

2089 733 2273 802 pbala,
2300 748 2449 803 gesta
2490 740 2832 808 potissimum
2863 743 3149 798 Athanasii
3204 747 3520 809 continens,
3563 762 3667 800 nu-

2087 839 2183 894 per
2219 840 2282 879 ex
2307 829 2688 898 antiquissimo
2716 831 3046 889 Veronensis
3076 834 3327 891 Ecclesia!
3364 853 3469 891 tns.
3493 838 3665 902 edita,

2087 917 2336 986 notisque
2364 920 2804 978 illustrata‘inter
2851 923 3252 980 Observationes
3316 926 3661 991 Litterarias,

2088 1020 2219 1063 tom.
2258 1008 2347 1077 Ill,
2375 1013 2443 1066 ab
2480 1029 2545 1067 eo
2572 1015 2662 1084 qui
2690 1017 2764 1069 rei
2794 1017 3072 1073 litterariae
3092 1018 3317 1088 gloriam
3351 1037 3490 1074 unus
3518 1022 3663 1090 apud

2087 1114 2183 1155 nos
2207 1102 2458 1168 sustinet,
2489 1104 2689 1173 March.
2718 1105 2975 1175 Scipione
3028 1107 3263 1166 Malieio.
3312 1108 3538 1177 Scripsit
3558 1127 3665 1162 au—

2086 1201 2186 1244 tem
2219 1192 2404 1262 (verba
2432 1195 2549 1264 ejus
2575 1196 2821 1252 Historia
2851 1199 2998 1266 sunt)
3048 1200 3335 1268 imperator
3390 1199 3665 1254 Constan-

2088 1283 2227 1336 tinus
2289 1286 2353 1339 de
2399 1286 2571 1340 reditu
2630 1290 3059 1355 Athanasii,.et
3123 1292 3260 1344 inter
3323 1291 3663 1360 imperatoris

2084 1376 2333 1442 epistolas
2365 1377 2475 1432 haec
2504 1396 2705 1446 quoque
2748 1381 2986 1435 habetur.
3012 1380 3084 1435 Et
3137 1384 3333 1453 factum
3385 1394 3484 1447 est,
3540 1391 3667 1451 post

2086 1465 2326 1535 Gregorii
2370 1479 2587 1524 mortem
2652 1470 2974 1527 Athanasius
3007 1470 3081 1544 [Γς
3128 1473 3397 1545 expulsus]
3458 1484 3540 1528 est
3595 1491 3667 1529 ex

2085 1561 2209 1612 urbe
2236 1558 2424 1624 Roma,
2453 1570 2501 1614 et
2538 1562 2779 1627 partibus
2805 1563 3002 1628 Italiw,
3048 1574 3099 1619 et
3140 1567 3402 1637 ingressus
3425 1575 3503 1622 est
3531 1567 3668 1621 Ale-

2082 1651 2394 1716 xandriam,
2431 1651 2674 1722 Phaophi
2736 1669 2884 1717 utr,
2917 1656 3218 1710 consulibus
3273 1656 3576 1711 Constantia
3606 1674 3666 1711 tv

2081 1752 2128 1797 et
2150 1741 2437 1798 Constante
2459 1761 2538 1803 tu.
2564 1745 2889 1814 Designatur
2908 1747 3114 1803 mensis
3155 1747 3345 1803 Octob.
3395 1747 3516 1803 dies
3562 1748 3660 1813 2!,

2080 1852 2210 1892 ann.
2239 1837 2440 1894 Christi
2479 1838 2844 1910 Dionysianus
2886 1839 3015 1904 346,
3041 1840 3094 1894 in
3141 1841 3285 1909 quad
3323 1850 3539 1912 tempus
3566 1842 3666 1897 de-

2081 1929 2257 1982 cimus
2293 1928 2503 1998 imperii
2537 1928 2841 1985 Constantii
2867 1939 2916 1985 et
2969 1931 3297 1988 Constantis
3329 1948 3508 1988 anuus
3531 1946 3665 1991 ante

2080 2019 2216 2076 duos
2242 2020 2354 2076 fere
2376 2037 2590 2078 menses
2610 2023 2895 2079 inchoatus
2913 2023 3161 2080 incurrit.

2149 2140 2266 2194 Col.
2303 2141 2426 2197 500.
2496 2141 2852 2213 Dyrrachium
2930 2148 3150 2200 corruit.
3197 2146 3473 2218 Superiori
3532 2168 3664 2222 pro-

2079 2231 2222 2286 xime
2273 2248 2402 2288 ann.
2477 2234 2556 2304 τῷ
2588 2234 2632 2287 θ’
2689 2236 2991 2291 Constantii
3051 2239 3339 2306 assignat,
3402 2241 3663 2298 laudatus

2079 2324 2243 2379 etiam
2279 2323 2556 2394 Sealigero
2616 2321 2915 2395 Cedrenus,
2946 2328 3171 2396 quiltaec
3218 2330 3409 2387 iisdem
3472 2334 3663 2391 verbis

2080 2416 2478 2483 refertGratce,
2505 2418 2705 2488 quibus
2756 2418 3118 2492 Hieronymus
3162 2422 3373 2479 Latine;
3423 2423 3532 2481 Sed
3559 2443 3662 2497 par

2078 2509 2207 2565 cred
2220 2525 2313 2566 ere
2330 2519 2432 2573 est,
2469 2511 2887 2582 Dyrrhachium,
2912 2525 2966 2569 et
2990 2513 3238 2577 Romam,
3268 2526 3323 2570 et
3341 2515 3660 2587 Campania:

2078 2604 2248 2657 urbes
2275 2618 2383 2658 non
2420 2603 2610 2658 eodem
2663 2604 2821 2673 plane
2857 2615 3106 2674 tempore
3148 2615 3460 2662 tetrmmom
3490 2624 3658 2678 quas-

2075 2702 2263 2751 satas:
2293 2709 2412 2763 quae
2442 2710 2566 2750 cum
2596 2694 2759 2750 simul
2809 2697 3360 2766 comprehenduntur,
3421 2708 3660 2768 possunt

2077 2787 2146 2842 ad
2174 2787 2461 2857 utriusque
2482 2788 2610 2842 anni
2643 2796 2850 2855 partem
2873 2787 3224 2867 pertinuisse.

2152 2881 2268 2938 Col.
2315 2880 2441 2936 499.
2469 2879 2680 2951 Magnis
2706 2881 2779 2936 rei
2824 2876 3047 2950 publica
3073 2884 3328 2952 expensis.
3348 2883 3525 2952 Atque
3540 2883 3662 2958 'ltoc

2080 2980 2293 3043 gestum
2340 2969 2580 3037 Scaliger
2630 2986 2774 3026 nono
2834 2974 3062 3027 ascribit
3125 2988 3270 3028 anno
3321 2973 3658 3039 Constantii,

1837 3030 1968 3077 sem
2000 3057 2044 3116 C
2079 3030 2179 3121 nec
2210 3073 2386 3120 tamen
2421 3030 2677 3120 dillitetur
2706 3063 2894 3120 referri
2919 3080 2949 3118 a
2983 3064 3235 3121 Cedreno
3253 3064 3323 3121 ad
3343 3030 3659 3126 ἀεσίηιυωξ

2079 3158 2220 3225 quod
2245 3168 2298 3213 et
2324 3159 2392 3210 ah
2416 3153 2749 3228 Hieronymo
2778 3156 3081 3227 praestitum
3138 3164 3241 3219 est,
3265 3166 3321 3211 et
3368 3161 3499 3212 ve‘ro
3524 3172 3660 3227 pro-

2077 3247 2201 3317 pius
2240 3246 2474 3301 videtur.
2518 3244 2731 3319 Confer
2782 3244 3457 3302 orationemtlulianiad
3507 3244 3664 3303 Con-

2078 3338 2364 3401 stantium,
2389 3347 2444 3392 et
2467 3336 2679 3392 Libanii
2718 3345 2861 3392 orat.
2887 3352 3006 3393 xm.
3492 3336 3495 3337 ⁷

2147 3449 2264 3504 Col.
2297 3447 2424 3504 500.
2458 3448 2684 3503 Rursum
2726 3449 2899 3520 Sapor
2925 3451 3092 3505 tribus
3146 3452 3434 3507 mensibus.
3459 3451 3659 3511 Consi-

2079 3548 2248 3609 gnant
2294 3540 2520 3596 omnino
2548 3539 2752 3596 rectius
2814 3540 3087 3597 Nisibena
3129 3542 3296 3612 huius
3349 3544 3659 3603 obsidionis

2085 3638 2298 3696 tempus
2326 3626 2606 3685 Cedrenus
2630 3625 2708 3697 τῷ
2757 3625 2826 3697 ιγ
2873 3628 3010 3691 ἔτει.
3057 3629 3260 3684 decimo
3307 3631 3464 3686 tertio
3508 3629 3658 3686 Con-

2085 3719 2479 3774 stantiianno:
2510 3726 2565 3774 et
2625 3717 2717 3789 qui
2767 3720 3021 3775 euntdem
3067 3721 3352 3776 consulatu
3403 3722 3654 3786 denotat,

2078 3818 2268 3866 auctor
2284 3809 2563 3866 Paschalis
2587 3809 2870 3879 Chroniei,
2886 3810 3068 3884 Sergio
3096 3822 3145 3866 et
3176 3810 3498 3882 Nigriniano
3518 3832 3655 3870 coss.

2081 3903 2279 3958 Eadem
2310 3912 2468 3960 antea
2500 3903 2637 3958 ratio
2668 3903 2844 3959 fuerat
2891 3902 3095 3960 Iuliani
3133 3908 3330 3976 imper.
3385 3916 3527 3961 orat.
3559 3920 3657 3960 tet

2080 4012 2138 4067 tt,
2178 3997 2377 4067 quibus
2424 3997 2557 4051 locis
2599 3998 2764 4051 tradit
2823 3997 3091 4067 irrupisse
3148 4007 3278 4052 tunc
3344 3998 3542 4054 Persas
3597 3998 3654 4054 in

2080 4089 2546 4157 Mesopotamiam.
2571 4099 2626 4145 et
2650 4076 2858 4145 Nisibin
2919 4089 3223 4155 obsedisse,
3273 4107 3396 4145 cum
3441 4093 3660 4145 scirent

2083 4176 2463 4233 Constantium
2543 4179 2594 4232 in
2643 4177 2991 4233 Occidentem
3056 4181 3318 4235 adversus
3388 4191 3656 4247 tyrannos

2082 4265 2409 4337 profectum.
2450 4266 2555 4322 Sed
2607 4279 2662 4323 et
2717 4268 3016 4324 Themistio
3069 4280 3209 4327 orat.
3262 4287 3354 4324 xiv
3403 4271 3653 4337 Zonara,

2085 4335 2361 4428 atque.alii
2388 4360 2576 4415 eadem
2603 4360 2862 4429 temporis
2888 4362 3091 4415 notatio
3143 4371 3264 4428 est;
3298 4377 3476 4432 neque
3521 4379 3658 4419 sane

2083 4451 2267 4516 video,
2294 4452 2396 4505 nisi
2426 4451 2471 4506 si
2500 4450 2847 4506 librariorum
2893 4467 2955 4506 ea
2993 4443 3150 4523 culpa
3196 4453 3513 4533 fueritnqno
3559 4469 3657 4522 pa-

2085 4550 2173 4597 cto
2203 4542 2570 4613 Hieronymus
2608 4545 2675 4596 ah
2745 4543 2910 4598 unius
2951 4543 3142 4598 saltem
3195 4544 3323 4598 anni
3387 4545 3659 4613 prochro-

2085 4636 2265 4689 nismo
2289 4633 2539 4689 excusari
2572 4641 2757 4702 queat.
2787 4633 3026 4702 Scaliger
3083 4643 3259 4689 tamen
3309 4648 3375 4687 eo
3435 4636 3658 4703 gravius

2084 4737 2288 4796 peccat,
2320 4726 2411 4795 qui
2449 4726 2515 4781 ad
2572 4726 2987 4795 praecedentem.
3022 4724 3329 4781 Constantii
3375 4726 3654 4780 decimum

2083 4817 2248 4872 refert
2306 4832 2322 4870 :
2390 4825 2619 4884 peccant
2707 4824 2761 4870 et
2837 4827 3047 4871 veteres
3124 4816 3369 4886 plerique
3461 4833 3657 4873 omnes

2082 4909 2204 4964 libri
2238 4909 2390 4971 editi,
2436 4919 2548 4962 tum
2595 4924 2750 4970 tuss.,
2793 4907 2886 4978 qui
2944 4923 3142 4962 annum
3188 4908 3275 4965 bis
3333 4919 3658 4974 comparant

2085 5002 2296 5057 Domini
2324 5001 2452 5055 530.
2511 5000 2621 5054 Etsi
2672 5000 2815 5054 enim
2885 4998 2971 5053 hic
3020 5014 3208 5053 revera
3255 5014 3432 5053 annus
3486 4997 3656 5053 fuerit

2076 5094 2231 5165 juxta
2268 5091 2507 5161 Dionysii
2565 5098 2900 5154 computum,
2959 5103 3067 5140 non
3106 5096 3220 5140 erat
3270 5098 3449 5141 tamen
3492 5088 3652 5158 juxta

2082 5194 2357 5241 auctorem
2382 5190 2648 5245 nostrum,
2679 5179 2809 5234 licet
2849 5194 3023 5248 neque
3044 5178 3185 5250 ejus,
3212 5194 3384 5247 neque
3429 5178 3653 5233 Eusebii

2015 5291 2032 5307 ⁸
2080 5292 2201 5332 esse
2224 5275 2541 5330 Iatereulnm
2568 5274 2753 5328 istutn.
2789 5285 2929 5337 saape
2985 5269 3316 5325 monuimus.
3357 5269 3464 5324 Pro
3485 5270 3653 5323 tribus

2084 5369 2367 5428 mensibus.
2393 5366 2589 5434 quibus
2623 5364 2699 5418 ait
2758 5361 3116 5433 Hieronymus
3172 5361 3511 5416 obsidionem
3549 5359 3653 5413 du-

2082 5476 2252 5525 rasse,
2276 5457 2591 5527 Vologesius
2611 5464 2743 5510 tunc
2780 5454 3071 5510 Nisibenus
3124 5455 3432 5524 episcopus,
3499 5451 3654 5506 testis

2083 5552 2380 5620 αὐτόπτης,
2408 5552 2609 5602 centum
2636 5548 2741 5601 dies
2766 5554 3034 5601 numerat.

2154 5664 2285 5719 Coll.
2321 5662 2438 5718 499.
2479 5658 2732 5715 Eusebius
2750 5661 3038 5731 episcapus.
3078 5657 3312 5715 Verbum
3358 5657 3643 5732 episcopus.
