4014 6196
390 397 522 463 113ῗ

1639 399 2048 462 VALLARSII
2090 400 2330 463 ΝΟΤίΕ.

3498 410 3640 473 1138
3698 442 3701 451 ·

387 510 531 579 quod
605 510 1040 580 desiderabatur,
1090 529 1156 569 ex
1220 526 1323 567 ms.
1378 511 1679 580 Parmensi,
1737 513 1966 585 aliisque
1996 515 2038 569 A
2135 510 2253 567 Col.
2287 511 2408 566 502.
2434 510 2668 568 Liberius
2696 496 2986 588 episcopus.
3014 508 3361 576 Marcellinus
3400 535 3462 574 ac
3490 520 3637 576 Fau-

388 601 562 669 lihris,
601 602 930 660 suilecimus.

369 763 373 767 _
454 694 588 750 lhid.
636 695 776 752 Solis
837 698 981 767 facta
1021 699 1256 770 defectio.
1312 699 1458 755 Nihil
1503 710 1588 756 est
1640 700 1953 770 bujusmodi

385 787 681 842 cmlestium
734 789 1109 845 characterum
1178 791 1494 857 notatione,
1549 808 1672 863 quae
1740 795 1956 849 caeteris

381 880 613 937 certiora
652 880 907 936 omnibus
958 897 1081 938 esse
1134 884 1450 939 debuissent
1499 884 1640 940 inter
1684 895 1954 951 auctores,

380 981 591 1028 veteres
612 987 767 1043 aeque
819 988 881 1028 ac
928 974 1286 1040 recentiores,
1322 977 1493 1045 magis
1519 985 1954 1032 controversum.

379 1061 661 1121 Cedrenus
698 1078 839 1119 anno
878 1065 1105 1129 ascribit
1153 1066 1466 1122 Constantii
1524 1068 1753 1123 decimo.
1811 1068 1955 1122 Con-

380 1154 543 1211 sentit
573 1154 621 1209 ei
649 1155 910 1226 Scaliger,
947 1156 1038 1226 qui
1070 1159 1244 1213 visam
1307 1161 1383 1213 ait
1434 1174 1555 1216 esse
1593 1158 1953 1216 defectionem

380 1246 523 1301 illam
547 1245 1015 1318 Constantinopoli
1065 1249 1197 1305 hora
1231 1252 1388 1306 tertia
1454 1252 1745 1316 matutina,
1801 1252 1951 1308 Junii

380 1348 551 1401 sexta,
583 1352 727 1392 anno
756 1338 958 1393 Christi
994 1340 1328 1411 Dionysiano
1359 1343 1488 1408 546,
1518 1359 1749 1400 numero
1786 1344 1950 1412 2562,

380 1439 570 1497 epacta
600 1437 708 1483 tam
733 1431 1006 1499 aequabili,
1038 1448 1202 1502 quam
1270 1436 1530 1505 castigata
1554 1436 1647 1499 2|,
1680 1452 1799 1507 quae
1828 1453 1953 1509 pro-

382 1518 523 1573 iecto
553 1531 638 1574 est
676 1521 900 1590 regione
928 1522 1033 1579 diei
1062 1524 1095 1578 6
1135 1524 1305 1582 Junii.
1368 1526 1752 1594 Praetermitto,
1812 1532 1952 1600 quod

403 1608 505 1663 nde
531 1612 808 1682 arguitde
874 1615 1038 1669 unius
1065 1617 1194 1670 anni
1259 1617 1719 1674 metacbronismo
1768 1618 1957 1675 Hiero-

399 1715 622 1769 nymum,
653 1702 809 1772 cujus
834 1703 1058 1760 minime
1105 1707 1345 1762 rationes
1401 1708 1691 1764 intellexit.
1744 1707 1957 1778 Quippe

415 1795 512 1858 ult,
565 1808 690 1849 cum
740 1794 911 1850 fuisse
970 1798 1038 1851 ab
1084 1813 1175 1853 an.
1216 1799 1321 1855 358
1373 1799 1698 1870 Dionysiano
1737 1801 1950 1856 initium

376 1883 685 1938 Constantii
740 1885 1079 1954 auspicatum
1132 1903 1147 1940 :

383 1973 508 2029 Ilaii
540 1979 901 2047 pra'ccdentis
925 1978 1027 2033 557
1073 1989 1357 2049 repetere;
1407 1990 1699 2054 utrumque
1738 1983 1952 2054 longius

379 2080 408 2119 a
436 2080 585 2131 vero,
619 2077 680 2123 ut
705 2086 771 2124 ex
801 2068 887 2125 his
917 2085 1042 2141 quae
1093 2075 1348 2141 superius
1397 2075 1513 2130 suis
1565 2075 1702 2130 locis
1774 2090 1949 2130 anno-

378 2167 489 2214 tata
529 2171 682 2226 sunt,
728 2162 915 2230 liquet.
968 2164 1138 2219 Porro
1193 2164 1555 2235 Theophanes
1591 2170 1953 2241 subsequenti

378 2264 523 2308 anno
568 2250 770 2308 Christi
802 2255 1130 2333 Dionysiano
1170 2259 1296 2322 347,
1321 2268 1375 2314 et
1400 2262 1752 2331 perspicuum
1776 2272 1860 2318 est
1885 2276 1949 2317 es

379 2356 588 2409 rerum,
623 2360 761 2415 quas
787 2357 995 2413 narrat,
1032 2357 1313 2415 contextu,
1371 2352 1599 2422 eclipsin
1647 2369 1768 2409 eam
1808 2357 1951 2410 assi—

378 2443 528 2505 gnat.
566 2434 832 2493 Probatur
860 2441 1025 2496 etiam
1061 2441 1306 2509 Petavio,
1359 2447 1424 2500 de
1453 2444 1604 2501 Doct.
1642 2455 1810 2516 temp.
1853 2447 1954 2502 lib.

377 2539 456 2592 xi,
481 2525 571 2594 qui
603 2525 721 2595 ejus
747 2544 965 2599 quoque
1007 2533 1133 2587 anni
1186 2533 1275 2588 die
1332 2532 1587 2589 Octobris
1653 2535 1725 2589 ‘20
1777 2534 1948 2591 solem

379 2617 968 2699 eontenditdefecisse.
1023 2620 1127 2677 Sed
1156 2623 1299 2692 quod
1351 2624 1483 2679 facit
1540 2624 1650 2690 ille,
1683 2623 1956 2680 Nisibenus

379 2705 680 2764 obsidionis
738 2719 950 2781 tempus
1010 2714 1260 2783 proxime
1309 2716 1696 2785 praecessisse,
1752 2717 1955 2774 indicis

377 2807 460 2852 est
490 2800 556 2869 (si
588 2814 707 2868 quae
738 2802 943 2858 dudum
977 2805 1042 2860 de
1061 2806 1182 2875 ejus
1199 2807 1499 2864 obsidionis
1518 2822 1665 2863 anno
1692 2808 1952 2877 diximus,

378 2890 732 2961 persuadent)
792 2895 952 2949 aliam
1025 2895 1193 2951 fuisse
1249 2897 1483 2953 solarem
1564 2897 1957 2965 defeetionem,

378 2998 499 3051 quae
529 2983 595 3037 ad
618 2983 669 3038 id
701 2986 963 3055 temporis
987 2988 1322 3056 pertineret:
1374 2988 1532 3045 facile
1558 2998 1738 3045 autem
1772 3005 1956 3045 rerum

378 3076 734 3131 similitudine
756 3078 1016 3146 deceptos
1050 3088 1301 3136 auctores
1327 3096 1472 3139 esse.

2058 600 2236 656 stinus
2283 602 2583 672 presbyteri
2632 603 2686 657 in
2722 606 2931 675 praefat.
2956 622 3180 676 precum
3214 626 3227 661 :
3267 604 3346 662 Eo
3385 607 3472 661 die
3500 650 3514 673 ,
3547 608 3637 662 in-
3674 642 3679 646 ι

2057 692 2273 763 quiunt,
2291 708 2390 762 quo
2418 691 2657 748 Liberius
2680 696 2748 749 ad
2767 698 3007 751 exsilium
3028 698 3480 767 proﬁciscebatur,
3523 695 3636 751 cle-

2058 802 2149 839 rus
2180 788 2371 853 omnis,
2407 787 2462 840 id
2504 796 2577 841 est
2605 789 2927 859 presbyteri,
2959 799 3009 845 et
3040 792 3442 845 archidiaconus
3479 788 3636 845 Felix

2058 878 2135 947 (in
2177 879 2295 947 ejus
2326 879 2505 932 locum
2528 879 2817 953 introsus),
2841 892 2890 938 et
2914 884 3025 950 ipse
3062 883 3325 938 Damasus
3350 884 3631 949 diaconus,

2057 977 2301 1024 etcuncta
2326 968 2573 1023 Ecclesiae
2599 970 2784 1039 oﬂicia,
2806 972 2983 1027 amnes
3013 974 3233 1039 pariter,
3262 980 3514 1043 prccsente
3537 990 3636 1044 po-

2056 1061 2459 1131 pulo‘Romano,
2481 1066 2574 1119 sub
2595 1052 2939 1135 jurejurando
2958 1067 3320 1136 ﬁrmaverunt,
3346 1086 3421 1134 se,
3438 1071 3665 1123 vivente»

2060 1154 2294 1220 Liberio,
2335 1158 2893 1230 pontiﬁcem'alterum
2925 1159 3228 1214 nullatenus
3256 1160 3557 1214 habituros.

2127 1248 2402 1305 (101.50].
2452 1249 2701 1307 Romanis
2747 1252 3068 1308 Ecclesiae...
3100 1253 3153 1307 in
3185 1252 3480 1308 Iucreticam
3513 1268 3638 1319 pra-

2055 1342 2293 1397 uitatem.
2329 1342 2516 1397 Fidem
2545 1342 2788 1413 suscepit
2815 1342 3004 1399 Sirmii
3036 1334 3342 1410 tractatam,
3381 1351 3435 1398 et
3465 1357 3496 1396 a
3526 1339 3630 1396 De-

2056 1435 2298 1506 nmphilo
2324 1435 2427 1491 sibi
2465 1436 2791 1506 expositam,
2839 1451 3002 1505 quam
3058 1436 3283 1490 minime
3317 1434 3636 1489 haereticam

2056 1521 2251 1591 fuisse,
2284 1525 2537 1593 equidem
2574 1512 2756 1581 malim
2813 1542 2937 1581 cum
2970 1526 3309 1582 doctissimis
3350 1524 3482 1580 viris
3509 1523 3635 1578 esi-

2055 1617 2297 1672 stimare.
2330 1616 2433 1673 Sed
2471 1618 2589 1674 haec
2618 1617 2819 1674 obiter.

2126 1706 2228 1772 ld.,
2256 1706 2435 1762 ibid...
2468 1705 2690 1761 Romam
2733 1708 2887 1778 quasi
2933 1707 3124 1762 victor.
3165 1704 3333 1761 Addit
3392 1702 3637 1774 Scaliger

2057 1813 2121 1853 ex
2179 1815 2287 1854 uno
2333 1798 2705 1870 Bongarsiano
2755 1799 3075 1870 exemplari,
3150 1797 3531 1869 grandioribus
3579 1796 3634 1851 in

1207 1889 1462 1945 debuisse
1512 1862 1700 1945 autem
1760 1906 1794 1945 a
1861 1892 1935 1945 22
1983 1862 2025 1918 Β
2056 1890 2235 1945 medio
2264 1862 2484 1957 litteris:
2514 1890 2761 1947 Jobeteus
2799 1862 3086 1947 secundum
3111 1862 3361 1946 Hebrteos
3392 1907 3412 1945 :
3442 1889 3497 1944 in
3526 1889 3639 1945 No-

2055 1980 2127 2033 tis
2159 1988 2364 2044 autem,
2397 1979 2536 2036 falso
2574 1980 2899 2050 epilogismo
2950 1981 3057 2037 huc
3105 1979 3298 2036 referri
3349 1977 3633 2035 Jobeleum

2053 2070 2360 2131 contendit,
2396 2079 2452 2124 et
2487 2072 2662 2140 culpae
2718 2071 3051 2144 Hieronymo
3098 2073 3280 2128 vertit.
3324 2070 3489 2141 Atqui
3521 2086 3639 2125 eam

2055 2161 2279 2217 minime
2312 2163 2620 2232 profectam
2652 2178 2775 2219 esse
2808 2165 3221 2219 annotationem
3255 2180 3320 2232 ex
3367 2163 3637 2236 Hierony-

2044 2254 2132 2308 -mi
2164 2254 2401 2321 calamo,
2456 2256 2659 2311 evincit
2689 2256 2945 2325 aliorum,
2992 2256 3086 2328 qui
3133 2256 3269 2312 nihil
3309 2255 3490 2312 simile
3538 2238 3641 2310 lia.-

2058 2344 2211 2410 bent,
2243 2345 2510 2401 librorum
2539 2362 2866 2404 consensus.

2131 2433 2265 2489 Ibid.
2294 2434 2602 2507 Magnentio
2627 2439 2799 2505 .apud
2853 2438 3324 2510 Augustodunum.
3375 2436 3642 2493 Convenit

2058 2535 2298 2596 tempus,
2325 2530 2472 2598 quod
2504 2544 2650 2585 coss.
2704 2528 2894 2602 Sergio
2930 2543 2983 2587 et
3012 2529 3335 2601 Nigriniano
3383 2529 3641 2585 Socrates

2054 2616 2159 2672 lib.
2194 2634 2255 2681 tt.
2288 2633 2449 2690 capp.
2496 2621 2531 2677 9
2558 2631 2613 2677 et
2647 2621 2736 2687 l0,
2763 2622 2818 2677 in
2857 2624 2984 2688 line,
3028 2632 3083 2677 et
3130 2622 3468 2677 Sozomenus
3493 2621 3530 2675 l.
3562 2637 3640 2687 tv,

2060 2709 2114 2773 1,
2141 2708 2451 2781 designant.
2498 2711 2645 2769 Fasti
2683 2713 2924 2768 ldaciani
2956 2713 3310 2778 luculentius,
3353 2712 3441 2766 die
3473 2712 3671 2767 etiam'

2059 2811 2317 2857 annotata
2339 2818 2353 2855 :
2378 2802 2477 2857 His
2502 2821 2632 2864 coss.
2649 2806 2847 2860 occisus
2879 2813 2955 2860 est
2988 2804 3044 2859 in
3074 2803 3266 2860 Galliis
3287 2821 3319 2858 a
3343 2803 3659 2875 Magnentio.

2060 2892 2342 2962 Constans,
2370 2904 2418 2950 et
2443 2896 2643 2953 levatus
2661 2908 2734 2952 est
2754 2896 3088 2967 Magnentius
3103 2897 3187 2950 die
3218 2913 3304 2950 xw
3335 2896 3461 2950 Kal.
3488 2893 3640 2950 Febr.

2066 2984 2227 3038 Errat
2260 2985 2443 3054 itaque
2468 3026 2482 3051 ,
2520 2985 2609 3055 qui
2652 2994 2707 3041 et
2749 2987 2979 3041 minimo
3021 2987 3204 3040 minus
3235 2984 3513 3054 Scaligero
3540 2984 3644 3039 im-

2066 3074 2273 3143 posuit,
2317 3075 2577 3133 Chronici
2606 3075 2892 3132 Paschalis
2923 3088 3151 3143 auctor,
3180 3076 3271 3146 qui
3312 3074 3640 3146 praecedenti

446 3166 565 3222 Col.
616 3167 741 3222 501.
803 3168 1010 3224 Bellum
1057 3170 1354 3247 Persicum.
1402 3173 1664 3260 Camoni;
1719 3185 1952 3248 tempus,
1981 3202 2024 3261 ο
2062 3182 2228 3235 anno,
2260 3183 2401 3224 coss.
2428 3168 2678 3225 Limenio
2695 3179 2747 3224 et
2779 3167 3052 3233 Catulino,
3080 3168 3282 3225 factum
3312 3165 3644 3261 ascribit.ln

377 3260 840 3316 consentientibus
864 3263 916 3316 in
955 3261 1096 3318 hunc
1128 3279 1257 3317 ann.
1294 3249 1471 3319 ldacii~
1488 3265 1685 3331 Fastis,
1729 3277 1782 3321 et
1806 3270 1951 3337 quod

374 3348 455 3401 rei
480 3360 640 3419 caput
675 3360 779 3410 est.
815 3350 1072 3406 historica
1104 3362 1382 3421 gestorum
1448 3352 1751 3410 Constantii
1786 3359 1949 3427 serie.

378 3436 532 3493 Unus
561 3449 642 3495 est
672 3439 921 3496 Julianus
949 3442 1082 3511 imp.
1133 3452 1276 3497 orat.
1341 3459 1378 3508 ι,
1438 3445 1529 3513 qui
1594 3456 1723 3500 ante
1784 3447 1953 3503 ferme

377 3526 670 3583 triennium
694 3530 936 3597 prndium
966 3531 1068 3585 hoc
1111 3530 1335 3596 referat,
1393 3532 1484 3586 ubi
1518 3532 1812 3602 Magnentii
1865 3544 1950 3605 ty-

375 3618 665 3674 rannidem
699 3620 755 3674 in
788 3619 959 3678 Gallia
992 3622 1229 3693 cmpisse
1250 3624 1325 3676 ait
1359 3631 1482 3693 post
1532 3624 1644 3679 fere
1694 3640 1823 3680 ann.
1884 3627 1952 3682 ab

376 3710 484 3765 hoc
521 3708 706 3780 praelio
734 3712 875 3779 apud
904 3713 1186 3783 Singaram
1213 3720 1450 3785 sextum,
1476 3714 1612 3781 sive,
1633 3716 1776 3786 quod
1807 3716 1951 3772 idem

374 3807 478 3865 est,
518 3815 616 3855 sex
669 3802 826 3855 annis
866 3811 989 3856 ante
1045 3802 1357 3857 Constantis
1409 3816 1664 3871 mortem,
1705 3805 1949 3875 praelium

375 3891 507 3948 illud
534 3892 845 3962 contigisse.
895 3892 1063 3963 Cujus
1115 3893 1428 3948 testimonio
1470 3894 1628 3949 tidem
1693 3897 1953 3952 adhibere

374 3982 584 4037 malunt
641 3982 1060 4047 Gothofredus,
1113 3983 1332 4052 Pagius,
1395 3984 1735 4051 llarduinus,
1789 3996 1953 4057 atque

378 4072 503 4127 alii:
534 4088 654 4128 cum
682 4075 855 4128 multo
882 4084 1060 4128 tamen
1089 4076 1454 4131 verosimilins
1502 4077 1593 4144 sit,
1643 4080 1953 4134 numericas

374 4173 531 4220 notas
563 4163 735 4219 fuisse
758 4165 831 4218 ibi
867 4158 1210 4220 librariorum
1245 4182 1430 4222 errore
1464 4179 1770 4237 corruptas,
1825 4181 1953 4239 puta

384 4256 618 4325 positum
652 4255 708 4321 ς’
739 4271 837 4325 pro
883 4261 932 4323 γ’
953 4266 1044 4309 aut
1083 4254 1150 4325 β’,
1212 4266 1271 4312 ut
1322 4258 1561 4315 Valesio.
1584 4262 1648 4314 ad
1677 4261 1951 4318 Ammian.

372 4348 772 4413 Marcellinum,
801 4360 853 4403 et
897 4347 1247 4403 Tillemontio
1290 4358 1537 4405 notatum
1600 4360 1701 4407 est.
1751 4349 1954 4407 Confer
2002 4407 2015 4418 ,

372 4442 558 4510 itaque
587 4440 908 4510 Eutropium
948 4440 1003 4494 in
1047 4439 1174 4504 line,
1228 4450 1281 4495 et
1303 4439 1557 4495 Orosium
1597 4441 1691 4496 lib.
1742 4457 1836 4507 vn,
1895 4450 1952 4497 ut

2059 3261 2219 3315 annis
2281 3261 2498 3330 imperii
2536 3260 2853 3317 Constantis
2908 3262 3205 3331 quindecim
3256 3259 3488 3315 rescribi
3543 3275 3644 3330 pro

2058 3349 2322 3413 tredecim,
2349 3348 2619 3403 Pontaeus
2651 3350 2704 3403 in
2737 3347 2897 3404 Curis
2922 3349 3324 3417 posterioribus
3361 3343 3551 3419 jussit,
3584 3359 3645 3403 ut

2055 3436 2339 3506 supputari
2370 3451 2467 3491 eos
2495 3453 2561 3490 ex
2585 3452 2694 3506 quo
2733 3438 2917 3495 Caesar
2948 3448 3169 3494 creatus
3214 3447 3319 3500 est,
3348 3437 3532 3494 vellet.
3564 3436 3637 3490 At

2055 3541 2188 3580 vero
2224 3525 2461 3594 spatium
2510 3524 2612 3579 hoc
2671 3526 2849 3595 ipsum
2895 3526 3225 3596 Eutropius,
3282 3537 3310 3579 a
3357 3539 3466 3592 quo
3522 3522 3667 3576 lime-

2055 3616 2417 3684 Hieronymus
2447 3615 2650 3681 hausit,
2677 3617 2973 3685 ampliﬁcat
2998 3617 3063 3671 ad
3095 3630 3268 3685 usque
3299 3613 3510 3685 imperii
3534 3628 3639 3665 an-

2055 3724 2182 3761 num
2212 3707 2299 3760 l7.
2335 3706 2597 3762 Vetranio
2638 3707 2781 3763 male
2824 3707 2880 3761 in
2924 3706 3203 3762 Parmensi
3249 3720 3353 3761 ms.
3390 3702 3639 3758 Veturia-

2055 3814 2153 3852 nus
2204 3798 2528 3868 appellatur.
2566 3800 2768 3856 lterum
2803 3800 3017 3856 ldacius
3059 3803 3115 3856 in
3160 3800 3360 3863 Fastis,
3392 3798 3573 3852 statim
3611 3811 3640 3851 a

2051 3889 2367 3944 Constantis
2427 3899 2638 3955 morte,
2684 3892 2936 3947 Vetranio
2999 3894 3143 3963 apud
3214 3889 3473 3946 Sirmium
3505 3887 3633 3943 Kal.

2056 3980 2190 4036 Maii
2229 3997 2287 4036 eo
2318 3999 2482 4048 anno,
2522 3993 2570 4037 et
2603 3976 2934 4054 Nepotianu‘s
2965 3970 3165 4041 Romw'
3201 4000 3260 4039 ιιι
3309 3986 3453 4039 Non.
3507 3982 3641 4036 Jun.

2061 4074 2271 4148 (levati)
2293 4085 2342 4131 et
2372 4092 2550 4148 pugna
2592 4096 2787 4150 magna
2810 4081 2933 4149 fuit,
2968 4089 3074 4136 etc.

2124 4165 2261 4220 lhid.
2289 4165 2609 4233 Victorinus,
2634 4171 2846 4226 natione
2862 4171 2990 4241 Afer
3017 4171 3178 4244 (apud
3208 4170 3482 4237 Vallarsi).
3520 4167 3655 4224 Il:cc-

2053 4270 2238 4326 neque
2269 4258 2322 4312 in
2358 4259 2644 4316 Parmensi
2684 4278 2787 4318 ms.
2821 4263 3226 4333 est'periochs,
3259 4278 3424 4332 quam
3462 4261 3649 4317 Scali-

2058 4364 2153 4419 ger
2183 4350 2409 4405 omnino
2440 4353 2669 4421 respuit.

2123 4442 2264 4498 ibid.
2296 4442 2478 4498 Roma:
2522 4445 2763 4514 populus.
2800 4446 2899 4501 Ms.
2927 4444 3238 4499 Parmensis
3265 4485 3280 4510 ,
3316 4443 3460 4499 haud
3499 4451 3663 4499 recte

374 4548 427 4591 et
462 4535 740 4590 laudatum
762 4534 1039 4604 Scaligero
1064 4532 1285 4588 Sextum
1312 4532 1514 4587 Rufum
1560 4535 1614 4589 in
1673 4523 1831 4591 Brev.
1884 4534 1950 4590 ad
1988 4548 2032 4603 ι)
2060 4543 2268 4599 tamen,
2304 4536 2369 4589 ab
2399 4536 2725 4592 Heracliada
2753 4549 3021 4594 servatore
3044 4539 3299 4607 perditur.

379 4628 682 4683 Valentem.
704 4627 780 4681 Dc
809 4626 978 4682 Nisibi
1019 4634 1198 4681 autem
1233 4627 1369 4695 ipsa,
1403 4625 1644 4681 Bezabde
1659 4636 1715 4681 et
1735 4628 1950 4693 Amida,

377 4720 599 4775 consule
633 4720 928 4775 Cellarium
977 4718 1282 4787 Geograph.
1316 4718 1500 4787 Antiq.
1529 4718 1628 4772 lib.
1687 4735 1768 4786 tu,
1831 4735 1953 4790 cap.

375 4813 460 4868 15.
502 4813 559 4868 In
586 4813 865 4867 Parmens.
914 4828 1041 4875 ms.,
1073 4810 1287 4865 Bizable
1315 4806 1367 4865 et
1395 4810 1631 4864 Amiclar.

443 4902 565 4958 Col.
631 4901 754 4957 501.
828 4902 1120 4966 Maximus,
1175 4902 1609 4971 quadragesimus
1664 4910 1799 4971 post,
1849 4911 1954 4956 etc.

373 4993 603 5065 Cyrillo,
636 4994 725 5062 qui
764 4993 999 5048 Maximo
1035 4992 1321 5055 successit,
1364 4992 1430 5045 ab
1477 4992 1692 5045 Arianis
1714 5001 1955 5054 extruso,

372 5084 709 5153 Nicephorus
726 5086 981 5155 sulirogat
1002 5083 1306 5143 Arscninm,
1329 5081 1655 5145 lleraclium,
1676 5080 1954 5135 Hilarium.

374 5174 568 5229 Postea
608 5174 845 5244 Cyrillus
869 5175 920 5227 in
942 5174 1129 5228 sedem
1162 5173 1445 5226 restitutus
1470 5171 1721 5225 secundm
1749 5172 1956 5241 synodo

380 5266 652 5327 interfuit,
692 5264 957 5319 Gratiano
1016 5266 1340 5331 imperante.
1402 5263 1649 5325 Quatuor
1690 5278 1819 5316 vero
1845 5262 1954 5334 Cy-

375 5356 545 5422 rillos,
574 5371 711 5425 quos
748 5365 866 5424 post
902 5354 1188 5407 Maximum
1209 5359 1494 5407 enumerat
1520 5362 1740 5407 sanctus
1770 5351 1949 5415 Pater,

380 5445 468 5498 alii
495 5445 826 5515 improbant,
852 5444 1053 5514 quibus
1098 5459 1263 5497 unum
1293 5458 1388 5513 per
1445 5458 1506 5497 ea
1556 5452 1794 5513 tempora
1846 5443 1951 5514 Cy-

376 5538 558 5593 rillum
589 5539 773 5598 fuisse.
813 5540 1005 5607 placet.
1033 5536 1267 5591 Consule
1299 5537 1537 5590 Annales
1570 5535 1783 5590 Baronii
1826 5551 1950 5588 ann.

378 5631 504 5686 55L
540 5629 596 5685 ln
626 5632 902 5685 Parmensi
931 5646 1059 5695 ms.,
1097 5630 1371 5694 invadunt,
1423 5629 1476 5680 id
1539 5637 1634 5693 est,
1696 5627 1949 5697 Cyrillus,

378 5719 651 5784 Euricins,
680 5733 733 5774 et
762 5738 905 5787 mox,
943 5737 1058 5798 cum
1103 5738 1133 5773 a
1167 5718 1498 5781 Maa‘imiano
1549 5731 1593 5772 ct
1626 5718 1954 5771 ordinatione

385 5810 686 5877 Maximini,
718 5821 991 5881 corrupte.

2134 4627 2272 4684 Ibid.
2305 4629 2587 4699 Nepotiani
2622 4641 2777 4701 caput
2801 4631 2929 4701 pilo.
2959 4631 3278 4701 Eutropius.
3306 4631 3400 4683 lih.
3431 4645 3487 4692 x,
3519 4642 3643 4698 cap.

2063 4720 2125 4772 ll
2171 4738 2184 4774 :
2224 4719 2556 4789 Nepotianus
2606 4725 2758 4779 strvis
2792 4723 3024 4778 exordiis
3057 4724 3275 4789 dignum
3309 4722 3509 4776 exitum
3542 4737 3643 4773 na-
3708 4765 3715 4772 .

2062 4819 2176 4863 ctus
2203 4819 2276 4863 est
2306 4828 2323 4865 :
2362 4814 2606 4866 ricesimo
2626 4815 2763 4867 enim
2791 4824 2948 4883 atque
2986 4821 3171 4866 octauo
3200 4813 3283 4865 die
3319 4828 3349 4864 a
3384 4810 3645 4882 Magnen-
3710 4844 3713 4847 ‹

2064 4900 2226 4952 tianis
2260 4899 2481 4954 ducibus
2526 4916 2800 4970 oppressus
2830 4916 3011 4969 poenas
3042 4900 3208 4963 dedit,
3242 4911 3502 4967 caputque
3530 4899 3645 4968 ejus

2061 4988 2166 5055 pilo
2197 5003 2287 5056 per
2324 4990 2503 5043 urbem
2537 4990 2905 5044 circumlatum
2933 5001 3028 5055 est,
3065 4990 3493 5061 grauissima’qnc
3522 5005 3646 5069 pro-

2063 5079 2379 5146 scriptiones
2410 5091 2461 5133 et
2494 5081 2744 5135 nobilium
2784 5086 2949 5135 credes
2982 5082 3214 5152 fuerunt,
3249 5090 3357 5135 etc.

2134 5171 2251 5225 Col.
2284 5171 2739 5226 502.Vetranioni
2790 5175 2928 5242 apud
2967 5171 3243 5240 Naissum.
3276 5171 3457 5227 Minus
3498 5182 3644 5227 recte

2059 5274 2215 5318 antea
2254 5262 2495 5320 Naisum.
2534 5265 2733 5320 Confer
2754 5265 3029 5321 Zosimum
3052 5267 3148 5320 lih.
3183 5284 3242 5328 ll.
3266 5282 3315 5319 c.
3348 5266 3437 5330 Η,
3471 5265 3645 5318 Aure-

2063 5354 2195 5407 lium
2242 5354 2538 5420 Victorem,
2569 5356 2735 5411 ldacii
2770 5372 2989 5427 quoque
3033 5356 3252 5422 Fastos,
3275 5365 3328 5411 et
3356 5357 3638 5411 Socratem

2059 5443 2153 5498 lib.
2191 5460 2251 5507 it,
2282 5459 2402 5513 cap.
2435 5445 2525 5499 28.

2125 5536 2243 5590 Col.
2275 5536 2395 5589 501.
2433 5537 2765 5606 Magnentius
2812 5535 3008 5592 Marsa:
3068 5538 3252 5591 vic.’us.
3315 5535 3526 5591 ldacius
3583 5537 3640 5592 in

2057 5626 2259 5685 Fastis,
2307 5624 2580 5680 Ilis.coss.
2629 5626 2822 5680 bellum
2858 5626 3290 5696 Magnentii-{uit
3337 5624 3525 5681 Marsa
3552 5626 3638 5680 die

2059 5720 2091 5773 4
2121 5718 2387 5772 Octobris.
2422 5716 2602 5772 Mnrsa
2641 5728 2819 5773 autem
2855 5718 3148 5773 Pannoniae
3197 5718 3499 5789 oppidum;
3533 5718 3640 5774 fal-

2055 5806 2243 5860 luntur
2276 5807 2441 5871 cnim,
2478 5807 2619 5876 quod
2664 5817 2715 5862 et
2765 5806 3006 5875 Scaliger
3060 5807 3267 5878 pridem
3292 5807 3637 5864 animadver—
