4014 6196
374 329 511 393 1139

1631 333 2041 396 VALLARSII
2075 335 2315 397 ΝΟΤίΕ.

3487 330 3631 395 ilio

358 445 445 507 tit,
482 443 738 500 Socrates
769 443 865 499 lib.
920 461 983 510 tt,
1015 446 1086 500 ’52
1111 491 1124 513 ,
1170 455 1224 502 et
1270 448 1610 503 Sozomenus
1642 464 1716 516 ιν,
1750 448 1806 513 7,
1841 449 1933 519 qui
1966 452 2013 509 Α
2040 450 2272 517 litatem,
2296 448 2628 512 vecordiam,
2672 438 2980 517 perﬁdiam,
3040 442 3353 499 allectatqu
3387 444 3635 514 denique

354 535 623 604 ’φρούριον
653 534 921 599 Γαλλιῶν.
956 536 1255 593 Galliarum
1285 539 1582 603 castellum,
1624 539 1837 595 dicunt.
1875 542 1933 594 in

362 626 591 682 Tabulis
621 626 1061 697 l'i-utingerianis
1109 629 1295 684 Mursa
1338 633 1537 702 major,
1590 631 1727 685 citra
1772 647 1933 700 quam

363 720 430 774 10
459 718 697 773 millibus
728 721 802 774 ad
830 726 1306 793 occasumMursa
1358 727 1559 779 minor.
1596 722 1730 781 Vide
1779 724 1937 780 Zosi-

362 825 534 874 tnum,
564 822 618 864 et
660 811 939 868 Aurelium
974 814 1179 869 Victor.
1223 816 1277 869 in
1316 817 1585 886 Epitome.

432 896 553 952 Col.
607 897 733 953 502.
787 898 973 956 Gallus
1024 902 1361 958 Constantini
1416 904 1697 975 patruelis.
1731 904 1942 961 Dicitur

363 988 548 1043 ldacio
571 988 755 1043 Caesar
779 992 1080 1060 appellatus
1112 990 1198 1049 ld.
1232 994 1423 1057 Mart.,
1455 1011 1517 1048 ex
1545 1010 1657 1064 quo
1698 1004 1943 1063 tempore

367 1077 711 1134 Constantius
765 1079 948 1135 Gallus
995 1082 1268 1137 nominari
1318 1084 1503 1154 cmpit,
1537 1083 1753 1138 Victore
1782 1092 1940 1138 teste.

365 1170 569 1227 Confer
602 1172 947 1228 Ammianum
981 1173 1140 1228 initio
1165 1175 1260 1231 lib.
1292 1192 1403 1242 xiv,
1439 1187 1495 1231 et
1521 1175 1945 1246 Pbilostorginm

366 1276 441 1325 tv,
468 1261 522 1317 l.
556 1259 615 1315 In
672 1260 955 1318 Parmensi
988 1281 1089 1319 ms.
1138 1265 1441 1321 Constantii
1477 1266 1738 1336 patruelis
1786 1282 1946 1336 opera

367 1355 551 1410 Ca’sar
605 1357 804 1426 factus.
865 1356 974 1412 Iste
1025 1358 1269 1426 Jutlwos;
1304 1370 1436 1426 ctc.,
1488 1363 1746 1416 continua
1781 1361 1944 1425 serie,

369 1455 535 1515 atque
577 1462 683 1501 uno
716 1448 998 1516 periocha.

442 1537 580 1615 ibid:
610 1537 797 1592 Gallus
823 1536 1062 1594 Judwos.
1091 1538 1389 1595 Conﬁrmat
1426 1534 1709 1598 Cedrcnus
1738 1548 1949 1612 gestum

290 1631 294 1635 ’
369 1628 664 1682 adauuum
710 1628 1019 1685 Constantii
1065 1630 1336 1686 decimum
1364 1634 1613 1702 quintum
1658 1634 1947 1703 pertinere.

278 1718 292 1773 ἐ
372 1718 491 1774 Huc
520 1728 574 1776 tu
611 1718 755 1775 refer
783 1720 1035 1775 laudatos
1064 1722 1227 1776 etiam
1253 1722 1550 1793 Scaligero,
1583 1722 1853 1787 Victorem
1886 1725 1952 1778 de

2039 540 2346 610 imperimn,
2408 540 2574 611 jussit
2628 535 2882 593 interﬁci.
2945 534 3172 603 Eritqui
3218 534 3305 588 bis
3368 534 3633 588 nimirum

2040 638 2106 688 de
2129 634 2304 688 causis
2349 633 2666 701 impressam
2716 631 3007 685 lectionem
3061 628 3123 681 ob
3178 627 3628 697 egregiamindo-

2041 727 2161 791 lem,
2199 739 2318 795 qua:
2348 736 2401 781 et
2436 725 2796 795 plurimorum
2819 722 3065 778 codicum
3091 731 3194 785 est,
3227 722 3495 793 veriorem
3514 719 3638 774 exi-

2040 820 2224 873 stimet
2258 835 2272 871 :
2307 817 2468 887 idque
2491 816 2620 871 velit
2653 813 2955 885 εἰρωνικῶς
2983 810 3113 875 dici,
3147 821 3206 865 ut
3250 811 3383 864 illud
3417 809 3633 879 Virgilii

2044 909 2409 975 notissimum,
2444 909 2651 979 egregia
2675 905 2892 976 conjuas,
2928 905 2995 960 de
3024 902 3466 974 Clytaemnestra.
3520 900 3633 956 Sed

2043 1006 2126 1053 est
2174 1013 2307 1053 sane
2352 996 2722 1053 verosimilius
2776 993 2922 1065 quod
2996 992 3339 1063 postmodum
3388 990 3639 1061 Scaliger

2044 1089 2305 1158 coniecit,
2337 1097 2547 1142 tantum
2570 1102 2677 1142 non
2710 1101 2808 1156 pro
2836 1091 2987 1140 certo
3014 1083 3369 1148 asseruisset,
3397 1083 3453 1136 in
3488 1082 3644 1137 Grae-

2047 1196 2112 1235 co
2157 1189 2403 1245 auctore,
2455 1179 2599 1233 unde
2639 1178 2755 1232 haec
2796 1176 3007 1246 excepit
3049 1174 3435 1245 Hieronymus,
3466 1173 3645 1229 fuisse

2048 1272 2309 1341 scriptum
2345 1271 2593 1340 ὑπόπτης
2618 1267 2706 1322 διὰ
2733 1268 2794 1320 τὸ
2827 1267 3100 1337 βασίλειον
3121 1267 3415 1335 γενόμενος
3440 1282 3456 1320 :
3483 1265 3643 1318 illum

2051 1371 2231 1416 autem
2260 1361 2321 1414 τὸ
2348 1360 2642 1430 βασίλειον,
2671 1358 2814 1429 quod
2838 1366 2989 1414 certe
3016 1357 3362 1428 tyrannidem
3381 1356 3647 1411 aﬂ'ectare

2052 1458 2341 1526 signiﬁcat,
2372 1471 2469 1525 pro
2495 1456 2640 1524 regia
2696 1454 2894 1520 indole,
2926 1454 3213 1523 deceptum
3238 1453 3481 1508 dictandi
3516 1468 3649 1520 pro.

2054 1547 2320 1617 perantia,
2374 1545 2623 1600 vertisse.
2672 1544 2780 1599 Pro
2809 1544 2865 1597 in
2905 1542 3099 1610 lstria,
3139 1554 3295 1613 aeque
3330 1541 3475 1597 bene
3510 1541 3647 1595 libri

2052 1634 2141 1687 alii
2167 1633 2343 1687 Istrite
2365 1633 2604 1687 habent:
2631 1646 2829 1698 neque,
2862 1640 2921 1686 ut
2950 1631 3118 1700 iactat
3144 1630 3406 1701 Scaliger,
3432 1631 3647 1684 idiom:

2058 1723 2539 1795 llieronymianum
2574 1725 2676 1778 hoc
2698 1731 2808 1788 est,
2859 1721 2954 1777 sed
3008 1721 3261 1776 Latinum
3317 1721 3534 1791 utique,
3590 1730 3649 1776 et

371 1811 705 1877 Caesaribus,
724 1811 1076 1867 etSocratem
1095 1813 1191 1866 lib.
1214 1814 1379 1878 ",53,
1402 1789 1600 1883 quibus
1619 1815 1757 1869 adde
1780 1814 1953 1869 Sozu-
1984 1789 2028 1846 Β
2058 1789 2296 1870 melioris
2332 1825 2475 1870 uota:
2504 1814 2820 1871 auctoribus
2848 1824 3190 1881 usurpatum.
3223 1789 3645 1868 Codexftamc-n

375 1918 595 1957 menum
617 1918 687 1968 iv,
713 1901 767 1957 7.
788 1903 863 1957 De
880 1901 1237 1967 Diocacsarea,
1257 1903 1500 1971 itemque
1528 1905 1953 1975 DiospoliPalae-

371 1995 554 2059 stimo,
577 1995 755 2050 recole
776 1995 949 2048 sancti
981 1996 1224 2050 auctoris
1271 1994 1949 2066 prmfationeminlonam.

372 2162 375 2165 _
448 2086 583 2141 Ibid.
622 2085 879 2142 Nonnulli
909 2087 1191 2142 nobilium.
1223 2088 1463 2142 Narrant
1506 2089 1622 2144 baac
1647 2088 1785 2145 Galli
1813 2090 1950 2145 laci—

372 2193 509 2235 nora
541 2177 862 2233 Ammianus
921 2177 1018 2235 lib.
1073 2194 1186 2245 xw,
1250 2178 1504 2251 Zosiutus
1548 2197 1608 2246 ιι,
1659 2179 1949 2248 Socrates,

374 2283 537 2341 atque
564 2271 687 2325 alii.

446 2363 581 2421 ιιιιιι.
598 2366 768 2435 Syria'
784 2365 987 2435 populis
1004 2365 1165 2437 (apud
1188 2364 1591 2435 Vallarsi).llaec
1603 2373 1954 2430 autem,tam-

376 2456 477 2509 ctsi
514 2456 701 2509 Italico
722 2455 1045 2509 charactere
1073 2452 1358 2518 distincta,
1383 2469 1413 2508 a
1440 2453 1715 2523 Scaligero
1740 2456 1954 2521 penitus

380 2545 695 2616 repudiata,
728 2546 894 2600 etiam
923 2545 974 2599 in
1009 2544 1290 2599 Parmensi
1332 2560 1438 2599 ms.
1466 2553 1615 2600 sunt.
1652 2542 1956 2598 Ascribitur

380 2654 564 2695 an'cm
619 2639 781 2707 vulgo
837 2646 1150 2705 portentum
1210 2637 1540 2707 praecedenti
1589 2649 1771 2698 anno,
1829 2649 1954 2687 cum

380 2734 568 2789 Gallus
597 2731 946 2787 Antiochiam
985 2731 1332 2795 adventaret,
1379 2739 1437 2784 ut
1470 2729 1726 2784 Socrates
1762 2727 1855 2782 lib.
1893 2744 1956 2792 ιι,

380 2826 473 2886 28.
505 2833 697 2879 auctor
734 2833 861 2879 est:
899 2823 1063 2891 idque
1102 2821 1271 2877 Nonis
1304 2821 1451 2888 Maii,
1511 2832 1568 2875 ut
1615 2827 1807 2875 auctor
1853 2818 1960 2872 Pa-

382 2917 584 2971 schalis
615 2916 867 2971 Chronici
893 2955 906 2980 ,
944 2915 1180 2985 Cyrillns
1212 2913 1619 2983 Hierosolymit.
1674 2912 1834 2981 epist.
1890 2911 1957 2965 ad

384 3009 796 3072 Constantium,
840 3007 1206 3075 'l‘lieOpbanes
1240 3045 1256 3069 ,
1298 3016 1460 3075 atque
1511 3005 1602 3058 alii
1668 3012 1958 3059 testantur.

388 3100 554 3154 Solus
605 3097 816 3152 ldacins
871 3097 923 3150 in
986 3110 1171 3150 mense
1228 3094 1438 3149 abludit
1485 3111 1500 3145 :
1545 3093 1844 3163 Apparuit,
1881 3094 1964 3146 in-

2054 1904 2368 1963 Parmensis
2401 1913 2654 1961 neutrum
2688 1905 2871 1968 habet,
2916 1904 3010 1959 sed
3056 1903 3318 1957 occiditur
3367 1902 3645 1957 absolute.

2053 1996 2293 2066 Tempus
2316 1995 2459 2065 quod
2490 2004 2719 2065 spectat.
2748 1993 2992 2065 Scaliger
3025 1993 3357 2064 praecedenti
3390 1996 3650 2064 proxime

2056 2105 2202 2146 anno
2239 2089 2542 2145 Constantii
2595 2089 2662 2143 ΓΙ
2691 2099 2901 2160 gestum
2930 2087 3208 2156 ascripsit.
3242 2085 3306 2142 Et
3334 2100 3466 2141 vero
3489 2101 3646 2140 coss.

2053 2182 2375 2237 Constantio
2408 2182 2546 2251 Aug.
2574 2196 2669 2247 vn,
2702 2182 3000 2251 atqueipso
3032 2178 3188 2235 Gallo
3217 2194 3280 2233 ιιι
3330 2177 3643 2245 contigisse

2053 2284 2392 2343 compertum
2435 2282 2519 2329 est
2573 2291 2585 2326 :
2638 2273 2742 2328 sed
2800 2287 2927 2327 cum
2977 2271 3215 2328 Caesarei
3258 2271 3382 2341 eius
3416 2270 3647 2341 imperii

2054 2376 2307 2433 quartum
2341 2380 2544 2419 annum
2573 2374 2827 2420 auctores
2861 2379 2986 2419 eum
3016 2367 3312 2432 supputent
3345 2362 3415 2415 ab
3444 2361 3639 2417 Idibus

2056 2458 2256 2523 Martii,
2285 2467 2343 2513 ut
2374 2457 2628 2526 superius
2656 2456 3175 2515 animadvertimus.
3199 2454 3525 2509 consulatus
3552 2467 3654 2505 an.

2059 2557 2165 2603 tem
2195 2548 2285 2603 ille
2315 2549 2370 2603 in
2395 2558 2602 2616 partem
2630 2563 2847 2617 quoque
2869 2545 3063 2601 decimi
3096 2545 3278 2599 octavi
3302 2543 3645 2608 Constantii,

2058 2651 2186 2711 puta
2221 2656 2251 2695 a
2299 2639 2560 2696 Kalendis
2592 2638 3030 2709 Septembribus,
3089 2621 3353 2699 incurrat,
3403 2643 3464 2688 ut
3511 2634 3654 2689 satis

2058 2735 2189 2788 illud
2236 2734 2375 2789 bene
2407 2742 2647 2798 constet,
2687 2742 2897 2801 gestum
2936 2730 2989 2784 in
3014 2731 3161 2784 hunc
3189 2738 3307 2781 erat
3337 2727 3652 2783 Constantii

2059 2825 2415 2881 differendum
2452 2844 2465 2879 :
2502 2825 2553 2879 id
2581 2824 2727 2893 quod
2766 2824 2927 2877 etiam
2967 2821 3177 2876 indicat
3220 2821 3320 2875 sub
3348 2820 3471 2886 eius
3518 2818 3653 2872 anni

2061 2918 2275 2973 initium
2314 2918 2526 2972 Gallum
2566 2917 2735 2973 fuisse
2762 2914 3134 2971 interiectum.
3184 2913 3317 2968 Vide
3342 2926 3489 2980 saepe
3528 2912 3656 2965 Iau-

2060 3008 2218 3064 datos
2244 3018 2501 3065 auctores
2526 3009 2666 3064 illst.
2719 3008 2896 3071 Eccl.,
2929 3015 2983 3059 et
3006 3005 3278 3060 Victorem
3317 3004 3371 3059 in
3412 3002 3655 3058 Caesari-

2063 3098 2188 3168 bus,
2237 3102 2331 3171 qui
2380 3118 2410 3156 a
2463 3101 2599 3156 Galli
2636 3110 2810 3154 morte
2856 3101 3073 3154 domum
3129 3112 3249 3169 post
3308 3098 3657 3166 septuaginta

385 3190 603 3258 quiens,
662 3189 717 3241 in
756 3186 971 3241 Oriente
1018 3180 1227 3252 signum
1289 3182 1589 3237 Saluatoris
1641 3182 1725 3234 die
1756 3181 1962 3235 mKol.

2073 3209 2249 3249 annos
2293 3194 2611 3262 reipublicae
2644 3207 2830 3245 curam
2863 3193 2927 3245 ad
2956 3208 3118 3246 unum
3157 3190 3368 3245 redisse
3398 3172 3654 3243 annota‘t.

389 3281 681 3341 Februar.,
712 3280 840 3332 luna
873 3277 981 3342 ‘28;
1020 3278 1071 3329 in
1112 3293 1218 3343 quo
1258 3284 1311 3329 el
1354 3275 1464 3328 lal'i
1503 3275 1736 3328 videtur.

442 3373 559 3428 Col.
578 3372 674 3426 591
688 3409 704 3425 .
731 3368 1059 3441 Magnentius
1078 3369 1339 3435 Lugduni.
1358 3369 1490 3421 Cum
1510 3383 1601 3422 sex
1624 3366 1736 3421 fere
1754 3382 1969 3422 menses

389 3483 551 3538 supra
572 3467 863 3522 tricnn'um
889 3467 1226 3535 imperasset,
1253 3476 1307 3516 ιιι
1339 3461 1590 3517 Ζοεὶιιιιιε
1620 3463 1711 3516 lib.
1731 3478 1764 3515 ιι
1785 3462 1968 3526 tradit,

392 3560 609 3614 sibimet
640 3558 780 3612 latus
820 3556 1130 3619 transfodit,
1166 3573 1223 3610 ιιι
1250 3555 1375 3609 ldus
1400 3555 1642 3619 Augusti,
1674 3564 1732 3607 ut
1755 3553 1971 3608 ldacius

392 3652 447 3704 in
480 3650 658 3704 Fastis
680 3691 694 3715 ,
731 3649 813 3702 vel
845 3664 917 3711 tv,
945 3657 1006 3702 ut
1039 3647 1320 3703 Paschalis
1360 3645 1617 3700 Cbronici
1646 3656 1854 3709 auctor,
1889 3644 1969 3698 vel

391 3745 626 3813 denique
669 3744 760 3796 die
806 3743 870 3796 15
904 3740 1147 3811 ejusdem
1196 3740 1432 3803 mensis,
1486 3749 1545 3791 ut
1587 3737 1842 3793 Socrates
1871 3737 1969 3794 lib.

402 3850 467 3899 ll,
512 3848 631 3901 cap.
666 3833 758 3892 52.
816 3847 866 3884 ιιι
891 3840 986 3885 tat.
1025 3830 1360 3893 Decentium,
1392 3844 1552 3898 quem
1577 3845 1684 3884 non
1724 3828 1968 3892 fratrem,

394 3933 454 3976 ut
482 3921 865 3992 Hieronymus,
902 3920 994 3975 scd
1048 3921 1410 3989 propinquum
1454 3919 1827 3973 tantummodo
1858 3918 1964 3971 Ma-

395 4015 601 4086 gnentii
655 4014 908 4068 Zosimus
960 4021 1136 4077 vocat,
1178 4028 1242 4065 xv
1296 4012 1571 4067 Kalendas
1627 4010 1974 4081 Septembres

395 4107 639 4173 ejusdem
694 4106 881 4171 utique
932 4106 1084 4167 anni,
1139 4103 1337 4172 laqueo
1395 4103 1563 4157 vitam
1636 4101 1960 4172 exp‘evisse,

394 4201 608 4257 Idacius
637 4198 835 4270 prodit.
1682 4208 1683 4211 η
1888 4187 1914 4212 ο

471 4291 603 4346 Ibid.
649 4290 951 4346 Gennadius
979 4288 1368 4359 Forojulicnsis
1401 4296 1602 4344 orator.
1644 4287 1844 4341 Mavult
1873 4302 1972 4356 pu-

2072 3291 2222 3346 ΑΗΘ
2245 3291 2696 3362 Chrysostomum
2728 3304 2945 3360 quoque
2972 3288 3166 3343 llomil.
3204 3287 3270 3341 13
3292 3287 3348 3342 in
3380 3285 3554 3356 Epist.
3587 3283 3659 3338 ad

2073 3381 2473 3451 Philippenses.
2903 3395 2916 3405 '

2142 3475 2260 3527 Col.
2290 3473 2412 3527 5ὐ1.
2446 3473 2693 3528 Silvanus
2739 3474 2790 3525 in
2833 3471 3033 3526 Gallia.
3059 3473 3233 3540 Atque
3266 3469 3432 3539 hujus
3463 3483 3653 3522 necem

2074 3562 2317 3630 Scaliger
2377 3565 2443 3616 ad
2496 3563 2886 3631 praecedentem
2943 3578 3144 3615 annum
3204 3571 3447 3623 revocat,
3499 3558 3650 3624 quod

2073 3655 2286 3724 lmtgius
2322 3672 2347 3706 ιι
2404 3651 2537 3707 vero
2581 3653 2862 3707 abhorret.
2914 3651 3055 3721 Lege
3100 3649 3302 3704 Iuliani
3333 3658 3473 3703 orat.
3506 3664 3545 3711 ι,
3575 3646 3645 3700 ad

2072 3745 2448 3801 Constantium
2501 3753 2556 3798 et
2606 3743 2874 3797 Victorem
2924 3744 2975 3795 in
3020 3740 3357 3801 Caesaribus,
3417 3736 3659 3807 denique

2070 3836 2414 3892 Aunuianum
2447 3833 2839 3899 Marcellinum,
2871 3832 2963 3886 lib.
2989 3847 3078 3898 ιιν,
3108 3846 3227 3898 cap.
3252 3830 3287 3885 5
3310 3837 3364 3882 et
3390 3827 3446 3883 6.

2144 3928 2285 3983 Ibid.
2328 3926 2625 3981 Victorinus
2658 3927 2836 3978 rltetor
2865 3931 2913 3977 et
2952 3923 3217 3975 Donatus.
3248 3920 3306 3974 ln
3337 3918 3660 3988 praefatione

2072 4019 2455 4076 commentarii
2488 4018 2685 4088 prioris
2723 4016 2789 4070 ad
2818 4016 3059 4078 Galatas,
3096 4013 3218 4067 Non
3245 4013 3385 4082 quod
3408 4014 3651 4082 ignorent

2073 4114 2263 4169 Gaium
2322 4109 2555 4164 Marium
2618 4106 2970 4169 Victorinum,
3002 4107 3092 4174 qui
3123 4104 3320 4169 (ionice,
3357 4120 3438 4157 me
3473 4118 3661 4170 puero,

1996 4214 1999 4219 '
2073 4204 2387 4258 rhetoricam
2430 4201 2631 4263 docuit,
2680 4207 2785 4253 etc.
2845 4196 2977 4252 Vide
3025 4212 3147 4262 qua:
3193 4195 3266 4247 ibi
3301 4204 3661 4247 annotamus.

2051 4336 2063 4348 ο
2144 4316 2265 4371 Col.
2295 4313 2422 4368 502.
2450 4310 2709 4365 Paulinus
2737 4318 2782 4361 et
2809 4306 3114 4359 Rhodanus.
3143 4305 3311 4356 Antea
3350 4301 3659 4355 Rhodianus

398 4394 515 4441 mm
556 4383 818 4453 scarger’
847 4381 1125 4478 Fufemif’
1167 4383 1351 4478 pavus
1373 4397 1535 4449 quam
1568 4381 1634 4478 af!
1664 4380 1975 4435 disnncuo‘
2006 4412 2051 4471 Β
2080 4414 2344 4478 Scriptum
2402 4417 2515 4461 erat
2556 4423 2569 4459 :
2615 4405 2705 4456 alii
2768 4402 2891 4455 libri
2948 4398 3284 4451 Rhodanium
3342 4394 3659 4463 pratorum.

401 4492 526 4532 nem
558 4479 698 4545 ejus,
722 4490 881 4545 quem
910 4475 1081 4530 Graeci
1129 4474 1505 4543 σχολαστικὸν,
1569 4473 1622 4528 id
1662 4482 1745 4528 est
1779 4488 1974 4527 causa-

402 4585 524 4622 rum
557 4579 868 4637 patronum.
900 4572 1116 4628 vocant,
1148 4579 1247 4633 pro
1277 4546 1541 4634 gentilitio
1571 4565 1658 4618 hic
1687 4578 1827 4626 esse,
1867 4564 1982 4618 sive

407 4673 508 4728 pro
562 4655 1053 4726 Forosegusianus;
1100 4669 1226 4707 nam
1277 4655 1441 4709 etiam
1488 4655 1651 4710 hodie
1696 4655 1856 4726 vulgo
1881 4655 1981 4709 Fo-

406 4767 557 4807 rense
594 4749 963 4822 appellantur.
1024 4746 1164 4803 Sunt
1209 4761 1344 4804 sane
1386 4746 1606 4818 quidam
1652 4763 1808 4813 mss.,
1840 4763 1980 4817 quo-

405 4861 530 4899 rum
577 4858 743 4897 unum
777 4851 830 4897 et
858 4841 1087 4897 alterum
1143 4839 1413 4896 Pontacus
1444 4839 1649 4907 laudat,
1684 4841 1774 4911 qui
1809 4838 1985 4895 Foro-

400 4934 648 5005 juliensis
678 4946 775 5000 pro
816 4930 1055 4986 Forensis
1077 4928 1415 4999 “praeferunt.

479 5027 601 5082 Col.
633 5024 758 5080 50‘2.
797 5022 981 5078 Gallus
1009 5022 1186 5079 Cwsar
1227 5022 1566 5076 sollicitatus.
1593 5021 1864 5075 Pontacus
1889 5035 1985 5075 cx-

411 5119 592 5190 ponit,
648 5115 1036 5173 Constantium
1083 5115 1253 5170 variis
1299 5115 1509 5168 artibus
1559 5111 1772 5166 Gallum
1822 5111 1888 5165 ad
1927 5126 1987 5166 se

414 5208 728 5281 pellexisse,
757 5222 819 5261 ac
854 5206 1069 5259 demum
1102 5205 1334 5259 interfici
1363 5219 1608 5259 curasse.
1648 5203 1818 5257 Graeci
1851 5218 1988 5272 quos

415 5301 658 5371 Scaliger
706 5298 910 5360 laudat,
966 5296 1382 5365 μετάπεμπτον,
1429 5296 1483 5349 id
1514 5302 1597 5350 est
1628 5296 1983 5357 accersitum,

416 5396 621 5450 dicunt.
657 5392 800 5447 ldcm
837 5389 900 5445 ob
927 5387 1126 5459 regiam
1151 5388 1381 5442 indolem
1407 5404 1531 5443 cum
1561 5388 1679 5443 aliis
1710 5404 1807 5457 pro
1837 5403 1988 5457 egre-

415 5490 557 5555 giam
584 5486 708 5557 legit
747 5484 1139 5552 :multumquc
1182 5482 1434 5546 miratur,
1473 5482 1650 5537 isthuc
1689 5482 1757 5535 ab
1794 5480 1987 5536 Hiero-

417 5590 582 5649 nymo
607 5576 882 5648 proditum
924 5574 1095 5631 fuisse
1148 5571 1363 5628 Gallum
1416 5582 1637 5642 propter
1675 5572 1875 5643 regiam
1913 5573 1992 5625 in-

421 5667 597 5722 dolem
629 5666 952 5723 Constantio
982 5674 1319 5736 suspectum,
1339 5678 1497 5732 quem
1526 5663 1706 5731 potius
1733 5663 1802 5716 ob
1823 5662 1988 5715 multa

426 5757 660 5816 incivilia
695 5761 865 5830 gesta,
909 5768 1076 5830 utque
1104 5747 1359 5813 auctores
1395 5754 1484 5812 alii
1520 5763 1759 5817 narrant,
1796 5754 1991 5810 crch-

2088 4505 2218 4556 Vide
2246 4503 2607 4557 Sozomeuum
2639 4496 2734 4549 lib.
2766 4509 2841 4558 IV,
2872 4506 2994 4561 cap.
3033 4488 3121 4552 ΨΘ,
3154 4495 3206 4542 et
3241 4486 3525 4540 laudatum
3585 4484 3661 4538 ibi

2089 4593 2303 4648 Valesio
2335 4589 2625 4658 Sulpilium
2655 4585 2935 4638 Severum.

2159 4708 2275 4762 Col.
2305 4706 2427 4762 501.
2465 4703 2652 4757 Petrus
2693 4699 3193 4767 Cwsnraugnstanw
3240 4701 3443 4745 orator.
3497 4689 3668 4742 Abest

2088 4804 2204 4858 haec
2235 4817 2263 4854 a
2295 4795 2571 4853 Parmensi
2614 4808 2715 4846 ms.
2737 4789 3013 4858 periocha.
3041 4786 3191 4840 llaud
3221 4787 3335 4837 scio
3394 4797 3525 4834 num
3558 4781 3651 4833 alii

2094 4896 2161 4950 de
2190 4900 2410 4948 oratore
2446 4890 2551 4942 isto
2583 4894 2838 4940 auctores
2870 4880 3185 4949 loquantur.

2165 5000 2299 5055 lbid.
2327 4999 2566 5052 Donatus
2594 5010 2628 5047 α
2680 5007 2783 5061 quo
2813 5004 3067 5054 supra....
3104 4983 3427 5037 llontenses.
3458 4978 3667 5033 Confer

2092 5095 2264 5151 sancti
2281 5090 2455 5146 Patris
2475 5088 2650 5156 Epist.
2672 5085 2726 5138 in
2750 5091 2934 5137 nostra
2955 5075 3271 5132 recensione
3299 5073 3389 5137 ‘57,
3421 5072 3482 5124 ad
3516 5069 3663 5123 Mar-

2091 5187 2301 5249 cellam,
2342 5182 2515 5244 initio,
2552 5186 2604 5232 et
2634 5190 2756 5245 quae
2790 5187 2891 5227 nos
2917 5170 3012 5223 ibi.

2162 5300 2300 5354 Ibid.
2327 5296 2597 5359 Julianus,
2649 5291 2815 5359 frater
2846 5286 3010 5342 Galli.
3051 5281 3107 5336 In
3144 5281 3489 5351 Scaligerana
3541 5277 3665 5332 edi-

2090 5395 2259 5457 tione,
2335 5390 2517 5457 culpa.
2577 5393 2636 5440 ut
2693 5381 2930 5441 videtur,
2985 5374 3476 5447 typographorum,
3542 5371 3659 5425 haec

2093 5483 2349 5557 periocha
2389 5470 2754 5534 desideratur.
2825 5470 2990 5525 Recte
3063 5480 3226 5557 porro
3281 5474 3495 5557 tempus
3557 5462 3664 5557 hac

2092 5550 2421 5627 recensione
2491 5563 2832 5632 assignatum
2899 5570 3044 5610 anno
3099 5551 3399 5608 Constantii
3454 5550 3666 5605 decimo

2091 5678 2235 5720 noun
2261 5660 2519 5713 ineunte:
2556 5654 2822 5724 siquidem
2858 5647 3106 5704 Julianus
3134 5651 3347 5699 creatus
3375 5650 3457 5696 cst
3488 5640 3666 5694 (Σιωπ-

2094 5770 2184 5810 γιιι
2225 5750 2306 5806 Id.
2344 5746 2671 5814 Novembris,
2708 5740 2990 5798 Arbitione
3020 5747 3073 5819 et
3109 5734 3352 5790 Lolliano
3398 5745 3565 5815 coss,
3606 5737 3661 5783 ut
