3974 6192
307 389 437 457 Ilii

1567 392 1972 460 VALLABSII
1999 393 2244 457 NOTAE.

2137 229 2257 252 «v-3

3414 385 3582 452 1142³³

303 506 624 564 Ammianus
651 498 996 564 Marcellinus
1026 507 1123 564 lib.
1152 521 1244 577 xv,
1280 521 1401 580 cap.
1431 506 1487 576 8,
1518 518 1711 565 auctor
1737 518 1826 565 est
1852 525 1868 563 :
1900 516 1947 575 Α
1981 508 2144 563 citius
2176 520 2284 561 uno
2309 503 2527 562 circiter
2558 516 2768 570 mense,
2800 501 2916 558 sive
2949 501 3037 555 die
3068 515 3099 554 v
3127 498 3270 555 Non.
3292 499 3479 563 Mart.,
3503 512 3563 554 ut

303 601 645 657 anniautern
693 600 1031 669 Constantii,
1085 610 1142 658 ut
1198 602 1398 672 saepius
1463 610 1708 658 notatum
1762 609 1874 668 est,

303 693 511 747 ducunt
541 707 570 745 a
620 688 938 760 Septembre
988 691 1225 747 initium.
1256 692 1547 748 Ammiano
1601 693 1875 749 consentit

305 782 521 837 ldacius
555 780 611 835 in
637 780 817 838 Fastis
853 799 871 845 ;
907 793 1097 839 auctor
1129 797 1252 839 vero
1281 783 1560 840 Paschalis
1595 784 1875 850 Chronici,

303 885 360 928 et
389 870 539 928 Fasti
574 872 745 928 Siculi
780 889 1025 930 mensem
1064 875 1257 932 dicunt
1284 877 1532 947 proxime
1565 878 1876 947 praeceden-

309 973 442 1027 tem,
495 961 614 1018 sive
637 977 736 1017 vrn
773 963 854 1018 id.
924 965 1198 1035 Octobris,
1241 967 1386 1037 quod
1416 967 1541 1022 licet
1573 967 1881 1023 rationibus

308 1054 515 1110 nostris
538 1055 760 1110 minime
790 1053 1010 1124 officiat,
1044 1072 1151 1113 non
1182 1065 1357 1114 tamen
1385 1058 1702 1129 probamus.

379 1146 498 1202 Col.
548 1145 672 1202 505.
725 1148 1022 1203 Antoninus
1082 1150 1435 1207 monachus...
1486 1151 1625 1205 brevi
1683 1149 1879 1206 libello.

310 1238 552 1294 Primum
589 1240 802 1296 obtinet
854 1241 1034 1296 locum
1101 1244 1232 1298 tomi
1288 1228 1513 1301 secundi
1552 1254 1752 1301 nostra:
1780 1245 1886 1301 hu-

300 1331 393 1402 jus
419 1331 695 1388 editibnis.
727 1334 942 1389 Annum
964 1349 1073 1404 quo
1099 1335 1335 1415 scriptus
1363 1336 1500 1392 liber
1517 1330 1621 1402 est,
1647 1337 1885 1394 diximus

306 1428 504 1483 Christi
537 1429 664 1494 374,
693 1439 785 1482 aut
807 1440 1147 1499 sequentem.
1181 1431 1496 1486 Parmensis
1528 1446 1628 1486 ms.
1655 1432 1710 1486 in
1741 1430 1889 1486 futu-

307 1535 388 1584 ro,
422 1519 820 1588 explicabimus,
854 1521 998 1590 quod
1033 1522 1492 1590 pronuntiationis
1513 1513 1591 1578 est
1610 1524 1886 1578 mendum.

380 1613 500 1668 Col.
537 1613 661 1667 50L
694 1611 952 1684 Reliquiae
998 1617 1222 1685 apostoli
1261 1617 1537 1672 Timothei.
1587 1619 1667 1673 Ex
1695 1633 1884 1674 eorum

311 1720 562 1769 nurnero,
594 1706 686 1776 qui
721 1707 879 1778 vulgo
943 1710 1176 1779 apostoli
1233 1710 1482 1776 audiunt,
1535 1710 1883 1767 Timotheum

309 1811 420 1849 non
446 1794 638 1861 fuisse,
666 1807 1009 1867 compertum
1037 1807 1119 1855 est
1172 1800 1318 1870 quod
1351 1800 1654 1857 Primasius
1687 1802 1740 1856 in
1759 1817 1885 1872 cap.

312 1885 545 1955 primum
605 1886 836 1957 Epistol.
906 1888 974 1942 ad
1033 1889 1429 1960 Philippenses,
1491 1906 1612 1960 quae
1668 1891 1881 1962 incipit,

311 1973 519 2029 Paulus
572 1985 622 2030 et
674 1975 977 2032 Timotheus
1019 1981 1158 2034 servi
1194 1978 1325 2034 Jcsu
1354 1977 1582 2047 Christi,
1619 1982 1881 2050 planissi-

311 2081 398 2122 me
428 2069 643 2134 statuit,
674 2083 796 2123 cum
829 2068 981 2136 dicit,
1022 2070 1204 2126 Omnis
1233 2073 1506 2142 apostolus
1548 2089 1750 2138 servus,
1781 2089 1886 2128 non

309 2158 479 2211 omnis
507 2173 685 2212 servus
719 2160 1017 2228 apostolus.
1052 2159 1162 2217 Sed
1193 2164 1338 2217 sicut
1393 2162 1802 2233 Epaphroditus
1849 2179 1882 2218 a

312 2248 482 2302 Paulo
517 2252 795 2318 apostolus
867 2251 1296 2322 Philippensium
1314 2255 1526 2329 dicitur
1552 2274 1565 2310 :
1593 2257 1671 2311 sic
1693 2273 1887 2313 vocare

310 2340 644 2410 quandoque
678 2355 864 2397 amant
890 2346 1185 2414 scriptores
1242 2355 1452 2402 Veteres
1490 2349 1729 2418 generali
1786 2364 1883 2404 vo-

311 2433 510 2488 cabulo
548 2437 847 2504 apostolos,
879 2437 971 2506 qui
998 2438 1066 2492 ad
1084 2446 1296 2507 gentem
1319 2439 1552 2508 aliquam
1581 2440 1886 2494 Christiana

315 2521 420 2577 tide
477 2523 822 2579 imbuendam
886 2526 1038 2581 missi
1097 2536 1244 2582 sunt.
1307 2527 1479 2582 Porro
1541 2529 1684 2583 haud
1741 2541 1888 2585 recte

315 2610 370 2664 in
405 2611 686 2668 Parmensi
712 2615 1310 2687 ms.,Constantinopoli
1359 2619 1600 2686 inventae,
1625 2634 1725 2687 pro
1752 2618 1888 2676 Con-

315 2705 712 2774 stantinopolim
739 2707 974 2775 invectw,
1006 2709 1151 2779 legit.

389 2793 506 2848 Col.
536 2793 662 2849 502.
701 2796 956 2851 Liberius
985 2800 1278 2868 episcrpus.
1317 2800 1432 2855 lluc
1462 2801 1604 2856 refer
1635 2801 1899 2858 Theodo-v

317 2893 493 2938 return
546 2883 684 2940 llist.
719 2886 865 2942 Eccl.
902 2889 994 2942 lib.
1030 2904 1091 2952 tr,
1117 2905 1236 2960 cap.
1265 2889 1350 2954 16,
1383 2900 1546 2960 atque
1575 2891 1708 2945 illud
1738 2907 1890 2945 curn-

318 2973 511 3041 primis
540 2975 753 3045 insigne
786 2993 1113 3049 responsum
1151 2980 1350 3036 Liberii
1387 2981 1454 3035 ad
1485 2982 1889 3045 Constantium,

318 3069 481 3123 malle
515 3086 576 3126 se
626 3073 1026 3131 ecclesiasticas
1045 3077 1187 3145 leges
1210 3091 1322 3132 sert
1335 3093 1427 3132 are
1442 3078 1703 3147 integras,
1727 3094 1892 3150 quam

302 3160 520 3221 .habere
553 3164 741 3222 Romae
773 3169 1128 3225 domicilium.

328 3267 340 3278 '
386 3253 504 3308 Col.
533 3254 660 3311 505.
694 3256 900 3327 Magna:
951 3259 1378 3312 Alamannorum
1406 3261 1592 3328 copiae.
1661 3259 1884 3315 Ccstum

316 3344 533 3399 confert
586 3346 639 3400 in
670 3352 991 3416 Sequentem
1025 3347 1331 3404 Constantii
1371 3365 1576 3406 annum
1620 3350 1886 3420 Scaliger,

316 3438 466 3504 quod
496 3445 551 3490 et
582 3436 764 3492 minus
797 3438 1076 3508 probabile
1106 3447 1212 3502 est,
1243 3449 1300 3493 et
1351 3451 1437 3496 est
1500 3449 1647 3494 certe
1697 3453 1888 3495 contra
1916 3454 1927 3465 '

317 3535 570 3608 veterum
629 3529 895 3586 librorum
954 3528 1138 3584 fidem.
1200 3528 1501 3586 Comruissa
1555 3543 1636 3586 est
1711 3547 1888 3603 pugna

319 3620 468 3673 circa
499 3619 702 3676 Julium
736 3635 1002 3685 mensem,
1036 3619 1283 3689 adeoque
1313 3624 1459 3676 circa
1494 3621 1722 3692 hujusce
1757 3625 1886 3676 anni

315 3709 518 3764 decimi
552 3711 678 3764 noni
710 3711 912 3766 tinem-
935 3711 1106 3767 Porro
1163 3711 1308 3780 quod
1345 3713 1452 3765 huc
1477 3713 1644 3766 refert
1693 3713 1888 3769 doctus

315 3806 412 3854 vir.
449 3800 754 3864 Zosimurn,
786 3802 880 3855 lib.
940 3816 1023 3866 tu,
1085 3816 1202 3870 cap.
1242 3803 1294 3867 5,
1328 3817 1433 3854 non
1501 3802 1714 3857 videtur
1768 3805 1888 3857 ani-

320 3891 704 3957 madvertisse,
731 3907 856 3946 eum
889 3891 970 3946 vel
1022 3906 1352 3961 exaggerare
1393 3902 1589 3961 prmter
1643 3895 1886 3955 modum,

317 3984 404 4037 vel
460 3981 683 4035 librario
715 3981 912 4037 mendo
956 3983 1126 4051 premi
1163 3981 1220 4035 in
1252 3982 1550 4036 nurnericis
1584 3983 1747 4044 notis,
1793 3985 1885 4038 ubi

315 4073 414 4136 ait,
442 4075 723 4143 sexaginta
754 4073 922 4127 millia
949 4073 1378 4127 Alemannorum
1407 4073 1606 4140 deleta,
1637 4089 1761 4129 cum
1793 4088 1885 4130 sex

317 4173 530 4216 tantum
564 4163 727 4217 millia
753 4163 1284 4218 referatAmmianus
1306 4163 1648 4218 Marcellinus
1677 4164 1888 4228 lib.xvr,

313 4269 436 4323 cap.
471 4254 556 4316 12,
576 4265 697 4310 octo
716 4254 1037 4310 Libaniusin
1055 4255 1204 4310 Orat.
1227 4255 1434 4321 funeb.,
1449 4265 1501 4310 et
1516 4267 1640 4310 ante
1658 4271 1890 4325 pugnam

316 4357 424 4397 non
459 4343 562 4396 nisi
591 4343 659 4399 50
689 4353 783 4397 aut
814 4343 884 4398 55
912 4344 1104 4409 millia,
1145 4342 1334 4397 iisdem
1387 4342 1639 4406 testibus,
1668 4343 1889 4400 fuerint.

385 4432 506 4486 Col.
530 4433 656 4488 505.
713 4432 974 4488 Saraceni
1013 4434 1068 4487 in
1115 4435 1512 4488 monasterium.
1563 4435 1738 4502 Atque
1784 4433 1889 4488 hoc

1914 3181 1962 3245 C

1979 589 2124 654 idem
2146 598 2344 652 iterum
2376 593 2589 650 ldacius
2619 600 2791 657 notat,
2821 592 3066 662 reliquie:
3092 590 3195 644 illa:
3226 589 3551 646 Constanti-

1978 689 2222 759 nopolim
2263 689 2490 742 invectae
2541 695 2688 742 sunt.
2717 684 2825 739 Sed
2856 695 2911 741 et
2938 687 2989 738 in
3022 700 3088 740 eo
3119 685 3349 757 multum
3375 684 3552 737 Scali-

1979 794 2075 848 ger
2106 777 2495 841 hallucinatur,
2550 777 2692 847 quod
2730 776 3016 831 contendit
3050 773 3256 828 Novam
3306 776 3557 835 ltornaru,

1979 874 2097 929 sive
2151 870 2702 939 Constantinopolim,
2755 885 2864 924 non
2915 869 3145 924 Romam
3191 868 3401 935 ἁπλῶς,
3459 886 3556 922 seu

1982 975 2249 1028 veterem,
2301 974 2429 1018 tunc
2451 968 2755 1032 ingressum
2780 979 2899 1017 esse
2918 961 3323 1016 Constantium.
3365 961 3556 1015 llicro-

1983 1071 2206 1139 ny_t_n_tt*m
2238 1065 2420 1109 autem
2454 1054 2594 1108 male
2619 1053 2679 1106 τὸ
2715 1069 2901 1108 ηουαηι
2953 1055 3391 1122 praetermisisse,
3415 1055 3556 1122 quod

1984 1142 2173 1198 eratin
2195 1140 2384 1196 Graeco
2410 1143 2698 1211 scriptore,
2728 1142 2867 1196 unde
2881 1143 3110 1211 accepit,
3136 1144 3282 1195 Νέαν
3312 1145 3556 1212 Ῥώμην.

1985 1232 2122 1288 Nam
2153 1248 2332 1303 neque
2380 1249 2443 1288 ex
2482 1232 2682 1288 Graecis
2720 1234 2831 1289 haec
2868 1234 3049 1289 hausit
3079 1234 3136 1289 S.
3169 1235 3351 1297 Pater,
3385 1251 3562 1304 neque

1987 1325 2210 1382 sanead
2235 1324 2397 1378 aliam
2423 1339 2585 1393 quam
2617 1334 2856 1378 veterem
2913 1325 3102 1378 urbem
3142 1324 3391 1383 Romam.
3422 1325 3562 1378 hanc

1990 1418 2256 1472 nimirum
2320 1417 2489 1472 Italia:
2574 1429 2793 1481 nostrze,
2857 1427 2984 1471 tunc
3024 1418 3284 1486 tempatis
3351 1418 3564 1470 venisse

1989 1509 2390 1573 Constantium,
2432 1517 2682 1566 auctores
2729 1511 2820 1565 alii
2888 1525 3104 1574 omnes,
3154 1519 3208 1562 et
3233 1510 3560 1577 cumprimis

1989 1602 2313 1659 Ammianus
2355 1602 2702 1657 Marcellinus
2756 1603 2854 1660 lib.
2904 1617 3016 1666 xvr,
3079 1601 3370 1671 signiticat.
3422 1602 3562 1667 Quid

1993 1692 2135 1762 quod
2171 1693 2504 1762 triumphum
2539 1691 2614 1746 ibi
2641 1693 2770 1762 egit,
2802 1701 2855 1746 et
2878 1701 2996 1745 vota
3026 1691 3094 1746 55
3126 1690 3314 1756 edidit,
3347 1692 3566 1745 laudato

1994 1784 2194 1854 saepius
2225 1781 2405 1837 ldacio
2433 1791 2589 1846 teste,
2627 1797 2690 1837 ac
2714 1797 2808 1850 per
2832 1781 3050 1850 triginta
3094 1779 3204 1834 fere
3254 1781 3370 1834 dies
3412 1780 3565 1834 urbis

1988 1872 2445 1945 magnificentiam
2516 1884 2600 1928 est
2647 1872 2984 1927 demiratus?
3048 1872 3318 1925 Caeterum
3377 1872 3444 1924 de
3485 1887 3567 1923 re—

1987 1963 2170 2032 liquiis
2231 1963 2342 2017 illis
2390 1961 2508 2015 vide
2551 1962 2973 2034 Plrilostorgium
3021 1961 3120 2015 lib.
3155 1977 3239 2023 lli,
3271 1978 3391 2031 cap.
3420 1964 3477 2029 ἢ,
3512 1965 3566 2016 in

1987 2070 2224 2123 eumque
2270 2052 2711 2123 Gothofredumg
2732 2053 2966 2122 denique
3005 2061 3059 2108 et
3086 2045 3306 2122 I’agiurn
3336 2052 3567 2110 Dissett.

1954 2146 1958 2149 ’
1988 2144 2272 2216 Hypatica,
2306 2160 2358 2214 p.
2379 2145 2506 2203 257.

2057 2236 2179 2290 Col.
2215 2236 2340 2292 503.
2370 2235 2679 2290 Nicomedia
2709 2245 2864 2290 terra:
2897 2246 3043 2291 motu
3077 2237 3318 2306 funditus
3365 2255 3569 2292 eversa.

1994 2327 2442 2398 Contigitutique
2496 2328 2725 2381 Datiano
2759 2336 2811 2383 et
2838 2328 3059 2384 Cereale
3081 2346 3223 2384 coss.
3252 2332 3332 2384 rel
3373 2346 3400 2382 v
3448 2332 3564 2386 Kal.

1990 2419 2356 2490 Septembres,
2395 2431 2451 2474 ut
2473 2419 2757 2487 Socrates;
2789 2421 2869 2474 vel
2895 2437 2965 2483 rx,
2999 2432 3054 2474 ut
3078 2422 3392 2478 Ammianus
3425 2425 3569 2478 Mar—

1991 2511 2222 2567 cellinus
2257 2512 2451 2567 sentit.
2514 2512 2794 2581 Agebatur
2829 2520 3010 2566 tamen
3059 2517 3357 2567 etiamnum
3389 2529 3569 2568 annus

1992 2603 2286 2658 vicesimus
2328 2605 2539 2673 prirnns
2583 2603 2910 2668 Constantii,
2947 2605 3062 2674 qui,
3098 2614 3156 2659 ut
3182 2589 3569 2674 saepiusnota¥

1995 2705 2107 2750 ttrrn
2133 2708 2238 2760 est,
2305 2695 2374 2749 ab
2433 2696 2552 2764 ipso
2626 2694 2948 2765 Septembre
3040 2697 3349 2751 inchoatur.
3408 2696 3568 2749 Falso

1996 2789 2178 2857 itaque
2212 2787 2477 2857 Scaliger,
2521 2788 2610 2842 cui
2650 2790 2892 2844 auctoris
2950 2790 3122 2843 nostri
3159 2790 3568 2843 rationcshaud

1996 2882 2131 2935 satis
2162 2890 2459 2951 perspecta:
2526 2890 2705 2946 erant,
2761 2881 3237 2949 prochronismum
3271 2883 3568 2946 illiunius

1994 2973 2122 3027 anni
2161 2973 2410 3042 irnputal.
2437 2971 2695 3026 Aurelius
2719 2986 2938 3041 quoque
2970 2970 3153 3025 Victor
3183 2973 3237 3026 iu
3259 2971 3572 3026 Caesaribus
3615 2989 3630 3005 ε

1995 3080 2116 3134 cap.
2143 3063 2231 3128 16,
2258 3064 2407 3119 circa
2444 3066 2629 3130 finem,
2661 3064 2827 3117 tradit
2868 3071 3199 3117 constratarn
3253 3071 3568 3118 terrannotu

1996 3155 2365 3210 Nicomediam
2398 3170 2494 3209 sua
2520 3165 2713 3210 aetate.
2763 3154 2985 3209 Cereale
3022 3154 3241 3209 consule
3282 3171 3297 3208 :
3333 3165 3391 3208 ut
3427 3156 3573 3209 male

1994 3225 2594 3299 rﬁms’sﬁiduxerit
2628 3254 2823 3299 auctor
2858 3243 3138 3299 Paschalis
3169 3244 3450 3307 Clrronici,
3474 3244 3573 3313 qni

1992 3335 2045 3388 in
2105 3334 2486 3394 consulatum,’
2541 3335 2921 3404 insequentem
2977 3335 3194 3390 Eusebii
3243 3344 3295 3390 et
3351 3334 3570 3406 llypatii

1999 3424 2232 3479 confert.
2304 3422 2474 3477 Porro
2522 3439 2659 3491 quas
2716 3424 3081 3496 Hieronymus
3136 3427 3343 3480 vicinas
3408 3431 3576 3479 urbes

1990 3531 2054 3571 ex
2105 3525 2256 3584 parte
2302 3525 2541 3580 vexatas,
2583 3516 2796 3571 ldacius
2850 3517 2989 3571 alius
3035 3528 3249 3571 centum
3297 3517 3568 3588 quinqua-

1992 3607 2140 3678 ginta
2163 3606 2413 3661 civitates
2435 3605 2601 3672 dixit,
2630 3608 2736 3662 nisi
2762 3608 2806 3662 si
2833 3608 2996 3662 cubat
3021 3609 3073 3662 in
3103 3607 3393 3661 lllllllel'it'is
3420 3607 3577 3661 notis.

1992 3699 2269 3753 mendum.
2305 3698 2378 3753 De
2422 3698 2762 3754 Nicomediae
2797 3700 2954 3753 ruina
3013 3710 3186 3753 exstat
3217 3697 3422 3752 Libanii
3454 3717 3568 3752 mo-

1992 3791 2178 3855 nodia,
2202 3803 2256 3844 et
2278 3789 2626 3845 Marcellinus
2695 3792 2889 3846 Comes
2939 3805 3057 3845 eam
3115 3793 3277 3845 tradit
3306 3791 3471 3845 fuisse
3500 3793 3574 3844 ab

1993 3883 2279 3953 Ephrtemo
2299 3884 2529 3938 diacono
2555 3884 2804 3953 elegiacis
2840 3885 3087 3938 versibus
3109 3899 3457 3952 express-am.

2062 3973 2200 4028 Ibid.
2236 3974 2494 4027 Paulinus
2559 3973 2891 4027 Trevirorum
2963 3975 3257 4040 episcopus.
3329 3974 3567 4026 Ascr'ibit

1995 4067 2318 4135 praecedenti
2353 4067 2600 4135 proxime
2640 4083 2786 4121 anno
2825 4067 3089 4136 Scaliger.
3121 4065 3220 4121 Ms.
3249 4066 3564 4122 Parmensis

1992 4161 2047 4213 in
2066 4160 2260 4230 Pii/rga
2288 4177 2385 4230 pro
2419 4161 2645 4231 Phrygia
2671 4162 2822 4231 legit.

2064 4252 2199 4307 Ibid.
2229 4255 2484 4307 Evantius
2501 4251 2960 4307 'eruditissimus...
2995 4255 3270 4308 Chrcsms.
3298 4254 3568 4310 Pontacus

1992 4348 2198 4416 legerat
2218 4347 2400 4400 (Iretus
2421 4362 2439 4399 :
2461 4362 2602 4400 unus
2626 4347 2764 4415 apud
2800 4346 3026 4416 Scaliger
3044 4363 3132 4401 um
3162 4363 3262 4401 ms.
3288 4347 3568 4402 Charisius

1996 4438 2182 4500 habet,
2256 4437 2347 4490 alii
2411 4435 2700 4490 erestus.
2764 4435 3016 4490 Nostram
3079 4437 3370 4492 lectionem
3446 4456 3565 4491 curn

319 4521 562 4593 Scaliger
592 4535 806 4592 gestum
835 4540 979 4580 anno
1037 4524 1396 4594 subsequerrti
1429 4524 1689 4581 vicesimo
1747 4525 1892 4582 Cou-
1922 4523 1966 4580 Ι)
1996 4529 2090 4583 alii
2115 4530 2281 4584 etiam
2342 4528 2470 4603 editi
2535 4528 2680 4592 libri,
2726 4536 2839 4581 tum
2868 4529 3178 4583 l’armcnsis
3206 4544 3310 4583 ms.
3349 4532 3566 4599 probat.

317 4615 504 4668 stantii
529 4616 820 4692 ascripsita

391 4707 511 4763 Col.
555 4709 678 4764 504.
711 4709 1021 4765 Constantio
1045 4709 1267 4765 Romam
1322 4711 1574 4778 ingresso.
1608 4710 1894 4779 Ingressus

319 4809 411 4854 est
447 4800 672 4854 Romam
698 4800 1082 4865 Constantius,
1119 4804 1346 4857 consule
1399 4818 1458 4857 se
1491 4819 1566 4868 rx,
1592 4800 1892 4871 erJuliano

321 4907 381 4957 n,
411 4899 471 4945 ut
529 4893 743 4949 ldacius
795 4893 848 4947 in
903 4893 1084 4949 Fastis
1113 4905 1362 4959 testatur,
1418 4910 1471 4949 tv
1518 4893 1642 4948 Kal.
1671 4893 1891 4949 Maias:

322 4995 447 5048 qua:
477 4995 680 5035 annum
740 4981 928 5052 utique
971 4983 1186 5052 imperii
1237 4985 1356 5052 ejus
1414 4982 1757 5047 vicesimum,
1785 4996 1894 5036 uno

321 5076 609 5143 alteroque
638 5089 824 5128 mense
853 5075 994 5129 ultra
1027 5073 1288 5139 medium,
1323 5076 1604 5129 denotant.
1633 5072 1897 5142 Hierony-

328 5183 456 5220 mus
479 5167 710 5234 ipsemet
734 5165 827 5219 lib.
859 5167 926 5221 de
954 5165 1098 5219 Viris
1137 5164 1472 5231 illustribus,
1505 5180 1622 5234 cap.
1651 5165 1680 5218 7
1710 5177 1724 5216 :
1750 5163 1892 5218 Con-

332 5260 737 5325 stantinopolim
793 5259 1034 5312 vicesimo
1059 5257 1359 5313 Constantis
1407 5272 1547 5310 anno
1586 5272 1702 5310 ossa
1734 5254 1889 5308 Luca:

321 5365 439 5403 cum
469 5349 708 5419 reliquiis
769 5350 996 5404 Andreas
1038 5350 1265 5418 apostoli
1306 5350 1575 5404 translata
1635 5357 1884 5402 testatur.

323 5442 476 5498 Adeo
525 5442 1007 5509 manifesturnest,
1060 5443 1171 5496 falli
1220 5442 1578 5510 Sraligerum,
1638 5441 1731 5509 qui
1757 5440 1888 5495 reli-

320 5537 579 5606 quiarum
619 5536 1030 5591 translationem
1068 5536 1229 5590 istam
1279 5539 1331 5589 in
1361 5551 1561 5588 annum
1599 5534 1891 5602 insequen-

321 5636 459 5694 tem,
493 5625 804 5681 Constantii
863 5626 1184 5681 vicesimum
1242 5614 1502 5696 primum,
1538 5624 1765 5680 differt:
1820 5636 1892 5690 et,

320 5719 468 5788 quod
512 5719 710 5773 mirum
752 5727 835 5773 est
868 5719 1058 5789 magis,
1113 5717 1177 5772 de
1222 5718 1705 5783 mctachrouismo,
1733 5730 1894 5786 quem

317 5811 439 5883 ipse
474 5811 712 5880 admisit,
775 5811 1146 5870 reccnsioncm
1216 5812 1352 5868 hanc
1397 5811 1592 5881 arguit.
1643 5809 1746 5876 Qui
1787 5809 1894 5866 imo

1997 4620 2324 4685 Evantbius,
2366 4619 2486 4673 aliis
2533 4618 2880 4688 Eugraphius
2940 4621 3160 4685 dicitur,
3202 4624 3286 4674 crri
3321 4632 3371 4674 et
3412 4637 3567 4675 com.

1995 4713 2298 4766 meritarius
2358 4713 2411 4765 in
2464 4710 2800 4775 Terentium,
2856 4712 2986 4766 olim
3019 4713 3226 4767 Donato
3275 4715 3567 4782 ascriptus,

1996 4803 2321 4859 tribuendus
2351 4803 2587 4856 videtur.

2066 4895 2207 4949 Ibid.
2243 4894 2490 4964 Synodns
2519 4895 2660 4962 apud
2692 4893 3015 4948 Ariminum.
3082 4893 3276 4947 Notior
3333 4893 3566 4950 historia

1993 4995 2096 5052 est,
2132 5001 2294 5055 quam
2340 4993 2396 5038 ut
2427 4987 2595 5040 verbo
2621 4986 2904 5055 explicem.
2937 4986 3203 5055 Scaliger,
3227 4988 3318 5056 qui
3361 4988 3549 5042 referri

1995 5078 2102 5132 huc
2135 5077 2290 5147 jubet
2323 5077 2632 5150 Hieronymi
2677 5081 2949 5148 dialogum
3017 5089 3206 5134 contra
3260 5079 3570 5134 Luciferia‘

1995 5181 2116 5230 "05.
2157 5183 2221 5220 ex
2264 5184 2328 5222 eo
2365 5169 2440 5221 ait
2491 5169 2783 5223 manifesto
2841 5170 3045 5236 colligi,
3116 5172 3372 5226 consules
3441 5171 3567 5222 huic

1995 5259 2268 5313 Chronico
2292 5260 2537 5328 exemplo
2557 5259 2775 5314 Eusebii
2811 5262 3080 5332 ascriptus
3122 5259 3565 5316 fuissc.Somniis

1996 5355 2195 5424 quippe
2224 5355 2340 5408 suis
2373 5369 2542 5422 usque
2568 5355 2705 5408 adeo
2761 5354 3062 5421 delectatur
3095 5366 3110 5406 :
3143 5368 3317 5422 neque
3378 5352 3561 5404 anim-

1996 5445 2251 5506 advertit,
2293 5461 2416 5513 quae
2445 5447 2730 5500 consulatu
2795 5457 3168 5517 praenotantur
3196 5446 3391 5514 sacpius
3429 5446 3564 5498 ineo

1995 5535 2213 5604 diaIOgo
2253 5548 2372 5590 acta
2406 5536 2521 5603 ipsa
2557 5539 2772 5592 cuneilii
2809 5538 3062 5609 proferri.
3111 5536 3223 5592 Nos
3259 5537 3345 5589 lric
3373 5537 3562 5594 eadem

2000 5643 2278 5696 urgemus,
2304 5628 2502 5696 quibus
2537 5630 2877 5700 argumentis
2927 5627 3220 5682 Eusebium
3275 5626 3562 5681 consulum

1996 5717 2147 5788 paria
2213 5717 2360 5787 operi
2421 5734 2522 5772 suo
2585 5733 2693 5772 non
2729 5717 3048 5780 attexuisse,
3100 5714 3213 5784 jam
3277 5715 3563 5772 evicimus.

1996 5810 2237 5895 Sederit
2262 5812 2486 5870 inferius
2526 5813 2717 5869 iterum
2777 5811 2991 5869 dicendi
3045 5809 3148 5867 hac
3178 5810 3244 5868 de
3309 5811 3564 5869 rclocus.
