4014 6196
460 289 602 356 1ἰ43

1723 301 1811 357 VA
1825 301 1956 362 ΗΛ
1974 303 2120 361 IISII
2158 305 2400 371 NOTJE.

3571 333 3714 398 1144

519 405 637 455 Col.
663 403 787 457 504.
822 403 1126 458 Honoratus
1160 422 1223 459 cx
1268 407 1513 475 pt'tt’feclo
1545 410 1831 478 prwtorio.'
1864 412 2034 467 Abest
2065 424 2105 475 Α
2146 416 2304 474 renti.
2334 416 2480 471 circa
2514 418 2677 489 hujus
2711 422 2839 478 anni
2866 425 3080 483 initium
3113 446 3126 482 :
3155 430 3310 500 Apud
3337 432 3713 502 Antiochiam.

446 511 476 548 a
520 493 805 550 Parmensi
866 511 970 550 ms.
1033 498 1148 551 Iure
1226 501 1503 567 periocha.
1572 500 2028 558 Luculentissime

445 594 624 639 autem
656 586 872 641 Idacius
908 589 966 642 in
990 588 1171 644 Fastis
1206 590 1308 643 sub
1339 590 1576 646 Eusebio
1606 604 1768 661 atque
1798 594 2027 665 Ilypatio

445 678 785 743 consulibus,
820 678 967 749 Ipso,
1002 682 1098 746 ait,
1138 699 1274 736 anno
1304 685 1534 752 primum
1565 687 1817 753 processit
1880 685 2025 742 Con-

450 772 800 840 stantinOpoli
850 773 1130 841 prmfectus
1167 773 1296 828 Urbi
1348 777 1557 830 nomine
1598 776 1906 832 Honoratus
1943 780 2025 833 die

444 863 599 914 tertia
631 860 763 914 Idus
800 862 1125 919 Decembris.
1168 868 1326 919 Anno
1362 867 1525 936 igitur
1541 868 1843 923 Constantii
1877 870 2023 923 vice-

440 953 578 1007 simo
604 956 759 1008 tertio
789 956 895 1024 jam
929 959 1183 1011 ineunte:
1213 973 1274 1010 ex
1301 973 1408 1027 quo
1431 959 1772 1013 manifestum
1799 970 1881 1017 est
1911 960 2020 1015 falli

450 1041 812 1113 Scaligeruin,
837 1047 925 1115 qui
967 1059 1174 1117 gestum
1215 1048 1382 1114 illigat
1418 1051 1661 1119 proxime
1698 1051 2016 1118 pra-cedenti

438 1134 701 1188 vicesimo
743 1138 1007 1190 secundo.
1054 1140 1238 1205 [\‘eque
1285 1138 1402 1207 ejus
1444 1140 1688 1194 rationes
1735 1139 1891 1211 juvat
1928 1149 2021 1193 aut

438 1234 656 1279 nostras
681 1227 953 1281 imminuit
981 1228 1239 1282 Chrouiei
1274 1231 1554 1284 Paschalis
1585 1240 1797 1297 auctor,
1830 1232 1921 1302 qui
1958 1249 2016 1287 III

435 1315 562 1370 Idus
584 1317 904 1385 Septembris
923 1336 1019 1389 pro
1054 1321 1327 1377 Deccmbre
1354 1324 1567 1391 posuit:
1590 1338 1716 1376 nam
1757 1338 1813 1379 et
1842 1325 2013 1380 falsus

434 1423 491 1461 in
524 1423 589 1463 eo
620 1421 726 1474 est,
780 1420 834 1465 et
867 1412 934 1465 ab
967 1427 1031 1466 eo
1080 1413 1288 1466 scilicet
1313 1428 1496 1467 mense
1542 1415 1670 1467 anni
1708 1413 2008 1470 Cbnstantii

434 1496 785 1553 inchoantur.
820 1498 981 1556 Adito
1011 1501 1292 1556 Socratem
1338 1504 1433 1557 lib.
1461 1520 1522 1567 ιι,
1558 1520 1676 1573 cap.
1714 1504 1801 1569 41,
1835 1505 2012 1569 initio,

432 1599 488 1641 et
534 1589 899 1663 Sozomenuni
945 1593 1039 1647 lib.
1090 1609 1165 1660 Iv,
1196 1610 1318 1663 cap.
1349 1595 1439 1649 25.
1479 1596 1677 1650 Eidem
1694 1613 1839 1652 anno
1869 1606 2014 1653 recte

431 1662 680 1739 Gratiani
711 1694 865 1740 ortus
897 1688 1235 1757 assignatur.
2010 1678 2013 1681 ἢ

2135 501 2333 569 inquit,
2364 504 2579 560 Ariante
2613 515 2870 567 Ita'reseos
2906 516 3171 582 eiicientes
3221 520 3478 580 Paulinos
3526 527 3593 581 de
3629 545 3718 583 ec-

2131 594 2313 659 clesia,
2343 598 2607 653 Mclelium
2676 606 3084 671 constituerunt,
3123 628 3223 678 quo
3284 615 3496 672 nolente
3528 636 3716 674 eorum

2129 685 2286 738 malm
2308 691 2464 741 menti
2495 695 2806 759 consentire,
2852 694 3125 760 Euzoiunt,
3152 704 3508 775 presbyterum
3550 711 3716 765 Cear—

2129 775 2202 842 gii
2228 775 2582 836 Alexandrini
2608 787 2720 851 ejus
2749 786 2860 840 loco
2893 788 3296 847 ordinaverunt.

2204 867 2325 922 Col.
2367 870 2491 925 5οί.
2536 872 2717 933 Callia
2766 894 2859 946 per
2922 880 3215 937 Hilarium.
3268 884 3469 942 Eodem
3518 892 3714 945 recilit

2126 962 2269 1029 quod
2326 962 2484 1017 habet
2529 966 2701 1019 codex
2757 969 3092 1038 Parmensis,
3145 976 3361 1032 Ariona:
3415 983 3657 1048 perﬁdia:
3689 1000 3709 1036 :

2127 1053 2323 1107 vitiose
2351 1056 2493 1122 apud
2526 1058 2883 1128 Sealigerum,
2912 1065 3283 1134 Arminiensis,
3313 1080 3420 1129 etC.

2194 1143 2311 1198 Col.
2337 1145 2461 1199 503.
2488 1147 2830 1206 Constantius
2882 1153 3263 1224 Mapsocrenis.
3301 1160 3454 1215 Obiit
3506 1163 3706 1219 iisdem

2124 1237 2441 1291 consulibus
2470 1239 2652 1295 Tauro
2683 1250 2739 1297 et
2795 1242 3078 1301 Florentio
3111 1265 3172 1304 ιιι
3217 1248 3359 1304 Non.
3387 1252 3708 1309 Novembris

2125 1327 2206 1397 (ut
2242 1329 2478 1397 Idacius,
2509 1332 2784 1402 Socrates,
2810 1335 3114 1407 Cedrenus,
3152 1346 3316 1414 atque
3354 1345 3445 1397 alii
3492 1355 3705 1410 testan-

2098 1424 2107 1429 '
2141 1422 2275 1490 tur),
2321 1424 2568 1492 adeoque
2596 1437 2790 1498 exacto
2814 1428 2925 1496 jam
2977 1445 3119 1485 anno
3140 1435 3453 1503 Augustalis
3484 1438 3705 1506 imperii

2100 1516 2395 1571 'vicesimo
2443 1529 2658 1587 quarto,
2693 1522 2785 1590 qui
2838 1516 2909 1575 in'
2946 1523 3267 1594 Septembre
3310 1528 3536 1583 desinit.
3587 1534 3708 1585 An-

2118 1623 2249 1660 num
2317 1622 2501 1662 autem
2589 1613 2768 1691 aetatis
2851 1616 3329 1685 quadragesimum
3420 1623 3703 1691 quintum,

2117 1714 2279 1767 quem
2348 1697 2713 1771 Hieronymus
2767 1714 3048 1775 supputat,
3092 1710 3313 1764 vixdum
3363 1712 3589 1780 inierat,
3628 1716 3706 1769 si-

496 1775 615 1830 CoI.
682 1774 806 1831 503.
850 1777 1089 1832 Hilarius
1126 1794 1245 1832 cum
1278 1780 1422 1865 apud
1463 1779 2002 1849 Constantinopolim.
2043 1771 2085 1827 Β
2114 1786 2358 1855 quidem,
2408 1795 2467 1842 ut
2515 1797 2668 1843 notat
2713 1771 2988 1858 Julianus,
3035 1771 3186 1850 rorat.
3237 1813 3275 1866 ι,
3339 1771 3624 1858 Gallicana
3649 1813 3705 1858 et

431 1865 564 1933 Quae
605 1867 736 1921 hinc
776 1870 1191 1939 subsequuntur
1217 1871 1285 1925 ad
1318 1864 1593 1926 lulianum
1632 1888 1830 1942 usque,
1867 1872 2009 1928 Pon-

427 1970 583 2012 tacns
622 1974 745 2012 eum
779 1975 923 2021 anim
954 1947 1262 2017 Constantii
1321 1963 1590 2019 vicesimo
1630 1976 1825 2034 quarto
1854 1974 2007 2035 gesta

426 2052 610 2105 omnia
643 2064 1101 2122 comparaverat:
1144 2054 1394 2125 Scaliger
1421 2070 1451 2110 e
1484 2059 1765 2121 contrario
1798 2059 2036 2124 omnia,.

424 2154 707 2213 postremo
733 2158 986 2217 excepto,
1028 2162 1154 2202 cum
1189 2148 1534 2219 praecedente
1563 2149 1812 2220 proxime
1859 2150 2009 2206 vice-

424 2236 563 2290 simo
591 2239 774 2293 tertio.
797 2236 1002 2293 Neuter
1026 2240 1163 2294 bene
1180 2282 1196 2307 ,
1232 2255 1545 2311 quanquam
1594 2241 1843 2296 codicum
1869 2257 2004 2298 mss.

433 2337 666 2396 uterque
696 2330 898 2384 nitatur
929 2333 1261 2387 auctoritate
1285 2341 1405 2401 ;est
1432 2333 1577 2388 enim
1618 2333 2004 2391 dissidentium

422 2420 660 2477 invicem
690 2420 901 2476 incerta
946 2423 1099 2490 ﬁdes,
1143 2441 1306 2495 quam
1341 2427 1566 2495 licebat,
1608 2438 1662 2485 et
1685 2431 1857 2488 satius
1888 2441 2006 2488 erat

421 2511 491 2566 ad
557 2511 800 2568 historiae
842 2500 1142 2569 veritatem.
1177 2508 1421 2588 exigere.
1453 2521 1817 2590 Praeterquam
1856 2523 2003 2592 quod

422 2617 526 2658 nec
556 2604 759 2673 exiguo
796 2620 1025 2661 nutriere
1049 2618 1198 2674 sunt,
1230 2625 1369 2680 quos
1410 2612 1527 2680 ipse
1562 2609 1833 2668 Pontaeus
1880 2613 2002 2669 lau-

423 2692 538 2757 dat,
591 2708 726 2748 mss.
762 2694 908 2761 libri,
947 2698 1038 2766 qui
1064 2698 1250 2767 priora
1296 2709 1536 2769 quatuor
1576 2702 1693 2756 haec
1727 2711 1879 2772 gesta
1932 2703 2002 2758 ad

419 2780 701 2845 Meletinm
756 2802 931 2857 usque
982 2803 1105 2843 cum
1165 2792 1425 2846 vicesimo
1464 2793 1630 2847 tertio
1667 2792 1998 2858 Constantii,

419 2878 634 2948 reliqua
679 2895 805 2934 cum
861 2882 1230 2952 subsequente
1283 2898 1431 2939 anno
1462 2896 1829 2955 componant:
1859 2903 1997 2955 quo-

417 2980 542 3019 rum
575 2981 709 3021 sane
738 2968 917 3036 potior
949 2970 1107 3023 nobis
1137 2973 1438 3039 auctoritas
1471 2972 1597 3040 fuit,
1633 2975 1875 3031 maxime
1903 2991 1998 3030 co-

420 3056 562 3112 dicis
597 3073 817 3128 quoque
837 3058 1150 3116 Parmensis
1178 3061 1441 3134 suﬂragio
1486 3065 1802 3122 accedente.
1853 3066 1997 3122 Sane

421 3146 692 3204 Hilarium
723 3150 790 3203 ad
819 3147 1023 3204 Gallias
1055 3151 1284 3207 rediisse
1315 3154 1419 3208 sub
1442 3155 1570 3208 anni
1605 3155 1846 3225 vulgaris
1872 3157 2000 3212 Dio-

418 3238 630 3311 nysiani
683 3238 787 3294 360
843 3241 1026 3306 tinent,
1076 3250 1172 3295 aut
1231 3243 1513 3311 sequentis
1558 3244 1800 3310 initium,
1832 3260 1998 3313 prope

420 3340 633 3384 certum
675 3339 780 3388 est.
816 3329 950 3385 Illud
984 3346 1112 3386 vero
1150 3343 1366 3403 tempus
1401 3332 1456 3386 in
1490 3332 1603 3387 fere
1639 3335 1877 3389 medium
1912 3335 1993 3389 vi-

415 3421 677 3476 cesimum
728 3423 947 3477 tertium
996 3422 1300 3479 Constantii
1346 3425 1602 3480 incurrit.
1673 3425 1893 3494 Confer,
1948 3431 1997 3484 si

416 3512 585 3579 Iubet,
617 3516 796 3570 saneti
819 3515 1085 3569 antistitis
1103 3513 1277 3569 Vitam
1304 3532 1332 3570 a
1359 3515 1727 3573 Benedictinis
1763 3519 1993 3575 adorna-

414 3616 550 3671 tam,
590 3607 821 3677 ejusque
851 3609 1126 3677 praeﬁxum
1157 3609 1386 3664 editioni
1414 3607 1679 3680 Operam.

485 3702 627 3756 Ibid.
659 3701 1003 3757 Macedonius
1023 3704 1478 3772 Constantinopoli
1511 3705 1749 3773 pellitur.
1786 3709 1994 3762 Auctor

415 3792 700 3848 Paschalis
745 3792 1004 3850 Clu-onici
1028 3797 1095 3851 ad
1134 3798 1278 3850 hunc
1317 3812 1521 3851 annum
1581 3814 1597 3852 :
1648 3797 1992 3855 Macedonius

411 3888 685 3956 episc0pus
751 3885 1078 3942 CPolitanus
1110 3898 1327 3959 propter
1357 3890 1528 3945 multa
1557 3892 1724 3959 ipsius
1770 3894 1993 3961 propria

411 3981 638 4035 crimina
663 3990 1038 4036 exauctoratus
1073 3991 1177 4049 est,
1209 3993 1260 4037 et
1282 3985 1339 4037 in
1367 3983 1540 4037 locum
1585 3984 1702 4053 ejus
1727 3983 1990 4054 subroga-

412 4081 495 4125 tus
546 4070 823 4126 Eudoxius
876 4087 1053 4127 mense
1095 4074 1380 4143 .Andynato
1408 4071 1737 4145 (Januario),
1785 4074 1873 4127 die
1896 4074 1990 4139 27,

406 4163 776 4232 prtescntibus,
805 4171 913 4217 etc.
1484 4217 1500 4231 ,

479 4255 591 4310 Col.
618 4256 742 4310 504.
771 4253 1222 4323 Constantinopoli
1243 4256 1460 4309 ecclesia
1485 4257 1738 4313 maxima.
1761 4255 1870 4312 Hoc
1889 4257 1993 4312 sci-

408 4348 533 4401 licet
554 4361 716 4410 anno,
739 4347 1055 4401 consulibus
1078 4346 1395 4401 Constantio
1416 4363 1448 4401 ι
1476 4357 1531 4402 et
1566 4346 1780 4403 Juliano
1797 4365 1896 4413 -ιιι,
1923 4352 1988 4420 τῇ

2114 1878 2283 1934 Basso
2311 1893 2456 1934 coss.
2486 1880 2676 1937 Idibus
2700 1886 2960 1952 Augustis
2986 1896 3071 1941 est
3102 1897 3280 1943 natus.
3308 1889 3469 1946 Paria
3494 1893 3704 1949 habent

2112 1968 2431 2041 Eutropius,
2459 1970 2647 2028 Victor
2699 1975 2755 2029 in
2807 1975 3092 2046 Epitome,
3137 1991 3191 2033 ct
3223 1981 3498 2039 Socrates.
3537 1985 3701 2042 Nouo

2111 2060 2362 2117 laudatus
2417 2070 2609 2119 auctor
2673 2063 2984 2136 Fragmenti
3034 2068 3103 2125 de
3160 2072 3324 2129 rebus
3382 2075 3698 2144 Athanasii,

2122 2167 2274 2242 num.
2317 2153 2396 2208 6:
2439 2153 2649 2221 Quarta
2676 2157 2782 2225 die,
2833 2159 3031 2230 inquit.
3089 2165 3282 2218 mensis
3353 2164 3498 2238 Cyac
3556 2170 3702 2242 (hac

2108 2242 2192 2296 vel
2225 2240 2553 2302 Novembris
2586 2257 2866 2317 postrema
2892 2242 2998 2318 est,
3035 2253 3124 2309 vel
3144 2253 3459 2312 Decembris
3482 2240 3695 2329 prima)

2105 2334 2395 2404 prafectus
2454 2338 2738 2394 Gerontius
2806 2344 3071 2398 nuntiavit
3117 2359 3338 2401 mortem
3396 2348 3703 2406 Constantii

2106 2424 2464 2495 imperatoris,
2491 2439 2539 2482 et
2566 2432 2708 2500 quod
2729 2434 2876 2487 solus
2900 2433 3154 2491 Julianus
3188 2440 3356 2493 tenuit
3386 2441 3699 2495 uniuersum

2106 2517 2408 2587 imperium.
2478 2521 2646 2578 Porro
2698 2525 2787 2579 alii
2839 2541 2940 2598 pro
2991 2528 3381 2600 Mopsucrenis,
3436 2532 3697 2605 Mopsue-

2108 2612 2268 2663 stiam
2301 2613 2486 2667 dicunt
2517 2631 2533 2671 :
2565 2614 2908 2686 Ammianus,
2933 2620 3030 2677 lib.
3088 2639 3201 2688 xxi,
3229 2638 3286 2679 ct
3311 2626 3570 2682 Aurelius
3596 2626 3698 2681 Vi-

2106 2708 2226 2754 ctor
2254 2717 2378 2755 cum
2401 2700 2759 2777 Hieronymo,
2802 2710 2957 2779 cujus
2985 2711 3093 2768 huc
3121 2715 3265 2770 refer
3321 2718 3487 2786 epist.
3512 2718 3582 2772 60
3621 2719 3693 2773 ad

2104 2786 2455 2845 Heliodorum
2494 2811 2564 2847 nu
2581 2812 2652 2854 in.
2693 2799 2778 2853 I5.

2171 2883 2289 2939 Col.
2324 2886 2450 2942 504.
2483 2886 2821 2947 XXXVIII.
2864 2892 3143 2953 Julianus.
3197 2897 3469 2964 Quantum
3504 2919 3534 2956 a
3582 2902 3691 2959 De-

2103 2979 2340 3034 cembris
2370 2981 2547 3050 initio,
2588 2985 2764 3039 solido
2797 2988 3124 3044 intermedio
3164 3003 3329 3056 anno,
3378 2994 3445 3046 ad
3481 3010 3530 3048 vr
3571 2996 3692 3048 Ka-

2104 3068 2296 3123 lendas
2318 3068 2491 3128 Julias
2533 3074 2841 3131 intercedit.
2873 3077 3053 3135 Minus
3097 3081 3235 3134 adeo
3262 3093 3413 3137 recte
3444 3081 3694 3153 Scaliger

2104 3159 2270 3214 habet
2309 3162 2579 3216 mensibus
2648 3176 2786 3219 octo.
2826 3165 3143 3235 S’uhjuncta
3172 3173 3335 3225 verba
3368 3189 3495 3227 cum
3528 3179 3691 3231 unci-

2101 3251 2187 3307 nis
2225 3266 2402 3321 neque
2448 3253 2764 3311 Parmensis
2830 3274 2935 3315 ms.
2994 3276 3175 3332 neque
3229 3266 3477 3320 melioris
3537 3277 3690 3325 notae

2101 3337 2227 3392 libri
2262 3339 2351 3392 alii
2385 3353 2709 3411 agnoscunt.

2168 3431 2285 3486 Col.
2313 3433 2440 3487 505.
2473 3433 2695 3488 Iuliano
2720 3437 2790 3488 ad
2834 3437 3095 3493 idolorum
3142 3440 3367 3499 cultum.
3422 3444 3681 3504 Notatum

2098 3520 2376 3594 Scaligero
2411 3540 2475 3580 ex
2516 3527 2805 3595 ipsiusmet
2832 3528 3036 3584 Juliani
3058 3533 3220 3602 epist.
3249 3538 3317 3590 ad
3338 3519 3677 3593 'Alesandrio

2097 3631 2220 3676 nos,
2262 3617 2408 3671 hunc
2465 3617 2636 3674 fuisse
2676 3635 2880 3675 annum
2935 3624 3308 3690 undecimum,
3368 3642 3438 3683 ex
3476 3633 3678 3699 quoad

2099 3706 2369 3761 idolorum
2399 3709 2602 3763 cultum
2642 3724 2761 3766 sese
2792 3723 3159 3768 converterat.
3206 3714 3347 3774 Male
3405 3717 3680 3778 Pontacus

2094 3799 2322 3867 legerat,
2364 3800 2427 3852 ab
2464 3800 2727 3854 idolorum
2760 3801 2905 3856 cultu
2936 3818 3206 3869 converso,
3241 3814 3351 3862 etc.

2166 3889 2300 3945 Ibid.
2370 3890 2598 3963 Georgia
2625 3909 2716 3959 per
2747 3895 3078 3950 seditionem.
3112 3888 3560 3961 Accuratissime.
3615 3911 3677 3957 ut

2095 3980 2231 4035 nihil
2260 3998 2449 4051 supra,
2486 3986 2700 4038 laudata
2744 3985 2942 4053 saepius
2976 3986 3204 4045 historia
3228 3990 3294 4043 de
3319 3992 3483 4045 rebus
3504 3994 3674 4048 Atha-

2093 4072 2274 4126 nasii:
2309 4074 2505 4127 Audito
2533 4075 2861 4144 (Constantii
2888 4078 3069 4149 obitu)
3115 4081 3257 4136 cives
3318 4084 3674 4140 Alexandrini

2094 4171 2144 4216 et
2174 4180 2350 4218 omnes
2390 4176 2576 4219 contra
2639 4164 2923 4237 Georgium
2958 4167 3345 4238 clamauerunt,
3387 4179 3671 4246 eodemque

2092 4264 2357 4308 momento
2380 4256 2472 4308 sub
2502 4259 2742 4311 custodia
2770 4259 2919 4312 illum
2944 4264 3354 4329 constituerunt,
3400 4276 3451 4320 et
3474 4268 3578 4335 fuit
3612 4273 3669 4322 in

2093 4360 2304 4399 carcere
2333 4345 2472 4413 ferro
2494 4348 2692 4402 vinctus
2734 4365 2798 4402 ea:
2839 4352 3093 4417 prwdicto
3130 4356 3215 4409 die
3270 4356 3471 4425 σμασι
3505 4375 3667 4430 usque

404 4438 871 4509 πεντεκαιδεκάτῃ
892 4437 984 4490 τοῦ
1006 4438 1372 4508 Φεϐρουαρῐου
1393 4440 1585 4509 μηνός,
1603 4442 1983 4509 quintodecimo

2106 4440 2165 4489 πά
2193 4437 2259 4492 27
2296 4438 2532 4506 ejusdem
2566 4440 2757 4493 mensis
2785 4442 2858 4510 (id
2890 4452 2974 4498 est
3022 4444 3093 4498 25
3122 4447 3664 4517 Itecetnhris),di¢bus

408 4534 495 4584 die
514 4532 703 4584 mensis
735 4528 1040 4596 Februarii,
1071 4542 1231 4592 teste,
1249 4546 1411 4598 quem
1438 4541 1493 4585 et
1508 4531 1748 4600 Scaliger
1770 4532 1975 4595 laudat,

403 4620 629 4673 Socrate
654 4620 747 4673 lib.
780 4635 841 4675 II.
874 4620 1033 4672 0.45.
1061 4618 1421 4673 Luculentius
1474 4628 1665 4673 auctor
1700 4621 1978 4675 Paschalis

402 4710 715 4765 Chronici:
776 4709 893 4764 Hoc
943 4727 1105 4772 anno,
1163 4727 1336 4765 mense
1397 4708 1594 4764 Peritio
1624 4712 1970 4783 (Februario)

350 4811 354 4815 ’
403 4803 491 4856 die
536 4802 619 4863 I5,
655 4819 852 4884 magna
884 4801 1122 4856 Ecclesia
1153 4801 1684 4881 Constantinopoleos
1728 4805 1973 4859 dedicata

397 4901 501 4951 est.
558 4892 621 4946 Et
657 4895 815 4963 paulo
854 4906 996 4962 post,
1040 4894 1293 4949 Enca'nia
1330 4911 1535 4965 magna:
1567 4895 1816 4951 Ecclesia:
1834 4902 1969 4950 cele-

400 4990 555 5041 brata
610 4998 733 5039 sunt
792 5003 932 5040 anno
987 4987 1260 5040 tricesimo
1325 4997 1512 5052 quarto
1536 4988 1653 5057 plus
1677 4992 1869 5052 minus,
1909 5005 1973 5042 ex

396 5094 498 5145 quo
532 5075 876 5142 [nndamenta
899 5076 1279 5130 Constantinus
1316 5076 1489 5130 Victor
1531 5079 1801 5148 Augustus
1823 5079 1971 5147 jece-

395 5178 503 5222 rat.
540 5169 669 5220 Acta
709 5176 831 5219 sunt
867 5178 1040 5221 autem
1070 5167 1212 5222 illius
1246 5167 1496 5223 Enaenia
1530 5170 1610 5224 his
1636 5172 1967 5233 consulibus,

395 5277 482 5314 xvr
510 5262 780 5315 Kalendas
834 5259 1083 5327 Martias,
1146 5264 1235 5330 qui
1289 5263 1401 5316 dies
1429 5272 1506 5316 est
1547 5265 1739 5316 mensis
1784 5264 1969 5317 l’eritii

396 5354 483 5406 14.
515 5352 824 5423 Legendum
854 5352 1144 5420 utrobique
1175 5353 1386 5405 videtur
1409 5353 1495 5407 I5.
1516 5350 1648 5408 Vide
1676 5354 1962 5424 Cangium,

394 5447 440 5500 si
470 5447 638 5511 lubet,
673 5445 729 5498 in
759 5442 1217 5512 Constantinopoli
1245 5444 1572 5499 Christiana.

457 5538 576 5593 Col.
608 5538 730 5592 505.
775 5536 1015 5591 Meletins
1038 5535 1287 5591 Sebastia:
1324 5539 1714 5593 Armeniorum.
1751 5536 1963 5591 Dudum

389 5631 644 5686 laudatus
702 5638 895 5684 auctor
958 5629 1269 5696 Fragmenti
1316 5629 1381 5683 de
1437 5630 1599 5682 rebus
1658 5630 1961 5694 Athanasii,

392 5736 453 5777 εκ
496 5720 789 5774 \‘l-runensi
828 5719 1031 5784 codice,
1071 5721 1174 5776 sub
1224 5717 1497 5773 consulatu
1538 5717 1699 5775 Tauri
1752 5727 1799 5771 et
1830 5716 1959 5773 Flo-

2081 4530 2172 4585 24.
2212 4527 2353 4580 Nam
2375 4529 2444 4582 28
2500 4530 2585 4582 die
2610 4530 2847 4598 ejusdem
2896 4536 3091 4589 mensis
3139 4554 3294 4591 mane
3327 4555 3456 4606 pene
3484 4546 3656 4595 omns

2078 4620 2301 4689 populus
2340 4619 2487 4673 illius
2519 4621 2751 4675 civitatis
2775 4623 3020 4691 perduxit
3043 4626 3104 4678 de
3120 4642 3329 4681 carcere
3352 4629 3657 4700 Georgium,

2080 4728 2283 4765 necnon
2338 4714 2498 4765 etiam
2547 4715 2811 4779 comitem,
2846 4717 2936 4784 qui
2969 4734 3086 4770 cum
3114 4719 3225 4787 ipso
3263 4728 3379 4772 erat
3416 4723 3663 4777 insisten-

2076 4812 2179 4854 tem
2231 4800 2449 4864 fabricce
2504 4800 2821 4869 Dominicte,
2868 4821 2985 4873 qua:
3020 4805 3220 4859 dicitur
3257 4808 3575 4875 Ccesarium,
3606 4822 3657 4864 et

2077 4894 2376 4946 occiderunt
2410 4895 2617 4955 ambos.
2648 4905 2891 4950 eteorum
2917 4913 3142 4965 corpora
3188 4901 3655 4954 circumduxerunt

2074 4999 2168 5049 per
2202 4983 2430 5036 mediam
2466 4986 2734 5038 ciuitatem
2762 5000 2780 5038 :
2812 4983 3027 5056 Georgii
3055 4986 3447 5055 quident’super
3477 5004 3655 5042 came-

2075 5076 2206 5133 lum,
2257 5075 2530 5128 Dracentii
2574 5091 2692 5130 vero
2743 5077 2975 5130 homines
3008 5077 3219 5145 funibus
3262 5079 3655 5144 tralientes;sic

2075 5165 2288 5232 injuriis
2326 5165 2542 5234 a/fedos
2574 5167 2717 5218 circa
2742 5167 2926 5219 horam
2952 5168 2983 5220 7
3000 5167 3103 5220 diei
3127 5170 3406 5237 utriusque
3427 5185 3649 5235 corpora

2072 5248 2485 5310 rombusserunl.
2524 5255 2708 5311 .Vides
2736 5258 2926 5311 horam
2962 5258 3196 5325 denique
3219 5258 3388 5327 ipsam
3415 5270 3650 5312 anxieta-

2071 5346 2384 5411 t.un.Tum,
2422 5348 2611 5414 paucis
2645 5348 2977 5415 interiectis:
3011 5345 3139 5400 Post
3168 5347 3278 5401 dies
3306 5357 3479 5401 autem
3514 5359 3644 5414 (res,

2071 5435 2270 5490 Hetltir
2304 5438 2371 5491 14
2417 5437 2725 5508 (Februarii
2779 5440 2858 5508 8),
2893 5439 3078 5491 datum
3097 5452 3176 5491 est
3198 5449 3517 5505 pra-ceptum
3544 5439 3644 5494 Cc-

2071 5532 2245 5585 rontio
2298 5533 2548 5600 pra'fccto
2607 5532 2846 5602 ejusdem
2891 5529 3102 5584 Juliani
3189 5533 3374 5600 imper.
3439 5548 3639 5585 necnon

2069 5626 2227 5677 etiam
2286 5626 2471 5677 vicarii
2507 5606 2773 5689 .Modesti,
2802 5624 3113 5693 pra’cipt'ens
3165 5624 3433 5693 episcopos
3461 5639 3639 5675 omnes

2070 5716 2386 5786 [actionibus
2424 5718 2643 5769 ante/mc
2671 5719 3049 5771 circumventos
3070 5726 3116 5768 et
3151 5715 3419 5769 exsiliatos
3452 5716 3633 5769 recerti
