3974 6192
356 344 494 408 1145

1611 342 2016 404 VALLAllSll.
2057 294 2296 402 uoca.

3434 331 3571 398 1146

352 460 422 514 ad
443 475 567 519 suas
587 446 829 512 civitates
852 467 897 512 et
921 458 1244 525 provincias.
1280 455 1379 511 Ila:
1402 465 1579 509 autem
1611 456 1803 510 littera
1828 472 1908 509 se-
1936 463 1985 522 Α
2015 455 2164 524 pacis
2199 451 2567 516 conditiones,
2604 448 3063 520 qumundmodum
3114 444 3412 515 Eutropius
3488 459 3572 501 at-

350 551 537 619 qnenti
560 550 643 603 die
661 548 853 603 Methir
889 549 953 602 lii
979 549 1261 617 proposita:
1300 558 1449 613 sunt;
1474 549 1799 615 postmodum
1819 565 1913 600 au-

351 649 475 703 tem,
502 649 549 692 et
574 638 808 706 prcefecti
837 636 1069 691 Gerontii
1106 638 1333 712 edictum
1355 638 1677 706 propositum
1701 648 1798 696 est,
1821 653 1914 704 per

288 762 295 769 -
352 729 493 799 quod
514 729 802 799 vocabatur
823 729 1093 797 episcopus
1122 727 1441 780 Athanasius
1459 728 1527 780 ad
1552 744 1704 780 suam
1733 730 1915 780 reverti

356 797 668 867 Ecclesium.
709 815 776 867 Et
804 825 920 883 post
956 816 1065 868 dies
1091 814 1152 867 12
1175 815 1329 882 hujus
1358 814 1515 867 edicti
1536 815 1913 881 propositionis

349 905 676 967 Athanasius
696 906 836 958 visus
888 916 965 959 est
1000 906 1140 973 apud
1184 904 1590 968 Alexandriam,
1623 906 1916 975 ingressus-

349 1012 456 1070 que.
480 1007 556 1048 est
607 996 915 1065 ecclesiam,
971 997 1150 1049 eodem
1180 1012 1355 1049 mense
1414 994 1609 1049 Methir
1638 998 1719 1050 die
1736 997 1827 1061 27,
1856 1008 1914 1051 ut

351 1089 421 1140 sit
437 1104 500 1139 ex
525 1089 639 1156 ejus
666 1089 796 1157 fuga
823 1089 1042 1157 Syriani
1064 1100 1110 1140 et
1152 1087 1353 1140 Hilarii
1383 1088 1702 1157 temporibus
1749 1090 1914 1161 facta,

350 1194 513 1246 usque
543 1179 612 1231 ad
643 1178 867 1232 reditum
899 1179 1011 1247 ejus
1040 1168 1329 1232 Iuliano...
1364 1176 1556 1231 Ilethir
1608 1178 1708 1245 27,-
1738 1189 1879 1238 elc.,

420 1267 561 1323 lhid.
616 1268 873 1322 Eusebius
900 1277 954 1322 et
1011 1266 1245 1336 Lucifer.
1281 1267 1420 1321 Alibi
1472 1270 1668 1334 accitis,
1723 1278 1857 1335 etc.,
1889 1284 1920 1324 e

350 1372 586 1427 quorum
622 1358 912 1412 verborum
946 1356 1169 1427 regione
1185 1355 1426 1427 Scaliger
1463 1357 1515 1411 in
1548 1356 1917 1427 Bongarsiano

352 1450 539 1505 cod’ce
587 1450 964 1504 vetustissimo
1024 1451 1232 1504 invenit
1279 1451 1568 1518 scriptum,
1602 1448 1920 1519 Gargonium

351 1542 479 1594 dicit
509 1542 576 1592 ab
609 1539 990 1607 Germania,et
1015 1539 1313 1610 Cymatium
1343 1542 1404 1594 de
1433 1538 1657 1595 Gabala.

422 1629 561 1685 Ibid.
652 1628 1033 1694 Proha'resius,
1098 1632 1328 1696 sophista
1394 1631 1920 1689 Atheniensis..lluc

353 1720 574 1775 nomine
603 1736 699 1790 per
726 1720 776 1775 id
801 1723 1059 1789 temporis
1085 1721 1638 1777 honoriﬁcentissime
1674 1724 1920 1777 rhetores

351 1812 838 1881 compellabantur.
909 1812 1252 1866 Prohaaresio
1337 1825 1519 1867 autem
1583 1814 1701 1869 Πᾶν
1761 1812 1920 1883 γένος
1953 1797 1990 1849 Β

353 1901 613 1970 ὑψιλοφον
648 1897 785 1972 εἷχε,
815 1912 874 1957 ut
912 1901 1291 1959 Nazianzenus
1361 1904 1528 1959 canit.
1556 1905 1691 1959 Eum
1739 1905 1921 1959 vivere

353 1993 583 2049 desiisse
607 1994 851 2071 quinque
885 1996 1005 2064 post
1033 1992 1235 2048 Iuliani
1268 2003 1494 2048 mortem
1530 1996 1711 2058 annis,
1746 1993 1923 2060 Euna-

351 2083 478 2151 pius
512 2084 681 2138 tradit
710 2099 727 2150 ;
757 2085 848 2154 qui
877 2082 1091 2137 tametsi
1134 2082 1570 2138 Christianorum
1629 2082 1803 2138 hostis
1839 2082 1922 2136 iu-

353 2174 727 2238 l‘ensissimus,
759 2188 975 2228 summa
998 2175 1072 2230 illi
1111 2178 1294 2230 omnia
1331 2174 1546 2229 tribuit.

423 2265 564 2322 Ibid.
594 2264 833 2320 Ecclesia
863 2267 1225 2321 Antiochite...
1251 2267 1340 2320 ubi
1355 2284 1387 2320 a
1404 2265 1628 2336 quodam
1649 2264 1918 2319 simulato.

352 2362 718 2428 Christianos,
752 2360 820 2416 ad
849 2361 1143 2417 creandum
1192 2362 1319 2417 huic
1377 2363 1581 2417 nomini
1637 2354 1917 2424 invidiam,

356 2455 523 2510 caedis
547 2461 803 2509 auctores
824 2450 1088 2508 Libanius
1122 2452 1260 2509 dixit
1294 2468 1312 2509 :
1346 2453 1502 2522 cujus
1565 2453 1741 2507 locum
1797 2466 1921 2521 pro-

354 2540 465 2598 fert
507 2543 671 2597 etiam
719 2542 1059 2597 Sozomenus
1119 2541 1218 2597 lib.
1275 2557 1352 2595 vt.
1403 2541 1506 2607 Qui
1561 2541 1924 2595 interfuerunt

354 2632 596 2689 buicmet
623 2634 974 2702 expeditioni,
999 2632 1297 2695 Eutropius
1313 2640 1366 2687 et
1397 2632 1666 2686 Ammian.
1687 2622 1917 2686 Marcelé

356 2724 528 2791 linus,
564 2738 669 2778 non
715 2736 887 2795 usque
912 2724 1048 2779 adeo
1085 2723 1416 2778 conveniunt
1452 2738 1468 2779 :
1532 2723 1621 2777 ille
1645 2723 1712 2777 ab
1742 2724 1924 2777 hostili

361 2829 571 2868 manu:
606 2813 698 2867 hic
755 2814 892 2867 nihil
923 2814 989 2867 de
1044 2812 1224 2877 hoste,
1270 2811 1385 2878 sed,
1437 2812 1694 2865 incertum
1748 2804 1923 2868 subita

355 2904 614 2966 equestris
651 2902 828 2979 hasta,
862 2900 1169 2972 perfossum
1231 2903 1613 2971 imperatorem
1677 2910 1921 2957 narrant.

355 2994 468 3049 Nec
546 3002 813 3047 memorat
896 2993 1108 3047 hostem
1178 2989 1471 3057 Zosimus;
1561 2990 1655 3045 sed
1737 2992 1923 3061 utique

2014 560 2115 613 que
2146 543 2260 609 alii,
2315 543 2495 598 deﬂet.
2543 540 2752 606 Vidcsis
2800 550 2978 603 tamen
3008 553 3068 591 ea
3106 538 3168 591 de
3199 551 3257 591 re
3284 536 3341 591 S.
3374 536 3577 606 Grego-

2015 636 2154 689 rium
2205 635 2607 689 Nazianzenum
2651 623 2719 685 in
2755 632 2914 701 epist.
2952 631 3016 685 ad
3052 628 3288 698 Philipp.
3342 643 3464 697 cap.
3516 627 3575 690 2,

2016 726 2375 795 Augustinum
2428 726 2497 779 de
2544 724 2704 779 Civit.
2747 723 2837 778 Dei
2892 722 2986 776 lib.
3024 737 3076 775 tv
3138 732 3192 775 et
3235 736 3288 786 v,
3344 719 3577 789 denique

2017 817 2272 871 Ruﬁnum
2305 818 2400 869 lib.
2429 833 2486 881 ll,
2522 817 2570 869 l.

2089 909 2207 964 Col.
2248 909 2371 963 505.
2407 898 3024 977 δυιιοιίιιε“ΛνιιὶοεΙιὶιε.
3060 904 3113 958 in
3140 902 3417 958 Parmensi
3453 916 3578 963 ms.,

2019 1001 2291 1053 omousion
2327 999 2796 1067 anomousionque.
2824 996 3023 1051 Confer
3064 993 3285 1049 Pontaci
3320 991 3487 1046 Notas
3521 991 3574 1045 in

2019 1090 2167 1142 calce
2217 1089 2356 1143 libri.

2088 1179 2226 1235 lhid.
2282 1178 2538 1232 Iovianus
2570 1177 2849 1231 cruditate.
2879 1176 3189 1246 Eutropius,
3228 1190 3259 1230 a
3299 1189 3407 1244 quo
3470 1171 3582 1225 No-

2020 1280 2133 1324 ster
2156 1270 2356 1334 hausit,
2391 1267 2567 1331 Multi,
2593 1268 2690 1332 ait,
2724 1267 3085 1319 exanimatum
3112 1268 3393 1332 opinantur
3419 1262 3585 1315 nimia
3683 1286 3692 1297 -

2020 1358 2319 1421 cruditate;
2350 1358 2489 1410 inter
2519 1359 2834 1410 cwnandum
2886 1356 3023 1408 enim
3046 1353 3212 1422 epulis
3259 1352 3586 1405 indulserat:

2020 1448 2116 1501 alii
2138 1448 2295 1501 odore
2329 1445 2580 1511 cubiculi,
2622 1446 2759 1516 quod
2814 1459 2877 1498 ea:
2928 1444 3126 1497 recenti
3177 1442 3395 1495 tectorio
3424 1441 3585 1495 calcis

2020 1556 2173 1610 grave
2193 1538 2576 1609 quiescentibus
2606 1548 2720 1591 erat
2751 1553 2770 1591 :
2817 1535 3031 1605 quidam
3086 1535 3359 1588 nimietate
3385 1549 3585 1603 pruna-

2020 1646 2320 1695 rum,quas
2377 1628 2522 1698 gravi
2578 1628 2771 1698 frigore
2827 1626 3030 1681 adoleri
3088 1625 3281 1679 multas
3326 1624 3579 1693 iusserat.

2022 1720 2252 1776 Decessit
2287 1721 2492 1787 imperii
2548 1735 2719 1773 mense
2774 1717 2805 1768 'l
2854 1715 3291 1787 (rescribendum
3352 1715 3425 1784 8;
3456 1724 3586 1771 sunt

2020 1814 2162 1866 enim
2194 1812 2261 1865 ab
2283 1812 2403 1880 ejus
2428 1810 2690 1865 electione
2715 1827 2765 1864 vr
2790 1810 2907 1863 Kal.
2966 1807 3157 1869 Iulias,
3197 1807 3262 1862 ad
3289 1808 3432 1863 diem
3465 1801 3587 1862 ubl-

2022 1912 2129 1968 tus,
2165 1918 2326 1972 quem
2380 1904 2560 1956 statim
2626 1911 2811 1965 notat,
2873 1913 3037 1968 supra
3103 1897 3309 1953 solidos
3372 1911 3590 1952 menses

2019 2001 2248 2061 septem,
2300 1992 2416 2046 dies
2472 1991 2656 2061 viginti
2723 1988 2907 2055 unus),
2950 1998 3142 2059 quarto
3209 1987 3410 2042 decimo
3462 1986 3586 2044 Kal.

2019 2081 2251 2137 Martias
2280 2084 2482 2149 atatis,
2507 2090 2566 2134 ut
2629 2081 2718 2152 qui
2750 2080 3043 2150 plurimum
3074 2095 3136 2131 ac
3162 2078 3444 2148 minimum
3473 2085 3590 2131 tra-

2019 2176 2175 2240 dunt,
2199 2175 2356 2229 tertio
2429 2183 2477 2228 et
2526 2173 2789 2228 tricesimo
2816 2188 2973 2225 anno.
3013 2168 3213 2225 Conler
3242 2169 3589 2224 Ammianum

2021 2281 2258 2335 quoque,
2289 2276 2343 2320 et
2367 2263 2639 2325 Victorem
2674 2265 2728 2317 in
2760 2263 3033 2332 Epitome,
3065 2260 3354 2317 Socratem
3390 2260 3484 2317 lib.
3506 2275 3589 2325 tu,

2021 2356 2382 2413 Sozomenum
2434 2372 2504 2419 vi,
2536 2365 2643 2411 etc.
2701 2354 3012 2409 Dadastana
3065 2351 3330 2408 Galatiam
3374 2353 3516 2409 inter
3535 2361 3592 2409 et

2020 2448 2328 2519 Bithyniam
2357 2458 2438 2502 est
2467 2447 2748 2519 Oppidum.

2093 2539 2170 2593 id.
2200 2539 2335 2593 ibid.
2360 2539 2692 2593 Iovianus...
2731 2549 2846 2607 post
2867 2555 3047 2607 quem.
3071 2535 3372 2592 Tricesilno
3418 2535 3593 2592 ferme

2021 2630 2133 2691 die,
2162 2637 2220 2681 ut
2254 2631 2328 2682 ait
2363 2627 2639 2688 Socrates,
2670 2640 2953 2696 postquam
2986 2630 3101 2696 ipse
3126 2627 3464 2691 Augustinus
3498 2635 3587 2679 est

2023 2730 2388 2788 nuncupatus.
2436 2719 2756 2774 Ammianus
2817 2718 2914 2774 lib.
2976 2734 3106 2773 xxxi
3166 2717 3419 2773 scribitv
3460 2716 3592 2771 Kal.

2020 2810 2231 2877 Apriles
2258 2827 2277 2876 ;
2309 2810 2522 2866 Idacius
2551 2819 2734 2865 autem
2788 2819 2845 2863 et
2876 2809 3134 2864 Chronici
3167 2808 3447 2865 Paschalis
3492 2823 3597 2862 au.

2021 2911 2139 2957 ctor
2160 2912 2285 2956 ante
2313 2903 2454 2957 diem
2489 2918 2542 2956 tv
2566 2901 2694 2957 Kal.
2723 2901 2948 2971 Apriles,
2981 2903 3192 2957 dicunt.

2092 2993 2228 3049 ibid.
2258 2993 2663 3049 Valentinianus
2684 2996 2921 3063 egregius
2953 2995 3113 3049 alias.
3140 2992 3373 3063 Opponit
3401 2992 3595 3049 Hiero-

355 3076 642 3145 Victoria
681 3085 956 3155 Epitome,
997 3084 1063 3136 ab
1112 3099 1214 3136 uno
1267 3100 1329 3137 ea:
1351 3083 1605 3144 hostibus,
1630 3093 1680 3136 et
1712 3083 1921 3153 quidem
1950 3117 1994 3176 ο
2025 3100 2190 3155 nymo
2240 3085 2481 3154 Scaliger
2518 3086 2750 3141 Victoris
2807 3083 3179 3140 testimonium
3233 3084 3285 3137 in
3318 3083 3590 3153 Epitome,

358 3178 615 3249 fugiente,
682 3183 843 3230 conto
913 3174 1225 3239 percutitur.
1286 3174 1579 3239 Christiani
1626 3175 1922 3242 scriptorcs

357 3285 474 3324 rem
512 3268 861 3323 incertiorem
892 3265 1102 3320 faciunt
1137 3286 1150 3320 :
1181 3263 1373 3319 Noster
1432 3267 1649 3320 videtur
1679 3282 1706 3319 a
1760 3269 1924 3323 Sexto

361 3358 506 3413 Rufo
537 3358 834 3428 accepisse.
871 3355 929 3410 In
953 3354 1229 3409 Parmensi
1255 3366 1357 3412 ms.
1393 3369 1491 3409 vox
1522 3365 1675 3408 conto
1711 3356 1924 3410 deside-

360 3460 536 3505 ratur.

433 3536 513 3590 1d.
549 3535 779 3591 ihid.....
810 3551 948 3589 anno
1008 3534 1186 3588 (etatis
1217 3532 1306 3586 52.
1346 3523 1465 3588 Ι]ηό
1497 3535 1674 3588 minus
1727 3534 1923 3589 Socra-

361 3638 446 3684 tes
505 3628 598 3682 lib.
628 3643 685 3683 ιιι
740 3635 1016 3697 supputat,
1053 3627 1106 3680 iu
1132 3640 1239 3695 quo
1267 3636 1322 3680 et
1370 3624 1539 3681 falsus
1574 3635 1698 3693 est;
1749 3625 1920 3701 Iulia-

359 3734 466 3773 nus
491 3717 897 3787 ipsemetepist.
931 3716 991 3770 51
1027 3716 1097 3769 ad
1132 3716 1552 3778 Alexandrinos,
1578 3731 1740 3785 quam
1782 3717 1918 3771 scri-

363 3811 481 3879 psit
509 3809 697 3863 uttimo
729 3809 850 3862 vitae
875 3822 987 3863 suae
1012 3819 1274 3877 tempore,
1312 3807 1530 3876 triginta
1567 3808 1699 3862 duos
1754 3824 1925 3863 annos

361 3911 550 3955 natum
582 3914 643 3955 se
671 3899 802 3953 dicit
842 3916 857 3966 ;
892 3906 1079 3967 totque
1109 3899 1381 3954 Ammian.
1436 3897 1782 3955 Marcellinus
1823 3900 1920 3955 lib.

323 4008 495 4063 μιν,
549 4006 604 4046 c.
637 3992 693 4054 3,
724 4001 778 4045 et
818 3990 1105 4060 Eutmpius
1132 3990 1315 4047 verbis
1359 3990 1526 4045 altero
1564 4001 1615 4045 et
1664 3994 1924 4048 tricesimo

360 4092 575 4149 notant;
607 4081 693 4136 hic
718 4081 858 4136 diem
910 4095 1125 4151 quoque
1158 4081 1328 4146 addit,
1373 4096 1428 4134 Vl
1459 4080 1591 4137 Kal.
1617 4081 1812 4138 Iulias.
1865 4086 1923 4140 lu

366 4183 552 4227 vetere
582 4187 726 4241 saepe
764 4172 982 4225 laudata
1017 4170 1251 4226 Historia
1299 4175 1365 4227 de
1399 4173 1560 4228 rebus
1590 4173 1870 4229 Athanasii
1908 4193 1923 4231 :

361 4263 615 4335 Olympus
643 4256 815 4317 autem
843 4262 978 4317 idem
1013 4262 1314 4333 praefectus,
1358 4279 1530 4318 mense
1560 4264 1822 4328 Mensore,
1853 4267 1925 4322 26

363 4356 473 4419 die,
521 4353 821 4408 consulibus
860 4351 1081 4407 Iuliano
1112 4354 1249 4422 Aug.
1316 4368 1368 4406 tv
1403 4361 1453 4405 et
1482 4351 1758 4413 Sallustio,
1793 4372 1929 4408 nun-

2030 3174 2251 3242 infestus
2301 3187 2473 3229 tamen
2524 3176 2688 3240 vitiis,
2736 3177 3061 3244 maximeque
3113 3176 3389 3239 avaritia,
3437 3175 3591 3244 cujus

2029 3267 2245 3335 punitor
2281 3267 2391 3335 ipse
2437 3267 2535 3336 fuit
2558 3283 2702 3321 acer.
2737 3265 2840 3321 Sed
2907 3265 3045 3321 falsa
3087 3265 3318 3320 lectione
3380 3263 3594 3322 Scbotti

2030 3355 2290 3423 deceptus
2357 3357 2472 3424 ipse
2542 3368 2667 3423 est;
2721 3356 3005 3426 legendum
3051 3357 3194 3410 enim
3243 3356 3465 3409 omnino
3517 3355 3593 3410 ibi

2030 3460 2151 3500 cum
2194 3460 2323 3500 mss.
2356 3446 2611 3500 onmibus
2642 3448 2796 3502 libris
2844 3446 3069 3514 infectus
3094 3460 3194 3515 pro
3244 3445 3495 3514 infestus,
3527 3454 3591 3499 ut

2029 3546 2084 3591 et
2117 3538 2325 3607 cupitor
2353 3551 2451 3604 pro
2477 3536 2713 3606 punitor,
2740 3537 2884 3606 quod
2930 3548 2988 3591 et
3008 3538 3331 3591 Arnuenius
3360 3536 3414 3589 in
3438 3534 3595 3590 Notis

2035 3629 2101 3681 ad
2127 3645 2249 3683 eum
2285 3629 2463 3683 locum
2497 3630 2746 3698 pluribus
2774 3628 2998 3684 evincit.

2105 3716 2240 3772 lhid.
2282 3719 2609 3787 Apollinaris
2630 3705 3020 3773 'iLaodirensis.
3066 3715 3126 3772 In
3169 3715 3448 3771 Parmensi
3487 3732 3591 3775 ms.

2033 3818 2142 3862 tota
2176 3808 2291 3863 iure
2331 3809 2581 3877 periocha
2612 3807 2970 3862 desideratur.

2032 3904 2057 3914 “
2101 3900 2237 3955 ibid.
2274 3899 2599 3954 Terrtemotu
2626 3900 2771 3969 facto
2803 3916 2895 3964 per
2943 3910 3132 3955 totum.
3160 3902 3303 3959 Nihil
3366 3907 3592 3963 dubium

2030 3991 2160 4062 quin
2193 3998 2536 4045 terraamotus
2564 3992 2655 4044 ille
2676 3991 2815 4045 idem
2840 3991 2913 4044 sit
2956 4006 3115 4059 quem
3148 3992 3466 4052 Ammianus
3492 4000 3593 4054 lib.

2033 4097 2159 4136 xxrv
2215 4082 2495 4147 describit,
2553 4081 2768 4137 consule
2833 4080 3201 4139 Valentiniano
3250 4088 3421 4154 primo
3472 4105 3591 4143 cum

2033 4174 2202 4242 fratre
2238 4171 2477 4226 Valente.
2522 4172 2807 4226 lnnuimus
2841 4189 3004 4241 porro
3030 4190 3127 4230 nos
3149 4176 3200 4229 in
3224 4176 3380 4233 Notis
3409 4182 3474 4234 ad
3504 4179 3594 4235 Vir

2037 4273 2141 4314 tam
2165 4261 2222 4316 S.
2244 4260 2562 4325 Hilarionis,
2594 4263 2869 4329 num..40,
2895 4265 3143 4319 eumdem
3178 4267 3323 4320 illum
3346 4270 3594 4326 denotari

2032 4351 2100 4404 ab
2139 4349 2692 4421 Hieronymoyerbis,
2728 4351 2807 4405 Ea
2842 4362 3147 4421 tempestate
3175 4366 3475 4412 (errremotu
3514 4370 3595 4415 to-

364 4446 542 4509 tiavit,
571 4444 849 4499 Iulianum
877 4443 1246 4513 imperatorem
1289 4460 1401 4497 esse
1423 4455 1705 4500 mortuum.
1745 4459 1797 4499 et
1829 4444 1926 4499 Io-
1955 4458 2004 4518 ι)
2039 4443 2145 4495 tius
2168 4441 2334 4507 orbis,
2390 4442 2481 4513 qui
2511 4451 2626 4511 post
2667 4441 2876 4497 Iuliani
2915 4455 3131 4499 ntortem
3182 4449 3393 4515 accidit,
3426 4454 3595 4506 maria

360 4536 575 4591 sianum
598 4534 957 4589 Christianum
988 4538 1277 4606 imperare.
1310 4533 1483 4611 'Quod
1507 4536 1708 4589 dicitur
1739 4536 1926 4591 llicro-

363 4644 527 4698 nymo
560 4626 921 4692 Primicerius,
960 4627 1100 4680 idem
1128 4637 1210 4680 est
1233 4634 1407 4693 atque
1441 4627 1682 4693 primus:
1720 4637 1771 4680 et
1798 4629 1927 4681 Am-

367 4719 552 4771 miano
610 4717 829 4788 quidem
872 4715 1205 4781 Marcellino,
1251 4716 1658 4769 domesticorum
1717 4716 1921 4770 ordinis

365 4810 569 4880 primus
602 4808 863 4863 Jovianus
891 4807 1216 4877 appellatur.

440 4898 574 4953 Ibid.
638 4896 953 4952 Iovinianus
986 4913 1160 4951 rerum
1195 4897 1518 4952 necessitate.
1552 4897 1784 4952 Sanctus
1812 4897 1924 4966 ipse

364 4988 545 5051 Pater,
589 4989 1025 5056 laudatusetiam
1060 4989 1357 5059 Scaligero,
1389 4989 1486 5043 lib.
1530 4990 1597 5042 de
1626 4988 1784 5042 Locis
1820 4990 1923 5042 lle-

364 5081 583 5143 hraicis,
650 5081 856 5141 Achad,
901 5070 1044 5133 urbs
1097 5082 1241 5149 regni
1294 5079 1524 5134 Nemrod
1558 5081 1610 5133 in
1644 5080 1924 5149 Babylone.

365 5171 535 5225 Porro
568 5171 934 5225 Hebrteihanc
984 5186 1094 5225 esse
1146 5173 1328 5226 dicunt
1366 5170 1764 5235 Mesopotamia:
1801 5172 1928 5225 civi-

365 5273 550 5328 tatem,
587 5277 702 5331 qua'
730 5260 884 5316 hadie
919 5271 1135 5315 vocatur
1164 5261 1347 5326 Nisibi,
1398 5279 1429 5315 a
1481 5261 1698 5314 Lucullo
1757 5278 1927 5331 quon-

366 5354 489 5406 dam
525 5353 760 5408 Romano
792 5355 1004 5409 consule
1038 5356 1299 5409 obsessam
1342 5360 1677 5423 captamque,
1725 5366 1771 5407 et
1805 5366 1928 5409 ante

361 5463 554 5512 paucos
586 5463 750 5500 annos
776 5465 808 5501 a
840 5446 1065 5501 Joviano
1095 5434 1410 5515 imperatore
1442 5446 1621 5500 Persis
1648 5447 1923 5499 traditam.

365 5535 617 5606 Reliquas
646 5537 1045 5607 Mesopotamizc
1084 5538 1413 5607 provincias,
1445 5536 1927 5601 ArzanenamJlu-

363 5643 614 5693 llucnam,
668 5627 1050 5690 Zabdicenam,
1119 5637 1173 5683 ct
1214 5627 1553 5683 Corduenam
1606 5629 1925 5682 Ammianus

364 5718 708 5775 Marcellinus
733 5721 874 5774 libro
912 5720 1135 5775 laudato
1169 5729 1433 5775 memorat
1462 5735 1473 5772 ε
1511 5720 1601 5789 qui
1627 5728 1679 5774 ct
1711 5720 1923 5790 iniquas

2032 4550 2240 4606 egressa
2269 4545 2386 4588 sunt
2417 4536 2668 4589 terminos
2695 4551 2837 4597 suos,
2864 4551 2973 4603 quo
3004 4538 3143 4601 loco,
3162 4540 3266 4592 nisi
3292 4555 3393 4594 nos
3414 4557 3475 4596 ea
3501 4542 3595 4597 fal-

2029 4628 2094 4682 lit
2116 4620 2517 4695 opinio,‘l‘acile
2546 4642 2645 4696 pro
2668 4626 2882 4681 Iuliani
2914 4628 3198 4696 legendum
3225 4628 3439 4685 Ioviani
3468 4635 3597 4699 erit,

2032 4718 2321 4775 Constabit
2353 4730 2503 4773 certe
2538 4720 2884 4785 luculentius,
2934 4722 3169 4776 voluisse
3198 4725 3361 4778 etiam
3399 4726 3592 4784 lliero-

2031 4825 2275 4880 nymum,
2302 4810 2503 4879 primo,
2541 4824 2649 4863 non
2680 4810 2850 4864 altero
2883 4826 3025 4865 anno
3061 4810 3421 4867 Valentiniani
3452 4820 3595 4872 cele-

2030 4901 2328 4957 berrimum
2368 4911 2480 4957 toto
2510 4909 2643 4958 orbe
2672 4915 3038 4961 terrremotum
3093 4906 3324 4976 ascribi,
3358 4921 3413 4963 ut
3444 4914 3587 4981 quod

2030 4993 2255 5048 alterius
2289 5003 2466 5047 tamen
2528 4995 2656 5047 anni
2690 5006 2817 5050 nota
2859 4997 2946 5051 hic
2995 4999 3309 5066 apponitur,
3354 5000 3590 5057 incautis

2026 5084 2460 5139 amanuensibus
2494 5085 2668 5151 culpa:
2699 5085 3047 5141 tribuendum
3089 5087 3365 5148 videatur.
3417 5091 3591 5162 Major

2029 5174 2082 5228 in
2119 5188 2184 5227 eo
2211 5173 2501 5244 scrupulus
2526 5183 2629 5237 est,
2650 5176 2795 5245 quod
2824 5174 3029 5240 volunt,
3058 5177 3201 5232 hunc
3231 5178 3404 5245 ipsum
3433 5178 3586 5236 iunui

2028 5269 2422 5320 commentario
2461 5266 2493 5320 5
2525 5266 2576 5320 in
2609 5281 2657 5321 c.
2690 5248 2760 5321 x'v
2792 5266 2969 5332 Isaiae,
3022 5283 3180 5338 quem
3216 5272 3289 5322 ait
3320 5267 3378 5324 S.
3427 5269 3589 5327 Pater

2029 5355 2083 5410 in
2118 5372 2214 5410 sua
2252 5356 2480 5425 infantia
2506 5358 2824 5428 contigisse.
2852 5359 2927 5414 Ea
2958 5360 3025 5413 de
3057 5375 3115 5414 re
3136 5359 3339 5416 videsis
3367 5377 3487 5430 qme
3514 5364 3587 5418 ibi

2028 5459 2288 5501 summa
2328 5458 2524 5502 nutet
2562 5464 2682 5520 qua:
2710 5451 2765 5504 in
2795 5449 2916 5505 Vita
2949 5451 3170 5506 uberius
3213 5451 3586 5521 disputantur.

2099 5540 2233 5593 lhid.
2268 5538 2583 5607 Procopius,
2613 5542 2704 5611 qui
2726 5543 2890 5611 apud.
2922 5540 3139 5595 Factum
3162 5542 3446 5614 consiguat
3472 5542 3590 5601 idae

2027 5632 2145 5684 cius
2185 5632 2237 5682 in
2296 5629 2470 5685 Fastis
2505 5647 2559 5685 rt
2618 5632 2730 5687 lial.
2795 5631 2991 5686 lunias
3020 5647 3033 5685 :
3067 5639 3256 5687 auctor
3305 5632 3589 5692 Paschalis

2029 5717 2285 5771 (lltronici
2314 5734 2387 5772 xit
2424 5719 2540 5775 Kal.
2565 5718 2737 5777 Iulias
2766 5720 3239 5792 hujusmctutiquc
3267 5724 3414 5782 anni.
3442 5722 3597 5786 Conon
