4014 6196
443 353 586 424 1147

1700 335 2108 418 VALLARSII
2149 351 2390 414 nom.

3539 348 3677 416 1148

439 472 523 528 fer
549 471 894 528 Ammianum
927 473 1024 532 lib.
1062 489 1209 538 xxvt,
1248 490 1298 530 c.
1331 473 1364 528 7
1400 481 1454 530 et
1488 487 1666 544 seqq.,
1720 468 1996 529 Zosimu'm
2028 473 2075 530 Δ
2177 469 2295 525 Col.
2353 467 2478 524 505.
2541 451 2902 524 Athanaricus
2937 480 3030 520 rea:
3078 461 3388 520 Gothorum.
3435 464 3496 520 In
3536 469 3679 520 Par-

442 560 535 616 lib.
570 579 640 627 tv,
678 562 1092 630 Pbilostorgium
1123 581 1200 628 tv,
1230 573 1333 620 etc.

509 652 643 707 Ibid.
678 653 929 711 Romam:
965 655 1212 711 Ecclesiae
1269 657 1562 710 tricesimus
1616 657 1852 726 quintus.
1906 655 2000 711 Li-

440 741 614 806 berio,
663 746 756 813 qui
793 762 888 800 vtu
954 746 1063 802 kal.
1099 747 1360 804 Octobres
1399 749 1556 810 obiit,
1589 756 1649 802 ut
1697 747 1992 802 Faustinus

435 841 491 887 et
526 831 869 890 Marcellinus
903 836 955 890 in
983 837 1188 893 Libello
1212 853 1434 908 precum
1475 846 1766 903 testantur,
1802 838 2001 892 Dama-

431 936 526 975 sus
556 921 670 976 Kal.
696 922 944 981 Octobris
969 926 1234 996 ejusdem,
1284 944 1405 997 quin
1460 926 1514 981 in
1551 927 1693 982 diem
1756 927 2000 982 Domini-‘-

369 1036 372 1038 η
430 1027 546 1064 cam
579 1013 910 1080 incidebant,
939 1018 1218 1072 ordinatus
1267 1026 1378 1073 est.
1414 1019 1763 1072 Anastasium
1819 1029 1876 1073 et
1899 1032 1996 1073 vc-

431 1112 575 1158 teres
609 1104 744 1159 alios
763 1106 1082 1161 Pontiﬁcmn
1107 1109 1383 1179 catalogus
1409 1123 1518 1162 non
1550 1123 1852 1164 moramur.

500 1194 572 1250 Id.
629 1196 761 1250 Ibid.
789 1196 1152 1260 Romanam...
1188 1200 1254 1253 Et
1283 1210 1398 1270 post
1443 1217 1546 1254 non
1573 1201 1830 1257 multum.
1865 1200 1996 1257 Am-

428 1285 640 1340 mianus
666 1303 882 1358 quoque
908 1289 1195 1345 Basilicam
1237 1290 1469 1346 Sicinini
1500 1301 1657 1346 vocat
1683 1292 1777 1348 lib.
1805 1293 1952 1348 xxvii
1973 1334 1988 1360 ,

427 1391 478 1430 c.
509 1376 564 1442 3;
598 1376 852 1434 Socrates
877 1382 970 1434 lib.
999 1398 1140 1442 tv.c.
1173 1383 1264 1445 9.9,
1298 1383 1548 1450 Σικίνης,
1574 1384 1861 1440 Parmens.
1889 1401 1991 1440 nis.

425 1464 770 1524 Siccinnium.
793 1471 896 1524 Alii
933 1472 1225 1527 Basilicam
1243 1473 1462 1532 Liberii.
1490 1475 1594 1529 Sed
1626 1486 1681 1531 et
1739 1477 1992 1533 Ursinum

422 1560 756 1614 recentiores
813 1565 1060 1617 nonnulli
1097 1565 1244 1620 docti
1297 1566 1398 1618 viri
1456 1564 1756 1621 Ursicinum
1810 1569 1993 1623 dicere

423 1659 631 1704 amant.
671 1649 805 1704 Vide
836 1651 1114 1708 laudatum
1166 1656 1436 1710 Ammiani
1490 1658 1690 1722 locum,
1753 1661 1805 1712 in
1834 1674 1990 1713 eum-

422 1752 528 1805 que
553 1739 947 1808 NotasValesii,
978 1746 1229 1800 Ruﬁnum
1263 1759 1521 1817 praeterea
1556 1750 1648 1804 lib.
1675 1765 1741 1816 ll,
1777 1750 1863 1813 10,
1891 1749 1991 1806 So-

2105 563 2279 617 mensi
2323 576 2426 616 ms.
2487 559 2852 614 Hatalericus.
2921 557 3165 628 Scaliger
3201 567 3416 629 gestum
3465 573 3676 627 praece-

2103 652 2250 706 denti
2285 651 2528 721 proxime
2563 664 2706 705 anno
2743 649 2984 705 ascribit.
3023 649 3184 704 Certe
3235 663 3331 718 per
3367 650 3421 705 id
3456 658 3677 720 tempo-

2103 741 2203 805 ris.
2237 743 2351 796 sive
2386 742 2578 798 ultimo
2599 743 2814 796 demum
2845 739 2970 794 belli
3003 738 3220 795 Gothici
3251 749 3679 811 anno,’regnare

2099 831 2490 888 Athanaricum
2545 833 2800 902 cmpissc.
2856 847 2921 885 ex
2967 830 3163 884 lsidori
3205 831 3480 888 Chronico
3516 834 3678 888 colli-

2101 939 2228 992 gere
2247 932 2349 976 est.
2375 922 2607 992 Prosper
2632 923 2932 977 recensioni
2959 923 3089 978 huic
3123 933 3326 978 nostra
3370 921 3542 986 favet,
3571 927 3671 992 qui

2101 1011 2207 1065 sub
2246 1011 2402 1064 tertio
2437 1013 2809 1080 Augustorum
2845 1011 3130 1065 consulatu
3165 1011 3280 1066 hac
3303 1011 3494 1074 refert,
3544 1027 3673 1081 quae

2101 1103 2349 1168 totidem,
2396 1111 2455 1158 ut
2488 1103 2709 1166 assolet,
2749 1102 2929 1158 verbis
2983 1103 3050 1156 ab
3078 1101 3413 1170 Hieronymo
3450 1101 3669 1158 descri—

2101 1193 2203 1249 bit.

2165 1282 2284 1340 Col.
2331 1282 2454 1340 506.
2508 1281 2762 1336 Eusebius
2818 1280 3184 1337 Vercellensis.
3236 1284 3386 1338 Diem
3459 1284 3673 1338 obiisse

2095 1389 2242 1430 anno
2295 1374 2492 1429 Christi
2525 1372 2852 1444 Dionysiano
2875 1373 2981 1429 570
3013 1377 3104 1446 qui
3131 1390 3259 1430 cum
3301 1376 3534 1442 septimo
3563 1376 3673 1430 Va-

2095 1462 2384 1517 lentiniani
2437 1462 2744 1527 concurrit,
2792 1475 3010 1532 recepta
3079 1463 3258 1519 doctis
3302 1464 3674 1534 Chronologis

2105 1554 2374 1608 sententia
2410 1561 2514 1608 est.
2543 1553 2620 1605 Ac
2669 1553 2863 1606 nititur
2911 1552 3130 1622 quidem
3184 1553 3290 1608 isto
3333 1555 3667 1622 cumprimis

2099 1643 2513 1716 Iieronymiaui
2563 1644 2816 1699 Chronici
2867 1645 3208 1708 testimonio,
3249 1645 3394 1715 quod
3447 1645 3504 1700 in
3545 1646 3668 1716 ple—

2095 1733 2284 1804 risque
2325 1733 2578 1789 omnibus
2620 1749 2742 1788 cum
2802 1733 2988 1800 editis,
3045 1744 3161 1790 tum
3192 1749 3326 1789 mss.
3386 1735 3544 1790 libris
3596 1737 3669 1790 ad

421 1838 627 1883 cratem
658 1846 730 1896 tv,
768 1833 1130 1890 Sozomenum
1165 1853 1238 1897 vt.
1265 1797 1373 1891 lete.
1408 1840 1465 1892 ln
1502 1797 1854 1908 subseqdenti
1890 1855 1992 1908 pe-
2021 1797 2062 1850 Β
2094 1824 2240 1880 hunc
2271 1825 2430 1894 plane
2457 1825 2676 1879 modum
2710 1835 2870 1890 atque
2894 1840 3096 1879 annum
3128 1825 3416 1881 recitatur.
3451 1825 3658 1881 Verum

420 1920 614 1976 rioeba
645 1923 764 1992 plus
798 1925 960 1981 habet
996 1943 1096 1982 ms.
1123 1929 1430 1990 Parmens.,
1458 1930 1706 2001 Byzantii
1740 1931 1988 2002 baptiza-

332 2039 336 2043 ί
424 2023 531 2067 tus.

393 2145 401 2150 .
494 2103 629 2157 Ibid.
664 2102 853 2158 Valens
901 2105 964 2158 ab
1004 2105 1244 2162 Eudoxio
1298 2110 1638 2166 Arianorum.
1674 2112 1816 2168 Fasti
1864 2113 1987 2170 Ida-

419 2197 584 2262 claui,
618 2206 805 2252 auctor
823 2200 1094 2256 Paschalis
1116 2201 1389 2268 Chronici,
1419 2213 1472 2259 et
1498 2205 1749 2261 Socrates
1775 2206 1869 2260 lib.
1908 2223 1984 2272 tv,

421 2289 508 2350 Il,
541 2289 626 2343 die
662 2306 708 2342 Ix
736 2290 856 2343 Kal.
892 2288 1039 2360 Sept.
1069 2293 1413 2360 consignant,
1440 2294 1709 2364 Lupicino
1755 2305 1810 2352 et
1835 2297 1986 2352 Jovi-

420 2396 491 2433 no
515 2395 686 2442 coss.,
712 2381 910 2449 quibus
937 2383 1025 2435 hic
1043 2393 1187 2438 certe
1210 2399 1382 2440 annus
1407 2383 1776 2440 Valentiniani
1809 2387 1982 2456 impe-

419 2470 487 2524 rii
524 2469 861 2540 designatur.
893 2471 1092 2526 Confer
1113 2481 1289 2527 tamen
1320 2491 1434 2544 qua:
1454 2475 1556 2530 sub
1587 2476 1833 2546 sequenti
1866 2491 1987 2546 pro-

418 2559 562 2613 xime
589 2561 941 2614 annotatione
969 2561 1346 2617 observamus.

487 2648 624 2702 Ibid.
680 2648 848 2702 Tanta
895 2648 1347 2720 Constantinopoli
1394 2661 1470 2706 est
1540 2664 1658 2707 orta
1688 2664 1984 2720 tempestas.

423 2736 608 2793 Eidem
665 2754 811 2795 anno
846 2740 1205 2796 Valentiniani
1251 2744 1412 2797 tertio
1452 2747 1613 2807 hanc,
1651 2755 1706 2799 ut
1741 2755 1796 2800 et
1848 2747 1981 2801 sub-

419 2839 738 2896 sequentem
793 2829 1106 2898 periocham
1161 2829 1426 2902 Scaligeri
1470 2831 1636 2886 editio
1676 2843 1982 2902 comparat.

413 2919 568 2985 Quod
602 2929 686 2976 est
719 2921 938 2991 quidem
970 2921 1190 2990 propius
1224 2921 1290 2975 ad
1346 2937 1530 2976 verum
1568 2938 1582 2975 :
1627 2924 1868 2978 nondum
1897 2933 1979 2978 ta-

418 3024 542 3063 men
574 3009 625 3065 id
668 3012 808 3078 quod
831 3026 920 3066 res
953 3020 1057 3077 est,
1089 3011 1782 3068 monstrat.Vetereseuim
1837 3017 1986 3082 prius

2091 1914 2330 1986 Scaliger
2392 1930 2514 1970 cum
2576 1915 2909 1984 praecedente
2965 1916 3212 1984 proxime
3290 1915 3663 1970 Valentiniani

2089 2015 2248 2062 sexto
2295 2007 2598 2070 contendit,
2632 2016 2799 2078 atque
2827 2020 2894 2060 eo
2940 2007 3158 2076 quidem
3207 2007 3451 2072 ineunte,
3487 2008 3666 2077 siqni-

2090 2096 2216 2152 dem
2256 2105 2310 2152 et
2342 2100 2737 2168 subsequentes
2775 2099 3012 2169 reliquas
3052 2109 3288 2168 quatuor
3339 2099 3663 2170 periocbas,

2092 2189 2160 2244 ad
2212 2188 2474 2244 Valentini
2520 2203 2691 2257 usque
2739 2190 3098 2259 tyrannidem,
3151 2188 3340 2244 eadem
3376 2191 3668 2246 numerica

2090 2289 2217 2335 nota
2245 2279 2683 2350 comprehendit;
2727 2279 2994 2334 Baronius
3025 2280 3336 2335 eeontrario
3357 2281 3504 2349 quod
3529 2297 3667 2336 sen-

2091 2371 2212 2436 tiat,
2249 2385 2418 2424 annos
2447 2368 2813 2424 Valentiniani
2847 2380 2901 2426 et
2940 2371 3186 2425 Valentis
3229 2371 3280 2426 in
3342 2369 3666 2442 Hieronymi

2088 2461 2364 2516 Chronico
2395 2461 2463 2516 ab
2510 2476 2576 2516 eo
2625 2463 2928 2532 supputari,
2967 2463 3061 2533 qui
3095 2477 3290 2517 eorum
3352 2465 3666 2534 inaugura-

2089 2555 2291 2610 tionem
2342 2553 2709 2622 subsequitur,
2778 2554 2944 2610 hocce
2983 2553 3296 2609 testimonio
3357 2555 3668 2625 iisdemque

2088 2644 2402 2700 rationibus
2444 2646 2635 2711 utitur,
2691 2655 2751 2700 ut
2805 2646 3024 2700 Eusebii
3055 2657 3281 2700 mortem
3329 2647 3551 2703 differat
3607 2649 3667 2701 in

2087 2741 2502 2807 subsequentem
2539 2738 2850 2808 Dionysian.
2879 2739 3005 2800 5⁵11,
3042 2739 3407 2795 Valentiniani
3454 2749 3511 2794 et
3549 2738 3662 2793 Va-

2086 2829 2248 2884 lentis
2282 2837 2557 2882 0t-tavum.
2607 2828 2805 2882 Confer
2854 2827 3270 2883 Theodoretum
3328 2827 3466 2882 IIist.
3513 2829 3666 2884 Eccl.

2088 2921 2185 2977 lib.
2224 2937 2278 2984 v,
2313 2933 2434 2988 cap.
2467 2919 2511 2972 1.
2549 2919 2700 2974 Adde
2740 2930 2794 2973 et
2823 2919 3248 2985 Tillemontium,
3276 2919 3321 2974 si
3347 2919 3519 2973 lubet.

2158 3012 2292 3066 Ibid.
2319 3009 2778 3080 Constantinopoli
2817 3011 3201 3079 apostolorum.
3237 3010 3500 3064 Chronici
3525 3008 3666 3063 Pas-

414 3099 587 3154 hocce
643 3109 851 3169 gestum
918 3102 1240 3169 praecedenti
1290 3104 1530 3172 proxime
1585 3105 1982 3174 inaugurationi
2013 3137 2054 3195 ο
2091 3103 2265 3158 cbalis
2297 3115 2488 3160 auctor
2546 3103 2823 3172 bujusmet
2880 3102 3006 3156 anui
3055 3101 3370 3156 crnsulibus
3411 3101 3662 3166 ascribit,

415 3189 764 3260 imperatoris
805 3191 1044 3247 Gratiani
1104 3193 1268 3245 trium
1327 3191 1443 3246 lere
1489 3195 1754 3246 mensium
1810 3194 1983 3263 spatio

425 3290 791 3351 anteponunt.
842 3283 1051 3336 Auctor
1097 3279 1372 3336 Paschalis
1438 3282 1694 3336 Chronici
1768 3283 1983 3345 scribit,

414 3371 588 3426 Deum
619 3371 1076 3442 ConstantinOpoli
1104 3371 1416 3443 grandinem
1459 3389 1677 3428 saxeam
1704 3373 1963 3443 depluisse

415 3481 588 3519 mense
625 3465 796 3530 Dasio,
849 3465 953 3520 hoc
1000 3474 1085 3520 est
1132 3465 1313 3521 lunio.
1362 3465 1577 3520 Idaeius
1639 3481 1853 3535 quoque
1929 3469 1982 3520 in

415 3557 612 3625 FaStis,
655 3559 740 3613 die
762 3575 811 3612 tv
848 3558 1033 3613 Nonas
1066 3559 1245 3614 Julius
1274 3559 1323 3612 id
1353 3561 1427 3612 alt
1449 3559 1766 3629 contigisse,
1799 3569 1854 3614 et
1883 3559 1984 3612 So—

414 3659 613 3710 crates.
654 3649 812 3704 Sexto
839 3648 1026 3704 Nonas
1047 3649 1205 3714 Julii,
1237 3651 1437 3720 grando
1464 3650 1733 3705 immensa:
1773 3653 1987 3716 magni-

418 3744 629 3801 tudinis.
650 3743 820 3796 instar
837 3741 1091 3812 lapidum,
1119 3743 1300 3796 cecidit
1329 3741 1798 3810 Constantinopoli.
1819 3741 1856 3795 II
1882 3743 1983 3795 ’eIn

418 3832 741 3886 Gratianum
768 3834 1151 3902 imperatorem
1177 3843 1360 3899 postea
1392 3834 1757 3887 renuntiatum
1786 3848 1836 3885 tx
1864 3832 1983 3884 Kal.

416 3923 565 3992 Sept.
600 3925 855 3993 produnt.
885 3923 980 3978 Est
1011 3925 1194 3991 itaque
1223 3923 1554 3983 verosimile.
1592 3923 1836 3975 IttXatnm
1897 3923 1986 3976 hic

415 4013 587 4069 fuisse
635 4029 662 4068 a
718 4013 954 4068 librariis
1000 4013 1477 4085 Ilieronymianum
1523 4023 1746 4074 textum,
1809 4012 1983 4081 iisque

416 4102 519 4157 hoc
553 4118 675 4157 esse
705 4101 934 4170 ὕστερον
964 4103 1231 4173 πρότερον
1262 4104 1432 4171 culpae
1462 4105 1606 4156 tribu
1633 4104 1833 4154 udum.

483 4194 600 4248 Col.
643 4193 766 4249 506.
800 4195 952 4263 Apud
985 4196 1262 4248 Atrebatas
1288 4195 1412 4248 lana
1465 4211 1492 4247 e
1521 4196 1671 4248 caelo.
1709 4194 1985 4255 Corrupte

415 4284 468 4338 iu
507 4283 787 4340 Parmensi
824 4301 952 4349 ms.,
1012 4286 1162 4354 Apud
1208 4285 1464 4340 Trabatas
1497 4285 1686 4341 Gallia:
1718 4285 1984 4338 civitatem

417 4375 563 4433 luna.
588 4385 694 4429 etc.

2090 3196 2309 3250 tametsi
2354 3196 2725 3252 Valentiniano
2760 3197 2819 3248 τὸ
2869 3195 3128 3264 τέταρτον
3160 3210 3258 3262 pro
3287 3193 3470 3262 τριτον
3493 3193 3661 3254 dicat,

2086 3306 2258 3346 mense
2285 3285 2537 3346 Xantico.
2568 3302 2640 3339 ea:
2661 3303 2714 3340 a.
2745 3287 2797 3338 ιι.
2831 3301 2859 3338 v
2905 3285 3035 3338 Idus
3089 3285 3324 3352 Apriles.
3387 3283 3462 3336 De
3511 3292 3661 3337 recta

2087 3379 2334 3438 vocabuli
2356 3379 2668 3446 martyrium
2701 3375 3092 3445 signiﬁcatione
3123 3376 3374 3442 superius
3402 3375 3660 3430 diximus.

2154 3473 2272 3528 (³301.
2303 3471 2424 3527 505.
2482 3467 2800 3523 Maximinus
2851 3467 3125 3536 pra’fectus
3157 3483 3405 3523 annonte.
3453 3469 3660 3524 Dicitur

2094 3563 2286 3616 Ruﬁno
2326 3560 2616 3624 Maximus,
2646 3558 3102 3628 quemadmodum
3124 3569 3178 3614 et
3207 3561 3262 3614 in
3291 3561 3498 3631 aliquot
3521 3559 3656 3629 legi-

2087 3657 2190 3712 bus
2219 3653 2599 3723 compellatur,
2635 3665 2772 3724 quas
2805 3649 2992 3704 laudat
3026 3648 3399 3705 Gothofredus
3445 3650 3502 3704 in
3527 3648 3660 3703 Pro-

2091 3744 2475 3815 sopographia.
2527 3740 2770 3810 Scaliger
2809 3755 3047 3812 quoque,
3100 3747 3156 3794 et
3207 3740 3455 3795 nonnulli
3525 3739 3654 3794 Ilie-

2088 3837 2388 3907 rouymiani
2422 3835 2637 3890 codices
2668 3836 2746 3890 sic
2774 3844 2993 3887 vocant.
3034 3833 3269 3898 Tempus
3300 3833 3446 3901 quod
3526 3848 3656 3902 spe-

2087 3935 2298 3988 ctat,ex
2321 3927 2610 3979 Ammiano
2647 3925 2960 3980 Marcellino
2988 3923 3081 3976 lib.
3113 3937 3300 3988 xxvnt,
3325 3938 3375 3976 ε.
3408 3924 3460 3985 l,
3484 3937 3658 3992 pr0pe

2087 4028 2296 4072 certum
2320 4027 2423 4083 est,
2457 4019 2737 4090 Olybrium
2771 4025 2896 4071 tunc
2925 4016 3087 4072 Urbis
3114 4015 3492 4084 praefecturam
3522 4030 3647 4086 ges—

2087 4112 2248 4174 sisse,
2284 4125 2406 4164 cum
2438 4111 2696 4180 praelecto
2725 4122 2953 4163 annonae
2976 4105 3276 4161 Maximino
3303 4105 3659 4161 commissum

2085 4201 2322 4256 estillud
2364 4201 2418 4253 in
2449 4199 2720 4253 maleﬁcos
2742 4199 3024 4268 judicium.
3079 4197 3192 4251 Hoc
3245 4203 3430 4250 autem
3486 4211 3655 4260 anno,

2088 4291 2348 4346 Gratiano
2368 4289 2560 4342 iterum
2591 4301 2643 4342 et
2676 4288 2855 4343 Probo
2877 4289 3218 4351 consulibus,
3250 4285 3509 4355 Olybrius
3527 4300 3658 4353 pm-

2091 4383 2296 4437 l‘ectura
2330 4381 2492 4436 Urbis
2525 4381 2854 4436 decesserat.
2885 4380 3010 4435 Ilaac
3045 4390 3155 4435 tota
3186 4393 3353 4433 causa
3401 4388 3504 4439 est,
3557 4391 3658 4430 cur

487 4464 626 4520 Ibid.
685 4464 930 4520 Hilarius
965 4465 1325 4519 Pictaviensis.
1359 4464 1643 4519 lnnnimus
1692 4466 1852 4534 paulo
1884 4483 1978 4520 su-
2011 4496 2056 4551 ι)
2085 4471 2152 4526 de
2179 4472 2380 4525 biemiii
2428 4471 2617 4524 saltem
2663 4471 3127 4523 metaeltroulsmo
3213 4467 3574 4537 Hieronymus
3623 4480 3656 4518 a

416 4557 626 4626 pet-ius,
660 4555 747 4608 ubi
800 4555 867 4609 dc
890 4555 1012 4622 ejus
1047 4556 1223 4608 reditu
1254 4557 1304 4607 in
1351 4554 1574 4619 Gallias,
1614 4567 1841 4608 mortem
1897 4556 1981 4610 bis

420 4647 782 4716 temporibus,
815 4660 962 4710 anno
995 4638 1194 4699 Christi
1230 4646 1558 4716 Dionysiano
1582 4647 1706 4707 568.
1741 4657 1830 4698 aut
1861 4663 1981 4701 cer-

420 4749 470 4794 te
497 4739 880 4808 subsequentis
909 4740 1064 4794 initio
1084 4742 1530 4809 consignau-lam.
1559 4742 1798 4811 Scaliger
1825 4744 1981 4798 bien-

419 4830 512 4882 nio
542 4829 822 4896 anticipat,
865 4828 980 4882 sive
1009 4844 1152 4884 anno
1181 4830 1350 4898 illigat
1387 4831 1758 4906 Valentiniani
1797 4835 1979 4889 tertio.

415 4917 581 4974 Adito
613 4918 669 4972 S.
702 4917 879 4974 Patris
927 4917 1123 4987 Vitam,
1177 4920 1416 4991 ejusdem
1463 4921 1691 4976 editioni
1741 4921 1977 4992 Operum

406 5009 715 5084 praeﬁxum.

489 5101 622 5156 Ibid.
665 5099 850 5156 Νεεωο
879 5117 993 5171 qua:
1020 5118 1156 5170 saepe
1181 5111 1302 5156 ante
1334 5113 1632 5163 corruerat.
1689 5105 1984 5159 Procubuit

418 5209 450 5250 ν
484 5195 611 5250 ldus
643 5193 921 5259 Octobris,
971 5194 1214 5249 secundo
1248 5197 1614 5265 Augustorum
1670 5196 1982 5261 consulatu,

421 5284 564 5354 quod
615 5293 834 5353 tempus
888 5282 946 5336 in
993 5298 1184 5337 eorum
1239 5284 1454 5354 imperii
1486 5299 1688 5338 annum
1731 5285 1982 5358 quintum

441 5391 488 5430 et
523 5386 678 5445 parte
712 5373 929 5430 incidit.
973 5373 1219 5444 Scaliger
1265 5383 1446 5430 autem
1479 5390 1588 5428 non
1645 5375 1787 5429 hanc
1823 5374 1986 5430 modo

421 5469 750 5538 periocham,
778 5467 874 5522 sed
908 5475 962 5521 et
991 5477 1385 5536 consequentes
1447 5469 1580 5524 duas
1637 5481 1760 5522 cum
1789 5479 1986 5537 quarto

423 5559 813 5628 imperatorum
871 5560 1176 5629 componit,
1225 5560 1510 5630 ipsumque
1558 5563 1691 5616 adeo
1745 5561 1982 5630 Agouem

419 5649 788 5718 Cpolitanum,
839 5665 999 5720 quem
1059 5659 1238 5706 tamen
1294 5651 1487 5708 rcl'etri
1547 5668 1576 5708 a
1616 5645 1864 5709 Ccdreno
1915 5650 1984 5706 ad

424 5741 734 5810 septimum,
758 5757 863 5798 non
889 5742 1164 5800 dillitetur.

2085 4562 2303 4617 Valesio
2334 4562 2384 4614 iu
2405 4561 2570 4616 'Nolis
2610 4560 2674 4614 ad
2705 4561 2973 4613 Ammiani
3009 4561 3184 4614 locum
3218 4556 3656 4627 reprehenditur.

2081 4651 2353 4707 Judiciutn
2383 4665 2445 4705 ea
2486 4651 2554 4704 de
2589 4664 2648 4704 re
2687 4637 2854 4718 penes
2885 4648 3146 4702 lectorem
3199 4655 3344 4701 esto.
3397 4646 3458 4698 ln
3515 4643 3654 4698 Par-

2083 4743 2254 4797 mensi
2291 4757 2394 4795 ms.
2425 4755 2528 4794 non
2566 4740 2785 4791 additur
2867 4737 3045 4791 Roma:
3083 4751 3301 4802 nomen,
3347 4735 3440 4789 sed
3467 4733 3660 4804 :abso-

2083 4831 2195 4886 lute
2223 4840 2326 4892 cst,
2359 4830 2609 4898 plurimos
2637 4829 2890 4882 nobilium
2919 4827 3132 4882 occidit.

2155 4922 2292 4976 Ibid.
2350 4919 2652 4974 Valentinus
2713 4920 2768 4971 in
2817 4917 3122 4990 Britannia.
3165 4915 3240 4970 lta
3290 4930 3416 4970 eum
3468 4927 3659 4970 aucto-

2085 5001 2175 5069 res
2225 5011 2469 5081 plerique
2525 5011 2844 5079 appellant:
2905 5008 3150 5077 Scaliger
3221 5005 3658 5060 Valentinianum

2085 5103 2430 5159 mavultcum
2457 5102 2576 5156 aliis
2609 5100 2760 5154 libris
2822 5110 2875 5152 et
2902 5098 3141 5162 Zosimo,
3189 5098 3348 5164 cujus
3374 5097 3657 5165 geminum

2086 5191 2218 5246 huic
2253 5191 2427 5244 locum
2480 5190 2684 5242 laudat.
2725 5187 3046 5241 Periocham
3078 5201 3243 5254 porro
3274 5185 3458 5249 istam,
3509 5193 3571 5238 ut
3604 5195 3662 5238 et

2086 5261 2510 5350 subsequentem
2541 5294 2662 5332 cum
2697 5275 3024 5344 prmcedeuti
3060 5277 3300 5345 proxime
3327 5290 3473 5329 anno
3503 5289 3659 5329 com-

2087 5381 2261 5443 parat.
2310 5369 2603 5425 Historiam
2638 5370 2705 5425 ab
2752 5369 3037 5423 Ammiano
3085 5376 3266 5438 repete
3305 5365 3404 5422 lib.
3436 5381 3633 5431 smn,

2087 5479 2206 5534 cap.
2233 5463 2286 5517 5.

2157 5554 2277 5609 Col.
2322 5551 2446 5608 506.
2508 5550 2783 5622 Presbyter
2829 5551 3043 5605 Sirinus
3092 5546 3200 5624 [a‘l.
3233 5545 3464 5616 Sirmii].
3513 5544 3661 5602 Sub-

2089 5645 2261 5702 nectit
2289 5644 2576 5698 Pal-meus.
2604 5657 2703 5696 ms.
2739 5642 2974 5708 ignotam
3003 5639 3157 5694 libris
3183 5641 3308 5695 aliis
3345 5638 3658 5708 periocbam

2092 5739 2155 5793 ad
2191 5737 2332 5792 hunc
2377 5733 2590 5789 modum
2623 5751 2634 5786 :
2671 5731 2776 5786 Lex
2810 5731 2966 5786 datur
2996 5748 3012 5786 :
3045 5729 3320 5785 nobilitate
3356 5727 3548 5797 deleta,
3592 5738 3647 5782 ut
