3974 6192
355 390 496 455 1149

1603 393 2003 476 VALLARSII
2029 393 2267 458 nom.

3421 384 3560 450 1150

332 517 469 554 nono
493 500 660 571 gradu
684 501 1003 571 junguntur.
1028 500 1158 567 Quae
1181 501 1330 556 bonzc
1353 504 1544 572 procul
1562 503 1725 559 dubio
1747 511 1886 558 notae
1913 506 1966 565 Α
1991 505 2254 574 scriptum
2283 502 2433 566 olim,
2461 517 2558 558 seu
2591 510 2718 555 tunc
2747 500 3022 568 temporis,
3089 498 3352 554 duntaxat
3377 498 3560 565 luisse,

335 600 502 656 sunt;
539 592 632 644 sed
668 600 726 644 ut
777 605 876 661 pro
906 591 1342 662 Hieronymianis
1372 593 1716 660 habeantur,
1763 593 1896 648 satis

333 689 775 750 argumentorum
805 695 911 734 non
941 682 1195 751 suppetit.
1307 683 1314 690 ’

404 767 525 823 Col.
558 767 684 822 505.
723 767 958 823 Saxones
983 771 1103 824 αεεὶ
1154 770 1410 824 Deusone.
1460 771 1541 827 Ad
1591 773 1899 841 praeceden-

335 869 446 915 tem
489 861 732 925 proxime
776 874 1020 925 annum,
1073 877 1128 916 tv
1163 862 1478 917 consulatus
1533 862 1897 921 Valentiniani

332 959 388 1004 et
433 949 672 1004 Valentis
698 991 713 1014 ,
768 950 933 1004 refert
963 951 1324 1007 Cassiodorus
1350 994 1365 1019 ,
1391 969 1625 1023 quocum
1673 953 1803 1008 facit
1847 963 1902 1009 et

331 1039 596 1108 Scaliger.
633 1040 956 1096 Ammianus
991 1051 1172 1096 autem
1215 1045 1452 1100 triennio
1494 1045 1673 1099 adhuc
1698 1046 1858 1100 citius
1883 1085 1898 1110 ,

333 1133 452 1186 sive
472 1133 539 1186 ad
573 1133 888 1187 eorumdem
935 1133 1304 1204 Augustorum
1358 1137 1701 1192 consulatum
1731 1154 1788 1191 Ill
1816 1153 1902 1191 re-

331 1232 516 1288 vocat,
547 1225 636 1279 cui
661 1232 714 1276 et
745 1225 1002 1279 assentiri
1027 1225 1276 1282 Valesius
1303 1228 1506 1282 mavult
1527 1242 1590 1282 ea
1620 1228 1686 1282 de
1712 1243 1899 1292 causa,

338 1314 483 1382 quod
507 1315 620 1369 hac
643 1315 898 1368 nimirum
923 1315 1252 1384 investigare
1276 1318 1378 1372 sibi
1412 1317 1498 1372 ille
1522 1326 1899 1387 proposuerat.

340 1407 446 1461 Pro
475 1407 546 1459 ad
576 1406 817 1472 (Isonem,
849 1405 1091 1477 Scaliger
1121 1421 1229 1462 uno
1265 1408 1434 1463 verbo
1465 1398 1702 1463 Deusone
1737 1410 1898 1478 legit.

341 1512 507 1566 quam
538 1499 767 1552 omnino
809 1496 976 1552 fuisse
1016 1499 1296 1553 contendit
1355 1498 1566 1564 urbem,
1597 1509 1689 1550 aut
1723 1498 1900 1550 locum

341 1589 395 1643 in
434 1588 635 1644 ﬁnibus
665 1587 1001 1644 Francorum
1033 1598 1086 1643 et
1116 1589 1390 1645 Saxonum
1428 1590 1574 1642 circa
1627 1588 1899 1642 Rhenum.

342 1678 458 1733 Erit
487 1680 745 1745 fortasse,
773 1683 866 1749 qui
899 1681 1125 1735 ﬂuvium
1161 1679 1326 1734 Usam
1365 1681 1416 1734 in
1447 1679 1726 1734 Britannia
1760 1679 1904 1734 desi-

335 1771 488 1841 gnari
519 1779 691 1838 putet.
729 1770 865 1824 Vide
893 1786 1015 1840 qua:
1059 1773 1330 1826 Pontacus
1361 1785 1458 1840 pro
1493 1771 1760 1839 impressa
1819 1769 1902 1822 le-

2005 594 2222 664 parvulo
2251 593 2362 661 filio
2394 592 2572 645 Romae
2594 591 2862 656 derelicto,
2917 604 3019 644 nec
3046 589 3212 642 verbo
3242 599 3396 643 tenus
3423 603 3566 656 pra:-

2004 686 2131 738 toris
2157 692 2280 738 tunc
2323 683 2522 738 Urbani
2569 683 2773 737 mentio
2821 694 3007 744 esset,
3071 680 3156 734 cui
3207 679 3351 733 filius
3402 678 3568 732 fuerit

2005 777 2436 830 commendatus.
2467 775 2626 829 Certe
2656 773 2712 828 S.
2742 789 2955 842 quoque
3011 771 3272 826 Paulinus
3302 770 3463 839 epist.
3494 767 3566 824 29

2009 867 2109 921 hoc
2145 868 2376 919 maxime
2413 867 2641 918 miratur
2665 905 2681 927 ,
2729 881 2790 918 ac
2827 864 3007 918 laudat
3041 864 3095 918 in
3134 863 3360 916 Melania
3384 903 3398 925 ,
3428 865 3567 930 quod

2006 958 2058 1010 in
2093 973 2281 1026 magna
2308 955 2424 1008 licet
2449 956 2926 1020 potentissimorum
2957 963 3005 1008 et
3045 955 3310 1007 clarorum
3347 954 3564 1021 propin-

2007 1061 2226 1114 quorum
2259 1045 2432 1096 llonttc
2462 1047 2638 1110 copia,
2665 1045 2856 1096 nemini
2882 1043 3159 1112 parvulum
3197 1058 3347 1095 suum
3389 1045 3561 1104 uerbo,

2006 1146 2063 1189 ut
2086 1139 2191 1189 dici
2212 1136 2361 1201 solet,
2389 1137 2656 1199 alendum,
2684 1135 3045 1198 erudiendum,
3089 1135 3338 1187 tuendum
3409 1150 3563 1188 man-

2006 1229 2172 1280 davit.

2079 1318 2194 1372 Col.
2230 1316 2356 1372 507.
2390 1317 2518 1371 Post
2541 1317 2793 1371 Auxentii
2841 1334 3015 1372 seram
3070 1325 3313 1369 mortem.
3357 1315 3414 1368 S.
3450 1313 3569 1381 ipse

2006 1409 2358 1474 Ambrosius,
2389 1410 2546 1478 epist.
2578 1409 2644 1462 14
2669 1448 2684 1471 ,
2710 1425 2801 1463 an.
2848 1409 2952 1462 ’582
2990 1410 3190 1476 scripta
3222 1408 3287 1460 ad
3317 1405 3570 1458 Theodo-

2009 1501 2172 1564 sium,
2200 1498 2455 1552 Laborem
2483 1501 2603 1568 quia
2642 1501 2805 1553 etiam
2853 1501 3000 1552 nobis
3041 1497 3380 1552 indicendum
3409 1503 3571 1563 puta-

2009 1592 2190 1653 uimus,
2219 1607 2323 1643 non
2351 1605 2446 1657 pro
2473 1587 2714 1642 ITALIA
2743 1631 2756 1653 ,
2786 1605 2902 1657 qua:
2927 1588 3245 1657 jamdudum
3267 1585 3330 1638 ab
3355 1584 3573 1636 Arianis

2019 1681 2189 1748 quieta
2230 1689 2276 1731 et
2301 1695 2487 1732 secura
2513 1689 2610 1744 est,
2643 1694 2734 1731 nec
2763 1677 2868 1730 ulla
2908 1677 3270 1730 htureticornm
3293 1671 3571 1741 perturba-

2013 1780 2148 1829 tione
2193 1787 2397 1828 vexata.
2447 1775 2601 1831 Paria
2637 1773 2797 1827 habet
2850 1773 2903 1826 in
2941 1771 3075 1824 Luc.
3131 1771 3225 1824 lib.
3260 1752 3333 1833 is,
3368 1782 3418 1820 c.
3458 1767 3561 1821 52:

351 1864 538 1916 ctione
571 1863 836 1930 disputat.
885 1861 1116 1931 Insignis
1140 1864 1240 1916 hac
1277 1863 1342 1916 de
1372 1878 1428 1917 re
1461 1863 1610 1916 locus
1655 1872 1736 1916 est
1767 1863 1906 1914 Uro-

2020 1867 2198 1920 (Eslus
2223 1882 2397 1920 omnes
2428 1865 2612 1934 quibus
2653 1862 2924 1917 ITALl/E
2952 1861 3174 1928 populus
3204 1876 3294 1928 per
3315 1857 3562 1911 Judaicat

334 1953 404 2007 sii
456 1954 509 2008 l.
538 1969 632 2020 γη,
663 1969 729 2008 ex
754 1954 1228 2018 istis,utvidetur,
1259 1953 1570 2022 Hieronymi
1595 1953 1902 2006 delibatus:

341 2041 749 2096 Valentinianus
777 2039 1014 2097 Saxones
1043 2080 1060 2108 ,
1093 2052 1296 2112 gentem
1328 2042 1379 2094 in
1411 2040 1609 2096 Oceani
1643 2040 1905 2093 lilloribas

335 2143 387 2188 et
420 2122 704 2202 paludibus
739 2134 892 2186 inviis
919 2133 1099 2194 sitam,
1127 2134 1318 2186 virtute
1352 2142 1504 2202 atque
1539 2133 1778 2202 agilitate
1799 2142 1907 2183 ter-

337 2225 542 2279 ribilem
568 2263 584 2289 ,
632 2204 986 2293 periculosam
1032 2224 1283 2278 Romanis
1322 2224 1511 2304 finibus
1538 2264 1552 2288 ,
1584 2225 1904 2290 eruptionem

339 2333 536 2387 magna
563 2316 697 2370 mole
721 2317 1078 2381 meditantem,
1105 2315 1158 2368 in
1191 2315 1322 2384 ipsis
1352 2313 1684 2367 Francorum
1713 2315 1904 2380 ﬁnibus

338 2411 614 2480 Oppressit.

411 2496 531 2552 Col.
577 2497 702 2550 506.
761 2496 1187 2565 Burgundiorum
1217 2498 1482 2568 octoginta
1513 2499 1674 2567 ferme
1709 2498 1902 2553 millia.

250 2653 256 2659 ,
339 2589 519 2659 Atque
553 2592 665 2644 lucc
693 2589 1082 2651 Cassiodorus.
1115 2590 1353 2658 itemque
1390 2590 1603 2644 ldacius
1642 2592 1693 2643 in
1727 2591 1904 2645 Fastis

338 2693 464 2731 cum
499 2678 710 2746 ,eodem
766 2675 1130 2732 Valentiniani
1182 2688 1234 2730 et
1265 2675 1505 2732 Valentis
1542 2694 1590 2731 tv
1620 2683 1903 2734 consulatu

340 2776 690 2836 comparant,
747 2783 978 2836 quorum
1007 2778 1063 2835 et
1091 2768 1366 2837 Sealigero
1397 2770 1638 2825 rationes
1669 2774 1903 2838 proban-
1944 2819 1948 2824 .

348 2865 461 2909 tur.
495 2855 816 2910 Ammianus
845 2859 1151 2912 econtrario
1190 2871 1246 2912 ut
1277 2858 1576 2927 Saxonum,
1613 2861 1680 2916 de
1709 2863 1906 2930 quibus

340 2947 527 3011 modo,
565 2948 637 3002 ita
666 2958 719 3002 et
751 2947 1193 3018 Burgundionum
1222 2951 1469 3019 Augustis
1498 2962 1575 3006 ter
1600 2955 1903 3007 consulibus

340 3035 551 3091 cladem
587 3037 844 3107 assignat.
876 3039 1010 3092 Eum
1040 3039 1243 3095 aditol.
1279 3056 1470 3110 xxvm,
1504 3058 1555 3097 c.
1585 3041 1639 3095 5.
1665 3040 1905 3112 Scaliger

341 3131 480 3196 quod
516 3144 784 3197 nunquam
822 3143 918 3199 pro
943 3141 1064 3198 quot
1095 3129 1242 3199 legit.
1773 3146 1788 3160 '

415 3217 552 3272 Ibid.
576 3198 859 3273 Clearchus
880 3198 1162 3287 praefectus,
1187 3219 1366 3278 Urbis.
1389 3222 1543 3290 Ejus,
1572 3232 1629 3276 ut
1656 3231 1708 3276 et
1736 3236 1914 3292 aquaz-
1937 3198 1985 3260 (ἶ

337 3309 535 3363 ductus
592 3309 659 3363 ab
709 3325 774 3363 eo
821 3311 1078 3364 exstructi
1125 3313 1366 3365 meminit
1406 3313 1660 3368 Socrates
1697 3314 1792 3368 lib.
1825 3330 1900 3378 tv,

342 3420 392 3456 (τ.
430 3403 483 3456 8.
519 3403 820 3472 Supersunt
851 3411 903 3456 et
932 3403 1113 3456 multa:
1139 3404 1202 3456 ad
1235 3419 1358 3457 eum
1392 3405 1603 3457 Libanii
1640 3405 1904 3474 epistolas.

339 3494 607 3560 Corrupto
635 3494 686 3546 in
718 3493 993 3547 Parmensi
1032 3495 1281 3562 Cleapeus
1317 3506 1557 3548 vocatur.

417 3584 554 3639 Ibid.
604 3584 950 3637 Alexandria:
995 3585 1263 3638 vicesimus
1307 3585 1586 3638 ordinatur
1623 3585 1911 3652 episcopus.

343 3672 528 3728 Toties
581 3676 792 3746 laudata
851 3675 1086 3729 Historia
1125 3690 1154 3730 e
1207 3674 1505 3729 Veronensi
1542 3690 1644 3728 ms.
1704 3676 1913 3741 vulgata

343 3767 409 3819 de
440 3766 600 3818 rebus
628 3765 904 3818 Athanasii
951 3765 1004 3818 in
1046 3765 1181 3819 fine:
1222 3765 1473 3833 Defuncto
1501 3775 1674 3818 autem
1744 3765 1914 3816 Allia-

342 3857 495 3909 nasia
524 3855 556 3908 8
582 3855 813 3908 Pathum
852 3857 1044 3908 mensis
1113 3857 1200 3924 (id
1233 3867 1313 3909 est
1345 3856 1466 3909 Maii
1494 3857 1527 3910 ὖ
1553 3856 1678 3907 anni
1715 3854 1916 3921 Diony-

342 3947 481 4001 siani
517 3946 658 4014 575)
687 3987 699 4010 ,
738 3956 859 4000 ante
889 3947 1026 3999 diem
1054 3948 1292 4014 quintum
1328 3947 1658 3999 dormitionis
1691 3963 1800 3999 sua:
1823 3963 1913 3998 or-

343 4037 546 4089 dinavit
579 4035 788 4088 Petrum
825 4037 1127 4104 episcopum
1169 4036 1231 4088 de
1278 4035 1514 4104 antiquis
1554 4034 1869 4104 presbyteris
1897 4073 1912 4098 ,

343 4128 519 4192 quiin
573 4128 814 4179 omnibus
865 4143 982 4180 eum
1037 4139 1245 4180 secutus
1315 4133 1467 4196 gessit
1525 4128 1910 4196 episcOpatum.

343 4217 507 4272 Vides
577 4228 850 4287 utcunque
879 4230 1026 4274 recte
1074 4231 1284 4287 tempus
1321 4236 1441 4274 cum
1476 4221 1684 4274 decimo
1717 4217 1914 4274 Valen-

340 4311 536 4365 tiniani
570 4326 711 4363 anno
745 4311 947 4365 dudum
983 4313 1236 4364 inchoato
1271 4327 1602 4382 congruere.

411 4404 550 4460 Ibid.
605 4404 841 4458 Melania
899 4407 1224 4460 nobilissima
1279 4406 1579 4460 mulierum.
1627 4407 1912 4477 Perpcram

339 4511 466 4550 cum
500 4498 642 4566 apud
705 4497 1037 4568 Scaligerum
1083 4509 1137 4552 et
1167 4498 1499 4565 Pontacum,
1547 4507 1656 4552 tum
1706 4501 1758 4551 in
1791 4500 1912 4552 aliis

341 4586 514 4642 ferme
549 4589 802 4643 omnibus
831 4590 987 4644 libris
1034 4600 1193 4652 erat,
1235 4598 1460 4659 prwlore
1507 4599 1628 4643 tunc
1678 4589 1908 4655 Urbano,

341 4688 403 4734 ιιι
449 4696 567 4736 eam
617 4680 936 4752 dignitatem
977 4680 1219 4736 Melaniae
1263 4681 1466 4736 tiliolus
1504 4691 1634 4736 tunc
1672 4683 1909 4750 chsisse

339 4773 636 4838 diceretur,
691 4773 743 4826 id
771 4771 916 4842 quod
966 4781 1020 4827 et
1051 4771 1243 4826 falsum
1294 4781 1399 4837 est,
1435 4781 1488 4826 et
1517 4787 1547 4825 a
1579 4772 1690 4826 veri
1730 4774 1913 4840 specie

341 4863 490 4918 omni
523 4862 693 4918 distat
727 4865 962 4918 immane
989 4874 1274 4934 quantum.
1303 4862 1660 4920 Correximus
1685 4867 1912 4936 proinde

343 4967 446 5008 nos
474 4955 714 5022 prtetori,
745 4963 803 5005 ut
834 4968 1030 5008 sensus
1059 4954 1167 5021 sit,
1230 4953 1514 5008 Melanium
1551 4955 1717 5009 filium
1751 4972 1908 5009 suum

345 5046 562 5115 praetori
612 5045 834 5101 Urbano
879 5046 1234 5116 dereliquisse
1265 5088 1280 5112 ,
1349 5056 1410 5100 ut
1454 5047 1544 5118 qui
1579 5049 1909 5115 pupillorum

343 5153 530 5193 curam
561 5153 626 5193 ex
663 5137 840 5193 ollicio
868 5153 1056 5208 gerere
1085 5139 1337 5205 debebat,
1372 5141 1604 5209 puerulo
1631 5127 1697 5193 de
1729 5151 1914 5195 tutore

343 5229 668 5298 provideret.
701 5227 856 5294 Quod
887 5229 962 5282 ait
991 5229 1218 5284 Rufinus
1237 5228 1560 5285 Invectivar.
1583 5232 1622 5286 l.
1655 5248 1720 5294 ll,
1763 5232 1910 5287 hunc

342 5321 410 5373 de
467 5318 696 5373 Melania
757 5319 936 5376 locum
990 5320 1054 5373 de
1099 5321 1485 5391 exemplaribus
1534 5323 1646 5376 suis
1689 5325 1915 5387 erasisse

343 5408 820 5480 (Hieronymum),
847 5427 966 5464 cum
1006 5421 1152 5466 actus
1178 5429 1298 5467 suos
1329 5414 1537 5468 vidisset
1580 5414 1916 5469 districtioris

340 5501 636 5570 disciplina:
659 5503 868 5572 [emina'
910 5503 1206 5573 displicere,
1238 5506 1393 5560 fidem
1427 5522 1530 5560 non
1565 5520 1821 5560 meretur.
1844 5507 1918 5560 De

341 5607 429 5655 eo,
460 5596 602 5662 quod
655 5607 858 5665 neptem
906 5595 1209 5651 Marcellini
1259 5599 1500 5652 consulis
1561 5611 1681 5651 eam
1737 5606 1912 5662 vocat,

343 5700 454 5737 non
486 5685 674 5753 ﬁliam,
699 5688 904 5742 dictum
943 5688 1109 5752 alias,
1146 5698 1200 5742 et
1247 5687 1468 5742 disserit
1517 5687 1678 5740 etiam
1717 5686 1918 5742 Ponta-

342 5789 465 5831 cus.
498 5773 680 5831 Unum
714 5791 895 5835 movet
929 5795 1044 5846 nos,
1105 5778 1247 5851 quod
1282 5778 1458 5832 innuit
1486 5777 1914 5850 idcm_Rulinus,

2012 1959 2140 2012 olim
2162 1968 2212 2011 et
2237 1958 2453 2010 Ariona:
2473 1958 2707 2023 proxime
2731 1955 2980 2008 struitatis
3003 1951 3250 2004 incendia
3306 1949 3563 2019 coqueba-

2013 2059 2119 2112 tur,
2142 2064 2325 2102 sereno
2337 2047 2455 2117 jam
2483 2047 2769 2116 spiramine
2793 2051 3179 2111 temperantur.

2081 2140 2216 2194 Ibid.
2265 2139 2613 2208 Aquileienses
2657 2137 2856 2190 clerici.
2901 2134 3074 2200 Quam
3131 2132 3251 2187 libri
3301 2131 3390 2185 alii
3441 2128 3574 2186 editi

2011 2247 2221 2295 sumes,
2275 2241 2327 2285 et
2353 2246 2476 2285 cum
2511 2227 2790 2283 Parmensi
2851 2241 2952 2280 ms.
2994 2239 3120 2295 pars
3154 2223 3389 2276 maxima
3420 2223 3574 2291 igno-

2011 2335 2127 2391 rat,
2169 2323 2410 2393 Scaliger
2441 2338 2506 2377 ex
2538 2337 2647 2375 uno
2694 2335 2798 2374 ms.
2833 2319 3148 2386 periocham
3180 2314 3340 2369 aliam
3399 2312 3568 2367 textui

2013 2416 2207 2478 assuit,
2245 2429 2362 2481 qua:
2398 2413 2469 2465 ita
2501 2412 2703 2465 habet:
2735 2409 3019 2466 Theodolus
3058 2403 3374 2460 miserabilis
3422 2417 3570 2469 pres-

2013 2509 2180 2575 bgter,
2209 2505 2333 2556 dum
2365 2506 2610 2556 adversus
2636 2499 3004 2554 conscientiam
3049 2497 3241 2566 furoris
3280 2493 3363 2546 sui
3399 2491 3570 2544 sacri-

2010 2598 2132 2666 ﬁcia
2168 2597 2270 2650 Deo
2303 2596 2486 2664 oﬂ‘erre
2515 2594 2698 2654 audet,
2755 2593 2810 2645 in
2867 2591 3050 2644 mediis
3075 2589 3311 2653 precibus
3337 2585 3572 2664 eliditur.

2015 2691 2123 2755 Ego
2149 2687 2278 2742 nihil
2314 2688 2494 2740 mimis
2539 2685 2606 2738 ab
2656 2682 2968 2753 Hieronymi
3013 2682 3221 2735 calamo
3273 2676 3574 2747 profectum

2011 2782 2284 2837 existimo.
2319 2780 2505 2848 Ignota
2537 2779 2650 2848 ipsa
2681 2761 2897 2845 quoque
2933 2773 3157 2829 historia
3193 2782 3295 2825 est.

2079 2873 2196 2928 Col.
2221 2872 2342 2926 508.
2374 2871 2510 2936 Quia
2537 2871 2796 2941 superiori
2819 2885 2956 2922 anno
2993 2866 3274 2921 Sarmatae.
3300 2859 3572 2914 Evicimus

2011 2981 2074 3019 ex
2107 2967 2207 3019 hoc
2244 2966 2365 3019 loco
2391 3006 2407 3030 ,
2465 2979 2628 3033 quem
2661 2966 2713 3017 in
2750 2961 3080 3016 contrariam
3108 2966 3312 3028 partem
3343 2953 3571 3020 urgebat

2012 3057 2252 3127 Scaliger
2279 3098 2294 3121 ,
2344 3057 2629 3112 consulum
2668 3056 2815 3124 paria
2867 3053 3091 3107 minime
3133 3048 3374 3103 otnninm
3403 3045 3570 3098 fuisse

2018 3151 2087 3204 ab
2124 3149 2448 3223 Hieronymo
2477 3189 2489 3212 ,
2529 3158 2586 3200 ut
2646 3162 2820 3215 neque
2875 3146 2942 3199 ab
2998 3142 3249 3202 Eusebio,
3297 3136 3571 3222 Chronico

2016 3239 2164 3305 operi
2219 3222 2444 3291 attexta.
2496 3234 2785 3287 Enimvero
2830 3232 2974 3301 quod
3005 3228 3288 3283 consulum
3343 3222 3577 3278 mentio-

2016 3343 2139 3381 nem
2170 3327 2273 3380 hoc
2302 3327 2519 3380 demum
2559 3340 2701 3378 anno
2737 3323 2889 3385 facit,
2921 3337 3029 3390 quo
3062 3320 3194 3373 nulli
3226 3318 3391 3372 creati
3426 3322 3576 3377 sunt,

2015 3430 2076 3468 ea
2109 3414 2360 3467 nimirum
2387 3426 2550 3466 causa
2585 3420 2690 3475 est,
2721 3410 2866 3478 quod
2902 3423 3098 3461 novum
3138 3409 3239 3460 hoc
3267 3413 3386 3458 erat
3413 3413 3579 3470 atque

2016 3501 2280 3564 insolens,
2312 3500 2557 3564 adeoque
2588 3506 2641 3549 et
2681 3497 2940 3550 memoria
2970 3493 3233 3562 dignum:
3263 3508 3385 3544 eum
3414 3505 3580 3543 econ-

2015 3591 2185 3647 trario
2214 3588 2500 3644 consulum
2539 3588 2688 3656 paria
2716 3625 2730 3648 ,
2773 3597 2829 3636 ut
2863 3600 3052 3654 parum
3090 3583 3154 3637 ad
3189 3599 3372 3636 rerum
3407 3581 3583 3634 histo-

2019 3683 2183 3744 riam,
2232 3679 2303 3731 ita
2335 3678 2470 3731 nihil
2503 3677 2778 3747 proposito
2806 3691 2905 3731 suo
2940 3676 3327 3729 conducerent.
3381 3672 3582 3726 Recole

2015 3788 2135 3839 quae
2169 3771 2268 3823 hac
2297 3783 2461 3836 super
2486 3783 2541 3819 re
2575 3767 2796 3820 uberius
2824 3766 3096 3833 disputata
3127 3770 3256 3817 sunt
3288 3762 3447 3816 initio
3470 3761 3578 3816 hu-

2013 3837 2210 3929 jitsmet
2251 3861 2370 3912 libri
2406 3875 2560 3926 pagg.
2590 3858 2657 3911 54
2688 3871 2740 3910 et
2768 3857 2855 3911 79,

2083 3951 2197 4004 Col.
2223 3951 2346 4004 507.
2377 3950 2769 4003 Valentinianus
2793 3950 2964 4002 subita
2987 3949 3259 4018 sanguinis
3281 3947 3571 4015 eruptione.

2025 4043 2339 4095 Ammianus
2399 4043 2492 4107 ait,
2555 4051 2853 4110 erumpente
2928 4041 3098 4094 subito
3167 4040 3441 4108 sanguine.
3476 4037 3580 4092 lte-

2017 4151 2135 4188 rum
2171 4134 2568 4204 Hieronymus,
2601 4134 2760 4201 epist.
2791 4134 2880 4196 00,
2915 4133 2979 4186 ad
3019 4132 3366 4186 lleltodormn
3394 4171 3409 4194 ,
3460 4131 3578 4186 sive

2017 4226 2257 4294 epitaph.
2292 4222 2578 4291 Nepotiani
2629 4238 2780 4276 num.
2830 4223 2936 4276 l5:
2997 4220 3424 4284 Valentinianus,
3482 4238 3579 4275 ra-

2017 4327 2158 4372 stato
2181 4317 2402 4386 genitali
2431 4316 2564 4382 solo,
2589 4327 2636 4370 et
2661 4315 2886 4369 inultam
2917 4316 3148 4383 patriam
3176 4315 3536 4385 derelinquens
3561 4353 3578 4380 ,

2015 4409 2211 4464 vomitu
2234 4411 2504 4477 sanguinis
2525 4410 2808 4462 exstinctus
2849 4416 2948 4460 est.
2982 4406 3118 4461 Vide
3146 4421 3266 4476 qua:
3300 4407 3372 4460 ibi
3404 4421 3582 4458 annn-

2018 4512 2214 4559 tamus.
2244 4501 2548 4570 Exspiravit
2577 4515 2641 4555 xv
2668 4499 2788 4556 Kal.
2819 4499 3153 4561 Decembres,
3185 4513 3328 4551 anno
3363 4498 3574 4567 imperii

2016 4596 2255 4649 secundo
2319 4602 2372 4646 et
2405 4593 2634 4656 decimo,
2667 4603 2727 4646 ut
2758 4597 2830 4645 ait
2863 4593 3202 4651 Ammianus,
3232 4590 3414 4643 minus
3448 4604 3584 4644 cen-

2019 4695 2131 4739 tum
2162 4683 2300 4749 ties,
2334 4699 2474 4738 coss.
2523 4683 2782 4738 Gratiano
2817 4698 2870 4735 ιιι
2901 4690 2954 4735 ct
2987 4680 3266 4747 [Equitiot
3299 4696 3418 4748 qua:
3449 4691 3586 4735 tem-

2017 4777 2166 4846 pnris
2203 4785 2342 4828 nota:
2376 4775 2814 4843 Hieronymianis
2854 4775 3156 4827 rationibus
3181 4777 3384 4842 nptime
3445 4787 3580 4826 con-

2017 4876 2232 4922 sonant.
2267 4863 2374 4917 Pro
2405 4863 2715 4932 Brigitione,
2746 4865 3029 4919 Parmens.
3083 4880 3186 4918 ms.
3224 4865 3452 4936 Brigitio
3494 4864 3575 4918 le-

2017 4958 2123 5025 git:
2163 4959 2360 5010 rectior
2395 4957 2671 5024 scriptura
2706 4965 2788 5008 est
2823 4955 3126 5024 Bregetione
3151 4997 3166 5021 ,
3217 4961 3546 5024 qtn-madino
3576 4987 3579 4994 ~

2017 5049 2144 5103 dum
2181 5047 2386 5102 Tabula
2438 5047 2812 5101 Theodosiana
2838 5087 2852 5112 ,
2905 5046 3248 5103 ltinerariunt
3289 5049 3577 5114 Antonini,

2017 5137 2214 5192 Notitia
2241 5138 2486 5206 imperii,
2519 5139 2858 5201 Ammianus,
2893 5147 3054 5206 atque
3080 5140 3168 5192 alii
3203 5139 3515 5209 praeferunt.

2087 5228 2220 5282 Ibid.
2254 5228 2619 5296 Apollinarius
2649 5227 3009 5283 Laodicensis.
3057 5231 3242 5298 Neque
3296 5231 3443 5284 istmc
3477 5229 3586 5284 lta~

2017 5317 2120 5372 lico
2162 5317 2484 5372 charactere
2533 5318 2800 5388 descripta
2859 5321 3112 5390 periocha
3173 5336 3269 5375 nec
3317 5335 3454 5387 pone
3487 5335 3577 5375 se-

2019 5424 2214 5476 quens,
2251 5407 2540 5480 Eutropius
2565 5412 2848 5481 presbyter,
2901 5423 3006 5468 etc.
3030 5452 3046 5478 ,
3082 5413 3134 5468 in
3166 5412 3446 5466 Parmensi
3481 5428 3583 5468 ms.

2023 5501 2313 5557 habentur.
2357 5501 2596 5571 Scaliger
2630 5517 2847 5571 quoque
2873 5518 2966 5559 eas
3001 5502 3224 5572 respuit.

2093 5591 2228 5645 lbid.
2275 5591 2467 5646 Valens
2521 5592 2631 5664 lege
2688 5594 2821 5648 data
2846 5605 2899 5647 ut
2931 5595 3188 5648 monac/ii.
3220 5595 3373 5664 Apud
3408 5595 3587 5650 Scali—

2019 5699 2230 5754 gerum,
2259 5680 2421 5756 legent
2453 5687 2622 5754 dedit,
2648 5697 2703 5740 ut
2739 5687 2981 5741 monac/ti
3011 5686 3324 5752 militarent,
3360 5688 3589 5757 reliquis

2027 5778 2204 5834 verbis
2240 5793 2361 5848 qua:
2397 5779 2834 5847 subnectuutur,-
2875 5777 3105 5834 nolentes
3151 5779 3375 5848 fustibus
3422 5781 3586 5851 jussit
