4014 6196
455 306 586 392 ιιξι

453 414 720 479 interﬁci,
777 407 1178 480 praetermissis.
1234 407 1397 461 Addit
1446 414 1623 459 autem
1655 413 1709 460 et
1753 404 2011 474 Prosper,
2043 411 2086 465 Α

455 508 545 577 qui
579 505 959 572 llierooymum
995 500 1306 554 describere
1337 506 1501 561 amat,
1534 497 1760 552 nolentes
1788 497 2012 567 fustibus

456 602 783 651 necarentur.

527 686 658 738 Ibid.
678 683 930 736 Photinus
965 685 1016 733 in
1037 679 1244 732 Galatia
1267 680 1506 731 moritur.
1531 679 1604 732 lta
1619 678 1886 734 Pontacus
1919 697 2014 750 pro

454 771 756 832 inductum,
805 769 945 834 quod
1000 778 1154 820 antea
1185 767 1501 829 obtinebat,
1543 768 1595 821 in
1637 767 1796 822 Curis
1834 779 2014 838 poste-

453 865 686 916 rioribus
719 857 938 912 rescribi
969 858 1266 922 Judaicum,
1306 858 1480 926 jussit.
1507 858 1761 913 Testatur
1804 869 1857 914 ct
1886 861 2014 915 Sca-

459 954 594 1022 liger
624 993 638 1014 ,
691 953 901 1004 nullum
951 950 1146 1002 librum
1194 964 1314 1002 esse
1355 949 1614 1016 scriptum
1644 964 1829 1003 eorum
1879 966 2014 1018 quos

452 1044 570 1111 ipse
615 1042 849 1102 viderit,
909 1041 1000 1108 qui
1061 1055 1165 1092 non
1217 1039 1411 1091 habeat
1455 1039 1639 1106 dogma
1700 1038 2010 1095 Iudaicum.

455 1134 600 1188 Sane
646 1137 788 1202 quod
865 1131 1086 1185 Ebionis
1137 1140 1298 1198 atque
1346 1131 1650 1185 Artemonis
1700 1131 2014 1201 cumprimis

456 1226 646 1280 debria
679 1224 1056 1286 instaurabat,
1107 1220 1391 1275 Judaicum
1422 1221 1618 1290 dogma
1657 1222 1777 1291 jure
1817 1226 2013 1277 merito

453 1314 672 1369 dixeris.
700 1313 912 1368 Videsis
933 1321 1107 1366 autem
1130 1316 1195 1366 de
1215 1311 1439 1366 Pbotino
1465 1313 1735 1367 Diatribas
1788 1313 2008 1378 Petavii,

455 1405 752 1468 Sirmondi,
783 1404 1138 1474 Larroquani,
1192 1404 1332 1457 Petri
1365 1407 1428 1460 de
1459 1407 1633 1459 Illarca
1670 1415 1832 1475 atque
1864 1406 2011 1458 alio-

452 1513 593 1550 rum.
622 1487 752 1562 Qua
775 1497 1175 1549 subnectuntur
1208 1495 1386 1555 verba,
1423 1497 1512 1566 qui
1535 1497 1702 1550 multa
1743 1497 2011 1549 continen—

453 1589 540 1640 tia:
565 1595 613 1641 et
635 1587 830 1656 ingenii
857 1588 989 1639 bona
1020 1601 1120 1639 uno
1154 1586 1408 1649 superbia:
1443 1587 1582 1639 malo
1609 1589 1849 1650 perdidit,
1879 1586 2012 1642 Sca-

452 1679 588 1746 liger
620 1674 917 1747 praeteriit:
968 1685 1120 1734 notat
1171 1691 1299 1731 vero
1346 1675 1399 1729 in
1439 1691 1547 1730 uno
1590 1676 1779 1732 Petav.
1811 1694 1912 1732 ms.
1945 1679 2010 1732 ad

454 1785 607 1824 oram
639 1769 762 1824 libri
795 1785 823 1822 e
854 1769 1070 1838 regione
1101 1770 1484 1834 subsequentis
1525 1769 1814 1837 periocbzr,
1857 1769 2015 1824 Basi-

451 1860 558 1914 lius
585 1858 942 1922 Ca’sarienst's,
991 1867 1100 1912 etc.
1126 1897 1143 1920 ,
1196 1857 1418 1912 haberi.
1451 1858 1584 1924 Quae
1611 1859 1894 1915 manifesta
1931 1861 2018 1914 lu-

453 1949 604 2002 xatio
637 1955 720 2001 est
747 1947 852 2000 loci
878 1954 1006 2015 ,qui
1063 1958 1212 2002 recte
1263 1948 1316 2002 in
1358 1948 1638 2018 plerisque
1671 1950 1791 2004 aliis
1839 1951 2015 2005 omni-

456 2040 560 2093 bus
599 2037 755 2091 libris
810 2037 876 2092 ad
928 2035 1256 2098 Photinum,
1317 2053 1477 2106 quem
1563 2039 1721 2093 unice
1771 2048 2018 2108 spectare

454 2139 658 2201 pou-st,
697 2127 956 2186 refertur.
997 2127 1178 2183 Ausus
1214 2136 1392 2182 tau-en
1424 2137 1508 2182 est
1543 2126 1762 2184 lsaacus
1791 2127 2018 2186 Vossius

453 2223 662 2279 referre
707 2222 773 2276 ad
824 2220 1124 2286 Basiliam,
1175 2229 1232 2274 et
1284 2220 1614 2275 calumniam
1643 2221 1772 2277 hinc
1807 2233 2018 2279 struere

457 2317 812 2388 Hieronymo,
844 2315 988 2383 quod
1035 2315 1233 2368 famam
1286 2314 1619 2369 sanctissimi
1667 2317 1906 2386 episcopi
1937 2317 2016 2370 la-

457 2408 678 2462 cerarit.
732 2406 874 2460 Mera
926 2406 977 2458 id
1021 2419 1193 2473 genus
1243 2403 1527 2471 convicia,
1579 2419 1684 2460 nec
1742 2417 2019 2460 merentur

459 2499 633 2553 verbo
669 2495 915 2552 refutari.
946 2494 1183 2564 Prosper
1221 2508 1408 2549 eorum
1443 2498 1730 2549 verborum
1767 2495 1887 2551 loco
1920 2497 2018 2550 ha-

463 2592 588 2656 bet,
621 2605 651 2641 a
676 2603 776 2656 quo
805 2584 1179 2641 Photinianum
1209 2584 1396 2654 dogma
1422 2622 1438 2647 ,
1478 2584 1647 2641 Paulo
1677 2583 2018 2640 Samosateno

451 2692 502 2736 et
533 2681 830 2740 Artemonc.
865 2680 928 2730 de
957 2676 1143 2746 quibus
1177 2691 1337 2744 supra
1365 2676 1561 2731 dictum
1590 2686 1686 2745 est,
1715 2686 2017 2745 conceptum

455 2767 781 2823 auctoribus.

524 2857 664 2914 liii].
710 2856 1134 2922 Alamannorum
1169 2859 1383 2930 triginta
1418 2859 1624 2914 circiter
1647 2859 1838 2914 millia.
1871 2858 2018 2914 Stre-

453 2966 565 3006 nue
599 2947 960 3003 hallucinatur
983 2948 1299 3017 Basnagius,
1322 2949 1413 3020 qui
1469 2951 1521 3005 in
1553 2949 1707 3006 Notis
1753 2950 1818 3003 ad
1853 2951 2017 3004 Pros-

454 3057 645 3111 pcrum
678 3052 882 3104 monet.
935 3043 1148 3098 cladem
1180 3043 1318 3096 hanc
1345 3041 1683 3098 referendam
1717 3041 1782 3096 ad
1815 3055 2014 3095 annum
2045 3067 2088 3124 ο

449 3135 757 3190 Constantii
790 3136 860 3191 20
892 3177 907 3202 ,
962 3135 1237 3202 ductuque
1282 3131 1481 3187 Juliani
1535 3133 1849 3187 Alemannis
1899 3146 2018 3188 esse

459 3225 686 3280 illatam.
721 3225 1011 3280 Enimvero
1042 3223 1360 3277 Ammianus
1405 3222 1756 3278 Marcellinus
1787 3221 2018 3291 σύγχρο-

451 3332 542 3376 νος
575 3326 767 3370 auctor
803 3317 966 3370 hocce
1021 3331 1165 3369 anno
1191 3359 1205 3381 ,
1251 3314 1507 3371 Gratiano
1536 3323 1721 3385 quater
1743 3323 1806 3368 et.
1831 3313 2012 3367 Mero-

449 3407 623 3460 baude
648 3423 805 3472 coss.,
830 3416 885 3461 et
908 3407 1127 3475 quidem
1157 3414 1413 3459 autumno
1441 3414 1676 3476 uergente
1700 3407 1752 3458 in
1776 3406 2016 3468 hiemem,

450 3498 732 3552 victoriam
781 3499 845 3552 de
875 3498 1192 3552 Alemannis
1231 3498 1372 3566 apud
1419 3496 1792 3567 Argentariam
1825 3496 2012 3552 refert.

453 3586 645 3643 Victor
669 3605 884 3659 quoque
911 3590 963 3643 in
999 3589 1244 3658 Epitome
1273 3604 1395 3658 cap.
1429 3587 1517 3654 47,
1549 3586 1650 3641 Hic
1671 3586 2007 3657 (Gratianus)

450 3681 590 3746 apud
619 3681 992 3752 Argentariam
1023 3680 1267 3750 oppidum
1305 3679 1498 3734 Gallia:
1523 3681 1739 3749 triginta
1769 3679 2017 3734 Alcman.

450 3785 637 3824 norum
669 3772 838 3825 millia
887 3771 943 3823 in
977 3769 1112 3823 bello
1133 3771 1408 3824 exstinxit.
1442 3769 1698 3838 Sequenti
1735 3771 2015 3839 anno,.qui

450 3875 573 3912 cum
607 3859 807 3914 Christi
840 3858 1168 3926 Dionysiano
1199 3859 1304 3913 578
1357 3859 1660 3922 concurrit,
1699 3859 1855 3912 inivit
1883 3873 2016 3913 sex-

451 3960 563 4004 tum
598 3952 945 4005 consulatum
975 3950 1213 4006 Valens:
1265 3952 1318 4004 in
1351 3951 1493 4020 quod
1522 3961 1753 4020 tempus,
1787 3951 1878 4020 qui
1913 3966 2016 4004 nu-

451 4056 550 4111 per
581 4056 779 4112 magno
809 4052 1005 4095 conatu
1038 4042 1230 4096 doctus
1257 4043 1339 4096 vir
1369 4057 1484 4094 eam
1517 4043 1801 4096 victoriam
1831 4041 2018 4096 confe-

451 4131 672 4185 rendam
737 4133 1042 4192 contendit,
1071 4146 1263 4184 vereor
1304 4138 1361 4184 ut
1389 4129 1519 4184 satis
1554 4137 1699 4184 recte
1723 4131 2014 4197 Ammiani,

453 4223 519 4274 ail
555 4237 716 4290 quem
751 4232 1033 4292 provocat,
1074 4237 1292 4276 sensum
1323 4220 1645 4290 perceperit.
1679 4217 1864 4282 Neque
1893 4237 2017 4275 vero

450 4312 704 4374 dilliteor,
736 4313 885 4366 illum
913 4314 1007 4367 lib.
1037 4329 1166 4368 xxxx
1192 4355 1208 4379 ,
1261 4327 1380 4381 cap.
1414 4311 1502 4375 10,
1533 4320 1820 4382 antequam
1852 4327 2018 4382 supe-

1701 294 2102 354 VALLARSII
2145 292 2380 354 ΝΟΤιΕ.

3549 295 3688 357 1152

2187 404 2320 458 lbid.
2374 402 2506 456 Gens
2564 403 2872 457 Hunnorum
2926 404 3119 459 Gothos
3162 413 3354 460 uastat.
3409 406 3682 478 Equidem

2119 494 2413 549 Gothorum
2467 497 2623 550 istam
2667 498 2718 549 in
2752 499 3049 552 Romanum
3080 501 3256 555 solum
3295 503 3683 572 trajectionem

2128 585 2352 641 biennio
2381 600 2663 657 antequam
2696 587 3068 659 Hieronymus,
3098 591 3320 648 Valente
3341 609 3372 648 ν
3398 605 3452 649 et
3485 593 3690 650 Valen-

2117 677 2322 731 tiniano
2373 679 2588 747 juniore
2626 682 2760 745 Aug.
2818 697 2985 741 coss..
3010 684 3101 751 qui
3137 697 3314 739 annus
3347 696 3431 739 est
3464 685 3675 741 Christi

2118 763 2472 834 Dionysianus
2527 767 2664 831 576,
2719 768 3038 824 Ammianus
3096 771 3190 827 lib.
3250 789 3400 834 xxxi,
3443 790 3568 843 cap.
3613 780 3685 844 4,

2116 855 2351 923 itemque
2398 857 2604 914 l'dacius
2641 859 2694 912 in
2737 858 2918 915 Fastis
2966 861 3310 931 consignant.
3345 865 3509 931 Atqui
3575 863 3689 918 No-

2115 956 2226 1001 Ster
2251 963 2354 1000 non
2387 947 2516 1002 illud
2554 951 2810 1020 temporis
2831 991 2845 1015 ,
2872 955 3304 1019 quotransvccti
3335 965 3462 1008 sunt
3490 956 3554 1010 ad
3582 955 3691 1010 Bo-

2117 1052 2326 1100 mano,
2385 1039 2478 1092 sed
2531 1055 2654 1094 cum
2715 1050 2900 1110 postea
2953 1041 3192 1109 ducum,
3255 1053 3312 1099 et
3361 1047 3685 1116 cumprimis

2113 1126 2330 1181 Maximi
2378 1128 2600 1182 avaritia
2653 1131 2914 1185 rebellare
2957 1134 3224 1202 compulsl
3275 1145 3444 1199 sunt,
3509 1147 3686 1194 notat.

2127 1218 2178 1273 Si
2199 1219 2367 1286 aliger
2399 1221 2724 1286 praecedenti
2771 1222 3016 1291 proxime
3053 1239 3200 1277 anno
3230 1236 3442 1295 gestum
3493 1242 3692 1282 accen-

2113 1318 2227 1366 set.
2267 1308 2524 1377 jubetque
2575 1309 2792 1364 inuotis
2850 1307 3071 1365 omnino
3107 1313 3214 1368 huc
3248 1313 3435 1368 referri
3501 1318 3683 1386 capita

2115 1400 2183 1452 54
2215 1410 2265 1452 et
2294 1399 2362 1452 55
2393 1400 2513 1454 libri
2543 1417 2572 1453 ν
2601 1402 2859 1471 (dixisset
2886 1403 2995 1455 imo
3023 1405 3108 1468 tv)
3150 1403 3413 1461 Socratis.

2186 1489 2318 1543 Ibid.
2355 1491 2717 1564 Lacrymabile
2759 1493 2948 1547 bellum
2983 1495 3038 1546 in
3069 1493 3316 1550 Thracia.
3366 1496 3676 1552 Commissa

2115 1597 2290 1652 pugna
2326 1592 2410 1636 est
2442 1601 2472 1637 ν
2503 1585 2637 1638 ldus
2669 1587 2928 1657 AuguSIi,
2979 1590 3120 1657 quod
3158 1588 3332 1656 prodit
3363 1589 3689 1645 Ammianus

2113 1671 2210 1728 lib.
2272 1690 2420 1740 uxr,
2459 1689 2586 1743 cap.
2637 1675 2736 1744 η,
2799 1677 3016 1733 ldacius
3064 1678 3116 1731 in
3146 1677 3366 1742 Fastis,
3424 1678 3687 1734 Socrates

2119 1762 2212 1815 lib.
2249 1777 2323 1828 ιν,
2359 1778 2480 1833 cap.
2523 1764 2750 1831 ultimo,
2805 1777 2967 1836 atque
3007 1767 3121 1821 alii.
3173 1766 3313 1822 Idem
3359 1769 3688 1824 Ammianus

2117 1853 2347 1910 Bacurio
2377 1863 2432 1910 et
2468 1854 2689 1923 Cassio,
2729 1858 2824 1926 qui
2864 1859 3172 1928 sagittarios
3217 1867 3272 1914 et
3301 1864 3574 1916 scutarios
3603 1877 3692 1917 re-

2118 1943 2335 2014 gebant,
2367 1945 2516 1999 exitii
2559 1962 2777 2000 causam
2817 1948 3074 2017 imputat,
3099 1950 3244 2018 quod
3274 1951 3433 2004 inerti
3452 1952 3691 2007 discessu

2117 2029 2410 2096 primordia
2444 2031 2565 2086 belli
2603 2034 2874 2102 [wdarinu
2910 2035 3295 2106 Imperatorem
3345 2040 3493 2107 quod
3557 2055 3694 2109 spe-

2123 2126 2253 2186 ctat,
2283 2135 2424 2174 unus
2495 2131 2576 2176 est
2606 2121 2867 2178 Libanius
2893 2124 2946 2178 in
2989 2137 3132 2181 orat.
3167 2127 3230 2180 ad
3282 2127 3690 2193 Theodosium,

2117 2210 2404 2278 quicum,
2458 2227 2584 2266 cum
2639 2224 2827 2282 posset
2878 2214 3180 2286 aulugere,
3235 2217 3492 2273 maluisse
3550 2219 3694 2275 dicit

2119 2299 2367 2356 hostibus
2395 2303 2788 2360 circumfusum
2822 2308 3114 2377 pugnando
3145 2309 3496 2363 occumbere.
3540 2309 3694 2365 Reli-

2118 2394 2212 2462 qui
2263 2410 2456 2464 magno
2503 2381 2731 2452 numero
2783 2400 3122 2468 scriptores,
3172 2401 3502 2472 Hieronymo
3551 2404 3692 2472 (qui

2119 2487 2268 2556 paria
2301 2488 2385 2543 bis
2419 2489 2582 2543 tradit
2632 2489 2794 2559 epist.
2845 2481 2913 2545 60
2959 2492 3024 2545 ad
3076 2491 3465 2558 Heliodorum,
3522 2494 3690 2563 paulo

2119 2578 2372 2648 superius
2403 2579 2658 2649 laudata)
2687 2585 3034 2638 consentiunt
3059 2623 3075 2649 ,
3105 2583 3276 2640 fuisse
3303 2585 3454 2640 illum
3482 2588 3686 2657 sagitta

2121 2673 2470 2736 transﬁxum,
2534 2671 2601 2725 ad
2654 2672 2854 2728 villula:
2903 2674 3184 2744 cujusdam
3238 2691 3416 2732 casam
3511 2679 3690 2749 (ἀχυ-

2123 2759 2268 2830 ρῶνα
2305 2759 2586 2816 Cedrenus
2614 2771 2792 2825 vocat,
2835 2762 2901 2816 de
2928 2778 3037 2832 quo
3079 2764 3297 2818 nomine
3332 2764 3592 2834 superius
3619 2765 3688 2818 ad

2117 2851 2455 2907 Constantini
2505 2851 2577 2907 Μ.
2629 2864 2855 2908 mortem
2907 2855 3108 2910 dictum
3139 2858 3257 2920 est)
3291 2856 3687 2925 deportatum,

2123 2943 2306 3012 ibique
2365 2957 2394 2996 a
2444 2945 2902 3014 persequentibus
2968 2947 3152 3014 reique
3199 2947 3382 3003 insciis
3433 2947 3691 3004 Barbaris

2121 3044 2546 3090 concrematam.
2598 3036 2676 3090 Illi
2709 3046 2898 3093 auctor
2943 3047 3130 3094 noster
3167 3041 3384 3096 nonnisi
3417 3051 3691 3108 quatuor-

2123 3113 2300 3178 deci'm
2331 3139 2502 3180 annos
2549 3126 2763 3195 imperii
2819 3129 3098 3191 attribuit.
3152 3128 3423 3184 Victorem
3467 3132 3520 3184 in
3551 3131 3688 3201 Epi-

2122 3223 2266 3267 tsme
2295 3254 2308 3277 ,
2341 3223 2399 3268 ut
2428 3216 2676 3283 videtur,
2719 3226 2940 3276 secutus
2969 3261 2984 3280 .
3037 3220 3129 3289 qui
3170 3231 3222 3276 et
3259 3223 3406 3276 solos
3441 3224 3690 3291 quinque

2121 3319 2336 3360 menses
2377 3305 2501 3359 anni
2532 3307 2650 3377 ejus
2701 3308 2896 3363 decimi
2946 3313 3125 3378 quarti
3159 3321 3430 3365 numerat.
3460 3315 3689 3369 Constat

2121 3409 2272 3460 vero,
2304 3395 2373 3450 ab
2402 3396 2520 3465 ejus
2560 3399 2770 3466 imperii
2807 3401 2982 3466 initio,
3024 3403 3166 3469 quod
3215 3413 3320 3467 est,
3350 3417 3403 3457 ut
3439 3419 3537 3457 suo
3565 3407 3686 3459 locu

2118 3487 2479 3556 ostendimus,
2529 3487 2758 3544 Joviano
2810 3500 2864 3544 et
2919 3491 3251 3547 Varroaiano
3276 3507 3448 3559 coss.,
3495 3481 3681 3548 stall

2122 3579 2342 3646 Aprilis,
2371 3581 2473 3636 rite
2509 3583 2905 3653 consignatum,
2936 3583 3002 3637 ad
3035 3583 3179 3637 hunc
3211 3585 3395 3639 Obitus
3434 3589 3514 3639 sui
3540 3586 3685 3642 diem

2121 3687 2154 3722 ν
2191 3671 2323 3726 Idus
2364 3672 2618 3743 Augusti,
2647 3688 2706 3728 se
2745 3684 2956 3728 sextum
2988 3684 3042 3728 et
3073 3675 3454 3730 Valentiniano
3489 3693 3684 3731 secun-

2125 3763 2255 3819 dum
2291 3780 2463 3834 coss.,
2529 3781 2690 3837 supra
2747 3783 2919 3822 annos
2966 3773 3412 3836 quatuordecim,
3468 3788 3688 3829 menses

2131 3865 2367 3924 quatuor
2405 3866 2459 3910 et
2487 3857 2604 3912 dies
2643 3858 2874 3927 aliqum,
2911 3859 3114 3925 quibus
3138 3861 3342 3929 potitus
3379 3873 3464 3916 est
3499 3881 3684 3933 regno,

2119 3948 2472 4005 intercedere.
2522 3949 2578 4004 ld
2618 3950 2793 4019 ipsum
2849 3952 3278 4008 luculentiSsimo
3332 3958 3683 4022 testimonio,

2118 4036 2350 4106 Cyrillus
2382 4042 2702 4104 monachus,
2743 4049 2898 4094 vetus
2932 4053 3123 4096 auctor
3147 4086 3160 4105 ,
3195 4045 3286 4112 qui
3320 4045 3376 4100 S.
3413 4047 3685 4118 Euthymii

2121 4128 2294 4182 Vztam
2324 4130 2680 4199 conscripsit,
2707 4131 2885 4185 editus
2912 4147 2941 4186 a
2996 4133 3358 4190 Benedictinis
3408 4136 3688 4193 Parisien-

2120 4218 2274 4273 sibus
2344 4220 2732 4275 Analectorum
2783 4221 3021 4277 Grzecor.
3084 4235 3214 4278 tom.
3251 4228 3270 4280 1
3304 4269 3319 4288 ,
3365 4231 3684 4284 conﬁrmat:

2122 4309 2395 4375 Nondum,
2431 4312 2624 4379 inquit.
2650 4313 2852 4383 expleto
2875 4316 3053 4384 quinto
3085 4333 3277 4380 mense,
3306 4331 3454 4372 sexto
3485 4338 3683 4374 consu-

451 4413 600 4457 ratos
627 4405 766 4472 apud
794 4402 1168 4471 Argentariam
1208 4405 1538 4456 Alemannos
1564 4402 1728 4468 dicat,
1779 4404 2010 4466 primum
2046 4403 2087 4457 D
2119 4399 2228 4454 latu
2261 4401 2431 4455 elatus
2479 4403 2672 4469 impius
2710 4403 2903 4458 Valens
2929 4447 2943 4470 ,
2969 4412 3298 4476 exercituque
3339 4410 3391 4462 in
3423 4409 3687 4467 Barbaros

453 4509 646 4549 nctare
676 4493 803 4547 anni
831 4493 950 4561 ejus
984 4503 1327 4559 autumnum,
1376 4493 1668 4562 etquidem
1707 4504 2011 4561 vergentem

453 4588 506 4638 in
539 4585 767 4638 hiemem
790 4585 1014 4639 :dciutle
1042 4586 1369 4664 mentionem
1398 4584 1766 4638 Lenticutium
1797 4585 2009 4648 facere,

452 4674 545 4744 qui
583 4673 830 4727 Rhenum
860 4671 1154 4727 Februario
1202 4691 1376 4727 mense
1410 4674 1773 4727 transmittere
1821 4676 2014 4729 molie-

455 4760 670 4812 bantur.
700 4757 804 4813 Sed
843 4776 949 4813 non
987 4759 1110 4815 ideo
1163 4762 1392 4813 alterum
1431 4761 1556 4814 huic
1605 4772 1760 4830 gesto
1812 4776 2012 4816 annum

453 4848 715 4917 assignat,
751 4849 841 4903 sed
888 4847 1192 4904 Lenticutis
1249 4849 1585 4904 Alemaunici
1627 4851 1810 4919 populi
1858 4867 2016 4906 occa-

455 4944 631 5004 sione,
693 4944 892 4997 retexit
947 4945 1071 4998 belli
1127 4960 1345 5007 causas,
1399 4945 1541 4998 unde
1593 4946 1765 4998 clades
1802 4945 2019 4998 exitiale

458 5031 800 5100 primordium
858 5037 1094 5103 sumpsit.
1151 5036 1451 5088 Contextus
1495 5035 1856 5090 confcrendus
1894 5043 2015 5097 est,

459 5132 518 5176 ut
553 5138 664 5177 rem
700 5132 907 5176 teneas.
937 5125 1252 5194 Quanquam
1279 5138 1330 5177 et
1382 5125 1454 5178 ibi
1487 5142 1710 5179 mancus
1735 5126 1884 5181 locus
1911 5136 2017 5191 εει,

461 5215 638 5282 deque
668 5213 860 5267 mendo
890 5225 1170 5282 suspectus
1197 5257 1211 5280 ,
1271 5216 1359 5269 ubi
1398 5213 1740 5269 Februarium
1780 5230 2016 5270 triensem

465 5308 727 5360 nominat.

535 5397 668 5451 lbid.
707 5393 1044 5450 Florentinus
1069 5407 1116 5450 et
1152 5396 1407 5450 Bonosus.
1466 5397 1609 5449 idem
1640 5397 1730 5464 qui
1788 5394 2009 5448 Floren-

468 5489 568 5539 tius
602 5488 656 5540 in
691 5487 954 5556 epistolis,
997 5502 1132 5556 quas
1163 5487 1226 5538 azl
1264 5502 1386 5540 cum
1443 5487 1804 5555 Hieronymus
1837 5488 1981 5540 dedit
2012 5529 2022 5552 ,

469 5581 793 5648 appellatur.
855 5579 987 5634 Vide
1044 5581 1306 5649 epistolas
1366 5580 1399 5632 4
1453 5579 1567 5632 etii
1601 5581 1654 5631 in
1710 5582 2026 5636 rct'm'sitmc

470 5679 678 5734 nostra,
712 5671 764 5722 in
796 5671 991 5740 quibus
1035 5670 1102 5726 dc
1144 5669 1357 5725 Botioso
1390 5669 1514 5722 item
1549 5679 1599 5722 et
1632 5667 1845 5724 Rufino.

2122 4491 2378 4545 Thracias
2429 4495 2806 4562 depopulantes
2853 4497 3106 4552 ducto....
3153 4499 3412 4554 irruentes
3455 4502 3684 4557 Barbari

2118 4583 2287 4649 ipsum
2335 4583 2710 4649 incenderunt,
2754 4590 2984 4640 nondum
3033 4590 3285 4659 completo
3330 4594 3502 4659 primo
3547 4612 3724 4647 αηηο·

2119 4675 2180 4726 ab
2219 4673 2489 4742 Euthymii
2517 4686 2654 4728 ortu.
2703 4677 2938 4731 Omnino
2991 4679 3156 4748 igitur
3193 4680 3488 4747 Quintilem
3517 4727 3532 4744 ,
3574 4687 3690 4739 sive

2118 4761 2319 4817 Julium
2357 4780 2479 4818 cum
2527 4765 2730 4836 dixisse
2791 4769 2976 4834 voluit,
3031 4787 3188 4839 quem
3242 4773 3383 4826 dixit
3440 4776 3686 4842 quintum

2121 4873 2366 4922 mensem,
2413 4875 2518 4928 quo
2547 4860 2745 4916 Valens
2768 4904 2782 4926 ,
2834 4862 3077 4917 exercitu
3113 4865 3163 4916 in
3199 4863 3468 4920 Barbaros
3495 4869 3686 4930 durtn,

2121 4949 2434 5020 pron‘gatus
2464 4962 2563 5005 est.
2601 4952 2656 5005 Si
2703 4955 2846 5007 enim
2889 4955 3128 5008 nondum
3179 4966 3333 5010 actus
3364 4967 3479 5011 erat
3507 4973 3688 5015 annus

2121 5041 2184 5091 ab
2217 5040 2483 5110 Euthymii
2511 5054 2654 5108 ortu,
2703 5055 2814 5098 stvc
2842 5047 2977 5112 quod
3015 5047 3156 5100 idem
3187 5060 3379 5111 sonat,
3427 5049 3687 5119 exiguum

2125 5131 2303 5184 deerat
2359 5134 2626 5200 eXplcttth
2661 5135 2893 5202 spatium
2923 5178 2937 5202 ,
2978 5136 3067 5189 ille
3091 5177 3106 5202 ,
3143 5147 3199 5190 ut
3233 5146 3353 5206 cap.
3383 5139 3412 5189 7
3450 5140 3650 5194 dicitur
3675 5184 3689 5205 ,

2124 5236 2279 5274 intus
2308 5229 2449 5276 est...
2485 5240 2655 5276 mense
2684 5227 2920 5294 Augusto
2943 5266 2959 5290 ,
2995 5236 3180 5294 quarto
3216 5225 3463 5280 Gratiani
3496 5246 3693 5282 consu-

2123 5313 2254 5364 latu.

2157 5401 2329 5458 ilbid.
2385 5404 2462 5456 Ab
2519 5405 2650 5460 Urbe
2703 5407 2918 5460 conlita
2969 5424 3150 5477 usque.
3202 5407 3333 5473 Quae
3387 5409 3510 5466 hinc
3561 5413 3692 5467 sub-

2127 5503 2430 5562 sequuntur
2500 5495 2564 5548 ad
2628 5497 2784 5548 linem
2855 5513 3028 5566 usque
3096 5499 3219 5553 libri
3277 5501 3694 5568 ἀνακεφαλαιώ-

2130 5601 2272 5650 seu,
2300 5599 2485 5640 omnes
2522 5587 2576 5639 in
2608 5587 2882 5642 Parmensi
2937 5604 3036 5642 ms.
3107 5590 3499 5646 desiderantur.
3556 5593 3693 5647 Sca-

2132 5675 2259 5745 liger
2293 5676 2446 5730 istam
2509 5678 2763 5731 duntaxat
2814 5681 2880 5732 ab
2932 5679 3074 5733 Urbe
3108 5682 3354 5744 t-etnlita,
3406 5697 3527 5735 cum
3560 5685 3687 5737 sub-
