4014 6196
302 311 441 377 1¹5⁰1

1586 297 2003 361 VALLARSII
2040 279 2280 357 norm.

3404 303 3542 370 1154

298 424 488 493 juncta
520 418 853 490 expositione
874 458 900 485 ,.
936 431 1060 486 quae
1106 416 1292 471 Italico
1327 412 1639 468 charactere
1674 417 1856 464 notata
1888 408 1935 463 A
1960 404 2060 467 sis.
2098 416 2146 469 et
2179 422 2384 476 egressu
2429 407 2599 463 Israel
2626 410 2691 464 de
2715 409 2971 482 Aiggpto,
3003 429 3187 467 rursus
3218 413 3295 465 ad
3328 419 3539 482 superi-

302 527 407 580 nst,
431 517 484 571 in
510 524 714 572 textum
740 510 961 578 recepit,
989 520 1175 580 utpote
1197 522 1324 564 vere
1345 505 1819 577 Hieronymianam
1844 518 1861 559 :

282 615 526 662 castor-as
556 620 675 674 quae
735 604 823 657 hic
889 611 944 657 et
994 602 1047 655 in
1101 601 1220 654 aliis
1249 598 1519 669 plerisque
1547 594 1702 649 libris
1732 594 1863 649 sub-

301 704 611 759 nectuntur,
643 697 758 763 ipse
775 694 936 748 etiam
956 692 1011 746 in
1034 691 1179 746 calce
1206 698 1480 750 notarum,
1505 701 1570 740 ex
1596 684 1863 755 antiquis-

303 788 442 842 simo
468 782 841 851 Bongarsiano
871 795 976 834 ms.
1034 779 1324 841 exhibuit,
1380 776 1473 830 sed
1507 784 1764 844 tanquam
1798 772 1865 825 ab

303 874 475 928 aliena
502 887 667 925 manu
700 866 1044 939 postmodum
1086 866 1322 937 adjectae
1358 863 1608 917 exsulare
1655 877 1685 916 a
1733 861 1866 915 reli-

303 980 411 1034 quo
439 971 696 1018 contextu
739 961 926 1031 jussit.
965 960 1236 1014 Pontacus
1274 958 1342 1012 de
1375 956 1463 1010 his
1489 955 1624 1034 satis
1657 953 1824 1007 multa
1849 989 1866 1016 ,

302 1069 421 1123 quae
454 1048 798 1107 consuluisse
832 1066 942 1105 non
991 1052 1088 1104 abs
1116 1064 1175 1103 re
1204 1050 1327 1103 erit.
1361 1047 1469 1102 Nos
1501 1046 1556 1100 in
1595 1061 1711 1100 eain
1743 1059 1869 1113 pro-

302 1141 549 1198 eliviores
571 1139 896 1197 sententiam
922 1153 1131 1204 sumus,
1152 1153 1275 1207 qua:
1297 1136 1512 1206 ipsimet
1534 1133 1867 1203 Hieronymo

303 1234 424 1288 illas
458 1231 726 1289 attribuit.
757 1231 915 1287 Certe
944 1230 1217 1284 cohaerent
1270 1228 1343 1281 ita
1373 1226 1477 1282 sibi
1527 1234 1688 1296 atque
1723 1226 1777 1279 in
1791 1226 1868 1279 vi-

305 1339 420 1378 cem
458 1322 809 1391 respondent,
839 1329 899 1376 ut
932 1335 1040 1375 uno
1067 1318 1383 1389 perturbato
1411 1331 1661 1385 numero,
1696 1324 1866 1371 totum

306 1411 618 1483 Hieronymi
673 1412 953 1479 ipsiusque
982 1407 1198 1463 Eusebii
1247 1415 1559 1475 computum
1592 1406 1870 1473 corrumpi
1936 1404 1939 1407 λ

307 1518 525 1559 necesse
554 1506 646 1558 sit.
679 1502 848 1570 Quem
884 1515 1017 1555 sane
1050 1514 1291 1556 errorem
1325 1497 1563 1568 Scaliger
1594 1497 1682 1552 hic
1702 1496 1870 1551 etiam

304 1604 474 1659 errat,
501 1594 591 1649 ubi
626 1608 726 1664 pro
769 1593 929 1649 annis
952 1591 1367 1661 quadringentis
1402 1589 1589 1660 viginti
1622 1596 1868 1659 septem,

307 1688 399 1757 qui
429 1686 521 1742 sub
566 1685 815 1756 Augustis
858 1694 905 1739 et
951 1682 1249 1759 Cesaribus
1294 1690 1649 1737 numerantur
1674 1717 1691 1745 ,
1726 1679 1873 1734 solos

307 1753 586 1855 computat
651 1753 1091 1846 quadringentos
1138 1772 1328 1843 viginti
1397 1779 1678 1843 quatuor;
1732 1753 1956 1824 undeB

304 1867 578 1923 noniISi
608 1908 626 1932 ,
678 1859 842 1935 quam
897 1873 1122 1920 sanctus
1171 1862 1338 1917 Pater
1392 1862 1719 1934 proposuit,
1782 1859 1875 1917 sed

308 1961 573 2015 duntaxat
627 1958 764 2014 “9.8
812 1973 1026 2013 summa
1063 1956 1364 2026 consurgit.
1411 1954 1667 2009 Etaudet
1696 1962 1878 2009 tamen

311 2054 400 2109 ille
432 2052 915 2108 ballueinationem
970 2050 1114 2105 banc
1157 2063 1313 2105 suam
1345 2047 1677 2118 Hieronymo
1705 2046 1880 2115 culpae

308 2155 562 2201 vertere:
597 2159 759 2214 quam
789 2145 1079 2199 emendare
1104 2143 1232 2198 dum
1263 2142 1484 2203 studet,
1527 2154 1665 2195 novo
1694 2153 1879 2194 errore

313 2237 575 2301 cumulat,
610 2235 797 2292 volens
834 2235 1073 2306 spatium
1098 2234 1192 2290 sub
1216 2234 1443 2304 regibus,
1468 2247 1573 2286 non
1601 2230 1731 2286 solis
1750 2229 1877 2297 240,

312 2329 408 2383 sed
436 2328 543 2383 245
568 2328 852 2399 supputari
879 2346 893 2384 :
925 2337 974 2381 et
1003 2329 1268 2383 minorem
1311 2332 1494 2379 tamen
1530 2338 1651 2378 eum
1686 2337 1879 2377 nume-

313 2433 431 2473 rum
465 2417 591 2491 poni
623 2419 690 2472 ab
721 2416 957 2472 Eusebio
989 2431 1019 2471 a
1053 2415 1312 2471 Palilibus
1338 2415 1533 2485 primis
1580 2413 1648 2468 ad
1678 2412 1881 2484 regiiu-

313 2510 459 2580 gium
483 2548 500 2573 ,
530 2524 638 2563 non
665 2508 945 2564 diliitetur.
994 2506 1111 2563 Jam
1163 2521 1293 2563 vero
1320 2507 1574 2577 quoniam
1603 2505 1706 2561 hoc
1737 2519 1881 2559 anno

315 2599 655 2655 concluditur
715 2599 1025 2670 llierouymi
1074 2598 1386 2655 Chronicon
1416 2637 1433 2664 ,
1480 2596 1705 2653 Valente
1737 2611 1788 2649 vt
1825 2604 1881 2650 et

318 2689 697 2745 Valentiniano
729 2690 946 2759 juniore
975 2705 1011 2744 ιι
1042 2703 1185 2745 coss.
1218 2729 1235 2754 ,
1299 2689 1457 2759 isque
1487 2702 1662 2744 annos
1690 2686 1747 2741 in
1777 2701 1878 2757 ap-

315 2782 491 2852 posito
527 2799 784 2838 annorum
813 2783 1021 2838 Domini
1043 2783 1326 2847 laterculo,
1355 2786 1463 2838 non
1499 2782 1593 2852 qui
1617 2782 1879 2853 agebatur

314 2889 437 2929 tera:
468 2875 703 2946 vulgaris
754 2875 957 2930 Christi
1004 2876 1157 2945 juxta
1189 2875 1505 2945 Dionysium
1531 2889 1596 2929 ex
1630 2874 1879 2929 erudito-

317 2980 438 3019 rum
469 2969 710 3020 omnium
764 2980 1038 3022 consensu
1065 2966 1172 3021 578
1197 3007 1212 3033 ,
1266 2965 1361 3021 sed
1406 2965 1505 3021 581
1540 2967 1876 3022 ascribitur:

1970 510 2063 547 ora
2100 511 2393 559 conversus,
2417 514 2578 568 usque
2603 503 2675 553 art
2708 501 2935 569 primum
2963 517 3154 553 annum
3185 501 3428 562 Abralue.
3452 519 3541 557 re-

1969 587 2136 654 peries
2162 603 2328 641 annos
2359 588 2483 652 505,
2512 607 2641 660 quos
2679 592 2926 646 similiter
2949 610 2981 645 a
3022 594 3092 647 45
3125 610 3264 648 anno
3297 593 3540 663 Cecropis

1971 690 2130 745 usque
2155 676 2224 729 ad
2250 676 2442 731 Ninum
2470 689 2518 733 et
2552 681 2890 734 Semiravniin
2920 683 3252 753 Assyriorum
3282 687 3538 751 principes

1971 769 2302 836 supputabis.
2334 770 2502 837 Igitur
2535 774 2578 825 si
2611 776 2677 825 ab
2710 774 2869 827 annis
2914 775 3057 829 2395
3107 777 3284 845 (quos
3332 778 3389 832 S.
3434 776 3542 831 Pa-

1973 866 2056 913 ter
2087 859 2155 912 ab
2183 861 2478 926 Abraham,
2509 870 2560 914 et
2594 879 2757 932 regno
2790 864 2909 919 Nini
2941 878 2994 920 et
3025 866 3421 931 Semiramidis,
3454 885 3540 923 us-

1973 962 2078 1015 que
2112 951 2176 1000 ad
2206 943 2459 1004 Chronici
2494 951 2579 1004 sui
2624 951 2811 1015 tinem,
2846 953 3050 1017 colligit
3079 955 3095 1022 )
3128 954 3418 1009 demantur
3447 972 3546 1010 an-

1975 1039 2027 1092 ni
2061 1038 2163 1093 505
2190 1038 2206 1107 (
2237 1041 2327 1108 qui
2356 1055 2386 1092 a
2417 1041 2698 1095 nativitate
2727 1042 2976 1103 Abrahae,
3010 1051 3064 1097 et
3105 1058 3132 1096 a
3161 1044 3301 1098 Nino
3347 1052 3402 1097 et
3445 1044 3548 1100 Se-

1976 1129 2281 1192 miramide,
2310 1146 2482 1199 usque
2510 1132 2576 1186 ad
2606 1130 2808 1185 Mosam
2842 1144 2897 1187 et
2924 1132 3241 1202 Cecropem,
3274 1137 3341 1189 ab
3372 1136 3545 1191 Eusc-

1975 1221 2066 1275 bio
2094 1222 2427 1286 colliguntur
2459 1224 2500 1289 ),
2536 1225 2760 1279 omnino
2795 1239 2824 1277 a
2876 1225 3020 1281 Mose
3060 1237 3119 1282 et
3150 1226 3410 1296 Cecr0pe.
3454 1244 3551 1282 us-

1976 1328 2084 1381 que
2113 1314 2179 1368 ad
2207 1314 2464 1370 Chrontci
2506 1316 2782 1385 hujusmet
2823 1316 3004 1383 linem,
3037 1318 3165 1372 anni
3198 1320 3552 1373 remanebunt

1976 1403 2137 1459 1890.
2204 1404 2309 1459 Tot
2358 1406 2529 1462 fuisse
2575 1409 2643 1462 ab
2693 1406 3025 1478 Hieronymo
3072 1417 3430 1477 supputatos,
3462 1424 3551 1464 res
3648 1466 3654 1474 ,

1975 1511 2138 1565 quam
2167 1497 2542 1565 exposuimus,
2566 1499 2790 1554 evincit.
2818 1499 3041 1554 Accedit
3065 1515 3215 1565 vero,
3238 1500 3381 1570 quod
3404 1516 3553 1555 eam-

1977 1589 2099 1643 dem
2124 1604 2391 1644 annorum
2419 1605 2691 1644 summam
2721 1591 3017 1660 praeferunt
3036 1592 3253 1647 codices
3278 1607 3407 1647 mss.
3433 1591 3554 1645 alii-

1982 1695 2089 1750 que
2119 1679 2541 1752 chronographi,
2568 1690 2706 1737 teste
2736 1682 2973 1737 Pontaco
2997 1683 3050 1737 in
3080 1674 3245 1749 notis,
3274 1698 3410 1752 quas
3436 1697 3554 1737 om-

1983 1774 2141 1837 nino,
2161 1780 2220 1827 ut
2249 1773 2357 1829 buc
2387 1774 2608 1840 referat,
2634 1783 2823 1829 auctor
2849 1789 2989 1828 sum.
3016 1773 3148 1831 Nam
3180 1775 3324 1845 quod
3361 1777 3554 1830 maluit

1981 1863 2070 1920 ille
2097 1863 2445 1919 nibilosecius
2470 1864 2765 1919 rescribere
2790 1864 2950 1928 1955,
2980 1866 3329 1921 hallucinat'o
3352 1873 3436 1920 est
3457 1866 3557 1919 ho-

1980 1955 2147 2010 minis
2178 1962 2373 2009 caetera
2402 1954 2835 2023 diligentissimi,
2868 1970 3033 2023 quam
3079 1971 3319 2026 nuperos
3364 1963 3557 2011 auctor

1982 2046 2434 2103 Observationum
2465 2048 2530 2101 ad
2558 2047 2865 2103 Chronicon
2890 2048 3141 2118 Prosperi
3183 2058 3307 2103 ante
3334 2063 3431 2104 nos
3459 2062 3557 2106 c0-

1981 2137 2156 2208 arguit
2191 2138 2273 2192 his
2307 2139 2594 2210 pratcipue'
2610 2138 2808 2205 verbis,
2840 2154 2957 2209 qua:
2986 2142 3090 2195 huc
3118 2141 3247 2196 libet
3294 2141 3500 2197 referre
3530 2157 3551 2199 :

1982 2227 2256 2285 Pontacus
2311 2229 2431 2285 loco
2468 2231 2633 2285 citato
2667 2229 2827 2285 etiam
2878 2231 2981 2286 hoc
3031 2231 3198 2297 addit,
3252 2234 3389 2301 quod
3419 2222 3573 2287 idem.

1981 2340 2126 2379 num.
2157 2323 2298 2378 1955
2328 2339 2588 2377 annorum
2610 2322 2771 2377 etiam
2797 2324 3163 2378 subducuntur
3182 2341 3247 2380 ea:
3280 2327 3386 2380 illis
3410 2330 3561 2398 quin-

1980 2432 2079 2484 que
2102 2415 2345 2478 calculis,
2380 2431 2509 2489 quos
2557 2419 2801 2485 supponit
2843 2423 3029 2471 auctor
3070 2417 3125 2471 in
3163 2418 3497 2487 praefatione,
3526 2437 3560 2474 a

1980 2509 2230 2577 Cecrope,
2263 2526 2297 2562 a
2328 2509 2629 2578 captivitate
2661 2507 2861 2578 Trojw,
2889 2526 2922 2564 a
2965 2510 3140 2578 prima
3182 2510 3497 2581 olympiade,
3527 2528 3564 2567 α

1982 2602 2215 2658 secundo
2242 2599 2424 2671 Darii,
2458 2610 2508 2654 et
2549 2620 2579 2656 a
2606 2601 2808 2656 decimo
2834 2602 3020 2672 quinto
3051 2601 3271 2667 Tiberii,
3304 2619 3464 2674 usque
3494 2605 3566 2659 ad

1982 2709 2182 2751 annum
2222 2693 2289 2747 14
2330 2691 2592 2749 Valentis.
2622 2691 2727 2748 Sed
2760 2693 2827 2748 ad
2862 2695 3003 2749 hanc
3030 2695 3299 2750 rationem
3331 2710 3563 2766 respon-

1983 2785 2104 2849 deo,
2131 2784 2240 2839 hoa
2266 2784 2633 2840 certissimum
2661 2798 2803 2850 esse,
2834 2784 2880 2840 si
2908 2799 2973 2838 ex
3000 2784 3224 2841 Pontaci
3260 2787 3568 2858 hypothesi,

1982 2877 2196 2948 primus
2230 2875 2471 2931 calculus
2502 2889 2533 2930 a
2564 2873 2822 2944 Cecropis
2858 2889 3001 2929 anno
3032 2875 3207 2946 primo
3244 2867 3570 2946 deducatur,

1982 2969 2125 3036 quod
2139 2973 2252 3020 tum
2277 2981 2342 3021 ex
2385 2966 2626 3035 quinque
2648 2964 2753 3020 illis
2777 2964 3000 3020 calculis
3030 2965 3172 3021 idem
3195 2966 3287 3022 ille
3309 2967 3448 3039 1955
3466 2984 3571 3024 an-

318 3055 690 3110 revocandum
726 3064 810 3112 est
849 3056 902 3111 in
944 3057 1286 3121 memoriam,
1316 3057 1461 3128 quod
1497 3057 1636 3112 alias
1663 3072 1763 3113 nec
1794 3071 1882 3113 se-
1908 3076 1952 3137 c
1983 3071 2179 3114 norum
2200 3071 2457 3112 numerus
2478 3057 2841 3120 subducatur,
2877 3054 3077 3112 Verum
3105 3059 3208 3114 hoc
3238 3074 3344 3114 non
3374 3071 3457 3115 est
3489 3064 3570 3127 id,

321 3147 427 3200 mel
457 3161 671 3217 arrepta
706 3150 992 3209 occasione
1026 3150 1361 3212 monuimus.
1388 3165 1512 3205 eum
1557 3149 1881 3205 latereulum

322 3253 428 3292 non
469 3240 637 3296 fuisse
672 3240 742 3297 ab
768 3239 1001 3296 Eusebio
1028 3278 1046 3305 ,
1095 3250 1265 3310 atque,
1290 3243 1425 3297 adeo
1453 3256 1629 3312 neque
1680 3243 1749 3297 ab
1797 3257 1893 3297 au-

322 3337 469 3385 ctore
489 3342 683 3386 nostro
731 3332 861 3386 huic
899 3331 1061 3402 Operi
1114 3341 1376 3388 attextum
1398 3341 1438 3388 :.
1471 3348 1785 3404 quanquam
1815 3341 1895 3389 tot

322 3435 507 3477 revera
530 3423 655 3478 anni
680 3439 709 3478 a
735 3424 806 3479 42
853 3425 1106 3496 Augusti,
1132 3426 1221 3481 cui
1258 3424 1460 3482 Christi
1488 3425 1720 3480 natalem
1751 3425 1895 3481 diem

200 3539 221 3553 ο
322 3498 619 3575 ascribunt.
639 3513 792 3583 juxta
819 3529 1005 3571 eorum
1069 3515 1311 3570 rationes
1371 3530 1437 3569 ex
1486 3516 1895 3572 succedentium

325 3603 712 3671 imperatorum
765 3607 944 3668 annis.
976 3614 1055 3661 ‘et
1112 3606 1293 3674 serie,
1350 3606 1453 3661 rite
1512 3613 1898 3680 supputentur.

396 3693 531 3748 Ibid.
566 3694 611 3746 A
634 3692 809 3765 Moyse
832 3707 880 3749 et
911 3694 1152 3764 Cecrope.
1175 3695 1405 3768 Legerat
1435 3696 1705 3754 Pontacus
1739 3697 1900 3763 1854,

329 3785 552 3840 rescribi
583 3800 761 3840 autem
797 3789 850 3842 in
885 3787 1044 3845 Curis
1073 3788 1469 3859 posterioribus
1492 3788 1679 3859 jussit,
1711 3804 1905 3860 super-

327 3874 506 3932 addita
561 3880 861 3935 centenarii
912 3888 1061 3945 nota,
1094 3879 1253 3937 1955.
1286 3879 1445 3936 Falso
1492 3892 1804 3949 utrumque,
1842 3892 1903 3937 ut

327 3980 381 4024 et
406 3969 550 4040 quod
578 3969 813 4040 Scaliger
841 3971 1150 4039 descripsit,
1181 3970 1318 4045 1990
1345 3989 1360 4037 ;
1391 3986 1568 4039 neque
1595 3972 1739 4025 enim
1765 3972 1903 4026 alius

329 4075 516 4115 revera
564 4061 665 4115 fuit
696 4060 1008 4132 lliermymi
1058 4072 1371 4133 computus,
1414 4078 1576 4131 quam
1630 4078 1899 4118 annorum

332 4152 490 4217 1890,
526 4167 580 4207 ιιι
606 4147 709 4208 nes
752 4154 1089 4209 excudimus.
1139 4154 1346 4223 Quippe
1386 4156 1652 4209 terminus
1691 4172 1722 4206 a
1755 4156 1904 4219 Mose

333 4250 378 4293 et
396 4242 643 4309 Cecrope,
660 4256 860 4293 annum
877 4239 997 4293 vita:
1012 4236 1176 4294 Hosis
1196 4238 1619 4306 octuagesimum
1641 4237 1841 4307 signat,
1854 4246 1908 4293 et

337 4336 426 4405 qui
469 4350 592 4389 cum
627 4347 693 4387 eo
730 4331 1029 4399 concurrit,
1069 4330 1281 4401 imperii
1315 4330 1569 4397 Cecropis
1600 4333 1900 4400 quadrage-

1994 3150 2140 3219 quod
2162 3149 2254 3205 hic
2294 3148 2348 3203 in
2398 3150 2751 3219 quaestionem
2820 3148 2986 3214 venit,
3035 3147 3377 3206 Probandum
3426 3153 3573 3209 enim

1995 3242 2234 3297 Pontaco
2249 3248 2389 3307 erat,
2410 3240 2555 3309 quod
2576 3240 2790 3295 illorum
2818 3240 3061 3310 quinque
3089 3241 3426 3297 calculorum
3456 3247 3575 3315 pri-

1996 3349 2119 3389 mus
2151 3334 2243 3403 qui
2264 3349 2296 3388 a
2310 3332 2550 3402 Cecrope
2568 3332 2879 3398 deducitur,
2898 3334 2965 3387 ab
2994 3332 3204 3403 imperii
3225 3334 3345 3405 ejus
3364 3337 3567 3406 primo,

1996 3433 2049 3479 et
2088 3440 2195 3479 non
2234 3426 2304 3480 ab
2338 3423 2549 3493 imperii
2596 3422 2716 3492 ejus
2754 3437 2898 3479 anno
2913 3424 3330 3496 quadragesimo
3379 3428 3574 3498 quinto

1998 3514 2294 3579 exclusive,
2359 3513 2415 3568 in
2476 3513 2595 3578 illa,
2649 3513 2721 3568 de
2754 3528 2859 3584 qua
2891 3513 3152 3584 loquitur,
3190 3515 3408 3575 Eu~ebii
3439 3533 3578 3589 prter

2001 3607 2224 3671 latione,
2278 3606 2347 3661 ab
2404 3603 2734 3677 Hieronymo
2802 3603 2991 3660 Latine
3040 3622 3220 3668 versa.
3276 3618 3574 3679 repetatur.

2001 3697 2355 3755 Contrarium
2383 3707 2565 3752 autem
2602 3696 2838 3766 experiri
2891 3697 3177 3767 potuisset,
3205 3699 3250 3754 si
3301 3702 3577 3770 quantita-

2003 3801 2109 3846 tem
2140 3789 2300 3860 primi
2332 3789 2476 3844 illius
2501 3789 2798 3854 intervalli,
2840 3806 2874 3842 -a
2907 3789 3143 3860 Cecrope
3172 3792 3238 3846 ad
3298 3793 3579 3862 captivita-

2007 3892 2112 3939 tem
2147 3880 2349 3951 Trojae,
2391 3883 2807 3937 considerasset.
2844 3880 2977 3936 Nam
3012 3882 3066 3935 in
3115 3883 3203 3937 illa
3240 3884 3577 3952 praefatione,

2005 3984 2058 4029 et
2108 3974 2162 4028 in
2214 3974 2326 4039 illo,
2363 3989 2523 4043 quem
2585 3974 2827 4042 respirit,
2864 3975 3002 4039 loco,
3072 3975 3343 4041 expressis
3399 3977 3580 4032 verbis

2009 4068 2222 4134 legitur,
2271 4084 2305 4121 a
2330 4067 2558 4136 Cecrope
2588 4068 2655 4119 ad
2682 4069 3037 4135 captivitatem
3066 4067 3259 4139 Troja’,
3287 4064 3414 4121 anni
3450 4069 3578 4127 529.

2009 4161 2076 4215 Et
2104 4160 2148 4212 si
2178 4157 2305 4212 huic
2333 4157 2509 4228 primo
2544 4156 2755 4210 calculo
2785 4156 3023 4227 reliquos
3056 4167 3292 4226 quatuor
3314 4158 3576 4225 calculos,

2008 4252 2205 4308 ibidem
2229 4250 2639 4311 determinatus,
2699 4246 3001 4315 adjeceris,
3057 4249 3413 4307 subducetur.
3469 4264 3580 4301 non

2009 4347 2098 4400 ille
2141 4355 2402 4397 numerus
2440 4339 2578 4394 1955
2604 4334 2893 4403 annorum,
2953 4337 3046 4391 scd
3070 4338 3336 4407 genuinus
3387 4337 3582 4391 Hirro-

339 4428 536 4481 δίιηυηι
584 4428 856 4495 Quintum.
902 4423 959 4479 ld
991 4425 1099 4480 erit
1141 4438 1265 4478 cum
1312 4423 1433 4478 aliis
1482 4424 1635 4482 IOCiS.
1671 4431 1784 4483 tum
1832 4435 1901 4476 ex
1937 4407 1980 4461 D
2008 4433 2153 4505 nymi
2191 4444 2338 4485 num.
2367 4429 2520 4494 1890,
2547 4426 2779 4496 demptis
2809 4426 3016 4481 scilicet
3056 4424 3310 4493 CecrOpis
3329 4425 3398 4481 45
3433 4427 3581 4495 prio-

337 4519 654 4589 prazfatione
696 4518 912 4572 Eusebii
982 4516 1490 4572 manilestissimum
1526 4533 1538 4568 :
1572 4519 1615 4570 A
1651 4516 1903 4570 nativita-

338 4624 402 4677 te,
437 4611 629 4679 inquit,
662 4611 904 4673 Abralue,
935 4624 1093 4679 usque
1114 4609 1181 4660 ad
1214 4608 1416 4673 Mosen,
1444 4619 1493 4661 et
1520 4624 1788 4676 egressum
1822 4609 1904 4661 Is-

2009 4526 2163 4579 ribus
2197 4519 2407 4589 imperii
2428 4517 2605 4572 annis.
3382 4552 3385 4555 .

2080 4612 2219 4668 ibid.
2247 4612 2322 4665 Ab
2364 4609 2629 4665 Abraham
2679 4618 2728 4664 et
2763 4624 2919 4678 regno
2974 4606 3126 4663 Nini.
3181 4605 3470 4677 Prrperam
3525 4609 3578 4662 in

337 4703 446 4756 rael
474 4718 538 4757 ex
565 4690 829 4771 Egypto,
849 4708 1223 4769 computantur
1263 4699 1386 4752 anni
1433 4697 1910 4753 505.....Similiter
2015 4702 2386 4773 Bongarsiano
2410 4701 2547 4770 apud
2574 4701 2910 4771 Scaligerum
2942 4702 3129 4757 codice
3153 4703 3316 4757 2315.
3352 4702 3425 4756 De
3460 4702 3577 4755 col-

335 4813 365 4849 a
394 4793 534 4848 Nino
565 4807 610 4847 et
636 4790 1000 4856 Semiramide,
1029 4806 1187 4862 usque
1212 4791 1280 4844 ad
1311 4789 1492 4843 Mosen
1526 4799 1573 4842 et
1602 4789 1901 4856 Cecropem,

338 4888 461 4940 anni
488 4886 609 4941 505.
641 4886 699 4943 Et
729 4886 888 4956 paulo
917 4885 1167 4954 superius
1197 4901 1208 4936 :
1241 4882 1287 4937 A
1320 4882 1388 4937 80
1417 4893 1588 4937 autem
1607 4874 1746 4936 anno
1771 4879 1894 4934 Μο-

2010 4794 2337 4866 lectionibgs
2363 4792 2430 4846 ab
2469 4791 2675 4847 Adamo
2699 4802 2751 4848 et
2789 4793 3228 4877 diluviodietum
3250 4793 3384 4849 satis
3409 4794 3584 4848 abun»

2009 4888 2076 4942 de
2109 4886 2261 4942 alias.
