4030 6216
3034 444 3461 455 -———-———._....

1706 460 1833 465 ᾉ-..ν
1867 460 2075 467 -..ςήμκ
2213 461 2220 467 ,
2305 461 2431 467 ____-
2466 462 2501 467 __
2598 462 2641 467 ___
2662 460 3466 470 _________._—_______.

1439 700 1929 809 ADMON
1950 701 2231 808 ITIO

539 1048 653 1150 ΙΝ
725 1042 1362 1161 SEQUENTEM
1450 1044 1591 1147 AD
1678 1041 2460 1148 MARCELLINUM
2565 1046 3159 1153 EPISTOLAM

994 1355 1113 1428 DE
1168 1352 2067 1429 INTERPRETATIONE
2127 1356 2711 1430 PSALMORUM.

1214 1650 1385 1721 (Opp.
1420 1654 1475 1710 S.
1520 1652 1727 1709 Athan.
1755 1652 1847 1707 ed.
1874 1652 2061 1709 Venet.
2097 1652 2255 1721 1777,
2290 1659 2327 1709 t.
2366 1652 2482 1723 ΙΙΙ.)

270 2093 493 2157 Textus
523 2095 768 2157 Graecus
800 2111 929 2154 sum
940 2100 1072 2173 plus
1104 2106 1194 2154 est
1225 2110 1296 2153 ex
1328 2092 1786 2170 Prolegomenis
1808 2093 1950 2154 tomi
1975 2092 2049 2154 IV
2077 2095 2311 2156 Veteris
2332 2097 2691 2159 'l‘estamenti
2714 2099 2880 2173 juxta
2906 2097 3232 2158 versionem
3259 2107 3504 2177 septua-

202 2190 369 2268 ginta
392 2192 824 2270 Interprelum,
852 2206 1027 2268 quam
1059 2205 1129 2249 ex
1161 2185 1368 2248 codice
1418 2185 1827 2248 Alexandrino
1858 2197 2134 2250 accurate
2157 2188 2347 2251 edidit
2369 2190 2628 2251 Joannes
2659 2193 2943 2253 Ernestus
2973 2188 3186 2266 Grabe,
3222 2191 3318 2270 qui
3352 2191 3509 2253 inter

200 2282 309 2340 alia
344 2284 465 2340 hac
496 2284 565 2340 de
595 2283 793 2340 eadem
828 2280 1065 2349 epistola
1098 2280 1402 2338 admonet:
1439 2278 1707 2336 Craterum
1755 2280 1878 2335 licet
1907 2281 1967 2335 in
1996 2282 2242 2352 pluribus
2270 2283 2326 2338 8.
2358 2282 2657 2339 Athanasii
2686 2282 3027 2353 editionibus,
3056 2301 3120 2339 ac
3148 2283 3206 2338 in
3233 2290 3507 2354 postrema

196 2367 534 2424 celeberrimi
562 2367 951 2438 Montfauconi,
982 2367 1213 2437 optima,
1246 2369 1352 2421 tom
1412 2363 1458 2429 1,
1484 2373 1630 2436 part.
1668 2378 1727 2421 tl.
1752 2381 1881 2437 pag.
1913 2365 2017 2422 982
2046 2384 2203 2440 usque
2236 2366 2389 2429 1003,
2421 2368 2520 2422 iste
2546 2368 2620 2423 ad
2644 2366 3020 2425 Marcellinum
3069 2366 3279 2425 libellus
3325 2370 3509 2425 Greece

196 2469 260 2509 ac
291 2454 491 2510 Latine
517 2457 592 2511 sit
621 2470 883 2522 accusas;
919 2469 1033 2506 eam
1071 2458 1245 2508 tamen
1274 2452 1332 2507 in
1352 2450 1751 2524 antiquissimis
1780 2465 1842 2504 ac
1870 2448 1927 2506 S.
1969 2450 2121 2508 Patri
2146 2454 2263 2521 fere
2290 2453 2481 2508 coaeis
2526 2452 2850 2507 membranis
2899 2453 3094 2508 nostris
3123 2452 3272 2509 haud
3312 2469 3509 2522 parum

202 2540 583 2595 correctiorem
612 2556 673 2593 ac
700 2537 1013 2607 phniorens,
1050 2542 1108 2592 ut
1141 2537 1442 2606 con/erenti
1480 2537 1702 2606 patebit.
1739 2537 1824 2594 hic
1864 2535 2035 2593 denuo
2091 2535 2247 2593 edere
2299 2536 2525 2608 placuit,
2584 2536 2779 2608 absque
2804 2536 3002 2593 Latina
3049 2541 3223 2593 tamen
3250 2539 3503 2599 versione.

206 2622 418 2684 Versio
451 2623 637 2702 igitur
670 2626 867 2684 Latina
897 2640 933 2683 a
964 2640 1057 2681 me
1104 2630 1194 2681 est
1242 2639 1331 2681 ex,
1360 2620 1597 2683 laudata
1632 2623 1822 2685 Patris
1852 2620 2255 2686 Montl‘auconi
2316 2620 2580 2683 editione
2639 2618 2899 2701 Operum
2934 2623 2994 2682 S.
3032 2620 3371 2690 Athanasii;
3432 2621 3506 2683 ad

214 2726 427 2777 textum
465 2726 662 2775 autem
697 2718 971 2778 Graecum
1004 2712 1235 2774 codicis
1257 2713 1666 2794 Alexandrini,
1693 2714 1791 2777 ubi
1814 2719 1868 2778 ei
1892 2735 2009 2777 non
2038 2714 2464 2794 respondebat,
2487 2712 2756 2794 pluribus
2779 2713 2838 2775 in
2871 2714 3015 2789 locis
3035 2718 3506 2779 accommodata.

209 2807 327 2870 Hac
360 2818 553 2869 autem
588 2809 863 2869 versione
917 2806 1311 2886 antiquiorem
1349 2804 1524 2867 aliam
1557 2807 1743 2868 edidit
1798 2810 1938 2873 clsr.
1981 2827 2159 2869 mem.
2217 2808 2382 2868 card.
2432 2807 2786 2869 Thomasius
2842 2808 2899 2869 in
2933 2807 3082 2869 libro
3108 2811 3202 2869 cui
3261 2810 3508 2873 titulus:

218 2904 527 2959 Psalterium
543 2903 712 2973 juxta
742 2901 1005 2973 duplicem
1034 2900 1339 2963 editionem,
1366 2910 1496 2967 elc.,
1537 2910 1590 2955 et
1631 2901 1687 2957 in
1722 2901 2050 2959 Praelatione
2081 2902 2149 2957 ad
2186 2901 2455 2958 lectorem
2481 2918 2495 2954 :
2529 2900 2703 2963 Hanc,
2741 2901 2945 2971 inquit,
2968 2899 3223 2958 Latinam
3248 2908 3513 2975 repertam

212 2990 269 3044 in
296 2990 432 3045 libro
465 3005 562 3045 ms.
608 2989 727 3043 licet
756 3003 865 3043 non
900 2986 1190 3042 admodum
1238 2991 1443 3042 vetusto
1469 2984 1795 3043 bibliothecae
1858 2987 2217 3043 Vallicellance
2252 2986 2597 3056 proferimus,
2632 2984 2703 3039 ad
2732 2984 2973 3040 Gracuns
3022 2992 3199 3044 tamen
3241 2989 3513 3060 exemplar

210 3082 491 3145 utrumque
522 3072 828 3127 recensitam
857 3078 907 3127 et
931 3070 1287 3127 emendatam.
1315 3072 1395 3127 De
1425 3071 1531 3127 hac
1553 3070 1789 3141 epistola
1824 3071 1971 3127 idem
1997 3072 2351 3128 clarissimus
2371 3070 2681 3129 cardinalis
2707 3088 2720 3128 :
2754 3071 2987 3134 Celebre.
3014 3072 3110 3135 ait,
3137 3072 3283 3144 apud
3309 3079 3513 3133 ueteres

210 3172 391 3215 omnes
425 3156 727 3228 opusculum
776 3156 919 3211 beati
977 3154 1264 3211 Athanasii
1301 3155 1531 3227 episcOpi
1592 3154 1959 3212 Alexandrini
2009 3157 2087 3213 De
2120 3156 2266 3212 libro
2326 3155 2706 3222 Psalmorum,
2742 3156 2891 3228 quod
2947 3155 3125 3214 beatus
3166 3156 3513 3231 Hieronymus

210 3241 483 3313 appellare
509 3239 723 3296 videtur
757 3240 819 3294 in
850 3236 1127 3310 Catalogo
1156 3240 1502 3309 scriptorum
1540 3239 2067 3297 ecclesiasticarum
2095 3257 2107 3297 :
2144 3242 2224 3297 De
2250 3240 2582 3313 psalmorum
2614 3240 2809 3297 titulis.
2842 3239 2951 3297 Sed
2983 3255 3111 3296 cum
3151 3242 3339 3298 adhuc
3373 3244 3516 3300 late-

211 3327 386 3386 retin
418 3326 701 3405 tenebris,
734 3324 877 3385 etin
913 3324 1213 3403 publicam
1247 3324 1442 3386 lucem
1475 3326 1696 3385 editum
1731 3342 1845 3385 non
1878 3325 2085 3385 luisset
2113 3344 2314 3386 verum
2349 3344 2500 3406 opus
2533 3327 2596 3387 Β.
2634 3324 2937 3386 Athanasii
2989 3325 3071 3387 De
3118 3327 3312 3388 titulis
3356 3330 3516 3408 psal-

209 3436 480 3489 morum,
516 3417 668 3497 quod
700 3417 878 3479 modo
911 3417 972 3477 in
1002 3416 1303 3498 publicum
1337 3416 1686 3493 emittimus,
1722 3418 1877 3479 haud
1914 3423 2129 3480 mirum
2176 3430 2288 3495 est,
2320 3420 2371 3479 si
2405 3418 2781 3497 doctissimus
2810 3418 2896 3479 vir
2927 3436 3061 3480 cum
3082 3419 3214 3481 aliis
3247 3420 3517 3500 pluribus

210 3513 484 3581 deceptus
514 3520 598 3567 est
623 3526 689 3567 ac
720 3512 959 3575 erravit,
991 3522 1148 3567 ratus
1183 3511 1328 3567 idem
1370 3525 1513 3581 opus
1546 3525 1669 3568 esse
1701 3512 1914 3568 librum
1951 3509 2023 3565 De
2046 3512 2221 3567 titulis
2249 3511 2578 3583 psalmorum
2605 3526 2671 3568 ac
2698 3508 2996 3583 Epistulam
3025 3527 3123 3567 seu
3158 3512 3420 3589 Libellum
3448 3516 3518 3569 ad

214 3596 616 3653 Marcellinum.
650 3596 809 3663 Quod
841 3610 979 3652 sane
1009 3610 1139 3652 cum
1168 3596 1703 3657 animadvertissent
1733 3596 1924 3653 Patres
1958 3596 2335 3662 Benedictini,
2360 3597 2417 3652 in
2450 3595 2853 3652 Admonitione
2882 3610 3052 3665 quam
3086 3607 3518 3666 praeposuerunt

214 3683 399 3739 eidem
431 3682 691 3753 Epistula
717 3679 788 3736 ad
814 3680 1216 3750 Marcellinum,
1250 3682 1323 3737 ita
1382 3681 1597 3751 praelati
1632 3691 1801 3738 sunt:
1858 3678 2171 3753 Opinantur
2225 3681 2419 3753 nuperi
2480 3680 2756 3750 scriptores
2802 3678 3044 3750 quidam,
3081 3680 3395 3750 EpiStolam
3451 3686 3517 3741 ad

218 3765 613 3822 Marcellinum
644 3779 753 3821 esse
771 3764 908 3819 illud
935 3780 1070 3835 opus
1097 3764 1170 3820 De
1204 3764 1382 3821 titulis
1424 3764 1794 3833 psalmorum,
1826 3765 1972 3838 quod
2009 3765 2079 3821 ab
2108 3766 2429 3836 Hieronymo
2458 3764 2596 3818 inter
2640 3762 3022 3819 Athanasiana
3067 3765 3274 3836 scripta
3305 3783 3520 3824 enume-

214 3860 413 3906 ratur:
453 3857 512 3905 at
548 3865 666 3907 cum
694 3849 758 3902 de
780 3849 945 3906 titulis
973 3865 1066 3905 seu
1094 3849 1537 3921 inscriptionibus
1556 3848 1882 3921 psalmorum
1914 3864 1978 3905 ne
2010 3848 2226 3905 verbum
2260 3849 2466 3922 quidem
2496 3847 2596 3903 hac
2624 3846 2679 3901 in
2712 3847 2932 3917 epistola
2957 3856 3281 3920 compareat,
3311 3865 3521 3924 propa-

218 3936 340 3990 lans
374 3934 525 3990 nobis
553 3939 649 3999 est,
694 3933 857 3988 alium
893 3933 953 3987 ob
988 3934 1311 4006 Hieronymo
1346 3932 1566 3992 laudari
1595 3933 1814 3999 librum,
1856 3941 1962 3990 etc.
1995 3934 2074 3990 De
2109 3933 2571 4004 prestantissima
2606 3932 2709 3989 hac
2739 3932 2974 4003 epistola
3012 3944 3207 4003 praeter
3236 3936 3519 4006 synodum

213 4020 510 4078 Nicanam
536 4021 866 4083 secundam,
900 4021 971 4075 ita
1032 4018 1291 4075 meminit
1321 4017 1690 4076 Cassiodorus
1728 4018 1784 4074 in
1851 4017 1998 4074 libro
2033 4017 2105 4073 De
2151 4018 2501 4074 institutione
2542 4018 2852 4072 diuinarum
2898 4017 3238 4085 litterarum,
3290 4036 3411 4091 cap.
3450 4023 3517 4076 ιε

216 4099 504 4175 Legendus
521 4110 593 4157 est
620 4104 785 4158 etiam
815 4103 1023 4159 libellus
1061 4103 1357 4159 Athanasii
1384 4103 1769 4160 Alexandrina
1794 4102 2030 4159 civitatis
2058 4103 2312 4174 episcopi,
2350 4117 2498 4175 quem
2527 4102 2847 4159 Marcellino
2894 4108 3013 4172 post
3054 4103 3435 4172 aegritudinem
3464 4105 3523 4160 in

217 4190 404 4245 locum
430 4188 737 4258 reiectionis
765 4186 1084 4244 dulcissima
1112 4188 1427 4255 destinauit,
1457 4192 1547 4261 qui
1602 4187 1952 4244 inscribitur:
2017 4187 2091 4244 De
2141 4188 2288 4244 libro
2329 4187 2728 4252 l'salmorum;
2766 4186 2862 4242 ubi
2908 4186 3122 4243 diversa
3167 4204 3519 4254 commensus,

212 4274 468 4329 virtutem
497 4273 664 4343 operis
692 4272 864 4343 ipsius
899 4272 1266 4327 minutissima
1296 4271 1615 4329 discussione
1646 4271 1916 4343 patefecit,
1954 4270 2188 4329 diversos
2221 4271 2482 4327 hominum
2512 4287 2665 4325 casus
2692 4288 2805 4326 cum
2833 4270 2951 4326 suis
2998 4271 3241 4327 remediis
3285 4273 3525 4329 suaviter

212 4357 582 4414 introducas.
614 4361 1025 4428 Argumentum
1060 4355 1316 4426 ejusdem
1350 4356 1607 4427 epistolae
1650 4356 1860 4413 laudati
1899 4356 2090 4413 Patres
2118 4356 2468 4413 Benedictini
2505 4357 2701 4424 paucis
2732 4355 2921 4409 verbis
2958 4354 3231 4411 exhibent
3278 4358 3335 4412 in
3371 4358 3523 4413 hunc

208 4443 458 4499 modum
487 4462 502 4495 :
535 4442 725 4497 Primo
755 4442 813 4497 id
842 4442 1059 4514 ponitur
1082 4441 1416 4498 discriminis
1468 4441 1719 4498 Psalmos
1764 4442 1907 4497 inter
1942 4447 1994 4497 et
2031 4443 2172 4498 alios
2201 4443 2496 4512 Scriptura!
2540 4454 2708 4495 sacra
2732 4440 2916 4503 libros,
2950 4447 3005 4493 ut
3058 4442 3153 4510 qui
3181 4441 3319 4498 alios
3375 4443 3521 4511 legit,

207 4528 379 4584 verba
410 4542 523 4582 non
549 4531 613 4583 ut
655 4541 776 4591 sua,
807 4524 901 4584 sed
938 4540 1148 4588 eorum.
1181 4540 1405 4599 quorum
1447 4525 1575 4582 libri
1626 4533 1771 4593 sunt,
1806 4528 1891 4583 vel
1929 4542 2135 4597 eorum,
2177 4528 2275 4598 qui
2325 4526 2467 4598 loqui
2521 4525 2865 4588 exhiben‘ur,
2892 4523 3133 4594 proferat
3156 4542 3173 4586 ;
3221 4526 3317 4595 qui
3346 4532 3523 4581 autem

213 4610 463 4667 Psalmos
489 4611 703 4682 recitat,
735 4610 903 4668 verba
933 4611 1184 4682 proferat
1209 4612 1371 4682 quasi
1408 4625 1528 4676 sua,
1562 4617 1609 4665 et
1640 4610 1711 4666 ad
1736 4626 1793 4668 se
1824 4612 2047 4682 preprie
2080 4611 2414 4683 pertinentia.
2449 4607 2587 4665 Hinc
2640 4606 2973 4665 diuiduntur
3018 4607 3224 4662 Psalmi
3250 4609 3311 4663 in
3363 4610 3523 4663 varia

210 4712 435 4769 genera,
474 4697 682 4754 orandi
708 4698 935 4762 scilicet,
958 4694 1264 4767 conﬁtendi,
1299 4703 1348 4753 et
1380 4696 1464 4753 his
1505 4697 1718 4753 similia
1748 4713 1762 4752 :
1800 4695 2086 4770 deindeque
2112 4695 2389 4752 indicatur
2406 4709 2507 4768 quo
2534 4694 2751 4767 quisque
2789 4692 3030 4763 psalmus
3083 4708 3231 4755 casu.
3260 4707 3368 4765 qua
3393 4708 3525 4752 con-

218 4784 437 4843 ditione.
469 4791 578 4856 qm
607 4783 1001 4855 opportunitate
1027 4783 1155 4838 cani
1181 4780 1388 4838 debeat.
1433 4789 1499 4837 In
1538 4780 1679 4836 hisce
1703 4787 1810 4836 tota
1836 4790 2078 4837 uersatur
2107 4779 2351 4852 epistola.

351 5836 391 5867 rt

224 5980 257 6009 ᾗ
290 5876 423 5985 cf
553 5879 825 5940 Ριτδοι..
870 5880 987 5943 Gn.
1032 5874 1281 5942 XXVII.

3157 5878 3212 5941 1.

191 6026 393 6097 κάλ
