4030 6216
455 375 529 441 15
1232 375 1294 438 S.
1339 368 1758 438 ATHANASII
1800 373 1966 438 OPP.
2016 375 2229 438 PARS.
2281 373 2386 437 III.
2436 408 2517 419 —
2565 371 3018 439 EXEGETICA.
3744 373 3814 438 16

448 511 876 590 etSapientiam
892 508 1114 591 ipsius?
1134 511 1280 571 Cum
1308 509 1492 570 sciret
1514 508 1693 586 igitur
1711 508 1904 586 ipsum
1925 527 2080 582 esse,

2189 519 2342 585 εοστῷ
2396 511 2594 585 ἐννάτῳ
2628 527 2642 541 ⁸
2725 509 2823 569 Ἐκ
2883 513 3110 590 γαστρὸς
3188 512 3290 588 πρὸ
3369 510 3677 591 Ἑωσφόρου
3722 513 3811 578 ἐξ-

448 601 648 676 inquo
672 599 845 662 Pater
865 599 1012 660 dixit
1046 620 1058 660 :
1115 599 1254 660 Fiat
1276 597 1408 670 lux,
1442 605 1499 658 et
1523 598 1998 684 ﬁrmamentum,
2034 607 2086 658 et

2189 600 2426 676 ιγέννησά
2469 623 2550 662 σε,
2615 601 2674 658 Τί
2734 602 2834 680 γὰρ
2891 599 2952 654 ἂν
2983 599 3115 656 ἄλλο
3158 621 3242 664 τις
3273 598 3416 656 εἴποι
3448 599 3689 677 γέννημα
3719 606 3811 660 106

447 694 653 751 omnia
686 688 916 763 ‘,etiam
941 688 1093 748 liber
1119 687 1215 748 hic
1245 683 1613 746 Psalmorum
1635 683 1794 746 idem
1821 687 2088 746 continet

2189 689 2373 767 Ιάτρος
2428 690 2463 758 ἢ
2519 692 2609 746 τὸν
2671 690 2836 767 Λόγον
2889 691 2977 745 καὶ
3041 689 3135 754 τὴν
3167 689 3361 767 Σοφίαν
3394 687 3811 761 σύτοῦ;Τοῦτον

449 783 658 844 dicens
687 781 746 842 in
769 783 1068 843 tricesimo
1095 780 1360 841 secundo
1395 801 1407 842 :
1457 778 1638 840 Verbo
1669 779 1914 840 Domini
1953 779 2086 840 caeli

2189 776 2339 834 ιῖδυῖα
2381 779 2530 858 ὄντα,
2565 780 2610 853 ᾧ
2637 783 2786 835 εἶπεν
2820 781 2846 835 ὁ
2879 776 3059 856 Πατήρ
3094 793 3108 807 ⁸
3173 779 3486 844 Γεννηθήτω
3539 782 3673 858 φῶς,
3723 785 3811 838 καὶ

446 873 654 944 ﬁrmoti
681 880 834 943 sunt,
865 880 912 929 et
949 875 1143 946 spiritu
1170 874 1277 928 oris
1307 873 1422 943 ejus
1469 870 1643 925 omnis
1688 871 1854 925 virtu:
1885 887 2083 926 eorum.

2189 868 2467 945 ττερέωμα,
2523 871 2610 923 καὶ
2652 869 2716 923 τά
2767 869 2958 936 πάντα,
2994 869 3083 924 καὶ
3112 864 3244 933 αὕτη
3293 869 3328 933 ἡ
3359 864 3539 942 βίϐλος
3571 871 3808 950 περιέχει

450 954 674 1032 λέγουσα
700 955 781 1036 (2)
812 975 828 991 ⁶
865 963 950 1029 Τῷ
978 955 1137 1032 Λόγῳ
1182 951 1377 1026 Κυρίου
1409 956 1455 1007 οἱ
1485 954 1691 1028 οὐρανοὶ
1737 952 2157 1034 ἐστερεώθησαν,
2189 959 2278 1012 καὶ
2304 962 2381 1011 τῶ
2411 957 2672 1031 πνεύματι
2705 964 2795 1014 106
2842 958 3110 1030 στόματος
3164 955 3323 1013 αύτοῦ
3351 962 3496 1012 πᾶσα
3528 959 3559 1025 ἡ
3591 956 3806 1034 δύναμις

452 1067 622 1100 αυτων
633 1093 646 1106 .

531 1134 590 1195 6.
623 1132 776 1204 Quin
825 1142 886 1194 et
927 1131 1224 1196 Christum
1272 1130 1465 1209 ipsum
1497 1143 1811 1189 venturum
1847 1130 2089 1191 minime

451 1224 781 1304 ignoravit;
829 1223 948 1282 imo
981 1240 1050 1283 ea
1079 1220 1154 1280 de
1205 1237 1270 1280 re
1301 1217 1664 1280 mentionem
1698 1218 1842 1280 facit
1864 1219 2089 1297 psalmo

450 1311 904 1393 quadragesimo
923 1318 1130 1390 quarto
1157 1329 1170 1370 :
1205 1309 1475 1370 Thronus
1507 1316 1667 1386 tuus,
1693 1307 1941 1381 Deus,in
1971 1326 2091 1368 sae-

451 1405 628 1460 culum
658 1405 878 1463 seculi;
922 1403 1081 1472 virga
1113 1401 1445 1459 directionie.
1477 1400 1636 1471 uirga
1673 1401 1826 1470 regni
1861 1402 1963 1455 tui.
1999 1399 2090 1454 Di-

453 1490 636 1546 lewisti
702 1489 996 1560 justitiam,
1078 1498 1126 1542 et
1185 1486 1346 1542 odisti
1395 1485 1754 1557 iniquitatem.
1814 1493 2092 1555 propterea

452 1574 613 1630 unxit
660 1577 708 1629 te
737 1572 878 1628 Deus
931 1569 1070 1628 Deus
1108 1578 1236 1626 tuus
1287 1569 1396 1624 oleo
1435 1567 1638 1624 latitia
1666 1583 1782 1638 prce
1829 1571 2095 1624 consorti-

454 1660 566 1718 bus
596 1658 736 1718 tuis.
771 1657 844 1718 Et
878 1673 951 1715 ne
991 1655 1124 1732 quis
1163 1671 1299 1714 eum
1333 1651 1663 1713 secundum
1725 1652 2090 1730 phantasiam

453 1751 688 1812 venisse
709 1749 1058 1820 arbitretur,
1096 1747 1384 1824 signiﬁcat
1401 1763 1536 1805 eum
1570 1745 1763 1824 ipsum
1790 1744 2090 1805 hominem
2120 1787 2154 1835 Β

453 1842 1041 1922 futurum,i|lumque
1064 1857 1198 1901 esse
1220 1857 1326 1919 per
1342 1856 1518 1917 quem
1533 1837 1732 1898 omnia
1751 1836 1905 1898 facta
1925 1852 2055 1897 sunl
2071 1886 2086 1910 ,

456 1950 590 1992 cum
614 1930 760 1992 dicit
776 1933 834 1990 in
863 1929 1088 2010 psalmo
1109 1927 1472 2006 octogesimo
1494 1935 1690 1987 sexto:
1717 1925 1917 1986 Mater
1941 1927 2093 1987 Sion

454 2030 594 2086 dicet
628 2049 640 2082 :
675 2028 853 2092 Homo,
913 2033 965 2084 et
1002 2025 1148 2081 homo
1183 2031 1342 2081 natus
1371 2030 1450 2080 est
1486 2024 1548 2079 in
1592 2039 1675 2092 ea,
1728 2032 1775 2076 et
1804 2023 1914 2095 ipse
1951 2025 2084 2092 fun-

454 2112 623 2172 davit
646 2128 782 2172 eam
804 2108 1181 2170 Altissimus.
1209 2106 1332 2167 Hoc
1354 2107 1516 2166 enim
1553 2104 1802 2183 perinde
1829 2115 1919 2164 est
1945 2125 2011 2165 ac
2045 2106 2092 2165 si

455 2201 684 2261 diceret
708 2217 722 2262 :
747 2197 832 2260 Et
860 2197 1025 2259 Deus
1045 2205 1185 2258 erat
1230 2193 1481 2256 Verbum
1511 2213 1526 2268 ;
1547 2197 1752 2255 omnia
1773 2211 1883 2270 per
1905 2200 2095 2272 ipsum

454 2290 620 2365 lucta
633 2295 861 2368 sunt;et
885 2285 1135 2348 Verbum
1151 2301 1292 2346 caro
1303 2283 1531 2362 factum
1557 2291 1643 2344 est
1665 2281 1712 2344 ε.
1740 2282 1939 2355 Quare
1961 2301 2094 2342 cum

457 2396 526 2437 ex
552 2376 795 2455 Virgine
818 2375 1183 2437 nasciturum
1203 2373 1408 2444 sciret,
1433 2389 1808 2450 nequaquam
1832 2372 1888 2432 id
1913 2373 2094 2450 siluit,

457 2465 564 2526 sed
596 2466 790 2526 statim
822 2465 1001 2544 hujus
1031 2463 1117 2524 rei
1162 2462 1448 2522 indicium
1477 2459 1643 2520 dedit
1675 2461 1731 2519 in
1763 2461 2083 2539 quadrage-

457 2553 609 2616 simo
641 2563 848 2634 quarto
871 2570 884 2614 :
907 2554 1092 2626 Audi,
1126 2550 1282 2630 filia,
1309 2553 1365 2609 et
1385 2549 1611 2619 vide,et
1632 2547 1861 2610 inclina
1891 2567 2102 2610 aurem

460 2660 686 2720 tuam,et
713 2650 1024 2708 obliviscere
1049 2648 1303 2720 populum
1323 2654 1469 2702 tuum
1503 2654 1550 2700 et
1570 2645 1784 2702 domum
1808 2648 1985 2717 patris
2005 2647 2101 2707 tui,

457 2743 580 2815 quia
603 2741 934 2812 concupiscet
980 2753 1073 2794 rex
1121 2737 1356 2794 decorem
1385 2745 1552 2798 tuum,
1609 2736 1862 2806 quoniam
1891 2737 2001 2806 ipse
2030 2741 2108 2791 est

462 2821 762 2884 Dominus
786 2820 1080 2894 tuus,Hoc
1102 2817 1322 2898 quippe
1337 2815 1531 2876 simile
1549 2825 1639 2875 est
1656 2816 1793 2875 huic
1810 2815 2105 2878 G-abrielfs

460 2911 661 2972 dicto:
700 2909 1067 2988 Ave,gratia
1096 2907 1302 2986 plena,
1323 2907 1617 2967 Dominus
1645 2911 1832 2965 tecum
1868 2904 1912 2964 3.
1950 2909 2098 2966 Nam

387 3049 394 3057 .
462 3000 565 3061 ubi
593 3017 730 3062 eum
751 2997 1052 3060 Christum
1081 2995 1684 3076 dixisset,bumanam
1708 3001 1904 3056 statim
1929 3015 2078 3073 gena

2255 1133 2358 1208 ς’.
2399 1137 2493 1192 Καὶ
2528 1137 2752 1212 Χρ.στὸν
2783 1133 2837 1191 δὲ
2869 1138 3026 1192 αὖτὸν
3057 1136 3352 1216 ἐρχόμενον
3379 1145 3472 1199 06x
3501 1140 3764 1218 ἠγνόησεν
3790 1158 3800 1170 ⁸

2175 1222 2312 1280 ἀλλὰ
2367 1225 2455 1280 καὶ
2511 1224 2744 1299 μάλιστα
2773 1227 2888 1301 περὶ
2920 1227 3105 1284 τούτου
3147 1226 3291 1306 λέγει
3338 1229 3391 1284 ἐν
3420 1236 3496 1302 τῷ
3541 1251 3802 1306 τεσσαραοο

2173 1320 2350 1386 κοστῷ
2379 1313 2612 1390 τετάρτῳ
2663 1312 2864 1388 ψαλμῷ
2901 1335 2914 1349 ·
2967 1315 3024 1371 Ὀ
3081 1317 3262 1391 θρόνος
3319 1339 3436 1396 σου,
3492 1322 3520 1374 ὁ
3551 1321 3702 1396 Θεὸς,
3736 1319 3804 1378 εἷς

2175 1403 2266 1456 τὸν
2339 1404 2500 1456 αἰῶνα
2546 1409 2640 1457 τοῦ
2693 1404 2929 1464 αἷῶνος¹
2993 1402 3180 1480 ῥάϐδος
3259 1408 3535 1473 εὒθότητος
3613 1409 3648 1474 ἦ

2176 1487 2294 1553 ϐδος
2376 1495 2476 1556 τῆς
2569 1489 2836 1566 βασιλείας
2924 1506 3036 1554 σου.
3127 1494 3447 1570 Ἠγάπησας
3539 1495 3808 1551 δικαιοσύ-

2177 1601 2296 1648 νην,
2357 1581 2443 1634 καὶ
2501 1577 2760 1652 ἐμίσησας
2837 1579 3037 1637 ἀδικίαν
3075 1602 3088 1614 ⁸
3164 1581 3248 1638 διὰ
3301 1591 3455 1641 τοῦτο
3511 1585 3695 1664 ἔχρισέ
3753 1606 3807 1639 σε

2178 1667 2205 1720 ὸ
2262 1669 2391 1728 Θεὸς
2449 1670 2476 1722 ὁ
2519 1669 2620 1731 Θός
2684 1691 2776 1724 σου
2849 1669 3022 1727 ἔλαιον
3086 1671 3450 1746 ἀγαλλιάσεως
3504 1676 3646 1752 παρὰ
3688 1675 3807 1736 τοὺς

2178 1758 2444 1836 μετόχους
2487 1779 2603 1819 σου.
2655 1760 2751 1816 Καὶ
2808 1757 2900 1814 ’ἵνα
2945 1761 3020 1834 μή
3077 1763 3213 1817 κατὰ
3264 1765 3550 1841 φαντασίαν
3592 1787 3672 1828 τις
3725 1765 3808 1841 ἕρ-

2178 1847 2366 1922 χεσθαι
2417 1845 2571 1900 αὺτὸν
2621 1847 2812 1923 (εἶναι)
2874 1850 3089 1924 νομίσῃ,
3124 1852 3371 1923 σημαίνει
3429 1854 3580 1908 αὐτὸν
3611 1850 3806 1928 ἅνθρωο

2177 1956 2276 1989 πον
2329 1934 2712 2011 γενησόμενον,
2764 1939 2851 1992 καὶ
2891 1944 3078 1994 τοῦτον
3135 1940 3277 1995 εἶναι
3336 1939 3401 1996 δι’
3461 1943 3521 1997 06
3547 1943 3612 1996 τὰ
3641 1943 3810 1997 πάντα

2177 2021 2385 2098 γέγονε,
2443 2021 2614 2100 λέγων
2662 2023 2714 2078 ἐν
2762 2032 2840 2099 τῷ
2869 2024 3210 2102 ὀγδοηκοστῷ
3235 2028 3373 2103 ἕκτῳ
3403 2052 3416 2066 ο
3454 2032 3646 2106 Μήτηρ
3677 2031 3814 2085 Σιὼν

2179 2110 2291 2187 ἐρεῖ
2325 2125 2338 2138 ⁸
2390 2108 2730 2189 ”Ανθρωπος,
2813 2116 2901 2169 καὶ
2962 2115 3230 2193 ἅνθρωπος
3291 2121 3546 2194 ἐγεννήθη
3605 2119 3658 2174 ἐν
3715 2123 3808 2177 αὖ·

2179 2206 2268 2276 τῇ,
2359 2202 2446 2256 καὶ
2531 2203 2682 2267 αὗτὸς
2754 2204 3097 2278 ἐθεμελίωσεν
3173 2209 3332 2276 αὐτὴν
3416 2211 3444 2265 ὀ
3514 2207 3809 2284 ”Υψιστος.

2181 2295 2345 2345 Τοῦτο
2409 2291 2508 2367 γὰρ
2559 2291 2678 2347 ἴσον
2738 2293 2845 2350 ἐστὶ
2893 2302 2970 2368 τῷ
3025 2299 3194 2353 εἰπεῖν
3229 2315 3242 2328 ⁸
3283 2300 3379 2354 Καὶ
3403 2300 3531 2361 Θεὸς
3561 2300 3627 2367 ἦν
3658 2303 3684 2355 ὁ
3717 2301 3787 2355 Ad

2181 2399 2273 2454 γος
2309 2393 2322 2406 ⁸
2372 2381 2543 2435 πάντα
2587 2379 2656 2436 δι’
2718 2384 2877 2441 αὐτοῦ
2934 2385 3165 2463 ἐγένετο,
3228 2390 3314 2442 καὶ
3374 2391 3401 2442 ὃ
3459 2393 3629 2467 Λόγος
3693 2389 3812 2464 σὰρξ

2185 2465 2416 2541 ἐγένετο.
2467 2471 2564 2523 Δια
2623 2479 2777 2528 τοῦτο
2826 2475 2910 2528 οιαὶ
2957 2477 3040 2551 τὸ,
3096 2472 3155 2530 ἐκ
3201 2476 3484 2552 Παρθένου,
3543 2465 3813 2554 γινώσκων

2186 2555 2281 2611 οὒκ
2329 2555 2652 2638 ἐσιώπησεν,
2715 2560 2835 2616 ἀλλ’
2889 2563 3031 2625 εὐθὺς
3089 2563 3310 2640 Eupatle
3361 2588 3477 2621 τινα
3520 2563 3732 2623 δίδωσιν
3763 2566 3816 2620 ὲν

2187 2651 2264 2718 τῷ
2316 2657 2723 2724 τεσσαραιοστῷ
2778 2655 3013 2730 τετάρτῳ
3052 2654 3272 2729 ψαλμῶ,
3328 2654 3536 2733 λέγων·
3601 2654 3814 2712 ’Ἄκου-

2190 2755 2306 2804 σον,
2364 2735 2606 2813 θύγατερ,
2669 2741 2754 2794 καί
2802 2739 2906 2812 ἴδε,
2970 2743 3055 2796 καὶ
3109 2742 3288 2797 ιιλϊνον
3350 2745 3409 2798 τὸ
3439 2743 3524 2807 οὖς
3555 2765 3672 2820 σου,
3729 2746 3815 2800 καὶ

2186 2821 2435 2877 ἐπιλάθου
2486 2832 2579 2880 τοῦ
2635 2825 2762 2882 λαοῦ
2828 2851 2922 2885 σου
2985 2831 3072 2885 καὶ
3127 2833 3219 2886 106
3264 2830 3416 2886 οἴκου
3472 2833 3565 2886 106
3617 2832 3814 2909 πατρός

2186 2920 2301 2986 σου,
2361 2910 2445 2966 ὅτι
2507 2913 2834 2989 ἐπεθύμησεν
2896 2921 2922 2973 ὁ
2976 2919 3220 2994 βασιλεὺς
3267 2927 3359 2975 τοῦ
3411 2919 3638 2985 κάλλους
3697 2942 3813 2979 σου.

2186 3006 2349 3086 T0610
2393 3001 2492 3077 γὰρ
2523 3001 2682 3058 πάλιν
2711 3003 2891 3078 ὅμοιον
2923 3006 3032 3063 ἐστι
3085 3022 3176 3064 του
3220 3007 3506 3086 λεγομένου
3535 3011 3680 3080 παρὰ
3727 3017 3823 3064 106

463 3088 757 3150 rationem
782 3085 1129 3175 etVirgine
1161 3085 1372 3175 factam
1409 3083 1748 3175 declaravit
1766 3083 1855 3144 his
1879 3083 2096 3175 verbis:

2189 3085 2419 3156 Γαϐριὴλ
2453 3105 2468 3121 ⁸
2507 3098 2695 3170 Χαῖρε,
2731 3098 3164 3175 κεχαριτωμένη,
3221 3100 3248 3153 ὸ
3296 3083 3482 3175 Κύριος
3517 3100 3654 3172 μετὰ
3701 3105 3814 3158 σοῦ.

461 3177 809 3256 Audi,ﬁlia.
843 3173 913 3234 Et
944 3174 1180 3237 Gabriel
1211 3171 1455 3253 quidem
1487 3190 1557 3232 ex
1592 3171 1834 3232 nomine
1863 3171 2100 3233 Mariam

461 3266 905 3347 appellat,quod
927 3280 1144 3344 genere
1163 3261 1234 3322 ab
1255 3261 1356 3322 illa
1373 3261 1602 3321 alienus
1623 3271 1813 3322 esset:
1841 3271 1898 3321 at
1919 3261 2100 3322 David

2191 3177 2285 3233 Καὶ
2311 3178 2413 3254 γὰρ
2467 3180 2693 3249 εἰρηκὼς
2745 3184 2894 3239 αὑτὸν
2945 3187 3190 3264 Χριστὸν,
3251 3188 3397 3249 εὐθὺς
3449 3189 3538 3242 καὶ
3593 3188 3690 3254 τὴν
3723 3189 3819 3242 ἆν-

2184 3265 2450 3354 θρωπίνην
2493 3270 2693 3345 γένεσιν
2752 3272 2811 3329 ἐκ
2860 3279 2957 3340 τῆς
3017 3276 3276 3352 Παρθένου
3305 3274 3563 3347 ἐδήλωσε,
3597 3275 3769 3354 λέγων
3799 3291 3812 3304 ·

463 3357 652 3436 ipsam
667 3372 742 3417 ex
761 3373 872 3417 suo
887 3359 1116 3414 semine
1135 3349 1660 3423 oriundamﬁliam
1688 3349 1898 3411 merito
1912 3357 2099 3413 vocat.

2189 3351 2484 3444 ἷᾏκονσον,
2543 3361 2787 3438 θύγατερ,
2835 3361 2934 3419 Ἰδὲ
2984 3367 3012 3420 ὁ
3061 3349 3157 3438 μ-ὲν
3206 3362 3439 3444 Γαϐριὴλ
3482 3365 3534 3431 ἒξ
3562 3349 3820 3440 ὀνόματος

469 3445 628 3502 καλεῖ
658 3445 881 3524 Μαρίαν,
915 3443 1058 3508 ξένος
1090 3442 1164 3496 ὢν
1187 3445 1348 3506 αὐτῆς
1378 3441 1515 3496 κατὰ
1539 3461 1636 3505 την
1668 3439 1873 3516 γένεσιν
1905 3457 1918 3468 ⁸
1955 3443 1982 3495 ὁ
2013 3439 2066 3494 δὲ
2097 3439 2254 3498 Δαϐὶδ
2284 3443 2344 3500 ἐκ
2361 3453 2450 3501 τοῦ
2479 3449 2780 3526 σπέρματος
2821 3451 2980 3510 αὐτοῦ
3003 3439 3370 3532 τυγχάνουσαν
3404 3455 3570 3522 αὑτὴν
3601 3439 3818 3518 εἰκότως

464 3534 722 3612 θυγατέρα
753 3545 1058 3612 προσφωνεῖ
1088 3553 1114 3585 τ
1125 3528 1283 3596 αύτην
1295 3576 1309 3590 .

544 3624 604 3682 ’7.
634 3619 742 3683 Ubi
774 3630 970 3682 autem
1005 3617 1153 3680 dixit
1184 3617 1554 3680 Psalmorum
1606 3615 1760 3678 liber
1801 3616 2104 3678 hominem

466 3730 601 3774 eum
625 3711 884 3772 futurum
916 3728 1074 3788 esse,
1097 3715 1540 3784 consequenter
1563 3705 1728 3766 illum
1763 3725 1942 3768 carne
1967 3724 2103 3786 pas-

468 3801 704 3862 sibilem
736 3797 1216 3878 signiﬁcatﬂum
1235 3805 1432 3860 autem
1453 3795 1612 3854 videt
1628 3795 1854 3855 futuras
1868 3795 2103 3856 διιόωο-

467 3908 598 3952 rum
632 3889 1071 3965 insidias,canit
1101 3889 1159 3948 in
1185 3886 1451 3948 secundo
1483 3887 1730 3963 psalmo:
1760 3885 1970 3960 Quare
1990 3887 2107 3963 fre-

466 3997 725 4047 muerunt
744 3997 944 4060 gentes,
978 3992 1027 4042 et
1053 3985 1241 4058 populi
1269 3985 1520 4040 meditati
1548 3991 1670 4038 sunt
1699 3983 1923 4039 inania?
1956 3985 2107 4040 Asti-

469 4085 656 4135 ierunt
685 4093 830 4149 reges
866 4086 1052 4140 terra,
1101 4081 1152 4130 et
1177 4074 1442 4147 principes
1469 4081 1829 4128 convenerunt
1860 4075 1916 4128 in
1943 4089 2108 4129 unum

471 4170 760 4230 adversus
793 4168 1118 4228 Domi-num
1141 4173 1201 4225 et
1221 4167 1520 4224 adversus
1549 4162 1858 4224 Christum
1882 4163 2105 4240 ciuan

469 4257 754 4318 vicesimo
784 4264 980 4317 autem
1015 4254 1205 4334 primo
1255 4253 1441 4332 ipsam
1479 4252 1684 4311 mortis
1714 4253 2004 4312 rationem
2040 4271 2109 4313 ex

474 4363 728 4426 persona
751 4342 1071 4406 Salvatoris
1102 4341 1364 4421 loquitur
1394 4361 1409 4400 :
1469 4342 1541 4400 lu
1564 4338 1878 4426 pulverem
1901 4343 2112 4402 mortis

468 4423 744 4500 deduxisti
793 4459 896 4498 me.
951 4440 1211 4508 Quoniam
1290 4423 1749 4494 circumdederunt
1815 4454 1899 4494 me
1959 4455 2112 4495 canes

470 4535 650 4599 mutii,
703 4533 980 4590 consiiium
1014 4529 1424 4601 malignantium
1461 4527 1658 4582 obsedit
1687 4545 1780 4581 me.
1835 4527 2113 4584 Foderunt

473 4639 659 4678 manus
715 4638 854 4678 meas
908 4630 954 4677 et
996 4619 1154 4693 pedes
1211 4633 1364 4683 meos,
1418 4618 1888 4673 dinumeraoeruut
1933 4620 2112 4673 omnia

465 4728 594 4770 lassa
637 4727 775 4768 mea.
834 4709 941 4783 Ipsi
990 4725 1115 4767 vero
1171 4707 1650 4764 consideraoeruut
1677 4716 1725 4760 et
1765 4707 2109 4778 inspexerunt

2268 3620 2338 3695 ζ’.
2365 3622 2690 3706 ’Ἄνθρωπον
2719 3627 2772 3685 δὲ
2804 3633 2960 3688 αὒτὸν
2992 3633 3236 3710 εἰρηκυτα
3265 3635 3646 3710 γενησόμενον,
3699 3633 3825 3690 3140-

2189 3711 2387 3800 λούθως
2415 3717 2502 3773 καὶ
2533 3721 2768 3784 παθητὸν
2801 3720 2956 3777 αὐτὸν
2985 3723 3136 3800 σαρκὶ
3165 3723 3436 3796 σημαίνει.
3471 3724 3582 3793 Τήν
3610 3745 3665 3779 τε
3698 3723 3822 3779 ἐπι-

2189 3799 2384 3871 ϐουλὴν
2433 3807 2578 3882 παρὰ
2625 3808 2730 3863 τῶν
2777 3805 3038 3865 Ἰουδαίων
3059 3799 3243 3884 γὸρὼσα
3285 3810 3594 3888 γινομένην,
3632 3812 3826 3887 ψάλλει

2191 3889 2245 3945 ἐν
2304 3893 2402 3966 μὲν
2457 3901 2534 3968 τῷ
2589 3893 2810 3975 δευτέρῳ
2840 3897 3039 3974 ψαλμῷ
3073 3918 3088 3934 ο
3127 3900 3255 3957 ’Ἰνα
3286 3902 3335 3957 τί
3363 3899 3617 3980 ἐφρύαξαν
3676 3901 3825 3974 ἔθνη,

2189 3983 2279 4036 καὶ
2335 3981 2454 4039 λαοὶ
2502 3983 2830 4059 ἐμελέτησαν
2881 3989 3048 4060 xcvi;
3101 3989 3448 4066 Παρὲστησαν
3478 3993 3526 4046 οἱ
3581 3989 3826 4065 βασιλεῖς

2190 4074 2288 4138 τῆς
2346 4070 2470 4148 γῆς,
2521 4075 2607 4129 καὶ
2657 4077 2704 4130 οἱ
2756 4074 3012 4154 ἄρχοντες
3069 4080 3416 4157 συνήχθησαν
3455 4077 3541 4134 ἐπὶ
3582 4079 3642 4134 τὸ
3700 4081 3828 4136 αὗτὸ

2192 4162 2328 4216 κατὰ
2377 4163 2469 4217 τοῦ
2522 4163 2706 4242 Κυρίου
2747 4168 2834 4221 καὶ
2879 4168 3014 4222 κατὰ
3059 4174 3151 4223 τοῦ
3195 4174 3419 4245 Χριστοῦ
3467 4169 3644 4224 αὐτοῦ·
3677 4168 3731 4224 ἐν
3772 4167 3829 4223 δὲ

2192 4257 2269 4322 τῷ
2300 4251 2522 4325 εἰκοστῷ
2575 4255 2661 4309 καὶ
2713 4255 2907 4333 πρώτῳ
2947 4255 3045 4323 τὴν
3101 4257 3363 4323 ποιότητᾶ
3397 4263 3488 4312 τοῦ
3516 4258 3740 4313 θανάτου
3770 4259 3834 4314 ἐκ

2195 4342 2481 4418 προσώπου
2530 4352 2622 4401 τοῦ
2679 4347 2930 4422 Σωτῆρὸς
3004 4369 3165 4425 φησιν
3201 4361 3214 4376 ⁸
3277 4347 3361 4412 Εἷς
3418 4349 3548 4426 χοᾶν
3605 4351 3834 4406 θανάτου

2195 4430 2499 4509 κατήγαγές
2580 4453 2648 4505 με
2682 4451 2697 4466 ⁶
2772 4432 2853 4489 ὅτι
2911 4432 3212 4491 ἐκύκλωσάν
3293 4456 3358 4508 με
3414 4436 3565 4499 κύνες
3615 4435 3832 4516 πολλοὶ,

2197 4521 2477 4596 συναγωγὴ
2560 4522 3001 4600 πονηρευομένων
3070 4524 3356 4604 περιέσχον
3441 4545 3530 4599 με.
3595 4523 3836 4602 ’ᾬρυξαν

2195 4607 2388 4687 χετρὰς
2445 4630 2546 4683 μου
2601 4612 2689 4667 καὶ
2748 4609 2914 4674 πόδας
2960 4635 3081 4687 μου,
3145 4613 3498 4692 ἆξηρίθμησαν
3555 4615 3726 4670 πάντα
3768 4616 3836 4670 τὰ

2194 4698 2326 4752 ὀστᾶ
2382 4719 2505 4772 μοδ.
2555 4700 2710 4756 Αύτοὶ
2771 4697 2824 4755 δὲ
2883 4700 3234 4774 κατενόησαν,
3303 4705 3391 4758 καὶ
3459 4699 3669 4758 ἐπετδόν
3716 4723 3784 4776 με
3815 4720 3831 4734 ⁸

475 4817 588 4866 ne;
639 4772 933 4856 diviserunt
971 4799 1075 4856 sibi
1114 4799 1430 4856 vestimenta
1467 4812 1598 4860 mea,
1647 4801 1698 4851 et
1739 4772 1892 4866 super
1921 4805 2099 4852 vestem

2195 4784 2556 4866 διεμερίσαντο
2620 4789 2687 4844 τὰ
2762 4791 2946 4865 ἱμάτιά
3001 4813 3102 4863 μου
3155 4772 3388 4870 ἑαυτοῖς,
3451 4793 3537 4847 καὶ
3598 4791 3680 4847 ἐπὶ
3719 4772 3835 4848 ⁷τὸν

477 4899 672 4944 meam
699 4883 992 4943 miserunt
1019 4878 1442 4950 συνίστη.ουοό
1477 4877 1558 4937 ait
1585 4887 1783 4937 autem
1816 4895 2025 4938 manus
2055 4889 2099 4939 el

2193 4877 2478 4952 ἱματισμόν
2537 4899 2639 4952 μου
2689 4876 2877 4936 ἔϐαλον
2928 4881 3146 4958 κλῆρον.
3182 4883 3252 4938 Τὸ
3281 4878 3336 4936 δὲ
3366 4880 3461 4942 τὰς
3505 4894 3699 4960 χεῖρας
3743 4883 3840 4938 καὶ

477 4971 661 5051 pedes
680 4989 822 5031 suos
842 4969 1149 5031 confossos
1167 4966 1471 5046 esse,quid
1495 4965 1656 5026 aliud
1681 4983 1854 5046 quam
1869 4984 2099 5028 crucem

2192 4968 2313 5030 τοὺς
2365 4964 2528 5030 πόδας
2587 4968 2912 5045 ὀρύττεσθαι,
2985 4971 3034 5026 τί
3083 4969 3260 5050 ἕτερον
3314 4969 3350 5037 ἢ
3406 4971 3627 5042 σταυρὸν
3658 4969 3840 5049 λέγων

475 5060 816 5138 signiﬁcat?
847 5059 986 5120 Haec
1035 5059 1239 5120 omnia
1267 5067 1580 5137 postquam
1623 5055 1846 5132 docuit,
1881 5055 2099 5136 adjicit,

2192 5058 2440 5128 σημαίνει
2479 5075 2494 5131 ;
2529 5058 2704 5114 Πείντα
2732 5066 2896 5115 ταῦτα
2953 5058 3264 5116 διδάσκουσα
3313 5059 3678 5136 προστίθησιν,
3749 5059 3838 5115 ὅτι

477 5168 594 5211 non
639 5150 731 5210 sui
762 5149 1073 5223 causa,sed
1107 5153 1346 5227 propter
1377 5164 1435 5204 nt
1458 5164 1486 5204 s
1518 5144 1577 5204 id
1611 5145 1729 5224 pati
1762 5146 2099 5208 Dominum.

2197 5145 2274 5220 μὴ
2306 5144 2373 5201 δι’
2407 5146 2612 5225 ἑαυτὸν,
2649 5147 2718 5203 δι’
2745 5148 2886 5224 ἡμᾶς
2915 5147 2969 5204 δὲ
3003 5157 3167 5204 ταῦτα
3195 5149 3398 5227 πάσχει
3433 5150 3458 5204 ὸ
3490 5149 3696 5225 Κύριος.
3727 5145 3842 5208 Καὶ

476 5240 690 5320 Aitque
712 5257 950 5301 rursum
970 5257 1002 5299 e
1035 5254 1290 5318 persona
1312 5238 1440 5312 ejus
1463 5239 1522 5293 in
1542 5235 1912 5312 octogesimo
1939 5236 2099 5314 septi

2196 5257 2359 5314 φησιν
2403 5236 2464 5292 ix
2518 5237 2802 5315 προσώπου
2845 5236 3012 5296 πάλιν
3043 5240 3200 5294 αὐτοῦ
3227 5239 3282 5292 ἓν
3314 5236 3412 5310 μὲν
3433 5243 3510 5308 τῷ
3540 5237 3652 5308 πζ’.
3709 5236 3840 5294 Ἐπ’

479 5348 597 5393 mo:
619 5330 821 5409 Super
842 5346 935 5389 me
953 5328 1345 5405 confirmatus
1369 5331 1453 5386 est
1470 5325 1654 5401 furor
1675 5333 1838 5395 tuus;
1865 5325 1925 5384 in
1939 5342 2099 5387 sexa-

2197 5326 2292 5401 ἐμὲ
2341 5325 2704 5406 ἐπεστηρίχθη
2748 5329 2776 5382 ὁ
2829 5327 2992 5403 θυμός
3041 5348 3132 5384 σου
3165 5342 3179 5358 ⁸
3229 5325 3285 5381 ἐν
3333 5324 3387 5382 δὲ
3443 5331 3523 5400 τῷ
3561 5325 3845 5394 ἑξηκοστῶ

479 5421 705 5498 gesimo
726 5425 924 5479 autem
943 5427 1172 5479 octavo:
1200 5414 1341 5489 Quae
1361 5431 1485 5474 non
1507 5422 1710 5497 rapui,
1743 5423 1892 5478 tunc
1915 5414 2099 5476 exsot‘

2197 5414 2369 5495 ὀγδόῳ
2403 5433 2418 5448 ⁸
2477 5416 2558 5473 "A
2619 5416 2724 5496 οὐχ
2780 5414 3018 5495 ἧρπασα,
3063 5416 3184 5472 τότε
3238 5415 3568 5476 ἆπετίννυον.
3621 5418 3694 5475 Οὑ
3739 5418 3845 5496 γὰρ

558 5599 579 5640 ¹
602 5595 821 5660 Geues.
848 5611 893 5677 ι,
917 5596 956 5657 3
989 5613 1156 5676 seqq.
1243 5592 1271 5636 ⁸
1297 5596 1468 5654 Joan.
1500 5609 1546 5673 ι,
1586 5600 1644 5669 t,
1669 5594 1730 5676 2,
1767 5596 1863 5657 14.
1946 5593 2211 5673 3Luc.l,
2242 5591 2342 5654 28.

561 5777 648 5858 (2)
677 5775 768 5834 Ἐν
796 5782 1100 5856 τριακοστῶ
1129 5773 1350 5852 δευτέρῳ
1377 5774 1476 5836 ed.
