4030 6216
427 320 508 386 23-

423 548 721 622 henderit,
756 550 844 610 vel
880 551 1207 614 laudaverit
1237 573 1338 614 eos
1370 555 1471 634 qui
1522 557 1740 619 similia
1785 558 2058 622 fecerint.

391 636 641 713 'quibus
672 639 782 716 ipsi
815 638 1361 724 reprehenderunt,
1395 645 1935 724 laudaveruntque;
1957 668 2064 710 ne-

423 745 538 808 que
555 726 720 790 illud:
758 727 916 790 Vivit
934 729 1247 807 Dominus,
1275 740 1339 796 in
1355 734 1524 814 cujus
1541 747 1855 816 Conspectu
1889 739 2071 802 hodie

423 826 609 907 sto,ut
634 825 937 898 proprium
955 821 1424 884 sibisermonem
1441 825 1654 887 imitari
1679 845 2071 907 praesumpse-

423 906 522 969 rit.
559 906 788 970 Etenim
837 909 1054 987 legenti
1085 911 1269 986 libros
1299 915 1684 994 perspicuum
1717 927 1828 983 est.
1865 906 2063 978 scilla

424 996 627 1070 verba,
655 1017 769 1058 non
787 1007 850 1059 ut
875 1001 1138 1079 propria,
1167 1002 1272 1063 sed
1307 1013 1370 1063 ut
1401 1013 1740 1066 sanctorum
1776 1014 1833 1066 et
1854 1025 2062 1069 eorum

422 1089 522 1170 qui
550 1107 654 1167 per
675 1090 786 1151 ista
807 1089 1237 1170 significantur,
1267 1092 1559 1172 proferre.
1584 1094 1656 1156 At
1681 1096 1780 1176 qui
1804 1095 2070 1158 Psalmos

423 1177 589 1256 legit,
623 1196 719 1239 res
755 1177 924 1249 mira.
958 1191 1091 1259 post
1115 1182 1452 1260 prophetias
1485 1202 1616 1260 quin
1648 1184 1722 1246 de
1754 1186 2070 1249 Solxatore

422 1278 481 1328 et
517 1269 591 1328 de
620 1269 897 1348 gentibus
925 1280 1086 1343 sunt,
1117 1271 1348 1350 reliqua
1380 1281 1655 1352 tanquam
1681 1274 1794 1336 sibi
1828 1277 2067 1354 propria

423 1356 606 1419 verba
631 1358 915 1438 loquitur,
951 1368 1010 1421 et
1037 1378 1108 1422 ea
1149 1363 1314 1438 quasi
1349 1360 1424 1423 de
1453 1381 1519 1423 se
1567 1363 1786 1442 scripta
1838 1375 2062 1440 essent,

421 1447 673 1526 quisque
700 1447 918 1527 psallit.
959 1467 1066 1510 nec
1097 1449 1268 1531 quasi
1293 1449 1444 1511 alius
1477 1467 1548 1510 ea
1568 1450 1747 1520 dicat,
1784 1453 1871 1513 vel
1897 1460 2065 1534 quasi

422 1535 602 1598 alium
635 1537 994 1616 signiﬁcent,
1020 1556 1088 1599 ea
1111 1539 1325 1618 accipit
1354 1547 1410 1599 et
1437 1541 1767 1621 percurrit;
1799 1540 1903 1603 scd
1934 1561 2065 1623 per-

423 1628 563 1688 inde
587 1625 844 1688 afﬁcitur
865 1639 1043 1708 atque
1074 1628 1123 1688 si
1155 1629 1282 1710 ipse
1311 1627 1387 1689 de
1414 1646 1480 1689 se
1513 1629 1784 1707 loquatur
1811 1655 1824 1702 ;
1854 1641 1910 1691 et
1933 1652 2065 1712 quae

425 1717 729 1792 dicuntur,
757 1717 926 1793 quasi
948 1715 1076 1795 ipse
1109 1717 1299 1796 egerit
1329 1725 1389 1777 et
1417 1734 1568 1778 exse
1610 1717 1736 1797 ipse
1769 1720 2060 1799 loquatur,

1210 328 1271 390 S.
1319 329 1746 396 ATHANASII
1785 334 1949 397 OPP.
1997 333 2212 394 PARS.
2258 334 2368 396 III.
2422 369 2492 380 —
2544 336 2996 400 EXEGETICA.

423 462 847 549 prophetarum
871 462 1053 524 verba
1071 474 1131 523 ut
1152 465 1391 544 propria
1414 469 1828 547 usurpans,liis
1854 487 2066 547 repre-

2157 475 2386 537 Μωϋσῆς
2421 484 2436 500 ⁸
2501 466 2827 549 Ἐμφανισόν
2885 491 2974 541 μοι
3045 470 3266 526 σεαυτόν
3302 492 3313 504 ·

3717 337 3797 400 24

3374 470 3410 538 ἢ
3469 472 3627 526 πάλιν
3662 490 3676 506 ⁸
3734 472 3796 530 Εἰ

2152 560 2254 632 μὲν
2329 560 2471 639 ἁφῆς
2521 561 2706 622 αὗτοϊς
2761 559 2859 626 τὴν
2925 558 3205 636 ἁμαρτίαν,
3269 556 3397 638 ἄφες
3434 581 3448 595 ·
3512 561 3555 616 εἰ
3613 557 3667 615 δὲ
3714 564 3790 636 μὴ

2153 647 2316 730 ἀφῇς,
2371 647 2645 723 ἕξᾶλειψόν
2733 670 2799 722 με
2855 647 2916 703 ἐκ
2973 648 3067 716 τῆς
3129 646 3311 724 βίὸὶου
3365 671 3485 728 σου,
3516 649 3581 716 ἧς
3635 649 3790 725 ἔγρα-

2154 744 2282 814 ψας.
2329 731 2487 794 Ἀλλ’
2531 735 2668 816 οὑδὲ,
2725 737 2818 798 τὰς
2865 742 2970 792 τῶν
3028 743 3315 816 προφητῶν
3377 760 3457 800 τις
3511 735 3793 812 λαμϐάνων

2153 831 2224 889 ὡς
2270 825 2382 882 ἴδια
2414 828 2650 905 ῥήματα,
2687 825 2960 900 μέμψαιτό
2993 848 3070 891 τις
3099 825 3135 894 ἣ
3173 826 3466 883 ἐπαινέσειε
3497 829 3698 892 τούτοις
3727 830 3788 884 τὰ

2148 917 2306 990 ὅμοια
2355 916 2678 992 πράξαντας,
2739 916 2826 980 οἷς
2859 916 3170 990 ἐμέμψαντο
3201 917 3286 972 καὶ
3337 915 3602 992 ἐπῄνεσαν
3647 916 3792 973 ἐκεῖ·

2152 1030 2236 1064 νοι
2276 1027 2286 1039 '
2342 1004 2457 1062 οὐδὲ
2499 1007 2584 1076 τὸ,
2650 1003 2724 1081 Ζῇ
2781 1002 3004 1082 Κύριος,
3046 1009 3092 1076 ᾦ
3150 1004 3416 1080 παρέστην
3448 1006 3673 1062 ἐνώπιον
3702 1009 3790 1062 αὕ-

2155 1098 2247 1152 τοῦ
2305 1097 2564 1172 σήμερον,
2620 1095 2927 1168 μιμιξσηται
2990 1091 3049 1147 ἅν
3093 1117 3170 1156 τις
3231 1095 3403 1150 εἰπεῖν
3433 1097 3507 1157 ὡς
3543 1094 3676 1151 ἴδιον
3706 1094 3791 1152 λό-

2153 1206 2270 1261 γον,
2305 1182 2419 1245 Καὶ
2443 1185 2546 1262 γὰρ
2596 1184 2684 1238 καὶ
2737 1186 2764 1238 6
2813 1181 3152 1260 ἐντυγχάνων
3185 1197 3308 1246 ταῖς
3338 1181 3542 1259 βίϐλοις
3574 1186 3786 1263 φανερός

2154 1273 2264 1329 ἐστι
2309 1274 2386 1346 μὴ
2430 1274 2500 1334 ὡς
2544 1271 2724 1342 ἰδίους,
2784 1270 2922 1327 ἀλλὰ
2972 1269 3077 1326 τῶν
3136 1272 3299 1347 ἁγίων
3329 1274 3416 1329 καὶ
3460 1277 3563 1329 τῶν
3593 1271 3662 1328 δι’
3699 1276 3788 1329 αὖ-

2152 1369 2257 1418 τῶν
2308 1361 2652 1437 δηλουμένων
2683 1359 2856 1437 λέγων
2885 1362 3005 1422 τοὺς
3036 1359 3249 1438 λόγονς,
3295 1363 3427 1427 Τοὺς
3459 1361 3512 1418 δέ
3543 1385 3602 1440 γε
3637 1362 3787 1419 Ψαλ-

2149 1453 2302 1526 μοὺς,
2341 1454 2401 1507 τὸ
2428 1449 2738 1529 πιράδοξον,
2802 1450 2938 1524 μετὰ
2996 1451 3088 1510 τὰς
3143 1452 3261 1527 περὶ
3294 1461 3386 1510 τοὺ
3419 1457 3669 1528 Σωτῆρος
3707 1454 3791 1507 καὶ

2147 1549 2252 1600 τῶν
2297 1543 2457 1599 ἐθνῶν
2515 1544 2835 1620 προφητείας
2884 1543 2911 1595 6
2963 1540 3132 1616 λέγων
3185 1543 3250 1597 τα
3281 1540 3416 1597 ἄλλα
3445 1544 3516 1607 ὡς
3546 1541 3656 1598 ἴδια
3689 1544 3786 1620 ῥη-

2148 1655 2290 1707 ματα
2355 1631 2533 1688 λαλῶν
2612 1631 2745 1692 ἐστι,
2838 1630 2923 1684 καὶ
2981 1631 3051 1694 ὡς
3111 1631 3226 1707 περὶ
3287 1631 3445 1687 αὐτοῦ
3499 1632 3787 1710 γραφέντας

2149 1723 2335 1785 αὖτοὺς
2401 1721 2623 1783 ἕκαστος
2682 1717 2900 1793 ψάλλει,
2955 1721 3041 1774 καὶ
3095 1720 3196 1798 οὔχ
3227 1722 3300 1782 ὡς
3334 1719 3510 1785 ἐτέρου
3541 1720 3788 1798 λέγοντος

423 1808 548 1871 Deo
579 1804 761 1866 refert
818 1805 1206 1886 Nequaquam
1245 1807 1404 1866 enim
1435 1803 1538 1867 illa
1568 1825 1678 1868 ceu
1711 1811 2048 1888 patriarcha

2156 1812 2188 1880 ἢ
2221 1813 2340 1889 περὶ
2399 1811 2580 1886 ἐτέρου
2611 1810 2964 1883 σημαίνοντος
3021 1805 3260 1887 δέχεται,
3293 1811 3376 1864 καὶ
3411 1807 3732 1888 διεξέρχεται
3770 1829 3780 1839 ·

425 1915 585 1966 rum,
639 1901 739 1971 aut
788 1894 1026 1975 Moysis,
1058 1892 1382 1956 aliorumve
1417 1896 1838 1976 prophetarum
1885 1902 2063 1962 verba

427 1991 717 2065 usurpare
746 1983 1132 2046 reformidat:
1169 1983 1272 2044 sed
1307 2001 1481 2063 quam
1541 1991 1792 2047 maxime
1824 1997 1885 2048 ut
1917 2009 2057 2070 pro-

429 2076 557 2158 pria
588 2083 646 2136 et
674 2075 750 2135 de
780 2076 976 2155 seipse
1002 2073 1220 2152 scripta
1251 2074 1374 2134 haec
1401 2074 1604 2136 dicere
1631 2078 1884 2155 psallens
1911 2099 2056 2142 con-

429 2164 579 2227 fidit.
612 2163 756 2226 Nam
790 2161 1006 2224 Psalmi
1062 2170 1175 2223 tam
1203 2162 1332 2242 ejus
1364 2163 1464 2242 qui
1497 2175 1792 2245 praecepta
1818 2171 2067 2231 servavit

423 2274 598 2336 quam
631 2253 761 2333 ejus
790 2251 888 2334 qui
945 2251 1359 2330 prmvaricatus
1410 2262 1519 2326 est,
1556 2255 1868 2332 utriusque
1900 2269 2064 2336 gesta

424 2342 752 2404 continent.
788 2337 1044 2401 Necesse
1073 2347 1269 2400 autem
1327 2349 1415 2400 est
1461 2341 1728 2420 quemvis
1761 2343 2062 2406 hominem

423 2432 766 2494 alterutrius
823 2428 1186 2491 conditionis
1231 2446 1384 2502 esse,
1417 2438 1592 2507 atque
1649 2430 1727 2490 ita
1786 2431 1962 2493 verba
1994 2435 2068 2496 de

425 2522 692 2600 utrisque
723 2518 912 2600 posita
943 2519 1123 2598 loqui,
1155 2519 1242 2578 vel
1271 2517 1322 2578 si
1350 2528 1640 2598 praecepta
1669 2522 1940 2594 servarit,
1977 2525 2066 2584 vol

428 2611 480 2670 si
517 2616 978 2688 praetergressus
1009 2604 1108 2668 sit.

2145 1898 2265 1957 ἀλλ’
2329 1902 2405 1960 ὡς
2441 1901 2610 1956 αὐτὸς.
2638 1900 2755 1974 περὶ
2797 1897 2956 1952 αὐτοῦ
2999 1895 3173 1953 λαλῶν
3218 1895 3497 1954 διατίθεται
3533 1920 3546 1932 ·
3585 1902 3668 1954 καὶ
3697 1902 3790 1956 οἷά

2144 1981 2256 2045 ἐστι
2305 1992 2368 2046 τὰ
2429 1989 2716 2065 λεγόμενα,
2774 1996 2936 2046 ταῦτα
2993 1988 3064 2052 ὡς
3117 1989 3270 2051 αὒτὺς
3341 1988 3539 2063 πράξας
3599 1992 3685 2045 καὶ
3740 1990 3792 2054 ἒξ

2145 2064 2343 2136 ὲαυτοῦ
2399 2064 2576 2134 λαλῶν
2619 2077 2863 2156 ἀναφέρει
2916 2081 2992 2148 τῷ
3035 2083 3173 2149 Θεῷ,
3230 2079 3301 2134 0-3
3355 2079 3453 2154 γάρ
3490 2081 3562 2141 ὡς
3599 2080 3658 2133 τὰ
3689 2085 3794 2134 τῶν

2147 2173 2498 2247 πατριαρχῶν
2544 2165 2779 2244 ῥήματα,
2837 2167 2922 2220 καὶ
2983 2165 3272 2231 Μωυσέως,
3333 2169 3566 2222 καὶτῶν
3627 2168 3797 2224 ἄλλων

2151 2265 2467 2338 προφητῶν,
2531 2254 2947 2322 εὐλαϐηθήσειαι
3006 2257 3092 2312 καὶ
3149 2263 3360 2311 ταῦτα⁶
3414 2256 3548 2312 ἀλλᾶ
3582 2261 3667 2314 καὶ
3700 2261 3797 2331 μά-

2153 2346 2310 2403 λιστα
2353 2351 2426 2409 ὡς
2488 2346 2599 2402 ἴδια
2649 2347 2736 2400 καὶ
2786 2346 2900 2423 περὶ
2963 2346 3147 2402 ἑαυτοῦ
3176 2346 3438 2423 γραφέντα
3469 2350 3654 2424 θαρσεῖ
3703 2347 3793 2402 λέ-

2153 2459 2262 2513 γων
2322 2439 2349 2492 6
2407 2434 2630 2511 ψάλλων
2681 2433 2872 2495 ταῦτα.
2931 2436 3030 2492 Τὸν
3090 2435 3188 2511 γὰρ
3230 2433 3526 2513 φυλάξαντα
3577 2440 3674 2501 τῇ,
3718 2436 3798 2490 ὲν-

2153 2526 2339 2599 τολὴν,
2418 2527 2507 2580 καὶ
2591 2522 2897 2600 παραϐάντα
2971 2524 3190 2590 ταύτην,
3271 2525 3370 2592 τήν
3427 2545 3482 2580 τε
3551 2526 3798 2601 ἑκατέρου

2156 2615 2342 2692 πρᾶξιν
2388 2614 2729 2693 περιέχουσιν
2803 2614 2849 2668 οἳ
2925 2612 3164 2686 Ψαλμοῂ
3219 2612 3459 2690 Ἀνάγκη
3519 2613 3568 2668 δὲ
3623 2616 3792 2669 πάντα

425 2700 696 2775 ἄνθρωπον
730 2697 785 2752 ἐν
815 2702 1018 2761 τοῦτοις
1050 2696 1388 2773 συνέχεσθαι,
1429 2699 1518 2753 καὶ
1548 2699 1582 2764 ἢ
1605 2701 1676 2760 ὡς
1709 2697 2012 2777 φυλάξαντα
2043 2703 2145 2768 τὴν
2176 2703 2427 2782 ἓντολὴν,
2485 2701 2519 2768 ἢ
2551 2704 2622 2762 ὡς
2673 2699 2984 2780 παραϐάντα
3040 2703 3262 2780 ταύτην,
3297 2702 3470 2778 λέγειν
3500 2703 3616 2763 τοὺς
3672 2703 3785 2778 περῖ

426 2789 650 2844 ἑκάστου
682 2785 1081 2863 γεγραμμένους
1115 2782 1330 2860 λόγους.
1391 2866 1395 2870 .

512 2876 808 2952 1‘2.Atque
831 2871 1231 2950 mihiquidem
1251 2873 1789 2954 videtur,psallenti
1807 2876 2073 2937 Psalmos

426 2983 564 3029 esse
596 2969 779 3023 instar
806 2963 1056 3042 speculi,
1080 2969 1141 3022 ut
1173 2971 1232 3022 et
1266 2963 1523 3042 seipsum
1551 2973 1609 3024 et
1640 2965 1862 3045 proprii
1888 2968 2069 3027 animi

2239 2881 2332 2958 ιβ’.
2368 2879 2472 2942 Καί
2509 2903 2600 2955 μοι
2643 2877 2791 2935 δοκεῖ
2848 2881 2924 2952 τῷ
2981 2878 3236 2952 ψάλλοντι
3297 2881 3524 2956 γίνεσθαι
3575 2885 3790 2948 τούτους

2155 2971 2333 3048 ὥσπερ
2382 2969 2690 3045 εἵσοπτρον,
2747 2970 2817 3032 εἰς
2851 2971 2911 3024 τὸ
2942 2984 3230 3024 κατανοεῖν
3260 2971 3345 3024 καὶ
3396 2971 3549 3026 αὑτὸν
3581 2970 3634 3025 ἐν
3694 2976 3793 3028 αὓ-

428 3064 629 3117 motus
659 3053 715 3113 in
734 3053 880 3132 ipsis
897 3051 1373 3130 comtempletur.
1398 3060 1576 3133 atque
1599 3053 1675 3115 ita
1700 3054 1944 3116 affectus
1969 3075 2067 3117 eos

2160 3069 2276 3124 τοῦς
2330 3062 2416 3116 καὶ
2463 3060 2528 3116 τὰ
2585 3064 2684 3124 τῆς
2732 3059 2918 3114 ἑαυτοῦ
2968 3062 3152 3137 ψυχῆς
3185 3060 3476 3131 κινήματα,
3511 3063 3595 3115 καὶ
3627 3063 3792 3129 οὕτως

426 3145 661 3206 recitet.
697 3139 930 3202 Etenim
963 3141 1063 3220 qui
1120 3140 1407 3219 legentem
1447 3144 1634 3216 audit,
1669 3142 1751 3203 ita
1774 3145 2067 3206 canticum

2161 3150 2468 3224 αἰσθόμενον
2555 3146 2787 3224 ἀπαγγέ)
2802 3145 2910 3202 λειν

427 3230 676 3312 suscipit
703 3247 771 3290 ac
810 3228 856 3290 si
889 3228 964 3290 de
994 3243 1060 3291 se
1089 3226 1392 3290 diceretur
1418 3249 1431 3292 :
1458 3241 1516 3304 et
1539 3230 1623 3290 vel
1661 3233 1900 3310 propria
1924 3254 2073 3293 cu"-

432 3322 620 3385 victus
648 3317 1037 3388 conscientia,
1071 3327 1464 3396 compunctus
1490 3320 1798 3399 resipiscat
1827 3343 1842 3400 ;
1877 3323 1962 3383 vel
1998 3323 2071 3382 de

427 3429 533 3492 spe
551 3410 608 3470 in
630 3407 814 3471 Deum
837 3407 1085 3468 audiens
1107 3406 1196 3467 vel
1217 3406 1294 3467 de
1317 3409 1532 3470 auxilio
1553 3408 1936 3470 credentibus
1961 3432 2066 3472 cx-

425 3499 642 3577 hibito,
677 3496 840 3578 quasi
874 3493 990 3556 sibi
1041 3493 1429 3574 praeberetur,
1459 3496 1672 3576 gaudio
1722 3501 2064 3572 exsultabit,

425 3597 604 3666 atque
634 3593 849 3666 gratias
883 3583 1000 3645 Deo
1030 3601 1207 3663 agere
1240 3584 1506 3663 incipiet.
1540 3587 1684 3647 Cum
1720 3587 1915 3666 itaque
1942 3599 2062 3649 ter-

426 3677 571 3740 tium
611 3677 897 3756 psalmum
949 3674 1240 3754 quispiam
1297 3676 1476 3749 canit,
1507 3694 1644 3736 suas
1695 3683 2067 3756 perpendens

425 3773 744 3838 aerumnas,
779 3761 947 3839 quasi
981 3781 1087 3824 sua
1121 3772 1353 3842 reputat
1382 3765 1539 3824 illius
1568 3763 1746 3826 verba
1774 3787 1790 3840 ;
1827 3771 2067 3829 undeci-

429 3873 588 3917 mum
623 3871 760 3914 vero
792 3861 850 3913 et
877 3853 1171 3912 decimum
1207 3861 1434 3913 sextum
1475 3855 1642 3934 quasi
1674 3853 1733 3915 in
1769 3859 2065 3936 propriam

428 3942 705 4006 ﬁduciam
719 3950 775 4003 et
790 3941 1117 4000 orationem
1139 3942 2065 4023 pronuntiat;quinquagesimom

427 4041 656 4109 autem,
688 4029 854 4110 quasi
888 4027 1125 4108 propria
1152 4028 1513 4108 paenitentia;
1553 4049 1674 4092 sua;
1723 4033 1893 4091 verba
1930 4051 2058 4112 pro~

426 4122 560 4184 fert.
595 4117 738 4181 Cum
769 4135 910 4179 vero
956 4115 1153 4196 psallit
1195 4117 1748 4199 quinquagesimum
1801 4123 2062 4195 tertium,

428 4208 983 4290 quinquagesimum
1008 4206 2068 4288 quintum,centesitnum,quadrage-

428 4298 644 4360 simum
679 4295 958 4377 primum,
996 4313 1112 4355 non
1155 4297 1320 4376 quasi
1366 4296 1540 4375 alius,
1573 4298 1676 4357 sed
1738 4300 1904 4380 quasi
1941 4300 2070 4378 ipse

428 4385 906 4469 persecutionem
961 4391 1290 4478 poteretur,
1326 4385 1412 4478 sic
1440 4385 1722 4478 afficitur,
1757 4403 1807 4448 et
1847 4389 1931 4448 sic.
1957 4389 2068 4450 ἰδίει
2097 4430 2135 4478 ο

425 4473 636 4548 verba,
670 4475 841 4556 quasi
892 4473 1128 4554 propria
1158 4473 1298 4553 sibi,
1330 4472 1452 4535 Deo
1493 4473 1670 4536 canit.
1709 4480 1791 4540 Ac
1827 4479 2066 4539 demum

429 4565 682 4647 quisque
714 4567 972 4645 psalmus
1003 4562 1083 4622 ita
1113 4581 1146 4624 a
1175 4559 1398 4642 Spiritu
1429 4562 1657 4624 dicatus
1696 4576 1872 4645 atque
1903 4587 2068 4628 com—

427 4654 658 4735 positus
677 4662 788 4726 est,
814 4661 879 4713 ut
902 4652 960 4713 in
994 4669 1088 4727 eo,
1114 4652 1616 4731 quemadmodum
1645 4672 1822 4734 supra
1843 4655 2068 4718 dictum

427 4748 728 4815 est,anirni
750 4742 938 4803 nostri
963 4751 1161 4802 motus
1183 4741 2074 4826 deprehendantur,omnesque

427 4831 595 4913 quasi
619 4831 694 4892 de
712 4828 887 4892 nobis
910 4829 1121 4910 prolati
1143 4838 1201 4892 et
1221 4830 1384 4892 velut
1407 4829 1579 4892 nobis
1608 4833 1828 4912 proprii
1853 4833 2072 4913 sint,ad

425 4919 898 4982 recordationem
925 4928 1196 4981 motuum
1232 4926 1569 4980 nostrorum
1607 4930 1663 4981 et
1693 4921 1764 4982 ad
1799 4923 1930 4983 vitte
1962 4944 2070 4983 no-

425 5007 1233 5081 strteemendationemﬂuae
1246 5009 1404 5069 enim
1425 5010 1753 5089 psallentes
1770 5011 1969 5073 dixeri,
1985 5024 2067 5090 nt,

408 5090 558 5162 haec
590 5117 696 5180 pro
733 5098 922 5160 forma
952 5096 1124 5158 nobis
1144 5115 1278 5159 esse
1304 5111 1578 5178 possunt.

513 5362 785 5429 13.11am
845 5361 1024 5444 porro
1072 5381 1282 5426 rursus
1333 5366 1527 5444 gratia
1586 5375 1670 5427 est
1726 5368 2084 5442 Salvatoris;

424 5454 602 5516 homo
635 5453 1148 5542 quippepropter
1213 5472 1319 5516 nos
1365 5455 1571 5523 factus.
1612 5457 1912 5542 proprium
1947 5477 2082 5519 cor-

426 5559 537 5623 pus
593 5530 700 5622 pro
746 5530 925 5603 nobis
982 5530 1040 5602 in
1087 5541 1352 5604 mortem
1412 5530 1647 5616 obtulit,
1679 5530 1741 5604 ut
1786 5535 1997 5608 omnes
2053 5566 2083 5608 a

421 5639 617 5694 morte
640 5629 986 5697 redimeret.
1048 5631 1206 5705 Quin
1261 5641 1322 5695 et
1360 5633 1668 5696 caelestem
1727 5634 2082 5716 probatissi-

507 6087 732 6210 Δ

3003 3149 3209 3209 αὺτούς.
3291 3145 3393 3208 Καὶ
3473 3150 3572 3226 γὰρ
3629 3157 3715 3207 καὶ
3767 3155 3796 3208 6

2159 3239 2360 3295 ακούων
2417 3247 2510 3294 τοῦ
2557 3236 3011 3314 άναγινωσκοντος
3071 3239 3144 3299 ὡς
3195 3240 3303 3312 περὶ
3355 3236 3510 3293 αὖτοῦ
3561 3238 3796 3314 λεγομέ-

2155 3350 2252 3394 νην
2284 3329 2382 3394 τὴν
2413 3323 2557 3400 ῴδην
2609 3322 3007 3402 καταδέχεται·
3069 3327 3154 3379 καὶ
3215 3324 3245 3392 ἢ
3303 3324 3663 3403 ἐλεγχόμενος
3693 3329 3797 3381 ὑπὸ

2151 3424 2243 3472 τοῦ
2295 3413 2588 3478 συνειδότος
2661 3415 2969 3490 καθα-ιυγεὶς
3028 3416 3368 3487 μετανοήσει,
3425 3416 3461 3481 ἢ
3525 3418 3640 3492 περὶ
3699 3416 3796 3481 τῆς

2153 3507 2224 3568 είς
2287 3505 2416 3560 Θεόν
2474 3500 2682 3565 ἐλπίδος
2716 3501 2922 3557 ἁκούων
2966 3503 3053 3557 καί
3103 3506 3200 3567 τῆς
3245 3504 3318 3566 εἷς
3351 3505 3472 3566 τοὺς
3511 3506 3795 3559 πιστεύον-

2150 3617 2242 3653 τας
2297 3592 2580 3670 γινομένης
2642 3589 3004 3664 ἀντιλήψεως,
3059 3592 3132 3654 ὡς
3187 3593 3260 3656 εἱς
3311 3592 3468 3647 αὖτὸν
3499 3595 3794 3666 γενομένης

2150 3683 2404 3747 ταιαύτης
2461 3681 2687 3760 χάριτος
2725 3677 3070 3755 ἀγαλλιᾶται,
3135 3682 3222 3736 καὶ
3279 3681 3618 3759 εὑγαριστεϊν
3691 3682 3794 3757 ἐέρ-

2151 3792 2307 3850 χεται
2360 3777 2437 3843 τῷ
2482 3774 2617 3841 Θεῷ.
2671 3768 2813 3824 ’Ὅτε
2873 3775 2998 3845 γοῦν
3055 3771 3147 3823 τὸν
3177 3771 3347 3839 τρίτον
3381 3768 3573 3842 ψάλλει
3605 3793 3681 3830 τις
3715 3774 3794 3834 είς

2147 3863 2242 3923 τὰς
2296 3858 2425 3924 ἰδίας
2481 3856 2684 3932 θλίψεις
2744 3864 2999 3934 συνορῶν,
3047 3860 3120 3921 ὡς
3177 3860 3331 3913 αὗτού
3389 3860 3531 3914 εἶναι
3580 3857 3791 3931 ’νοαίζει

2150 3949 2213 4004 τὰ
2255 3951 2308 4003 ἓν
2361 3955 2437 4017 τῷ
2495 3946 2695 4020 ψαλμῷ
2747 3946 2958 4022 ῥήματα
2995 3963 3007 3975 ⁸
3065 3949 3150 4002 καὶ
3193 3945 3312 4002 τότε
3347 3949 3434 4001 τὸν
3481 3947 3552 4002 ια’
3582 3949 3666 4004 καὶ
3695 3963 3793 4005 τον

2157 4035 2254 4111 ις’
2285 4038 2357 4096 ὠς
2389 4041 2460 4100 εἷς
2492 4038 2589 4101 τὴν
2636 4034 2762 4090 ἰδίαν
2807 4036 3114 4102 πεποίθησιν
3169 4037 3255 4090 καὶ
3304 4038 3613 4114 προσευχήν
3645 4037 3794 4093 ἐστιν

2150 4123 2500 4201 ἀπαγγέλλων
2538 4141 2551 4154 ⁶
2605 4126 2690 4178 καὶ
2741 4125 2833 4178 τὸν
2890 4125 2988 4198 μὲν
3039 4123 3085 4178 ν’
3117 4124 3330 4198 ψαλμὸν
3372 4127 3444 4186 ὡς
3479 4125 3633 4189 αὐτός
3679 4127 3796 4184 ἐστι

2149 4216 2215 4270 τὰ
2257 4212 2371 4268 ἴδια
2415 4218 2513 4278 τῆς
2545 4213 2827 4286 μετανοίας
2859 4213 3043 4268 ἑαυτοῦ
3072 4211 3239 4289 λέγων
3269 4213 3482 4290 ῥήματα
3517 4231 3528 4242 ·
3589 4218 3679 4270 τὸν
3739 4215 3801 4272 δὲ

2151 4301 2255 4380 κγ’,
2291 4306 2376 4360 καὶ
2413 4306 2503 4357 τὸν
2534 4323 2610 4373 νε,
2671 4303 2756 4357 καὶ
2808 4302 2897 4356 τὸν
2947 4301 3074 4374 εις-³,
3112 4303 3199 4357 καὶ
3229 4305 3316 4357 τὸν
3348 4301 3497 4380 ρμα’,
3532 4303 3617 4359 ὅτε
3649 4306 3803 4373 ψάλ-

2153 4393 2233 4448 λει
2295 4413 2399 4466 τις,
2463 4394 2567 4470 οὐχ
2627 4393 2698 4452 ὡς
2754 4389 2914 4446 ἄλλο.)
2971 4389 3313 4465 διωκομένου,
3375 4390 3495 4446 ἀλλ’
3554 4396 3628 4458 ὡς
3663 4394 3739 4449 ὤν
3775 4398 3806 4451 6

2156 4483 2382 4561 πάσχων
2443 4479 2834 4539 συνδιατίθεται.
2907 4480 2998 4534 καί
3047 4477 3156 4551 ᾅδει
3209 4487 3281 4553 τῷ
3311 4478 3486 4551 Κυρίῳ
3517 4483 3590 4546 ὥς
3636 4481 3804 4545 ἰδίους

2155 4558 2280 4634 τοὺς
2296 4558 2518 4647 *λόγους
2559 4571 2798 4631 τούτους.
2844 4558 2951 4629 Καὶ
2996 4567 3133 4632 ὅλως
3175 4568 3339 4630 ὤτους
3383 4570 3601 4634 ἕκαστος
3651 4570 3805 4644 ψαλ-

2158 4663 2257 4735 μὸς
2318 4661 2460 4736 παρὰ
2534 4661 2626 4714 τοῦ
2697 4658 2998 4730 Πνεὸματος
3059 4657 3274 4735 εἴρηταί
3338 4681 3393 4713 τε
3466 4661 3551 4713 ἰαί
3611 4660 3807 4714 συντέ-

2157 4772 2376 4823 τακται,
2436 4750 2508 4810 ὡς
2569 4749 2622 4802 ὲν
2675 4751 2883 4826 αὐτοῖς,
2947 4746 3080 4804 καθά
3122 4749 3375 4824 πρότερον
3433 4748 3668 4823 εἶ’ρηται,
3736 4750 3809 4804 τά

2156 4837 2426 4913 κινήματα
2483 4836 2578 4903 τῆς
2639 4839 2820 4915 ψυχῆς
2867 4837 3022 4906 ἡμῶν
3083 4839 3480 4907 κατανοεῖσθαι,
3527 4836 3615 4891 καὶ
3658 4838 3810 4892 πάν-

2155 4950 2250 4991 τας
2309 4926 2495 4990 αὒτοὺς
2525 4927 2598 4988 ὡς
2624 4927 2740 5002 περὶ
2789 4926 2945 4998 ἡμῶν
2990 4925 3256 5001 εἰρῆσθαι,
3315 4927 3404 4980 καὶ
3453 4925 3595 4980 εἶναι
3648 4929 3818 4998 ἡμῶν

2158 5018 2344 5080 αὐτοὺς
2403 5019 2477 5080 ὡς
2535 5014 2689 5078 ἰδίους
2733 5013 2946 5093 λόγους,
3011 5018 3085 5078 εἰς
3117 5015 3415 5089 ἀνάμνησιν
3447 5019 3550 5070 τῶν
3581 5015 3633 5070 ἐν
3665 5017 3815 5088 ἡμῖν

2157 5108 2465 5180 κινημάτων
2529 5106 2610 5160 καὶ
2661 5103 2932 5180 διόρθωσιν
2991 5109 3093 5170 τῆς
3157 5105 3312 5173 ἡμῶν
3365 5103 3656 5166 πολιτείας.
3718 5102 3808 5160 ’Ἀ

2158 5196 2257 5274 γάρ
2312 5197 2358 5250 οἱ
2388 5193 2685 5269 ψάλλοντες
2737 5194 3001 5267 εἰρήκασι,
3055 5200 3214 5249 ταῦτα
3249 5193 3333 5248 καὶ
3373 5195 3531 5265 ἡμῶν
3563 5191 3818 5250 δύνανται

2171 5286 2322 5341 τύποι
2351 5285 2438 5340 καὶ
2480 5287 2818 5363 χαρακτῆρες
2845 5285 3008 5340 εἶναι.

2255 5373 2349 5450 ιγ’.
2416 5372 2556 5440 Αὕτη
2613 5370 2665 5428 δὲ
2725 5370 2885 5427 πάλιν
2915 5373 3010 5426 τοῦ
3061 5367 3311 5447 Σωτῆρός
3345 5369 3485 5425 ἐστιν
3534 5373 3566 5438 η
3599 5375 3764 5452 χάρις
3806 5392 3822 5404 ο

2166 5462 2443 5542 ἅνθρωπος
2495 5463 2593 5540 γάρ
2649 5459 2715 5516 δι’
2771 5461 2914 5535 ημᾶς
2967 5459 3279 5537 γενόμενος,
3341 5468 3402 5515 τὸ
3435 5460 3532 5534 μὲν
3563 5467 3721 5534 σῶμα
3760 5463 3830 5516 τὸ

2172 5551 2306 5607 ἴδιον
2346 5551 2492 5628 ὺπὶρ,
2530 5553 2688 5626 ἡμῶν
2742 5550 3102 5625 προσήνεγκεν
3133 5549 3202 5610 εἰς
3233 5548 3478 5615 θάνατον,
3523 5548 3616 5604 ’ίνα
3667 5553 3828 5605 πάν-

2166 5663 2260 5706 τας
2313 5637 2593 5719 άπαλλάξῃ
2663 5637 2756 5694 τοῦ
2808 5637 3036 5694 θανάτου
3066 5657 3078 5670 ’
3157 5636 3254 5701 τὴν
3321 5633 3377 5692 δὲ
3440 5637 3682 5716 οὐράνιον
3748 5659 3828 5696 κα
