4030 6216
273 359 326 427 33

1309 345 1671 411 EPISTULA
1717 345 1818 406 AD
1865 344 2070 405 MARC
2085 343 2454 406 ELLINUM.

3504 351 3577 417 34

279 501 394 573 Barium)
416 497 440 551 ὁ
466 493 682 571 διώκων,
713 494 797 547 καὶ
827 492 904 566 μὴ
934 490 1213 569 γινώσκων
1241 485 1447 563 εἰσέλθῃ
1480 487 1554 549 εἰς
1585 487 1646 539 τὸ
1669 479 1817 550 σπή-

1921 478 1947 538 si
1985 480 2214 558 ingruat
2238 478 2596 574 persecutio,
2651 488 2709 541 et
2741 481 3086 574 imprudens
3117 488 3452 563 persecutio
3483 489 3541 549 in

274 572 374 645 iam
404 588 451 641 ἒν
477 585 519 659 ᾧ
544 584 629 640 xui
660 583 718 639 σὺ
744 582 975 659 κρύπτῃ,
1025 578 1155 655 μηδ’
1185 577 1349 640 οὕτως
1384 575 1590 652 πτήξῃς
1625 591 1638 604 ⁸
1673 572 1824 651 ’ἐχεις

269 677 455 755 pigrae;
483 675 532 731 ἐν
578 672 792 746 τοιαύτῃ
836 671 1043 748 ἇνάγκῃ
1093 669 1376 749 χρησμοὺς
1430 667 1503 730 εἷς
1537 661 1823 755 παράκλη-

342 768 413 821 xui
439 761 810 840 στηλογραφίας
857 759 1074 836 λόγους,
1108 759 1228 822 τοὺς
1256 759 1312 812 ἒν
1342 763 1417 830 τῷ
1446 754 1556 828 Vg"
1585 754 1674 809 xui
1702 752 1823 813 τοὺς

257 859 294 913 ἓν
315 863 378 929 τῷ
399 853 530 931 ρμα’,
578 852 704 908 Ἐὰν
757 847 810 904 δὲ
868 850 956 904 xui
997 847 1332 926 φυλαχθῇναι
1372 846 1470 912 τὴν
1501 844 1665 898 οἰκίαν
1724 861 1820 895 κε-

253 946 379 1018 λεύσῃ
415 945 440 997 ὁ
465 936 825 1015 ἐπιϐουλεύων,
881 937 968 991 xui
1014 933 1297 1012 διαφύγῃς,
1342 933 1570 989 ἁνατίθει
1602 937 1678 1003 τῷ
1713 939 1822 987 Κυ-

251 1035 323 1111 ρίῳ
367 1033 452 1098 τὴν
503 1031 676 1108 χάριν,
710 1029 784 1090 ὡς
815 1026 871 1080 ὲν
921 1024 1143 1094 στήλαις
1197 1025 1413 1102 γράφων
1470 1022 1638 1088 αὒτὴν
1669 1020 1723 1076 ἐν
1755 1023 1824 1111 τῇ

248 1109 391 1200 ψυχῇ,
419 1119 740 1195 μνημόσυνον
775 1115 934 1172 οὖσαν
983 1121 1072 1169 τοῦ
1131 1113 1208 1189 μὴ
1251 1111 1545 1200 διεφθάρθαι
1600 1131 1682 1187 σε,

247 1197 342 1287 λέγε
365 1210 421 1264 τὰ
444 1209 496 1261 ἐν
521 1212 593 1278 τῷ
622 1200 708 1271 νη⁹
758 1202 984 1279 ψαλμῷ.
1035 1201 1158 1259 Ἐὰν
1187 1200 1242 1256 δὲ
1274 1202 1361 1255 xui
1391 1197 1680 1269 ὀνειδίζωσι
1709 1197 1824 1253 θλί-

244 1285 388 1360 ϐοντες
439 1299 481 1350 οἱ
537 1295 738 1373 ἐχθροὶ,
804 1295 892 1347 καὶ
952 1290 1300 1370 φλυαροῦντες
1365 1285 1721 1343 διαϐάλλωσιν
1777 1289 1825 1341 oi

241 1389 462 1451 δοκοῦντες
511 1388 648 1440 εἶναι
695 1380 861 1462 φίλοι,
920 1384 1009 1436 xui
1039 1380 1280 1456 λυπηθῇς
1330 1379 1384 1433 ἐν
1415 1383 1482 1452 τῇ
1539 1375 1826 1454 ἀδολεσχίᾳ

242 1501 314 1535 σου
336 1479 446 1553 πρὸς
485 1474 689 1550 ὀλίγον,
720 1470 860 1526 ἀλλὰ
904 1469 1118 1526 δύνασαι
1169 1470 1592 1547 παρακαλεῖσθαι
1645 1467 1824 1541 ὑμνῶν

239 1569 306 1622 xui
351 1567 402 1620 σὺ
452 1567 536 1620 τὸν
578 1565 736 1632 Θεὸν,
798 1563 885 1616 καὶ
938 1559 1107 1638 λέγων
1164 1560 1232 1616 τὰ
1268 1558 1321 1614 ἐν
1375 1565 1451 1631 τῷ
1481 1554 1554 1611 νδ’
1587 1554 1822 1634 ῥήματα,

241 1656 450 1731 Καὶπρὸς
479 1653 571 1726 μὲν
624 1650 1077 1727 ὑποκρινομένους
1121 1650 1210 1706 xui
1245 1649 1300 1704 ἐν
1361 1649 1635 1726 προσώπῳ
1691 1667 1826 1700 καυ-

1908 584 2036 628 eam
2068 569 2415 648 speluncam
2439 568 2683 643 incidat,
2719 570 2779 631 in
2803 589 2918 651 qua
2941 579 2999 633 tu
3035 571 3446 649 absconderis,
3473 596 3550 640 ne

1905 656 2279 729 reformides;
2317 657 2501 720 habes
2526 661 2685 720 enim
2715 669 2772 721 et
2811 661 2871 721 in
2891 662 2988 722 tali
3023 663 3373 726 necessitate
3405 685 3546 746 per-

1908 747 2081 808 utiles
2111 748 2183 808 ad
2207 747 2672 810 consolationem
2700 759 2757 810 et
2791 751 2945 812 tituli
2976 752 3386 833 inscriptionis
3416 773 3548 819 ser-

1910 854 2116 898 mones
2139 839 2195 898 in
2219 836 2458 914 psalmis
2487 839 2565 901 56
2589 845 2648 902 et
2670 840 2774 901 141
2796 840 2907 902 ..Si
2927 849 3120 902 autem
3138 843 3389 922 jusserit
3407 865 3546 924 per-

1905 935 2144 987 secutor
2163 927 2706 989 custodiridomum
2744 937 2996 1010 tuam,et
3023 942 3220 993 tamen
3245 935 3544 1016 effugeris,

1907 1015 2030 1076 Deo
2060 1015 2220 1076 refer
2250 1017 2521 1098 gratiam,
2557 1037 2812 1099 eamque
2845 1021 2904 1080 in
2928 1019 3126 1081 anima
3158 1031 3254 1084 tua
3279 1025 3444 1104 quasi
3485 1015 3546 1086 in

1907 1104 2080 1183 cippo
2100 1104 2454 1178 iuscribe,ut
2477 1109 2826 1170 memoriale
2849 1111 2923 1170 sit
2944 1117 3058 1170 tua;
3087 1110 3542 1188 incolumitatis,

1910 1205 1967 1254 et
1997 1194 2094 1255 dic
2122 1214 2192 1256 ea
2217 1215 2351 1272 quae
2379 1207 2518 1258 sunt
2547 1195 2609 1258 in
2638 1198 2737 1258 58.
2773 1198 2834 1261 Si
2865 1207 3060 1261 autem
3097 1201 3458 1280 exprobrent
3481 1205 3549 1263 ti-

1911 1282 1992 1362 bi,
2047 1285 2146 1363 qui
2207 1293 2262 1345 te
2312 1285 2574 1365 aﬂligunt
2621 1287 2844 1348 inimici
2877 1291 2986 1368 tui,
3029 1302 3086 1350 et
3121 1292 3220 1370 qui
3275 1293 3551 1356 videntur

1906 1373 2083 1432 amici
2113 1391 2245 1434 esse
2276 1374 2788 1452 tui,ob|oquentes
2808 1379 3261 1454 detraxerint,et
3291 1382 3346 1442 iu
3371 1399 3548 1444 exer—

1907 1460 2189 1524 citatione
2220 1473 2317 1525 tua
2339 1465 2418 1553 ad
2447 1465 2740 1527 modicum
2775 1469 3058 1548 temporis
3087 1470 3549 1553 contristeris,et

1912 1558 2078 1628 potes
2101 1569 2244 1613 sane
2271 1552 2524 1632 teipsum
2568 1555 2861 1616 consolari
2909 1557 3139 1637 hymnis
3166 1557 3354 1620 Deum
3386 1561 3542 1623 cele-

1911 1639 2140 1701 brando
2165 1659 2233 1702 ac
2265 1643 2570 1704 recitando
2595 1644 2888 1723 psalmum
2920 1645 3325 1709 55.Adversus
3367 1649 3553 1730 hypo-

237 1730 468 1823 χωμένους
494 1741 615 1819 λέγε
678 1741 812 1818 πρός
871 1739 1132 1818 ἐντροπὴν
1192 1739 1406 1794 ἐκείνων
1437 1739 1526 1793 τὸν
1559 1735 1636 1806 νζ’
1679 1733 1826 1810 ψαλ-

1921 1730 2094 1792 critas
2128 1738 2184 1790 et
2220 1730 2280 1823 in
2311 1730 2474 1823 facie
2489 1733 2833 1823 gloriantes,
2868 1736 2962 1797 dic
3016 1735 3089 1796 ad
3144 1737 3553 1800 confusionem

236 1832 349 1908 μάψ
377 1835 495 1910 πρὸς
549 1829 604 1886 δὲ
664 1831 786 1894 τοὺς
847 1831 1122 1906 ὁρμῶντας
1174 1827 1368 1905 ἀγρίως
1403 1827 1538 1883 κατὰ
1568 1824 1686 1895 σού,
1740 1825 1827 1880 xui

234 1923 436 1984 θέλοντας
465 1917 647 1978 λαϐεῖν
685 1941 780 1975 σου
809 1919 909 1986 τὴν
969 1918 1177 1996 ψυχὴν,
1238 1918 1439 1977 ἀντίθες
1474 1917 1535 1972 σὺ
1566 1916 1664 1983 τὴν
1698 1917 1828 1992 πρὸς

236 2015 301 2069 τὸν
329 2012 442 2068 Θεόν
468 2033 557 2065 σου
587 2009 889 2086 ὑποταγὴν,
937 2009 1026 2062 καὶ
1082 2005 1284 2084 θάῤῥεϊ,
1338 2003 1496 2077 ’Ὄσῳ
1541 2007 1641 2083 γὰρ
1673 2008 1826 2059 tm-

237 2123 294 2156 voi
343 2101 624 2176 μαίνονται,
686 2098 924 2171 τοσούτῳ
1002 2094 1204 2171 μᾶλλον
1280 2095 1576 2152 ὑποτάσσου
1630 2093 1690 2148 σὺ
1753 2093 1828 2165 τῷ

238 2190 393 2268 Κυρίῳ,
420 2189 501 2244 xui
554 2186 682 2265 λέγε
732 2187 798 2241 τὰ
854 2185 908 2240 ἐν
937 2192 1013 2259 τῷ
1045 2184 1146 2250 Ξα’.
1213 2186 1308 2242 Καὶ
1347 2183 1439 2240 ἐὰν
1491 2184 1589 2257 μὲν
1628 2180 1826 2238 διωκό-

237 2299 358 2352 μενος
409 2280 476 2338 εἰς
533 2277 765 2353 ἐρημίαν
791 2273 1049 2353 ἀπέλθῃς,
1085 2275 1162 2349 μὴ
1191 2271 1428 2350 φοϐηθῇς
1460 2276 1531 2338 ὡς
1563 2275 1726 2346 μόνος
1755 2272 1828 2328 ὢν

234 2370 342 2438 'txst,
381 2367 518 2445 ἔχων
578 2364 635 2420 δὲ
681 2366 776 2419 τὸν
822 2366 951 2419 Θεὸν
999 2362 1115 2418 ἐκεῖ
1167 2365 1254 2418 xui
1301 2365 1430 2440 πρὸς
1463 2364 1617 2420 αὐτὸν
1653 2363 1828 2439 ὀρθρί-

234 2464 312 2526 ζων
333 2455 488 2530 eam;
517 2456 611 2510 τὸν
644 2451 750 2529 ES’.
787 2451 1183 2530 Ἐκφοϐούντων
1215 2451 1267 2506 δὲ
1316 2459 1420 2509 τῶν
1479 2451 1685 2531 ἐχθρῶν
1743 2452 1830 2507 xui

235 2546 292 2616 μὴ
333 2543 636 2614 παυομένων
695 2548 792 2597 τοῦ
834 2540 1143 2619 ἓνεδρεύειν,
1198 2539 1335 2597 ἀλλὰ
1379 2542 1463 2597 xui
1517 2539 1832 2618 ἐξερευνών-

233 2655 311 2688 των
348 2639 444 2689 πᾶν
494 2633 634 2687 κατὰ
695 2654 814 2709 σου,
871 2630 968 2685 κᾶν
999 2629 1203 2696 πλῆθος
1232 2632 1355 2708 ὦσι,
1408 2630 1487 2704 μὴ
1544 2628 1779 2703 amas),-
1817 2645 1829 2658 '

234 2721 335 2795 βέλη
363 2722 454 2799 γὰρ
484 2722 696 2787 νηπίων
740 2719 951 2776 ἔσονται
994 2719 1196 2776 τούτων
1225 2719 1278 2774 ui
1328 2717 1556 2798 πληγαὶ,
1590 2718 1832 2794 ψάλλον-

232 2815 301 2876 τύς
324 2832 405 2866 σου
433 2813 522 2868 τὸν
556 2810 665 2886 ξγ’,
705 2812 792 2865 xui
819 2811 910 2865 τὸν
939 2807 1035 2887 ξδ’,
1070 2810 1157 2865 καὶ
1189 2807 1287 2888 ξθ’,
1319 2810 1408 2865 καὶ
1436 2807 1508 2871 ο’,

299 3067 395 3126 ια’.
435 3071 532 3126 Καὶ
581 3069 716 3124 ὃταν
771 3067 870 3142 μὲν
912 3068 1144 3141 ὑμνῆσαι
1173 3065 1339 3143 βούλῃ
1371 3069 1462 3124 τὸν
1495 3067 1703 3146 Κύριον,
1752 3064 1842 3139 ᾆδε

239 3156 580 3230 xiiii-1693’.
646 3156 776 3214 Ἐὰν
835 3153 890 3211 δὲ
933 3161 1250 3236 κατηχῆσαι
1305 3155 1464 3234 θέλῃς
1523 3159 1668 3221 τινὰς
1725 3158 1845 3234 περὶ

241 3248 569 3326 ἀναστάσεως,
637 3245 728 3318 ᾆδε
778 3247 843 3303 τὰ
900 3244 953 3300 ἐν
995 3253 1071 3320 τῷ
1104 3245 1199 3310 ξε’.
1233 3247 1548 3326 Οἷκτιρμοὺς
1581 3244 1636 3302 δὲ
1684 3248 1845 3302 αἰτῶν

241 3337 356 3414 παρὰ
380 3337 466 3392 τοῦ
497 3343 654 3408 Θεοῦ,
715 3335 864 3410 ὕμνει
907 3335 1087 3414 αύτὸν,
1145 3335 1363 3410 ψάλλων
1393 3337 1485 3391 τὸν
1514 3333 1642 3410 ξς”.
1705 3334 1845 3392 ’Ὀτε

239 3422 281 3477 δὲ
305 3424 501 3500 βλέπεις
557 3425 687 3487 τοὺς
748 3425 846 3499 μὲν
877 3421 1089 3486 ἀσεϐεῖς
1123 3423 1175 3479 ἐν
1224 3426 1408 3501 εἰρήνῃ
1439 3425 1846 3500 εὐθηνουμένους

239 3514 308 3568 xui
369 3514 698 3589 καταθυμίίος
756 3516 955 3584 ζῶντας
1007 3515 1128 3576 τοὺς
1197 3512 1250 3568 δὲ
1305 3513 1533 3579 δικαίους
1591 3514 1846 3590 θλιϐομέ-

239 3623 354 3679 nec;
398 3603 485 3659 ἵνα
530 3605 618 3678 μὴ
679 3601 1061 3680 σκανδαλισθῇς
1115 3603 1204 3659 xui
1247 3603 1675 3682 παρασαλευθῇς,
1725 3602 1847 3680 λέγε

242 3695 308 3747 lui
333 3694 386 3748 σὺ
413 3694 476 3749 τά
507 3694 561 3749 ἒν
589 3700 670 3766 τῷ
701 3691 782 3770 οβ’
816 3691 1037 3768 ψαλμῷ.
1085 3695 1180 3750 Καὶ
1235 3691 1361 3748 ὅταν
1417 3694 1517 3768 μὲν
1549 3695 1766 3773 ὀργισθῇ
1821 3695 1848 3748 ὁ

241 3784 345 3844 Θεὸς
367 3784 446 3840 ἱπδ
477 3785 570 3840 τὸν
610 3781 766 3856 λαὸν,
821 3781 970 3862 ἔχεις
1001 3783 1073 3845 εἷς
1103 3781 1442 3860 παράκλησιν
1489 3785 1606 3861 περὶ
1665 3784 1848 3838 τούτου

241 3869 399 3949 λόγους
446 3873 694 3938 σῦνετοὺς
741 3873 865 3937 τοὺς
921 3871 975 3926 ἐν
1027 3878 1103 3944 τῷ
1171 3870 1253 3949 ογ⁹
1291 3890 1303 3902 ·
1373 3872 1461 3928 ὅτε
1493 3871 1546 3927 δὲ
1578 3873 1734 3952 χρεία
1765 3894 1848 3928 σοι

243 3959 645 4040 ἑξομολογήσεως
700 3964 836 4033 luti,
894 3959 1066 4036 ψάλλε
1115 3961 1207 4016 τὸν
1252 3959 1321 4034 θ’,
1378 3959 1454 4017 οδ⁹
1484 3963 1570 4018 καὶ
1603 3963 1722 4038 4α⁹,
1767 3961 1855 4017 καὶ

245 4047 324 4127 ρδ’,
353 4054 430 4107 xui
471 4049 572 4130 ρε’,
609 4052 697 4108 καὶ
742 4049 875 4129 ρξ’,
921 4051 1009 4107 xui
1060 4049 1161 4129 ρξ’,
1195 4052 1283 4106 καὶ
1325 4049 1420 4129 ρι’,
1447 4052 1534 4107 καὶ
1586 4051 1708 4128 ριζ’,
1767 4051 1855 4106 xui

248 4136 356 4214 ρλε’,
384 4142 468 4196 καὶ
489 4139 631 4212 ρλζ’.
667 4142 763 4197 Καὶ
808 4137 1117 4207 δυσωπῆσαι
1173 4140 1270 4214 μὲν
1300 4139 1466 4196 θέλων
1494 4141 1560 4196 τά
1584 4141 1689 4196 τῶν
1723 4137 1855 4197 Ἐλ-

248 4229 393 4295 Αήνων
418 4231 504 4286 xui
528 4233 599 4286 τά
654 4235 761 4285 τῶν
816 4230 1116 4308 αἱρετικών,
1182 4228 1263 4285 ὅτι
1293 4230 1371 4304 μὴ
1404 4231 1529 4308 παρ’
1561 4231 1746 4292 αὐτοῖς
1777 4228 1855 4285 ἓνι

1911 1837 2116 1880 eorum
2149 1819 2438 1899 psalmum
2462 1821 2561 1882 57.
2597 1821 2903 1886 Adversus
2935 1843 3037 1885 eos
3068 1837 3268 1887 autem
3299 1828 3398 1907 qui
3419 1828 3553 1889 inte

1909 1909 2190 1970 atrociter
2209 1909 2441 1972 irruunt
2467 1918 2527 1972 et
2547 1929 2762 1992 capere
2783 1913 2986 1974 volunt
3007 1914 3268 1976 animam
3299 1925 3552 1991 tuam,tu

1911 2015 2177 2078 Opponas
2236 1999 2350 2060 illis
2405 2009 2565 2060 tuam
2596 2019 2734 2080 erga
2764 2001 2952 2063 Deum
2983 2002 3462 2085 obsequentiam,
3497 2014 3558 2066 et

1913 2087 2168 2150 conﬁde:
2204 2100 2420 2168 quanto
2452 2091 2612 2151 enim
2644 2091 2731 2154 illi
2760 2093 3170 2156 vehementius
3200 2095 3551 2167 institerint,

1916 2184 2074 2238 tanto
2105 2177 2291 2256 magis
2321 2189 2377 2240 te
2401 2178 2650 2240 Domino
2682 2182 3020 2256 submittas,
3046 2193 3103 2243 et
3123 2183 3218 2244 dic
3250 2183 3431 2245 verba
3448 2184 3547 2248 6t.

1914 2263 1976 2328 Si
1998 2268 2468 2346 persecutionem
2491 2287 2696 2348 passus
2718 2271 2778 2330 in
2793 2271 3174 2333 solitudinem
3207 2274 3548 2348 recesseris,

1915 2373 1992 2416 ne
2022 2355 2306 2419 formides
2326 2360 2490 2437 quasi
2514 2359 2676 2420 solus
2707 2358 2790 2419 ibi
2819 2359 3023 2440 degas,
3081 2380 3215 2422 cum
3262 2362 3416 2422 adsit
3445 2362 3550 2422 tibi

1914 2443 2089 2523 Deus,
2116 2445 2190 2506 ad
2221 2466 2398 2526 quem
2431 2447 2688 2511 diluCulo
2720 2467 2869 2510 cane
2902 2451 3190 2529 psalmum
3214 2451 3312 2513 6‘2.
3344 2451 3406 2512 Si
3437 2460 3552 2513 ter-

1917 2543 2091 2596 reant
2120 2542 2178 2596 te
2207 2534 2582 2611 inimici,uec
2612 2537 2786 2600 finem
2807 2539 3022 2602 faciant
3047 2539 3560 2614 insidiarum,imo

1918 2623 2231 2684 adversum
2269 2633 2325 2686 te
2353 2627 2554 2687 omnia
2583 2637 2943 2708 scrutentur,
2979 2631 3183 2690 etamsi
3211 2629 3382 2692 multi
3427 2631 3559 2692 fue-

1917 2712 2056 2787 rint,
2087 2731 2456 2794 nequaquam
2483 2716 2658 2778 cedas
2700 2736 2716 2777 :
2770 2735 2903 2778 nam
2935 2718 3159 2796 sagittas
3188 2720 3562 2798 parvulorum

1921 2812 2098 2950 ξιόυηι
2130 2804 2318 2884 plaga;
2345 2823 2578 2886 eorum,
2609 2816 2861 2868 canente
2894 2818 2955 2868 te
2976 2809 3234 2887 psalmos
3248 2808 3561 2890 63,64,69.

2005 3055 2107 3118 21.
2153 3053 2403 3126 Quando
2451 3055 2636 3117 Deum
2691 3055 2999 3118 celebrare
3051 3059 3334 3142 volueris,
3383 3060 3569 3124 recita

1927 3144 2358 3225 sexagesimum
2379 3144 2745 3226 quartum.Si
2765 3147 3000 3224 aliquos
3025 3147 3100 3208 de
3127 3151 3570 3212 resurrectione

1930 3236 2223 3315 instituas,
2245 3239 2432 3295 recita
2450 3235 2868 3298 65.Postulans
2889 3253 2921 3296 a
2944 3235 3196 3298 Domino
3231 3238 3567 3301 miseratio-

1931 3343 2060 3398 nes,
2096 3324 2268 3385 lauda
2290 3323 2479 3404 illum,
2515 3324 2772 3404 psallens
2803 3325 2903 3388 66.
2938 3324 3082 3387 Cum
3112 3327 3331 3389 videris
3349 3328 3562 3408 impios

1931 3413 1992 3474 in
2026 3431 2168 3494 pace
2199 3431 2483 3494 prospere
2507 3421 2749 3493 agentes
2779 3423 2838 3476 et
2868 3415 3120 3476 libenter
3150 3416 3438 3492 viventes,
3461 3419 3572 3498 juo

1932 3511 2054 3564 stos
2081 3511 2277 3564 autem
2301 3503 2572 3578 afﬂictos,
2606 3522 2680 3564 ne
2710 3504 3149 3578 scandalizeris,
3184 3524 3376 3587 neque
3398 3526 3569 3569 com-

1934 3592 2378 3667 movearis,‘sed
2422 3592 2516 3654 dic
2539 3593 2828 3672 psalmum
2850 3592 2950 3655 62.
2985 3596 3130 3656 Cum
3158 3595 3347 3656 iratus
3389 3597 3572 3666 fuerit

1935 3686 2098 3747 Deus
2121 3682 2405 3744 adversus
2431 3682 2741 3762 populum,
2791 3681 2973 3743 habes
2999 3683 3071 3744 ad
3102 3685 3572 3748 consolationem

1937 3772 2096 3834 illius
2128 3771 2304 3833 verba
2330 3772 2656 3851 prudentiae
2688 3772 2746 3831 in
2778 3770 2873 3834 73.
2916 3772 3163 3845 Quando
3197 3774 3579 3837 confessione

1940 3862 2044 3923 tibi
2077 3880 2224 3941 opus
2255 3862 2392 3940 erit,
2426 3862 2612 3941 psalle
2639 3862 2698 3935 9,
2742 3861 2837 3936 '14,
2871 3863 2972 3942 91,
3006 3865 3144 3942 104,
3184 3863 3318 3943 105,
3344 3873 3400 3926 et
3437 3866 3574 3941 106,

1939 3959 1998 4012 et
2035 3951 2167 4029 107,
2205 3959 2262 4011 et
2290 3952 2424 4024 110,
2452 3957 2510 4012 et
2547 3953 2678 4025 117,
2711 3959 2769 4012 et
2802 3951 2939 4031 1‘25,
2983 3960 3042 4013 et
3077 3952 3209 4013 137.
3245 3951 3345 4014 Vis
3375 3955 3575 4033 genti-

1940 4040 2084 4102 lium
2098 4050 2154 4102 et
2168 4041 2582 4102 haereticorum
2617 4041 2930 4121 opiniones
2952 4041 3578 4117 confundere,etcom-

1944 4139 2275 4192 monstrare
2326 4148 2442 4189 non
2481 4130 2634 4208 apud
2687 4129 2822 4190 illos
2857 4148 2986 4190 esse
3020 4129 3123 4191 Dei
3155 4132 3577 4210 cognitionem,

1940 4218 2045 4280 sed
2082 4221 2138 4278 in
2187 4219 2313 4280 sola
2361 4218 2648 4294 Ecclesia,
2697 4227 2886 4300 potes,
2923 4219 3333 4301 considerans,
3366 4240 3582 4284 canere

249 4319 538 4395 θεωγνωσία,
603 4317 723 4373 ἀλλ’
782 4317 835 4374 ἦν
888 4318 1027 4394 μόνῇ
1083 4323 1150 4395 τῇ
1204 4317 1463 4395 καθολικῇ
1537 4318 1829 4391 Ἐκκλησία

1941 4316 2118 4388 atque
2170 4309 2376 4370 dicere
2407 4328 2540 4387 quae
2563 4311 2620 4370 in
2652 4309 3085 4389 septuagesimo
3116 4311 3320 4389 quinto
3351 4310 3580 4373 haben-

248 4402 432 4462 δύνασαι
463 4409 604 4464 νοῶν
664 4407 805 4479 ᾅδειν
839 4417 928 4464 xui
956 4406 1132 4486 λέγειν
1173 4408 1238 4464 τά
1268 4408 1322 4464 ἐν
1353 4415 1430 4464 τῶ
1462 4406 1559 4468 οε’.
1627 4414 1743 4466 Τῶν
1803 4407 1830 4463 δ

1944 4406 2065 4460 tur.
2098 4397 2357 4460 Inimicis
2378 4407 2576 4459 autem
2602 4399 2812 4476 etfugia
2842 4399 3390 4478 prasoccupantibus
3419 4417 3488 4462 ac
3525 4410 3584 4463 te

249 4492 423 4574 ἐχθρῶν
475 4494 996 4576 προκαταλαϐόντων
1054 4497 1148 4561 τάς
1205 4495 1509 4578 διεκφυγὰς,
1582 4499 1670 4554 καὶ
1725 4499 1834 4554 πάνι

1921 4505 2321 4567 ,ευῐηιηορεξτθ
2353 4487 2740 4567 afﬂicto,licet
2773 4486 3158 4566 perturberis,
3194 4506 3270 4548 ne
3318 4489 3582 4550 animum

249 4581 548 4659 θλιϐόμενος,
607 4585 703 4642 κᾶν
753 4589 1052 4665 ταραχθῇς,
1112 4586 1189 4661 μὴ
1233 4576 1560 4664 ἀπελπίσγίς,
1597 4586 1733 4642 ἀλλὰ
1764 4587 1834 4642 εὔ-

1940 4576 2331 4656 despondeas,
2377 4577 2482 4638 sed
2527 4595 2671 4638 ora:
2709 4576 2844 4636 etsi
2875 4576 3184 4638 clamando
3229 4577 3578 4652 exaudiare,

250 4693 332 4750 χου
362 4692 379 4709 ⁸
436 4677 524 4730 xui
568 4673 661 4730 ἐὰν
702 4675 906 4754 κράζων
984 4677 1350 4756 εἷςαιιουσθῇς,
1413 4677 1721 4756 εὐχαρίστει
1781 4683 1834 4748 τᾷ

1942 4673 2158 4744 gratias
2188 4666 2306 4728 Deo
2332 4685 2462 4746 age,
2497 4667 2754 4727 recitans
2787 4667 3290 4766 septuagesimum
3330 4677 3583 4731 sextum.

253 4767 363 4835 Θεῷ,
404 4762 576 4841 λέγων
616 4765 680 4821 τὰ
711 4763 765 4819 ἐν
817 4766 894 4837 τῷ
947 4761 1084 4837 eg".
1139 4765 1262 4822 Ἐὰν
1323 4753 1376 4822 δὲ
1422 4753 1762 4841 ἐπιμένοντες
1811 4788 1834 4822 ο

1946 4755 2008 4818 Si
2039 4756 2426 4835 persistentes
2467 4753 2693 4814 inimici
2725 4754 3070 4834 irruperint,
3105 4763 3164 4815 et
3192 4753 3434 4816 domum
3481 4757 3588 4818 Dei

256 4848 403 4928 ίχθροὶ
429 4850 801 4931 ἔπεισέλθωσι,
846 4853 934 4908 καὶ
992 4853 1222 4927 μιάνωσι
1265 4855 1358 4910 τὸν
1397 4857 1550 4910 οἷκον
1579 4854 1673 4911 τοῦ
1704 4861 1834 4911 Θεοὸ

1948 4845 2409 4926 profanaverint,
2446 4850 2807 4920 sanctosque
2839 4843 3591 4944 trucidarint,illorumque

255 4942 350 5002 τούς
390 4962 446 4996 τε
494 4941 677 5019 ἁγίους
721 4941 1094 5018 ἀποκτείνωσι,
1143 4945 1232 5000 xui
1286 4945 1354 5000 τὰ
1405 4944 1632 5018 σώματα
1689 4945 1828 5000 αύτῶ

1948 4953 2200 5016 corpora
2229 4933 2568 4996 volucribus
2609 4933 2745 4994 caeli
2788 4932 3174 5014 projecerint,
3215 4932 3415 5033 ne‘bis
3448 4951 3589 5033 per-

260 5028 418 5102 ῥίψωσι
470 5043 589 5092 τοῖς
637 5044 916 5095 πεπεινοτς
948 5039 1039 5088 τοῦ
1088 5033 1330 5111 ούρανοῦ,
1365 5033 1454 5089 ἵνα
1489 5033 1564 5108 μὴ
1609 5031 1834 5088 συνελκυ

1950 5025 2148 5087 culsus
2178 5023 2532 5088 reformides
2561 5040 2773 5084 eorum
2813 5022 3248 5122 crudelitatem,
3281 5021 3582 5122 dole.qui-

260 5119 368 5180 σθεὶς
396 5118 736 5196 καταπτήξῃς
768 5121 936 5176 αὖτῶν
966 5121 1066 5188 τὴν
1099 5109 1382 5198 ὡμότητα,
1416 5124 1704 5203 σύμπασχε
1755 5123 1833 5198 ,μέ

1953 5115 2090 5177 dem
2135 5116 2489 5178 miserorum
2528 5117 2746 5187 vicem,
2773 5129 2877 5173 ora
2903 5121 3103 5174 autem
3131 5109 3347 5190 Deum,
3382 5111 3591 5174 dicens

260 5219 354 5267 τοῖς
380 5208 701 5288 πάσχουσιν,
732 5208 1023 5288 ἑντύγγανε
1054 5209 1108 5267 δὲ
1138 5217 1216 5268 τῶ
1266 5217 1406 5291 Θεῶ,
1438 5211 1611 5291 λέγων
1640 5201 1744 5268 τὸν
1778 5234 1834 5275 οη

1955 5205 2458 5285 septuagesimum
2489 5210 2762 5264 octavum
2793 5201 3106 5282 psalmum.

261 5294 464 5371 ψαλμάν.

325 5457 422 5534 ιβ’,
453 5459 545 5518 Ἐν
587 5462 744 5540 ἑορτῇ
772 5461 854 5534 δὲ,
897 5459 1064 5517 θέλων
1116 5461 1239 5534 ᾇσαι
1301 5484 1378 5518 τω
1404 5459 1603 5542 Κυρίῳ,
1663 5484 1832 5530 συγκα

2038 5455 2137 5518 29.
2165 5455 2232 5518 In
2262 5455 2518 5518 solemni
2539 5455 2637 5520 die
2655 5453 2860 5518 volens
2886 5451 3138 5518 Domino
3167 5455 3597 5536 canere,advo-

269 5541 400 5611 λέσας
428 5557 550 5614 τοὺς
593 5559 684 5608 τοῦ
716 5556 845 5607 Θεοῦ
875 5548 1112 5630 δούλους,
1170 5549 1344 5627 eam:
1385 5553 1452 5608 τὰ
1492 5541 1560 5608 λέν
1591 5557 1668 5608 τῶ
1697 5553 1754 5608 π’
1784 5574 1834 5608 xc

1958 5546 2106 5607 catis
2132 5545 2240 5608 Dei
2269 5546 2476 5622 servis,
2513 5546 2700 5628 psalle
2732 5545 3162 5626 octogesimum
3194 5553 3253 5606 et
3277 5549 3592 5622 nonagesi-

273 5633 363 5709 43’.
412 5645 526 5696 Τῶν
571 5636 626 5695 δὲ
676 5640 883 5720 ἐχθρῶν
938 5639 1098 5696 πάλιν
1150 5641 1614 5721 ἑπισυναχθέντων
1658 5643 1834 5698 πάντα

1961 5653 2127 5696 mum
2159 5643 2453 5716 quartum.
2491 5635 2692 5699 Imicis
2721 5635 2936 5696 iterum
2969 5633 3230 5712 undique
3260 5652 3591 5712 congrega-

273 5729 594 5808 πανταχόθεν,
653 5730 742 5785 xui
791 5726 1150 5786 ἀπειλούντων
1231 5731 1369 5786 κατὰ
1424 5738 1516 5786 τοῦ
1574 5728 1726 5789 οἴκου
1783 5755 1834 5789 τε

1961 5723 2058 5801 tis,
2094 5733 2154 5786 et
2185 5725 2390 5787 domui
2417 5725 2528 5789 Dei
2548 5725 2744 5787 minas
2774 5723 3235 5804 inmutantibus,
3253 5722 3598 5802 ﬁdenque

279 5817 401 5892 θεοῦ,
455 5818 710 5889 συνθήκας
766 5840 822 5876 τε
894 5819 1188 5878 ποιούντων
1239 5821 1380 5878 κατὰ
1434 5827 1530 5897 τῇς
1585 5818 1834 5880 εὒσεϐείαι

1960 5829 2167 5884 contra
2196 5814 2478 5897 pietatem
2510 5813 2882 5898 facientibus,
2916 5831 2992 5875 ue
3020 5812 3219 5874 animo
3249 5810 3494 5874 deficias
3522 5809 3600 5873 ob
