4030 6216
295 362 362 428 37

1414 360 1778 424 EPISTOLA
1824 358 1922 422 AD
1968 357 2561 422 MARCELLINUM.

3614 356 3692 423 38

370 496 465 560 κε’,
512 456 997 577 ’ῌχμαλωτεῦθης
1026 498 1127 553 ὑπὸ
1158 494 1449 575 ἀλλοτρίων
1509 494 1810 574 λογισμῶν,
1856 496 1931 551 xu}

2106 487 2303 577 25gln
2326 485 2727 577 captivitatem
2750 486 3026 577 redactus
3050 505 3114 549 es
3137 486 3212 551 ab
3225 487 3439 551 alienis
3461 490 3684 571 cogita-

298 592 438 667 ᾔσθου
464 574 705 645 σεαυτὸν
740 587 1103 665 ἀπαγόμενον,
1140 587 1229 643 καί
1274 574 1566 665 μετέγνως,
1619 588 1813 642 παῦσαι
1858 594 1931 642 τοί

2034 576 2319 667 tionibus,
2355 584 2532 667 atque
2562 574 2802 636 sensisti
2834 585 2894 639 te
2922 575 3261 667 seductum,
3295 586 3355 640 et
3384 580 3683 659 pwniten-

286 678 481 748 λοιποῦ,
520 678 618 732 καὶ
650 677 837 751 μείνας
860 676 942 757 ἐφ’
976 677 1065 741 οἷς
1125 676 1497 754 ἁμαρτάνοντα
1532 677 1753 732 σεαυτὸν
1808 698 1946 733 κατ-

287 764 487 840 ἔλαϐες,
526 768 720 840 κάθου,
758 769 848 823 καὶ
891 766 1117 823 κλαῦσον
1150 767 1240 822 καὶ
1309 768 1392 839 σὺ,
1445 768 1517 828 ὡς
1570 765 1862 832 πεποίηκεν
1920 767 1947 820 6

272 859 392 914 τότε
420 856 593 937 λαὸς,
620 856 797 935 λέγων
825 858 890 912 τὰ
920 856 973 911 ἐν
995 863 1072 930 τῷ
1102 854 1269 933 ρλζ¹⁹
1329 857 1459 921 Τοὺς
1510 855 1562 910 δέ
1615 856 1940 933 πειρασμοὺς

270 947 585 1023 ἡγούμενος
608 948 749 1002 εἷναί
777 968 870 1001 σου
916 944 1163 1020 δοκιμὴν,
1225 946 1362 1021 μετὰ
1419 947 1541 1008 τοὺς
1615 946 1941 1021 πειρασμοὺς

271 1036 361 1091 ἐὰν
388 1037 796 1113 εὒχαριστῆσαι
852 1033 1111 1113 θελήσῃς,
1157 1033 1308 1114 ἔχεις
1368 1036 1459 1090 τὸν
1542 1032 1663 1113 ρλη’
1726 1033 1943 1109 ψαλμὸν

272 1126 504 1204 Συνὲχῃ
533 1125 694 1185 πάλιν
724 1124 831 1181 ἀπὸ
862 1124 1095 1205 ἐχθρῶν,
1131 1126 1215 1180 mi
1236 1125 1487 1202 ῥηθῆναι
1536 1123 1706 1189 θέλεις
1741 1146 1757 1201 ς
1824 1123 1945 1201 λέγε

270 1217 343 1271 τὰ
376 1214 439 1270 ἐν
470 1220 554 1287 τῷ
585 1213 719 1292 ρλθ’.
771 1218 1038 1281 Δεηθῆναι
1083 1212 1255 1270 δὲκαὶ
1296 1212 1677 1291 προσεύξασθαι
1722 1212 1890 1277 θέλεις
1930 1234 1945 1286 ς

270 1304 462 1379 ams
520 1305 612 1360 τὸν
671 1303 715 1358 ε’
737 1303 823 1359 καὶ
876 1302 1032 1382 ρμβ’.
1088 1303 1312 1383 Ἐχθρὸς
1353 1304 1601 1367 τύραννος
1674 1303 1944 1370 ἐπανέστη

272 1399 359 1448 τῶ
408 1393 532 1449 λαῶ
563 1397 650 1449 xui
674 1416 779 1466 σοι,
813 1392 993 1467 ὥσπερ
1019 1390 1205 1449 Γολιὰθ
1223 1399 1299 1448 τῶ
1338 1390 1519 1471 Δρϐἶδ,
1572 1394 1649 1468 μὴ
1709 1392 1939 1463 πτήξτ,ς’

277 1481 437 1538 ἀλλὰ
465 1484 673 1542 πίστευε
700 1484 788 1538 καὶ
817 1483 901 1551 σὺ,
950 1484 1024 1546 ὡς
1057 1485 1083 1537 6
1125 1480 1303 1561 Δαϐὶδ,
1337 1484 1425 1539 καὶ
1455 1481 1577 1561 λέγε
1634 1482 1697 1538 τᾶ
1758 1482 1810 1539 ἐν
1869 1490 1946 1539 τῶ

276 1571 460 1649 ρμγ’,
503 1581 636 1629 Εἶτα
664 1572 939 1647 θαυμάζων
970 1572 1064 1634 τὰς
1096 1573 1171 1634 εἰς
1218 1573 1420 1636 πάντας
1472 1579 1564 1627 τοῦ
1615 1579 1747 1628 Θεοῦ
1804 1577 1945 1651 εὐερ-

282 1661 509 1740 γεσίας,
538 1662 624 1716 καὶ
655 1660 1008 1735 μνημονεύων
1037 1661 1135 1726 τῆς
1163 1682 1216 1716 τε
1246 1663 1316 1726 εἷς
1349 1661 1407 1716 σὲ
1463 1663 1549 1718 καὶ
1612 1664 1685 1724 εἰς
1743 1665 1943 1726 πάντας

277 1750 589 1827 γενομένης
642 1750 971 1827 ἀγαθότητος
1045 1751 1223 1815 αὐτοῦ,
1284 1751 1372 1806 ἐὰν
1433 1750 1587 1826 θέλῃς
1641 1750 1723 1807 διὰ
1781 1759 1946 1808 ταῦτα

2040 668 2178 729 tiam
2211 666 2410 746 egisti,
2445 664 2509 725 in
2544 671 2845 743 posterum
2911 666 3144 742 desine,
3208 676 3385 746 atque
3438 668 3686 747 gradum

2037 757 2253 817 sistens
2284 753 2385 816 ubi
2419 760 2474 813 te
2512 761 2855 832 peccantem
2890 755 3365 836 deprehendisti,
3399 758 3567 840 sede,
3627 766 3687 821 et

2036 844 2225 924 plora,
2254 852 2312 904 et
2337 849 2512 923 prout
2536 841 2677 902 fecit
2700 842 2841 904 olim
2870 845 3153 924 populus,
3185 845 3281 906 dic
3314 844 3492 908 verba
3519 846 3682 929 psal-

2032 933 2113 993 mi
2137 932 2271 995 136.
2303 929 2685 992 Tentationes
2702 932 3117 1011 probationem
3142 952 3282 997 esse
3313 943 3472 997 tuam
3496 948 3680 1015 ratus,

2028 1022 2077 1083 si
2109 1030 2239 1102 post
2265 1018 2631 1082 tentationes
2660 1021 2805 1081 velis
2834 1023 3053 1100 gratias
3082 1042 3284 1104 agere,
3310 1024 3492 1087 babes
3544 1026 3680 1089 138.

2031 1109 2121 1171 Ab
2154 1109 2421 1171 inimicis
2452 1109 2672 1169 iterum
2702 1111 2946 1186 teneris,
2983 1120 3040 1172 et
3069 1112 3316 1174 liberari
3342 1115 3556 1196 cupis?
3588 1116 3683 1177 dic

2031 1197 2215 1261 verba
2249 1198 2382 1261 139.
2408 1196 2510 1258 Vis
2534 1197 2871 1277 supplicare
2891 1208 2950 1262 et
2971 1207 3174 1263 orare?
3201 1202 3390 1282 psalle
3411 1206 3683 1283 quintum

2036 1295 2093 1348 et
2124 1288 2258 1351 14?.
2287 1286 2568 1348 Inimicus
2593 1295 2878 1367 tyrannus
2898 1290 3294 1351 insurrexitin
3311 1292 3685 1372 populum,et

2035 1378 2097 1437 in
2143 1386 2221 1452 te,
2256 1376 2412 1437 sicut
2443 1375 2504 1435 in
2531 1374 2711 1436 David
2739 1375 2999 1458 Goliath,
3031 1398 3105 1440 ne
3139 1379 3347 1441 timeas
3380 1398 3395 1441 :
3448 1384 3556 1445 sed
3621 1393 3682 1446 tu

2034 1464 2539 1545 quemadmodum
2572 1464 2751 1526 David
2789 1466 2989 1545 crede,
3025 1477 3083 1529 et
3116 1469 3299 1548 psalle
3329 1471 3513 1533 verba
3543 1474 3677 1538 145.

2034 1553 2269 1616 Deinde
2284 1554 2585 1615 admirans
2599 1553 2752 1616 bene
2763 1556 3080 1619 ﬁciaDeiin
3093 1576 3682 1644 omnes,memorque

2034 1645 2166 1723 ejus
2197 1662 2337 1723 erga
2365 1652 2420 1704 te
2451 1652 2508 1704 et
2539 1662 2677 1723 erga
2710 1664 2921 1707 omnes
2948 1646 3257 1729 bonitatis,
3287 1650 3337 1710 si
3366 1661 3682 1733 propterea

2034 1733 2300 1796 volueris
2322 1736 2446 1795 Deo
2465 1733 2851 1811 benedicere,
2886 1735 2982 1797 dic
2996 1736 3229 1798 Davidis
3243 1738 3447 1818 verba,
3474 1760 3607 1823 qua:
3621 1753 3681 1805 et

275 1823 543 1916 εὗλσγετν
573 1823 853 1917 1616:2111,
884 1837 1009 1916 λέγε
1040 1839 1104 1895 τὰ
1152 1846 1246 1896 τοῦ
1307 1838 1465 1896 Δαϐὶδ
1521 1823 1756 1917 ῥήματα,
1812 1839 1931 1919 ἅπερ

2032 1826 2162 1919 ipse
2184 1823 2333 1884 dixit
2352 1823 2413 1883 in
2438 1823 2665 1919 psalmo
2680 1827 2828 1919 144.
2857 1824 2960 1919 Yis
2979 1824 3231 1919 Domino
3252 1847 3466 1891 canere
3492 1831 3520 1891 ἒ)
3549 1850 3681 1913 qua:

272 1939 369 1994 xui
402 1939 563 1999 αὑτὸς
596 1938 753 1994 εἶπεν
786 1936 838 1992 ὲν
882 1943 959 1992 τῶ
988 1935 1110 2014 plu-3'
1167 1936 1391 2013 ψαλμῶ.
1426 1926 1577 2011 τᾼσαι
1640 1938 1809 2003 θέλεις
1870 1946 1946 1996 τῶ

286 2027 463 2104 Κυρίῳ
504 2046 520 2100 ;
556 2026 704 2105 ἔχεις
736 2027 810 2089 εἷς
840 2027 900 2082 τὸ
959 2025 1136 2106 λέγειν
1186 2029 1276 2082 τὸν
1338 2027 1435 2103 4β¹
1500 2030 1589 2087 καί
1647 2028 1760 2105 4ζ’,
1819 2029 1943 2087 Ἐὰν

281 2117 478 2195 μικρὸς
510 2115 585 2172 ὢν
638 2119 928 2195 προκριθῇς
997 2117 1071 2178 εἰς
1124 2116 1301 2196 ἀρχήν
1351 2139 1468 2173 τινα
1538 2120 1645 2173 τῶν
1705 2116 1945 2198 ἀδελφῶν

274 2226 403 2284 σου,
480 2204 561 2279 μὴ
616 2204 830 2281 ἐπαίρου
878 2202 998 2261 κατ’
1050 2206 1221 2262 αὐτῶν
1281 2204 1416 2262 ἄλλα
1476 2206 1552 2263 τῶ
1612 2206 1947 2281 ἐκλεξαμένῳ

276 2295 463 2367 Κυρίῳ
493 2292 662 2359 διδοὺς
688 2292 863 2364 δόξων,
896 2292 1071 2368 ψάλλε
1102 2296 1190 2350 καί
1225 2297 1286 2350 σὺ
1328 2298 1420 2351 τὸν
1452 2296 1567 2375 ρνα¹
1635 2295 1770 2352 ἴδιον
1816 2300 1942 2353 ὁντα

274 2390 377 2439 τοῦ
430 2380 609 2441 Δαϐίδ.
643 2382 814 2439 Ἀλλὰ
842 2382 1013 2446 θέλεις
1048 2383 1273 2459 ψάλλειν
1305 2384 1542 2453 ὲπακοὴν
1584 2385 1811 2465 ἔχοντας
1880 2389 1940 2442 τὸ

272 2471 656 2553 Ἀλληλούῖα,
701 2472 849 2552 ἔχεις
872 2475 961 2529 τὸν
991 2471 1090 2551 ρδ’.
1125 2473 1225 2552 ρε’,
1260 2475 1398 2555 ρξ’,
1429 2476 1568 2557 ρια’,
1604 2476 1734 2556 ριβ’,
1812 2475 1939 2555 ριγ’,

274 2561 412 2639 ριδ’,
446 2560 544 2640 ριε’
578 2561 732 2642 ρις“’,
763 2561 885 2635 με’,
913 2563 1049 2642 ριη’,
1077 2561 1210 2643 ρλδκ
1244 2563 1377 2642 ρλε’›
1414 2565 1554 2643 PP":
1582 2566 1762 2644 ρμς’,
1795 2566 1939 2642 pet’.

282 2651 453 2730 ρμτέι
487 2652 630 2731 ρμθ’,
668 2652 771 2730 ρνῖ

374 2740 514 2814 κζ’.
548 2741 691 2800 ’Ὅτε
722 2740 776 2797 δὲ
808 2740 965 2821 θέλῃς
1005 2744 1125 2799 κατ’
1154 2742 1288 2800 ἰδίαν
1318 2746 1383 2801 τὰ
1414 2746 1531 2824 περί
1571 2748 1665 2802 τοῦ
1706 2746 1942 2825 Σοτῆρος

291 2829 552 2911 ψάλλειν,
580 2831 633 2886 ἐν
668 2832 992 2907 ὲκάστῳμέν
1055 2831 1247 2911 σχεδὸν
1307 2834 1560 2911 εὑρίσκεις
1616 2834 1817 2911 ψαλμῶ
1876 2839 1943 2894 τὰ

279 2927 532 2976 τοιαῦτα·
554 2919 705 3000 ἔχεις
728 2919 782 2977 δὲ
822 2920 1054 2996 μάλιστα
1084 2924 1176 2979 τὸν
1208 2923 1303 2998 μὲν
1336 2922 1426 2999 μδ’
1457 2926 1543 2981 xui
1581 2926 1673 2980 τὸν
1713 2924 1791 3003 ρθ¹
1842 2925 1943 2995 δη-

277 3009 517 3075 λοῦντας
549 3013 651 3077 τὴν
681 3008 739 3066 ἐκ
794 3016 888 3067 τοῦ
946 3013 1149 3091 Πατρὸς
1206 3016 1364 3072 αὐτοῦ
1418 3014 1640 3091 γνησίαν
1697 3015 1945 3092 γέννησιν

277 3100 376 3155 xui
409 3100 508 3166 τὴν
566 3098 819 3178 ἒνσαρκον
873 3102 1030 3157 αὐτοῦ
1078 3105 1387 3178 παρουσίαν·
1450 3106 1512 3159 τὸ
1583 3101 1637 3159 δὲ
1696 3105 1785 3160 κα¹
1848 3110 1939 3163 καί

277 3186 372 3253 ξη’
412 3186 772 3267 προλέγοντας
833 3189 954 3265 περί
1000 3197 1093 3246 τοῦ
1145 3190 1283 3246 θείου
1340 3202 1586 3271 σταυροῦ,
1663 3194 1752 3250 καί
1806 3193 1938 3262 ὅσην

273 3274 351 3332 δι’
404 3280 553 3351 ἡμᾶς
604 3274 889 3345 ἐπιϐουλὴν
963 3277 1260 3355 ἀνεδέξατο,
1332 3283 1423 3337 xui
1480 3283 1619 3339 πόσα
1690 3283 1931 3341 πέπονθε“

274 3368 375 3422 καί
396 3368 492 3421 τὸν
522 3368 632 3440 μὴν
661 3364 713 3441 β’
749 3368 837 3422 καί
868 3367 952 3445 ρη“
1016 3368 1376 3444 σημαίνοντας
1401 3372 1500 3441 τήν
1549 3393 1605 3427 τε
1633 3379 1739 3429 τῶν
1794 3371 1932 3433 Ἰου-

275 3453 451 3511 δαίων
502 3454 788 3521 ἐπιϐουλὴν
840 3457 930 3512 καί
984 3459 1258 3538 πονηρίαν,
1307 3461 1399 3515 xui
1451 3460 1550 3527 τὴν
1627 3460 1790 3520 ’ἰούδα
1848 3472 1940 3523 τοῦ

278 3542 634 3623 Ἰσκαριώτου
682 3542 987 3625 προδοσίαν·
1013 3548 1104 3603 τόν
1147 3568 1205 3603 τε
1236 3549 1312 3627 κ’,
1374 3550 1463 3605 xui
1530 3551 1652 3631 μθ’,
1714 3553 1803 3609 xui
1852 3548 1937 3611 ou’

285 3636 431 3716 (xui)
460 3635 749 3704 δηλοῦντας
790 3639 888 3706 τὴν
960 3661 1018 3696 τε
1061 3639 1328 3716 βασιλείαν
1405 3643 1560 3698 αὐτοῦ
1617 3650 1703 3701 xui
1761 3667 1933 3724 κριτι-

279 3733 387 3797 κὴν
417 3728 658 3806 δύναμιν,
686 3733 773 3787 καί
805 3733 905 3800 τὴν
937 3735 1010 3797 εἰς
1041 3734 1186 3809 ἧμᾶς
1240 3738 1401 3794 αὐτοῦ
1465 3735 1626 3794 πάλιν
1683 3737 1934 3819 ἕνσαρκον

277 3819 595 3901 παρουσίαν,
643 3822 733 3877 xui
774 3821 874 3889 τὴν
903 3821 1095 3889 κλῆσιν
1125 3823 1233 3879 τῶν
1273 3823 1456 3883 ἐθνῶν.
1498 3828 1596 3883 Καί
1642 3830 1670 3883 6
1742 3830 1840 3903 μὲν
1890 3853 1931 3887 ιε

276 3906 514 3965 δείκνυσι
546 3913 702 3968 αὐτοῦ
765 3910 863 3978 την
922 3911 983 3967 ἐκ
1040 3918 1236 3990 νεκρῶν
1287 3912 1601 3972 ἆνάστασιν’
1667 3916 1699 3972 6'
1732 3915 1786 3972 δὲ
1838 3920 1925 3998 κγ’

276 4000 372 4055 xui
416 3996 538 4073 μς’
566 3997 910 4080 ᾇνργγελουσι
939 4000 1039 4069 τὴν
1070 4002 1143 4064 εἰς
1204 4003 1453 4080 οὐρανοὺς
1504 4002 1687 4062 ἄνοδον
1745 3996 1921 4066 αὐτοῦ’

276 4089 375 4144 τὸν
400 4084 455 4142 δὲ
488 4077 607 4165 4β’,
636 4089 724 4144 xui
755 4086 867 4166 ζε’,
898 4090 989 4146 καί
1042 4089 1157 4166 ζζ²,
1222 4077 1311 4147 καί
1361 4092 1462 4168 4η’
1522 4093 1923 4175 ἀναγινώσκων,

274 4178 547 4254 θεωρῆσαι
577 4174 775 4255 δυνήσῃ
805 4179 899 4241 τὰς
931 4180 1004 4242 εἰς
1035 4181 1178 4255 ἡμᾶς
1236 4187 1330 4237 τσῦ
1390 4186 1643 4262 Σωτῆρος
1681 4182 1764 4244 διὰ
1820 4174 1924 4246 τῶν

271 4266 621 4342 παθημάτων
647 4266 807 4324 αὐτοῦ
836 4268 1127 4346 γενομένας
1154 4269 1473 4348 εὐεργεσίας,

355 4360 465 4428 κζ’,
490 4361 739 4446 Τοιοῦτος
776 4356 873 4432 μὲν
904 4358 992 4415 οὖν
1024 4358 1133 4415 ἔστι
1164 4361 1254 4416 xui
1283 4362 1310 4415 6
1339 4362 1621 4440 χαρακτὴρ
1650 4365 1724 4428 εἷς
1780 4366 1923 4446 ὠφέ-

270 4447 428 4503 λειαν
455 4459 579 4509 τοῖς
640 4445 933 4537 ἀνθρωποις
986 4447 1043 4537 ἐκ
1101 4453 1199 4515 τῆς
1253 4446 1433 4525 βίϐλον
1492 4452 1597 4509 τῶν
1656 4452 1923 4537 Ψαλμῶν,

272 4537 515 4617 ἐχούσης
538 4538 703 4601 αὐτῆς
735 4514 893 4602 ἰδίους
926 4536 1198 4613 ψαλμοὺς,
1232 4514 1323 4594 xui
1365 4538 1418 4596 ἐν
1442 4553 1558 4606 τοῖς
1592 4514 1810 4608 λοιποῖς
1868 4514 1923 4603 δέ
1945 4514 1991 4566 D

268 4628 397 4705 περί
422 4624 524 4693 τῆς
553 4624 611 4680 ἐν
660 4624 869 4699 σώματι
918 4629 1203 4706 παρουσίας
1254 4636 1347 4687 τοῦ
1398 4630 1585 4708 Κυρίου
1627 4633 1781 4709 ἡμῶν
1836 4638 1924 4693 καί

272 4715 527 4793 Σωτῆρος
562 4713 745 4781 ἰησοῦ
768 4720 995 4792 Χριστοῦ
1035 4717 1358 4797 πυκνοτέρας
1416 4720 1509 4783 τὰς
1572 4726 1929 4818 προφητείας,

267 4807 409 4864 καθᾶ
438 4817 726 4883 προεῖπον.
778 4805 877 4859 Διὰ
906 4807 955 4861 τί
984 4804 1037 4861 δὲ
1065 4807 1203 4883 μετὰ
1236 4806 1432 4882 μέλους
1458 4811 1547 4866 καί
1791 4804 1925 4890 ψάλξ

267 4896 465 4954 λονται
499 4896 544 4951 οἱ
573 4900 803 4951 τοιοῦτοι
847 4892 1022 4973 λόγοι,
1056 4894 1350 4975 ἀναγκαῖον
1380 4895 1517 4974 μηδέ
1587 4904 1739 4957 τοῦτο
1787 4927 1920 4985 παρ-

267 4986 474 5045 ελθεῖν.
524 4983 673 5048 Τινές
704 4983 800 5058 μέν
834 4985 930 5061 γὰρ
959 4990 1064 5041 τῶν
1095 4986 1218 5065 φαρ’
1260 4988 1395 5059 ἡμῖν
1467 4988 1749 5069 ἀκεραίων,
1795 4983 1919 5051 καί-

262 5098 359 5134 τοι
407 5072 766 5131 πιστευόντων
794 5076 938 5130 εἶναι
995 5075 1315 5134 θεόπνευστα
1361 5078 1426 5134 τὰ
1482 5078 1717 5156 ῥήματα,
1773 5081 1918 5158 ὅμως

270 5168 547 5242 νομζουσι
588 5161 670 5218 διὰ
721 5164 780 5219 τὸ
838 5165 1070 5243 εὔφωνον
1124 5167 1211 5221 καὶ
1277 5164 1514 5244 τέρψεως
1572 5167 1748 5227 ἕνεκεν
1821 5179 1916 5241 τῆς

277 5254 440 5322 ἀκοῆς
471 5250 824 5329 μελῳδετσθαι
853 5254 976 5317 τυὺς
1002 5251 1270 5330 ψαλμούςο
1307 5257 1413 5313 Οὒκ
1442 5255 1554 5314 ἔστι
1617 5257 1671 5315 δέ
1721 5260 1910 5327 οὕτως*

283 5342 342 5397 οὗ
368 5345 465 5421 γᾶρ
497 5337 674 5411 νὸὴδὺ
703 5342 791 5397 καί
831 5344 1050 5399 πιθανὸν
1110 5343 1367 5416 ἐζήτησεν
1414 5350 1449 5417 ἦ
1520 5348 1723 5429 Γραφή·
1780 5350 1917 5411 ἆ).λά

274 5431 371 5487 καί
409 5440 555 5488 τοῦτο
584 5428 845 5509 ὠφελείας
888 5433 1064 5488 ἕνεκεν
1092 5435 1190 5500 τῆς
1252 5435 1433 5514 ψυχῆς
1488 5428 1783 5496 τετύπωται
1832 5439 1916 5498 διά

263 5525 444 5578 πάντα
473 5523 599 5597 μέν,
634 5519 869 5612 μάλιστα
897 5519 952 5577 δέ
996 5519 1077 5579 δίά
1134 5520 1225 5581 δύο
1287 5527 1473 5581 τοῦτα·
1536 5531 1745 5605 πρῶτον
1792 5530 1913 5612 μέν,

258 5610 342 5669 δτι
376 5612 579 5692 ἔπρεπε
622 5612 723 5679 τήν
751 5610 892 5666 θείαν
923 5612 1137 5691 Γραφὴν
1160 5614 1239 5688 μὴ
1291 5615 1452 5689 μόνον
1522 5622 1590 5694 τῇ
1642 5610 1909 5699 συνεχείᾳ,

258 5699 399 5759 ἀλλά
428 5701 523 5760 καί
573 5704 643 5776 τῇ
698 5698 833 5755 κατά
900 5700 1111 5766 πλάτως
1160 5709 1312 5781 φωνῇ
1374 5705 1463 5761 τὸν
1514 5707 1646 5763 Θεὸν
1699 5698 1905 5784 ὑμνεῖν.

2033 1912 2198 1973 dicas
2218 1921 2546 1992 suppetunt
2568 1912 2627 1972 in
2674 1914 2750 1976 92
2775 1923 2833 1976 et
2860 1915 2960 1977 97.
2989 1916 3053 1979 Si
3074 1934 3207 1978 cum
3236 1920 3484 1998 pusillus
3514 1912 3679 1984 esses

2033 2004 2308 2081 praelatus
2341 2003 2421 2063 sis
2449 2002 2523 2063 ad
2549 2021 2715 2063 usum
2750 2004 3088 2085 quempiam
3137 2007 3382 2070 fratrum
3416 2019 3672 2089 tuorum,

2033 2110 2109 2152 ne
2138 2093 2423 2153 adversus
2450 2090 2586 2153 illos
2618 2095 2903 2155 extollare
2936 2111 2951 2155 :
2986 2094 3091 2155 sed
3121 2096 3368 2174 gloriam
3396 2098 3670 2179 Domino,

2034 2181 2136 2261 qui
2168 2190 2228 2242 te
2258 2181 2765 2272 elegit,tribuens
2793 2182 2980 2263 psalle
3006 2192 3063 2244 et
3092 2192 3154 2245 tu
3187 2188 3323 2268 151,
3374 2191 3478 2270 qui
3528 2209 3671 2272 pro-

2033 2271 2198 2349 prius
2227 2279 2317 2332 est
2347 2270 2607 2333 Davidis.
2631 2272 2749 2332 Sed
2772 2289 2986 2333 canere
3005 2275 3091 2335 vis
3111 2276 3372 2355 psalmos
3392 2270 3674 2343 resonan-

2026 2366 2115 2420 tes
2138 2359 2635 2441 laudemDei,seu
2653 2361 2943 2423 habentes
2953 2364 3186 2425 titulum
3199 2367 3676 2447 Alleluia,habes

2026 2449 2844 2539 104,105,106,111,112,
2882 2451 3671 2539 113,114,115,116,117,

2032 2538 2169 2611 iis,
2208 2539 2524 2615 134,135,
2559 2540 2870 2619 145,146,
2906 2543 3040 2622 147,
3075 2544 3213 2627 148,
3254 2547 3562 2625 149,150.

2109 2718 2212 2782 26.
2250 2715 2395 2779 Cum
2436 2717 2694 2809 volueris
2722 2736 2955 2809 eaquae
3003 2718 3369 2786 Salvatorem
3431 2728 3673 2809 proprie

2027 2817 2302 2887 spectant
2330 2807 2608 2889 psallere,
2636 2808 2697 2868 in
2728 2808 2979 2888 singulis
2999 2829 3154 2892 pene
3175 2815 3417 2893 psalmis
3435 2807 3562 2879 haec
3582 2818 3673 2878 in-

2029 2898 2268 2988 venies:
2298 2897 2602 2979 praacipue
2622 2906 2818 2959 autem
2845 2900 3032 2962 habes
3052 2904 3132 2964 44
3152 2913 3211 2964 et
3230 2906 3365 2983 109,
3390 2907 3494 2985 qui
3514 2925 3668 2988 prae-

2032 2986 2265 3069 cipuam
2290 2988 2503 3067 ejusex
2526 2989 2697 3049 Patre
2719 2991 3165 3067 generationem
3175 2997 3443 3076 ,ejusque
3460 2986 3533 3059 in
3535 3016 3667 3060 cor-

2032 3096 2176 3158 pore
2199 3077 2521 3139 adventum
2543 3078 2904 3156 signiﬁcant;
2954 3082 3019 3143 21
3054 3092 3113 3143 et
3136 3083 3237 3164 68,
3255 3088 3359 3165 qui
3377 3086 3452 3147 de
3471 3086 3669 3149 divina

2025 3184 2201 3228 cruce
2225 3168 2643 3249 praenuntiant,
2678 3177 2927 3249 quantas
2973 3188 3081 3250 pro
3112 3174 3281 3236 nobis
3321 3176 3668 3240 sustinuerit

2021 3257 2289 3335 insidias,
2315 3266 2373 3318 et
2396 3275 2572 3338 quam
2598 3265 2780 3319 multa
2800 3277 3015 3341 passus
3040 3262 3118 3322 sit
3144 3272 3238 3337 ;et
3255 3266 3584 3329 secundum
3609 3278 3668 3330 et

2025 3346 2162 3438 108,
2192 3347 2529 3409 indicantes
2542 3349 2570 3407 J
2580 3347 2888 3409 udaeorum
2902 3349 3154 3414 insidias
3173 3354 3667 3438 malitiamque,et

2021 3437 2189 3499 Iuda;
2217 3438 2513 3500 lscariotaa
2542 3438 2937 3518 proditionem
2972 3461 2988 3518 ;
3030 3451 3089 3502 et
3118 3444 3486 3523 vicesimum,
3519 3448 3660 3508 item

2023 3526 2102 3589 49
2134 3536 2191 3587 et
2222 3529 2323 3603 71,
2357 3526 2760 3607 signiﬁcantes
2787 3546 3035 3606 regnum
3090 3533 3219 3611 ejus
3250 3545 3308 3596 et
3354 3536 3664 3615 judicandi

2018 3625 2398 3700 potestatem,
2423 3635 2658 3679 necnon
2684 3618 3015 3680 secundum
3036 3623 3162 3699 ejus
3179 3623 3240 3685 in
3263 3642 3441 3688 carne
3454 3629 3528 3690 ad
3550 3647 3666 3696 nos,

2015 3708 2355 3784 adventum,
2407 3715 2467 3768 et
2494 3706 2862 3769 vocationem
2918 3712 3210 3787 gentium.
3269 3713 3341 3776 Et
3390 3716 3660 3781 decimus

2017 3798 2263 3879 quintus
2294 3796 2558 3858 declarat
2588 3797 2716 3874 ejus
2759 3815 2792 3856 a
2826 3804 3074 3861 mortuis
3096 3805 3605 3869 resurrectionem
3641 3828 3657 3869 :

2018 3888 2340 3951 vicesimus
2368 3890 2582 3948 tertius
2607 3894 2667 3946 et
2691 3885 3179 3967 quadragesimus
3207 3902 3409 3957 sextus
3432 3914 3664 3961 annun-

2013 3976 2162 4039 tiant
2193 3978 2324 4057 ejus
2348 3977 2424 4038 ad
2454 3975 2631 4039 caelos
2663 3993 3005 4067 ascensum.
3041 3981 3190 4043 Cum
3212 3994 3412 4047 autem
3442 3986 3659 4067 legeris

2010 4068 2464 4148 nonagesimum
2493 4066 2846 4148 secundum,
2883 4076 2941 4128 et
2968 4069 3068 4147 95,
3104 4080 3163 4133 et
3183 4074 3284 4156 97,
3318 4085 3381 4138 et
3413 4066 3523 4155 98,
3546 4079 3655 4140 be-

2012 4159 2230 4221 neﬁcia
2257 4157 2578 4220 Salvatoris
2607 4175 2714 4238 per
2742 4159 3038 4222 cruciatus
3068 4163 3199 4242 ejus
3243 4164 3415 4228 nobis
3444 4168 3656 4233 collata

2009 4249 2228 4329 poteris
2255 4248 2668 4329 contemplari.

2094 4344 2193 4406 27.
2228 4344 2385 4407 Talis
2412 4352 2503 4405 est
2535 4342 2841 4405 character
2871 4342 3007 4406 libri
3034 4345 3406 4414 Psalmorum
3437 4351 3512 4414 ad
3542 4354 3645 4416 ho-

2013 4436 2242 4500 minum
2302 4433 2613 4495 utilitatem
2656 4433 3141 4497 accommodatus
3177 4457 3194 4517 ;
3229 4457 3377 4518 quos
3397 4442 3642 4520 quidem

2010 4527 2270 4611 psalmos
2298 4523 2448 4584 alios
2478 4521 2551 4585 ad
2579 4521 3059 4586 emendationem
3090 4535 3359 4589 motuum
3379 4534 3643 4612 singula-

2005 4637 2137 4684 rum
2153 4613 2481 4677 animarum
2496 4614 2865 4693 conscriptos
2878 4617 3297 4697 esse,retiquos
3312 4637 3451 4683 vero
3463 4624 3538 4685 de
3549 4624 3650 4685 ad-

2005 4716 2183 4778 ventu
2196 4705 2256 4766 in
2269 4721 2520 4784 corpore
2533 4702 2770 4793 Domini
2783 4703 3119 4767 nostrilesu
3134 4706 3352 4770 Christi
3367 4710 3645 4793 frequen-

2012 4804 2197 4868 tiores
2226 4794 2450 4858 habere
2472 4792 2839 4874 prophetias,
2873 4795 3145 4873 superius
3174 4796 3452 4865 diximus.
3488 4803 3645 4875 Quid

2012 4909 2209 4958 causae
2240 4893 2440 4949 autem
2471 4883 2572 4959 sit,
2599 4882 2760 4960 quod
2793 4882 3088 4962 ejusmodi
3146 4904 3457 4952 sermones
3507 4911 3641 4958 cum

2006 4978 2411 5049 modulatione
2434 4984 2493 5037 et
2522 4981 2696 5036 cantu
2719 4972 3071 5053 psallantur,
3096 4994 3470 5061 nequaquam
3492 4999 3639 5063 pm.

2005 5069 2456 5139 termitteudum
2490 5074 2601 5128 est.
2634 5063 2897 5153 Quidam
2917 5064 3078 5127 enim
3105 5065 3263 5129 inter
3289 5088 3395 5132 nos
3415 5071 3639 5153 simpli-

1999 5165 2213 5239 ciores,
2248 5156 2480 5223 tametsi
2499 5155 2755 5218 credunt
2784 5152 2961 5243 verba
2981 5171 3114 5218 esse
3143 5155 3423 5221 divinitus
3443 5152 3640 5243 inspi-

1997 5261 2148 5329 rata,
2193 5250 2559 5315 arbitrantur
2589 5254 2788 5307 tamen
2821 5242 2895 5305 ob
2942 5244 3072 5306 soni
3128 5247 3469 5312 suavitatem
3528 5266 3638 5314 vo-

1998 5342 2409 5424 luptatemque
2426 5336 2661 5401 aurium
2696 5332 2952 5415 psalmos
2972 5333 3127 5398 cani.
3160 5338 3239 5398 At
3257 5356 3634 5421 nequaquam

1999 5435 2082 5497 ita
2104 5452 2169 5495 se
2194 5451 2293 5495 res
2316 5429 2516 5506 habet;
2559 5445 2676 5487 non
2708 5428 2867 5486 enim
2898 5440 3099 5501 suave,
3132 5436 3232 5488 aut
3287 5428 3633 5495 demulcens

1999 5522 2273 5606 quaesivit
2292 5517 2594 5600 Scriptura
2617 5534 2631 5576 :
2657 5514 2762 5576 sed
2783 5512 2845 5574 id
2866 5531 3099 5606 quoque
3114 5515 3195 5606 ad
3214 5517 3431 5580 animae
3459 5522 3629 5583 utili-

1998 5602 2182 5675 tatem
2198 5610 2583 5675 constitutum
2600 5614 2811 5682 est,om
2825 5602 3631 5679 nibus,sedduahusmaxime

1995 5704 2073 5768 de
2097 5701 2321 5778 causis;
2349 5698 2567 5784 primo,
2591 5695 2728 5778 quia
2756 5692 2957 5756 decuit
2977 5692 3237 5761 divinam
3258 5694 3624 5779 Scripturam
