4030 6216
456 282 531 346 39

1241 283 1298 344 S.
1347 283 1773 346 ATHANASII
1817 279 1975 343 OPP.
2027 279 2238 343 PARS.
2287 278 2394 340 III.

2577 273 3033 338 EXEGETICA.
3752 270 3839 334 40

446 435 567 477 non
631 433 1000 494 compresse.
1055 414 1158 473 sed
1218 413 1279 474 in
1335 413 1647 474 latitudine
1697 412 1858 474 vocis
1910 412 2092 475 Deum

2188 415 2333 471 Κατά
2362 415 2644 494 συνέχειαν
2667 412 2764 488 μέν
2794 411 2886 468 οὖν
2917 411 3155 489 εἴρηται.
3183 412 3283 471 οἶά
3311 411 3423 468 ἔστι
3457 412 3523 466 τά
3577 419 3669 468 τοῦ
3732 410 3836 466 νό-

445 503 680 584 hymnis
711 502 1044 565 celebrare.
1080 500 1349 567 Contnua
1379 502 1558 580 igitur
1588 501 1859 563 oratione
1891 501 2096 563 dicun-

442 601 538 654 tur
568 594 716 673 legis
746 601 805 655 et
839 591 1264 671 prophetarum
1299 593 1504 673 verba,
1559 611 1791 654 necnon
1837 591 2098 654 historiae

441 700 673 756 omnes,
698 700 833 743 cum
861 683 1022 744 Novo
1053 679 1436 742 Testamento
1465 700 1481 756 ;
1509 680 1693 742 fusius
1725 689 1920 741 autem
1945 680 2096 742 effe-

439 781 655 833 runtur
687 771 1075 851 psalmorum,
1112 769 1358 830 odarum
1396 779 1453 831 et
1477 770 1844 831 canticorum
1879 769 2093 845 verba;

438 870 614 942 atque
635 860 715 920 ita
736 867 1010 920 servatur
1028 857 1198 939 illud,
1228 865 1290 918 ut
1316 859 1593 920 homines
1622 858 1761 920 totis
1794 859 2016 920 viribus
2039 866 2099 920 et

442 959 564 1012 tota
575 947 979 1011 virtuteDeum
997 947 1262 1026 diligant.
1283 945 2091 1028 Secundo,quemadmodum

441 1040 770 1107 harmonia,
785 1037 957 1098 tibias
974 1045 1109 1116 apte
1129 1055 1516 1116 componens,
1531 1056 1716 1098 unum
1735 1045 2092 1098 concentum

440 1127 732 1202 efﬁcit,ita
753 1145 887 1188 cum
917 1126 977 1186 in
1001 1132 1198 1187 anima
1223 1126 1363 1187 varii
1385 1126 1502 1188 sint
1527 1126 1993 1207 motusinsitque
2006 1125 2094 1188 vis

444 1217 770 1298 cogitandi,
805 1215 1298 1296 concupiscendi,
1338 1216 1664 1290 irascendi,
1712 1235 1784 1278 ex
1841 1234 2092 1293 quarum

443 1305 707 1367 motione
739 1303 1145 1364 membrorum
1182 1305 1452 1382 corporis
1489 1305 1752 1386 operatio
1804 1306 2089 1377 exoritur,

439 1395 589 1455 ratio
617 1393 878 1475 postulat
908 1392 1206 1455 hominem
1231 1411 1436 1454 secum
1470 1412 1589 1454 non
1611 1393 1952 1467 dissentire,
1982 1411 2093 1454 nec

437 1500 472 1544 ο
496 1481 818 1560 semetipso
849 1479 1144 1541 dissidere
1181 1497 1194 1542 :
1226 1481 1304 1541 ita
1336 1489 1400 1540 ut
1429 1481 1655 1562 optima
1687 1481 1926 1561 quidem
1983 1500 2091 1542 co-

438 1570 609 1651 gitet,
631 1568 889 1651 pessima
911 1586 1048 1629 vero
1076 1568 1273 1649 faciat,
1298 1577 1361 1630 ut
1381 1569 1632 1645 Pilatus,
1665 1570 1768 1650 qui
1790 1569 1938 1630 dixit
1957 1569 2096 1647 qui-

2179 526 2281 577 μου
2313 506 2399 561 κσί
2461 510 2564 559 τῶν
2614 504 2903 582 προφητῶν
2959 503 3048 558 καί
3115 501 3182 559 τά
3239 499 3585 580 ἱστορούμενα
3631 497 3834 578 πάντα,

2179 594 2316 667 μετά
2341 598 2438 660 τῆς
2497 597 2696 658 Καινῆς
2747 592 3047 660 Αιαθήκης·
3111 591 3250 648 κατά
3305 589 3507 653 πλάτος
3556 586 3610 643 δέ
3665 585 3834 665 λέγε·-

2177 703 2263 737 ται
2295 682 2389 738 οἶά
2419 682 2528 738 ἐστί
2557 681 2622 737 τά
2665 687 2770 736 τῶν
2800 677 3030 755 ψαλμῶν
3093 683 3182 736 καί
3237 677 3387 754 ᾠδῶν
3433 677 3521 734 κᾶί
3579 677 3840 752 ᾀσμάτων

2179 769 2414 846 ῥήματα·
2444 770 2532 827 καί
2564 768 2731 832 οὕτως
2758 769 2856 845 γάρ
2887 771 3184 838 σωθήσεται
3227 770 3289 824 τὸ
3347 766 3400 831 ἐξ
3459 765 3589 832 ὅλης
3640 765 3841 844 ἰσχύος

2178 859 2268 914 καί
2339 857 2611 934 δυνάμεως
2670 859 2882 934 ἀγαπᾷν
2945 859 3032 913 τὸν
3113 858 3244 914 Θεὸν
3292 857 3413 917 τοὺς
3504 853 3839 932 ἀνθρώπους,

2183 949 2433 1027 Δεύτερον
2457 947 2535 1028 δέ,
2582 947 2686 1026 ὅτι,
2721 947 2901 1026 ὥσπερ
2953 947 3175 1026 ἁρμονία
3230 947 3351 1010 τοὺς
3404 943 3590 1008 αὐλούς
3650 965 3840 1000 συντι-

2179 1041 2331 1093 θεῖσα
2368 1038 2492 1112 μίαν
2545 1037 2644 1102 την
2693 1036 2999 1113 συμφωνίαν
3054 1034 3335 1106 ἀποτελεῖ,
3398 1033 3587 1111 οὕτως,
3649 1029 3841 1100 ἐπειδὴ

2178 1126 2266 1183 καί
2295 1127 2349 1182 ἐν
2383 1149 2446 1204 τῃ
2475 1132 2631 1205 ψυχῇ
2661 1123 2882 1204 διάφορα
2909 1126 3179 1194 κινήματα
3239 1125 3477 1205 φαίνεται
3535 1123 3624 1178 καί
3687 1121 3839 1176 ἔστιν

2174 1215 2229 1271 ἐν
2255 1217 2388 1292 αὐτῇ
2411 1218 2472 1273 τὸ
2503 1214 2828 1292 λογίζεσθαι,
2880 1219 2968 1269 καί
3026 1214 3086 1270 τό
3139 1212 3442 1292 ἐπιθυμεῖν,
3494 1212 3583 1268 καί
3636 1212 3698 1267 τὸ
3743 1214 3839 1267 θυ-

2175 1301 2408 1380 μοειδές,
2443 1305 2504 1360 ἐκ
2529 1301 2584 1359 δέ
2605 1309 2704 1370 τῆς
2747 1303 2944 1360 τούτων
2971 1305 3233 1373 κινήσεως
3279 1303 3368 1358 καί
3393 1304 3427 1370 ἡ
3484 1307 3590 1356 τῶν
3649 1299 3837 1375 μελῶν

2175 1404 2491 1474 γινεταιτοῦ
2523 1396 2772 1470 σώματος
2825 1395 3082 1474 ἐνέργεια,
3145 1395 3398 1471 βούλεται
3453 1396 3479 1448 ὁ
3529 1391 3689 1470 λόγος
3749 1393 3835 1465 μὴ

2175 1489 2491 1568 ἀσύμφωνον
2514 1489 2653 1544 εἴναι
2683 1489 2773 1544 τὸν
2845 1487 3124 1564 ἅνθρωπαν
3183 1487 3376 1565 ὲαυτῶ,
3426 1483 3564 1556 μηδέ
3616 1482 3832 1541 διίστα-

2181 1533 2488 1568 —'vr'7w'v'
2514 1533 2653 1544 vi'u‘
2693 1533 2770 1544 *ν’
2846 1533 3119 1564 -”Τν’””“’
3184 1533 3376 1565 ”’”⁷“ν”
3426 1533 3564 1556 t"'l"
3620 1533 3712 1540 “’““
3733 1533 3790 1541 ’ν

2181 1580 2296 1633 σθαι
2329 1579 2462 1655 πρὸς
2495 1577 2701 1634 ὲαδτόν·
2756 1577 2896 1633 ὥστε
2954 1575 3254 1654 λογίζεσθαι
3304 1574 3401 1650 μέν
3427 1575 3491 1630 τὰ
3549 1571 3828 1650 βέλτιστα,

442 1660 579 1720 dem
616 1680 630 1717 :
668 1657 925 1746 Nullam
953 1674 1201 1719 causam
1233 1660 1448 1720 mortis
1475 1661 1723 1720 invenio
1756 1663 1821 1720 in
1851 1658 1958 1721 illo
1991 1658 2046 1700 αθ
2078 1679 2092 1734 ;

2183 1667 2431 1744 πράττειν
2465 1665 2518 1722 δὲ
2550 1674 2628 1741 τῷ
2660 1671 2811 1740 θυμῷ
2844 1667 2909 1721 τὰ
2938 1664 3133 1746 φαῦλα,
3168 1667 3243 1729 ὡς
3303 1667 3330 1720 ὁ
3363 1662 3592 1725 Πιλᾶτος
3651 1661 3834 1740 λέγων

437 1757 697 1810 attamen
729 1765 861 1807 cum
895 1744 1239 1807 Iudaeorum
1272 1749 1573 1809 sententia
1602 1749 1882 1810 convenit
1914 1767 1930 1808 :
1991 1756 2092 1809 aut

2183 1739 2298 1830 μέν·
2363 1739 2622 1822 Οὐδεμίαν
2677 1739 2845 1811 αἰτίαν
2899 1739 3130 1834 εὑρίσκω
3196 1755 3270 1817 εἰς
3337 1755 3516 1810 αὐτόν·
3606 1739 3830 1816 συντρέ-

442 1856 619 1918 prava
646 1836 1049 1915 concupiscat,
1085 1853 1199 1894 non
1235 1836 1420 1914 possit
1468 1846 1664 1899 autem
1725 1844 2090 1918 perpetrare,

2183 1865 2295 1921 χων
2329 1842 2384 1898 δὲ
2435 1851 2504 1921 τῇ
2567 1844 2758 1922 γνώμῃ
2815 1850 2918 1900 τῶν
2979 1840 3267 1900 Ἰουδαίων’
3327 1842 3362 1908 ἢ
3419 1839 3695 1913 ὲπιθιμετν
3728 1840 3830 1914 μὲν

439 1940 508 1988 ιιι.
538 1945 715 1989 senes
739 1924 799 1985 in
832 1924 1168 1987 Susannam
1205 1945 1218 1987 :
1254 1935 1355 1986 aut
1389 1944 1624 1988 rursum
1649 1925 2093 1989 afornicatione

443 2018 739 2079 abstineat
770 2014 1035 2095 quidem,
1073 2014 1179 2075 sed
1201 2014 1430 2076 furetur
1465 2037 1480 2092 ;
1526 2027 1628 2078 aut
1686 2036 1803 2077 non
1862 2015 2096 2077 furetur

445 2106 710 2188 quidem,
743 2105 848 2165 sed
883 2103 1115 2164 occidat
1149 2123 1165 2175 ;
1200 2112 1298 2164 aut
1329 2123 1448 2165 non
1480 2105 1736 2180 occidat,
1769 2105 1872 2166 sed
1928 2103 2090 2165 blas-

441 2197 703 2275 phemet.

521 2285 619 2344 28.
655 2282 739 2343 Ne
774 2284 969 2362 itaque
998 2282 1197 2363 aliqua
1227 2283 1574 2363 hujusmodi
1609 2282 1970 2363 perturbatio
2029 2280 2090 2342 in

445 2374 618 2435 nobis
650 2374 747 2454 sit,
782 2373 930 2432 ratio
966 2372 1241 2452 postulat,
1279 2383 1340 2432 ut
1403 2373 1627 2453 anima,
1675 2391 1832 2450 quae,
1890 2379 1958 2434 ut
2014 2371 2096 2432 ait

441 2461 765 2543 Apostolus
793 2460 870 2540 ⁸³,
903 2460 1121 2523 Christi
1149 2469 1416 2522 mentem
1451 2461 1652 2535 habet,
1687 2480 1756 2522 ea
1783 2462 1936 2523 duce
1970 2468 2094 2522 uta-

445 2562 562 2632 tur,
586 2561 762 2631 atque
796 2568 904 2628 per
934 2550 1096 2610 illam
1141 2550 1321 2611 animi
1377 2551 1626 2611 aﬂ‘ectus
1677 2550 1970 2626 cohibeat,
2036 2559 2094 2611 et

442 2642 713 2721 corporis
735 2637 1021 2698 membris
1045 2640 1320 2719 imperet,
1357 2659 1472 2720 quo
1502 2639 1716 2700 rationi
1752 2639 2094 2720 obsequan-

444 2740 566 2803 tur;
600 2737 664 2790 ut
694 2729 850 2790 sicut
880 2729 938 2787 in
974 2728 1284 2789 harmonia
1309 2729 1636 2808 plectrum,
1657 2729 1737 2790 ita
1764 2730 1892 2808 ipse
1917 2732 2094 2791 homo

445 2820 614 2903 quasi
635 2817 981 2899 psalterium
1009 2817 1275 2893 eﬂ'ectus,
1301 2827 1358 2878 et
1379 2816 1617 2898 spiritui
1640 2819 1884 2880 omnino
1905 2820 2096 2880 inten-

449 2916 565 2984 tus,
599 2907 878 2968 omnibus
913 2906 1194 2966 membris
1255 2907 1634 2987 motibusque
1676 2908 1799 2968 suis
1857 2907 2096 2971 obediat

450 2997 848 3076 inserviatque
884 2995 989 3057 Dei
1018 2996 1329 3056 voluntati.
1356 2995 1703 3058 Istiusmodi
1730 3007 1926 3059 autem
1981 2999 2095 3059 im-

452 3085 778 3166 perturbati
804 3095 862 3147 et
886 3084 1077 3145 sedati
1107 3085 1292 3146 animi
1315 3085 1512 3165 imago
1538 3094 1830 3167 typusque
1852 3095 1943 3149 est
1964 3088 2098 3148 har-

450 3177 686 3237 monica
717 3175 815 3234 illa
873 3172 1250 3236 Psalmorum
1310 3174 1511 3240 lectio.
1575 3177 2097 3248 Quemadmodum

447 3264 606 3326 enim
640 3263 860 3338 verbis,
895 3281 1028 3343 quae
1062 3263 1442 3342 proferimus,
1478 3264 1664 3325 animi
1705 3267 2099 3344 cogitationes

2176 1935 2242 1988 τὰ
2283 1932 2480 2013 φαυλα,
2551 1933 2630 2008 μὴ
2688 1932 2932 1988 δύνασθαι
2991 1930 3047 1987 δὲ
3106 1931 3380 2010 πράττειν,
3438 1932 3512 1990 ὡς
3573 1931 3621 1984 οἱ
3692 1929 3836 1984 κατὰ

2178 2021 2483 2088 Σουσάννης
2516 2020 2883 2101 πρεσϐύτεροι·
2933 2021 2968 2087 ἢ
3031 2018 3191 2076 πάλιν
3246 2020 3323 2094 μὴ
3397 2018 3673 2098 μοιχεύειν
3730 2016 3833 2092 μέν

2177 2110 2432 2166 πλέπτειν
2464 2108 2542 2166 δὲ·
2575 2111 2610 2178 ἢ
2643 2111 2720 2185 μὴ
2765 2107 3012 2166 κλέπτειν
3061 2110 3184 2188 μὲν,
3217 2109 3461 2186 φονεύειν
3518 2107 3594 2162 δέ·
3657 2106 3693 2174 ἢ
3748 2107 3828 2180 μοὶ.

2175 2200 2413 2278 φονεύειν
2443 2199 2564 2275 μὲν,
2600 2198 2950 2279 βλασφημετν
2981 2196 3060 2260 δέ.

2255 2287 2376 2356 κη’.
2405 2288 2514 2345 ”1ν’
2545 2291 2634 2344 οὖν
2659 2289 2738 2363 μὴ
2770 2288 2990 2354 τοιαύτη
3027 2309 3107 2349 τις
3136 2286 3190 2342 ἐν
3217 2287 3354 2362 ἡμῖν
3377 2285 3593 2365 ταραχὴ
3659 2286 3818 2363 γίνηοο

2183 2400 2290 2451 ται,
2325 2377 2463 2434 θέλει
2495 2379 2592 2444 τὴν
2624 2378 2810 2456 ψυχὴν
2841 2377 2868 2432 ό
2902 2375 3062 2454 λόγος
3113 2374 3346 2455 ἔχουσαν
3400 2373 3626 2453 Χριστοῦ
3677 2379 3819 2445 νοῦθ,

2178 2469 2250 2528 ὡς
2297 2467 2454 2523 εἶπεν
2482 2469 2510 2521 ὑ
2543 2465 2893 2537 Ἀπόστολος,
2929 2467 3100 2522 τούτω
3129 2465 3460 2543 καθηγεμόνι
3520 2465 3823 2543 χρήσασθαι

2178 2557 2264 2611 καὶ
2293 2555 2539 2629 ἐντούτῳ
2597 2562 2700 2611 τῶν
2761 2555 2860 2631 μέν
2919 2554 2973 2610 ἐν
3034 2555 3166 2629 αύτῇ
3220 2557 3527 2620 παθητικῶν
3581 2564 3824 2629 κρατεῖν,

2178 2649 2283 2699 τῶν
2313 2641 2368 2700 δέ
2398 2647 2489 2701 τοῦ
2519 2646 2766 2719 σὼματος
2827 2642 3005 2718 μελῶν
3066 2642 3279 2722 ἄρχειν,
3330 2643 3402 2704 εἰς
3433 2643 3504 2697 τὸν
3540 2641 3827 2696 ὑπακούειν

2179 2739 2257 2788 τῶ
2286 2731 2456 2812 λόγῳ·
2488 2736 2602 2813 ἳνα,
2635 2736 2707 2797 ὡς
2729 2735 2787 2788 ’ev
2815 2733 3040 2811 ἁρμονίᾳ
3059 2733 3122 2787 τὸ
3172 2729 3468 2806 πλῆκτρον,
3503 2729 3667 2788 οὕτως
3720 2727 3826 2782 αύ-

2179 2825 2270 2887 τὸς
2303 2821 2331 2878 ὅ
2363 2821 2634 2901 ἅνθρωπος
2682 2821 2981 2898 ψαλτήριον
3038 2819 3347 2899 γενόμενος,
3397 2819 3486 2875 καὶ
3536 2821 3611 2874 τῶ
3655 2816 3826 2872 πνεύ-

2181 2934 2308 2987 ματι
2368 2911 2656 2990 προσέχων
2716 2910 3048 2988 ὁλοκλήρως,
3114 2911 3202 2965 καὶ
3269 2915 3397 2965 πᾶσι
3453 2919 3572 2970 τοῖς
3637 2905 3826 2982 μέλεσι

2178 3004 2267 3058 καὶ
2295 3005 2414 3062 τοῦς
2440 3003 2728 3076 κινήμασιν
2757 3001 3020 3077 ὑπακούῃ,
3075 3001 3160 3053 καὶ
3220 2995 3440 3072 δουλιύῃ
3489 3003 3566 3052 τὼ
3619 2993 3830 3070 βουλή-

2183 3113 2311 3166 ματι
2339 3100 2433 3149 τοῦ
2477 3096 2630 3152 Θεοῦ,
2671 3089 2778 3157 Τῆς
2809 3087 2864 3143 δε
2905 3088 3153 3154 τοιαύτης
3184 3093 3288 3142 τῶν
3349 3084 3625 3163 λογισμῶν
3686 3084 3825 3140 ἀτα-

2181 3181 2360 3259 ραξίας
2395 3182 2481 3236 καὶ
2553 3180 2817 3254 ἀκύμονος
2875 3178 3248 3240 καταστάσεως
3295 3176 3450 3231 εἰσὼν
3520 3175 3607 3230 καὶ
3662 3173 3826 3236 τύπος

2180 3270 2319 3325 ἐστὶν
2349 3272 2383 3338 ἡ
2455 3269 2562 3326 τῶν
2623 3266 2867 3342 Ψαλμῶν
2927 3265 3168 3342 ἐμμελὴς
3224 3266 3545 3345 ἀνάγνωσις,
3606 3261 3829 3341 ’Ὥσπερ

449 3354 760 3437 prodimus
781 3361 957 3434 atque
981 3353 1314 3414 indicamus
1341 3376 1352 3412 :
1381 3353 1466 3416 sic
1483 3373 1618 3415 cum
1640 3355 2010 3434 spiritualem
2034 3356 2092 3417 in

2183 3359 2283 3437 γὰρ
2315 3358 2380 3414 τά
2411 3364 2509 3425 τῆς
2543 3362 2727 3436 ψυχῆς
2776 3358 3024 3431 νοήματα
3066 3355 3386 3434 γνοοιρίζομεν
3427 3356 3515 3410 καὶ
3567 3356 3826 3428 σημαίνο-

447 3446 658 3506 anima-
679 3443 1075 3515 harmoniam,
1113 3443 1426 3504 verborum
1460 3444 1887 3526 modulatione,
1923 3446 2092 3526 quasi

449 3533 718 3614 symbolo
749 3533 1070 3611 signiﬁcari
1099 3533 1240 3595 velit
1272 3531 1576 3595 Dominus.
1608 3534 1790 3614 jussit
1841 3545 1904 3595 ut
1955 3553 2090 3597 curn

452 3623 860 3686 modulatione
890 3623 1267 3698 psalleretur,
1299 3631 1477 3703 atque
1507 3624 1722 3703 psalmi
1753 3643 1884 3686 cum
1917 3633 2094 3686 cantu

452 3713 868 3775 recitarentur.
907 3710 975 3772 Et
1006 3711 1153 3773 illud
1188 3726 1280 3773 est
1305 3715 1520 3774 animae
1581 3713 1973 3790 desiderium,
2034 3721 2096 3775 ut

451 3811 615 3864 recte
643 3803 853 3863 affecta
882 3811 940 3862 et
971 3802 1300 3882 composita
1330 3804 1427 3877 sit,
1461 3814 1524 3864 ut
1547 3803 1830 3865 scrietum
1876 3813 1967 3865 est
1992 3802 2048 3846 3‘
2077 3821 2096 3866 :

451 3891 725 3954 Lwtatur
742 3897 876 3970 quis
917 3893 983 3952 in
1006 3892 1171 3952 vobis
1192 3891 1217 3952 ἲ
1242 3892 1489 3972 psallat.
1513 3891 1638 3954 Hoc
1679 3894 1855 3955 modo
1877 3893 1928 3954 si
1957 3893 2098 3974 quid

451 3984 514 4044 in
546 4000 617 4042 ea
641 3981 1070 4054 turbulentum,
1101 3999 1381 4062 asperum
1415 3991 1473 4042 et
1502 3982 1961 4060 incompositum
1982 3996 2096 4063 est,

454 4071 783 4153 psalmodia
816 4071 1123 4148 mitigatur
1158 4089 1172 4132 :
1211 4071 1445 4132 tristitia
1474 4088 1610 4132 vero
1660 4071 1884 4132 levatur
1939 4073 2099 4152 psal-

453 4161 718 4222 lentibus
730 4160 1348 4234 nobiszQuaretristis
1359 4162 1659 4236 es,am‘ma
1671 4178 1804 4221 mea
1816 4231 1824 4239 ,
1837 4171 1891 4222 et
1908 4179 2103 4241 quare

453 4249 792 4312 conturbas
805 4267 899 4310 me
926 4247 1016 4308 S35?
1040 4251 1319 4311 Errorem
1345 4265 1488 4309 vero
1509 4267 1682 4309 suum
1705 4258 1986 4327 agnoscet
2005 4251 2100 4311 di-

457 4340 669 4401 cendo:
703 4342 822 4401 Μεὶ
843 4346 1046 4402 autem
1064 4356 1213 4418 pene
1235 4341 1389 4400 moti
1407 4345 1551 4401 sunt
1567 4339 1746 4416 pedes
1762 4338 1844 4399 36.
1880 4342 2102 4402 Metum

455 4434 656 4491 autem
684 4445 790 4508 spe
822 4427 1196 4490 conﬁrmabit
1219 4427 1426 4488 dicens
1461 4428 1780 4489 :Dominus
1809 4427 1960 4488 mihi
1987 4428 2103 4490 ad-
2129 4419 2169 4468 ο

443 4519 638 4596 jutor,
673 4527 731 4579 et
759 4535 881 4580 non
903 4517 1117 4615 timebo
1144 4516 1290 4596 quid
1316 4516 1506 4594 faciat
1527 4517 1681 4579 mihi
1701 4515 1876 4580 homo
1905 4515 1980 4577 3".

539 4785 640 4869 29,
666 4785 778 4860 Qui
807 4784 990 4864 igitur
1016 4784 1132 4847 hoc
1165 4783 1340 4847 modo
1382 4784 1584 4848 divina
1612 4787 1841 4849 cantica
1871 4806 1989 4849 non
2021 4786 2106 4849 le-

456 4887 623 4958 gunt,
661 4896 780 4939 non
813 4875 1139 4958 prudenter
1165 4876 1443 4956 psallunt,
1481 4877 1586 4938 sed
1621 4894 1758 4939 sese
1781 4876 2102 4964 oblectant,

2176 3469 2274 3524 μεν
2326 3446 2394 3502 δι’
2429 3450 2504 3503 ὦν
2562 3445 2895 3526 προφέρομεν
2952 3446 3151 3524 λόγων,
3199 3443 3393 3519 οὕτως,
3439 3449 3538 3511 τῆς
3583 3458 3825 3516 πνευμα-

2176 3542 2330 3604 τικῆς
2362 3536 2414 3592 έν
2446 3541 2600 3616 ψυχῇ
2627 3536 2884 3613 ἁρμονίας
2914 3535 3014 3602 τὴν
3047 3535 3107 3590 ἐκ
3158 3535 3262 3590 τῶν
3321 3532 3497 3612 λόγων
3555 3530 3828 3608 μελῳδίαν

2179 3624 2444 3701 σύμϐολον
2479 3627 2622 3682 εἶναι
2653 3625 2817 3682 θέλων
2852 3627 2880 3681 ὃ
2935 3626 3145 3703 Κύριος,
3219 3625 3522 3679 τετύπωκεν
3579 3619 3828 3696 ἐμμελῶς

2183 3718 2276 3780 τὰς
2320 3715 2456 3790 ᾠδὰς
2506 3714 2824 3791 ψάλλεσθαι,
2868 3717 2957 3771 καὶ
3012 3716 3134 3777 τοὺς
3192 3711 3438 3789 ψαλμοὺς
3490 3711 3611 3787 μετ’
3682 3709 3827 3776 ὠδῆς

2181 3805 2656 3884 ἀναγινώσκεσθαι.
2751 3805 2849 3862 Καὶ
2907 3802 3048 3860 τοῦτ’
3109 3803 3251 3859 ἔστιν
3304 3805 3340 3870 ἠ
3399 3801 3643 3876 ἐπιθυμία
3704 3797 3834 3879 (10)

2181 3899 2280 3961 τῆς
2312 3899 2521 3973 ψυχῆς,
2570 3895 2631 3950 τὸ
2658 3891 2836 3956 καλῶς
2867 3896 3033 3957 αὐτὴν
3077 3889 3398 3970 διακεῖσθαι,
3471 3893 3544 3954 ὣς
3628 3889 3830 3968 γέγρα-

2181 4006 2332 4042 πται.
2401 3987 2630 4058 Εὐθυμετ
2698 4006 2779 4047 τις
2833 3983 2888 4038 ἐν
2944 3985 3073 4056 ὑμῖν
3123 4001 3138 4057 ;
3199 3981 3470 4056 ψαλλέτω,
3540 3977 3717 4041 Οὕτως
3766 3979 3830 4034 τὸ

2185 4074 2283 4148 μὶν
2309 4075 2368 4128 ἓν
2401 4074 2534 4148 αὑτῇ
2560 4070 2874 4152 ταραχῶδες
2931 4073 3020 4128 καὶ
3074 4072 3249 4151 τραχὺ
3305 4072 3394 4127 καὶ
3451 4068 3678 4126 ἄτακτον
3741 4065 3831 4132 ἑξ·-

2186 4161 2517 4237 ομαλίζεται.
2579 4164 2640 4218 τὸ
2697 4162 2752 4216 δὲ
2808 4161 3006 4217 λυποῦι
3075 4160 3438 4238 θεραπεύεται,
3513 4155 3829 4233 ψαλλόντων

2186 4252 2361 4326 ἡμῶν
2399 4248 2527 4307 "iv:
2551 4251 2602 4306 τί
2631 4249 2920 4330 περίλυπος
2951 4264 3028 4321 ετ,
3077 4252 3112 4318 ἡ
3162 4250 3319 4330 ψυχή
3405 4270 3531 4323 μου,
3593 4249 3682 4304 καὶ
3735 4247 3835 4302 ἵνα

2187 4342 2236 4395 τί
2265 4342 2642 4418 συνταράσσεις
2691 4359 2810 4421 ps;
2873 4342 2971 4398 Καὶ
3055 4342 3115 4396 τὸ
3173 4340 3270 4415 μὲν
3329 4336 3658 4418 ἐσφαλμένον
3707 4340 3834 4393 επι-

2187 4430 2452 4508 γνώσεται
2502 4429 2753 4509 λέγουσα·
2816 4429 2982 4505 Ἐμοῦ
3040 4428 3092 4485 δὲ
3150 4429 3293 4506 παρά
3375 4429 3564 4506 μικρὸν
3609 4425 3836 4482 ἐσαλεύ-

2187 4523 2355 4585 θησαν
2385 4521 2432 4574 οἱ
2477 4518 2660 4583 πόδες⁶
2692 4521 2754 4575 τὸ
2799 4517 2854 4574 δὲ
2916 4515 3146 4599 φοϐηθὲν
3197 4515 3477 4596 ἒπιρῥωσει
3529 4517 3599 4584 τῆ
3666 4513 3839 4571 ἑλπίδι

2189 4608 2245 4664 ἐν
2273 4609 2349 4684 τῷ
2377 4607 2577 4687 λέγειν,
2617 4609 2804 4688 Κύριυς
2860 4607 2981 4682 ἐμοὶ
3037 4608 3255 4687 βοηθὸς,
3292 4608 3399 4662 ’καὶ
3482 4605 3541 4662 οὔ
3593 4601 3839 4683 φοϐηθή-

2189 4719 2355 4773 ιιομαι
2388 4699 2436 4754 τί
2466 4699 2679 4768 ποιήσει
2711 4720 2801 4773 μοι
2833 4694 3126 4773 ἅνθρωπος.

2221 4775 2227 4782 ’
2273 4786 2355 4844 κθ¹
2370 4835 2384 4850 .
2422 4790 2482 4845 Ol
2525 4788 2624 4863 μὲν
2654 4787 2742 4844 οὖν
2786 4788 2864 4861 μὴ
2906 4795 3090 4844 τοῦτον
3147 4788 3242 4841 τὸν
3295 4787 3492 4863 τρόπον
3564 4782 3840 4862 ἀναγινώ-

2192 4886 2407 4941 σκοντες
2439 4879 2534 4943 τὰς
2561 4877 2702 4940 θείας
2735 4875 2874 4940 osa;
2932 4878 2994 4934 οὗ
3044 4881 3276 4940 συνετῶς
3332 4873 3656 4950 ψάλλουσιν,
3717 4869 3841 4929 ἀλλ’

459 4967 744 5048 culpandi
776 4984 957 5040 sane,
995 4964 1134 5042 quia
1162 4967 1302 5028 Non
1331 4973 1419 5027 est
1444 4967 1718 5046 speciosa
1749 4966 1882 5029 laus
1909 4971 1976 5030 in
2005 4961 2092 5031 ori

2193 4967 2408 5030 ἑαυτοὺς
2438 4968 2536 5042 μὲν
2567 4967 2870 5046 τέρπουσιν,
2904 4965 3093 5046 ἔχουσι
3155 4963 3211 5021 δί
3271 4963 3503 5046 μέμψιν,
3580 4963 3662 5020 ὅτι
3721 4961 3840 5040 Οὐχ

449 5058 794 5137 peccatoris
819 5053 898 5118 ³⁸.
929 5053 1036 5126 Qui
1067 5063 1261 5116 autem
1295 5054 1578 5137 praedicto
1613 5055 1788 5118 modo
1821 5055 2092 5136 psallunt,

2191 5059 2394 5137 ὡραῖος
2449 5061 2600 5120 αἶνος
2652 5057 2708 5113 ἰν
2782 5060 3009 5132 στόματι
3077 5052 3417 5133 ἀμαρτωλοῦ.
3478 5057 3525 5110 οἱ
3594 5050 3650 5108 δὲ
3704 5052 3839 5106 κατὰ

459 5145 541 5206 ita
570 5154 634 5208 ut
661 5145 981 5207 verborum
1013 5143 1338 5206 modulatio
1370 5161 1440 5205 ex
1475 5146 1686 5207 animai
1726 5145 1994 5207 numeris
2048 5161 2092 5210 el

2190 5149 2280 5204 τὸν
2312 5146 2699 5227 προειρημένον
2727 5147 2919 5225 τρὸπον
2965 5143 3285 5220 ψάλλοντες,
3315 5143 3454 5202 ὣστε
3512 5143 3612 5211 τὴν
3654 5138 3839 5216 μελῳ-

460 5245 538 5298 ex
567 5235 959 5298 consonantia
987 5252 1122 5297 cum
1155 5234 1368 5313 spiritu
1399 5233 1760 5314 proferatur,
1815 5235 1878 5296 hi
1910 5235 2092 5317 lingu:

2191 5237 2304 5294 δίαν
2331 5242 2438 5292 τῶν
2467 5235 2722 5315 ῥημάτων
2765 5235 2826 5292 ἐκ
2867 5241 2960 5292 τοῦ
2989 5235 3182 5312 ῥυθμοῦ
3209 5237 3307 5302 τῆς
3345 5235 3536 5313 ψυχῆς
3601 5232 3689 5288 καὶ
3738 5228 3840 5296 τῆς

458 5326 703 5408 quidem
739 5325 1020 5408 psallunt,
1060 5323 1384 5405 psallentes
1414 5333 1610 5387 autem
1643 5333 1701 5386 et
1729 5333 1952 5400 mente,
1987 5345 2092 5390 nol

2191 5327 2324 5406 πρὸς
2355 5329 2416 5382 τὸ
2466 5335 2670 5400 πνεῦμα
2699 5325 3005 5405 συμφωνίας
3055 5321 3464 5402 προσφέρεσθαι,
3521 5323 3570 5379 οἱ
3619 5323 3848 5378 τοιοῦτοι

545 5460 599 5505 ²²
630 5465 802 5528 Joan.
832 5479 998 5538 xvm,
1047 5461 1150 5543 38.
1177 5459 1256 5543 f3
1285 5460 1472 5543 lCor.
1517 5479 1594 5543 Au,
1631 5463 1729 5526 16.
1786 5461 1844 5506 ³⁸
1868 5460 1998 5528 Jac.
2030 5485 2082 5543 ν,

2183 5464 2218 5528 ι.
2303 5459 2360 5505 ⁸⁸
2386 5460 2546 5526 Psal.
2580 5477 2694 5538 xu,
2733 5467 2793 5537 6,
2831 5461 3114 5537 1!;nu,
3139 5455 3200 5516 5.
3285 5453 3341 5499 ⁸⁸
3376 5455 3532 5520 Pal.
3557 5471 3750 5535 um,
3776 5450 3840 5517 2.

465 5542 520 5589 1⁷
551 5545 706 5606 Psal.
743 5561 926 5619 cxvn,
951 5544 1012 5607 6.
1097 5542 1151 5585 2⁸
1172 5541 1358 5605 Eccli.
1383 5559 1481 5618 xv,
1510 5539 1569 5606 9.

551 5682 680 5762 (10)
702 5683 953 5757 Wa,
984 5681 1288 5760 gaudium.
