4030 6216
488 415 554 475 51
1249 414 1308 475 S.
1362 412 1772 478 ATHANASll
1816 417 1978 479 OPP.
2029 417 2238 478 PARS.
2291 414 2394 478 lll.
2443 450 2516 460 —
2568 413 3017 478 EXEGETICA.
3707 418 3788 480 5?

483 542 3753 629 dorusAntiochenus,Nilus,AnastasiusNicaeus,etAnastasiusSinaitaAntiochenus.Asterius,0lympiodorus
3769 601 3786 632 ,

481 638 868 719 Epiphanius,
897 637 1164 700 Andreas
1186 636 1785 708 Cretensis,Andreas
1807 640 2210 720 stariensis,
2237 645 2479 708 Cosmas
2503 643 2995 726 lndicopleustes,
3023 643 3751 724 (Ecumenius,Marcus...
3771 693 3784 706 .

482 731 1180 813 Cassianus,Hyppolitus
1199 733 1527 808 Romanus,
1547 732 2446 814 Herodianus,Thaumaturgus,
2467 747 2680 818 praeter
2696 739 2843 800 alios
2861 746 3281 818 anonymos,ut
3302 737 3519 799 dicitur
3537 737 3756 801 ibidem
3773 790 3786 803 .

479 823 552 885 Et
573 825 864 886 editiones
881 824 1274 898 Psalmorum,
1298 843 1403 886 seu
1429 825 1867 901 translationes,
1893 825 2108 907 quibus
2130 826 2220 888 usi
2238 836 2377 888 sunt
2395 832 2456 888 in
2479 835 2709 900 catena,
2733 826 2956 889 ibidem
2983 826 3226 907 dicitur,
3247 826 3485 889 fuerunt
3509 826 3790 909 Symma—

481 920 603 992 chi,
631 919 881 995 Aquilte,
909 917 1360 988 Theodotionis,
1386 927 1444 980 et
1462 919 1847 999 Septuaginta
1869 917 2494 1000 lnterpretum.Codex
2518 919 2824 998 originalis
2847 920 2906 980 in
2931 937 3286 999 pergamena
3308 919 3788 1001 antiquissimus.

483 1021 542 1076 et
563 1012 796 1074 diversa
821 1019 959 1073 sunt
982 1011 1238 1091 plurima
1263 1011 1337 1073 ab
1370 1011 1490 1072 illis
1520 1030 1554 1074 a
1583 1012 1833 1073 Barbaro
1860 1013 2052 1073 editis.
2089 1013 2154 1074 In
2185 1012 2297 1075 hac
2326 1011 2678 1075 collectione
2714 1012 2923 1077 Graece
2957 1021 3206 1074 tantum.

569 1129 591 1160 α
630 1106 901 1167 Extracts
923 1122 996 1166 ex
1027 1106 1247 1169 Catena
1274 1105 1641 1168 Psalmorum
1677 1105 1736 1166 in
1773 1123 2131 1185 pergameno
2164 1105 2222 1166 in
2255 1105 2390 1179 cod,
2427 1121 2515 1179 ιιι,
2549 1105 2622 1170 Η.
2659 1107 2756 1186 14,
2788 1124 2858 1168 ea
2887 1125 3017 1186 quae
3049 1108 3348 1186 pertinent
3396 1105 3468 1166 ad
3518 1107 3790 1168 Athana-

483 1200 634 1262 sium
669 1204 873 1264 Graece
905 1209 1157 1262 tantum.
2535 1257 2540 1260 .

567 1316 591 1351 tt
627 1293 1008 1368 Periochaejet
1034 1293 1398 1373 hypotheses
1425 1293 1639 1356 breves
1671 1292 2072 1374 psalmorum,
2106 1294 2237 1374 quas
2265 1291 2668 1353 attribuuntur
2699 1288 2954 1352 Eusebio
2988 1290 3047 1350 in
3079 1287 3288 1350 codice
3344 1306 3475 1359 vm,
3549 1287 3616 1352 E.
3684 1295 3776 1365 t8,

481 1387 708 1459 Graece,
742 1397 1035 1465 excerpta
1055 1407 1123 1448 ex
1155 1395 1362 1448 catena
1392 1386 1625 1466 integra
1654 1389 1716 1449 in
1755 1385 2025 1449 Psalmos
2057 1394 2114 1448 et
2145 1383 2428 1446 attributa
2453 1383 2794 1459 Athanasio,
2832 1382 3066 1444 diversa
3091 1390 3286 1445 tamen
3320 1403 3353 1444 a
3397 1391 3607 1445 catena
3635 1381 3785 1444 Bar-

484 1479 616 1544 bari
649 1479 852 1543 Graece
881 1487 1129 1540 tantum.

572 1601 592 1631 ι
632 1576 987 1652 Fragmenta
1014 1569 1320 1632 Athanasii
1344 1588 1414 1632 ex
1442 1570 1618 1632 variis
1644 1572 1872 1633 cateuis
1901 1572 2149 1634 collecta
2185 1572 2248 1632 in
2278 1571 2572 1651 Epistolis
2603 1572 2732 1632 divi
2769 1570 2971 1645 Pauli,
3007 1579 3065 1632 et
3096 1588 3167 1632 ex
3200 1576 3408 1631 catena
3470 1573 3538 1631 in
3594 1569 3787 1632 libros

483 1671 736 1748 Regum,
770 1666 995 1730 Graece.
1023 1663 1278 1743 Suhjicit
1307 1672 1514 1725 auctor
1543 1663 1765 1726 Latinae
1796 1666 2107 1745 versionis,
2142 1683 2316 1745 quem
2361 1683 2544 1742 supra
2575 1664 2824 1726 indicavi
2851 1686 2863 1727 :

573 1787 595 1819 α
624 1761 706 1824 Ex
725 1759 1148 1822 commentario
1171 1777 1278 1819 seu
1295 1767 1504 1819 catena
1525 1757 1640 1820 Titi
1666 1760 2003 1821 Bostrensis
2023 1763 2085 1820 in
2115 1758 2367 1831 Lucam,
2398 1777 2466 1820 ex
2491 1759 2911 1838 Chrysostomo
2933 1767 2992 1818 et
3009 1757 3142 1819 aliis
3164 1758 3563 1838 collecta,ha>c
3586 1758 3781 1838 reperi

493 1879 521 1916 «ι
547 1875 614 1918 ex
639 1851 987 1923 Athanasio,
1014 1869 1144 1930 quas
1168 1858 1372 1930 postea
1387 1850 1608 1912 contuli
1631 1871 1764 1913 cum
1788 1851 1962 1912 editis
1982 1871 2015 1913 a
2039 1852 2308 1922 Peltano.
2363 1871 2495 1933 quze
2544 1851 2753 1914 eodem
2808 1851 2983 1913 modo
3007 1869 3072 1912 se
3122 1850 3361 1931 habent,
3410 1852 3512 1913 sed
3567 1871 3784 1913 nomen

493 1971 520 2009 α
544 1944 857 2011 Athanasii
881 1963 998 2004 non
1029 1944 1106 2005 ibi
1135 1960 1506 2023 expressum,
1532 1961 1641 2005 nec
1665 1944 1761 2005 hic
1780 1944 1880 2006 ubi
1901 1946 2234 2028 desierunt,
2256 1947 2512 2027 ideoque
2539 1965 2653 2007 non
2682 1946 2850 2024 plura
2874 1945 3186 2026 descripsi,
3214 1945 3348 2026 quia
3372 1945 3648 2017 sublesta:
3718 1964 3782 2006 s-

494 2068 516 2100 e
551 2053 685 2103 sent
703 2040 864 2101 ﬁdei.
894 2045 1009 2119 Οὐχ
1039 2038 1220 2102 ἀπλῶς
1243 2037 1295 2094 δὲ
1324 2040 1384 2094 τί.
1416 2040 1746 2116 γεννώμενον
1769 2064 1928 2120 φηςιν
1952 2045 2083 2120 πρὸς
2108 2043 2208 2109 τὴν
2230 2044 2491 2119 Παρθένον
2514 2045 2541 2097 ὁ
2577 2041 2920 2118 ἅγγελος,ἳνα
2949 2041 3026 2114 μὶ,
3053 2040 3234 2105 ἔξωθεν
3260 2040 3674 2118 ἐπεισαγόμενον
3699 2043 3785 2097 αὖε

495 2162 519 2196 e
546 2145 613 2215 τῇ
645 2145 800 2210 σῶμα
823 2136 1068 2210 νομισθῇ,
1091 2130 1210 2188 ἀλλ’
1228 2133 1468 2210 ἐπήγαγε
1486 2136 1573 2190 καί
1595 2135 1680 2213 τὸ,
1705 2135 1764 2191 in
1791 2143 1906 2197 σοῦ,
1935 2136 2026 2191 ἵνα
2048 2135 2099 2200 ἓξ
2123 2137 2284 2202 πῦτῆς
2305 2136 2508 2214 φύσεως
2532 2157 2590 2190 το
2613 2134 2942 2211 γεννώμενον
2965 2134 3381 2208 εἶναιπιστωοῇμ
3408 2134 3558 2210 ἅγιον
3574 2132 3626 2189 δὲ
3649 2135 3752 2200 κλη

496 2254 520 2288 e
545 2237 866 2305 Θτισόμενον,
889 2228 992 2306 οὐχ
1015 2228 1084 2290 ὡς
1109 2225 1308 2281 ἕνοικον
1330 2224 1512 2290 ἕξοντι
1550 2228 1636 2282 τὸν
1682 2229 1796 2283 Υἱον
1826 2235 1920 2283 τσῦ
1947 2237 2075 2285 Θεοῦ
2112 2233 2199 2287 καὶ
2224 2230 2284 2285 ἐκ
2301 2235 2544 2307 μετοχῆς
2567 2230 3046 2305 ἁγιασθησόμενοψ
3075 2225 3193 2284 ἀλλ’
3217 2230 3287 2287 ὡς
3310 2227 3434 2283 ὄντι
3461 2228 3594 2283 uti
3629 2229 3785 2306 φῦσιν

490 2349 517 2380 α
543 2326 721 2402 ἅγιον,
749 2327 825 2376 τῶ
854 2323 944 2376 τὸν
978 2319 1130 2374 αὐτὸν
1163 2319 1280 2372 ι’ἱὸν
1304 2317 1564 2396 ὑπάρχειν
1596 2326 1725 2375 Θεοῦ
1753 2321 1842 2377 καὶ
1870 2318 1959 2376 ἕνα
1986 2323 2069 2378 εῖν

2191 2323 2270 2384 [ta
2294 2340 2358 2382 se
2390 2319 2685 2382 habebant
2713 2327 2834 2380 tres
2863 2319 3102 2381 codices
3156 2319 3216 2380 in
3243 2337 3600 2399 pergameno
3652 2339 3782 2381 cum

499 2443 520 2474 ι
546 2433 828 2497 expresso
861 2413 1103 2474 nomine
1134 2410 1467 2487 Athanasii;
1502 2410 1613 2472 hoc
1643 2411 1773 2473 loco
1802 2414 2109 2475 translatio
2146 2413 2370 2476 Peltani
2403 2431 2520 2474 non
2554 2411 2832 2493 exprimit
2869 2422 3170 2492 postrema
3195 2411 3476 2475 fideliter.
3519 2438 3542 2467 υ

577 2535 600 2568 tt
632 2513 706 2574 Et
739 2518 869 2590 post
899 2525 1080 2583 pauca
1113 2504 1228 2566 alia
1256 2503 1592 2584 fragmenta
1622 2505 1796 2568 allata
1828 2507 1952 2568 haec
1977 2507 2306 2569 observatio
2340 2506 2561 2567 ibidem
2590 2507 2891 2586 reperitur
2925 2530 2936 2566 :

575 2628 598 2662 ‹ι
628 2607 694 2667 ln
723 2600 1085 2682 Anthologia
1119 2599 1375 2680 quodam
1406 2597 1512 2661 SS.
1547 2598 1784 2661 Patrum
1807 2601 1932 2663 haec
1969 2602 2166 2683 reperi
2188 2619 2261 2664 ex
2295 2600 2618 2662 Athanasio
2644 2599 2704 2659 in
2736 2599 2927 2660 littera
2956 2600 3028 2673 Α,
3063 2599 3275 2662 ordine
3304 2600 3465 2662 enim
3497 2599 3784 2680 alphabe-

495 2722 521 2753 α
551 2698 667 2759 tico
707 2694 936 2771 digesta
967 2701 1136 2753 erant
1164 2691 1375 2772 capita,
1401 2698 1458 2751 et
1488 2692 1687 2752 omnia
1717 2691 2026 2774 desumpta
2053 2713 2122 2756 ex
2151 2693 2459 2756 veteribus
2489 2691 2779 2761 Pati-ibus,
2815 2692 3012 2772 itaque
3041 2701 3210 2755 erant
3238 2693 3298 2755 in
3328 2712 3470 2754 voce
3508 2687 3786 2771 Ἀστρολο-

497 2815 524 2846 α
548 2793 656 2866 «,tz,
690 2801 749 2848 ut.
781 2805 900 2867 prie
930 2804 994 2846 se
1017 2785 1128 2845 fert
1162 2783 1390 2857 titulus,
1415 2803 1546 2845 cum
1573 2784 1738 2846 titulo
1766 2804 1782 2861 ;
1812 2787 1944 2845 "0n
1976 2791 2019 2844 εὶ
2048 2811 2088 2843 κΔ

2213 2787 2560 2865 ἀστρολογίαν
2582 2787 2646 2842 τὰ
2678 2786 2792 2843 καθ’
2817 2788 2986 2866 ἡμᾶς,
3019 2787 3330 2844 Ἀθινασίου
3383 2786 3783 2866 Ἀλεξανδρείας

495 2903 524 2943 (
560 2883 617 2939 ἐκ
649 2885 747 2948 τῆς
780 2881 911 2936 κατὰ
949 2883 1218 2935 Ματθκϊον
1247 2875 1447 2954 βίϐλου,
1489 2901 1513 2931 ιι
1551 2875 1689 2938 Haec
1719 2877 1779 2938 in
1813 2879 2060 2958 epistola

800 2881 911 2936 ιατά
949 2883 1218 2935 Ματθκῖον
1247 2875 1447 2954 βίϐλου.
1489 2901 1513 2931 ι»
1551 2875 1689 2938 Haec
1719 2877 1779 2938 in
1813 2879 2060 2958 epistola
2091 2881 2391 2944 Grodecii.

564 2975 673 3032 Vll.
715 2976 802 3031 Es:
836 2973 973 3029 hisce
1001 2979 1181 3027 autem
1215 2987 1376 3026 unum
1405 2977 1502 3039 est,
1528 2971 1672 3042 quod
1701 2988 1962 3045 nusquam
1991 2986 2343 3032 memoratum
2371 2973 2694 3038 audiuimus,
2725 2974 2949 3036 scilicet.
2998 2975 3435 3032 Commentarius
3503 2973 3790 3031 Athanasii

490 3059 548 3117 in
579 3061 803 3119 Cantica
837 3057 1015 3114 larisa
1049 3065 1102 3113 et
1134 3057 1325 3113 Mosis.
1355 3054 1462 3111 Hoc
1495 3062 1676 3112 autem
1704 3059 2011 3128 opusculum
2040 3075 2428 3128 germanumne
2453 3060 2526 3116 sit
2560 3073 2624 3115 ex
2669 3058 2786 3114 sola
2816 3058 3031 3116 lectione
3084 3060 3373 3115 internosci
3413 3062 3610 3131 potest,
3676 3077 3790 3115 cum

489 3151 659 3215 ηυιιο,
692 3144 828 3219 quod
854 3140 1063 3217 quidem
1090 3141 1284 3207 norim,
1316 3141 1530 3213 antiquo
1561 3141 1831 3197 laudatum
1861 3144 2052 3212 fuerit.
2089 3144 2343 3202 Obnixere
2384 3159 2510 3201 vero
2543 3143 2938 3215 postulaviirus
2970 3160 3031 3199 ea
3063 3143 3366 3200 transmitti
3403 3144 3557 3200 nobis
3585 3159 3704 3215 qua:
3735 3144 3793 3197 in

493 3229 955 3294 lucubrationibus
983 3233 1181 3282 nostris
1214 3224 1600 3289 desiderantur,
1633 3225 1724 3283 sed
1759 3244 1879 3283 cum
1908 3228 2085 3284 nullus
2114 3230 2236 3285 istic
2261 3228 2603 3284 amanuensis
2635 3227 2815 3283 Greece
2843 3226 3200 3283 transcribere
3241 3228 3424 3299 possit,
3482 3228 3617 3283 votis
3677 3243 3776 3284 no-

489 3320 622 3379 stris
650 3313 863 3387 obsequi
893 3312 1104 3366 minime
1129 3309 1304 3380 potuit
1327 3310 1412 3364 eir
1438 3308 1784 3367 doctissimus
1813 3313 2170 3370 Mummius.
2206 3313 2281 3370 Et
2307 3318 2569 3386 quantum
2603 3326 2854 3382 auguror
2880 3312 3202 3382 conjectura,
3234 3327 3344 3366 non
3388 3312 3534 3366 tanti
3562 3312 3795 3380 fartasse

486 3403 653 3476 pretii
679 3406 802 3456 sunt
844 3401 1039 3454 cratera
1073 3394 1563 3464 :namfragmenta
1594 3395 1692 3451 illa
1720 3396 1776 3452 in
1805 3396 1981 3454 libros
2010 3397 2226 3470 llegum
2255 3403 2306 3454 et
2337 3399 2391 3453 in
2429 3398 2766 3462 Matthaum,
2795 3412 2918 3470 non
2946 3413 3015 3452 rx
3051 3398 3314 3468 peculiari
3357 3397 3585 3469 quodam
3641 3414 3788 3452 com-

491 3486 754 3545 mentario
772 3485 832 3541 in
855 3483 1006 3538 hosce
1034 3480 1224 3547 libros,
1246 3477 1338 3535 sed
1356 3493 1421 3535 ex
1447 3478 1571 3534 aliis
1585 3495 1704 3553 quas
1713 3481 1831 3552 jam
1848 3487 2068 3538 exstant
2091 3483 2382 3540 Athanasii
2399 3483 2653 3555 operibus
2675 3483 2911 3539 maxima
2927 3498 3061 3555 pars
3079 3483 3347 3554 exscripta
3365 3483 3541 3554 fuere,
3561 3489 3624 3539 ut
3645 3483 3794 3554 infra

492 3586 779 3640 monemus,
810 3575 856 3625 et
887 3565 1222 3638 experientia
1241 3564 1707 3636 comprobavimus.
1742 3567 2125 3638 Expositiones
2156 3573 2332 3624 autem
2363 3571 2418 3625 in
2454 3569 2709 3625 Psalmos
2733 3567 2925 3624 eadem
2943 3574 3211 3641 putantur
3247 3585 3356 3624 esse
3384 3586 3499 3642 quae
3548 3577 3746 3625 nostras
3780 3586 3792 3618 :

490 3662 711 3730 sgnopis
740 3668 882 3714 vero.
912 3667 1002 3708 seu
1031 3649 1404 3719 interpretatio
1433 3647 1527 3704 illa
1549 3665 1725 3704 vocum
1751 3651 2138 3706 Hebraicarum
2167 3667 2282 3724 qua
2309 3655 2365 3708 in
2397 3653 2822 3726 expositionibus
2873 3652 3166 3710 Athanasii
3221 3659 3428 3708 exstant
3482 3659 3539 3710 ut
3593 3655 3674 3708 vel
3726 3669 3797 3710 ex

490 3736 974 3815 prioribus-verbis
1011 3733 1379 3791 aestimandum
1407 3734 1742 3808 relinquitur,
1777 3735 1938 3791 nihili
1967 3743 2064 3794 est.
2099 3738 2176 3793 De
2206 3738 2432 3810 reliquis
2459 3741 2507 3795 si
2535 3739 2750 3812 quando
2781 3740 2949 3796 lucem
2977 3739 3203 3795 uiderint
3249 3739 3512 3812 judicium
3572 3739 3791 3810 feretur.

564 3825 686 3880 VIII
743 3821 830 3878 Ad
861 3820 1066 3876 codices
1085 3819 1201 3890 jam
1229 3819 1502 3876 veniamus
1530 3817 1664 3874 unde
1693 3819 1790 3874 has
1818 3819 2108 3876 Athanasii
2123 3823 2472 3892 expositiones
2493 3825 2720 3880 mutuati
2750 3839 2964 3880 sumus:
2999 3829 3104 3880 tres
3137 3824 3288 3895 Regii
3309 3831 3456 3893 sunt,
3490 3823 3623 3879 1807
3639 3822 3796 3878 nimi.

493 3923 634 3974 rum,
665 3921 822 3978 quem
853 3903 1070 3974 Regium
1093 3902 1322 3973 primum
1351 3918 1612 3966 uocamus,
1647 3901 1773 3973 Reg.
1807 3919 1927 3959 vero
1955 3903 2009 3968 2,
2048 3907 2201 3966 1878.
2240 3905 2366 3979 Reg.
2401 3907 2456 3976 3,
2491 3908 2648 3964 1879.
2685 3907 2882 3980 Regius
2905 3910 3117 3980 primus
3145 3915 3219 3966 est
3279 3912 3479 3964 catena
3531 3907 3797 3980 antiquis-

493 3992 632 4050 sima
661 3990 728 4046 ab
760 3988 922 4044 annis
949 3985 1067 4059 plus
1093 3987 1440 4059 septingentis
1461 3995 1736 4051 exoratus,
1770 3987 1915 4044 bona!
1958 3999 2108 4046 notat.
2169 3990 2557 4054 Incommodum
2610 4001 2784 4050 tamen
2831 3992 3044 4059 accidit,
3087 3999 3144 4050 ut
3200 3995 3412 4050 nomina
3463 3994 3795 4064 scriptorum

413 4080 418 4085 “
495 4073 841 4132 amanuensis
872 4085 1100 4142 perswpe
1137 4075 1350 4126 taceret.
1384 4070 1650 4126 Secundus
1681 4073 1804 4141 Reg.
1837 4073 2046 4142 egregie
2069 4075 2361 4147 descriptus
2389 4085 2437 4132 et
2473 4079 2629 4150 paris
2659 4079 3024 4150 antiquitatis,
3086 4079 3267 4133 minus
3317 4084 3498 4134 tamen
3547 4085 3794 4133 accurate

494 4167 752 4215 exoratus
779 4157 999 4213 nomina
1030 4160 1202 4212 tamen
1226 4155 1512 4226 diligenter
1540 4155 1786 4213 ascribit.
1827 4157 2060 4226 Tertius,
2091 4161 2181 4229 qui
2209 4161 2440 4218 mediam
2463 4162 2676 4220 secundi
2697 4167 2904 4233 partem
2931 4163 3289 4234 complacitur,
3323 4177 3508 4218 recens
3537 4170 3613 4216 est
3644 4168 3696 4217 et
3727 4177 3791 4214 es:

491 4241 717 4302 secundo
745 4240 1061 4313 exscriptus,
1090 4241 1303 4312 ideoque
1328 4255 1433 4295 nou
1459 4240 1594 4293 tanti
1619 4256 1765 4296 usus.
1804 4240 1928 4297 Tres
1956 4242 2078 4297 item
2109 4245 2255 4301 Colb.
2278 4253 2416 4307 sunt.
2443 4245 2603 4311 4M3,
2625 4263 2771 4319 quem
2796 4247 3039 4318 primum
3062 4246 3206 4303 συιδ.
3237 4245 3486 4310 dicimus,
3504 4245 3792 4302 secundum

495 4342 620 4386 vero
650 4327 816 4391 £182;
837 4324 1054 4381 tertium
1085 4325 1144 4380 in
1164 4323 1300 4380 duas
1326 4329 1507 4394 partes
1533 4324 1782 4391 divisum,
1815 4342 2046 4398 quorum
2069 4328 2246 4398 prima
2277 4344 2552 4384 numerum
2585 4329 2774 4384 obtinet
2805 4329 2964 4395 £680,
2994 4329 3217 4386 secunda
3282 4345 3400 4383 vero
3459 4328 3618 4384 £681.
3669 4327 3788 4383 Col-

496 4411 740 4468 bertinus
771 4415 971 4473 autem,
1010 4425 1167 4482 quem
1192 4410 1422 4480 primum
1450 4409 1698 4473 dicimus,
1725 4409 1920 4466 librum
1951 4411 2021 4466 ad
2058 4411 2419 4467 Marcellinum
2448 4411 2519 4466 De
2550 4414 3014 4480 interpretatione
3037 4413 3400 4469 Psalmorum
3421 4420 3622 4466 tantum
3643 4412 3794 4466 exhi-

497 4497 596 4554 bet.
630 4493 905 4550 Secundus
935 4495 1232 4550 Athanasii
1260 4501 1307 4548 et
1343 4491 1650 4550 Theodoreti
1678 4496 2029 4564 expositiones
2068 4497 2122 4550 in
2167 4495 2442 4563 Psalmos,
2471 4505 2651 4567 estque
2667 4497 2790 4573 plus
2826 4495 2930 4551 700
2960 4512 3216 4551 annorum
3251 4518 3262 4546 ;
3300 4497 3482 4552 tertias
3511 4494 3794 4565 expositio-

494 4597 590 4639 nes
631 4583 752 4638 item
780 4580 1072 4638 Athanasii
1109 4598 1224 4636 cum
1249 4582 1523 4637 nonnullis
1557 4590 1867 4637 ca'terorum
1896 4584 2136 4643 Patrum,
2173 4580 2256 4634 hic
2287 4580 2481 4635 mendis
2508 4589 2692 4648 scatet,
2732 4587 3145 4654 quingentorum
3170 4582 3386 4636 circiter
3415 4596 3696 4635 annorum.

567 4666 772 4724 Harum
798 4665 1187 4737 expositionum
1213 4667 1520 4736 fragmenta
1554 4666 1794 4736 quadam
1822 4682 1850 4718 a
1883 4665 2102 4722 Daniele
2133 4665 2395 4733 Barbara,
2427 4665 2524 4736 qui
2549 4671 2739 4738 postea
2760 4665 3085 4736 patriarcha
3111 4665 3462 4739 Aquileiensis
3490 4665 3624 4732 fuit,
3663 4665 3800 4717 edita

493 4754 720 4826 fuerunt
751 4753 812 4806 in
838 4759 1020 4808 catena
1040 4753 1258 4808 Patrum
1290 4748 1608 4806 ercorum
1635 4752 1695 4806 in
1723 4751 2002 4818 Psalmos,
2044 4749 2276 4820 Venetips
2304 4766 2432 4804 cusa
2473 4766 2612 4804 anno
2649 4751 2805 4818 1569,
2839 4751 2933 4805 ubi
2961 4750 3031 4805 ad
3090 4751 3585 4823 quinquagesimum
3649 4765 3804 4821 usque

489 4837 768 4910 psalmum
796 4837 1068 4893 duntaxat
1097 4835 1446 4907 expositiones
1473 4836 1772 4892 ducuntur.
1801 4833 1874 4891 Et
1897 4836 2207 4891 accuratior
2235 4833 2442 4904 quidem
2473 4833 2528 4886 in
2569 4833 2743 4888 multis
2772 4842 2845 4888 est
2879 4832 3226 4889 Corderiana.
3254 4832 3387 4888 Hinc
3412 4849 3550 4887 anno
3587 4832 3712 4887 1601
3741 4848 3805 4888 es:

495 4929 686 4979 catena
722 4920 919 4977 Nic-etas
947 4921 1273 4978 Heracleotes
1307 4919 1687 4976 Felckmannus
1707 4925 1952 4990 excerpta
1980 4919 2219 4993 quadam
2239 4917 2403 4974 edidit
2459 4917 2829 4974 Athanasium
2888 4920 3206 4989 spectantia.
3273 4917 3544 4974 Postremo
3611 4917 3805 4972 Corde-

495 5007 614 5062 rius
644 5021 785 5061 anno
820 5003 957 5059 1643
990 5005 1332 5075 prolixiorem
1360 5014 1600 5060 catenam
1630 5005 1852 5060 Patrum
1885 5003 2196 5060 Graecorum
2225 5004 2280 5058 in
2310 5012 2483 5059 totum
2510 5000 2853 5058 Psalterium
2882 5001 3066 5062 edidit.
3125 5002 3300 5058 tribus
3352 5009 3502 5059 tomis
3562 5017 3801 5072 compre-

497 5091 739 5160 hensam,
769 5091 829 5146 in
859 5105 962 5160 gua
983 5090 1120 5145 nostri
1148 5106 1252 5146 non
1277 5091 1439 5162 pauci
1469 5097 1780 5160 occurrunt,
1821 5087 1994 5145 Nobile
2015 5095 2188 5144 autem
2215 5094 2293 5143 est
2314 5087 2452 5142 illud
2476 5093 2709 5142 erratum
2735 5086 2873 5155 quod
2893 5088 3250 5159 expositiones
3289 5088 3545 5144 Theodori
3565 5096 3613 5145 et
3644 5086 3800 5143 Theo-

497 5175 667 5232 doreti
696 5174 1000 5232 Athanasio
1036 5174 1289 5232 ascribat.
1313 5173 1383 5229 Et
1405 5175 1636 5248 quidem,
1680 5180 1736 5229 ut
1767 5190 2108 5246 auguramur,
2141 5173 2249 5227 haec
2280 5171 2462 5242 lapsus
2499 5185 2661 5226 causa
2691 5170 2801 5240 fuit
2835 5189 2848 5233 ;
2882 5171 3254 5229 Amanuenses
3283 5173 3370 5227 ubi
3407 5176 3464 5229 in
3496 5175 3697 5228 catenis
3735 5171 3804 5226 ad

496 5260 792 5332 marginem
821 5258 1034 5314 nomina
1065 5259 1386 5331 scriptorum
1414 5265 1628 5331 notant,
1671 5259 1974 5316 Athanasii
2002 5273 2190 5314 nomen
2212 5255 2462 5310 indicant
2488 5271 2582 5326 per
2619 5255 2857 5309 litteram
2875 5256 2939 5311 Α.
2978 5256 3070 5310 cui
3098 5262 3394 5328 sequentem
3429 5258 3483 5311 in
3515 5256 3805 5312 Athanasii“

496 5344 736 5409 nomine,
775 5352 810 5401 Θ
841 5342 1042 5399 scilicet
1075 5343 1371 5415 imponunt.
1414 5345 1512 5401 Ubi
1541 5351 1716 5401 autem
1752 5343 2007 5400 Theodori
2027 5341 2176 5398 lectio
2196 5347 2289 5404 est,
2309 5340 2538 5410 primam
2564 5337 2812 5395 similiter
2844 5348 2882 5396 Θ
2912 5339 3232 5405 describunt,
3258 5343 3350 5398 cui
3373 5341 3631 5399 litteram
3653 5355 3683 5396 ,ι
3709 5342 3800 5397 de~

498 5453 658 5510 super
685 5436 950 5499 scribunt;
993 5437 1103 5494 haec
1136 5445 1304 5495 autem
1333 5439 1520 5494 littera
1549 5439 1602 5493 in
1633 5438 1906 5495 codicibus
1927 5435 2177 5510 proxime
2216 5439 2285 5488 ad
2313 5434 2547 5489 litteram
2577 5435 2609 5486 Α
2650 5432 2868 5492 accedit.
2903 5432 2990 5488 ubi
3014 5436 3188 5506 igitur
3212 5435 3344 5490 vidit
3375 5438 3433 5500 A,
3463 5442 3516 5489 ut
3545 5436 3801 5508 putabat.

498 5525 747 5595 superius
800 5531 838 5580 Θ
868 5539 992 5580 vero
1022 5524 1252 5595 inferius
1286 5524 1535 5596 describi,
1570 5525 1928 5581 Athanasium
1970 5523 2055 5579 his
2081 5520 2384 5593 signiﬁcari
2414 5519 2710 5574 arbitratus
2738 5522 2833 5579 est,

577 5618 660 5674 IX.
699 5619 787 5673 ΗΙΡ
819 5629 990 5673 aufem
1017 5622 1374 5685 t'tpnsiIiOItrs
1411 5621 1582 5676 "milis
1617 5630 1669 5675 in
1707 5619 1831 5674 laris
1863 5618 2133 5686 drﬁriunl,

2216 5615 2290 5665 w‘a
2317 5612 2514 5666 scilicet
2543 5625 2891 5667 amanuenses
2917 5624 3028 5666 non
3057 5612 3241 5667 omnia
3270 5611 3689 5685 descripserunt.
3719 5613 3807 5671 sed

497 5705 754 5773 patu'inrrt
790 5705 1087 5758 11·ἸαῘο⁹Υ¹1;σΙ
1119 5725 1279 5774 quum
1311 5710 1516 5774 [ἱννιιηι
1552 5707 1841 5760 Athanasii
1871 5708 2093 5756 rmltt'os'.
2134 5698 2271 5752 “tu”
2304 5699 2468 5754 euenit
2501 5705 2555 5750 ul
2581 5694 2886 5768 peregrina
2913 5694 3379 5766 interpretationes
3420 5714 3603 5752 nomen
3633 5696 3805 5753 Atha-

502 5789 649 5843 nasii
681 5792 995 5862 {rw/erunt,
1035 5793 1086 5842 id
1122 5791 1295 5862 quoad
1323 5793 1559 5860 facultas
1595 5793 1711 5850 tulit
1745 5791 1812 5841 ait
1843 5789 2141 5860 mergit-tm
2177 5784 2483 5842 notavimus.
2521 5781 2592 5838 Et
2619 5795 2752 5837 sane
2774 5779 3030 5852 perfacile
3057 5785 3136 5838 est
3162 5783 3220 5838 in
3247 5781 3390 5840 hisce
3417 5784 3615 5857 stylum
3634 5783 3807 5841 Atha-

385 6005 514 6039 Α
