4030 6216
461 406 541 469 59

462 630 683 707 apertis
713 628 926 702 oculis,
956 627 1140 708 probe
1166 639 1364 693 nosset
1390 631 1679 711 malignos
1692 631 1944 710 ~8piritus
1964 648 2100 710 gau-

461 717 607 777 dere
638 718 712 778 de
739 717 904 798 lapsu
951 718 1284 796 hominum,
1321 729 1379 782 et
1426 729 1633 782 contra
1683 720 1891 782 dolere
1933 719 2098 799 quasi

459 804 645 866 victos
666 804 742 866 de
765 806 1108 868 eorumdem
1135 808 1549 891 resipiscentia
1569 818 1631 871 et
1656 809 2093 879 emendatione,

460 893 823 972 intelligibili
845 913 914 956 ac
939 896 1238 976 spirituali
1261 897 1436 959 modo
1462 899 1759 960 orationes
1786 897 2096 959 adversum

456 981 592 1044 illos
623 982 973 1059 emittebat;
999 1004 1069 1046 ex
1099 986 1168 1046 iis
1201 986 1471 1048 hostibus
1518 986 1621 1068 qui
1651 985 1764 1048 sub
1794 994 2095 1065 aspectum

457 1070 679 1132 cadunt
700 1080 1003 1152 assumpta
1025 1074 1526 1156 metaphora.Nisi
1549 1075 1710 1138 enim
1737 1075 1847 1136 hac
1871 1076 2098 1137 ratione

459 1161 882 1240 prophetarum
941 1181 1186 1243 scopum
1238 1165 1729 1246 interpretemur,
1762 1183 1880 1226 non
1923 1165 2095 1226 modo

455 1247 678 1311 nullam
703 1251 918 1312 animae
940 1251 1279 1325 utilitatem,
1302 1273 1370 1316 ex
1395 1273 1598 1316 eorum
1621 1253 1894 1333 dictis,ad
1923 1272 2095 1315 man-

461 1338 840 1400 suetudinem
892 1338 1364 1421 adipiscendam,
1413 1341 1855 1422 percipiemus;
1888 1359 2098 1402 verum

459 1427 638 1489 etiam
669 1427 726 1487 in
757 1446 1028 1508 asperam
1061 1431 1380 1510 quamdam
1411 1441 1586 1512 atque
1618 1431 1974 1510 evangelica;
2003 1431 2096 1492 do-

458 1516 666 1578 ctrinas
695 1516 1000 1578 adversam
1058 1520 1239 1580 animi
1272 1520 1551 1582 duritiem
1585 1539 1658 1582 ex
1689 1519 2104 1601 frequentibus

461 1605 714 1667 adversu
728 1624 741 1636 π
758 1605 1034 1667 inimicos
1049 1608 1324 1688 precibus
1336 1609 1926 1674 delabemur,tantum
1939 1609 2102 1670 abest

463 1700 529 1757 ut
554 1693 870 1773 diligamus
920 1695 1077 1760 illos.
1122 1695 1265 1759 Nam
1303 1699 1640 1760 sexcenties
1686 1701 1766 1760 ait
1790 1698 1971 1760 David
2003 1697 2094 1763 5’:

458 1782 877 1854 Confundantur
897 1791 949 1841 et
967 1785 1177 1857 pudore
1197 1788 1521 1858 afﬁciantur
1540 1802 1723 1843 omnes
1740 1787 1952 1843 inimici
1978 1788 2094 1853 mei,

459 1881 514 1933 et
543 1891 666 1935 non
701 1875 1046 1951 confundor
1065 1893 1193 1955 ego.
1232 1877 1460 1939 Similia
1493 1876 1653 1937 enim
1690 1895 1763 1936 ne
1783 1877 2097 1938 credamus

460 1960 679 2023 dixisse
709 1963 870 2025 viros
904 1965 1227 2046 prophetas
1277 1974 1335 2026 et
1384 1965 1608 2026 amicos
1631 1963 1738 2026 Dei
1775 1964 1891 2025 alio
1919 1984 2094 2045 quam

461 2050 736 2129 superius
753 2070 788 2111 a
812 2051 982 2113 nobis
1001 2053 1288 2134 explicato
1315 2057 1702 2132 more.Atque
1718 2055 2100 2131 itaintelligat

462 2148 699 2218 oportet
731 2141 820 2200 vir
849 2141 1100 2221 quisque
1144 2143 1384 2204 sedulus
1433 2162 1501 2204 ac
1550 2141 1878 2222 studiosus,
1907 2143 2099 2204 sicubi

457 2226 885 2306 imprecantom
919 2231 1265 2310 prophetam
1291 2231 1574 2307 inveniat,
1600 2230 1673 2292 ab
1705 2232 1974 2293 hostibus
1997 2233 2100 2313 qui

462 2315 570 2377 sub
603 2334 842 2378 sensum
875 2318 1091 2381 cadunt
1119 2321 1190 2382 ad
1219 2321 1624 2400 iutelligibiles
1651 2320 1925 2382 inimicos
1949 2321 2100 2382 facta

1259 412 1319 481 S.
1365 412 1792 477 ATHANASII
1835 411 2000 474 OPP.
2046 409 2243 474 PARS
2287 413 2392 475 lll.
2448 449 2510 460 -—
2562 417 3016 481 EXEGETICA.

541 540 683 601 Cum
719 538 1007 618 propheta
1036 548 1195 602 esset
1247 541 1450 617 David,
1485 549 1659 622 atque
1708 541 2158 604 interioribusA

3747 414 3827 482 60

2265 542 2397 602 ’Ὅτι
2451 548 2733 626 προφήτης
2789 547 3049 626 ὑπάρχων
3103 549 3130 603 6
3196 545 3385 619 Δαυῖδ,
3420 549 3507 603 καὶ
3535 549 3824 625 ἠνεῳγμέ-

2184 654 2300 698 νους
2332 632 2475 713 ἔχων
2499 635 2614 700 τοὺς
2642 633 2785 692 ἔνδον
2818 636 3140 710 ὀφθαλμοὺς,
3173 636 3262 694 καὶ
3291 636 3460 716 εἰδὼς²
3483 635 3562 691 ὅτι
3592 637 3825 716 χαίρουο

2182 727 2326 798 σιτῇ
2361 723 2545 779 πιώσει
2602 729 2708 780 τῶν
2753 724 3036 802 ἀνθρώπων
3068 725 3132 780 τὰ
3163 725 3368 802 πονηρὰ
3399 725 3697 798 πνεύματα,
3734 727 3829 782 καὶ

2182 810 2343 868 πάλιν
2371 811 2777 870 ἆντιλυποῦνται
2807 814 3120 886 ἡτττώμενα
3166 814 3250 869 ἐπὶ
3305 819 3375 888 τῇ
3403 812 3684 890 διορθώσει
3715 821 3826 870 τῶν

2181 899 2492 981 ἀνθρώπων³
2525 904 2737 966 πάντως
2775 901 2853 959 ὅτι
2886 904 3091 970 νοητῶς
3121 903 3215 965 τὰς
3258 901 3378 959 κατ’
3431 904 3606 960 αὐτῶν
3648 925 3823 982 προσ-

2181 989 2346 1069 ευχὰς
2400 990 2672 1071 ἐποιεῖτο,
2703 991 2763 1046 ἐκ
2795 997 2900 1047 τῶν
2958 994 3220 1058 αἰσθητῶν
3273 991 3478 1070 ἐχθρῶν
3528 993 3659 1069 πρὸς
3689 992 3829 1049 αὐτὰ

2181 1075 2664 1153 μεταϐαλλόμενος,
2707 1083 2760 1138 Εἰ
2812 1081 2910 1157 γὰρ
2965 1080 3041 1152 μὴ
3095 1081 3232 1136 κατᾶ
3263 1087 3449 1136 τοῦτον
3479 1083 3571 1136 τὸν
3624 1082 3828 1157 τρόπον

2179 1164 2489 1242 εκλάὸωμεν
2530 1171 2620 1225 τὸν
2651 1172 2850 1225 σκοπὸν
2879 1175 2984 1225 τῶν
3015 1175 3324 1248 προφητῶν,
3387 1172 3447 1228 οὔ
3477 1169 3637 1244 μόνον
3667 1167 3824 1229 οὔδει

2185 1255 2309 1329 μίαν
2366 1255 2653 1332 οἰκοδομὴν
2708 1257 2769 1313 ἐκ
2817 1263 2924 1313 τῶν
2979 1257 3103 1334 παρ’
3147 1261 3328 1323 αὐτοῖς
3372 1257 3666 1337 εἰρημένων
3697 1261 3831 1326 πρὸς

2184 1349 2373 1410 κτῆσιν
2442 1347 2744 1423 πραότητος
2795 1345 3026 1426 ἕξομεν,
3095 1344 3234 1401 ἀλλὰ
3291 1346 3376 1402 καὶ
3432 1345 3670 1425 σκληράν
3740 1369 3832 1403 τι-

2186 1455 2247 1488 να
2275 1438 2362 1490 καὶ
2391 1434 2626 1490 ἐναντίαν
2681 1441 2780 1502 τῆς
2813 1435 3165 1513 εὐαγγελικῆς
3224 1433 3560 1502 διδασκαλίας
3603 1433 3835 1494 διάθεσιν

2186 1521 2572 1599 ἀναληψόμεθα
2605 1524 2665 1581 ἐκ
2693 1534 2788 1583 τοῦ
2816 1525 3172 1604 κατεύχεσθαι
3203 1531 3415 1604 συχνῶς
3444 1531 3551 1581 τῶν
3596 1527 3829 1605 ἐχθρῶν,

2185 1615 2272 1667 καὶ
2315 1613 2392 1686 μὴ
2449 1613 2682 1690 ἀγαπᾷν·
2745 1613 3087 1690 μυριοντάκις
3159 1611 3404 1690 λέγοντος
3463 1622 3556 1672 τοῦ
3610 1613 3776 1672 Δαυ³ιδ
3815 1663 3832 1688 ,

2185 1701 2602 1779 Αίσχυνθείησαν
2676 1703 2762 1758 καὶ
2821 1700 3211 1779 ἐντραπείησαν
3274 1702 3467 1766 πάντες
3527 1704 3575 1758 οἱ
3652 1703 3839 1784 ἐχθροί

2183 1812 2282 1863 μου
2313 1835 2328 1863 ,
2389 1790 2477 1846 καὶ
2533 1791 2610 1864 μὴ
2658 1791 2994 1869 αἰσχυνθείην
3066 1789 3196 1868 ἐγὼ.
3272 1797 3446 1847 Ταῦτα
3509 1789 3564 1846 δὲ
3624 1793 3717 1848 οὒκ
3771 1791 3839 1848 ἂν

2180 1879 2520 1952 πεισθείημεν
2576 1878 2742 1944 οὕτως
2806 1879 3078 1956 εἰρηγέναι
3146 1876 3332 1954 ἄνδρας
3416 1881 3688 1958 προφήτας
3748 1883 3842 1937 καὶ

2182 1965 2365 2041 φίλους
2428 1969 2581 2039 Θεοῦ,
2637 1969 2680 2024 εἰ
2739 1972 2815 2042 μη
2877 1975 2953 2040 τῷ
3009 1967 3384 2046 προειρημένῳ
3428 1969 3629 2044 τρόπῳ.
3679 1967 3833 2026 Οὕτω

2182 2056 2282 2132 γὰρ
2317 2055 2428 2134 χρὴ
2461 2069 2605 2111 νοεῖν
2636 2057 2726 2111 τὸν
2756 2055 3068 2136 φιλόπονον,
3092 2055 3210 2112 ἔνθα
3228 2055 3288 2111 ἂν
3320 2055 3659 2132 ἐπαρώμενον
3689 2058 3837 2134 εὖροι

2182 2147 2486 2224 προφήτην,
2523 2145 2607 2201 ἐπὶ
2638 2146 2758 2210 τοὺς
2792 2147 3020 2212 νοητοὺς
3072 2144 3290 2224 ἐγθροὺς
3328 2145 3434 2200 ἀπὸ
3485 2149 3590 2202 τῶν
3636 2149 3791 2214 αἶσθη
3814 2180 3836 2191 -

2181 2237 2285 2290 τῶν
2331 2231 2756 2309 μεταϐάλλοντα,
2819 2235 3021 2290 Λοιπὸν
3079 2233 3146 2300 δὴ
3195 2232 3689 2313 κατασχολάζεσθαι
3740 2238 3833 2292 τὸν

2183 2323 2427 2388 ἁσκητὴν
2459 2323 2656 2386 παντὸς
2679 2323 2916 2399 ῥήματος
2947 2323 3044 2388 τὴν
3075 2343 3419 2389 κατανοησιν.

461 2407 870 2470 translatione.
905 2405 1154 2471 Demum
1180 2428 1392 2473 vacare
1426 2419 1661 2490 oportet
1691 2417 1952 2472 ascetam
1989 2410 2359 2490 singulorum
2388 2408 2708 2472 verborum
2743 2410 3177 2490 intelligentia.

537 2567 600 2616 53
627 2567 782 2628 Psal.
819 2583 1014 2643 xxxiv,
1051 2571 1108 2630 4.

459 2847 828 2859 ———_—_

1290 3063 1904 3189 SANCTI
2006 3062 2948 3192 ATHANASII

1560 3313 2132 3380 ARCHIEPISCOPI
2178 3310 2700 3378 ALEXANDRINI

1177 3519 2184 3628 EXPOSITIONES
2272 3518 2411 3626 IN
2507 3517 3135 3629 PSALMOS

995 3910 1482 3973 PSALMUS
1527 3911 1572 3971 Ι.

1052 4008 1502 4082 Argumentum.

461 4101 701 4162 Initium
736 4097 1059 4178 prophetiae
1087 4097 1318 4158 Christo
1341 4095 1412 4156 ab
1444 4095 1572 4174 ipso
1602 4095 1930 4156 secundum
1957 4113 2088 4156 car-

541 4207 676 4249 nem
699 4187 997 4248 nasciluro
1019 4187 1190 4246 oﬂ'ert
1214 4185 1420 4248 David.
1456 4183 1852 4256 Quamobrem
1883 4185 1942 4244 in
1968 4186 2092 4263 pri-

540 4279 650 4338 mis
681 4277 890 4337 beatos
921 4274 1061 4334 dicit
1091 4273 1194 4353 qui
1218 4280 1478 4352 .sperant
1506 4274 1563 4333 in
1592 4291 1662 4333 eo

541 4365 776 4445 [Beatos
807 4371 1000 4424 autem
1034 4375 1200 4423 vocat
1223 4381 1325 4422 eos
1353 4367 1450 4441 qui
1476 4381 1593 4422 non
1615 4361 1834 4423 abeunt
1863 4361 1922 4421 in
1953 4382 2092 4422 con-

460 4454 661 4516 silium
698 4453 1039 4532 impiorum,
1077 4469 1271 4531 neque
1314 4459 1468 4511 stant
1498 4451 1557 4511 in
1591 4451 1683 4512 via
1713 4461 2087 4530 peccaturum

458 4560 655 4618 neque
686 4542 898 4603 sedi-nt
927 4541 982 4600 in
1015 4541 1294 4601 cathedra
1332 4538 1753 4618 pestilentium.
1791 4538 1938 4602 Nam
1973 4550 2090 4602 tres

459 4631 702 4692 ordines
726 4630 882 4709 apud
915 4629 1150 4691 Judaeos
1181 4637 1347 4689 erant
1376 4639 1575 4690 contra
1608 4629 1974 4689 Salvatorem
2007 4632 2089 4689 in-

457 4729 788 4798 surgentes.
823 4718 1036 4778 scribee
1065 4719 1316 4797 scilicet,
1353 4719 1623 4779 Pharisaei
1658 4727 1714 4778 et
1738 4718 2086 4796 legisperiti,

460 4808 562 4888 qui
581 4809 723 4887 jure
750 4815 926 4887 atque
954 4807 1166 4868 merito
1219 4805 1408 4885 impii,
1442 4817 1780 4886 peccatores
1810 4819 1867 4868 et
1901 4807 2086 4886 pesti-

457 4897 646 4958 lentes
679 4907 1115 4975 nuncupentur.
1151 4898 1254 4956 Via
1299 4896 1514 4956 dicitur
1544 4897 1668 4956 haac
1711 4896 1847 4968 vita,
1881 4899 2019 4976 quia
2051 4897 2086 4956 Ii

458 4984 558 5065 qui
590 4993 928 5052 nascuntur,
965 4986 1037 5045 ad
1070 4985 1246 5044 finem
1281 4984 1586 5063 pergunt.]

547 5075 828 5137 1.Beatus
846 5080 939 5135 vir
952 5077 1056 5152 qui
1071 5074 1355 5135 nouabiit
1379 5081 1442 5135 in
1462 5065 1712 5137 consilio
1730 5073 2086 5150 impiorum.

461 5163 985 5224 Potestconsilium
1002 5163 1314 5242 impiorum
1335 5171 1520 5225 cmtus
1539 5162 1654 5227 dici
1677 5180 1744 5222 ac
1764 5173 2090 5223 conventus

2735 3914 3260 3973 WAAMOEAC

2855 4005 3132 4072 ’Υπόθεσις
3144 4051 3158 4067 .

2259 4096 2366 4162 Τὴν
2398 4097 2572 4178 ἀρχὴν
2604 4099 2698 4166 τῆς
2729 4102 3056 4179 προφητείας
3083 4105 3156 4174 τῷ
3176 4099 3228 4167 ἐξ
3249 4103 3404 4159 αὐτοῦ
3438 4103 3825 4183 τεχθησομένῳ

2257 4193 2464 4262 Χριστῷ
2517 4187 2824 4254 ἀνατίθησιν
2857 4191 2883 4244 6
2917 4187 3109 4250 Λαυ“ιδ.
3147 4192 3238 4247 Διὸ
3276 4190 3332 4247 ἰν
3361 4192 3593 4270 πρώτοις
3639 4214 3824 4266 μακα-

2258 4277 2380 4352 ρίζει
2413 4279 2535 4340 τοὺς
2569 4278 2641 4342 εἷς
2677 4278 2832 4332 αὑτὸν
2858 4276 3208 4345 ἡλπιχότας..

2256 4361 2570 4444 [Μαιαρίους
2616 4363 2670 4420 δὲ
2713 4366 2870 4422 καλεῖ
2899 4367 3019 4430 τοὺς
3061 4369 3138 4441 μὴ
3185 4369 3534 4446 πορευθέντας
3567 4368 3621 4425 ἐν
3650 4369 3820 4446 βουλῇ

2173 4449 2400 4514 ἀσεϐῶν,
2435 4454 2571 4527 μήτε
2631 4477 2737 4526 μην
2793 4455 3016 4519 στάντας
3063 4455 3117 4510 ἐν
3160 4455 3265 4529 ὁδῷ
3287 4456 3643 4536 ἁμαρτωλῶν,
3678 4459 3815 4533 μήτε

2172 4539 2257 4596 ἐπὶ
2309 4540 2558 4620 καθέδραν
2617 4541 2820 4616 λοιμιῦν
2891 4547 3309 4610 καθεστηιιὸτας.
3349 4548 3470 4623 Τρία
3519 4547 3617 4623 γὰρ
3649 4546 3711 4614 ἦν
3753 4547 3820 4602 τὰ

2171 4631 2419 4707 τάγματα
2451 4632 2589 4708 παρὰ
2641 4629 2906 4696 Ἰουδαίοις
2962 4634 3098 4688 κατὰ
3155 4641 3246 4690 τοῦ
3305 4639 3558 4711 Σωτῆρος
3611 4635 3815 4691 ἐπανα-

2171 4720 2390 4791 στάντα⁹
2446 4734 2804 4797 γραμματεῖς,
2851 4729 3162 4799 Φαρισαῖοι,
3227 4725 3315 4779 καὶ
3371 4725 3603 4796 νομικοί’
3651 4727 3699 4780 οἱ
3730 4727 3817 4780 καὶ

2171 4807 2420 4872 κληθεῖεν
2478 4808 2696 4872 εἰκότως
2753 4807 2966 4872 ἀσεϐεῖς
3027 4811 3114 4866 καὶ
3182 4810 3488 4890 ἁμαρτωλοὶ
3543 4813 3629 4868 καὶ
3694 4811 3814 4868 λοι-

2173 4919 2284 4970 μοι.
2317 4895 2468 4958 Ὀδὸς
2500 4901 2596 4970 μὲν
2630 4900 2655 4953 6
2694 4899 2807 4973 βίος
2843 4898 3050 4976 εἴρηται
3087 4897 3171 4955 διὰ
3201 4902 3299 4968 τὴν
3329 4903 3463 4978 πρὸς
3513 4899 3679 4965 τέλως
3709 4909 3816 4958 τὼν

2171 5007 2515 5062 γεννωμενων
2543 4983 2778 5066 ἔπαξιῖι]

2253 5073 2522 5150 Μακάριος
2580 5073 2712 5151 ἀνὴρ
2767 5078 2826 5138 ὃς
2885 5077 2978 5132 οὒκ
3037 5077 3295 5154 ἐπορεύθη
3348 5077 3402 5132 ἐν
3457 5078 3628 5156 βουλῇ
3689 5079 3812 5134 ἆσεο

2173 5160 2302 5225 ὅῶν,
2361 5166 2588 5219 Δυνατὸν
2635 5162 2688 5218 δὲ
2738 5163 2935 5241 βουλὴν
2993 5162 3196 5222 ἀσεϐῶν
3255 5169 3428 5222 είπεῐν
3473 5168 3569 5236 τὴν
3602 5165 3817 5224 σύνοδον

455 5245 889 5328 improborum.
927 5241 1197 5328 Cumque
1232 5249 1468 5310 noxium
1501 5249 1576 5309 sit
1605 5267 1736 5310 sese
1771 5243 2116 5329 impiorum‘

2189 5253 2259 5307 ιαὶ
2297 5253 2392 5320 τὴν
2425 5251 2722 5309 συνέλευσιν
2767 5258 2872 5308 τῶν
2915 5261 3187 5331 πονῃρῶδ.
3250 5255 3347 5311 Καὶ
3399 5256 3516 5312 ἐπεὶ
3557 5253 3815 5335 βλαϐερὸν

455 5337 1092 5411 ccetibusimmiscere,
1121 5338 1356 5400 beatum
1389 5338 1530 5398 dicit
1553 5357 1713 5410 eum,
1746 5337 1846 5417 qui
1871 5357 1943 5399 ne
1968 5348 2089 5400 tan-

455 5424 645 5485 tillum
669 5426 910 5506 quidem
925 5427 996 5486 ad
1012 5426 1246 5487 illorum
1263 5433 1587 5487 conventus
1608 5424 2088 5504 accedit.llujus-

460 5513 620 5574 modi
642 5524 767 5575 erat
787 5515 1002 5590 loseph
1027 5514 1099 5575 ab
1125 5514 1477 5574 Arimathia:
1499 5515 1599 5592 qui
1617 5533 1832 5594 corpus
1852 5514 2091 5583 Dmuini

455 5619 524 5662 ac
557 5603 661 5665 Dei
692 5602 981 5680 sepelivit.
1017 5603 1096 5663 De
1129 5602 1231 5662 illo
1258 5619 1517 5676 namque
1549 5601 1767 5661 dictum
1797 5602 1907 5662 fuit
1929 5605 2087 5683 quod

456 5709 574 5751 non
596 5691 1014 5770 astipularetur
1036 5690 1280 5752 consilio
1307 5708 1510 5749 eorum
1538 5691 1633 5771 qui
1653 5693 1850 5752 Jcsum
1884 5693 2052 5770 prodi
2079 5731 2086 5738 -

456 5779 713 5844 dere.Et
726 5783 788 5841 in
802 5778 1091 5842 cathedra
1107 5779 1516 5861 pestilentium
1540 5798 1657 5843 non
1676 5779 1847 5843 sedit.
1859 5782 1971 5843 Per
1987 5800 2082 5842 ca-

2171 5343 2230 5397 τὸ
2287 5355 2405 5404 τοῖς
2460 5342 2767 5420 ἀθροίσμασι
2817 5349 2921 5398 τῶν
2971 5341 3175 5399 ἀσεϐῶν
3233 5341 3615 5422 παραϐάλλειν,
3646 5367 3819 5420 μακα-

2175 5433 2298 5508 ρίζει
2334 5453 2424 5486 τον
2473 5428 2610 5505 μηδὲ
2642 5432 2777 5487 κατὰ
2810 5434 2974 5488 ποσὸν
3007 5435 3080 5498 είς
3128 5435 3188 5490 τὸ
3237 5433 3390 5489 αὑτὸν
3421 5436 3601 5494 αὑτοῖς
3647 5434 3815 5514 ἐρχό-

2175 5540 2352 5594 μενον.
2388 5526 2633 5583 Τοιοῦτος
2688 5523 2932 5600 ὒπῆρχεν
2981 5525 3008 5578 ὁ
3050 5521 3247 5602 Ἰωσὴφ
3285 5524 3313 5577 6
3344 5522 3450 5579 ἀπὸ
3485 5524 3814 5603 Ἀριμαθίας,

2172 5611 2199 5664 6
2253 5609 2313 5664 τὸ
2344 5611 2498 5684 σῶμα
2528 5617 2620 5667 τοῦ
2654 5609 2837 5688 Κυρίου
2893 5614 2978 5667 καὶ
3015 5618 3146 5668 Θεοῦ
3201 5611 3396 5686 θάψας.
3455 5612 3681 5691 Εἴρηται
3712 5613 3815 5689 γὰρ

2175 5698 2285 5774 περὶ
2346 5699 2524 5771 αὕτοῦ,
2577 5700 2648 5763 ὡς
2691 5699 2786 5754 οὐκ
2835 5701 2902 5766 ἦν
2958 5698 3469 5778 συγκατατιθέμενος
3528 5707 3597 5778 τῇ
3647 5698 3814 5776 βουλῇ

2170 5792 2274 5841 τῶν
2336 5785 2514 5854 ἰησοῦ
2581 5784 2872 5866 προδοτῶν.
2909 5791 3004 5850 Καὶ
3045 5791 3131 5847 ἐπὶ
3177 5784 3428 5868 καθέδραν
3472 5788 3676 5867 λοιμῶν
3719 5790 3812 5850 οὐκ
