4030 6216
463 216 539 281 67

1236 219 1326 285 -S.
1374 219 1794 289 ATHANASII
1836 223 1996 290 OPP.
2049 229 2242 294 PARS
2284 221 2390 295 III.
2439 268 2514 279 -ο
2565 220 3014 297 EXEGETICA.

3749 226 3829 298 68

461 357 613 435 apud
633 363 838 435 gentes
861 356 1059 418 futura
1079 367 1226 430 erat,
1255 369 1508 422 enarrat.
1549 361 1691 422 Sion
1718 361 2093 438 vern,Eccle-

2206 365 2247 420 τὰ
2299 365 2422 432 ἔθνη
2480 365 2776 443 γενομένην
2837 367 2993 428 αὒτὸς
3051 368 3227 422 πίστιν
3287 368 3466 434 αὐτοῖς
3529 366 3828 445 διηγεῖται·

460 445 609 506 siam
641 445 957 521 signiﬁcat.

545 535 868 614 [Dominus
890 537 1143 598 dixitad
1158 537 1474 617 me,Filius
1497 549 1833 615 meus,etc.,
1860 558 1927 602 ac
1948 540 1998 602 si
2017 540 2107 601 di-

465 626 788 703 ceret,lpsa
809 643 904 684 me
931 627 1122 687 Patris
1143 635 1350 686 natura
1372 625 1584 686 Filium
1609 629 1927 691 declaravit
1949 650 1962 689 :
1991 647 2108 690 non

455 715 628 792 jussu
653 714 909 792 quodam
948 715 1001 774 id
1041 716 1396 793 perﬁciente
1421 716 1557 789 ;sed
1590 719 1986 799 essentiaipsa
2013 735 2108 779 me

463 804 706 880 ﬁguram
734 801 1084 864 substantias
1099 805 1290 866 Patris
1303 823 1436 866 esse
1457 810 2083 887 commonstrante.Ap

467 891 656 970 posite
687 891 947 971 additur,
969 910 1048 954 es.
1077 893 1231 973 quod
1264 894 1711 971 generationem
1737 906 1876 958 ante
1895 897 2110 957 saecula

459 979 761 1040 declarat:
799 991 924 1042 erat
953 982 1112 1042 enim
1145 1000 1390 1062 semper
1418 982 1603 1044 Filius
1652 986 2110 1062 Adjecitautem

461 1067 632 1146 illud,
667 1070 840 1130 hodie
861 1074 1046 1146 genui
1076 1081 1153 1144 te,
1190 1081 1255 1131 ut
1277 1071 1722 1148 generationem
1769 1073 2095 1136 secundum

462 1175 700 1217 carnem
737 1167 1266 1222 commonstraret:
1305 1159 1446 1220 illud
1484 1160 1668 1241 enim,
1703 1163 1906 1233 hodie,
1950 1169 2096 1222 tem-

464 1262 570 1322 pus
599 1243 820 1304 indicat
847 1262 860 1306 :
896 1264 1078 1323 quare
1111 1264 1214 1326 pro
1249 1248 1564 1325 temporali
1595 1251 1980 1326 generatione
2005 1267 2103 1329 po-

462 1332 639 1393 situm
673 1338 786 1394 est.
823 1331 1274 1413 Consequenter
1304 1335 1440 1394 item
1488 1353 1592 1415 pro
1641 1337 1894 1397 humana
1915 1355 2102 1415 gene-

462 1421 692 1481 ratione
750 1420 1118 1500 adjiciuntur
1165 1424 1352 1496 istaec,
1394 1427 1581 1504 genui
1639 1434 1715 1486 te.
1780 1425 1886 1486 Hic
1933 1425 2097 1500 mihi,

458 1527 682 1589 quasso,
733 1510 1197 1578 animadvertas.
1243 1518 1360 1592 quo
1420 1523 1591 1593 pacto
1650 1514 2098 1590 generationem

460 1599 750 1677 unigeniti
779 1600 990 1661 Christi
1024 1599 1139 1660 sibi
1175 1602 1475 1680 propriam
1522 1605 1697 1663 Pater
1728 1603 1959 1682 faciat.]

539 1687 622 1748 Et
633 1695 1066 1765 possessionem
1097 1701 1265 1750 tuam
1284 1695 1573 1752 terminos
1601 1697 1800 1765 terrae,
1825 1707 1990 1772 reges
2003 1709 2093 1753 eos

2270 1695 2362 1747 Καὶ
2421 1690 2520 1756 τὴν
2578 1689 2904 1767 κατάσχεσίν
2970 1709 3063 1743 σου
3121 1688 3186 1743 τὰ
3242 1686 3444 1764 πέρατα
3527 1692 3624 1754 τῆς

2191 456 2329 510 Σιὼν
2359 453 2414 510 δὲ
2457 456 2556 522 τὴν
2588 453 2909 520 Ἐκκλησίαν
2941 453 3120 521 δηλοῖ.

2273 542 2492 622 [Κύριος
2526 548 2646 599 εἷπε
2709 544 2838 622 πρός
2895 545 2987 621 μὲ,
3043 546 3162 608 Υἱός
3221 566 3344 618 μου,
3398 546 3484 600 καὶ
3563 545 3627 600 τὰ
3682 545 3829 610 ἑξῆς·

2190 633 2303 689 ἀντὶ
2332 642 2448 705 τοῦ,
2499 632 2840 713 ’Λπεφήνατό
2872 654 2937 708 με
2996 635 3030 702 ἡ
3091 641 3183 692 τοῦ
3235 635 3434 712 Ποτρός
3487 635 3637 712 φύσις
3684 634 3830 690 ὶίόνο

2191 722 2249 776 06
2307 723 2713 799 προστάγματος
2772 720 3177 799 ἒνεργήσαντος·
3255 721 3390 778 ἁλλᾶ
3463 727 3562 789 τῆς
3650 723 3832 785 οὒσέας

2190 808 2537 876 ἆποδειξᾶσης
2570 810 2665 885 ἐμὲ
2712 831 3030 889 χαρακτηρα
3064 810 3156 877 τῆς
3188 819 3280 868 τοῦ
3329 813 3530 888 [ἰατρὸς
3589 812 3831 875 ὑποπτέ-

2193 921 2351 962 σεως.
2389 898 2574 962 Καλῶς
2602 901 2702 976 γὰρ
2732 905 3044 975 προσκειται
3077 901 3160 972 τὸ,
3194 900 3274 979 εἶ,
3308 900 3406 966 τὴν
3463 901 3564 977 πρὸ
3624 899 3834 955 αἰώνων

2192 986 2385 1052 δηλοῦν
2411 988 2681 1064 γέννησιν·
2716 989 2785 1052 ἦν
2815 987 2914 1062 γὰρ
2944 987 3024 1042 ἀεὶ
3057 988 3198 1050 Υἱός,
3262 987 3559 1064 Ἐπιςνεγκε
3629 985 3682 1043 δὲ
3744 991 3831 1057 τὸ,

2185 1078 2417 1153 σήμερον
2443 1074 2738 1154 γεγέννηκά
2773 1096 2855 1133 σε.
2912 1072 3006 1129 ’ίνα
3061 1079 3161 1141 τὴν
3214 1078 3346 1131 κατὰ
3405 1079 3573 1152 σάρκα
3632 1075 3834 1153 γέννη-

2186 1189 2269 1220 σιν
2298 1165 2460 1242 δείξῃ·
2491 1167 2552 1222 τὸ
2576 1167 2674 1242 γὰρ
2719 1166 2976 1240 σήμερον,
3011 1166 3208 1244 χρόνου
3267 1165 3398 1220 ἐστί·
3431 1163 3511 1220 διό
3566 1167 3652 1220 καὶ
3736 1165 3794 1219 τέ

2183 1260 2349 1310 θεηται
2383 1256 2622 1331 περὶτῆς
2681 1257 2941 1333 χρονικῆς
3003 1251 3274 1329 γεννήσεω
3311 1301 3325 1314 ,
3382 1251 3709 1312 Ἀκολούθως
3775 1251 3831 1307 δὲ

2186 1352 2262 1418 τῷ
2321 1343 2630 1422 ἀνθρωπίνῳ
2683 1344 2772 1398 καὶ
2821 1341 2888 1398 τὰ
2953 1341 3291 1419 ἒπαγόμενα,
3383 1343 3675 1420 γεγέννηκά
3737 1362 3824 1399 τε.

2185 1431 2334 1512 ’Ὅρα
2365 1440 2478 1494 πῶς
2509 1433 2608 1498 τὴν
2644 1431 2780 1487 κατὰ
2810 1431 2978 1506 σάρκα
3012 1430 3260 1504 γέννησιν
3290 1433 3571 1487 οἰκειοῦται
3614 1433 3641 1485 ὃ
3709 1437 3821 1485 Πα-

2183 1524 2283 1600 τὴρ
2303 1529 2396 1578 τοῦ
2417 1529 2734 1598 μονογενοῦς
2766 1525 2857 1573 τοῦ
2892 1518 3172 1598 Χριστςῦ]

3695 1695 3826 1762 γῆες

461 1778 525 1838 in
554 1779 728 1853 virga
758 1777 983 1854 ferrea.
1033 1777 1092 1839 ld
1146 1788 1236 1840 est
1277 1778 1336 1838 in
1387 1798 1588 1853 cruce,
1623 1782 1796 1860 cujus
1855 1781 2093 1841 materia

2206 1791 2468 1853 ιοιμανεϊς
2521 1779 2704 1841 αὖτοὺς
2761 1777 2815 1832 ἐν
2875 1775 3049 1854 ῥάϐδῳ
3122 1775 3310 1852 σιδηρᾷ
3339 1824 3352 1836 .
3417 1775 3690 1833 Τουτέστιν
3776 1776 3833 1829 ἐν

458 1865 707 1942 lignum,
743 1867 911 1946 cujus
944 1868 1122 1928 virtus
1153 1867 1400 1928 ferrum.
1437 1867 1606 1930 Juxta
1636 1869 1948 1949 quosdam,
1973 1869 2098 1930 Ro-

459 1973 700 2016 manum
734 1955 1052 2036 imperium
1095 1957 1408 2036 significat.

2182 1876 2258 1942 τῴ
2294 1874 2529 1944 σταυρῷο
2561 1868 2594 1933 ἡ
2627 1867 2725 1940 μὲν
2753 1866 2853 1944 γὰρ
2882 1865 2983 1932 ὕλη
3036 1863 3209 1939 ξύλου,
3334 1863 3387 1919 δὲ
3448 1865 3605 1944 ἰσχὺς
3666 1866 3753 1919 σιδ
3777 1868 3831 1932 ζ-

2184 1981 2295 2036 ρου.
2329 1957 2477 2017 Τινὲς
2505 1955 2559 2010 δὲ
2588 1957 2684 2023 τὴν
2716 1960 2822 2012 τῶν
2853 1956 3128 2029 Ῥωμαίων
3162 1954 3338 2033 ἀρχὴν
3369 1952 3640 2020 δηλοῦσιν,

532 2061 754 2136 Adjicit
786 2062 932 2123 Dan.
975 2061 1296 2125 Barbarus
1333 2081 1346 2125 :
1383 2064 1651 2126 Conterit
1676 2063 1886 2143 ﬁgulas
1911 2082 2027 2133 vas,
2083 2064 2239 2144 quod
2275 2082 2308 2124 e
2363 2061 2639 2123 manibus
2671 2060 2830 2121 cadit
2865 2077 2878 2122 :
2911 2078 3030 2121 non
3055 2059 3268 2122 delens
3300 2059 3402 2121 sed
3440 2059 3778 2120 reformans
3815 2057 3827 2094 ⁵

455 2171 572 2212 non
606 2151 766 2212 aliud
802 2151 1010 2222 lutum,
1049 2170 1225 2229 quam
1252 2162 1438 2214 vetus.
1476 2172 1686 2234 aquam
1717 2163 1943 2215 tantum
1969 2153 2220 2227 addens,
2256 2151 2412 2234 quod
2450 2159 2505 2212 ct
2533 2148 2807 2213 Christus
2837 2149 2995 2212 fecit.

545 2257 631 2318 t0.
653 2257 1558 2339 Etnunc,reges,intelligile.ld
1578 2261 2096 2340 est,considerate,

457 2347 528 2408 ad
557 2347 962 2425 paenitentiam
986 2349 1795 2412 convertimini.Erudimini
1820 2351 1923 2428 qui
1943 2350 2102 2426 iudi-

455 2437 613 2496 catis
660 2444 917 2497 terram.
973 2436 1089 2498 Per
1150 2437 1315 2512 illud,
1372 2439 1730 2512 erudimini,
1769 2440 2092 2519 profectum

451 2523 781 2602 signiﬁcat;
817 2543 925 2605 per
957 2525 1105 2587 illud
1153 2535 1375 2600 autem,
1417 2527 1856 2607 Apprehendite
1903 2528 2094 2589 disci-

448 2611 706 2690 plinam,
744 2614 1191 2692 perfectionem.

2271 2259 2373 2317 Καὶ
2433 2257 2544 2336 νῦν,
2595 2255 2863 2334 βασιλεῖς,
2927 2257 3128 2312 σύνετε.
3193 2254 3437 2312 Τουτέστς
3476 2301 3497 2330 ,
3553 2255 3781 2323 νοήσατε
3818 2301 3832 2321 ,

2185 2352 2314 2429 πρὸς
2375 2345 2659 2422 μετᾶνοιαν
2718 2345 3075 2424 ἐπιστραφητε
3110 2393 3123 2407 ,
3192 2341 3510 2409 Παιδεύθητε
3545 2387 3562 2416 ,
3627 2342 3835 2403 πάντες

2180 2441 2227 2495 οἰ
2259 2439 2520 2514 κρίνοντες
2552 2435 2651 2502 τὴν
2703 2435 2828 2512 γῆν.
2903 2433 3011 2500 Τὴν
3069 2435 3166 2509 μὲν
3229 2433 3506 2511 προκοπὴν
3558 2429 3641 2486 διὰ
3713 2439 3830 2507 τοῦ,

2178 2525 2488 2591 καιδεύθητε
2520 2523 2774 2601 παριστᾷ,
2809 2522 2904 2588 τὴν
2937 2520 2990 2576 δὲ
3017 2521 3288 2577 τελειωσιν
3345 2518 3429 2575 διὰ
3484 2527 3599 2593 τοῦ,
3680 2523 3828 2597 Δρέ-

2179 2615 2329 2681 ξασθε
2357 2611 2625 2675 πκιδεῗας.

531 2721 680 2780 Dan.
718 2719 1027 2782 Barbarus
1064 2745 1075 2782 :
1119 2721 1200 2782 De
1231 2724 1327 2784 via
1359 2726 1538 2798 iusta,
1575 2740 1608 2783 a
1642 2742 1758 2803 qua
1781 2723 1885 2800 qui
1912 2722 2193 2784 aberrant
2216 2719 2435 2782 cadunt
2465 2737 2498 2780 a
2524 2720 2623 2780 via
2639 2720 2832 2794 justo.

538 2828 628 2887 19.
654 2826 707 2889 Α
715 2828 1115 2906 pprehendite
1137 2829 1523 2910 disciplinam
1560 2831 1970 2908 Evangelicam
1993 2830 2088 2890 vi-

453 2914 673 2976 delicet
703 2935 715 2976 :
745 2915 820 2976 Et
850 2934 927 2978 ne
948 2920 1216 2997 pereatis
1244 2919 1318 2979 de
1346 2919 1446 2979 via
1466 2920 1660 2998 justo.
1686 2920 1833 2998 Ejus
1859 2918 2091 2981 scilicet

452 3003 554 3080 qui
584 3004 732 3064 dixit
758 3002 845 3066 6‘z
886 3006 1008 3085 Ego
1040 3025 1170 3068 sum
1193 3011 1312 3068 via.

455 3093 603 3155 PSA
617 3093 720 3155 LM
733 3092 825 3156 US
858 3093 1052 3209 David
1082 3097 1326 3209 quando
1355 3100 1622 3209 fugieipat
1648 3118 1686 3160 a
1719 3101 1877 3176 facie
1909 3097 2090 3159 Abes-
2112 3159 2150 3209 C

948 3183 1142 3247 sulem
1183 3185 1300 3263 ﬁlii
1329 3193 1445 3248 sui.
1483 3186 1597 3250 III.

1037 3276 1078 3335 Α
1091 3285 1510 3353 rgumentum.

451 3357 757 3440 Proposita
795 3363 1003 3441 psalmi
1027 3363 1437 3443 inscriptioita
1466 3365 1663 3426 habet.
1695 3363 1846 3427 Nam
1871 3365 1981 3426 hoc
2005 3375 2096 3447 est

530 3448 684 3528 quod
721 3449 980 3528 psalmus
1013 3451 1299 3530 enuntiat,
1329 3452 1488 3532 quod
1535 3451 1763 3514 scilicet
1787 3474 1813 3509 a
1847 3452 2093 3516 Judaico

532 3537 748 3616 popqu
769 3547 1007 3600 vexetur
1033 3540 1454 3619 prophetarum
1480 3541 1912 3602 chorus.David
1933 3541 2091 3602 enim

527 3625 822 3704 signiﬁcat
843 3628 1407 3708 desideratus;quod
1427 3647 1632 3691 revera
1656 3632 1939 3711 competit
1956 3649 2088 3710 pro-

534 3715 841 3795 phetarum
864 3715 1249 3780 cboro.Sicut
1271 3735 1410 3796 ergo
1437 3719 1790 3780 Abessalom
1810 3717 2090 3782 rebellio-

532 3824 667 3864 nem
703 3806 956 3867 excitare
991 3805 1252 3868 tentabat
1293 3807 1575 3868 adversus
1606 3816 1834 3888 patrem
1887 3826 2085 3889 suum,

529 3911 636 3954 seu
670 3892 948 3955 Davidem
978 3913 995 3968 ;
1023 3900 1102 3955 tta
1133 3902 1191 3955 et
1221 3894 1409 3956 Judaei
1439 3904 1646 3957 contra
1699 3906 1896 3976 patres
1948 3916 2088 3958 suos

534 3982 852 4062 prophetas
884 3983 1359 4057 insurrexerunt,
1395 4003 1514 4046 non
1566 3987 1946 4049 admittentes
1980 3985 2088 4048 Dei

533 4071 832 4155 mandata,
865 4077 980 4134 imo
1005 4089 1141 4134 vero
1173 4071 1536 4136 obsistentes
1566 4075 1705 4136 illis.

533 4247 1951 4332 Domine,quidmultiplicatisuntquitribulant
1965 4255 2092 4315 me?

446 4338 597 4402 Illud
632 4339 779 4418 quid
811 4354 915 4418 pro
949 4339 1332 4402 vehementer
1354 4341 1612 4420 positum
1657 4349 1767 4403 est.

529 4427 590 4492 3.
617 4426 753 4489 Non
773 4433 857 4488 est
878 4429 1052 4488 salus
1074 4428 1196 4507 ipsi
1225 4431 1291 4491 in
1319 4430 1440 4491 Deo
1474 4432 1630 4507 ejus.
1664 4429 1845 4505 Deus,
1877 4429 2090 4510 inquit,

445 4517 727 4597 ejus,non
752 4515 980 4577 salvum
1003 4513 1176 4578 faciet
1192 4517 1666 4600 eum.Siquidem
1691 4519 1752 4580 in
1772 4531 2085 4600 peccatum

448 4607 577 4686 ejus
600 4613 825 4666 tantum
849 4604 1008 4684 quod
1032 4615 1403 4687 perpelrarat
1422 4607 2089 4689 intuebantur,ejusque

450 4694 854 4775 paenitentiam
875 4692 1384 4772 ignorabant.Hoc
1400 4706 1597 4758 autem
1625 4699 1926 4777 propalam
1949 4697 2088 4760 facit

448 4784 522 4845 de
541 4782 757 4846 Davide
774 4781 996 4842 dictum
1015 4782 1306 4862 psalmum
1322 4784 1684 4848 fuisseJllud
1713 4787 1874 4848 enim
1891 4786 2085 4848 insur-

445 4889 610 4952 gere,
646 4869 884 4952 proprie
906 4870 1128 4944 dicitur
1147 4871 1222 4934 de
1241 4871 1314 4935 iis
1338 4874 1440 4954 qui
1456 4882 1631 4935 antea
1653 4893 1684 4936 e
1707 4875 2083 4938 subditorum

449 4969 618 5023 erant
649 4958 1014 5039 conditione,
1049 4959 1149 5022 sed
1213 4967 1420 5041 postea
1459 4961 1682 5024 bellum
1728 4963 2086 5026 excitarunt.

527 5138 723 5220 4.(14)
751 5137 832 5201 Tu
850 5146 1072 5220 autem,
1086 5139 1672 5222 Domine,suseeptor
1684 5159 1847 5205 meus
1859 5159 1943 5219 es,
1949 5141 2086 5224 glo-

445 5228 540 5288 ria
561 5245 716 5289 mea.
753 5227 901 5300 Quia
930 5227 1154 5289 dictum
1179 5229 1301 5309 jam
1337 5239 1448 5310 est,
1485 5231 1644 5294 hunc
1684 5231 1976 5313 psalmum
2009 5249 2079 5293 ex

445 5337 701 5401 persona
722 5318 960 5381 Domini
983 5321 1500 5403 pronuntiari,jam
1514 5322 1836 5385 dicendum
1850 5331 1940 5385 est
1952 5323 2088 5403 ejus

524 5480 587 5530 δι
615 5479 785 5542 Joan.
828 5497 946 5552 xw,
982 5481 1042 5544 6.

525 5643 653 5722 (14)
685 5641 814 5703 Haec
852 5660 972 5706 non
1001 5649 1138 5704 sunt
1170 5641 1504 5724 Athanasii,
1532 5644 1638 5705 sed
1672 5643 1921 5728 Didymi.

2258 2827 2522 2906 Δρὰξασθε
2582 2822 2821 2887 παιδείας
2865 2871 2876 2881 .
2942 2823 3050 2890 Τῆς
3117 2820 3469 2900 εὖαγγελικῆς
3520 2820 3767 2891 δηλονότι
3813 2846 3824 2857 ο

2178 2919 2275 2974 Καὶ
2345 2914 2632 2972 ἀπολεῖσθε
2688 2912 2742 2978 ιξ
2791 2911 2911 2968 ὀδοῦ
2993 2910 3195 2975 δικαίας
3233 2956 3246 2970 .
3305 2913 3406 2968 T06
3499 2912 3824 2989 εἰρηκότος·

2177 3005 2320 3082 Ἐγώ
2356 3006 2465 3078 εἰμι
2495 3006 2529 3071 ἡ
2561 3001 2701 3068 ὁδός.
2868 2996 2870 2999 ’

2177 3099 2466 3150 ΨΑΛΜΟΣ
2525 3099 2602 3165 τῷ
2664 3087 2833 3146 Δαυῗδ
2885 3088 3046 3145 ὅπότε
3123 3087 3498 3166 ἀπεδίδρασκεν
3550 3091 3655 3146 ἀπὸ
3730 3098 3827 3146 τοῦ

2493 3177 2853 3252 Ἀϐεσσαλὼμ
2911 3185 3002 3234 τοῦ
3061 3181 3173 3234 υἰοῦ
3204 3177 3380 3249 αὐτοῦ,
3419 3178 3495 3240 ν’,

2847 3267 3150 3330 ’ὶ’πόθεσις.

2175 3360 2241 3417 Ἦ
2274 3367 2367 3417 τοῦ
2399 3365 2618 3435 ψαλμοῦ
2675 3357 3001 3436 προκειμένη
3037 3354 3306 3435 ἐπιγραφὴ
3337 3356 3578 3435 περιέχει
3629 3355 3826 3422 οὕτως,

2258 3451 2421 3508 T0610
2446 3449 2546 3526 γάρ
2583 3447 2730 3503 ἐστιν
2763 3448 2790 3502 ὃ
2833 3444 2976 3523 λέγει
3010 3448 3037 3500 ὁ
3070 3444 3311 3524 ψαλμὸς,
3345 3444 3530 3522 ὅτιπερ
3565 3448 3592 3502 ὁ
3650 3449 3829 3525 χορὸς

2255 3545 2362 3595 τῶν
2391 3539 2680 3616 προφητῶν
2752 3533 2999 3591 διώκεται
3053 3535 3155 3590 ὑπὸ
3205 3537 3295 3591 106
3343 3533 3474 3590 λαοῦ
3525 3536 3632 3590 τῶν
3680 3535 3827 3592 ἰου-

2247 3627 2427 3686 δαίων.
2467 3623 2636 3681 Δαυῖδ
2663 3626 2763 3702 γὰρ
2811 3625 3156 3703 ἑρμηνεύετυι
3221 3621 3620 3697 πεποθημένος⁸
3685 3623 3824 3702 ὅπερ

2249 3719 2388 3774 ἔστὶν
2421 3719 2448 3772 ὁ
2477 3716 2641 3794 χορὸς
2675 3720 2780 3770 τῶν
2827 3713 3135 3791 προφητῶν,
3171 3711 3390 3790 ’Ὥσπερ
3420 3711 3507 3768 οὖν
3537 3714 3565 3767 ὁ
3621 3710 3820 3769 Ἀϐεσ-

2251 3805 2440 3881 σαλὼμ
2474 3803 2758 3881 ἀνταρσίαν
2801 3800 3027 3872 ὃιεζήτει
3077 3802 3213 3857 κατὰ
3269 3808 3361 3857 τοῦ
3407 3799 3535 3857 ἰδίου
3583 3804 3818 3883 Πατρὸς,

2248 3895 2486 3952 τουτέστι
2516 3899 2610 3949 τοῦ
2637 3890 2828 3970 Δαυλιδ,
2903 3889 3040 3946 οὕτω
3097 3891 3184 3946 καὶ
3241 3892 3288 3946 οἱ
3358 3887 3607 3947 Ἰουδαῖοι
3659 3889 3823 3947 ἄπαν-

2251 3983 2482 4051 ἐστησαν
2512 3982 2649 4038 κατὰ
2690 4002 2798 4036 των
2828 3978 3068 4055 πατέρων
3130 3980 3303 4035 αὐτῶν
3349 3983 3662 4058 προφητῶν,
3737 3983 3821 4054 μὴ

2250 4073 2536 4152 δεχόμενοι
2574 4073 2636 4126 τὰ
2668 4069 3055 4149 προστάγματα
3125 4067 3218 4126 τοῦ
3277 4076 3431 4148 θεοῦ,
3495 4065 3633 4124 ἀλλὰ
3686 4068 3823 4125 ἀνθ-

2252 4161 2526 4236 ιστάμενοι
2560 4161 2769 4222 αὐτοῖς.

2253 4249 2412 4329 Κύριε
2437 4297 2453 4324 ,
2516 4249 2564 4305 τί
2613 4247 3015 4315 ὶπληθύνθησαν
3073 4247 3119 4301 οἱ
3176 4242 3443 4310 θλίϐοντες
3527 4267 3594 4321 με
3641 4261 3658 4321 ;
3719 4248 3797 4303 Τὸ

2172 4341 2246 4423 τί,
2276 4341 2390 4398 ἀντὶ
2420 4345 2514 4395 τοῦ
2545 4334 2744 4418 σφόδρα
2776 4349 2978 4398 κεῖται,

2257 4430 2362 4488 Οὒκ
2413 4427 2524 4484 ἔστι
2573 4425 2809 4505 σωτηρία
2855 4425 2996 4497 αὕτῷ
3026 4422 3079 4478 ἑν
3112 4427 3229 4494 Θεῴ
3261 4423 3420 4480 αὐτοῦ
3453 4470 3471 4486 .
3523 4423 3582 4480 ’0
3663 4425 3824 4499 Θεὸς,

2176 4520 2334 4600 φησὶν
2394 4517 2552 4574 αὐτοῦ
2616 4519 2676 4574 o6
2745 4513 2906 4571 σώσει
2964 4514 3142 4572 αὖτὸψ
3205 4514 3278 4576 εἰς
3332 4513 3433 4591 γὰρ
3493 4511 3664 4588 μόνην
3723 4513 3829 4581 τὴν

2170 4607 2428 4686 ἄμαρτίαν
2492 4602 2716 4660 ἔϐλεπον
2747 4602 2813 4672 iis
2873 4602 3212 4681 ἐπεποιήκει,
3282 4601 3594 4680 ἆγιοοῦντες
3670 4604 3831 4660 αὐτοῦ

2169 4698 2266 4765 τὴν
2300 4696 2608 4772 μετάνοιαν.
2675 4702 2841 4750 Τουτο
2898 4689 2952 4747 δὲ
3006 4689 3368 4770 φανερώτερον
3426 4688 3680 4747 δείκνυσιν
3737 4689 3831 4748 ἒπὶ

2168 4789 2260 4844 τοῦ
2292 4781 2462 4844 Δαυῖδ
2503 4781 2749 4860 λέγεσθαι
2782 4783 2871 4837 τὸν
2915 4778 3152 4854 ψαλμὸν.
3193 4781 3264 4836 Τὸ
3294 4781 3395 4857 γὰρ
3439 4778 3824 4836 ἐπανίστασθαι

2171 4875 2359 4952 κυρίως
2409 4872 2620 4952 λέγεται
2683 4870 2768 4926 ἐπὶ
2825 4869 2930 4926 τῶν
2977 4869 3232 4946 πρότερον
3287 4867 3385 4942 μὲν
3461 4865 3516 4921 ἒν
3567 4867 3826 4934 ὑπηκόων

2168 4963 2311 5030 τάξει
2337 4961 2767 5037 καθεστηκότων,
2803 4958 2937 5033 μετὰ
2979 4954 3036 5012 δέ
3097 4965 3260 5015 ταῦτα
3333 4953 3570 5031 πόλεμον
3616 4954 3822 5034 ἀρκμέ·

2175 5075 2300 5112 νων.

2253 5139 2380 5221 (14)
2435 5143 2501 5196 Ζὺ
2557 5135 2611 5192 δὲ
2645 5183 2661 5210 ,
2725 5137 2875 5214 Κύριε
2931 5134 3275 5211 ἆντιλήπτωρ
3367 5155 3469 5207 μου
3527 5133 3583 5190 εἴ
3618 5179 3634 5206 ,
3700 5130 3827 5221 δύξα

2169 5220 2293 5308 μοιι,
2327 5227 2548 5295 Ἐπειδεὶε⁶
2579 5225 2803 5306 ἐλέχθη,
2832 5226 2906 5288 ὡς
2937 5222 2998 5280 ἐκ
3026 5223 3313 5302 προσώπου
3347 5223 3535 5301 Κυρίου
3589 5224 3618 5278 ὁ
3675 5220 3823 5298 ψαλ-

2169 5323 2271 5398 μὸς
2301 5315 2717 5397 ἀπαγγέλλεται,
2750 5313 2963 5392 ῥητέον,
3007 5313 3081 5377 ὡς
3129 5314 3220 5369 καὶ
3279 5311 3439 5368 αὐτοῦ
3495 5313 3718 5388 ὑψοῦται
3789 5313 3825 5380 ἡ
