4030 6216
437 347 502 412 91
1229 351 1290 412 S.
1336 346 1756 416 ATHANASII
1799 351 1965 415 OPP.
2015 349 2232 412 PARS.
2279 351 2390 411 III.
2437 382 2519 395 —
2562 351 3019 415 EXEGETICA.

3751 350 3852 414 92

520 472 620 543 τις
643 479 834 560 Vides,
865 482 1154 560 quoniam
1175 488 1240 544 tu
1271 481 1535 545 laborem
1557 489 1619 545 et
1646 482 1918 546 dolorem
1941 499 2088 546 con—

2253 483 2498 566 Blténetc,
2554 484 2636 543 ὅτι
2717 486 2781 542 σὺ
2866 485 3028 543 πόνον
3109 486 3196 542 καὶ
3252 487 3417 562 θυμὸν
3504 499 3843 551 κατανοεῖς.

427 568 1081 651 sideres.Tu,inquit,o
1117 569 1603 647 Domine,omnia
1631 570 1971 654 nosti,nihil
1995 590 2092 635 eo-

435 676 568 720 rum
597 677 731 740 qua;
763 662 915 721 ﬁunt
971 660 1232 740 ignoras,
1285 663 1406 722 imo
1459 679 1572 724 nec
1603 679 1809 724 eorum
1843 679 1976 741 quae
2029 661 2088 723 in

441 755 698 809 mentem
732 756 792 810 et
817 749 1237 828 cogitationem
1273 749 1543 813 veniunt.
1579 750 1731 823 Quin
1769 757 1828 813 et
1851 749 2090 812 labores

437 837 773 910 hominum,
809 838 1070 901 furorem
1132 847 1191 899 et
1246 837 1719 918 indignationem
1752 855 1959 902 eorum
1989 838 2092 918 qui

440 925 710 989 molestia
721 927 1274 991 aﬂiciuntaccurate
1293 929 1471 993 nosti.
1507 930 1801 1004 Quoniam
1817 927 2089 990 omnium

438 1017 830 1096 cogitationes
856 1017 1225 1092 consideras,
1261 1026 1320 1080 et
1343 1024 1402 1078 tu
1428 1037 1493 1080 es
1511 1018 1612 1100 qui
1629 1019 1812 1081 corda
1835 1021 1898 1078 et
1917 1033 2092 1079 renes

439 1107 835 1170 scrutaris.Et
860 1125 992 1168 cum
1019 1108 1150 1168 haec
1171 1106 1766 1188 videasJonganimis
1786 1115 1982 1168 tamen
2001 1125 2087 1182 es,

439 1213 661 1274 gnarus
683 1195 794 1256 sub
819 1214 995 1257 manu
1031 1203 1128 1257 tua
1151 1215 1361 1258 omnes
1392 1215 1549 1272 esse,
1584 1217 1696 1260 nec
1726 1212 2090 1276 quemquam

444 1301 618 1364 posse
645 1285 843 1368 aliquo
879 1284 1256 1364 fugere.Tibi
1281 1287 1606 1349 derelictus
1627 1297 1715 1350 est
1729 1303 2091 1371 pauper,or-

435 1373 644 1454 phano
674 1383 740 1435 tu
762 1374 941 1453 fuisti
984 1377 1248 1450 adiutor.
1306 1374 1431 1437 Hoc
1463 1384 1573 1452 est,
1612 1388 1778 1438 tuum
1810 1378 1913 1442 ille
1945 1394 2086 1439 exs-

442 1470 638 1543 pectat
667 1463 976 1530 auxilium.

522 1555 890 1619 15.Contere
906 1555 1220 1619 brachium
1233 1561 1572 1636 peccatoris
1596 1564 1651 1620 et
1672 1557 1932 1638 maligni
1940 1556 2088 1618 .Hoc

444 1647 886 1726 est,potentiam
922 1645 1174 1710 inimici.
1209 1646 1546 1724 Quaeretur
1561 1655 1890 1726 peccatum,
1917 1647 2090 1708 illius

441 1743 498 1797 et
527 1752 652 1797 non
682 1735 1050 1798 invenietur.
1083 1735 1336 1815 Propter
1366 1737 1557 1816 ipsum
1616 1737 1845 1801 scilicet
1873 1753 2086 1817 pecca-

2173 575 2269 655 Σὺ,
2311 576 2495 654 φησὶν,
2555 577 2602 630 ὦ
2663 575 2841 655 Κύριε,
2915 574 3090 632 πάντα
3150 576 3458 654 γινώσκεις,
3517 576 3606 632 καὶ
3667 573 3846 635 οὐδέν

2173 685 2232 720 σε
2265 669 2371 720 τῶν
2416 663 2795 744 πραττομένων
2855 663 3125 736 λανθάνει,
3182 662 3301 720 οὔδε
3343 669 3450 721 τῶν
3499 664 3554 720 ἐν
3613 662 3848 738 διανοίᾳ

2172 754 2259 810 καὶ
2317 751 2604 833 λογισμοῖς
2661 753 2940 810 ἀνιόντων.
2997 751 3169 809 Ἀλλὰ
3209 755 3298 809 καὶ
3339 753 3459 820 τοὺς
3499 751 3698 818 πόνους
3732 756 3849 812 αὖ·

2172 847 2278 900 τῶν
2335 843 2424 899 καὶ
2475 843 2598 907 τοὺς
2668 843 2863 918 θυμοὺς
2927 847 3037 899 τῶν
3097 843 3500 921 ἐπηρεαζόντων
3557 844 3643 901 καὶ
3691 843 3844 908 τοὺς

2174 933 2566 1012 παροργισμσὺς
2626 939 2732 989 τῶν
2765 932 3052 1010 ἀνθρώπων
3101 930 3260 995 οἶδας
3291 930 3548 1012 ἀκριϐῶς,
3596 930 3845 1001 Ἐπειδῆ

2173 1021 2386 1079 πάντων
2442 1021 2561 1088 τοὺς
2615 1021 2910 1100 λογισμοὺς
2956 1033 3265 1093 κατανοεῖς,
3317 1021 3406 1077 καὶ
3451 1022 3514 1078 σὺ
3558 1023 3587 1078 ὁ
3618 1023 3842 1093 ὶτάζων

2175 1110 2388 1191 καρδίας
2433 1112 2520 1168 καὶ
2563 1112 2805 1192 νεφρούς.
2853 1109 2960 1172 Καὶ
3015 1110 3180 1167 ταῦτα
3235 1109 3410 1168 πάντα
3457 1110 3660 1191 ἐφορῶν
3701 1132 3842 1186 μα-

2172 1204 2485 1281 κροθυΕετς,
2521 1198 2695 1280 εἰδὼς,
2756 1199 2838 1257 ὅτι
2881 1201 2984 1257 ὑπὸ
3041 1201 3138 1263 τὰς
3191 1200 3284 1265 σὺς
3313 1213 3508 1281 χεῖρας
3539 1202 3586 1258 οι
3616 1201 3840 1266 πάντες

2170 1290 2521 1371 τυγχάνουσι³
2556 1292 2641 1346 καὶ
2674 1292 2768 1347 οὐκ
2811 1288 2920 1348 ἔστι
2953 1311 3054 1347 που
3107 1287 3276 1347 οὒδίνὶ
3325 1289 3479 1354 ἐκτὸς
3515 1288 3834 1370 διαδράναι,

2171 1381 2262 1436 Σο)
2325 1378 2796 1458 ἐγκαταλέλειπται
2868 1381 2897 1435 δ
2968 1380 3218 1458 πτὼχὺς,
3295 1379 3510 1458 ὀρφανῷ
3559 1380 3628 1436 οὔ
3680 1380 3836 1448 ἦσθα

2167 1469 2380 1545 βοηθός.
2418 1473 2665 1527 Τουτέστι
2694 1469 2795 1536 τὴν
2825 1469 2967 1546 παρὰ
2989 1474 3082 1524 σοῦ
3115 1468 3261 1544 μένει
3292 1468 3570 1545 βοήθειαν,

2250 1560 2543 1636 Σύντριψον
2623 1560 2715 1616 τὸν
2815 1557 3077 1638 βραχίονα
3172 1565 3266 1616 τοῦ
3339 1559 3658 1640 ἁμαρτωΑοῦ
3729 1547 3832 1618 ut

2168 1648 2423 1729 πονηροῦ.
2486 1647 2629 1706 Ἀντὶ
2674 1647 2786 1721 τοῦ,
2873 1649 2976 1714 τὴν
3053 1645 3364 1703 δυναστείαν
3445 1648 3538 1705 τού
3588 1649 3824 1727 ἐχθροῦ.

2172 1737 2539 1806 Ζητηθήσεται
2591 1740 2624 1806 ἡ
2675 1738 2907 1814 ἁμαρτία
2984 1735 3167 1811 αὐτοῦ,
3228 1737 3317 1793 καὶ
3368 1740 3428 1796 οὒ
3484 1737 3561 1813 μὴ
3607 1741 3824 1814 εὑρεθῇ,

445 1827 754 1887 tum.Tota
777 1827 1075 1887 sententia
1106 1825 1194 1888 sic
1220 1824 1420 1886 habet:
1447 1826 1507 1887 Si
1534 1826 2088 1907 quaesierisﬁnquit,

2197 1827 2260 1884 tt’
2285 1827 2447 1895 αὒτῆν
2479 1827 2588 1903 μὴν
2617 1827 2718 1894 τὴν
2747 1827 3027 1904 ἁμαρτίαν.
3069 1827 3140 1884 Τὸ
3169 1824 3225 1881 δὲ
3257 1824 3382 1882 ὅλον
3431 1827 3595 1891 οὔτως
3624 1844 3638 1860 ⁸
3664 1826 3824 1900 Ἐὰν,

447 1923 755 1994 peccatum
794 1915 1056 1994 maligni,
1095 1933 1214 1976 non
1250 1914 1608 1987 invenietur,
1635 1915 1689 1975 id
1723 1923 1834 1990 est,
1874 1914 2092 1996 peribit

445 2012 722 2083 peccator
753 2012 997 2083 propter
1027 2005 1222 2084 ipsum
1251 2016 1586 2086 peccatum.
1633 2074 1640 2081 ,

532 2093 942 2170 [Inveniuntur
970 2095 1067 2174 qui
1101 2093 1349 2155 salutem
1382 2113 1416 2156 a
1447 2093 1571 2155 Deo
1622 2101 2090 2175 consequuntur,

445 2181 775 2245 secundum
806 2182 951 2243 illnd
977 2203 990 2244 ε
1015 2182 1235 2245 Inveni
1265 2183 1460 2245 David
1480 2201 1717 2246 servum
1736 2202 1935 2246 meum
1951 2181 2095 2264 8",et

445 2275 685 2335 inventa
715 2278 805 2333 est
829 2273 1108 2334 drachma
1147 2273 1378 2348 perdita
1405 2271 1494 2347 88;
1529 2291 1599 2334 ac
1629 2273 1678 2333 si
1712 2273 1948 2334 inventa
1977 2291 2092 2337 non

447 2364 674 2434 fuisset,
715 2362 1134 2443 periisset.Qui
1167 2370 1439 2444 pereunt,
1477 2381 1594 2423 non
1627 2362 2009 2424 invenientur
2031 2363 2090 2423 in

448 2453 704 2530 smcula;
749 2459 946 2513 manet
1003 2453 1224 2533 quippe
1272 2451 1479 2532 judex,
1527 2471 1595 2512 ac
1623 2462 1828 2531 regnat
1852 2470 2092 2533 semper

445 2544 504 2603 in
537 2543 736 2604 futuro
769 2560 836 2602 ac
865 2559 1014 2603 novo
1047 2543 1312 2619 seeculo.]
1902 2545 1932 2573 ‘

525 2638 624 2694 46.
655 2634 950 2696 Dominus
973 2634 1255 2712 regnabit
1286 2635 1351 2696 in
1387 2636 1776 2697 aternumJn
1807 2633 2002 2695 futuro
2031 2641 2090 2694 et

446 2743 594 2784 novo
623 2722 866 2785 saeculo.

2173 1920 2354 1997 φησὶν,
2387 1917 2690 1993 Eximius:
2722 1917 2822 1982 τὴν
2853 1916 3114 1994 ἁμαρτίαν
3153 1921 3247 1972 τοῦ
3299 1925 3559 1992 πονηροῦ,
3621 1920 3681 1976 οὗ
3740 1916 3830 1991 μὴ

2175 2009 2357 2086 εὗρεθῇ
2389 2024 2404 2043 ·
2439 2005 2732 2085 τουτέστιν,
2781 2003 3066 2067 ἀπολεῖται
3098 2007 3126 2061 ὁ
3155 2007 3388 2086 πονηρὸς
3419 2004 3488 2062 δι’
3516 2007 3707 2076 αὑτήν,

2258 2094 2617 2179 [Εὖρίσκονται
2675 2099 2721 2152 οἱ
2781 2096 3072 2171 σωζόμενοι
3104 2085 3251 2172 παρᾶ
3274 2102 3368 2152 τοῦ
3399 2102 3557 2174 Θεού,
3591 2097 3664 2161 ὡς
3693 2095 3758 2154 τό
3801 2114 3820 2132 ο

2181 2189 2341 2264 Εὗρον
2405 2184 2574 2245 Δαυῖδ
2624 2186 2713 2242 τὸν
2757 2183 2942 2242 δοῦλον
2999 2205 3122 2259 μου,
3177 2185 3286 2258 καὶ,
3336 2184 3531 2263 Εὖρέθη
3578 2187 3614 2252 ἡ
3644 2183 3833 2242 ἀπολ-

2177 2277 2380 2353 λυμένη
2425 2274 2644 2355 δραχμή
2681 2291 2695 2307 ⁶
2760 2275 2849 2332 καὶ
2908 2274 3023 2331 ἐπεὶ
3081 2274 3160 2350 μὴ
3205 2273 3415 2353 εὑρέθη,
3452 2273 3701 2332 ἀπώλετο
3731 2274 3828 2338 ἄν,

2179 2369 2238 2436 οἱ
2278 2364 2639 2440 ἀπολλύμενοι
2677 2368 2783 2444 οὐχ
2813 2365 3144 2442 εὑρίσκονται
3182 2365 3256 2429 εἷς
3299 2365 3390 2420 τὸν
3419 2366 3586 2422 αἰῶνα
3621 2380 3636 2396 ⁹
3674 2363 3828 2439 μένει

2174 2457 2274 2536 γὰρ
2306 2458 2333 2512 ὁ
2368 2453 2650 2527 δικαστὴς,
2684 2457 2772 2509 καὶ
2806 2452 3076 2530 βασιλεύει
3101 2451 3388 2518 διαπαντὸς
3409 2452 3464 2510 ἰν
3491 2459 3568 2528 τῷ
3598 2452 3830 2528 μέλλον-

2169 2568 2220 2602 τι
2251 2547 2339 2602 γαὶ
2371 2545 2476 2616 νέῳ
2507 2545 2704 2621 αίῶνι.]

2254 2635 2437 2712 Κύριος
2467 2631 2767 2709 βασιλεύσει
2827 2635 2901 2697 εἰς
2957 2635 3049 2689 τὸν
3105 2634 3292 2692 αἰῶνα.
3327 2630 3420 2690 Ἐν
3445 2639 3523 2708 τῷ
3559 2631 3823 2708 μέλλοντι

2172 2725 2260 2780 καὶ
2302 2723 2404 2798 νέῳ
2433 2723 2582 2779 αἷῶνε
2594 2772 2606 2785 ,

531 2816 749 2878 Daniel
774 2815 1105 2878 Barbarus.
1135 2816 1273 2878 Haec
1303 2816 1450 2878 dicit
1476 2817 1548 2879 ad
1573 2815 2012 2880 ostendendum
2049 2835 2312 2897 praesens
2341 2823 2398 2879 et
2418 2816 2681 2878 futurum
2709 2833 2958 2895 regnum
2985 2813 3348 2888 illius.Quod
3379 2815 3428 2876 si
3450 2813 3684 2876 Domini
3715 2832 3823 2877 re-

442 2926 623 2986 gnum
650 2909 767 2970 fine
793 2915 974 2982 caret,
1011 2908 1166 2987 quod
1195 2907 1393 2968 nullus
1424 2907 1595 2985 regni
1627 2907 1794 2968 illius
1845 2906 1980 2968 ﬁnis
2028 2907 2265 2970 futurus
2294 2908 2411 2986 sit;
2438 2908 2588 2988 justi
2621 2907 2720 2989 qui
2745 2907 2880 2988 ejus
2911 2906 3229 2989 participes
3251 2913 3412 2988 sunt,
3463 2911 3814 2987 perpetuam

441 2997 612 3077 regni
647 3001 1082 3076 possessionem
1119 2997 1548 3076 adipiscentur.

525 3092 833 3171 Peribitis,
865 3097 1093 3170 gentes,
1135 3091 1208 3153 de
1262 3097 1423 3154 terra
1473 3091 1659 3156 illius.
1721 3091 1786 3153 In
1820 3100 2091 3170 tempore

448 3181 608 3242 enim
641 3179 808 3259 regni
858 3181 987 3260 ejus
1022 3179 1415 3259 projicientur
1445 3181 1503 3241 in
1548 3181 1744 3261 ignem
1778 3189 2088 3242 internum.

535 3273 774 3349 [Gentes
806 3279 973 3332 vocat
1002 3271 1244 3348 iniquos
1275 3272 1572 3352 homines,
1607 3280 1812 3353 utpote
1845 3272 1946 3353 qui
1974 3289 2091 3332 non

448 3367 639 3423 vivant
671 3360 999 3422 secundum
1029 3361 1243 3440 legem,
1273 3361 1376 3421 sed
1408 3361 1760 3438 gentilitiam
1787 3368 1842 3421 et
1873 3359 2090 3421 barba-

2253 3090 2596 3163 ,Απολετσθε’
2672 3088 2819 3159 ἔθνη,
2873 3088 2934 3144 ἐκ
2976 3093 3074 3156 τῆς
3106 3093 3210 3166 γῆς
3254 3089 3436 3150 αὒτοῦ.
3497 3085 3590 3144 Ἐν
3619 3088 3719 3167 γὰρ
3749 3094 3821 3166 τῇ

2177 3179 2418 3257 βασιλείᾳ
2445 3179 2602 3235 αὐτοῦ
2628 3177 2989 3255 βληθήσονται
3021 3180 3094 3244 εἰς
3117 3180 3179 3235 τὸ
3205 3186 3304 3257 πῦρ
3334 3178 3397 3235 τὸ
3428 3177 3664 3238 αἰώνιον.

2257 3267 2459 3352 [”Εθνη
2514 3267 2674 3325 καλεῖ
2724 3269 2845 3334 τοὺς
2899 3267 3132 3348 ἀδίκους,
3193 3270 3268 3331 ὡς
3320 3267 3398 3344 μὴ
3463 3267 3598 3323 κατὰ
3653 3270 3818 3340 νόμον

2176 3365 2403 3432 ζῶντας,
2436 3357 2575 3414 ἀλλὰ
2630 3358 2714 3414 καὶ
2774 3357 2984 3426 ἐθνικὴν
3015 3359 3104 3414 καὶ
3149 3355 3476 3436 βαρϐαρικὴν
3531 3356 3817 3432 ὠμότητα.

445 3470 572 3513 ram
605 3449 1034 3513 immanitatem
1062 3455 1514 3514 sectentur.Eos
1538 3451 1725 3513 deleri
1747 3457 1910 3529 rogat
1935 3469 1963 3510 ι·
1981 3448 2089 3511 Pe-

2197 3449 2388 3505 Γούτων
2449 3449 2590 3504 αἰτεῖ
2631 3445 2890 3526 ἐκκοπὴν,
2925 3445 3275 3522 Ἀπολεϊσθε,
3307 3445 3504 3525 λέγων,
3547 3447 3634 3502 καὶ
3680 3467 3816 3502 παν-

447 3541 673 3602 ιίὁὶίὶε.
709 3540 918 3619 inquit,
953 3547 1009 3601 et
1035 3539 1275 3602 exitium
1302 3539 1450 3620 ipsis
1473 3540 1914 3609 comminatur;
1941 3548 2002 3598 ut
2035 3546 2089 3600 et

2197 3536 2427 3616 υλεθρίαν
2483 3541 2666 3602 αὐτοῖς
2736 3535 2974 3594 ἀπειλῶν
3005 3553 3020 3567 ⁸
3078 3536 3216 3593 ὥστε
3274 3537 3363 3593 καὶ
3427 3535 3644 3598 τούτους
3681 3535 3816 3590 ἂνα-

448 3629 532 3691 illi
564 3629 866 3709 respirare
889 3631 1206 3711 possint,et
1239 3629 1300 3691 hi
1331 3629 1402 3690 ad
1442 3629 1751 3693 meliorem
1777 3647 1842 3690 se
1859 3628 2088 3708 frugem

449 3721 778 3800 recipere]

527 3810 625 3872 t7.
666 3809 1046 3870 Desiderium
1077 3826 1420 3890 pauperum
1445 3810 1774 3883 exaudisti,
1811 3810 2082 3872 Domine.

446 3901 584 3961 Haec
612 3915 866 3978 namque
900 3897 1136 3958 illorum
1171 3906 1297 3960 erat
1321 3899 1956 3978 concupiscentia,hoc
1979 3898 2088 3960 de-

445 3985 750 4050 siderium.
792 3995 855 4047 ut
887 3986 1096 4047 futuris
1123 3987 1494 4050 donarentur
1529 3988 1721 4049 bonis.
1761 3987 2089 4065 Praepara-

449 4083 674 4139 tionem
704 4076 906 4138 cordis
947 4092 1151 4138 eorum
1203 4078 1442 4140 audivit
1495 4079 1664 4140 auris
1699 4083 1828 4138 tua.
1864 4077 1948 4137 Ad
1979 4077 2092 4138 hoc

451 4183 709 4246 namque
733 4166 1030 4246 parati,ad
1054 4166 1254 4228 omnia
1279 4166 1632 4230 sustinenda
1650 4165 1829 4228 corde
1854 4183 2094 4248 promp-

453 4257 490 4317 ti
522 4262 686 4320 sunt.

531 4346 917 4428 [Praeparatio
971 4347 1168 4409 cordis
1200 4356 1287 4408 est
1325 4348 1491 4427 quasi
1539 4345 1857 4426 promissio
1882 4346 2033 4408 facta
2059 4365 2093 4408 a

452 4436 709 4499 motibus
743 4446 796 4497 et
828 4435 1140 4498 affectibus
1169 4435 1357 4498 animi
1388 4437 1459 4497 ad
1493 4435 1944 4516 obsequentium
1969 4435 2091 4498 Deo

445 4525 863 4603 reddendam]

535 4615 626 4677 18.
659 4613 948 4677 Judicare
971 4614 1209 4695 pupillo
1239 4622 1294 4676 et
1326 4615 1549 4677 humili
1579 4632 1598 4688 ;
1642 4621 1706 4675 ut
1747 4631 1870 4677 non
1901 4632 2088 4694 appo-

2174 3633 2417 3703 πνεῦσαι,
2455 3625 2725 3691 κάκείνους
2757 3625 3234 3706 σωφρονισθῆναι]

2180 3810 2193 3819 ”
2253 3806 2358 3874 Τὴν
2415 3805 2691 3880 ἐπιθυμίαν
2776 3806 2882 3862 τῶν
2954 3804 3203 3875 πενήτων
3272 3804 3616 3884 εἷσήκουσας,
3705 3803 3814 3861 Κύ-

2176 3917 2275 3975 ριε.
2338 3895 2479 3962 Αὕτη
2531 3895 2632 3973 γὰρ
2679 3896 2747 3961 ἦν
2806 3894 2980 3950 αὒτῶν
3022 3897 3056 3963 ἥ
3119 3895 3391 3971 ιπιθυμία,
3449 3895 3537 3950 καὶ
3594 3896 3744 3957 οὗτος
3775 3896 3804 3950 ὁ

2177 3985 2336 4048 πόθος
2392 3987 2453 4041 τὸ
2509 3989 2614 4040 τῶν
2671 3982 2976 4061 μελλόντων
3060 3983 3348 4050 ἀξιωθῆναι
3405 3983 3638 4062 ἆγαθῳν.
3703 3984 3813 4050 Τὴν

2177 4075 2484 4150 ἑτοιμασίαν
2552 4075 2648 4140 τῆς
2720 4071 2934 4148 καρδίας
3012 4076 3184 4132 αὒτῶν
3269 4073 3542 4152 προσέσχε
3609 4074 3669 4127 τὸ
3724 4073 3812 4137 οὓς

2179 4186 2291 4226 σου,
2329 4165 2429 4228 Εἷς
2458 4171 2614 4221 τοῦτο
2671 4164 2769 4243 γὰρ
2817 4162 3245 4242 ἒτοιμαζόμενοι,
3309 4161 3482 4219 πάντα
3531 4161 3812 4238 ὑπομένειν

2177 4258 2245 4330 τῇ
2274 4252 2456 4333 καρδία
2487 4253 2896 4332 εὑτρεπίζονται.

2261 4343 2592 4420 [Ἑτοιμασία
2647 4340 2862 4421 καρδίας
2917 4344 2950 4412 ἡ
3000 4343 3122 4401 οἷον
3181 4342 3476 4422 ὑπόσχεσις
3535 4341 3644 4398 τῶν
3716 4344 3809 4406 τῆς

2176 4438 2360 4514 ψυχῆς
2392 4433 2704 4508 κινημάτων
2728 4433 2856 4511 πρὸς
2889 4433 3335 4501 συνακολούθησιν
3368 4438 3462 4489 τοῦ
3493 4429 3661 4511 Θεοῦ]

2256 4615 2446 4690 Κρῖναι
2525 4613 2738 4692 ὀρφανῷ
2821 4609 2908 4667 καὶ
2985 4615 3242 4686 ταπεινῷ,
3325 4611 3420 4666 ἵνα
3490 4609 3568 4686 μὴ
3621 4612 3818 4690 προσθῇ

447 4712 557 4766 nat
589 4703 772 4780 ultra,
813 4712 928 4767 etc.
965 4707 1137 4777 Cum,
1172 4703 1385 4785 inquit,
1427 4720 1717 4784 pauperes
1741 4703 2089 4778 ulciscetur,

2197 4702 2277 4764 έτι.
2309 4702 2474 4779 "Ore,
2536 4703 2688 4781 φησὶ,
2742 4702 2840 4769 τὴν
2895 4697 3132 4767 ἐδίκησιν
3174 4702 3276 4758 τῶν
3307 4699 3547 4780 πτωχῶν
3578 4699 3813 4780 ποιήσει,

451 4804 587 4856 tunc
620 4813 737 4856 non
761 4801 1019 4875 apponet
1051 4792 1201 4854 ultra
1235 4792 1616 4868 magniﬁcare
1648 4811 1714 4853 se
1747 4793 1949 4856 homo.

745 4972 818 5034 In
846 4972 1030 5052 ﬁnem
1068 4971 1206 5036 PSA
1222 4969 1441 5034 LMUS
1476 4969 1677 5034 David
1705 4969 1786 5033 Χ.

1035 5061 1079 5123 Α
1097 5068 1504 5139 rgumentum.

449 5151 619 5213 Hunc
650 5167 889 5230 quoque
919 5149 1208 5229 psalmum
1264 5149 1424 5210 canit
1474 5157 1780 5229 postquam
1814 5148 2092 5212 inimicos

525 5239 843 5301 devicerat.
893 5238 1000 5300 Hic
1079 5239 1232 5318 piam
1292 5238 1648 5300 sententiam
1708 5247 2090 5322 mentemque

535 5329 789 5412 praefert.

1242 5487 1297 5532 88
1329 5489 1469 5550 Luc.
1497 5506 1593 5563 xv,
1617 5489 1683 5552 9.

528 5634 621 5712 (α)
647 5631 860 5696 Ambr.
895 5627 1284 5710 παραστιτικός
1319 5623 1572 5695 malim;
1607 5623 1816 5703 supple
1847 5625 2090 5700 ψαλμός,

526 5488 578 5533 θτ
602 5490 756 5552 Psal.
783 5506 1060 5563 Lxxxvm,
1104 5493 1153 5552 ι.

2113 4783 2295 4848 οτότε
2380 4792 2472 4847 οὒκ
2550 4790 2625 4846 ἔτι
2722 4789 3010 4869 προσθήσει
3087 4812 3181 4847 του
3253 4789 3631 4870 μεγαλαυχεῖν
3719 4787 3813 4845 ἄν-

2177 4885 2414 4945 θριιιπος.
2453 4881 2459 4888 ’

2243 4904 2356 4938 mmo
2401 4930 2414 4943 .

2209 4903 2235 4960 ρ
2364 4903 2388 4945 ς
2431 4971 2519 5034 Εἰς
2549 4972 2610 5026 τὸ
2637 4967 2814 5044 τέλος,
2848 4973 3135 5027 ΨΑΛΜΟΣ
3164 4976 3244 5044 τῷ
3274 4967 3467 5032 Δαυῖδ.
3502 4965 3565 5029 ι’.

2850 5057 3155 5124 ’Υπόθεσις.

2180 5152 2276 5210 Καὶ
2327 5149 2512 5207 τούτον
2570 5148 2705 5223 μετὰ
2762 5148 2822 5203 τὸ
2883 5148 3246 5226 περιγενέσθαι
3305 5154 3410 5206 τῶν
3455 5146 3660 5227 ἐχθρῶν
3711 5143 3815 5218 ᾅδει

2253 5242 2344 5296 τὸν
2397 5237 2635 5315 ψαλμύν,
2696 5235 2864 5294 ’Ἔστι
2945 5235 3000 5293 δὲ
3043 5237 3384 5318 φρονήματος
3447 5238 3803 5315 ἁγιοπρεποῦς

2256 5327 2656 5410 παραστατιιιόν
