4030 6216
430 282 512 345 99

1227 284 1286 348 s.
1336 283 1755 348 ATHANASII
1797 228 1960 346 ore.
2008 280 2221 347 pass.
2266 284 2378 349 III.
2426 321 2497 331 —
2550 282 3005 352 EXEGETICA.

3708 288 3848 358 100

432 417 762 496 praedictas
791 416 865 480 ab
897 417 1044 499 ipsis
1068 419 1492 499 promissiones
1515 418 1787 486 Christus
1810 417 2088 497 impleve-

2204 420 2431 500 ριάρχας
2457 423 2544 477 καὶ
2578 423 2853 503 προφήτας
2883 427 3036 503 φησὶ,
3070 429 3189 489 τοὺς
3222 433 3369 507 χαρᾷ
3408 429 3701 509 χαίροντας
3737 431 3845 490 ἐπὶ

430 505 539 568 rit.
578 505 683 567 Hm
714 516 912 569 autem
945 518 1135 576 erant.
1175 527 1308 589 quae
1337 509 1601 569 omnium
1631 506 1901 587 gentium
1933 507 2087 568 salu-

433 601 561 656 tem
592 597 1091 676 praanuntiabant.

654 778 707 837 1.
740 775 813 835 In
833 777 1041 855 finem.
1079 774 1444 839 PSALMUS
1475 775 1690 838 David.
1720 774 1812 837 XI
1827 774 1887 836 V.

1040 872 1473 950 Argumentum

442 959 619 1022 Hunc
652 967 812 1022 canit
836 961 1393 1041 psalmum,docens
1416 960 1698 1040 quidnam
1728 960 1950 1021 aditum
1977 959 2089 1019 ho-

530 1051 679 1110 mini
714 1050 980 1129 przebeat
1010 1050 1084 1111 ad
1118 1049 1278 1111 illam
1332 1048 1766 1128 assequendam
1822 1056 2041 1109 sortem
2072 1067 2087 1108 :

528 1148 895 1219 quapropter
918 1139 996 1200 ita
1018 1139 1251 1201 orditur
1274 1160 1286 1201 :

526 1229 958 1308 Domine,quis
975 1229 1274 1291 habitabit
1295 1232 1359 1288 in
1391 1226 1771 1290 tabernaculo
1793 1233 1895 1288 tuo
1922 1223 2097 1286 1711a-

446 1317 653 1378 bitatio
678 1325 770 1378 est
801 1318 1186 1378 commoratio
1220 1326 1628 1396 temporanea,
1667 1335 1782 1377 non
1832 1317 2004 1376 ﬁxam
2037 1324 2096 1375 et

446 1414 904 1485 permanentem
930 1406 1129 1479 vitam,
1158 1407 1259 1467 sed
1288 1415 1721 1485 transeuntem,
1745 1424 1812 1466 ac
1830 1422 1963 1464 cum
1990 1422 2096 1482 spe

450 1494 1001 1571 transmigrationis
1030 1496 1100 1556 ad
1137 1495 1543 1573 praastantiora
1583 1494 1961 1573 coniunctam
2012 1491 2098 1551 si-

447 1581 981 1662 gniﬁcaus.Sancti
1004 1584 1221 1663 quippe
1245 1583 1353 1644 viri
1375 1592 1466 1644 est
1492 1584 1642 1644 banc
1665 1584 1838 1642 vitam
1861 1587 2103 1661 praeter-

450 1672 652 1734 eundo
686 1689 889 1751 agere,
924 1682 1101 1751 atque
1132 1672 1205 1732 ad
1248 1671 1423 1733 aliam
1481 1671 1906 1732 transmittere.
1957 1670 2102 1742 Qum

2169 513 2244 581 τῷ
2276 511 2366 573 τὰς
2398 510 2781 591 προλεχθείσας
2843 516 3016 571 αἰτῶν
3064 516 3393 595 ὶπαγγελίας
3423 518 3841 597 ἀποπληρῶσαι

2169 600 2259 652 τὸν
2279 598 2524 672 Χριστόν.
2568 600 2725 657 Αὗται
2754 600 2809 657 δὲ
2839 605 2987 658 ὦσαν
3019 606 3069 660 αἱ
3100 606 3196 673 τὴν
3234 611 3340 662 τῶν
3371 606 3532 663 ἐθνῶν
3563 608 3841 666 ἁπάντων

2170 686 2436 765 σωτηρίαν
2465 691 2983 764 κατασημαίνουσαι.

2418 779 2501 844 Εἷς
2532 780 2591 834 τὸ
2614 777 2766 845 τέλος
2800 787 3090 840 ΨΑΛΜΟΣ
3120 791 3197 859 τῷ
3231 784 3419 848 Δαυίδ,
3456 785 3570 847 1Δ’,

2700 930 2705 935 ,
2843 870 3145 936 Τπόθεσις,

2175 961 2370 1011 Τοῦτον
2428 953 2538 1028 ᾄδει
2597 957 2687 1012 τὸν
2747 958 2987 1035 ψαλμὸν,
3044 959 3306 1019 διδάσκων
3351 964 3399 1020 τί
3430 962 3493 1019 ἂν
3541 964 3839 1042 ἄνθρωπον

2255 1048 2636 1132 παρασκευάσῃ
2664 1054 2762 1115 τῆς
2792 1051 3057 1129 μακαρίας
3090 1050 3299 1118 ἐκείνης
3332 1066 3525 1132 τυχεῖν
3556 1054 3769 1124 Αήξεως
3812 1076 3833 1094 ⁶

2254 1130 2334 1188 διὸ
2364 1136 2663 1215 ἀρχόμενος
2696 1162 2858 1219 φησιν
2889 1155 2902 1168 ⁶

2262 1224 2435 1301 Κύριε,
2498 1228 2574 1292 τίς
2647 1229 2965 1303 παροικήσει
3040 1229 3094 1285 ἐν
3150 1236 3228 1302 τῷ
3288 1234 3603 1307 σκηνώματί
3662 1255 3763 1289 σου
3810 1252 3829 1312 ς

2180 1315 2434 1390 Παροικία
2490 1318 2602 1372 ἒστὶ
2660 1315 2902 1394 διαγωγὴ
2962 1334 3308 1396 πρόσκαιρος,
3370 1325 3477 1401 οὐχ
3535 1320 3836 1397 ἱδρυμένην

2179 1403 2348 1481 ζωὴν,
2412 1402 2549 1460 ἀλλὰ
2603 1405 2894 1479 παροδικῆν
2934 1407 3019 1463 ἐπ’
3080 1407 3249 1464 ἐλπίδι
3294 1410 3391 1478 τῆς
3426 1410 3511 1466 ἐπὶ
3542 1413 3607 1466 τὰ
3643 1414 3840 1491 κρείτ-

2181 1513 2306 1547 τονα
2367 1496 2743 1567 μεταστάσεως
2800 1498 3186 1576 ὑποφαίνουσα.
3249 1496 3433 1577 Ἀγίου
3484 1502 3585 1577 γὰρ
3638 1499 3840 1578 ἀνδρὸς

2181 1579 2488 1657 παροδεύειν
2545 1586 2635 1639 τὸν
2678 1586 2794 1661 βίον
2837 1593 3048 1665 τοῦτον,
3083 1586 3374 1665 ἐπάγεσθαι
3426 1588 3482 1643 δὲ
3538 1592 3671 1668 πρὸς
3719 1590 3844 1645 ἑτέ-

2182 1691 2275 1747 ραν
2306 1673 2470 1741 ζωήν.
2515 1674 2606 1727 Διὸ
2665 1674 2753 1728 καὶ
2802 1673 2829 1729 ὁ
2893 1673 3060 1730 Δαυίδ
3118 1677 3237 1755 περὶ
3298 1679 3456 1734 αὒτοῦ
3500 1698 3655 1754 φησιο
3697 1679 3844 1755 Πάρ-

450 1780 631 1824 causa
659 1769 753 1822 est
786 1770 848 1821 ut
881 1762 1060 1823 David
1087 1761 1161 1821 de
1192 1779 1256 1822 se
1278 1759 1406 1842 ipso
1431 1758 1657 1821 dicat”
1687 1780 1699 1821 :
1727 1760 1973 1822 Advena
1996 1775 2097 1836 ego

2204 1781 2327 1823 »ικος
2386 1760 2494 1838 ἆγῶ
2543 1763 2649 1837 εἶμι
2704 1764 2844 1841 παρὰ
2904 1766 2986 1819 σοὶ
3047 1766 3135 1820 καὶ
3192 1764 3595 1842 παρεπίδημος,
3648 1768 3839 1830 καθὼς

449 1868 585 1912 sum
609 1850 774 1929 apud
799 1858 854 1910 te
873 1856 925 1911 et
936 1852 1487 1930 peregrinus,sicut
1510 1868 1712 1911 omnes
1726 1854 1933 1929 patres
1955 1850 2095 1909 mei.

450 1939 619 2013 Quis,
646 1939 748 2011 ait,
776 1938 990 2017 dignus
1018 1946 1129 1999 erit
1158 1940 1217 2000 in
1238 1938 1580 2000 coelestibus
1606 1938 1723 1999 illis
1746 1936 2100 1998 tabernacu-

450 2029 526 2089 lis
555 2027 939 2089 consistere?
983 2031 1097 2088 Aut
1147 2030 1280 2107 quis
1331 2028 1780 2089 tabernaculum
1827 2035 2000 2107 ponet
2029 2032 2095 2088 in

449 2126 649 2179 monte
662 2122 871 2177 sancto
892 2114 1033 2177 tuo?
1047 2114 1360 2197 Postquam
1377 2117 1533 2176 enim
1552 2116 1850 2196 quispiam
1867 2124 2092 2177 aeterno

451 2207 554 2267 illo
579 2204 963 2266 tabernaculo
996 2204 1272 2283 dignatus
1304 2204 1509 2286 fuerit,
1544 2203 1915 2266 beatitudine
1938 2204 2096 2265 frue-

451 2306 548 2361 tur
578 2298 638 2358 in
671 2296 887 2357 saacula
910 2296 1163 2358 inﬁnita.

533 2388 659 2450 2-5.
698 2387 811 2461 Qui
835 2387 1058 2448 incedit
1084 2389 1211 2449 sine
1233 2389 1501 2462 macula,
1528 2396 1643 2451 etc.
1672 2387 1856 2449 Docet
1877 2388 2094 2468 quibus

454 2476 648 2537 modis
663 2476 899 2537 beatum
917 2476 1252 2554 hujusmodi
1274 2475 1451 2537 ﬁnem
1469 2479 1845 2539 consecuturi
1859 2495 2088 2540 sumus:

455 2567 644 2644 primo
696 2565 936 2644 quidem
967 2566 1017 2624 si
1052 2563 1431 2626 immaculata
1462 2565 1551 2625 via
1583 2565 1932 2628 incedamus
1962 2584 2093 2642 quae

453 2663 543 2715 est
571 2654 698 2733 ipse
730 2651 1038 2729 Christus;
1072 2653 1314 2727 deinde,
1351 2653 1399 2713 si
1423 2672 1744 2732 operemur
1767 2656 2091 2735 justitiam;

453 2744 656 2817 tertio,
693 2740 742 2802 si
773 2761 876 2803 cor
906 2751 1173 2803 nostrum
1219 2741 1485 2802 veritatis
1513 2743 1879 2805 domicilium
1912 2761 2090 2825 pare-

455 2851 609 2913 mus;
638 2839 869 2912 quarto,
897 2830 948 2890 si
972 2831 1177 2892 dolosa
1208 2831 1481 2898 instructi
1500 2830 1700 2910 lingua
1725 2852 1843 2893 non
1866 2833 2089 2914 simus;

452 2923 689 3003 quinto,
721 2920 770 2981 si
803 2920 1019 2981 malum
1059 2920 1326 3001 proximo
1361 2938 1475 2981 non
1512 2921 1875 3004 inferamus;
1902 2930 2092 3003 sexto,

2184 1849 2375 1910 πάντες
2421 1854 2466 1905 οἱ
2524 1852 2747 1929 πατέρες
2794 1874 2918 1926 μου.
2983 1854 3095 1927 Τίς,
3158 1856 3345 1933 φησὶν,
3398 1853 3541 1921 ἄξιος
3595 1854 3744 1913 ἔσται
3780 1856 3843 1911 ἐν

2180 1935 2406 2002 ἐκείναις
2456 1952 2577 2003 ταῖς
2646 1940 2910 2017 οὖρανὶαις
2957 1943 3197 2019 γενέσθαι
3259 1958 3491 2010 σκηναῖς
3531 1964 3549 2025 ς
3593 1944 3687 2002 ”Η
3748 1946 3839 2009 τίς

2178 2030 2584 2093 κατασκηνώσει
2644 2029 2700 2084 ἐν
2758 2029 2866 2108 ὄρει
2940 2032 3075 2109 ἁγίῳ
3134 2053 3275 2107 eoo;
3349 2032 3537 2100 ἔπειδὴ
3600 2033 3664 2090 ἂν
3722 2034 3835 2113 γάρ

2182 2117 2256 2179 τὶς
2316 2115 2514 2194 ἀξιωθῇ
2570 2123 2668 2178 τῆς
2729 2121 2990 2199 μακαρίας
3043 2120 3250 2189 ἐκείνης
3304 2128 3541 2203 σκηνῆς,
3574 2124 3649 2185 εἷς
3680 2126 3828 2179 ἄπε-

2178 2206 2400 2283 ράντους
2436 2209 2631 2272 αἰῶνας
2665 2206 2764 2273 ἕξει
2792 2209 2887 2277 τὴν
2917 2211 3307 2289 μακαριότητα,

2260 2388 2622 2465 Πορευόμενος
2690 2387 2941 2468 ἄμωμος,
3009 2390 3096 2444 καὶ
3144 2392 3206 2446 τὰ
3249 2391 3396 2459 ἑξῆς,
3448 2391 3697 2449 Διδάσκει
3750 2389 3825 2447 δι’

2174 2479 2248 2531 ὧν
2292 2476 2575 2551 τευξόμεθα
2635 2485 2723 2533 τοῦ
2808 2481 3079 2557 μακαρίου
3126 2479 3324 2537 ἐκείνου
3386 2483 3611 2559 πέρατος
3648 2498 3662 2512 ’
3730 2482 3825 2537 καὶ

2175 2568 2384 2642 πρῶτον
2443 2566 2540 2640 μὲν
2598 2568 2640 2622 εἶ
2687 2569 2784 2635 τὴν
2845 2564 3069 2642 ἄμωμον
3131 2567 3433 2644 ὁδεύσωμεν
3493 2571 3639 2651 ὁδὸν,
3699 2569 3823 2639 ἥτις

2177 2654 2317 2711 ἐστὶν
2348 2658 2373 2711 ὁ
2408 2656 2630 2733 Χριστός
2667 2672 2679 2685 ·
2731 2654 2914 2712 ἔπειτα
2959 2658 3002 2711 εἰ
3034 2656 3381 2735 ἐργασώμεθα
3417 2657 3763 2729 δικαιοσύνην
3805 2681 3820 2695 ·

2176 2746 2371 2821 τρίτον,
2422 2746 2466 2800 εἰ
2523 2744 2772 2812 ἀληθείας
2822 2746 2977 2803 οἶκον
3036 2748 3135 2814 τὴν
3193 2746 3409 2826 καρδίαν
3471 2752 3819 2829 ποιήσωμεν

2176 2833 2447 2912 τέταρτον,
2502 2836 2545 2891 εἰ
2589 2832 2767 2892 δολίαν
2820 2834 3067 2913 γλῶσσαν
3119 2835 3198 2910 μὴ
3252 2838 3577 2915 κτησώμεθα
3612 2857 3627 2872 '
3679 2843 3822 2919 πέμ-

2179 2946 2308 2980 πτον
2337 2926 2397 2980 τὸ
2430 2924 2507 3000 μὴ
2539 2926 2705 2981 κακὸν
2755 2930 2832 2998 τῷ
2887 2923 3113 2991 πλησίον
3170 2924 3500 3005 ἐργάζεσθαιο
3555 2928 3707 2988 ἕκτον
3761 2935 3825 2989 τὸ

455 3015 504 3072 si
536 3010 853 3093 opprobrio
897 3010 1230 3091 proximum
1283 3009 1543 3090 superbe
1575 3028 1694 3075 non
1719 3012 2086 3090 aﬁiciamus;

2204 3015 2257 3080 ιη
2303 3011 2550 3070 ὀνειδίσαι
2594 3016 2684 3069 τὸν
2744 3013 2969 3081 πλησίον
2999 3016 3536 3094 ὑπερηφανευόμενον
3594 3018 3823 3097 ἕϐδομον

453 3102 731 3181 septimo,
770 3100 820 3161 si
856 3117 1165 3179 personam
1202 3117 1319 3158 non
1350 3099 1716 3179 accipiamus
1746 3109 2015 3175 ;octavo,
2042 3102 2093 3164 si

2204 3105 2257 3171 ιῆ
2321 3102 2605 3181 πρόσωπον
2665 3104 2948 3174 θαυμὶζειν
2983 3121 2995 3133 ⁸
3035 3102 3221 3183 ὄγδοον
3256 3108 3317 3161 τὸ
3365 3108 3443 3181 μὴ
3474 3094 3825 3187 παραϐαίνειν

448 3190 774 3269 juramenti
810 3189 986 3250 ﬁdem
1030 3207 1151 3249 non
1183 3188 1518 3262 violemus;
1568 3208 1744 3264 nono,
1770 3190 1820 3250 si
1855 3209 1974 3251 non
2003 3191 2093 3253 fe-

454 3297 783 3359 neremur;
819 3277 1239 3358 decimo,quod
1261 3286 1351 3338 est
1373 3280 1567 3338 omnis
1587 3279 2090 3357 complementum

457 3367 622 3441 boni,
649 3367 697 3428 si
722 3366 1071 3429 muneribus
1092 3365 1276 3447 pervii
1298 3385 1417 3427 non
1441 3367 1646 3430 simus.
1668 3366 1779 3439 Qui
1804 3370 2091 3430 horumce

453 3457 790 3538 azquitatem
822 3475 890 3518 ac
940 3456 1215 3518 meritum
1249 3454 1587 3530 edidicerit,
1623 3456 1854 3518 ﬁrmam
1912 3465 2091 3536 atque

450 3545 759 3608 immotam
787 3544 1078 3607 bonorum
1112 3545 1493 3608 donationem
1523 3551 1929 3611 nanciscetur.

726 3648 779 3699 ι.
813 3639 1002 3703 Tituli
1035 3641 1373 3722 inscriptio,
1403 3641 1649 3704 Daoidi.
1692 3639 1824 3703 XV.

1043 3737 1483 3815 Argumentum
1498 3782 1512 3798 .

454 3827 640 3900 Quam
676 3845 833 3888 nunc
891 3834 1214 3889 tractamus
1257 3829 1581 3910 prophetia,
1619 3828 1881 3908 gentium
1917 3848 2095 3891 voca-

536 3916 762 3979 tionem
785 3917 1341 4001 complectitur,nec
1360 3937 1477 3979 non
1498 3916 2097 4000 variasinobsequen-

452 4006 550 4068 tite
575 4006 991 4069 accusationes
1012 4006 1294 4069 adversus
1322 4005 1606 4068 Israelem
1635 4022 1651 4082 ;
1692 4004 1959 4089 itemque
2000 4009 2097 4085 ip-

538 4115 666 4157 sum
697 4095 1190 4159 resurrecctionis
1213 4093 1533 4158 Salvatoris
1546 4095 1813 4159 omnium
1832 4106 2098 4159 nostrum

538 4182 570 4248 J
578 4205 683 4248 esu
709 4184 929 4249 Christi
955 4183 1325 4266 mysterium:
1349 4184 1507 4248 unde
1527 4184 1787 4247 arbitror
1807 4187 2098 4249 canticum

541 4276 695 4338 istud
721 4283 987 4349 vocatum
1008 4274 1556 4357 στηλογραςρίαν,8ἰνθ
1578 4275 1732 4337 tituli
1758 4286 1858 4338 aut
1879 4276 2104 4340 colum-

534 4385 627 4429 nae
662 4364 1115 4446 inscriptionem
1166 4364 1373 4446 fuisse,
1406 4366 1533 4447 ipso
1563 4363 1785 4428 Davide
1817 4368 2104 4447 propheta

540 4455 683 4518 illud
718 4473 827 4518 ceu
859 4456 917 4515 in
950 4454 1228 4516 columna
1276 4446 1679 4537 inscribente,
1714 4453 1788 4515 ad
1820 4446 2103 4536 posteros
2124 4446 2169 4498 ο

533 4544 1094 4609 transmittendum.
1154 4543 1297 4624 Ejus
1356 4563 1534 4626 porro
1586 4543 1769 4606 verba
1814 4547 1979 4626 quasi
2031 4564 2101 4608 ex

536 4635 753 4700 Christi
783 4652 1041 4717 persona
1060 4644 1377 4699 canuntur.
1405 4638 1678 4717 Namque
1698 4642 1761 4695 ut
1785 4636 1860 4698 ita
1876 4635 2101 4699 sentia-

534 4744 668 4789 mus
699 4735 912 4787 auctor
943 4724 1114 4786 nobis
1151 4726 1366 4786 Petrus
1397 4734 1491 4786 est
1514 4722 1588 4786 ⁸³.

536 4816 840 4881 Conserva
873 4832 987 4884 me,
1039 4814 1315 4891 Domine,
1350 4816 1633 4893 quoniam
1659 4816 1897 4896 speravi
1924 4818 2100 4879 inte.

453 4905 637 4983 Quasi
652 4914 960 4986 assumpta
980 4903 1224 4967 humani
1246 4904 1487 4983 generis
1509 4905 1891 4986 persona,his
1914 4907 2101 4968 Deum

459 5012 521 5061 et
546 5000 783 5060 Patrem
811 4994 1154 5073 alloquitur.
1175 4992 1297 5055 Nec
1320 5002 1544 5057 tantum
1570 5013 1674 5077 pro
1701 4997 1901 5070 se,sed
1922 4994 2101 5057 etiam

461 5095 708 5169 propter
732 5103 840 5145 nos
870 5092 929 5146 et
961 5101 1065 5165 pro
1106 5082 1305 5159 nobis,
1337 5092 1542 5164 utpote
1568 5100 1677 5163 per
1706 5083 2101 5148 moonomiam

459 5185 520 5237 et
538 5174 1012 5238 incarnationem
1048 5192 1205 5235 unus
1230 5191 1299 5233 ex
1316 5171 1485 5233 nobis
1508 5173 2102 5237 eﬁ‘ectus.Dominum

456 5264 659 5346 itaque
690 5261 925 5325 Patrem
957 5270 1147 5343 vocat,
1183 5260 1341 5343 quod
1377 5260 1437 5322 in
1469 5261 1660 5326 forma
1705 5264 1859 5325 servi
1901 5263 2102 5328 fuerit.

457 5352 811 5419 Conservari
862 5360 1059 5414 autem
1093 5370 1158 5413 se
1204 5349 1462 5432 postulat
1504 5362 1749 5434 propter
1776 5351 2104 5417 Ecclesiam

456 5463 588 5525 quae
614 5461 748 5506 caro
784 5442 973 5524 ipsius
1005 5450 1115 5504 est.
1149 5444 1301 5505 Caro
1332 5458 1588 5521 namque
1620 5444 1750 5522 ejus
1782 5453 1869 5505 est
1895 5443 2099 5507 Eccle-

532 5602 593 5658 θΞ
623 5603 781 5669 Psal.
813 5616 1065 5677 xxxvm,
1093 5598 1191 5663 13.
1275 5596 1331 5642 ⁸³
1358 5600 1495 5666 Act.
1528 5617 1596 5679 ιι,
1630 5603 1727 5667 25.

580 5930 817 6113 ἰ

404 5820 555 5903 Ἃ

2175 3192 2332 3271 ὅρκου
2362 3193 2537 3248 πίστιν
2573 3211 2588 3227 ⁶
2636 3193 2849 3249 ’ἐννατον
2892 3195 2953 3248 τὸ
3004 3194 3082 3269 μὴ
3114 3193 3405 3266 ἐντοκίζειν
3438 3216 3449 3228 ⁸
3502 3195 3747 3277 δέκατον,
3796 3202 3824 3255 ὃ

2175 3283 2261 3339 καὶ
2302 3278 2453 3344 τέλος
2514 3281 2625 3337 ἐστὶ
2678 3283 2875 3345 παντὸς
2915 3281 3135 3359 ἀγαθοῦ,
3191 3279 3598 3364 ἀδωροδόκητον
3651 3287 3819 3351 εἶναι,

2175 3371 2383 3429 Τούτων
2433 3373 2460 3426 ὁ
2491 3370 2735 3447 ἆκμαθὼν
2780 3371 2881 3439 τὴν
2907 3370 3236 3451 κατόρθωσιν
3268 3372 3560 3434 ἀσάλευτον
3590 3375 3821 3442 ἕξειτῶν

2174 3459 2387 3537 ἀγαθῶν
2416 3458 2515 3526 τὴν
2545 3457 2715 3521 δόσιν.

2566 3638 2942 3721 Στηλογραφία
2972 3648 3049 3718 τῷ
3083 3641 3272 3706 Δαυίδ,
3316 3642 3424 3704 ιε’.

2369 3791 2374 3797 ,
2843 3730 2859 3755 ’
2870 3740 2947 3789 Υπ
2957 3734 3128 3795 όθεσις
3140 3780 3154 3793 .

2180 3820 2245 3878 Ἠ
2298 3819 2351 3877 ἓν
2437 3821 2591 3901 χερσὶ
2648 3820 2941 3901 προφητεία
3017 3822 3262 3904 περιέχει
3334 3824 3433 3893 τὴν
3490 3832 3599 3883 τῶν
3660 3825 3824 3885 ἐθνῶν

2260 3910 2479 3987 κλῆσιν,
2538 3912 2626 3966 καὶ
2669 3912 2735 3969 τὰ
2794 3908 2881 3967 ἐπὶ
2921 3924 3044 3977 ταῖς
3102 3913 3395 3980 ἀπειθείαις
3462 3923 3557 3973 τοῦ
3613 3917 3829 3998 Ἰσραὴλ

2263 3999 2603 4081 ίγιιλήματα,
2636 4002 2724 4056 γαὶ
2755 3999 2865 4076 μὴν
2893 4004 2980 4057 καὶ
3040 4004 3166 4061 αὐτὸ
3213 4005 3275 4060 τὸ
3331 4009 3433 4073 τῆς
3478 4007 3826 4073 ἀναστάσεως

2262 4096 2356 4145 τοῦ
2410 4088 2624 4145 πάντων
2690 4088 2844 4164 ἡμῶν
2889 4095 3141 4168 Σωτῆρος
3200 4090 3381 4159 Ἰησοῦ
3448 4102 3677 4173 Χριστοῦ
3720 4120 3821 4172 μυ-

2264 4180 2482 4258 στήριον
2515 4194 2529 4207 ’
2569 4177 2683 4235 ὅθεν
2729 4178 2891 4254 οἶμαι
2940 4182 3027 4237 καὶ
3072 4180 3469 4264 στηλογραφίαν
3520 4185 3828 4262 ὠνομάσθαι

2265 4275 2365 4337 την
2420 4266 2586 4349 ᾠδὴν,
2634 4267 2930 4339 ἀναθέντος
2981 4270 3147 4339 αὑτὴν
3201 4281 3296 4331 τοῦ
3351 4275 3628 4353 προφήτου
3662 4274 3832 4333 Δαυῖδ

2267 4358 2446 4437 ὥσπερ
2478 4357 2532 4413 ἐν
2564 4356 2738 4434 στήλη
2783 4372 2904 4424 τοῖς
2934 4359 3053 4435 μετ’
3090 4362 3270 4423 αὐτόν.
3306 4360 3574 4436 ’ᾊδονται
3606 4362 3660 4420 δὲ
3692 4367 3739 4421 οἱ
3770 4365 3829 4422 ἰν

2268 4451 2410 4523 αὐτῷ
2439 4447 2591 4527 λόγοι
2623 4450 2696 4510 ὡς
2726 4447 2787 4504 in
2834 4449 3124 4529 προσώπου
3182 4450 3277 4508 τοῦ
3337 4460 3586 4534 Χριστοῦ.
3648 4453 3825 4519 Οὕτως

2266 4541 2367 4617 γὰρ
2399 4537 2537 4614 ἡμᾶς
2569 4539 2597 4593 ὁ
2630 4536 2826 4618 Πέτρος
2857 4537 3053 4606 ἐδίδαξε
3080 4553 3321 4622 ιρρονεῐν,

2267 4802 2506 4871 Φύλαξόν
2557 4826 2649 4881 με,
2732 4806 2907 4886 Κύριε,
2979 4805 3061 4866 ὅτι
3151 4808 3237 4866 ἆπῖ
3310 4808 3394 4867 σοὶ
3462 4806 3691 4879 ἤλπισα.
3755 4815 3825 4871 Τὸ

2186 4898 2365 4954 κοινὸν
2417 4893 2598 4974 ὥσπερ
2660 4896 2943 4976 πρόσωπον
3001 4903 3101 4967 τῆς
3160 4898 3571 4979 ἆνθρωπότητος
3616 4900 3822 4959 ἀναλα-

2186 4986 2293 5043 ϐὼν
2350 4986 2472 5049 τοὺς
2534 4987 2665 5065 πρὸς
2718 4989 2849 5042 Θεὸν
2908 4990 2993 5045 καὶ
3051 4988 3255 5069 Πατέρα
3309 5003 3546 5047 ποιεῖται
3608 4990 3824 5070 λόγουςο

2188 5079 2292 5157 οὔχ
2335 5076 2462 5155 ὅπερ
2515 5096 2576 5155 γε
2622 5075 2825 5153 μᾶλλον
2876 5076 3087 5159 ἑαυτοῦ,
3150 5074 3215 5135 δι’
3272 5077 3418 5154 ἡμᾶς
3465 5078 3519 5136 δὲ
3564 5082 3652 5137 καὶ
3707 5081 3830 5163 ὑπὲρ

2187 5170 2344 5244 ἡμῶν
2377 5170 2452 5231 ὡς
2493 5167 2578 5232 εἷς
2607 5166 2658 5233 ἐξ
2687 5169 2842 5243 ἡμῶν
2891 5166 2975 5224 διὰ
3008 5169 3103 5237 τὴν
3134 5168 3467 5244 οἰκονομίαν.
3502 5171 3690 5250 Κύριον
3744 5171 3831 5228 οὖν

2191 5258 2439 5336 ὀνομάζει
2470 5259 2561 5315 τὸν
2598 5258 2806 5338 Πατέρα
2847 5260 2931 5315 διὰ
2982 5261 3043 5315 τὸ
3087 5258 3140 5315 ἒν
3196 5265 3267 5337 τῇ
3324 5269 3423 5318 τοῦ
3465 5258 3649 5318 δούλου
3679 5260 3830 5340 γενέ-

2193 5352 2312 5406 σθαι
2371 5351 2578 5428 μορφῇ.
2631 5346 2982 5429 Φυλαχθῆναι
3039 5346 3094 5406 δὲ
3167 5351 3326 5409 αὐτὸν
3384 5349 3529 5406 αἰτεῖ
3594 5347 3681 5408 διὰ
3731 5350 3830 5406 τὴν

2196 5436 2548 5519 Ἐκκλησίαν,
2610 5436 2645 5504 ἥ
2702 5437 2845 5497 ἔστιν
2904 5443 2938 5509 ἡ
3000 5439 3126 5518 σὰρξ
3187 5438 3366 5497 αὐτοῦ.
3435 5435 3501 5495 Ἢ
3560 5438 3686 5518 σὰρξ
3739 5440 3834 5519 γὰρ
