4030 6216
459 343 574 412 107

1243 347 1303 414 S.
1347 351 1776 418 ATHANASII
1820 349 1985 417 OPP.
2038 343 2254 418 PARS.
2301 353 2410 415 III.
2466 387 2533 399 -υ
2585 345 3038 418 EXEGETlCA.

3721 343 3848 418 108

457 491 554 546 cet
581 481 642 546 id
671 502 914 565 quoque
946 483 1278 548 cavendum
1309 495 1546 560 esse,ut
1565 488 1718 550 nihil
1750 486 2099 566 mortale,ni

2215 493 2320 540 τῶν
2348 486 2658 562 ἀνθρώπων,
2729 486 2995 568 Διδάσκει,
3053 492 3126 552 ὡς
3170 491 3257 545 καὶ
3287 496 3438 546 τοῦτο
3483 487 3836 567 παραφυλάτ-

457 573 544 635 hil
600 573 929 635 humanum
981 573 1315 654 loquamur.
1383 577 1635 658 Propter
1681 577 1857 640 verba
1907 579 2104 639 labio-

460 680 599 724 rum
633 669 876 726 tuorum
907 681 1014 745 ego
1045 665 1340 726 custodivi
1377 668 1512 728 vias
1559 669 1770 730 duras.
1804 665 2105 745 Objussa,

455 751 675 833 inquit,
710 760 828 822 tua.
860 763 1168 831 angustam
1200 761 1259 815 et
1283 762 1504 816 arctam
1533 765 1761 836 portam
1809 756 2099 834 ingressus

2206 753 2420 834 ἐφύλαξα
2515 753 2668 818 ὁδοὺς
2756 753 3018 833 σκληράς,

459 859 620 904 sum.

537 1024 600 1088 5.
632 1023 859 1105 Perﬁce
888 1041 1124 1104 gressus
1156 1043 1313 1088 meos
1342 1029 1407 1088 in
1426 1028 1656 1089 semitis
1683 1029 1829 1100 tuis,
1861 1028 2106 1090 etc.Do—

457 1122 625 1176 cetur
656 1113 751 1174 his
781 1114 976 1175 verbis
1009 1133 1082 1175 ne
1112 1113 1226 1175 sibi
1257 1115 1571 1195 quisquam
1598 1115 1742 1178 ﬁdat
1769 1137 1784 1197 ;
1844 1115 1950 1178 sed
1985 1117 2108 1178 Deo

459 1202 768 1264 innitatur.

538 1290 801 1372 [Semitae
816 1299 1013 1354 autem
1033 1292 1271 1355 Domini
1293 1305 1434 1355 sunt
1459 1293 1914 1357 observationes
1949 1312 2105 1353 man-

459 1379 790 1461 datorum.]
1963 1379 1966 1382 ’

537 1470 596 1532 6.
631 1469 763 1549 Ego
794 1470 1051 1532 clamavi
1077 1473 1366 1550 quoniam
1398 1474 1710 1534 ewaudisti
1755 1491 1867 1547 me,
1919 1474 2102 1534 Deus.

460 1558 640 1632 Illud,
677 1560 1008 1638 exaudisti,
1057 1578 1183 1638 pro,
1235 1561 1536 1625 exaudies.
1589 1561 1716 1623 Non
1747 1569 1976 1624 temere
2005 1562 2106 1622 his

460 1646 658 1708 verbis
682 1667 812 1708 sum
847 1667 1008 1720 usus,
1039 1650 1146 1710 sed
1187 1660 1345 1712 tuam
1378 1661 1660 1731 expertus
1692 1651 2097 1712 clementiam.

459 1739 554 1801 Me
585 1737 806 1818 (ιιιίρρε
834 1746 1140 1815 r0gentem
1173 1758 1328 1820 saepe
1357 1739 1666 1800 exaudisti.
1706 1739 1948 1801 Incliua
1977 1758 2100 1801 (tu--

2187 577 2366 630 τεσθαι
2401 577 2532 654 πρὸς
2572 577 2632 631 τὸ
2667 574 2836 650 μηδὲν
2881 578 3073 644 θνητὸν
3125 575 3260 652 μηδέ
3309 578 3634 656 ἀνθρώπινον
3661 578 3838 658 φθέγ-

2189 668 2396 741 γεσθαι.
2481 665 2578 720 Διὰ
2667 669 2786 728 τοὺς
2845 663 3036 743 λόγους
3102 673 3206 723 τῶν
3273 665 3503 748 χειλέων
3559 689 3655 726 σου
3721 667 3840 744 ἐγώ

3115 757 3212 812 Διὰ
3291 757 3357 812 τὰ
3443 757 3508 811 σὰ
3589 758 3838 834 προστά-

2193 865 2396 922 γματα,
2457 845 2586 922 φησὶ
2643 843 2739 910 τὴν
2789 845 2980 911 στενὴν
3030 845 3118 900 καὶ
3175 843 3530 921 τεθλιμμένην
3571 844 3840 916 εἷσήλασα

2189 931 2388 998 πύλην.

2277 1021 2597 1100 Κατάρτισαι
2683 1022 2748 1077 τὰ
2833 1019 3136 1098 διαϐήματά
3195 1045 3295 1099 μου
3339 1024 3394 1080 ἐν
3451 1037 3574 1089 τοῖς
3631 1022 3839 1102 τρίϐοις

2195 1131 2311 1170 σο),
2375 1109 2621 1168 Διδάσκει
2675 1115 2702 1166 ὁ
2755 1109 2913 1189 λόγος
2955 1114 3034 1186 μὴ
3081 1114 3389 1170 πεποιθέναι
3449 1112 3531 1193 ἐφ’
3588 1113 3834 1188 ἑαυτοῖς,

2190 1200 2272 1255 ἱπὶ
2303 1197 2357 1254 δὲ
2386 1204 2463 1271 τῷ
2492 1207 2606 1274 Θεῷ
2650 1199 3099 1277 ἐπιστηρίζεσθαι,

2271 1288 2463 1366 [Τρίόοι
2495 1287 2550 1344 δὲ
2585 1289 2768 1367 Κυρίου
2799 1289 2903 1345 τῶν
2931 1289 3158 1347 ἐντολῶν
3183 1293 3232 1346 αἱ
3265 1289 3569 1370 τηρήσεις]

2271 1463 2413 1542 Ἐγὼ
2467 1465 2740 1544 ἐκέκραξα,
2826 1465 2905 1522 ὅτι
2987 1470 3303 1537 εἷσήκουσας
3371 1493 3500 1549 μου,
3562 1471 3589 1525 ὀ
3669 1471 3826 1534 Θεός.

2188 1557 2257 1612 Τὸ
2342 1556 2682 1636 εἷσήκουσας,
2757 1556 2870 1612 ἀντὶ
2944 1565 3059 1637 τοῦ,
3145 1559 3452 1634 εἷσακούσῃ.
3529 1561 3600 1616 Ob
3649 1560 3834 1632 μάτην

2189 1641 2363 1698 τοϊσῖε
2395 1657 2512 1706 τοῖς
2545 1643 2722 1722 λόγοις
2773 1645 3118 1724 ἐχρησάμην,
3177 1645 3314 1702 ἀλλὰ
3354 1660 3549 1725 πεῖραν
3593 1653 3690 1715 τῆς
3723 1654 3830 1713 σῆς

2187 1731 2330 1812 ἔχων
2371 1732 2758 1812 φιλανθρωπίας
2795 1755 2807 1767 ·
2837 1734 3092 1802 ’ἤκουσας
3145 1737 3244 1814 γάρ
3281 1758 3401 1810 -μου
3461 1736 3830 1814 παρακαλούν-

459 1845 589 1889 rem
611 1837 778 1889 tuam
799 1825 1139 1888 mihi.Deus
1159 1835 1312 1888 totus
1333 1829 1493 1890 auris
1522 1837 1844 1908 est,utpote
1857 1830 1956 1908 qui
1979 1849 2099 1889 om-

2206 1845 2274 1884 :0:
2331 1821 2612 1887 πολλάκις.
2667 1823 2860 1882 Κλτνον
2921 1828 2982 1880 τὸ
3058 1826 3150 1890 οὖς
3215 1847 3306 1880 σου
3365 1825 3505 1899 ἐμοί,
3565 1824 3740 1890 "Oli";
3805 1831 3833 1882 ὁ

463 1915 562 1976 nia
591 1915 813 1978 audiat.

542 2005 668 2084 Ego
713 2003 993 2078 clamavi,
1030 2013 1148 2068 etc.
1175 2003 1304 2066 Non
1337 2005 1554 2068 frustra
1584 2008 1801 2082 clamo,
1836 2007 1940 2069 sed
1971 2009 2108 2087 quia

465 2093 819 2174 plerumque
835 2094 1122 2156 exaudisti
1157 2113 1274 2167 me,
1308 2103 1442 2173 peto
1471 2095 1644 2158 etiam
1672 2116 1828 2158 nunc
1847 2106 1911 2158 ut
1933 2115 2107 2158 exau-

463 2183 593 2244 dias
625 2200 745 2244 me.
767 2180 1000 2244 Clamor
1028 2191 1228 2244 autem
1263 2183 1484 2256 ille,est
1503 2187 1722 2247 intenta
1757 2204 1895 2264 erga
1918 2185 2104 2246 Deum

463 2271 788 2354 cogitatio.]

545 2361 816 2442 [Adipem
864 2378 1043 2422 suum
1097 2361 1534 2424 concluserunt.
1575 2362 1771 2442 Adipe
1815 2363 2106 2442 significat

460 2449 846 2510 inimicorum
887 2448 1196 2510 maximam
1234 2453 1742 2529 prosperitatem.]

547 2537 862 2602 lLOculos
890 2553 1030 2599 suos
1058 2545 1402 2600 statuerunt
1425 2538 1732 2602 declinare
1757 2541 1823 2600 in
1855 2547 2097 2602 terram.

467 2622 650 2706 Unus,
701 2626 892 2705 inquit
931 2643 1149 2705 scopus
1166 2625 1273 2686 fuit
1306 2625 1423 2686 illis
1457 2635 1520 2687 ut
1549 2627 1620 2688 ad
1649 2636 1866 2689 terram
1888 2628 2098 2688 demit-

465 2723 616 2789 tant,
642 2723 702 2775 et
731 2732 862 2794 qua
891 2731 1131 2774 carnem
1164 2723 1434 2794 spectant
1469 2719 1692 2778 sentire
1715 2717 2020 2779 suadeant.

549 2805 640 2866 14.
691 2806 1009 2864 Frameam
1034 2809 1202 2864 tuam
1233 2804 1309 2866 ab
1354 2806 1618 2866 inimicis
1646 2824 1934 2868 manuum
1963 2814 2104 2867 tua-

462 2910 627 2956 rum.
661 2891 952 2964 Quaelibet
965 2891 1116 2971 justi
1157 2895 1358 2954 anima
1389 2902 1446 2954 et
1478 2895 1846 2973 potissimum
1895 2913 2104 2956 eorum

460 2983 560 3062 qui
597 2989 941 3062 peccatores
972 2979 1046 3040 ab
1069 2979 1378 3062 impietate
1395 2982 1465 3043 ad
1495 2983 1770 3063 pietatem
1803 2993 2104 3058 revocant,

462 3091 572 3134 ceu
601 3070 828 3132 framea
859 3078 949 3131 est
978 3077 1180 3130 contra
1215 3069 1506 3147 malignos
1537 3072 1780 3152 spiritus
1839 3082 2104 3135 exacuta.

462 3159 636 3222 Hanc
666 3159 845 3238 igitur
866 3157 1174 3232 frameam,
1209 3157 1478 3234 Domine,
1533 3179 1705 3241 quam
1741 3162 1871 3240 ipse
1902 3170 2108 3222 contra

2193 1913 2320 1976 Θεὸς
2354 1918 2442 1976 οὖς
2475 1911 2640 1981 ἑστιν,
2669 1915 2741 1976 ὡς
2776 1915 2839 1968 τὰ
2868 1915 3040 1970 πάντα
3073 1914 3299 1972 ἀκούων,

2274 2000 2440 2077 [Ἐγὼ
2471 2000 2745 2082 ἐκέκραξα,
2808 2005 2895 2058 καὶ
2950 2005 3013 2059 τὰ
3073 2002 3218 2071 ἑξῆς.
3269 2007 3339 2061 Οὔ
3387 2005 3566 2078 μάτην
3625 2005 3832 2082 κράζω,

2199 2087 2366 2144 ’λλ’ἐ
2440 2091 2452 2106 ‘
2578 2089 2664 2144 ll.’
2801 2091 2830 2112 ”
3143 2093 3230 2146 i'
3344 2093 3356 2108 ‘
3445 2095 3468 2104 ”
3567 2093 3579 2112 ’
3763 2099 3784 2108 '

2191 2112 2220 2143 α
2370 2110 2457 2145 πει
2496 2112 2581 2145 πο.
2639 2114 2754 2154 ακις
2799 2114 3058 2165 ηκουσας,
3109 2114 3239 2147 ατω
3271 2115 3359 2148 και
3413 2114 3498 2147 νυν
3557 2096 3832 2159 ακουσθη-

2192 2201 2297 2236 ναι.
2349 2180 2562 2257 Κραυγὴ
2607 2177 2660 2235 δέ
2711 2183 3009 2258 ictu-imo;
3045 2181 3174 2236 Θεὸν
3226 2184 3306 2237 καῖ
3385 2183 3413 2248 ἦ
3470 2181 3830 2256 ἐπιτεταμένη

2191 2267 2435 2347 νόησις.]

2273 2357 2364 2433 [Τὸ
2422 2359 2578 2436 στέαρ
2659 2361 2826 2414 αὐτῶν
2912 2359 3237 2422 συνέκλειον,
3303 2359 3471 2436 Στέαρ
3542 2362 3638 2428 τὴν
3689 2384 3830 2440 σφο-

2188 2444 2446 2516 δροτάτην
2478 2448 2760 2526 εὐημερίαν
2793 2453 2895 2504 τῶν
2929 2449 3134 2528 ἐχθρῶν
3165 2447 3462 2529 σημαίνει,]

2189 2538 2317 2596 Τοὺς
2401 2536 2698 2616 ὀφθαλμοὺς
2777 2539 2948 2593 αὒτῶν
3041 2537 3216 2596 ἔθεντο
3303 2538 3548 2594 ἐκκλῖναι
3623 2537 3675 2592 ἐν
3758 2543 3830 2616 τῇ

2187 2630 2279 2700 γῇ.
2330 2625 2429 2688 Εἷς
2463 2627 2684 2704 σκοπὸς,
2717 2628 2866 2705 φησὶ,
2905 2626 3124 2704 γέγονεν
3184 2627 3388 2698 αὺτοῖς,
3448 2629 3606 2684 οἱονεὶ
3662 2649 3826 2683 κατε-

2189 2736 2368 2788 νεγκαι
2397 2715 2468 2778 εἷς
2492 2719 2619 2792 γῆν,
2651 2717 2738 2770 καὶ
2769 2716 2833 2770 τὰ
2876 2718 3070 2793 σαρκὸς
3101 2731 3286 2772 πεῖσαι
3320 2731 3558 2796 φρονεῖν,

2269 2800 2556 2880 Ῥομφαίαν
2641 2824 2734 2858 σου
2785 2805 2889 2859 ἀπὸ
2949 2807 3155 2883 ἐχθρῶν
3215 2811 3320 2860 τῶν
3415 2807 3616 2885 χειρῶν
3705 2829 3826 2864 σου.

2190 2895 2425 2960 Ἰεκάστη
2459 2899 2564 2950 τῶν
2597 2893 2810 2949 δικαίων
2867 2895 3022 2973 ψυχὴ
3081 2896 3168 2950 καὶ
3199 2895 3433 2968 μάλιστα
3463 2901 3569 2951 τῶν
3627 2895 3830 2950 ἑλκόν-

2189 3007 2292 3039 των
2347 2988 2462 3041 τους
2521 2981 2865 3061 ἁμαρτωλοὺς
2922 2982 2976 3048 ἒξ
3057 2981 3296 3048 ἀσεϐείας
3358 2987 3430 3047 εἷς
3491 2985 3822 3050 θεοσέϐειαν,

2192 3074 2347 3130 οἱονεί
2377 3095 2490 3134 πως
2521 3073 2754 3152 ῥομφαία
2788 3072 2926 3128 ἐστὶν
2951 3074 3265 3148 ἧκονημένη
3300 3075 3434 3129 κατὰ
3465 3075 3572 3130 τῶν
3597 3076 3832 3150 πνευμά-

2187 3186 2294 3217 των
2325 3167 2422 3227 τῆς
2450 3163 2731 3240 πονηρίας.
2787 3163 2993 3228 Ταύτην
3045 3163 3132 3218 οὖν
3175 3163 3272 3228 τὴν
3303 3163 3588 3241 ῥομφαίαν,
3641 3167 3686 3218 ὦ
3721 3173 3830 3218 Δε-

467 3250 744 3312 inimicos
775 3256 906 3309 tuos
955 3249 1267 3328 exacuisti,
1299 3249 1462 3328 eripe
1504 3250 1575 3311 ab
1608 3250 1864 3312 inimicis
1899 3269 2099 3311 manus

2206 3270 2385 3324 τποτα,
2424 3250 2603 3329 φησὶν,
2666 3249 2731 3318 ἢν
2783 3251 2936 3314 αὒτςς
2995 3253 3130 3307 κατὰ
3160 3257 3264 3307 τῶν
3312 3258 3418 3306 σῶν
3449 3253 3655 3330 ἐχθρῶν
3685 3253 3826 3318 ἠκό-

456 3349 590 3401 tuae.
627 3338 876 3410 Quinam
913 3345 1114 3402 autem,
1141 3347 1275 3399 sunt
1309 3337 1538 3400 inimici
1571 3357 1779 3400 manus
1813 3341 1946 3412 Dei,
1984 3341 2096 3401 nisi

458 3428 560 3508 qui
593 3425 734 3487 ﬁdei
769 3425 828 3486 in
859 3422 1270 3507 Unigenitum,
1297 3427 1398 3505 qui
1427 3446 1636 3488 manus
1667 3427 1826 3488 illius
1847 3438 1960 3508 est,
1984 3429 2095 3488 ad-

455 3525 774 3578 versantur
795 3515 820 3575 Υ

543 3697 823 3769 Domine,
848 3717 886 3760 a
903 3699 1116 3778 paucis
1144 3699 1218 3762 de
1250 3707 1410 3762 terra
1438 3701 1646 3763 divide
1676 3717 1791 3762 eos.
1817 3698 2099 3761 Precatur

459 3799 525 3852 ut
573 3808 607 3850 a
657 3789 862 3870 paucis
919 3788 1088 3868 impii
1146 3801 1515 3870 separentur,
1571 3791 1726 3870 quod
1770 3798 1859 3851 est
1914 3809 1982 3850 ac
2032 3789 2079 3848 si

457 3878 889 3940 dividerentur.
922 3877 1176 3949 Quinam
1208 3889 1408 3941 autem
1441 3889 1576 3939 sunt
1617 3881 1782 3957 pauci
1838 3878 1947 3958 illi,
1985 3878 2096 3938 nisi

457 3967 533 4028 de
559 3965 774 4047 quibus
804 3965 1026 4027 dictum
1056 3975 1179 4030 est:
1207 3968 1382 4030 Multi
1435 3967 1673 4045 quidem
1730 3975 1872 4028 sunt
1903 3969 2100 4029 vocati

449 4057 632 4137 pauci
661 4072 799 4117 vero
822 4056 988 4116 electi
1013 4053 1041 4095 ³
1063 4061 1090 4116 ?

2181 3361 2372 3409 νηςας,
2425 3339 2573 3416 ῥῦσαι
2633 3341 2737 3396 ἀπὸ
2783 3342 2887 3395 τῶν
2946 3339 3152 3420 ἐχθρῶν
3211 3345 3308 3407 τῆς
3342 3342 3440 3406 σῆς
3474 3341 3680 3418 χειρός.
3731 3342 3826 3397 Τί-

2179 3453 2262 3492 νες
2289 3428 2333 3484 δ’
2365 3429 2426 3483 ἃν
2458 3428 2572 3484 εἶεν
2605 3431 2650 3485 οἱ
2705 3431 2804 3495 τῆς
2863 3433 3046 3508 χειρὸς
3081 3431 3173 3486 τοῦ
3204 3437 3333 3486 Θεοῦ
3367 3429 3552 3509 ἐχθροὶ
3573 3429 3607 3498 ἢ
3641 3433 3686 3486 οἱ
3721 3431 3826 3486 ἆν-

2177 3520 2480 3594 θιστάμενοι
2532 3523 2599 3594 τῇ
2643 3521 2714 3584 εἰς
2764 3522 2852 3576 τὸν
2917 3524 3188 3594 Μονογενῆ
3223 3522 3379 3576 αὐτοῦ
3425 3521 3629 3600 πίστει⁷
3667 3519 3816 3584 ὅστις

2179 3611 2290 3666 ἐστὶ
2322 3611 2408 3666 καὶ
2454 3609 2572 3690 χεὶρ
2606 3611 2760 3665 αὑτοῦ
2793 3630 2810 3689 ς

2268 3701 2443 3779 Κύριε,
2527 3699 2633 3754 ἀπὸ
2719 3697 2910 3776 ὀλίγων
2985 3697 3088 3754 ἀπὸ
3176 3703 3276 3774 γῆς
3343 3696 3648 3775 διαμέρισον
3723 3701 3822 3755 αὖ·

2179 3791 2320 3852 τούς.
2361 3788 2695 3864 Χωρισθῆναι
2743 3788 2862 3852 τοὺς
2919 3785 3132 3851 ἀσεϐεῖς
3187 3793 3293 3842 τῶν
3327 3786 3520 3865 ὀλίγων
3572 3787 3822 3868 εὔχεται⁹

2180 3879 2336 3936 οἱονεί
2367 3899 2480 3940 πως
2541 3875 2962 3953 διαμερισθῆναι,
2997 3877 3170 3954 ῨΤίνες
3229 3874 3283 3931 δὲ
3341 3879 3386 3932 οἱ
3419 3875 3588 3954 ὀλίγοι
3619 3877 3654 3944 ἢ
3705 3880 3826 3954 περὶ

2179 3971 2251 4024 ὧν
2297 3967 2584 4024 λέλεκται·
2642 3965 2838 4022 Πολλοὶ
2898 3953 3010 4040 μὲν⁸
3046 3965 3255 4036 κλητοὶ,
3321 3963 3490 4042 ὀλίγοι
3547 3964 3600 4022 δὲ
3663 3953 3824 4022 ἐκλε-

2181 4079 2318 4117 κτοι.

539 4215 753 4278 Daniel
769 4215 1108 4278 Barbarus:
1131 4213 1471 4295 Praeparata
1494 4216 1955 4296 est,inquit,il|is
1977 4216 2210 4279 occulta
2231 4234 2405 4298 poma
2425 4233 2559 4298 quae
2571 4233 2759 4296 usque
2780 4215 2850 4277 ad
2875 4214 3100 4277 viseera
3118 4215 3652 4298 penetrabit,juxta
3671 4214 3820 4276 illud

453 4305 610 4388 quod
634 4305 709 4366 de
728 4307 754 4364 J
765 4307 878 4366 uda
896 4305 1120 4367 dictum
1142 4313 1248 4364 est:
1283 4305 1362 4366 Et
1381 4308 1636 4367 intravit
1664 4305 2003 4369 maledictio
2026 4312 2208 4386 quasi
2227 4325 2390 4386 aqua
2423 4309 2488 4366 in
2531 4307 2827 4368 interiora
2848 4307 3066 4382 eius,et
3084 4309 3240 4368 sicut
3263 4305 3462 4368 oleum
3483 4308 3547 4368 in
3590 4306 3828 4368 ossibus

452 4395 586 4474 ejus
604 4395 661 4455 '5.

532 4557 616 4620 Et
645 4557 719 4619 de
749 4557 1120 4620 absconditis
1169 4561 1290 4618 tuis
1347 4559 1720 4636 adimpletus
1768 4566 1852 4618 es:
1902 4537 2171 4622 υθηίὲνι)

453 4643 1008 4727 corum.0mnibus,
1037 4645 1249 4726 inquit,
1275 4646 1555 4724 pretiosis
1583 4643 1748 4724 potiti
1767 4643 2095 4720 sunt;ideo-

2274 4560 2368 4615 Καὶ
2426 4565 2532 4614 τῶν
2599 4556 2978 4635 κεκρυμμένων
3053 4579 3146 4615 σου
3225 4557 3464 4625 ἐπλήσθη
3522 4560 3555 4626 ἡ
3615 4559 3824 4635 γαστὴρ

2178 4653 2371 4710 αὐτῶν,
2423 4649 2660 4721 Πάντων,
2709 4651 2860 4726 φησὶ⁷
2923 4647 3027 4703 τῶν
3076 4649 3272 4725 τιμίων
3316 4649 3624 4705 ἀπέλαυσαν
3659 4664 3672 4677 ·
3741 4647 3821 4704 διὸ

452 4757 568 4818 que
598 4738 678 4799 ita
707 4739 1178 4811 recalcitrarunt,
1236 4745 1299 4798 ut
1357 4738 1898 4817 przevaricarentur.
1957 4735 2096 4798 Alio

2206 4739 2263 4794 ,αὶ
2292 4736 2652 4794 ἀπελάκτισαν
2713 4736 2902 4810 οὕτως,
2957 4741 3028 4803 ὡς
3078 4741 3167 4794 καὶ
3197 4751 3558 4816 παρανομεῖν,
3595 4738 3710 4794 Τῶν
3762 4735 3820 4792 δὲ

451 4831 652 4893 modo.
683 4831 772 4892 De
801 4831 1170 4893 absconditis
1199 4833 1341 4902 tuis,
1375 4849 1440 4891 ac
1473 4831 1522 4890 si
1545 4827 1796 4902 diceret,
1844 4847 1989 4909 quas
2035 4839 2094 4889 tu

380 4983 388 4992 ,
453 4941 658 5006 poenas
683 4923 916 4984 occulte
943 4924 1236 5002 nosti,ego
1269 4922 1501 5001 ignoro,
1538 4921 1612 4982 iis
1641 4923 1822 5001 imple
1859 4929 2094 4982 ventres

454 5029 662 5075 eorum
695 5022 852 5093 quod
907 5012 1240 5092 periphrasi
1303 5012 1548 5091 dictum,
1607 5029 1736 5091 pro,
1773 5027 1876 5070 eos
1911 5012 2094 5090 ipsos.

453 5100 740 5164 Saturati
769 5110 910 5163 sunt
945 5101 1114 5180 ﬁliis,
1152 5109 1209 5163 et
1239 5102 1596 5163 dimiserunt
1636 5098 1931 5179 reliquias
1952 5117 2097 5161 suas

447 5190 724 5272 parvulis
752 5193 901 5253 suis.
935 5189 1110 5254 Omni
1139 5191 1350 5269 repleti
1381 5199 1518 5252 sunt
1539 5189 1942 5270 iniquitate,et
1963 5207 2093 5250 eam

454 5278 594 5342 ﬁliis
625 5281 1108 5343 transmiserunt.

539 5369 752 5450 [Atque
799 5370 986 5450 ipsam
1037 5371 1335 5451 reliquere
1369 5369 1627 5450 parvulis
1661 5367 1916 5428 ﬁliorum
1950 5386 2094 5429 suo-

450 5457 586 5523 lum
614 5459 842 5521 scilicet
873 5478 1062 5536 usque
1093 5461 1165 5522 ad
1201 5460 1580 5539 :ibnepotes,]

509 5547 743 5631 15.Ego
754 5559 953 5611 autem
975 5556 1041 5612 in
1043 5551 1290 5629 jmtitia
1302 5547 1604 5628 apparebo
1621 5548 1962 5626 conspectui
1973 5557 2093 5607 tuo.

532 5709 559 5750 ³
587 5707 797 5774 Matth.
833 5727 930 5785 xx,
963 5710 1060 5774 16.
1145 5708 1172 5751 ³
1218 5707 1375 5774 Psal.
1407 5723 1572 5789 cvm,
1596 5709 1693 5771 18.

2177 4828 2554 4906 κεκρυμμένων
2599 4849 2691 4885 σου
2739 4827 2854 4882 ἀντὶ
2913 4838 3026 4906 τοῦ,
3078 4829 3154 4884 ὧν
3206 4828 3260 4884 ἐν
3292 4828 3580 4907 ἀποκρύφῳ
3637 4849 3816 4900 τιμω-

2178 4923 2302 4996 ριῶν
2331 4917 2481 4996 ἔχεις
2513 4917 2609 4983 τὴν
2641 4918 2865 4994 γνῶσιν,
2911 4918 3021 4994 ὶγὼ
3071 4918 3269 4994 ἀγνοῶ,
3305 4919 3505 4974 τούτων
3540 4915 3819 4991 ἔμπλησον

2178 5009 2272 5070 τὰς
2342 5005 2599 5084 γαστέρας
2659 5006 2828 5061 αύτιῐιν

2179 5096 2618 5176 Ἐχορτάσθησαν
2667 5097 2790 5153 υἱῶν
2801 5143 2815 5168 ,

2921 5014 3344 5086 περιφραστικῶς
3408 5007 3546 5084 ἀντὶ,
3603 5007 3815 5068 αὐτούς,

2903 5099 2993 5152 καὶ
3079 5096 3288 5176 ἀφῆκαν
3381 5097 3444 5152 τὰ
3516 5095 3820 5152 κατᾶλοιπα

2178 5200 2296 5246 τοῖς
2391 5185 2596 5250 νηπίοις
2682 5189 2874 5247 αὐτῶν,
2970 5185 3176 5266 Πάσης,
3255 5187 3408 5264 φησὶ,
3485 5187 3822 5260 παρανομίας

2181 5275 2546 5352 ἐπλήσθησαν,
2581 5276 2668 5330 καὶ
2697 5277 2770 5336 εὶς
2803 5272 2998 5336 παῖδας
3031 5273 3085 5330 δὲ
3115 5276 3314 5342 ταύτην
3345 5276 3729 5354 παρέπεμψαν.

2264 5367 2382 5440 [Kal
2408 5366 2605 5429 ratith
2665 5363 2988 5439 κατέλειψαν
3036 5377 3154 5429 τοῖς
3186 5369 3396 5432 νηπίοις
3421 5367 3527 5421 τῶν
3555 5364 3681 5420 υἱῶν
3721 5365 3822 5420 αὒ-

2179 5461 2310 5526 ’τεῶν⁹
2343 5453 2508 5532 ἤγουν
2535 5455 2698 5532 μέχρι
2733 5451 3018 5533 ἐκγόνων]

2262 5543 2407 5620 Ἐγὼ
2463 5541 2516 5597 δὲ
2597 5546 2652 5598 ἐν
2711 5541 3018 5620 δικαιοσύνῃ
3109 5545 3406 5622 ὀφθήσομαι
3479 5552 3557 5620 τῷ
3607 5544 3816 5624 προσώι

2838 5053 2853 5085 ⁷
