4030 6216
466 315 570 394 111

462 536 778 615 prophetat
810 535 1165 596 descensum
1200 532 1460 603 Domini,
1497 540 1555 593 et
1611 533 1726 593 hoc
1769 533 2110 611 signiﬁcare

461 623 1087 686 videturzﬂumiliavit
1101 625 1486 700 semetipsum
1503 640 1691 701 usque
1703 622 1782 682 ad
1794 623 2106 684 morlrmi.

461 712 754 792 Etcaligo
778 713 889 775 sub
906 713 1163 793 pedibus
1187 715 1343 786 eius.
1369 708 1678 774 Occultum
1699 711 1755 771 in
1779 712 2110 772 (Bt‘onomia

463 821 569 863 seu
627 802 1038 863 incarnatione
1083 801 1395 861 adventum
1449 799 1766 877 signiﬁcat,
1795 808 1974 874 atque
2004 798 2108 860 Dei

465 889 931 952 invisibilitatem
964 907 1079 964 ;ne
1099 888 1260 950 illius
1287 888 1481 948 verbis
1504 888 1576 948 ad
1594 906 1794 948 rerum
1821 906 2070 966 corpora
2091 923 2104 932 -

465 979 608 1041 lium
641 980 1055 1058 cogitationem
1091 978 1529 1057 pertrahamur.

549 1073 642 1130 11.
684 1069 959 1130 Ascendit
989 1085 1172 1145 super
1200 1067 1514 1128 cherubim
1532 1073 1588 1128 et
1607 1065 1854 1137 volavit,
1882 1065 2109 1127 volavit

461 1175 648 1236 super
667 1174 899 1236 pennas
921 1156 1747 1235 ventoru:n.Assumptionem
1768 1154 1926 1215 illius
1942 1155 2105 1216 hisce

463 1245 1025 1319 indicat,cherubim
1051 1254 1108 1305 et
1123 1263 1349 1323 pennas
1363 1253 1672 1305 ventorum
1689 1243 1907 1305 nubem
1935 1257 2106 1306 vocat

463 1334 628 1415 [quae
649 1336 841 1416 ipsum
875 1335 1176 1413 suscepit:
1212 1344 1310 1394 aut
1342 1333 1628 1395 adventus
1653 1332 1868 1395 Christi
1899 1334 2103 1394 veloci-

466 1433 579 1498 tas,
605 1434 705 1485 aut
730 1425 1061 1504 praisentiai
1083 1432 1140 1484 et
1158 1423 1359 1484 auxilii
1388 1423 1551 1484 illius
1575 1424 1847 1485 celeritas
1869 1424 2102 1501 signiﬁ-

463 1515 685 1594 catnr].
714 1514 796 1575 De
825 1532 942 1594 qua
974 1513 1032 1573 in
1064 1512 1308 1574 Actibus
1351 1514 1678 1592 scriptum:
1717 1513 1948 1574 Etcum
1983 1513 2106 1574 hmc

459 1605 739 1679 dixisset,
791 1603 1134 1664 videntibus
1193 1603 1318 1663 illis
1366 1601 1630 1663 elevatus
1675 1612 1782 1675 est,
1833 1610 1886 1663 el
1929 1603 2106 1662 nubes

462 1693 721 1770 suscepit
751 1709 887 1753 eum
915 1693 991 1754 ab
1020 1691 1210 1753 oculis
1226 1709 1430 1752 eorum
1461 1691 1487 1732 ⁵
1521 1741 1533 1753 .

1260 312 1321 378 S.
1366 308 1792 375 ATHANASII
1834 307 2000 373 OPP.
2044 307 2257 373 PARS.
2305 307 2416 372 III.
2465 345 2537 354 -—-
2593 302 3041 373 EXEGETICA.

549 444 644 509 to.
670 443 1010 508 lnelinavit
1029 441 1226 516 calas,
1252 449 1314 505 et
1353 442 1684 506 descendit.
1713 441 2102 522 Apet‘lissimc

2274 441 2378 504 Καί
2440 442 2644 500 ἔκλινεν
2697 443 2954 520 οὐρανοὺς
2988 491 3004 523 ,

3718 305 3845 376 112

3087 447 3174 502 καὶ
3221 443 3421 513 κατέϐη
3457 495 3471 508 ,
3531 448 3843 504 Λευκότατα

2190 534 2512 611 προφητεύει
2545 533 2643 598 τὴν
2674 529 2966 588 κατάϐασιν
2995 539 3087 590 τοῦ
3127 534 3340 610 Κυρίου.
3402 534 3507 601 Εἴη
3536 533 3581 591 δ’
3637 535 3701 592 ἂν
3759 557 3840 602 ση

2191 623 2452 695 μαντικὸν
2525 628 2620 678 τσῦ
2655 638 2670 652 ·
2731 619 3117 679 Ἐταπείνωσεν
3173 623 3357 680 έαέτὸν
3432 625 3593 704 μέχρι
3662 625 3841 682 θανά-

2191 721 2283 765 τόυ
2310 758 2326 772 ,
2373 708 2475 769 Καὶ
2538 713 2727 789 γνόφος
2783 713 2884 766 ὑπὸ
2943 713 3062 777 τοὺς
3109 711 3270 774 πόδας
3324 715 3502 775 αὑτοῦ,
3572 716 3641 772 Τὸ
3700 714 3841 792 κρύ-

2191 820 2310 878 φιον
2339 799 2434 866 τῆς
2465 800 2520 854 ὲν
2546 805 2615 875 τῇ
2645 801 2915 875 οἰκονομίᾳ
2946 802 3163 877 πορείας
3195 800 3356 868 δηλοῖ
3413 805 3499 858 καὶ
3550 805 3610 858 τὸ
3662 803 3843 868 ἀόρα-

2191 909 2283 944 τον
2331 895 2424 944 τοῦ
2479 892 2630 944 Θεοῦ⁶
2677 888 2770 944 ἵνα
2815 891 2892 963 μὴ
2949 888 3016 944 δι’
3060 893 3134 944 ὧν
3183 892 3339 947 εἶπεν
3396 894 3468 952 εἰς
3525 893 3843 966 σωματικὰς

2192 975 2528 1051 ἑλκυσθῶμεν
2561 978 2781 1039 ἐννοίας.

2277 1063 2479 1132 Ἐπέϐη
2539 1066 2622 1144 iul
2679 1064 2938 1146 χεροοϐὶμ
2998 1067 3079 1124 δαὶ
3151 1069 3416 1136 έπετάσθη
3455 1117 3470 1145 ,
3568 1068 3848 1136 ὲπετάσθτ,

2188 1155 2274 1211 ἐπὶ
2329 1155 2604 1230 πτερύγων
2655 1155 2865 1228 ἀνέμων
2901 1204 2913 1214 .
3006 1160 3106 1214 Τὸν
3185 1156 3454 1232 ἀνάληψιν
3522 1159 3680 1214 αὑτοῦ
3749 1157 3849 1213 διά

2189 1245 2384 1300 τούτων
2445 1241 2630 1310 δηλοῖ·
2708 1243 2970 1323 χεροῶμ
3029 1246 3117 1301 καί
3174 1246 3438 1324 πτέρυγας
3484 1247 3690 1321 ἀνέμων
3735 1251 3848 1312 τήν

2188 1331 2414 1412 νεφέλην
2444 1334 2575 1410 φησὶ
2621 1331 2766 1412 [ἤτισ
2821 1335 2972 1390 αὑνόν
3024 1333 3305 1390 ὑπέλαϐεν·
3368 1336 3402 1403 ἢ
3458 1338 3518 1391 τὸ
3567 1340 3663 1404 τῆς
3716 1336 3844 1392 im-

2186 1422 2403 1502 φανείας
2435 1421 2546 1490 δξὺ,
2594 1425 2656 1477 τὸ
2686 1427 2784 1489 τῆς
2843 1426 3135 1496 παρουσίας
3191 1426 3278 1480 καὶ
3335 1426 3578 1499 βοηθεῖας
3635 1427 3838 1505 τάχος]

2186 1513 2304 1589 περὶ
2351 1514 2416 1579 ἧς
2469 1511 2521 1566 έν
2593 1525 2716 1576 ταῖς
2777 1513 3003 1590 Πράξεσι
3059 1515 3354 1591 γέγραπται
3386 1533 3401 1548 ⁸
3468 1512 3576 1574 ’Καὶ
3662 1524 3835 1572 ταῦτα

2186 1601 2349 1656 εἰπὼν
2425 1599 2734 1672 βλεπόντων
2835 1603 3008 1658 αὑτῶν
3116 1603 3319 1680 ἐπήρθη
3355 1651 3371 1682 ,
3463 1605 3548 1658 καὶ

2183 1686 2444 1744 ὑπέλαϐεν
2488 1690 2644 1745 αὑτὸν
2678 1689 2782 1744 ἀπὸ
2808 1696 2913 1744 τῶν
2935 1689 3220 1770 ὀφθαλμῶν
3249 1693 3443 1750 αὑτῶν.

3630 1603 3838 1684 νεφέλη

553 1782 729 1843 19.Et
741 1785 942 1860 posuit
961 1779 1233 1841 tenebras
1255 1779 1573 1840 latibulum
1591 1777 2098 1842 suum.Occultam

2218 1774 2370 1849 _Kzi
2429 1777 2576 1834 ἔθετο
2649 1779 2838 1842 σκότος
2895 1779 3205 1857 ἀποκρυφὴν
3279 1781 3457 1842 αὑτοῦ.
3520 1783 3623 1848 Τὴν
3690 1782 3839 1861 ἄφα-

462 1870 692 1932 scilicet
725 1881 782 1932 et
845 1871 1123 1932 latentem
1180 1866 1504 1930 Salvatoris
1564 1887 1698 1930 cum
1760 1869 2101 1930 hominibus

461 1958 1019 2021 commorationem.
1072 1957 1145 2019 In
1189 1959 1455 2018 circuitu
1485 1958 1610 2036 ejus
1649 1957 2099 2018 tabernam/um

461 2064 612 2122 ejus.
647 2044 1121 2108 Tabernaculum
1144 2054 1405 2107 sanctam
1424 2044 1752 2106 Ecclesiam
1786 2046 2100 2125 signiﬁcat,

466 2139 522 2197 in
554 2154 670 2217 qua
695 2135 993 2216 pollicitus
1017 2143 1106 2196 est
1155 2154 1218 2194 se
1265 2135 1686 2199 habitaturum.
1719 2136 1790 2197 In
1841 2139 2104 2198 circuitu

463 2229 612 2306 ejus,
631 2223 710 2286 ait
723 2227 891 2305 juxta
917 2224 1058 2287 illud
1091 2245 1103 2286 :
1166 2222 1280 2285 Ubi
1301 2224 1420 2286 duo
1451 2227 1549 2286 vel
1595 2232 1713 2286 tres
1751 2227 2105 2306 congregati

460 2318 668 2388 fuerint
704 2319 764 2372 in
793 2316 1012 2371 nomine
1052 2329 1188 2382 meo,
1225 2312 1298 2366 ibi
1326 2329 1442 2370 sum
1479 2313 1542 2369 in
1587 2313 1762 2370 medio
1818 2329 2002 2370 eorum
2026 2313 2054 2356 ϐ
2089 2358 2099 2367 .

469 2404 757 2463 Tenebrosa
795 2420 938 2476 aqua
969 2404 1031 2459 in
1076 2402 1304 2459 nubibus
1358 2404 1520 2460 aeris.
1559 2403 1675 2460 Hoc
1711 2405 1787 2460 ait
1811 2407 1940 2474 quia
1983 2421 2105 2475 quae

463 2497 540 2558 de
571 2497 674 2557 illo
708 2493 1178 2576 praanuntiarunt
1231 2495 1536 2572 propheta;
1587 2493 1840 2554 obscure
1880 2496 2099 2573 jaceat.

461 2585 571 2658 Qui
607 2585 912 2664 prophetae
944 2581 1136 2643 nubes
1163 2586 1303 2643 sunt
1332 2581 1636 2660 appellati.

537 2675 624 2730 13.
660 2674 788 2730 Prw
815 2671 1031 2743 fulgore
1073 2670 1135 2725 in
1174 2675 1455 2742 conspectu
1505 2669 1615 2740 ejus
1674 2671 1838 2726 nubes
1880 2673 2102 2727 transir.

463 2771 632 2828 runt.
685 2765 932 2832 Lumen,
969 2758 1182 2840 inquit,
1215 2759 1506 2820 adventus
1540 2759 1721 2832 illius,
1758 2761 2103 2822 manifestas

461 2852 721 2916 reddidit
741 2848 1495 2932 prophetias.[Quiaautem
1520 2848 2014 2909 comminationes
2040 2854 2098 2912 in

462 2940 826 3024 prepheticis
847 2938 1045 3000 verbis
1067 2935 1494 3007 habentur,eas
1507 2937 1795 3016 grandine
1821 2945 1878 2996 rt
1896 2938 2097 2998 carbo-

460 3028 1052 3096 nibusadumbravit.
1085 3024 1340 3100 Ve|,hoc
1373 3025 1548 3086 modo
1577 3043 1645 3088 :a
1670 3027 2101 3104 praedicationis

2187 1873 2252 1935 νῆ
2284 1869 2369 1924 καὶ
2395 1866 2751 1926 λανθάνουσαν
2783 1879 2874 1926 τοῦ
2904 1875 3155 1942 Σωτῆρος
3213 1872 3301 1926 σὺν
3356 1872 3643 1948 ἀνθρώποις
3705 1871 3838 1928 δια-

2185 1954 2388 2034 τριϐήν,
2465 1955 2661 2029 Κύκλῳ
2706 1957 2864 2013 αὑτοῦ
2892 1959 2927 2025 ἡ
2991 1960 3165 2025 σκηνὴ
3214 1963 3404 2017 αὑτοῦ.
3479 1963 3688 2028 Σκηνὴν
3747 1965 3844 2018 αὑ·
3898 1989 3916 2000 ’

2185 2055 2276 2104 τοῦ
2306 2047 2402 2114 τὴν
2434 2046 2587 2124 ἆγίαν
2631 2045 2956 2112 Ἐκκλησίαν
3011 2047 3282 2121 σημαίνει,
3351 2048 3403 2104 ἐν
3470 2051 3506 2124 ᾗ
3554 2073 3843 2118 κατασκη-

2189 2134 2724 2211 νὼσαιέπήγγελται.
2760 2131 2955 2208 Κύκλῳ
3019 2134 3072 2190 δέ
3133 2139 3311 2212 αὑτοῦ,
3372 2141 3524 2218 φησὶ,
3596 2140 3731 2195 κατά
3770 2143 3844 2194 τὸ

2187 2224 2464 2299 εἰρημένον
2503 2239 2518 2253 ⁸
2575 2221 2762 2280 ’Ὅπου
2816 2223 2976 2292 δύο
3027 2238 3171 2300 τρεῖς
3231 2227 3332 2282 εἶσι
3401 2228 3718 2305 συνηγμένοι
3780 2228 3845 2283 ἐν

2186 2320 2262 2387 τῷ
2312 2312 2426 2386 έμῷ
2476 2314 2722 2388 ὀνόματι,
2775 2314 2892 2370 ἐκεῖ
2949 2316 3057 2388 εἰμι
3110 2315 3161 2370 ἐν
3223 2317 3372 2389 μέσῳ
3428 2321 3623 2380 αὑτῶν,
3682 2323 3840 2375 Σκο-

2187 2403 2358 2458 τεινὸν
2407 2400 2542 2479 ὕδωρ
2590 2406 2642 2457 ὲν
2700 2403 2945 2483 νεφέλαις
2994 2404 3180 2482 ἀέρων.
3242 2406 3408 2463 Τοῦτό
3455 2428 3583 2476 φησι
3633 2406 3716 2462 διά
3770 2413 3841 2465 τό

2187 2490 2439 2568 ἀμαυρῶς
2471 2493 2592 2554 τοὺς
2625 2496 2742 2570 περὶ
2801 2493 2959 2548 αὑτοῦ
3002 2492 3192 2571 λόγους
3245 2495 3298 2550 ἐν
3357 2509 3474 2560 τοῖς
3533 2499 3836 2576 προφήταις

2186 2584 2419 2658 κεῖσθαι,
2452 2579 2648 2643 οἾτινες
2679 2583 2765 2637 καὶ
2793 2582 3006 2661 νεφέλαι
3037 2585 3559 2662 προσηγορεύθησαν.

2270 2669 2404 2724 Ἀπὸ
2471 2675 2567 2735 τῆς
2617 2669 3003 2748 τηλαυγήσεως
3056 2671 3280 2728 ἐνώπιον
3372 2679 3532 2733 αὑτοῦ
3587 2678 3637 2731 αἱ
3735 2698 3832 2732 νε-

2183 2756 2337 2836 φέλαι
2384 2755 2621 2824 διῆλθον.
2685 2761 2756 2824 Τὸ
2813 2766 2944 2839 φῶς,
2997 2763 3154 2838 φησὶ,
3205 2764 3303 2828 τῆς
3356 2763 3653 2839 ἐπιφανείας
3730 2769 3832 2823 αὑ-

2183 2854 2274 2902 τοὺ
2305 2849 2532 2926 φανερὰς
2587 2849 2681 2909 τὰς
2743 2851 3066 2929 φροφητείας
3127 2851 3401 2918 ἐποίησεν.
3461 2852 3703 2930 ΙἘπειδὴ
3769 2854 3827 2911 δὲ

2181 2937 2269 2992 καὶ
2290 2935 2504 2992 ἀπειλαὶ
2549 2950 2665 2998 τοῖς
2726 2952 3084 3016 προφητικοῗς
3143 2938 3406 3017 ἕγκεινται
3480 2941 3684 3022 λόγοις,
3739 2947 3834 2999 καὶ

2181 3025 2376 3088 ταύτας
2420 3024 2503 3082 διὰ
2543 3031 2640 3092 τῆς
2686 3025 2934 3105 χαλάζης
2986 3029 3074 3084 καὶ
3124 3027 3393 3105 ἀνθράκων
3448 3032 3683 3106 ᾐνίξατο,
3739 3033 3830 3089 ’Ἥ

461 3121 781 3203 splendore
811 3117 870 3179 in
901 3123 1226 3195 conspectu
1263 3115 1392 3194 ejus
1420 3123 1792 3209 transeuntes
1823 3121 2097 3197 apostoli,

2191 3113 2380 3188 οὕτως,
2427 3115 2533 3171 ἀπὶ
2565 3121 2664 3192 τῇς
2702 3123 2793 3172 τοῦ
2848 3117 3195 3195 κηρύγματος
3249 3117 3567 3196 ἐκλάμψεως
3621 3122 3831 3200 ἔμπρο-

465 3199 710 3272 n'ubium
744 3208 930 3267 instar
961 3204 1247 3264 mundum
1281 3203 1623 3279 irrigarunt.
1654 3199 1985 3264 Grandines
2001 3225 2100 3265 au-

463 3313 583 3362 tem
601 3293 1332 3378 suppliciigenussunt,ad
1357 3291 1760 3352 ulciscendum
1779 3292 2098 3375 inﬁdeles.]

463 3388 717 3452 Grande
732 3395 786 3447 et
807 3383 1104 3446 carbones
1120 3383 1308 3460 ignis.
1321 3379 1420 3442 llis
1434 3399 1500 3441 ea
1514 3379 1807 3458 signiﬁcat
1828 3399 1958 3462 quae
1974 3395 2102 3460 post

461 3477 926 3557 assumptionem
951 3472 1081 3552 ejus
1102 3471 1358 3531 inimicis
1376 3470 1742 3548 acciderant,
1769 3471 2096 3549 spirituali-

461 3567 572 3630 bus
602 3567 756 3628 dico.
795 3559 1306 3637 Quemadmodum
1336 3567 1532 3620 autem
1559 3577 1690 3618 cum
1722 3559 1996 3621 lsraelem
2031 3580 2102 3623 ex

461 3656 752 3737 [Egyptiis
791 3653 1091 3725 liberaret,
1125 3649 1477 3728 grandinem
1512 3657 1569 3709 et
1596 3648 1792 3726 ignem
1825 3667 1932 3711 ceu
1966 3652 2098 3730 plu-

463 3749 610 3809 viam
640 3743 918 3816 demisit;
955 3742 1033 3800 ita
1065 3748 1123 3800 et
1149 3757 1282 3799 cum
1315 3755 1524 3798 omnes
1552 3746 1760 3814 gentes
1783 3757 1849 3799 ex
1873 3740 2099 3801 daemo-

463 3855 604 3898 num
637 3833 916 3894 servitute
947 3829 1251 3907 liberaret,
1283 3825 1641 3906 grandinem
1705 3827 1912 3905 pluere
1964 3831 2102 3892 fecit

463 3935 522 3988 et
551 3924 839 3984 carbones
870 3919 1044 3998 ignis.
1081 3917 1288 3978 lsthaec
1345 3924 1540 3976 autem
1594 3915 1814 3978 fuerint
1858 3919 2102 3983 ultrices

464 4015 709 4075 virtutes
735 4012 1000 4092 aquibus
1033 4004 1438 4082 intelligihiles
1470 4004 1599 4063 illas
1660 4008 1956 4086 {Egyptias
1991 4031 2102 4089 ρο-

465 4111 705 4165 testates
735 4099 995 4162 sustulit.

2186 3207 2304 3260 σθεν
2358 3208 2516 3262 αὑτοῦ
2571 3203 2864 3268 διελθόντες
2915 3209 2963 3261 οἱ
3033 3206 3322 3265 απόστολοι
3380 3209 3610 3288 νεφελῶν
3678 3209 3832 3278 δίκην

2182 3295 2274 3349 τὸν
2316 3298 2518 3368 κόσμον
2541 3293 2928 3372 κατήρδευσαν,
2963 3296 3025 3350 Αἰ
3054 3293 3108 3350 δὲ
3139 3295 3372 3375 χάλαζαι
3404 3300 3674 3356 κολάσεων
3706 3298 3833 3368 εἴδη

2183 3383 2302 3446 τοὺς
2359 3383 2711 3447 ἀπιστοῦντας
2777 3383 3185 3465 ἀμυνόμεναι
3259 3385 3438 3459 Χλαζα
3495 3391 3584 3445 καὶ
3640 3388 3828 3468 ἄνθρα-

2183 3492 2274 3535 κες
2299 3471 2483 3550 πυρός.
2521 3473 2618 3528 Διὰ
2660 3473 2858 3528 τούτων
2931 3474 3179 3548 σημαίνει
3237 3477 3303 3532 τὰ
3355 3479 3491 3552 μετὰ
3548 3480 3643 3546 τὴν
3693 3479 3833 3535 ἀνά-

2187 3559 2354 3636 ληψιν
2388 3565 2546 3619 αὑτοῦ
2577 3559 2952 3636 συμϐεϐηκότα
2994 3575 3114 3628 τοῖς
3139 3563 3382 3644 ἐχθροῖς,
3431 3567 3551 3632 τοῖς
3611 3583 3834 3634 νοητοῖς

2186 3672 2348 3730 φημι,
2423 3649 2644 3728 ’Ὥσπερ
2675 3647 2729 3705 δὲ
2758 3651 2851 3705 τὸν
2895 3650 3110 3730 Ἰσραὴλ
3171 3653 3223 3718 ἐξ
3276 3656 3574 3733 Αἰγυπτίων
3615 3655 3833 3713 ἐλευθε-

2185 3741 2289 3817 ρῶν
2338 3737 2581 3819 χάλαζαν
2610 3741 2698 3796 καὶ
2756 3763 2856 3820 πυρ
2914 3738 3139 3822 ἔϐρεξεν,
3192 3743 3329 3799 οὕτω
3377 3746 3466 3802 καὶ
3523 3747 3694 3803 πάντα
3761 3749 3831 3803 τὰ

2185 3826 2309 3915 ἔθνη
2339 3829 2440 3894 τῆς
2488 3833 2593 3884 τῶν
2645 3825 2910 3902 δαιμόνων
2967 3827 3203 3896 δουλείας
3249 3830 3531 3913 ἐλευθερῶν
3584 3834 3829 3915 χάλαζαν

2185 3914 2354 3994 ἔϐρεξε
2399 3919 2487 3973 καὶ
2519 3917 2780 3996 ἄνθρακας
2812 3919 2996 3996 πυρός,
3032 3917 3207 3977 Ταῦτα
3250 3915 3309 3977 δὲ
3367 3923 3478 3980 εἶὲν
3523 3914 3828 4000 ἃνίτιμω-

2183 4008 2395 4081 ρητικαὶ
2437 4005 2706 4081 δυνάμεις,
2743 4004 2809 4062 δι’
2868 4009 2943 4061 ὧν
2983 4009 3078 4072 τὰς
3139 4012 3334 4077 νοητᾶς
3394 4013 3668 4090 αἰγυπτίας
3719 4037 3828 4072 κα-

2181 4093 2357 4151 θεῖλεν
2366 4143 2380 4158 ,

555 4195 644 4255 16.
677 4192 758 4256 Et
786 4191 1207 4270 apparuerunt
1236 4186 1429 4262 [antes
1450 4192 1896 4263 aquarum,etc.
1929 4184 2101 4250 Post-

2272 4182 2372 4242 Kal
2424 4182 2676 4264 ὤφθησαν
2718 4186 2768 4240 αἰ
2827 4187 2993 4264 πηγαὶ
3050 4195 3154 4244 τῶν
3211 4187 3451 4254 ὑδάτων.
3525 4198 3668 4249 Μετὰ
3723 4195 3826 4262 τὴν

464 4299 636 4364 quam
671 4277 884 4342 sublati
914 4275 1141 4364 inimici
1172 4274 1440 4364 fuerunt,
1477 4283 1883 4364 apparuerunt
1911 4273 2102 4337 fontes

2191 4274 2493 4364 καθαίρεσιν
2521 4273 2859 4364 ἐχθρῶν
2889 4274 3145 4356 ὤφθησαν
3211 4280 3261 4334 αἱ
3321 4283 3494 4359 πηγαὶ
3539 4289 3643 4338 τῶν
3698 4281 3834 4340 ὑδά-

463 4359 1036 4453 aquarum,salutare
1056 4362 1328 4424 videlicet
1347 4359 1648 4438 Evangelii
1668 4361 2101 4444 vorbum,quod

2191 4383 2338 4453 Eu“.
2391 4360 2621 4453 δηλαδὴ,
2666 4366 2694 4419 ὁ
2778 4364 3038 4453 σωτήριος
3096 4369 3188 4424 τοῦ
3254 4370 3576 4448 Εὑαγγελίου
3636 4370 3829 4450 λόγος,

467 4449 604 4524 vere
637 4460 744 4522 fuit
774 4458 936 4520 orbis
991 4454 1477 4515 fundamentum:
1525 4471 1704 4532 super
1735 4472 1804 4514 eo
1853 4473 2102 4534 namque

2191 4449 2333 4516 ὅστις
2363 4453 2454 4507 καὶ
2482 4451 2722 4528 θεμέλιος
2770 4452 2865 4520 τῆς
2937 4457 3250 4531 οἰκουμένης
3295 4458 3534 4537 γέγονεν·
3596 4459 3669 4516 ἐν’
3720 4449 3837 4520 αὖ·

468 4515 1111 4614 iundat—i'etvc'o‘nstructi
1133 4560 1362 4604 sumus.
1403 4542 1504 4603 Vel
1529 4515 1639 4604 ho'c
1666 4543 1838 4603 modo
1864 4564 1876 4606 :
1913 4515 2102 4604 fontes

2191 4542 2277 4598 τὸν
2339 4541 2439 4620 γὰρ
2493 4515 2986 4618 ἐπῳκοδομήθημεν
3026 4591 3035 4602 .
3085 4515 3842 4628 ι”Η”κέὶὶ.οὕτως’πηγός

470 4639 733 4719 intellige
763 4646 997 4698 sanctos
1029 4633 1373 4714 prophetas,
1410 4643 1613 4714 utpote
1655 4633 1752 4713 qui
1785 4633 2100 4696 salutarem

2191 4634 2398 4719 νοήσεις
2427 4633 2548 4693 τοὺς
2579 4631 2759 4709 ἁγίους
2791 4633 3092 4711 προφήτας,
3164 4632 3256 4691 ἅτε
3304 4634 3369 4703 δὴ
3431 4639 3522 4694 τόν
3573 4638 3842 4718 σωτήριον

469 4717 804 4792 sermonem
830 4721 1269 4788 scaturiantlta
1296 4741 1548 4802 namque
1571 4723 1646 4784 de
1677 4722 1793 4782 illis
1816 4723 2102 4802 scriptum

2191 4717 2574 4791 ἂναὸλύζοντας
2601 4719 2782 4797 λόγον.
2829 4719 2978 4778 Οὕτω
3049 4724 3148 4802 γὰρ
3196 4724 3492 4803 γέγραπται
3548 4729 3665 4806 περί
3727 4717 3840 4783 7σὺ-

473 4807 559 4878 est
587 4836 599 4876 :
628 4815 701 4874 Et
731 4814 993 4873 haurietis
1023 4829 1195 4884 aquas
1227 4831 1353 4882 cum.
1375 4813 1574 4885 gaudio
1611 4812 1672 4866 de
1705 4812 1937 4884 fontibus
1983 4809 2102 4868 Sal-

2191 4816 2294 4868 τῶν
2329 4829 2344 4844 ⁸
2434 4812 2530 4869 Καὶ
2607 4809 2900 4880 ἀντλήσετε
2980 4810 3115 4890 ὕδωρ
3176 4812 3296 4889 μετ’
3397 4816 3721 4896 εὐφροσύνης
3773 4819 3842 4874 ἐκ

472 4911 704 4974 vatoris
731 4905 758 4950 ’⁷
794 4955 809 4970 .
841 4903 1250 4966 Fundamenta
1281 4905 1421 4966 item
1457 4903 1619 4964 orbis
1666 4913 1858 4978 terra),
1896 4903 2102 4983 Moysis

2191 4905 2381 4980 πηγῶν
2439 4903 2530 4957 τοῦ
2588 4901 2851 4977 σωτηρίου
2887 4947 2900 4962 .
2963 4901 3194 4978 Θεμέλια
3250 4901 3304 4958 δὲ
3374 4906 3474 4971 τῆς
3522 4908 3841 4984 οἶκούμένης

473 4993 900 5080 sapientissimi
929 4992 1290 5074 Scriptorum
1325 4992 1627 5072 accipias:
1658 4992 1718 5053 in
1769 5011 1836 5054 ea
1885 4993 2102 5072 quippe

2191 4991 2289 5058 τὴν
2334 4989 2599 5053 Μωῦσέως
2649 4997 2743 5047 τοῦ
2805 4990 3076 5070 πανσόφου
3133 4995 3368 5071 Γραφήν,
3443 4995 3681 5074 Κρηπίδα
3736 4998 3842 5077 γὰρ

475 5089 666 5170 prima
698 5083 884 5148 basim
918 5083 1055 5143 ﬁdei
1089 5092 1144 5142 et
1175 5081 2102 5160 divinacognitionisinvenimus

2192 5082 2420 5143 πίστεως
2450 5083 2537 5136 καὶ
2588 5080 2905 5159 θεογνωσίας
2963 5082 3017 5136 ἓν
3076 5080 3210 5158 αὑτῇ
3255 5085 3344 5138 καὶ
3405 5084 3591 5162 πρώτη
3661 5091 3842 5143 τεθει-

475 5175 824 5258 repositam,
852 5173 1191 5252 mysterium
1217 5173 1434 5234 Christi
1467 5173 1524 5231 in
1549 5171 1735 5249 ﬁgura
1754 5180 2102 5250 gestantem,

2196 5170 2362 5246 μένην
2421 5171 2720 5248 εὑρήκαμεν
2775 5172 2837 5226 τὸ
2895 5177 3120 5250 Χριστοῦ
3174 5172 3468 5250 μυστήριον
3524 5173 3574 5230 ἐν
3645 5176 3844 5242 τύποις

475 5279 534 5330 et
554 5257 789 5347 pariter
819 5262 880 5323 in
914 5263 1247 5344 prophetis.
1284 5264 1710 5341 Apparuerunt
1743 5261 2102 5343 igitur,quasi

2198 5257 2480 5317 ὠδίνουσαν
2535 5259 2648 5334 ἅμα
2717 5272 2833 5322 τοῖς
2919 5259 3223 5341 προφήταις
3252 5305 3265 5319 .
3329 5260 3625 5342 ’Ἦφθησαν
3670 5264 3848 5323 τοίνυν

476 5357 661 5426 dicas,
696 5352 919 5415 ostensi
949 5361 1101 5414 sunt.
1143 5353 1263 5414 Aut
1289 5351 1480 5414 fontes
1503 5351 1792 5430 intelligas
1823 5360 1880 5414 et
1900 5351 2102 5413 funda-

2201 5351 2315 5408 ἀντὶ
2345 5355 2458 5425 τοὺ,
2485 5348 2890 5430 ἐφανερώθησαν
2924 5398 2937 5412 ,
3000 5348 3214 5428 ’Ἦγουν
3259 5353 3438 5430 πηγὰς
3497 5356 3709 5423 νοήσεις
3755 5379 3836 5414 κα

3837 5441 3855 5495 ὶ

558 5563 869 5679 δῬὴίιιρι).
901 5612 966 5672 ιι,
993 5599 1049 5659 8.
1133 5595 1160 5636 ⁸
1205 5598 1340 5659 Act.
1363 5612 1402 5656 ι.
1431 5597 1492 5658 9.
1584 5596 1616 5644 θ
1641 5595 1854 5660 Matth.
1891 5593 2102 5673 xvnl,‘.

2191 5646 2192 5649 η
2277 5589 2301 5632 ⁷
2362 5591 2475 5653 lsa.
2512 5593 2704 5660 311,3.
