4030 6216
495 339 611 424 115
1283 364 1341 424 s.
1391 347 1817 428 ATHANASII
1860 363 2023 425 OPP.
2073 362 2285 422 PARS.
2337 359 2446 420 Ill.
2499 391 2568 401 -
2619 355 3072 419 EXEGETICA.
3748 349 3878 410 116

568 498 669 561 2?.
703 497 918 560 Daniel
953 498 1303 560 Barbarus:
1341 497 1464 560 Nec
1497 503 1683 578 impie
1713 502 1874 579 gessi
1903 517 1938 560 (ι
1978 497 2099 558 Deo
2133 513 2296 556 meo.
2329 490 2511 554 Justis
2541 495 2702 552 enim
2728 489 2825 570 qui
2851 498 3128 570 prompte
3161 488 3244 549 illi
3279 496 3500 569 parent
3517 485 3875 548 mercedem

495 587 813 669 rependit:
850 586 952 648 ille
983 595 1185 650 autem
1223 607 1342 649 non
1373 606 1437 650 se
1469 589 1654 669 impie
1684 589 1836 669 gerit
1869 589 1970 670 qui
2007 603 2151 649 vera
2171 582 2450 663 dogmata
2479 579 2752 658 suscipit.

579 695 899 778 mut/niam
931 701 1140 758 omnia
1180 695 1451 774 judicia,
1484 704 1596 758 etc.
1648 694 1757 768 Qui
1801 696 1948 777 lapsi
2002 703 2141 756 sunt

2305 689 2469 770 [”Οτι
2527 711 2700 748 παντα
2758 690 2822 746 τὰ
2873 690 3125 763 κρίματα,
3185 688 3270 743 καὶ
3314 687 3381 742 τὰ
3423 686 3565 754 ἑξῆς.
3601 684 3880 751 Ὠλισθηοο

499 774 733 866 oportet
761 793 823 846 ut
852 783 1123 864 repetitis
1165 783 1342 844 bonis
1393 784 1676 864 operibus
1707 783 1779 845 ad
1825 774 2134 845 meliorem

2253 781 2379 845 ότας
2411 777 2806 854 ἀναλαμϐάνειν
2835 777 2920 834 δεῖ
2965 777 3180 841 ἑαυτοὺς
3226 774 3317 833 διὰ
3348 774 3602 855 δευτέρων
3655 797 3877 851 κατορ-

495 864 561 937 se
592 874 821 954 frugem
853 873 1171 953 recipiant.
1225 872 1348 934 Etsi
1390 880 1590 935 autem
1640 874 1980 953 investigari
2014 891 2131 934 non

2252 871 2498 945 ωμάτων,
2572 871 2628 927 Εἰ
2683 870 2770 925 καὶ
2839 865 3214 946 ἀνεξερεύνητα
3270 864 3324 922 δὲ
3371 868 3458 922 καὶ
3523 866 3588 921 τὰ
3630 865 3878 954 κρίματα

497 952 718 1044 queant
743 952 1156 1043 judicia’ejus,
1182 970 1360 1042 atque
1388 961 1601 1042 abysso
1625 952 1960 1023 consimilia
1988 962 2128 1036 sint,

2255 960 2304 1016 αὶ
2352 957 2565 1034 eadem.
2618 956 2830 1014 ἐοικότα
2887 955 2971 1012 διὰ
3026 956 3086 1011 τὸ
3137 955 3543 1033 ἀκατάληπτον,
3608 953 3726 1009 ἀλλ’
3775 952 3878 1009 οὖν

495 1043 638 1133 quia
673 1053 905 1116 scilicet
935 1051 1574 1138 incomprehensibilia
1601 1061 1782 1126 sunt;
1833 1062 2133 1114 verumta-

2252 1049 2392 1106 πάντα
2412 1049 2642 1107 ὶνώπιόν
2673 1047 2782 1105 ἐστι
2812 1049 2906 1104 τοῦ
2935 1043 3254 1125 θεοφιλοῦς.]

498 1161 636 1204 men
667 1143 869 1204 omnia
897 1141 1175 1220 religioso
1207 1142 1332 1202 viro
1373 1142 1688 1224 prasentia
1718 1145 1898 1221 sunt.]

575 1249 676 1314 23.
715 1249 940 1312 Daniel
967 1249 1278 1322 Barbarus
1305 1266 1318 1310 :
1346 1249 1641 1324 Quoniam
1673 1253 1878 1312 omnia
1899 1249 2146 1328 judicia
2173 1254 2302 1334 ejus
2333 1257 2400 1317 in
2427 1260 2745 1333 conspectu
2773 1269 2928 1314 meo.
2960 1249 3074 1322 Qui
3105 1249 3433 1312 secundum
3459 1249 3647 1312 Deum
3683 1251 3875 1311 homo

497 1349 610 1411 est,
643 1340 906 1402 divinum
943 1339 1220 1400 timorem
1252 1347 1390 1400 ante
1423 1339 1631 1400 oculos
1659 1339 2044 1402 continenter
2077 1340 2328 1418 habens,
2357 1363 2493 1406 cum
2529 1343 2746 1407 ﬁducia
2779 1350 2838 1403 et
2869 1340 3145 1403 libertate
3187 1357 3388 1402 coram
3433 1339 3560 1402 Deo
3585 1340 3726 1419 agit.
3759 1340 3875 1402 ln-

496 1429 656 1491 dicia
682 1429 791 1491 Dei
822 1429 872 1489 si
903 1427 1300 1509 inquirantur.
1336 1427 1745 1489 inscrutabilia
1783 1437 1922 1489 sunt
1950 1437 2010 1490 et
2037 1430 2286 1512 abyssus
2317 1433 2523 1508 multa,
2557 1432 2839 1514 quoniam
2864 1439 3108 1511 propter
3138 1428 3566 1491 obscuritatem
3594 1447 3846 1509 compre

497 1519 680 1580 bendi
712 1526 1039 1600 nequeunt.
1076 1517 1234 1577 Fieri
1267 1525 1464 1578 tamen
1500 1517 1653 1578 haud
1686 1526 1902 1597 potest,
1941 1529 2003 1580 ut
2048 1523 2151 1601 qui
2172 1521 2404 1602 judicia
2433 1521 2540 1585 Dei
2575 1541 2698 1602 pra:
2739 1520 2930 1583 oculis
2962 1518 3162 1599 habet,
3198 1537 3353 1598 aegre
3384 1520 3533 1580 ferat
3584 1518 3686 1580 Dei
3719 1537 3873 1598 pro-

497 1607 853 1688 videntiam,
888 1617 944 1669 et
967 1607 1196 1686 judicio
1230 1606 1336 1668 Dei
1385 1616 1601 1668 cuncta
1629 1605 1864 1688 disponi
1907 1629 1918 1670 :
1956 1627 2089 1670 nam
2148 1611 2238 1673 vel
2289 1629 2358 1674 ex
2403 1612 2534 1692 ipso
2578 1611 2788 1688 judicii
2834 1609 3078 1670 nomine
3115 1609 3342 1688 justum
3399 1626 3531 1669 esse
3567 1607 3872 1688 judicium

498 1699 921 1778 cognoscitur:
951 1697 1054 1777 jus
1086 1695 1244 1756 enim
1283 1695 1404 1758 dat.
1447 1693 1554 1757 Vel
1580 1696 1872 1774 justitiam
1900 1698 2063 1772 dicit,
2099 1718 2234 1762 cum
2268 1700 2468 1763 omnia
2485 1701 2714 1782 judicia
2737 1717 2868 1780 quae
2899 1702 3048 1760 citra
3069 1698 3367 1778 justitiam
3402 1700 3565 1778 tiant,
3599 1716 3668 1758 eo
3697 1699 3877 1760 addi-

497 1795 760 1852 tamenta
793 1787 1200 1858 nominentur,
1234 1792 1297 1845 ut
1330 1803 1446 1844 non
1470 1785 1722 1863 judicia,
1757 1785 1859 1848 sed
1877 1787 2108 1866 judicia
2131 1807 2409 1868 perversa
2438 1790 2736 1852 dicantur.
2759 1792 3083 1869 Propterea
3103 1786 3326 1848 dictum
3351 1795 3462 1848 est.
3489 1787 3877 1867 Egrediatur

494 1881 790 1958 iudicium
817 1892 1169 1955 perversum
1202 1872 1274 1930 ‘0.
1313 1874 1386 1935 Et
1406 1875 1685 1953 justitias
1714 1877 1844 1954 ejus
1892 1893 2014 1937 non
2045 1879 2246 1957 reputt
2287 1897 2325 1939 a
2353 1896 2471 1941 me.
2524 1879 2841 1957 Adbaareo,
2882 1876 3100 1957 inquit,
3125 1875 3372 1955 justitiis
3422 1876 3548 1938 Dei.
3603 1876 3694 1938 Ab
3745 1876 3876 1936 illis

498 1969 657 2031 enim
690 1965 1006 2037 recedunt,
1043 1963 1145 2045 qui
1175 1981 1277 2023 eas
1312 1981 1430 2023 non
1467 1965 1934 2042 amplectuntur.
1968 1964 2227 2029 Justitiaz
2258 1986 2399 2030 vero
2450 1970 2566 2032 hoc
2624 1972 2750 2030 loco
2808 1967 3112 2041 dicuntur,
3145 1966 3540 2046 quaajustitiae
3595 1985 3770 2028 causa
3809 1975 3875 2026 et

497 2055 792 2139 aequitatis
821 2056 954 2132 lege
984 2053 1205 2114 sancito
1242 2061 1401 2126 sunt,
1439 2060 1504 2113 ut
1534 2053 1679 2114 illud
1713 2072 1726 2116 :
1761 2053 1835 2116 Si
1867 2072 2035 2116 emas
2060 2073 2299 2119 servum
2323 2059 2644 2121 Hebraeum
2679 2059 2754 2132 υ,
2791 2065 2848 2119 et
2876 2055 3144 2136 reliqua:
3179 2073 3314 2116 nam
3368 2056 3532 2136 prius
3590 2055 3822 2118 dixerat
3852 2073 3866 2117 :

494 2148 640 2210 Haec
671 2153 813 2208 sunt
843 2143 1076 2219 iudicia
1107 2159 1245 2223 quae
1272 2159 1579 2222 prapones
1604 2144 1695 2204 eis
1726 2142 1796 2206 η.
1831 2143 2052 2207 Verum
2086 2163 2222 2209 cum
2243 2147 2508 2225 justitias
2537 2167 2656 2210 una
2705 2165 2838 2208 cum
2881 2144 3119 2226 iudiciis
3167 2145 3452 2224 nominet,
3489 2157 3766 2226 purgatos
3795 2164 3874 2206 ac

493 2235 771 2319 probatos
806 2233 915 2295 Dei
939 2249 1257 2320 sermones
1284 2231 1374 2292 hae
1398 2231 1645 2311 justitiae
1675 2233 2015 2312 signiﬁcare
2043 2236 2434 2313 possunt.Qni
2468 2254 2782 2300 sermones
2813 2254 2949 2299 cum
2993 2235 3364 2316 judicantur,
3398 2253 3508 2295 nec
3557 2235 3722 2315 argui
3753 2254 3874 2320 προ

494 2323 756 2408 perverti
791 2323 1034 2402 possint
1070 2319 1303 2400 judicia
1322 2329 1760 2402 nuncupantur.
1785 2324 2084 2384 iustorum
2111 2343 2352 2404 quoque
2374 2327 2760 2406 cogitationes
2786 2324 3130 2408 ponderataa
3153 2332 3212 2386 et
3237 2322 3501 2406 probatae
3525 2319 3870 2405 diligenter,

494 2434 630 2478 cum
663 2411 893 2474 similes
919 2409 1256 2492 aaquilibrio
1289 2408 1426 2481 sint,
1455 2409 1685 2489 judicia
1715 2413 1927 2472 merito
1960 2411 2081 2474 dici
2113 2423 2387 2493 possunt.

573 2501 794 2565 Daniel
816 2481 1240 2561 BarbarumEt
1259 2481 1726 2578 iustiﬁcationes
1755 2505 1882 2576 ejus
1908 2520 2029 2563 non
2061 2481 2437 2568 recesserunt
2465 2523 2503 2568 α
2524 2522 2644 2570 me.
2669 2481 2940 2568 Mandata
2961 2502 3241 2581 intelligit
3260 2519 3367 2580 per
3384 2502 3867 2582 iustiﬁcationes,

493 2602 552 2656 et
581 2589 883 2654 decedunt
913 2588 988 2650 ab
1022 2587 1142 2649 illis
1171 2587 1274 2668 qui
1309 2605 1377 2648 ea
1402 2605 1520 2648 non
1552 2587 1895 2654 admittunt.

568 2696 833 2763 26.Cum
851 2703 1066 2757 sancto
1084 2695 1707 2757 sanctuxerisMerito
1723 2696 1837 2758 tuis
1855 2717 1948 2760 me
1962 2697 2141 2761 bene-

2305 2703 2451 2760 Μετὰ
2503 2704 2648 2760 ὁσίου
2702 2701 2848 2764 ὅσιος
2906 2701 3026 2779 ἔσῃ.
3096 2701 3326 2762 Εἰκότως
3405 2698 3738 2768 κατηξιώπας
3796 2725 3869 2776 με

493 2788 647 2853 liciis
703 2787 982 2866 dignatus
1036 2802 1141 2847 es:
1175 2802 1311 2845 nam
1373 2793 1614 2846 sanctus
1669 2805 1803 2847 cum
1850 2793 1952 2869 sis,
1984 2790 2139 2851 nosti

2252 2797 2324 2860 τῆς
2383 2797 2483 2860 σῆς
2542 2792 2842 2871 εὐεργεσίας
2877 2806 2890 2822 ⁸
2955 2788 3268 2869 ἐπειδήπερ,
3317 2789 3513 2854 δίκαιος
3572 2790 3666 2868 ὢνι
3709 2791 3871 2856 οἶδας

475 2897 632 2958 cum
659 2883 865 2938 sancto
897 2874 1282 2936 sanctiﬁcari.
1309 2871 1373 2937 Si
1388 2874 1550 2936 enim
1582 2875 1639 2934 in
1670 2885 1910 2954 peccato
1939 2896 2137 2957 perse-

2252 2881 2364 2938 ιετὰ
2400 2881 2545 2938 ὁσίου
2603 2883 2892 2940 ὁσιοῦσθαι.
2959 2882 3015 2938 Εἰ
3058 2881 3157 2957 γὰρ
3199 2878 3348 2954 ἤμην
3389 2879 3735 2953 ἐναπομείνας
3799 2888 3873 2957 τῇ

496 2963 888 3040 verasse'm,et
910 2964 968 3025 in
992 2965 1224 3026 ruinam
1254 2962 1515 3024 funditus
1535 2963 1734 3045 lapsus
1757 2982 1976 3042 essem,
1999 2969 2135 3030 novi

2252 2971 2457 3048 εμαρτία
2513 2972 2600 3027 καὶ
2656 2969 2894 3037 παντελῆ
2973 2967 3293 3048 διαστροφὴν
3338 2969 3646 3043 ὑπομείνας,
3711 2968 3867 3047 οἶδα,

501 3067 558 3120 te
571 3072 809 3137 quoque
824 3051 1491 3133 magnumjudicem,de
1504 3062 1748 3134 peccato
1765 3073 1898 3117 meo
1913 3074 2146 3138 aequum

2252 3060 2310 3117 ἔτι
2343 3063 2431 3117 καὶ
2475 3064 2538 3120 σὺ
2594 3059 2751 3124 αὒτὸς
2781 3063 2809 3116 ὁ
2851 3059 3019 3136 μέγας
3049 3060 3232 3135 κριτὴς
3264 3065 3332 3134 τῇ
3363 3058 3467 3134 ἐμῇ
3513 3060 3737 3136 ἁμαρτίᾳ
3771 3082 3865 3114 κα-

487 3144 786 3227 judicium
811 3142 1342 3225 pronuntiaturum
1371 3141 1662 3207 fuisse.At
1681 3145 1917 3225 quando
1943 3155 2146 3208 custoo

489 3235 611 3298 divi
647 3233 767 3295 vias
799 3242 953 3306 tuas,
989 3231 1124 3293 ideo
1155 3239 1216 3293 tu
1268 3231 1369 3311 qui
1401 3247 1536 3294 cum
1570 3241 1774 3294 sancto
1805 3244 2048 3297 sanctus
2078 3257 2145 3298 es

493 3334 553 3388 et
581 3341 714 3386 cum
745 3322 1071 3383 innocente
1109 3321 1426 3400 innocens,
1457 3339 1832 3402 nequaquam
1864 3342 1990 3384 rem
2025 3325 2144 3387 dis-

494 3411 749 3495 posuisti
778 3410 1111 3473 secundum
1162 3409 1331 3472 illum
1383 3411 1785 3491 perniciosum
1835 3422 2056 3476 statum
2081 3415 2142 3477 in

495 3522 614 3584 quo
647 3511 810 3564 certo
844 3509 1120 3577 tempore
1177 3508 1443 3562 versatus
1491 3519 1648 3581 sum,
1681 3500 1786 3562 sed
1812 3503 2140 3565 secundum

497 3594 676 3655 vitam
708 3609 843 3671 quae
876 3589 1094 3652 exinde
1137 3588 1458 3652 subsecuta
1487 3596 1599 3662 est,
1636 3598 1695 3650 et
1723 3590 1899 3653 vitam
1936 3592 1993 3653 in
2037 3593 2141 3673 ju-

500 3682 660 3746 stitia
693 3688 908 3756 actam,
944 3679 1328 3760 promeritam
1384 3678 1528 3740 mihi
1584 3677 2048 3743 retributionem
2083 3683 2144 3744 in

499 3770 784 3834 tribunali
813 3769 918 3831 illo
950 3777 1052 3830 tuo
1087 3767 1383 3848 largieris.

578 3859 681 3923 28.
719 3860 1031 3934 Quoniam
1061 3865 1125 3920 tu
1142 3857 1436 3938 populum
1465 3857 1758 3921 humilem
1789 3859 2021 3923 salvum
2042 3861 2142 3939 fa—
2163 3871 2203 3921 C

502 3950 648 4013 cies.
683 3947 775 4009 Ad
831 3947 1078 4008 chorum
1132 3947 1310 4007 mittit
1358 3947 1785 4027 apostolorum.
1822 3948 1902 4009 Et
1951 3949 2152 4013 oculos

501 4037 901 4118 superborum
929 4035 1307 4098 humiliabis.
1341 4034 1466 4098 Hoc
1497 4035 1686 4097 tendit
1729 4036 1791 4098 in
1822 4038 2061 4100 Scribas
2096 4048 2153 4101 et

502 4125 865 4189 Pharisaaos.

584 4214 685 4279 29.
713 4212 1015 4287 Quoniam
1037 4221 1104 4276 tu
1135 4213 1520 4277 illuminabis
1569 4212 1880 4276 lucernam
1930 4235 2147 4289 meam,

505 4306 794 4368 Domine.
818 4303 1075 4367 Mentem
1104 4303 1208 4367 ait.
1245 4304 1406 4367 Deus
1435 4321 1629 4384 meus,
1659 4303 2147 4370 illuminubiste-

384 4450 403 4473 ,
503 4395 728 4458 nebras
747 4393 1784 4474 meas;ignorantiam,inquit,meam
1799 4393 2144 4476 dissipabis.

587 4483 687 4547 30.
718 4483 1024 4562 Quoniam
1044 4484 1112 4544 in
1132 4491 1186 4545 te
1209 4485 1446 4563 eripior
1468 4501 1505 4544 a
1524 4485 1938 4564 tentatione,el
1957 4493 2017 4547 in
2035 4488 2151 4549 Deo

504 4590 636 4636 meo
650 4574 1085 4654 transgredior
1104 4590 1372 4636 murum.
1389 4571 1537 4645 Quia
1562 4572 2151 4652 comprehenderunt

510 4681 629 4743 me,
663 4663 881 4744 inquit,
913 4662 1144 4727 inimici
1199 4662 1341 4742 mei,
1375 4671 1440 4723 ut
1487 4681 1584 4723 me
1617 4663 2148 4730 circumsisterent.

591 4750 1030 4835 [Tentationem
1064 4751 1244 4814 etiam
1290 4759 1459 4813 vocat
1506 4749 1886 4832 voluptatem,
1917 4761 1974 4813 et
2017 4773 2150 4815 mu-

507 4859 668 4916 rum,
693 4839 1053 4921 diabolum.]

590 4928 690 4992 3i.
725 4929 886 4992 Deus
939 4947 1134 5004 meus,
1167 4925 1491 5008 impolluta
1539 4929 1635 4989 via
1685 4929 1836 5008 eius,
1864 4937 1980 4994 etc.
2017 4931 2155 4996 Hinc

2227 3148 2498 3218 τάλληλον
2549 3148 2821 3228 ἐπήγαγες
2881 3151 2941 3204 τὸ
3013 3154 3206 3205 σαυτοῦ
3260 3160 3451 3225 κρῖμα.
3529 3146 3750 3213 Ἐπειδὴ
3810 3147 3870 3203 δὲ

2226 3238 2452 3318 ἐφύλαξα
2495 3241 2591 3305 τὰς
2640 3238 2792 3302 ὁδούς
2851 3260 2968 3308 σου,
3028 3237 3214 3296 τούτου
3258 3238 3420 3316 χάριν
3465 3240 3491 3292 ὃ
3545 3238 3678 3311 μετὰ
3722 3239 3870 3293 ὁσίου

2225 3330 2540 3404 ὃσιούμενος
2620 3330 2706 3386 καὶ
2769 3330 2905 3404 μετὰ
2966 3327 3136 3384 ἆθώου
3202 3327 3563 3408 ἀθωούμενοςι
3615 3331 3673 3384 οὗ
3729 3330 3871 3382 κατὰ

2225 3417 2322 3484 τὴν
2376 3417 2430 3472 ἐν
2473 3425 2642 3497 καιρῷ
2684 3440 2785 3474 τινι
2831 3415 3200 3494 γεγενημένην
3259 3438 3362 3490 μου
3402 3415 3720 3494 διαστροφὴν
3760 3417 3868 3493 ἧρ-

2227 3507 2403 3586 μόσω,
2453 3508 2590 3563 κατὰ
2639 3505 2692 3562 δὲ
2749 3507 2850 3574 τὴν
2894 3505 3029 3580 μετᾶ
3087 3513 3251 3562 ταῦτα
3310 3506 3476 3579 ζωήν,
3540 3507 3626 3561 καὶ
3670 3506 3758 3559 τὸν
3812 3503 3868 3558 ἐν

2226 3593 2528 3672 δικαιοσύνῃ
2558 3618 2659 3670 μου
2703 3597 2814 3673 βίον
2855 3617 2951 3663 την
3003 3593 3232 3670 ἀμοιϐήν
3265 3616 3358 3658 μοι
3395 3594 3639 3672 παρέξεις
3672 3593 3724 3648 ἐν
3793 3602 3871 3666 τῷ

2227 3690 2308 3758 σῷ
2335 3685 2678 3765 δικαστηρίῳ.

2305 3861 2440 3922 ’Ὅτι
2491 3866 2552 3921 σὺ
2607 3864 2735 3922 λαον
2791 3865 3040 3920 ταπεινὸν
3096 3863 3313 3927 σώσεις,
3363 3864 3483 3921 Ἐπὶ
3559 3868 3649 3922 τὸν
3687 3867 3859 3948 χορὸν

2233 3954 2534 4031 ἀναπέμπει
2590 3956 2696 4010 τῶν
2742 3951 3075 4012 ἀποστόλων.
3142 3955 3239 4010 Καὶ
3302 3954 3600 4034 ὀφθαλμοὺς
3659 3960 3870 4038 ὑπερη-

2233 4045 2408 4122 φάνων
2449 4045 2819 4102 ταπεινώσεις.
2877 4050 3040 4101 Τοῦτο
3099 4044 3172 4106 εἰς
3230 4044 3350 4107 τοὺς
3397 4051 3726 4120 Φαρισαίως
3783 4051 3870 4104 καὶ

2233 4148 2571 4213 γραμματεῖς
2601 4135 2781 4194 τείνει.

2313 4220 2448 4280 ’Ὅτι
2493 4224 2553 4278 ab
2607 4236 2826 4301 φωτιεϊς
2885 4223 3082 4304 λύχνον
3164 4247 3290 4303 μου,
3356 4224 3530 4301 Κύριε.
3594 4228 3690 4283 Τὸν
3749 4234 3871 4282 νοῦν

2233 4335 2416 4380 φησιν.
2471 4311 2530 4370 Ὀ
2593 4315 2722 4378 Θεὸς
2777 4335 2900 4388 μου,
2953 4327 3175 4392 φωτιεϊς
3237 4315 3297 4369 τὸ
3356 4313 3540 4374 σκότος
3589 4338 3714 4384 μου,
3761 4317 3872 4382 Τὴν

2232 4401 2472 4482 ἄγνοιαν,
2504 4404 2654 4476 φησὶ,
2687 4403 2786 4470 τὴν
2818 4401 2870 4458 ἐν
2903 4401 3019 4478 ἐμοὶ
3049 4401 3432 4466 διασκεδάσεις,

2313 4491 2446 4549 ’Ὅτι
2521 4492 2576 4548 ἑν
2661 4495 2741 4549 σοὶ
2793 4493 3120 4570 ῥὺσθήσομαι
3179 4492 3285 4548 ἀπὸ
3346 4495 3707 4570 πειρατηρίου,
3780 4500 3871 4550 καὶ

2233 4581 2286 4638 ἐν
2338 4604 2414 4656 τῳ
2471 4589 2585 4656 Θεῷ
2629 4606 2730 4657 μου
2787 4580 3154 4659 ὑπερϐήσομαι
3198 4594 3389 4660 τεῖχος
3476 4581 3614 4637 ’Ὂῖι
3680 4584 3866 4654 περιέ-

2234 4668 2396 4726 λαϐόν
2425 4691 2490 4745 με
2524 4673 2571 4726 οἷ
2603 4671 2784 4751 ἐχθροί
2813 4692 2936 4749 μου,
2969 4672 3150 4747 φησὶν,
3187 4672 3258 4734 εἷς
3290 4672 3350 4728 τὸ
3387 4669 3739 4730 ἀποκλεῖσαι.

2318 4760 2684 4838 ίΠειρατήριον
2715 4757 2769 4815 δὲ
2811 4761 2899 4816 καὶ
2950 4758 3094 4838 λέγει
3143 4760 3236 4820 τὰς
3292 4757 3508 4836 ἡδονὶις³
3541 4761 3631 4814 καὶ
3673 4773 3868 4839 τεῖχος

2235 4849 2326 4904 τὸν
2355 4846 2660 4928 διάϐολοι]

2316 4936 2376 4994 Ὀ
2429 4937 2555 5003 Θεός
2647 4959 2746 5013 μου
2804 4937 3027 5012 ἄμωμος
3098 4939 3132 5005 ἡ
3178 4934 3296 5000 ὁδὸς
3359 4937 3538 5000 αὐτοῦ,
3588 4937 3872 5011 Ἐνταῦθα,

508 5017 739 5098 dicens,
771 5017 1291 5098 ingratitudinem,
1323 5015 1659 5098 perﬁdiam,
1697 5016 2148 5099 immorigerum

2252 5026 2388 5104 orici,
2418 5026 2516 5093 τὴν
2549 5024 2931 5104 ἀγνωμοσύνην
2964 5027 3050 5081 καὶ
3079 5025 3179 5092 τὴν
3223 5023 3408 5080 κακίαν
3439 5025 3527 5079 καὶ
3568 5026 3664 5091 τὴν
3711 5025 3870 5081 ἀπει-

510 5109 872 5188 animum,et
902 5106 1186 5170 duritiem
1209 5105 1410 5168 cordis
1431 5107 1798 5184 ingratorum
1822 5116 1880 5169 et
1896 5110 2152 5173 scelera-

508 5206 704 5259 torum
726 5197 1067 5259 Judaeorum
1098 5196 1310 5276 carpit.
1337 5193 1627 5267 Quoniam
1652 5193 2014 5260 Salvatorem
2043 5220 2155 5261 no-

509 5294 699 5348 atrum
723 5286 1025 5350 Cheistnm
1050 5283 1992 5365 reprehenderunt,quasicontra
2013 5289 2159 5351 divi-

510 5375 854 5454 namlegem
883 5371 1110 5454 ageret.
1138 5373 1308 5436 Dicta
1338 5391 1597 5454 namque
1619 5373 1802 5449 illius,
1824 5379 1990 5455 quasi
2024 5378 2146 5440 bla-

449 5499 462 5511 -
510 5463 760 5541 spbema
789 5464 1072 5526 conviciis
1101 5471 1162 5525 et
1193 5461 1509 5524 calumniis
1535 5461 1922 5542 impetebant,
1952 5476 2155 5531 mutuo

589 5640 643 5685 ¹⁰
677 5639 898 5708 Habac.
932 5659 976 5723 1,
1013 5642 1073 5706 4.
1165 5640 1212 5685 ιι
1237 5639 1426 5705 Exod.
1461 5656 1588 5722 xm,
1621 5642 1686 5706 Ξ.
1767 5639 1823 5685 ¹²
1843 5641 1992 5710 ibid.
2019 5648 2078 5706 1.

2236 5117 2302 5181 Θῆ
2365 5115 2587 5192 γνώμην
2636 5118 2723 5172 καὶ
2767 5115 2864 5184 τήν
2917 5114 3258 5192 σκληρότητα
3288 5114 3394 5169 τῶν
3428 5112 3753 5190 ἀγνωμόνων
3784 5117 3874 5170 καὶ

2240 5203 2542 5283 ἀχαρίστων
2591 5208 2676 5261 καὶ
2755 5201 3181 5283 σκληροκαρδίων
3269 5199 3532 5258 Ἰουδαίων
3584 5205 3871 5277 καταμέμ-

2241 5312 2417 5370 φεται,
2479 5291 2700 5362 Ἐπειδὴ
2786 5291 3220 5368 ἐπελαμϐάνοντο
3275 5298 3368 5346 τοῦ
3420 5295 3670 5368 Σωτῆρος
3717 5295 3874 5366 ἡμῶν

2243 5389 2489 5462 Χριστοῦ⁷
2536 5384 2608 5446 ὡς
2671 5385 2810 5460 παρὰ
2867 5385 2954 5438 τὸν
2983 5382 3130 5438 θεῖον
3180 5380 3504 5459 πράττοντος
3553 5382 3742 5455 νόμον.
3781 5385 3876 5439 Καὶ

2237 5471 2346 5545 μὴν
2377 5473 2466 5528 καὶ
2513 5478 2620 5528 τῶν
2671 5470 2848 5551 λόγων
2897 5472 3055 5528 αὐτοῦ
3111 5467 3405 5546 ελοιδόρουν
3462 5471 3552 5525 καὶ
3597 5468 3876 5527 διέϐαλλον
