4030 6216
476 355 587 420 119

547 487 629 569 [Ε
634 486 998 565 tdisciptina
1011 491 1118 544 tua
1130 485 1398 542 correxit
1411 475 1919 569 me.l_)isc_iplinam
1937 491 2038 569 eva
2048 492 2108 569 ns
2129 479 2166 527 A

465 563 719 657 gelicam
737 563 1865 657 dicitzautdisciplinam,institutionem
1881 563 2109 657 scilicet

470 653 600 747 quae
619 686 687 728 ex
711 666 841 743 lege
863 661 1191 740 accipitur:
1220 659 1318 739 qui
1345 657 1516 734 mihi,
1549 655 1772 747 inquit,
1802 653 1964 747 nulla
1989 669 2107 712 non

471 741 759 816 beneﬁcia
774 741 1326 821 contulisti,dedisti
1345 763 1581 825 quoque
1606 741 2109 820 leges;quibus,ut

468 852 717 924 oportet,
746 839 1134 902 instituimur.
1161 835 1306 898 Cum
1329 834 1512 905 enim,
1541 833 1644 906 ait,
1671 832 1807 924 lege
1837 827 2104 924 edidicer-

469 919 606 1010 rim,
635 950 752 992 non
779 936 1056 1008 oportere
1081 925 1359 1005 injuriam
1384 925 1605 994 facere,
1632 921 1708 983 ab
1731 939 1798 982 ea
1820 919 2104 1010 abstinui.

473 1007 686 1082 Verum
729 1007 905 1080 neob
929 1015 1264 1096 aequitatem
1326 1010 1697 1090 ltujusmotli,
1763 1009 1902 1085 quid
1964 1007 2106 1068 mihi

471 1111 608 1172 mali
633 1109 888 1185 eveniat,
917 1105 1197 1166 idoneum
1226 1103 1368 1162 mihi
1393 1099 1532 1161 mali
1562 1097 1844 1160 auxilium
1870 1099 2102 1165 all‘eras,

471 1199 850 1260 latitudinem
876 1193 1166 1260 tribuens.
1189 1191 1276 1250 vel
1313 1188 1692 1267 disciplinam
1720 1187 2112 1248 institutionis

468 1306 643 1350 causa
667 1287 862 1348 datam
890 1280 1397 1355 dicit,sccundum
1424 1278 1817 1356 illud,Accipe
1839 1275 2114 1356 discipli-

469 1375 698 1449 nam”;
724 1375 810 1436 vel
835 1372 1197 1434 laboriosum
1226 1369 1465 1429 vivendi
1493 1366 1855 1438 institutum,
1889 1384 2112 1426 secun-

467 1467 606 1528 dum
635 1461 900 1543 illud,Nc
918 1459 1329 1540 parvipendas
1350 1453 1738 1536 disciplinam
1770 1453 2111 1534 Domini‘3.|

1261 348 1324 410 S.
1369 337 1789 409 ATHANASII
1836 341 1977 404 OPP
2051 339 2241 400 PARS
2283 338 2389 400 ΙΙΙ.
2435 372 2513 382 -
2557 335 3012 400 EXEGETICA.

3716 337 3858 402 120

2273 467 2404 546 [Καὶ
2435 467 2472 534 ἠ
2525 464 2733 524 παιδεία
2785 489 2877 523 σου
2938 467 3217 543 ἀνώρθωσέ
3273 491 3362 544 με.
3428 469 3672 527 Παιδείαν
3736 473 3852 540 τὴν

2189 556 2546 634 εὖαγγελικὴν
2575 555 2744 633 λέγει·
2809 557 2843 622 ἢ
2897 554 3135 612 παιδείαν
3191 559 3290 624 τὴν
3349 562 3409 614 ἑκ
3481 560 3645 635 νόμου
3701 563 3850 640 φησὶ

2189 643 2478 704 παίδευσιν·
2529 649 2646 702 οἷον
2705 645 2790 699 διὰ
2861 645 3075 700 πάντων
3126 667 3214 720 με,
3302 650 3482 726 φησὶν,
3542 653 3850 726 εὐεργετῶν

2189 735 2419 802 δέδωκας
2479 739 2566 794 καὶ
2617 738 2833 809 νόμους,
2883 734 2950 791 δι’
3027 740 3100 792 ὧν
3157 736 3511 814 ἕπαιδευόμτιν
3571 741 3631 796 τὸ
3685 739 3844 798 δέον.

2194 828 2481 883 Μανθάνιυν
2513 849 2609 903 γορ
2655 826 2858 881 ἐκεῖθεν
2910 828 2981 890 ὡς
3030 828 3090 884 οὗ
3151 825 3236 884 δεῖ
3291 827 3516 902 ἀδικεῖν,
3591 829 3844 910 ἀπειχό-

2192 939 2300 989 μην
2330 918 2537 975 τούτου.
2587 913 2736 972 Ἀλλ’
2767 914 2858 970 ’ίνα
2901 915 2979 989 μὴ
3027 914 3348 991 βλάπτωμαι
3413 917 3568 974 πάλιν
3613 920 3672 976 ἐι
3733 927 3844 986 τῆς

2191 1005 2446 1072 τοιαύτης
2479 1005 2790 1072 ἐπιεικείας,
2826 1004 3015 1071 ἱκανὴν
3057 1005 3318 1085 περιέχῃς
3363 1008 3634 1087 βοήθειαν,
3679 1009 3842 1066 πλα-

2191 1095 2390 1168 τυσμὸν
2442 1094 2814 1172 παρεχόμενος
2845 1139 2862 1170 ,
2924 1092 2960 1160 ἢ
3010 1092 3249 1150 παιδείαν
3333 1118 3430 1162 την
3489 1096 3846 1166 παιδευτικὴν

2193 1182 2334 1259 λέγει
2393 1181 2774 1260 διδασκαλίαν,
2840 1183 2976 1237 κατᾶ
3023 1184 3082 1238 τό
3119 1199 3132 1213 ·
3212 1183 3502 1244 Ἐπιλάϐου
3547 1187 3788 1246 παιδείας
3825 1208 3842 1220 ³

2194 1271 2232 1340 ἢ
2276 1273 2373 1338 τὴν
2404 1271 2656 1329 ἐπίπονον
2689 1272 2932 1349 ἀγωγην,
2964 1273 3102 1328 κατὰ.
3143 1282 3224 1330 τό’
3281 1276 3368 1342 Μὴ
3411 1275 3657 1354 ὀλιγώρει
3711 1301 3845 1334 παι-

2199 1361 2337 1425 δείας
2389 1363 2576 1438 Κυρίου
2603 1359 2626 1440 ]

553 1625 774 1684 Daniel
797 1621 1112 1683 Barbarus
1139 1639 1151 1679 :
1179 1622 1306 1682 Hoc
1331 1629 1526 1680 autem
1561 1628 1652 1681 est
1679 1620 1970 1680 adventus
2000 1617 2417 1700 providentiae,
2453 1638 2522 1681 ac
2554 1619 3045 1701 dispensationis,
3078 1640 3196 1701 quo
3228 1640 3324 1682 me
3353 1622 3679 1703 collapsum
3713 1643 3854 1685 ere-

467 1713 627 1784 xisti,
663 1723 722 1773 et
751 1730 926 1792 quam
963 1729 1240 1789 magnum
1275 1709 1490 1770 malum
1516 1707 1591 1768 sit
1627 1718 1936 1786 peccatum
1971 1707 2317 1782 ostvndisti,
2352 1718 2410 1771 et
2461 1709 2651 1772 salute
2704 1711 2948 1789 dignum
3005 1709 3225 1772 fecisti.
3261 1710 3531 1774 Salutare
3553 1722 3749 1775 autem
3786 1723 3852 1774 et

467 1804 628 1864 salus
660 1801 926 1864 Christus
953 1809 1064 1879 est,
1090 1817 1268 1878 quem
1305 1817 1408 1878 pro
1433 1797 1605 1860 nobis
1635 1807 2031 1878 pugnaturum
2061 1801 2233 1860 Pater
2263 1799 2621 1860 amandavit.

549 1947 626 2009 Et
679 1949 926 2009 dextera
985 1957 1088 2008 tua
1134 1953 1390 2028 suscepit
1449 1965 1564 2009 me.
1624 1949 1876 2008 Dextera
1925 1947 2172 2005 l’atrisB

465 2037 706 2099 Filius.
770 2038 848 2098 Et
898 2039 1236 2116 disciplina
1298 2046 1401 2099 tua
1450 2036 1721 2099 correxit
1759 2052 1851 2095 me
1909 2035 1971 2095 in
2029 2033 2106 2112 ﬁ-

468 2145 624 2187 nem.
674 2127 1027 2206 Evangelica
1104 2126 1338 2188 scilicet
1388 2127 1659 2188 doctrina
1772 2124 1851 2186 Et
1918 2123 2102 2184 disci-

461 2216 637 2296 plina
686 2223 792 2278 tua
845 2219 980 2296 ipsa
1042 2235 1134 2278 me
1190 2217 1441 2289 docebit,
1505 2213 1937 2277 Theodotionis
1996 2223 2102 2272 est.

464 2305 650 2384 Cujus
678 2303 808 2368 loco
853 2303 1235 2384 Septuaginta
1291 2305 1508 2366 habent
1569 2322 1582 2366 :
1645 2303 1720 2364 Et
1779 2301 2104 2381 disciplina

467 2405 568 2455 tua
599 2397 870 2456 correxit
911 2411 1006 2456 me
1033 2396 1098 2456 in
1133 2395 1334 2472 ﬁnem.

551 2481 648 2544 37.
685 2483 974 2544 Dilatasti
1005 2501 1256 2562 gressus
1284 2500 1467 2552 meos,
1504 2488 1619 2544 etc.
1654 2479 1915 2542 Statuisti
1949 2479 2106 2540 enim

469 2587 638 2630 surra
667 2578 894 2650 petram
921 2572 1104 2650 pedes
1132 2590 1464 2651 meos,quae
1490 2579 1578 2629 est
1609 2569 1755 2629 ﬁdes
1781 2577 1998 2629 nostra.
2034 2568 2108 2629 Et

465 2677 587 2720 non
619 2667 762 2721 sunt
791 2661 1110 2738 inﬁrmata
1169 2661 1425 2740 vestigia
1455 2677 1609 2720 mea.
1649 2657 1908 2719 Sublatis
1940 2676 2110 2718 nam—

466 2766 583 2823 que
613 2747 998 2809 oﬁ‘endiculis
1021 2757 1078 2809 et
1106 2748 1360 2828 laqueis,
1390 2765 1523 2824 qua;
1544 2755 1900 2826 paraverunt
1919 2745 2114 2806 inimi-

466 2836 544 2904 ci,
577 2836 728 2898 viam
760 2847 822 2899 et
851 2837 1073 2898 aditum
1109 2837 1283 2900 nobis
1315 2841 1584 2898 munivit.

505 2923 820 3007 [Dilatasti
840 2943 1080 3004 gressus
1093 2925 2118 3006 meosﬂemotis,inquit,otTendicu-

467 3013 536 3074 lis
551 3024 608 3074 et
628 3013 885 3094 laqueis,
911 3033 1042 3095 quae
1061 3015 1206 3076 mihi
1225 3023 1568 3078 struxerant
1590 3015 1837 3082 inimici.
1869 3015 2113 3076 liberam

469 3101 616 3162 mihi
644 3103 794 3163 viam
833 3105 1075 3182 parasti.
1108 3102 1360 3167 Gressus
1391 3113 1584 3166 autem
1611 3113 1796 3176 vocat,
1823 3113 2114 3184 quatenus

465 3210 496 3250 a
529 3191 751 3254 malitia
773 3193 842 3252 ad
870 3195 1144 3254 virtutem
1174 3195 1308 3274 quis
1337 3195 1840 3273 pertransit,quod
1866 3194 2108 3271 quidem

465 3279 575 3340 sub
608 3280 844 3342 initium
879 3281 1242 3342 laboriosum
1277 3293 1336 3343 et
1361 3301 1642 3362 asperum
1675 3282 1748 3344 iis
1781 3294 1894 3360 est,
1931 3283 2028 3361 qui
2052 3283 2107 3342 in
2137 3301 2146 3308 ο

467 3369 556 3430 via
587 3380 837 3447 angusta
865 3371 1220 3449 gradiuntur
1252 3393 1267 3452 ;
1303 3381 1358 3432 at
1391 3377 1448 3433 in
1485 3373 1758 3452 profectu
1803 3373 2104 3432 dilatatur.

463 3457 610 3518 Nam
642 3457 775 3538 quia
811 3469 940 3539 post
971 3461 1210 3522 virtutis
1241 3461 1498 3540 labores,
1533 3467 1794 3540 quietem
1833 3469 2109 3521 ttaClUI'llS

461 3565 616 3620 sum,
654 3546 711 3606 id
737 3566 880 3610 sane
905 3548 1146 3626 vestigia
1179 3551 1498 3611 confirmat
1523 3568 1681 3612 mea.
1707 3551 1918 3612 Statuit
1948 3568 2108 3610 nam-

461 3654 578 3715 que
621 3654 805 3715 super
835 3646 1058 3716 petram
1098 3639 1285 3716 pedes
1319 3639 1614 3720 nostros.]

543 3723 641 3787 38.
696 3725 1044 3806 Persequar
1077 3731 1362 3790 inimicos
1413 3745 1597 3789 meos.
1661 3727 1964 3807 Tanquam
2009 3729 2104 3787 di-

461 3813 596 3874 vina
651 3815 840 3892 gratia
887 3816 958 3876 ad
1023 3836 1262 3878 cursum
1321 3817 1683 3890 adornatus,
1734 3819 1807 3877 de
1865 3817 2107 3878 victoria

463 3901 732 3964 conﬁdit.

543 3991 642 4052 39.
691 3992 1094 4073 Confringam
1165 3995 1327 4064 illos,
1381 4012 1488 4056 nec
1557 4005 1838 4072 poterunt
1920 4005 2110 4057 stare.

461 4082 698 4162 Frangit
724 4081 1005 4145 inimicos
1037 4087 1278 4144 animus
1311 4083 1692 4159 passionibus
1715 4102 1958 4144 vacuus.

541 4175 638 4235 40.
677 4176 756 4236 Et
792 4173 1182 4251 pracinzcisti
1204 4191 1301 4233 me
1331 4178 1581 4234 virtute.
1617 4171 1917 4233 Summam
1987 4172 2108 4233 vic-

461 4263 630 4324 toriae
655 4279 897 4324 rursum
935 4261 1340 4324 fortitudinem
1375 4259 1666 4321 tribuenti
1705 4261 1820 4322 Deo
1843 4262 2108 4323 ascaibit.

539 4352 605 4414 41
625 4351 736 4416 .Et
757 4351 1042 4414 inimicos
1065 4369 1223 4411 mens
1243 4349 1968 4412 dedistim’hidorsum.Id
1999 4359 2105 4420 est,

461 4443 518 4500 in
555 4441 746 4520 fugam
795 4439 1040 4501 vertisti.
1078 4439 1388 4520 Proprium
1439 4457 1698 4516 namque
1761 4439 2105 4514 fugientium

2280 1954 2316 2002 Κ
2359 1945 2372 1966 ‘
2424 1942 2448 1962 ‘
2479 1943 2498 1966 Γ
2544 1945 2556 1964 1
2779 1943 2790 1960 '
2967 1942 2996 1966 ιο
3075 1945 3086 1960 ν
3442 1944 3462 1962 r
3495 1945 3505 1957 ι
3649 1951 3670 1960 ..

2325 1966 2375 2000 αι
2419 1959 2562 2010 οεςια
2615 1966 2710 2002 σου
2771 1943 3086 2000 αντελάοετο
3143 1965 3285 2018 μου.
3369 1954 3521 2008 Δεςια
3587 1965 3676 2000 του
3725 1947 3846 1996 [Ια-

2195 2034 2317 2105 τρὸς
2383 2036 2408 2089 ὁ
2472 2033 2616 2098 Υἱός,
2682 2035 2778 2090 Καὶ
2825 2035 2860 2101 ἡ
2913 2031 3122 2089 παιδεία
3173 2055 3266 2087 σου
3325 2032 3601 2109 ἀνώρθωαέ
3655 2053 3720 2103 με
3763 2031 3846 2091 εἷς

2194 2122 2371 2186 τέλος,
2413 2120 2478 2179 ’Β
2534 2120 2863 2200 εὖαγγελικὴ
2934 2121 3180 2188 δηλονότι
3255 2119 3582 2182 διδασκαλία.
3647 2121 3743 2176 Καὶ
3805 2121 3844 2186 ἡ

2193 2210 2398 2267 παιδεία
2425 2235 2518 2268 σου
2543 2214 2676 2282 αὐτή
2712 2234 2780 2286 με
2811 2208 3380 2285 ὃιδάξει,Θεοδοτίωνός
3405 2211 3687 2282 ἐστιν,ἀντὶ
3711 2209 3830 2282 τοῦ,

2191 2299 2254 2356 Ἢ
2287 2299 2495 2358 παιδεία
2553 2325 2648 2359 σου
2725 2300 3004 2375 ἀνώρθωσέ
3054 2322 3122 2374 με
3170 2303 3242 2364 εἰς
3287 2299 3436 2366 τέλος
3473 2345 3489 2374 ,
3554 2299 3834 2374 εἰρημένου

2191 2404 2308 2452 τοῖς
2340 2390 2762 2466 Ἐϐδομήκοντα,

2270 2479 2600 2545 Ἐπλάτυνας
2671 2482 2734 2536 τὰ
2790 2478 3094 2555 διαϐήματά
3163 2503 3264 2554 μου
3297 2527 3311 2542 ,
3377 2478 3657 2546 "Earum;
3731 2481 3834 2556 γὰρ

2195 2569 2280 2624 ἐπὶ
2337 2590 2532 2646 πέτραν
2603 2571 2726 2632 τοὺς
2781 2567 2945 2634 πὸδας
2997 2593 3120 2644 μου,
3189 2569 3305 2636 ἥτις
3364 2569 3503 2625 ἐστὶν
3655 2569 3830 2628 πί-ατις

2193 2655 2371 2732 ᾒμῶν.
2439 2660 2536 2715 Καὶ
2591 2659 2682 2715 οὒκ
2755 2659 3044 2725 ἢσθένησαν
3121 2660 3186 2713 τὰ
3234 2657 3371 2737 ἴχνη
3432 2680 3533 2732 μου
3568 2701 3580 2713 .
3645 2663 3832 2730 Περιε-

2196 2745 2303 2802 λὼν
2347 2747 2448 2825 γὰρ
2503 2750 2568 2804 τὰ
2623 2745 2890 2804 σκάνδαλα
2936 2749 3025 2804 καὶ
3093 2748 3185 2812 τὰς
3238 2745 3485 2823 παγίδας,
3546 2749 3606 2810 ἃς

2199 2837 2480 2908 εσκεύαζον
2525 2838 2573 2893 οἱ
2617 2838 2818 2916 ἐχθροὶ,
2864 2838 3180 2914 κατήρτισεν
3209 2839 3345 2908 ημῖν
3369 2837 3466 2904 τὴν
3511 2851 3744 2913 πορείαν.

2285 2923 2637 3004 [Ἐπλάευνας
2703 2928 2768 2982 τὰ
2811 2924 3112 3000 διαϐἡμασα
3171 2947 3310 2998 μου.
3376 2924 3635 3002 Περιελών
3701 2948 3828 3004 φησι

2199 3016 2264 3070 τὰ
2324 3013 2592 3071 σκάνδαλα
2640 3017 2728 3072 καὶ
2786 3017 2880 3079 τὰς
2933 3013 3155 3090 παγίδας
3208 3015 3269 3075 ἃς
3329 3016 3708 3084 κατεσκεύαζον
3789 3017 3832 3070 οἱ

2199 3104 2397 3184 ἔχθροὶ,
2435 3105 2702 3184 ἐλευθέραν
2732 3128 2824 3180 μοι
2869 3128 2962 3170 την
3022 3105 3236 3180 πορείαν
3285 3102 3568 3170 ἐποίησας.
3624 3103 3828 3170 Διαδη-

2197 3215 2340 3268 ματα
2385 3193 2530 3270 λέγει
2583 3195 2713 3249 καθὸ
2781 3193 2838 3249 ἐκ
2908 3193 3095 3256 κακίας
3153 3194 3284 3270 πρὸς
3345 3193 3537 3270 ἀρετὴν
3587 3189 3830 3248 διαϐαίνει

2195 3305 2307 3356 τις,
2339 3283 2372 3337 ἃ
2405 3282 2519 3338 κατ’
2553 3283 2724 3362 ἀρχὰς
2757 3284 2854 3356 μὲν
2899 3281 3120 3337 ἐπίπονα
3177 3280 3289 3338 ἐπι
3334 3285 3408 3354 τῷ
3453 3283 3553 3349 τὴν
3610 3280 3830 3352 τεθλιμ-

3698 2768 3833 2802 κατι

2195 3373 2363 3448 μένην
2397 3373 2649 3431 ὀδεύοντι’
2685 3381 2752 3450 τῇ
2778 3373 2831 3430 δὲ
2898 3379 3138 3449 προκοπῇ
3195 3373 3532 3432 πλατύνεται.
3601 3379 3686 3447 Τῷ
3733 3377 3833 3451 γὰρ

2205 3463 2344 3536 μετὰ
2386 3465 2509 3523 τοὺς
2571 3469 2668 3530 τῆς
2717 3463 2908 3540 ἀρετῆς
2967 3461 3160 3526 πόνους
3217 3461 3527 3520 ἀνάπαυλαν
3584 3461 3830 3540 δέχεσθαι

2189 3553 2617 3631 ἷσχυροποιεϊται
2647 3553 2712 3609 τὰ
2743 3552 2902 3631 ἴχνη·
2940 3550 3132 3618 ἔστησε
3161 3553 3260 3629 γὰρ
3318 3551 3401 3608 ἐπι
3457 3555 3647 3629 πέτραν
3708 3553 3830 3614 τοὺς

2187 3638 2353 3704 πόδας
2382 3641 2592 3721 ἡμῶν,[

2273 3727 2590 3796 Καταδιώξω
2644 3733 2762 3795 τοὺς
2817 3731 3034 3810 ἐχθρούς
3109 3753 3209 3804 μου
3235 3775 3250 3789 .
3323 3729 3417 3792 ’-ἐς

2195 3818 2385 3892 σμένος
2417 3819 2501 3900 διὰ
2534 3825 2630 3886 τῆς
2689 3821 2830 3880 θείας
2888 3821 3111 3900 χάριτος
3169 3822 3240 3885 εἷς
3296 3819 3510 3898 δρόμον,
3563 3822 3679 3893 περὶ
3732 3827 3830 3886 τῆς

2195 3901 2344 3964 νίκης
2372 3899 2572 3977 θαρῥετ.

2276 3987 2549 4062 Ἐκθλίψω
2607 3989 2792 4050 αὐτοὺς
2825 4039 2838 4062 ,
2924 3991 3013 4047 καὶ
3109 3991 3186 4063 μὴ

2199 4075 2494 4152 ’Ἒκθλιψιν
2536 4081 2641 4135 τῶν
2670 4081 2876 4157 ἔχθρῶν
2909 4081 2941 4147 ἡ
2969 4079 3192 4136 ἀπάθεια
3226 4080 3628 4156 κατεργάζεται.

2282 4167 2377 4223 Καὶ
2435 4169 2773 4237 πεόιὲζωσάς
2821 4190 2885 4241 με
2945 4166 3184 4243 δύναμιν,
3247 4167 3412 4222 Πάλιν
3464 4169 3525 4223 τὸ
3577 4175 3676 4222 πὰν
3737 4169 3832 4233 τῆς

2194 4256 2342 4321 νίκης
2390 4262 2465 4329 τῷ
2498 4255 2748 4313 δεδωκότι
2776 4256 2874 4324 τὴν
2906 4259 3062 4337 ἰσχὺν
3093 4257 3388 4321 ἀνατίθησι.

2281 4346 2377 4400 Καὶ
2435 4345 2554 4408 τοὺς
2603 4346 2820 4424 ἐχθρούς
2873 4369 2975 4418 μου
3035 4345 3231 4410 ἔδωκάς
3283 4369 3375 4419 μοι
3449 4352 3636 4406 νῶτον.
3692 4345 3833 4401 Ἀντὶ

2191 4440 2282 4490 τοῦ
2307 4434 2380 4495 εἰς
2439 4439 2609 4511 φυγὴν
2667 4435 2910 4513 ἔτρεψας.
2989 4433 3158 4492 ’Ἰδιον
3230 4436 3328 4511 γὰρ
3369 4435 3474 4490 τῶν
3534 4435 3834 4512 φευγόντων

3492 3752 3828 3786 κατεαλε›α-

3268 3987 3521 4044 δύνωνται
3619 3993 3831 4044 σι’ἷναι.

459 4539 548 4590 εει
579 4539 742 4609 terga
771 4530 913 4591 dare
946 4546 960 4592 :
997 4539 1058 4590 et
1085 4547 1229 4591 sane
1265 4537 1427 4608 terga
1451 4527 1590 4588 dant
1637 4529 1854 4589 inimici
1921 4530 2098 4588 nostri

2204 4527 2326 4578 νῶτα
2357 4521 2575 4581 διδόναι.
2627 4530 2778 4580 Νῶτα
2809 4522 2864 4579 δὲ
2895 4522 3125 4580 διδόασιν
3155 4526 3202 4579 οἰ
3259 4524 3439 4602 ἐχθροὶ
3491 4525 3644 4594 ἡμῶν
3713 4522 3830 4578 δαί-

460 4617 802 4694 daemones,
837 4637 968 4679 cum
1011 4637 1128 4679 non
1162 4619 1414 4680 ulterius
1445 4617 1829 4696 cogitationes
1893 4617 2098 4677 turbu-

458 4706 648 4768 lentas
669 4709 883 4769 anima;
899 4707 1220 4768 immittere
1235 4705 1542 4769 valent.Et
1561 4707 1828 4768 adicntes
1858 4725 1949 4767 me
1971 4707 2064 4766 dis
2087 4742 2098 4750 -

453 4796 782 4875 perdidisti
818 4815 833 4858 :
871 4793 1134 4868 Saulem,
1195 4796 1710 4875 Arcltitophelem,
1771 4795 2097 4856 Abessalo-

456 4901 593 4944 nem
623 4893 682 4946 et
709 4891 1028 4946 sexcentos
1059 4883 1226 4946 alios.

533 4973 632 5035 42.
669 4973 1240 5044 Clamaverunt.nec
1255 4979 1382 5050 erat
1401 4971 1508 5050 qui
1515 4973 1709 5034 salvas
1720 4975 1972 5048 faceret,
1983 4979 2094 5034 etc.

454 5058 592 5124 Haec
609 5061 684 5124 de
706 5061 963 5124 inimicis
981 5060 1367 5123 sensibilibus
1389 5061 1491 5133 ait,
1517 5061 1684 5142 quasi
1718 5079 1788 5122 ex
1839 5079 2095 5140 persnna

454 5147 934 5232 Domini.Neque
963 5149 1122 5210 enim
1143 5149 1496 5228 alienigenae
1519 5149 1665 5212 deos
1680 5169 1816 5212 suos
1835 5153 1891 5210 in
1912 5148 2096 5211 subsi-

452 5238 617 5300 dium
653 5249 952 5316 vocantes,
989 5257 1192 5301 eorum
1226 5237 1594 5320 providentia
1629 5249 1685 5301 et
1722 5259 1860 5310 cura
1911 5239 2093 5317 adjuti

455 5337 590 5389 sunt
625 5351 636 5387 :
674 5349 868 5412 neque
899 5327 1064 5404 Saul,
1114 5327 1490 5410 Abessalom,
1539 5327 1734 5391 Semei
1770 5339 1824 5390 et
1881 5328 2093 5408 reliqui

535 5595 588 5639 ¹’¹
615 5598 791 5660 Prov.
825 5617 952 5676 ιιι,
986 5599 1085 5664 20.
1175 5597 1230 5642 ¹⁸
1253 5601 1429 5664 Prov.
1465 5615 1552 5682 tu,
1587 5601 1682 5662 11.

2183 4633 2339 4688 μονες
2371 4613 2565 4686 μηκέτι
2596 4612 2886 4690 λογιαμοὺς
2933 4613 3194 4688 ἐμπαθεῖς
3245 4611 3503 4686 ἐμϐαλεϊν
3552 4610 3830 4684 δυνάμενοι

2184 4708 2251 4778 τῇ
2323 4707 2524 4782 ψδχῇ,
2591 4705 2688 4759 Καὶ
2746 4705 2861 4768 τοὺς
2907 4705 3189 4777 unauna;
3256 4723 3320 4775 με
3391 4701 3822 4777 ἐξωλόθρευτας,

2183 4793 2284 4850 Τὸν
2316 4791 2510 4864 Σαὸὺλ,
2547 4793 2634 4847 τὸν
2681 4790 2995 4872 Ἀχιτίφελ,
3027 4794 3118 4847 τὸν
3183 4789 3552 4870 Ἀὅεπααλώμ,
3599 4793 3682 4845 καὶ
3717 4815 3824 4864 μυ-

2183 4882 2320 4958 ρίους
2353 4879 2578 4958 ἑτέρους.

2260 4966 2578 5046 Ἐκέκραξαν
2608 5016 2624 5048 ,

2178 5065 2284 5116 τῶν
2341 5057 2603 5124 αἰσθητῶν
2659 5057 2865 5138 ἐχθρῶν
2922 5081 3082 5138 φησιν
3140 5061 3211 5123 ὡς
3258 5061 3316 5112 ἑκ
3399 5061 3679 5132 προαώπηυ
3745 5069 3834 5117 τοῦ

2183 5148 2414 5226 Κυρίου.
2465 5145 2592 5204 Οὔτε
2646 5149 2746 5224 γὰρ
2805 5145 3092 5226 ἀλλόφυλοι
3153 5149 3274 5210 τοὺς
3327 5147 3544 5209 οἰκείους
3603 5145 3826 5202 ultr}:-

2178 5259 2262 5301 τες
2315 5238 2388 5299 εἷς
2449 5236 2749 5310 ἐπικουρίαν
2805 5237 2950 5300 θεοὺς
3024 5239 3122 5304 τῆς
3181 5233 3308 5312 ππρ’
3365 5235 3534 5290 αὐτῶν
3587 5257 3828 5309 προνο·α;

2179 5325 2504 5396 ἀπέλαυσαν,
2541 5325 2658 5382 οὕτε
2704 5327 2729 5380 ὁ
2791 5323 2961 5381 Σαοὺλ
3017 5329 3101 5381 καὶ
3161 5323 3510 5396 Ἀϐεσσαλὼμ
3551 5326 3634 5376 καὶ
3669 5327 3695 5378 ὁ
3726 5333 3812 5381 Σε-

2681 4971 2769 5025 καὶ
2827 4969 2919 5025 οὔκ
2996 4968 3061 5036 ἦν
3111 4973 3137 5025 ὁ
3201 4969 3416 5034 σώξων.
3481 4978 3652 5026 Ταῦτα
3711 4972 3828 5046 περὶ
