4030 6216
475 314 589 382 128
1272 322 1333 384 s.
1379 321 1810 387 ATHANASII
1854 321 2021 385 OPP.
2067 284 2263 385 mas
2303 321 2410 385 III.
2457 354 2530 368 -
2576 322 3034 388 EXEGETIGA.
3727 320 3844 388 124

468 453 576 529 ris,
611 472 724 535 per
750 474 853 517 eas
895 455 1227 518 conﬁtebor
1276 475 1384 537 ego
1435 456 1571 533 tibi,
1604 456 1958 519 canentibus
1992 454 2099 518 illi:

2205 455 2262 512 δι’
2323 463 2495 518 αὐτῶν
2553 483 2638 518 σοι
2699 459 3189 539 ὲξομυλογήσομαι,
3256 458 3488 534 ᾀδόντων
3531 463 3702 521 αὐτῶν
3745 464 3837 524 οὒς

469 543 721 624 hymnos
740 563 889 621 quos
919 545 1103 608 edidi.
1140 546 1269 608 Non
1300 546 1473 608 modo
1498 557 1695 609 autem
1719 548 1833 608 hoc
1863 543 2099 620 erit,sed

2205 547 2466 615 πεποίηκα
2519 548 2735 624 ὕμνους.
2771 550 2843 608 Οὔ
2898 549 3058 625 μόνον
3103 548 3158 606 δὲ
3199 556 3378 630 τοῦτο,
3413 549 3553 608 ἀλλὰ
3610 553 3697 608 καὶ
3729 573 3839 627 μεο

470 632 646 695 etiam
709 632 1098 712 magniﬁcabo
1147 634 1367 696 salutes
1419 637 1578 715 regis
1630 635 2099 709 eorum,scilicel

2205 635 2430 714 γαλυνῶ,
2489 642 2640 718 ρησὶ,
2698 640 2793 704 τὰς
2867 639 3131 716 σωτηρίας
3190 646 3283 715 τοῦ
3337 638 3600 716 βασιλέως
3662 641 3839 698 αὐτῶν

470 722 760 801 gentium.
797 723 981 796 Quam
1034 723 1284 785 salutem
1345 734 1631 806 operatus
1685 734 1776 786 est
1822 725 1880 785 in
1914 722 2099 785 medic

2205 729 2300 781 τῶν
2340 729 2502 784 ἒθνῶν
2528 745 2544 760 ο
2575 728 2642 796 ἢν
2671 729 2891 795 ἐποίησε
2936 728 3203 807 σωτηρίαν
3255 729 3310 784 ἐν
3359 728 3509 804 μέσῳ
3550 734 3649 798 τῆς
3701 736 3836 808 γῆς.

471 821 667 873 terrai.
731 813 1156 890 Magni/176000,
1213 812 1271 874 id
1326 823 1436 888 est,
1470 813 1784 894 perspicue
1838 812 2099 874 omnibus

2205 815 2520 897 Μεγαλυνῶ,
2571 817 2807 875 τουτέστι
2862 831 2981 881 τοῖς
3044 824 3172 875 πᾶσι
3217 815 3487 889 διαϐοήσω
3546 817 3837 899 λαμπρῶς.

470 900 990 963 acclamabo.Nam
1018 919 1172 982 eam,
1194 902 1404 983 inquit,
1432 902 1681 964 salutem
1697 908 1984 983 .operatus
2005 906 2095 961 est

2205 903 2421 975 Ἐπειδὴ
2465 908 2553 962 καὶ
2609 908 2808 975 ταύτην
2865 907 3166 986 εἰργάσατο,
3248 908 3400 987 φησὶ,
3457 909 3627 966 ποιῶν
3685 907 3843 968 ἔλεον

477 1008 610 1051 cum
667 990 1077 1053 misericordia
1124 992 1183 1052 in
1233 991 1343 1052 sibi
1407 1001 1645 1053 unctum
1697 990 1977 1073 populum
2027 1007 2094 1052 es

2205 992 2289 1050 ἐπὶ
2318 996 2408 1051 τὸν
2437 996 2760 1076 χαρισθέντα
2788 998 2946 1054 αὒτοῦ
2992 995 3123 1078 λαον
3155 1013 3169 1027 ⁸
3208 999 3279 1064 εἰς
3304 996 3574 1073 βασίλειον
3619 999 3720 1078 γὰρ
3750 1001 3842 1055 ἱε-

474 1097 619 1142 usus
640 1096 654 1142 :
677 1080 974 1157 siquidem
1000 1081 1059 1142 in
1082 1080 1280 1158 regale
1301 1081 1696 1143 sacerdotium
1714 1080 1875 1142 uncti
1890 1098 2093 1141 sumus

2205 1085 2434 1162 ράτευμα
2463 1075 2811 1166 ἐχρίσθημεν,
2867 1075 3040 1144 ﬂeui»
3084 1085 3139 1143 δὲ
3168 1094 3246 1163 τῷ
3274 1086 3391 1162 λαῷ
3444 1087 3505 1145 τό
3545 1075 3702 1153 ἔλεος*
3746 1089 3845 1144 καί

476 1167 587 1231 Ubi
622 1177 818 1230 autem
850 1187 983 1232 eam
1019 1171 1238 1250 populo
1268 1189 1443 1252 quam
1470 1170 1614 1232 mihi
1641 1169 1843 1233 Davidi
1871 1168 2099 1230 miseri-

2205 1195 2289 1248 μοι
2333 1182 2410 1250 τῷ
2442 1174 2632 1256 Δαυῖδ,
2693 1177 3111 1256 παρασκωάσεις
3162 1177 3403 1256 γενέσθαι
3436 1178 3578 1252 αὒτῷ
3636 1179 3843 1251 καὶτῷ

473 1258 739 1319 cordiam
766 1259 1001 1331 feceris,
1032 1260 1285 1340 idipsum
1317 1279 1554 1341 quoque
1575 1261 1647 1321 ad
1681 1278 1886 1321 semen
1916 1276 2099 1319 meum

2205 1265 2457 1344 σπέρματί
2513 1290 2636 1341 μου.
2683 1267 2904 1344 Σπέρμα
2953 1268 3055 1346 γὰρ
3084 1266 3178 1324 τοῦ
3213 1269 3384 1324 Δαυῖδ
3415 1288 3502 1324 και
3532 1269 3561 1323 ὁ
3588 1266 3641 1332 ἐξ
3671 1267 3842 1325 ἐθνῶν

474 1348 793 1427 pervenire
815 1350 1133 1411 concedes.
1156 1347 1375 1412 Semen
1398 1350 1618 1430 quippe
1632 1349 1811 1413 David
1828 1357 1917 1410 est
1940 1347 2099 1410 etian

2205 1353 2323 1417 λαός
2357 1370 2374 1387 ⁸
2407 1352 2499 1412 ἅτε
2529 1353 2596 1423 δὴ
2624 1359 2859 1435 γεγονὼς
2902 1356 3087 1413 τέκνον
3137 1363 3230 1414 τοῦ
3258 1354 3320 1412 ἐκ
3349 1354 3652 1435 σπέρματος
3697 1358 3844 1414 κατὰ

472 1437 738 1515 gentium
768 1438 1271 1520 populus,quippc
1297 1440 1395 1520 qui
1420 1440 1575 1500 ﬁlius
1598 1443 1726 1518 ejus
1750 1439 1995 1499 eﬁ'ectus
2017 1438 2099 1511 sit1

2205 1444 2366 1523 σάρκα
2396 1444 2737 1522 γεννηθέντος
2772 1445 2959 1506 Δαυΐδ.

471 1525 573 1606 qui
600 1544 667 1587 ex
701 1527 933 1590 semine
954 1527 1137 1589 David
1168 1528 1495 1591 secundum
1530 1545 1767 1590 carnem
1797 1535 1967 1588 natus
1997 1537 2106 1589 est.

632 1634 678 1695 Ι.
713 1631 781 1693 In
814 1633 999 1712 ﬁnem
1032 1633 1174 1698 PSA
1194 1632 1404 1696 LMUS
1438 1633 1681 1708 Davidl,
1716 1631 1946 1694 XVIII.

1053 1729 1526 1806 Argumentum.

2419 1625 2505 1689 Εἲς
2535 1626 2596 1681 τὸ
2627 1623 2802 1705 τέλος,
2837 1632 3127 1683 ΨΔΛΜΟΣ
3160 1633 3237 1699 τῷ
3271 1624 3459 1690 Δαυίδ,
3492 1626 3610 1690 IH'.

2859 1715 3158 1779 ’Υπόθεσις.

470 1831 763 1894 lnitialem
800 1834 1213 1915 complectitur
1240 1834 1567 1895 doctrinam
1611 1833 1707 1894 hic
1744 1831 2005 1913 psalmus
2035 1851 2099 1892 ex

2205 1833 2557 1911 Ξῖσαγωγικῆν
2608 1829 2946 1889 διδασκαλίαν
3006 1830 3250 1912 περιέχει
3297 1835 3324 1889 ὁ
3377 1835 3561 1907 παρὼν
3611 1832 3843 1908 cuius;

554 1940 812 2000 persona
825 1922 1229 2003 apostolorum
1244 1924 1313 1985 ad
1339 1920 1973 1998 gentesQuamobretn
1989 1939 2107 1982 cm-

552 2013 671 2071 lum
703 2020 763 2075 et
794 2014 980 2075 solem
1012 2021 1072 2074 et
1102 2013 1332 2093 reliqua
1349 2013 1661 2087 elementa,
1690 2029 1841 2092 quos
1866 2028 2107 2087 magnos

551 2100 667 2162 illae
699 2103 844 2163 deos
875 2121 1008 2165 esse
1058 2101 1521 2173 arbitrabantur,
1559 2102 1831 2180 opiﬁcem
1867 2099 2106 2160 laudare

546 2209 716 2250 suum
753 2191 1055 2254 dicuntur.

535 2279 587 2334 2.
623 2278 752 2336 Coeli
788 2288 1052 2338 enarrant
1070 2281 1306 2353 gloriam
1335 2281 1448 2337 Dei.
1487 2280 1684 2338 Simile
1715 2290 1797 2337 est
1839 2281 1944 2334 hoc
1987 2276 2065 2333 illi
2097 2302 2107 2333 :

464 2369 771 2427 lnoisibilia
801 2373 941 2426 enim
972 2372 1146 2443 ipsius
1192 2389 1224 2426 a
1268 2377 1529 2429 creatura
1559 2369 1750 2425 mundi
1789 2387 1881 2441 per
1912 2386 1969 2422 ea
2000 2381 2115 2441 qua
2198 2371 2476 2449 εἰρημένον
2516 2390 2531 2405 ·

462 2461 617 2531 facta
657 2470 790 2518 sunt
826 2462 1097 2519 intellecta
1126 2464 1532 2534 conspiciuntur
1570 2477 1582 2517 ε
1619 2460 1936 2532 sempiterna
1980 2473 2112 2531 quo-

464 2566 560 2622 que
579 2550 697 2621 ejus
721 2551 891 2607 virtus
920 2557 971 2608 et
1003 2551 1268 2608 divinitas
1292 2550 1363 2604 99.

543 2635 602 2699 3.
642 2636 790 2698 Dies
822 2637 950 2699 diei
982 2646 1217 2701 eructat
1244 2639 1508 2718 verbum,
1543 2647 1596 2699 et
1624 2655 1764 2710 nom,
1792 2646 1905 2696 etc.
1942 2634 2100 2713 Dies,

462 2724 676 2806 inquit,
707 2734 762 2787 et
805 2745 940 2793 nox.
983 2736 1187 2789 mutuo
1253 2728 1365 2789 sibi
1415 2727 1669 2805 spatium
1723 2725 2015 2795 concinne
2048 2733 2102 2783 et

460 2815 810 2893 Congruenti
836 2816 1047 2877 ordine
1089 2817 1161 2877 ad
1214 2836 1451 2879 cursum
1499 2816 1924 2884 concedentes,
1958 2812 2102 2892 ipsis

459 2904 644 2965 rebus
670 2912 996 2967 creatorem
1029 2925 1197 2967 suum
1233 2907 1578 2986 prmdicant.

541 2994 598 3056 4.
632 2993 768 3056 Non
797 3004 937 3058 sunt
969 2995 1224 3075 loquelae
1256 3015 1445 3076 neque
1473 3014 1805 3065 sermones,
1833 2994 2098 3056 etc.Cum

460 3082 944 3164 interpunctione
978 3085 1322 3165 legendum.
1381 3085 1523 3146 Nam
1576 3105 1645 3146 ex
1700 3085 1947 3145 adverso
2002 3084 2130 3167 in;

460 3186 775 3254 terrogans
825 3177 1150 3239 clausulam
1190 3178 1518 3259 distinguit,
1556 3179 1710 3259 quod
1766 3189 1963 3239 autem
2000 3195 2099 3255 per

2205 3192 2446 3233 ςιπϊπτον
2500 3177 2650 3233 ἐστί·
2720 3179 2816 3235 Καὶ
2872 3178 2980 3252 μὴν
3017 3178 3076 3233 οὗ
3133 3176 3499 3257 φθέγγονται;

3241 3265 3255 3286 \

464 3265 985 3343 interrogationem
1030 3271 1347 3346 apponitur
1403 3278 1492 3330 est
1542 3269 1726 3330 illud:
1765 3278 1822 3329 et
1874 3267 2100 3328 nihilne

2269 1921 2329 1977 ἐκ
2383 1922 2668 1998 προσώπου
2717 1927 2824 1977 τῶν
2868 1920 3181 1977 ἀποστόλων
3234 1922 3365 2000 πρὸς
3425 1923 3491 1978 τὰ
3533 1921 3680 1988 ἔθνη.
3734 1924 3838 1977 Διὸ

2267 2013 2356 2069 καὶ
2403 2013 2645 2084 οὐρανὸν,
2705 2013 2792 2068 καὶ
2847 2011 3024 2084 ἥλιον,
3075 2013 3165 2068 καὶ
3213 2013 3278 2067 τὰ
3341 2011 3491 2089 ἔτερα
3548 2024 3839 2090 στοιχεῖα,

2267 2104 2353 2164 οὒς
2386 2102 2473 2158 καὶ
2511 2101 2775 2180 μεγάλους
2816 2101 3024 2173 ἐνόμιζε
3059 2102 3208 2164 θεοὺς
3240 2108 3403 2157 ταῦτα
3437 2102 3692 2179 ἆνυμνετν
3742 2104 3844 2158 τὸν

2275 2193 2508 2259 ποιητὴν
2542 2195 2710 2250 αὒτιῦν
2740 2190 3006 2269 λέγουσιν.

2277 2284 2336 2340 Οἱ
2394 2281 2600 2359 οὐρανοὶ
2679 2279 2983 2359 διηγοῦνται
3061 2279 3211 2346 δόξαν
3271 2289 3425 2344 Θεοῦ,
3490 2280 3708 2358 Ὀμοιον
3772 2285 3842 2339 τὸ

2607 2372 2682 2429 Τὰ
2754 2372 2853 2449 γὰρ
2942 2371 3141 2450 ἀόρατα
3229 2375 3388 2430 αὒτοῦ
3442 2371 3547 2427 ἀπὸ
3608 2372 3841 2436 κτίσεως

2197 2463 2400 2534 κόσμου
2457 2474 2575 2523 τοϊς
2661 2462 2925 2530 ποιήμασι
3004 2460 3263 2535 νοούμενα
3319 2464 3632 2541 καθορᾶται,
3687 2460 3720 2528 ἦ
3776 2482 3840 2517 τε

2186 2548 2358 2615 ἀίδιος
2390 2550 2546 2606 αὐτοῦ
2576 2548 2794 2625 δύναμις
2824 2550 2914 2606 καὶ
2943 2550 3181 2616 θειότης,

2268 2637 2471 2717 Ἦμέρα
2530 2645 2597 2716 τῇ
2652 2639 2827 2718 ὴμέρᾳ
2866 2639 3136 2718 ἐρεόγεται
3201 2640 3348 2717 ῥῆμα
3412 2641 3501 2696 καὶ
3557 2640 3719 2705 νὺξ...
3768 2640 3833 2697 Ἠ

2187 2729 2383 2808 ἡμέρα,
2416 2731 2572 2809 φησὶ,
2596 2730 2683 2785 καὶ
2712 2731 2745 2796 ἡ
2778 2727 2864 2794 νὺξ
2896 2729 3166 2794 εὗτάκτως
3199 2732 3288 2786 καὶ
3322 2730 3659 2809 εὖαρμόστως
3691 2730 3839 2786 ἀντι-

2188 2826 2608 2899 παραχωροῦσαι
2653 2821 2774 2884 τοὺς
2805 2818 3031 2896 δρόμους
3081 2819 3369 2899 ἀλλήλαις,
3419 2819 3487 2875 δι’
3533 2820 3706 2877 αὐτῶν
3728 2821 3839 2877 τῶν

2187 2910 2512 2987 πραγμάτων
2537 2911 2628 2965 τὸν
2657 2907 2980 2987 δημιουργὸν
3012 2910 3182 2968 αὖτῶν
3214 2909 3681 2979 ἂνακηρὶττουσιν.

2264 3002 2370 3057 Οὔκ
2426 3001 2523 3055 εἶσὶ
2580 2998 2759 3055 λαλιαὶ
2818 2997 2933 3055 οὐδὲ
2973 2998 3144 3076 λόγοι.
3213 2998 3338 3056 Καθ’
3398 3001 3741 3077 ὑποστιγμὴν
3799 3002 3835 3067 ἡ

2185 3087 2504 3165 ἀνάγνωσις.
2564 3085 2920 3145 Ἀντιπίπτων
2981 3086 3060 3162 δὲ,
3122 3087 3470 3160 ὑποτέμνεται
3498 3104 3512 3118 ·
3559 3090 3620 3143 τὸ
3648 3086 3702 3143 δὲ
3734 3088 3836 3143 ἆν-

3535 3179 3629 3233 me
3658 3176 3834 3255 λέγει’

2185 3255 2316 3344 Ἀρ).
2373 3269 2466 3323 οὑκ
2536 3268 2633 3323 εἰσὶ
2689 3268 2806 3322 τινὰ
2859 3269 3146 3345 πράγματα
3222 3265 3276 3346 ἂ,
3338 3269 3427 3324 καὶ
3477 3268 3555 3342 μὴ
3616 3267 3838 3343 ἀφιέντα

463 3352 784 3432 loquuntur
804 3356 834 3415 ‘l
855 3355 1237 3436 Quapropter
1264 3357 1404 3418 dicit
1437 3381 1447 3416 :
1502 3360 1718 3421 Annon
1763 3357 1976 3436 aliqua:
2005 3375 2099 3416 res

2205 3357 2390 3431 ρωνὴν,
2418 3358 2508 3412 τὸν
2537 3359 2787 3436 τεχνίτην
2833 3357 3250 3435 ἀνακηρύττωσι
3283 3377 3298 3432 ;
3352 3358 3448 3414 Ναὶ
3481 3380 3590 3433 μην
3620 3359 3707 3412 καὶ
3736 3357 3839 3434 γὰρ

459 3454 618 3518 sunt,
657 3467 786 3524 quae
816 3448 951 3511 licet
987 3450 1206 3510 nullam
1238 3454 1512 3511 emittant
1544 3468 1771 3523 vocem,
1805 3450 2097 3510 artiﬁcem

2205 3468 2241 3500 κ
2272 3450 2370 3512 τῆς
2401 3445 2578 3510 καλῶς
2632 3447 2977 3523 ἡρμοσμένης
3029 3447 3147 3512 νηὸς
3192 3448 3226 3513 ἡ
3274 3446 3445 3526 τέχνη
3500 3446 3589 3502 τοῦ
3622 3467 3840 3512 ναυπη-

459 3535 866 3598 denuntiant?
897 3538 1210 3599 Enimvero
1237 3558 1303 3601 ex
1337 3541 1582 3619 pulchre
1606 3543 1895 3601 adornata
1944 3539 2096 3616 navi,

2205 3541 2277 3609 ςοῦ
2336 3535 2570 3613 φαίνεται
2604 3551 2617 3566 ⁸
2664 3537 2752 3592 καὶ
2795 3536 2880 3592 ἐπὶ
2923 3542 3028 3591 τῶν
3089 3532 3265 3591 ἄλλων
3296 3533 3351 3591 δὲ
3381 3536 3656 3600 ὡσαύτως.
3688 3537 3833 3593 Οὔκ-

460 3623 609 3685 fabri
638 3626 853 3706 peritia
882 3628 1293 3706 dignoscitur:
1330 3635 1393 3691 et
1424 3628 1701 3690 similiter
1723 3629 1798 3690 de
1825 3627 2089 3707 reliquis.

459 3712 750 3776 Praedicta
770 3715 967 3798 itaque
1002 3718 1236 3798 opiﬁcia
1261 3739 1288 3775 a
1317 3718 1744 3797 magnitudine,
1769 3716 2092 3798 pulchritu—

457 3804 618 3884 dine,
683 3806 1087 3870 concinnitate
1147 3808 1424 3886 opiﬁcem
1482 3808 1844 3887 praedicant:
1900 3806 1979 3866 ita
2041 3815 2101 3866 ut

458 3909 662 3952 eorum
703 3894 1046 3973 praedicatio
1078 3914 1315 3957 onmem
1352 3897 1632 3976 pervadat
1662 3895 1892 3957 orbem.

532 3980 589 4039 6.
630 3980 701 4042 In
726 3985 856 4044 sole
886 3986 1089 4061 posuit
1120 3984 1573 4046 tabernaculum
1608 4003 1804 4045 suum.
1860 3984 1923 4044 ln
1973 3988 2101 4046 sole

460 4069 1363 4151 posuit,inquit,tabernaculum
1397 4074 1518 4134 sive
1539 4073 1803 4134 domum.
1840 4072 2089 4135 Ubinam

454 4168 654 4219 autem
691 4162 881 4239 posuit
915 4162 1025 4224 nisi
1058 4162 1116 4222 in
1150 4162 1299 4223 caelo
1331 4172 1388 4223 et
1420 4169 1477 4222 in
1508 4163 1880 4224 ﬁrmamento
1914 4182 2096 4243 supra

457 4252 850 4313 memoratis?
910 4251 1074 4312 Hanc
1134 4270 1306 4330 porro
1356 4252 1623 4325 domum,
1678 4250 1893 4312 lectum
1951 4251 2090 4312 item

456 4339 679 4398 vocavit
737 4337 813 4402 Ut
844 4349 1041 4402 autem
1077 4340 1205 4400 dies
1237 4349 1291 4402 et
1327 4360 1437 4401 nox
1474 4341 1718 4420 pulchro
1745 4338 1847 4401 illo
1884 4340 2093 4401 ordine

458 4435 515 4486 et
540 4445 836 4491 consensu
870 4429 1189 4510 praedicant
1230 4430 1532 4509 Opiﬁcem,
1570 4431 1647 4490 ita
1690 4436 1750 4493 et
1798 4430 1884 4490 sol
1936 4432 2090 4509 quod

461 4516 713 4594 quadam
765 4519 1167 4581 concinnitate
1222 4538 1461 4581 cursum
1520 4519 1791 4580 conﬁciat
1833 4518 2100 4598 jubentis

461 4612 781 4682 potentiam
808 4607 1097 4670 declarat.
1644 4676 1649 4683 ,

537 4695 597 4758 8.
633 4695 758 4759 Lex
784 4697 1026 4761 Domini
1053 4701 1101 4759 ir
1140 4699 1445 4761 maculata
1463 4703 2093 4761 convertensom'mus.

458 4784 814 4862 Evangelica
833 4786 1087 4851 scilicet.
1117 4787 1356 4849 Ethnici
1383 4796 1584 4867 utpote
1609 4788 1707 4867 qui
1723 4788 1846 4865 jam
1867 4804 1937 4848 ex
1954 4805 2099 4867 prae—

459 4872 638 4935 dictis
663 4874 981 4937 elementis
1012 4876 1365 4939 edidicerint
1397 4895 1577 4936 unum
1629 4875 1905 4955 opiﬁcem
1938 4893 2094 4955 esse,

456 4962 753 5025 docentur
778 4964 1017 5027 demum
1070 4966 1464 5043 evangelicam
1512 4966 1699 5043 legem
1729 4982 1744 5039 ;
1779 4963 1858 5023 ita
1881 4972 1941 5024 ut
1963 4983 2094 5024 om-

457 5051 620 5112 nium
651 5053 917 5130 gentium
956 5054 1172 5115 anima:
1200 5053 1272 5116 ad
1313 5052 1619 5114 veritatem
1654 5059 2091 5113 convertantur.

460 5138 893 5204 Testimonium
924 5144 1175 5205 Domini
1196 5143 1370 5224 ﬁdele
1398 5144 1772 5223 sapientiam
1798 5148 2097 5221 priestans

457 5230 756 5308 parvulis.
790 5233 1229 5294 Testimonium
1266 5233 1498 5294 scilicet
1538 5232 1693 5312 quod
1745 5236 1819 5292 de
1847 5248 1911 5291 se
1971 5231 2097 5310 ipse

444 5319 724 5397 Salvator
748 5320 1041 5401 reddidit;
1071 5331 1128 5383 et
1155 5340 1168 5384 :
1202 5321 1329 5401 Ego
1352 5321 1536 5384 luxin
1554 5320 1841 5381 mundum
1866 5318 2094 5400 veni”;

459 5420 515 5473 et
545 5431 558 5473 :
586 5408 718 5489 Ego
748 5426 824 5471 ea:
853 5409 1041 5472 Patre
1072 5412 1242 5473 exivi
1272 5418 1332 5472 et
1362 5413 1536 5473 venio
1564 5408 1653 5482 i9‘;
1686 5417 1778 5470 et:
1822 5408 1947 5487 Ego
1964 5428 2098 5472 sum

455 5502 582 5564 vita
610 5497 689 5557 ³⁵.

2181 3632 2269 3680 οὖν
2314 3625 2400 3680 καὶ
2445 3625 2509 3680 τὰ
2566 3626 2842 3699 ποιήματα
2903 3625 2963 3679 τὰ
3027 3624 3387 3702 προειρημέδα
3446 3624 3584 3681 οὕτω
3626 3624 3832 3702 κηρύτ-

2181 3735 2256 3769 τει
2312 3714 2417 3769 ἀπὸ
2469 3712 2719 3793 μεγέθους
2778 3716 2864 3770 καὶ
2899 3714 3165 3780 καλλονῆς
3216 3716 3305 3770 καὶ
3336 3714 3682 3792 εὖαρμοστίας
3741 3716 3833 3769 τὸν

2184 3801 2502 3880 δημιουργόν
2538 3822 2552 3836 ο
2610 3806 2682 3866 ὼς
2734 3805 2805 3867 εἷς
2886 3810 3060 3860 πᾶσαν
3114 3805 3287 3860 αὐτῶν
3367 3804 3468 3871 τὴν
3514 3803 3834 3877 οἰκουμένην

2184 3890 2495 3970 διαδραμεῖν
2527 3895 2586 3949 τὸ
2616 3894 2865 3971 κήρυγμα
2876 3941 2888 3954 .

2262 3980 2354 4036 Ἐν
2404 3988 2481 4055 τῷ
2532 3980 2690 4056 ,ἣλίῳ
2739 3979 2883 4038 ἔθετο
2932 4003 2992 4036 τ’)
3063 3980 3321 4054 σκήνωμα
3391 3980 3570 4041 αὺτοῦ.
3620 3982 3704 4053 Τῷ
3755 3984 3834 4051 ἧ-

2185 4068 2303 4143 λίῳ,
2338 4072 2517 4149 φησὶν,
2563 4068 2705 4125 ἔθετο
2756 4071 2816 4125 τὸ
2874 4072 3155 4145 σκήνωμα,
3219 4067 3337 4136 ἤτοι
3381 4069 3560 4130 οἷκον.
3622 4075 3729 4126 Ποῦ
3779 4067 3835 4124 δὲ

2188 4157 2330 4215 ἔθετο
2373 4159 2410 4226 ἢ
2443 4158 2497 4214 ἐν
2544 4164 2622 4231 τῷ
2677 4160 3048 4237 προειρημένῳ
3097 4161 3301 4236 οὐρανῷ
3329 4160 3414 4214 καὶ
3447 4158 3777 4237 στερεώματι
3813 4178 3831 4237 ς

2185 4249 2380 4304 Τοῦτον
2421 4246 2476 4303 δὲ
2532 4249 2621 4303 τὸν
2664 4252 2816 4304 οἷκον
2875 4248 2963 4305 καὶ
3017 4251 3214 4304 παστὸν
3262 4248 3562 4322 ῳνόμασεν.
3610 4246 3836 4328 ’Ὠσπερ

2184 4333 2239 4390 δὲ
2296 4336 2470 4415 ἡμέρα
2526 4339 2612 4394 καὶ
2670 4337 2756 4403 νὺξ
2807 4344 2877 4414 τῇ
2935 4337 3171 4410 εὖτάκτῳ
3218 4337 3491 4417 συμφωνίᾳ
3514 4336 3835 4412 κηρύττουσι

2184 4426 2274 4480 τὸν
2329 4423 2676 4504 δημιουργὸν,
2751 4424 2889 4483 οὕτω
2939 4427 3027 4482 καὶ
3099 4428 3125 4482 ὁ
3180 4424 3357 4499 ἥλιος,
3403 4427 3465 4481 τὸ
3507 4427 3598 4482 τὸν
3640 4424 3836 4504 δρόμον

2184 4515 2309 4571 αετά
2340 4536 2481 4578 τινος
2511 4516 2859 4593 εὖαρμοστίας
2891 4519 3188 4591 ποιεῖσθαι,
3242 4514 3405 4583 δηλοῖ
3433 4522 3526 4572 τοῦ
3558 4516 3834 4594 προστάτ-

2181 4626 2362 4669 τοντος
2394 4604 2490 4671 τὴν
2520 4602 2760 4679 δύναμιν.

2266 4691 2324 4751 Ὀ
2369 4694 2529 4768 νόμος
2592 4694 2777 4773 κυρίου
2836 4692 3061 4770 ἄμωμος
3112 4694 3437 4774 ἐπιστρέφων
3493 4695 3701 4774 ψυχάς.
3763 4694 3827 4754 Ὀ

2185 4782 2524 4862 εὖαγγελικὸς
2576 4781 2850 4860 δηλονότι,
2900 4785 2994 4848 Ὠς
3058 4784 3162 4853 ἤδη
3207 4783 3263 4841 δὲ
3294 4785 3402 4840 ἀπὸ
3432 4788 3539 4840 τῶν
3569 4806 3830 4864 προειρη-

2182 4872 2355 4947 μένων
2409 4872 2694 4952 στοιχείων
2750 4871 3246 4952 παιδαγωγηθέντες
3292 4874 3339 4929 οἱ
3388 4869 3440 4937 ἐξ
3494 4872 3679 4952 ἐθνῶν,
3742 4874 3835 4930 ἕνα

2180 4962 2324 5019 εἶναι
2380 4963 2471 5017 τὸν
2522 4961 2869 5042 δημιουργὸν,
2931 4960 3264 5020 διδάσκονται
3322 4960 3508 5018 λοιπὸν
3580 4964 3668 5019 καὶ
3740 4964 3832 5019 τὸν

2181 5053 2523 5131 εὒαγγελικὸν
2575 5053 2761 5133 νόμον,
2819 5057 2892 5118 ὡς
2970 5058 3059 5112 καὶ
3131 5053 3447 5133 ἐπιστρέψαι
3504 5058 3613 5109 τῶν
3669 5054 3833 5112 ἐθνῶν

2180 5143 2424 5200 ἁπάντων
2482 5145 2573 5205 τὰς
2626 5145 2807 5223 ψυχὰς
2869 5147 2942 5209 εἷς
2992 5144 3271 5214 ἀλήθειαν.
3331 5147 3396 5200 Ἠ
3440 5143 3695 5221 μαρτυρία
3729 5154 3832 5203 Κυ-

2181 5234 2291 5311 ρίου
2400 5233 2563 5300 πιστὴ
2662 5234 2945 5313 σοφίζουσα
3062 5236 3242 5304 νήπια.
3350 5231 3468 5290 ’Ἦν
3596 5232 3834 5311 ἐμαρτύ-

2182 5329 2343 5401 ρησεν
2400 5322 2517 5398 περὶ
2551 5321 2737 5378 ἑαυτοῦ
2781 5326 2809 5380 ὁ
2854 5324 3164 5401 Μονογενὴς
3213 5322 3330 5379 τό·
3393 5321 3538 5398 Ἐγὼ
3591 5328 3705 5400 φῶς
3759 5325 3834 5385 εἰς

2181 5418 2270 5468 τὸν
2349 5412 2553 5486 κόσμον
2652 5411 2885 5483 ἐλήλυθα
2920 5436 2931 5443 ·
3013 5416 3126 5485 καὶ,
3207 5412 3355 5491 Ἐγὼ
3418 5411 3479 5469 ἐκ
3548 5411 3643 5469 τοῦ
3713 5418 3832 5469 Πα-

2184 5503 2301 5580 τρὸς
2358 5498 2599 5577 ἐξῆλθον,
2649 5504 2737 5559 καὶ
2806 5500 2925 5571 ἥκω
2956 5519 2971 5534 ’
3053 5504 3162 5575 καὶ,
3228 5499 3373 5580 Ἐγὼ
3441 5502 3549 5578 εἶμι
3590 5502 3627 5570 ἡ
3687 5503 3828 5575 ζωή.

536 5660 594 5711 ἳε
622 5661 795 5724 Rom.
834 5677 873 5738 ι,
899 5659 996 5721 20.
1084 5660 1143 5711 93
1168 5659 1341 5724 Joan.
1380 5678 1487 5739 XII,
1521 5660 1626 5726 46.
1715 5659 1781 5711 34
1805 5658 1980 5726 Joan.
2011 5678 2099 5726 xv:

2205 5661 2262 5727 Β.
2346 5657 2592 5725 “toan.
2629 5676 2758 5745 xiv,
2791 5659 2850 5727 6.
