4030 6216
439 304 550 366 127
1242 306 1299 366 S.
1351 302 1780 366 ATHANASU
1827 299 1988 360 OPP.
2041 296 2233 358 PARS
2274 296 2356 362 ΙΙΙ
2431 335 2506 346 -—
2555 304 3006 370 EXEGETICA.
3707 309 3825 372 128

520 436 580 500 7.
613 437 866 516 Impleat
899 439 1190 499 Dominus
1205 454 1409 499 omnes
1431 437 1752 516 petitiones
1774 432 2082 504 tuas.0uaa

2249 433 2533 516 Πληρώσαι
2591 442 2776 520 Κύριος
2836 443 3007 499 πάντα
3067 443 3132 500 τὰ
3185 443 3463 518 αἰτήματά
3515 466 3634 506 σου.
3692 447 3822 504 Τίνα

451 535 620 588 erant
653 526 986 604 petitiones,
1035 527 1168 599 nisi,
1198 525 1378 587 Pater
1417 535 1648 605 sancte,
1683 542 1861 587 ser-va
1891 540 1990 586 eos
2013 521 2085 584 de

2203 547 2236 589 ιν
2265 527 2330 582 τὰ
2360 529 2652 596 αἰτήματα.
2753 533 2842 604 τὸ,
2887 533 3060 612 Πάτερ
3127 531 3271 610 ἅγιε,
3328 533 3566 608 τήρησον
3631 535 3830 597 αὐτοὺς

445 616 673 677 munda
693 615 745 658 2³⁷
766 617 792 676 7
813 615 1007 676 Palam
1034 624 1228 676 autem
1255 625 1342 674 est
1365 615 1439 675 de
1466 613 1848 675 credentibus
1871 616 1928 672 in
1947 630 2082 674 eum

450 708 590 768 dici.
627 711 766 785 [Aut
799 707 1076 770 Davidem
1137 714 1236 768 aut
1275 706 1582 767 Ezechiam
1616 705 1781 780 dicit,
1819 714 2086 783 tempore

450 798 674 858 scilicet
707 797 1077 858 sacerdotum
1105 805 1162 856 et
1197 814 1432 874 regum,
1458 801 1561 857 aut
1583 807 1829 875 propter
1849 811 2087 856 oecono-

457 886 628 946 miam
661 885 894 948 Domini
919 885 1246 945 secundum
1280 893 1606 957 carnem,et
1633 893 1870 964 propter
1895 900 2093 943 resur-

454 975 779 1036 rectionem
811 994 826 1042 ',
852 985 948 1034 aut
969 973 1105 1052 quia
1136 972 1306 1034 nobis
1323 973 1572 1035 salutem
1597 971 2092 1052 consecutis,ipse

451 1065 701 1125 salutem
728 1062 1001 1124 obtinere
1029 1063 1369 1141 dicitur,qui
1393 1071 1451 1122 et
1478 1080 1684 1122 curam
1713 1061 1960 1140 hujusce
1983 1062 2090 1121 ha-

458 1153 779 1223 bebit,cum
809 1170 989 1212 unum
1023 1170 1240 1230 corpus
1263 1150 1476 1213 simus.
1507 1151 1905 1223 Quamobrem
1935 1168 2092 1209 nunc

459 1241 642 1302 dicit:
677 1243 736 1300 In
769 1241 1048 1320 praesenti
1099 1241 1318 1319 quippe
1353 1239 1764 1317 cognoscimus
1793 1239 2088 1300 Christum

453 1332 706 1390 salutem
737 1337 993 1400 nactum,
1031 1331 1168 1408 quia
1199 1328 1338 1388 inde
1365 1347 1471 1387 nos
1504 1335 1720 1388 nostra:
1755 1328 1964 1406 pignus
1993 1347 2087 1388 sa—

455 1419 593 1478 lutis
622 1418 969 1495 accipimus.
1005 1415 1208 1478 Salvos
1243 1423 1440 1477 autem
1478 1417 1663 1476 let-isti
1705 1437 1812 1476 nos
1848 1435 1950 1495 per
1980 1418 2092 1477 vir-

451 1517 635 1568 tutem
671 1507 935 1568 dexterae
969 1515 1099 1567 tuae.
1135 1504 1446 1566 Dexteram
1479 1505 1622 1565 dixit
1671 1525 1868 1585 opera.
1899 1506 2087 1566 virtu-

455 1605 544 1657 tes
573 1613 819 1672 magnas
850 1595 1132 1656 auxilium
1162 1615 1174 1657 :
1210 1604 1310 1654 aut
1339 1594 1536 1654 divina
1567 1595 1732 1672 signa
1767 1596 2030 1673 prmdicit
2058 1615 2091 1656 a

457 1683 689 1746 Christo
721 1685 998 1761 edenda.|
1035 1684 1209 1744 Nunc
1256 1689 1512 1760 cognovi
1539 1687 1824 1760 quoniam
1851 1684 2088 1746 salvum

2170 614 2229 669 ἐκ
2283 623 2376 672 τοῦ
2431 621 2684 694 κόσμους
2741 619 2913 686 Δηλον
2945 619 3020 690 δέ,
3073 620 3153 677 ὅτι
3207 623 3330 686 τοὺς
3359 622 3704 687 πιστεύοντας
3751 624 3834 686 εἰς

2173 702 2350 763 αὖτόν.
2389 704 2496 782 [”[1
2527 709 2615 764 τὸν
2653 707 2822 765 Δαυῖδ
2851 709 2885 778 ἣ
2919 711 3008 764 τὸν
3043 710 3304 780 Ἐζεκίαν·
3337 709 3420 790 ἐφ’
3481 710 3661 788 ἱερέων
3723 713 3834 788 γὰρ

2173 793 2262 848 καὶ
2283 793 2568 869 βασιλέων,
2597 796 2631 864 ἢ
2661 796 2744 856 διὰ
2773 798 2871 864 τὴν
2926 799 3060 854 κατᾶ
3119 799 3288 877 σάρκα
3344 806 3436 855 τοῦ
3497 799 3679 879 Κυρίου
3737 801 3834 856 οἰ-

2178 885 2424 956 κονομίαν
2449 887 2538 940 καὶ
2565 886 2871 941 ἀνάστασιν·
2905 889 2938 952 ἢ
2992 885 3080 943 ϐαὶ
3134 887 3214 943 ὅτι
3275 888 3592 963 σωζομένων
3643 890 3834 968 ἡμῶν,

2179 971 2332 1036 αὐτὸς
2359 970 2504 1050 λέγει
2537 975 2815 1044 σώζεσθαι,
2864 978 2924 1032 οὗ
2985 981 3072 1032 καί
3132 975 3360 1050 μελήσει
3419 977 3518 1049 μὲν
3569 977 3830 1045 σώματος

2177 1059 2322 1122 ὄντες
2367 1062 2506 1124 ἑνός.
2547 1065 2638 1119 Διὸ
2680 1065 2766 1119 καὶ
2806 1067 2893 1120 νῦν
2931 1065 3108 1120 εἶπεν·
3181 1054 3287 1122 Ἐν
3327 1066 3426 1144 γάρ
3483 1073 3559 1140 τῷ
3601 1075 3832 1146 παρόντι

2177 1149 2509 1226 γινώσκομεν
2569 1153 2872 1227 σωζόμενον
2931 1155 3020 1210 τὸν
3081 1156 3330 1232 Χριστὸν,
3381 1159 3460 1228 τῷ
3514 1155 3836 1212 ἆπεντεῦθεν

2179 1235 2453 1316 αρῤαϐῶνα
2483 1243 2624 1315 ἡμᾶς
2655 1239 2905 1321 δέχεσθαι
2939 1245 3228 1322 σωτηρίας,
3295 1242 3556 1307 ’Ἔσωσας
3613 1243 3667 1300 δὲ
3741 1243 3837 1301 διά

2173 1333 2271 1394 τῆς
2302 1327 2605 1392 δυναστείας
2636 1336 2735 1398 τῆς
2765 1329 2934 1396 δεξιᾶς
3000 1354 3119 1392 σου.
3184 1331 3369 1398 Δεξιάν
3427 1333 3522 1391 τάς
3579 1333 3822 1412 πράξεις,

2175 1417 2266 1474 τάς
2300 1417 2533 1494 μεγάλας
2584 1419 2853 1494 δυνάμεις,
2914 1422 3015 1488 τὴν
3061 1423 3308 1497 βοήθειαν
3384 1422 3570 1478 εἰπών·
3629 1423 3664 1490 ἢ
3725 1423 3828 1488 τάς

2171 1509 2487 1580 θεοσημείας
2563 1523 2934 1588 προαναφωνεϊ
2981 1517 3072 1566 τοῦ
3132 1517 3358 1589 Χριστοῦ
3523 1519 3628 1570 Νῦν
3721 1511 3816 1589 ’έγο

2175 1617 2298 1675 νων,
2373 1595 2452 1651 ὅτι
2533 1597 2699 1654 ἔσωσε
2773 1599 2955 1676 Κύριος
3039 1601 3128 1654 τὸν
3189 1601 3422 1677 Χριστὸν
3505 1600 3682 1675 αὖτοῦ,
3745 1603 3824 1664 ὡς

2173 1683 2274 1751 ἤδη
2307 1689 2726 1766 φωταγωγηθεὶς
2758 1686 2842 1742 διά
2899 1695 2991 1745 τοῦ
3063 1689 3372 1763 Πνεύματος
3427 1689 3494 1746 τά
3553 1691 3670 1768 περὶ
3723 1689 3828 1758 τῆς

453 1773 601 1850 fecit
632 1775 925 1834 Domlnus
959 1775 1269 1834 Christum
1293 1789 1494 1851 suum,
1531 1781 1732 1851 utpote
1771 1775 1892 1851 jam
1947 1773 2090 1834 illu-

2203 1775 2541 1834 εναστάσεως.

459 1861 712 1921 minatus
776 1880 882 1940 per
940 1861 1222 1940 Spiritum
1275 1869 1546 1921 sanctum
1610 1868 1768 1922 circa
1835 1880 1904 1923 ea
1961 1881 2092 1943 quae

461 1951 969 2012 resurrectionem
1000 1958 1314 2030 spectant“

537 2039 606 2100 In
630 2041 1040 2117 potentatibus
1062 2039 1284 2100 salutis
1319 2039 1580 2101 dextera:
1621 2041 1747 2115 eius
1798 2039 2086 2116 Salutem,

451 2128 664 2207 inquit,
703 2128 870 2188 nobis
923 2128 1130 2190 tribuit
1189 2145 1431 2206 magnas
1495 2128 1740 2189 virtutes
1788 2139 2083 2207 operatus.

453 2215 646 2296 Opera
671 2235 924 2294 namque
951 2217 1044 2277 hic
1078 2216 1370 2295 signiﬁcat
1403 2235 1472 2275 eo
1499 2217 1657 2292 quod
1680 2216 1924 2278 virtutes
1955 2218 2090 2279 dex-

452 2314 596 2366 terae
625 2305 1046 2367 accedentibus
1085 2308 1365 2386 porrigat.
1399 2303 1540 2386 [llli,
1577 2306 1784 2384 inquit,
1821 2307 1911 2367 his
1943 2326 2087 2367 con-

457 2396 544 2454 ﬁsi
577 2395 970 2456 reciderunt:
1024 2414 1129 2454 nos
1185 2405 1380 2456 autem
1444 2395 1500 2454 in
1565 2394 1804 2456 nomine
1859 2396 2093 2456 Domini

462 2485 648 2546 armis
679 2485 976 2562 instructi,
1010 2485 1257 2544 sailtlt'lll
1315 2485 1465 2544 nacti
1499 2484 1751 2564 sumus]
1781 2484 2089 2546 Dexteram

458 2572 551 2632 hic
588 2593 825 2652 quoque
849 2573 1104 2632 humano
1131 2589 1293 2632 more
1319 2572 1618 2650 loquendo
1647 2584 1812 2632 vocat
1836 2573 2090 2634 divinam

457 2661 892 2738 Operationem.

539 2755 596 2809 8.
627 2749 706 2810 Hi
733 2751 796 2812 in
818 2749 1178 2820 cm‘ribus,et
1195 2751 1338 2810 litin
1361 2751 2087 2834 equisQuemadmodum,

455 2856 590 2900 cum
615 2840 892 2902 Israelem
921 2839 1177 2916 eriperet
1200 2858 1232 2896 a
1253 2837 1638 2898 sensibilibus
1665 2838 1945 2917 [Egypliis
1964 2859 2090 2900 cur-

456 2945 558 2988 rus
591 2928 918 2989 Pharaonis
949 2937 1005 2987 et
1041 2925 1318 2987 virtutem
1354 2927 1482 3004 ejus
1517 2927 1765 3005 projecit
1796 2928 1854 2985 in
1889 2946 2086 2988 mare:

457 3019 535 3076 ita
557 3036 688 3076 cum
721 3027 902 3076 lulum
929 3016 1234 3076 hominum
1265 3034 1449 3093 genus
1477 3015 1753 3076 liberaret
1772 3035 1804 3074 a
1825 3017 2092 3094 spiritua-

459 3105 611 3167 libus
650 3105 956 3184 Egyptiis,
993 3123 1200 3165 currus
1234 3105 1506 3166 contrivit

539 3197 636 3257 10.
669 3197 812 3258 Dum
827 3198 945 3268 inc,
968 3197 1202 3256 salvum
1221 3195 1326 3271 [uc
1347 3212 1562 3272 regem.
1589 3193 1847 3258 Proinde
1869 3205 2088 3257 tantum

457 3285 610 3345 nacti
671 3283 1086 3364 patrocinium,
1148 3283 1551 3362 supplicamus
1623 3283 1754 3362 tibi,
1814 3284 2086 3364 Domine,

460 3383 524 3434 ut
560 3393 692 3434 cuin
757 3393 886 3452 nos,
923 3385 1041 3433 tum
1094 3391 1194 3434 rex
1252 3381 1452 3434 noster
1504 3393 1572 3433 eo
1634 3372 1900 3434 fruamur
1939 3377 2089 3436 assi-

454 3464 593 3526 due.

654 3556 697 3618 Ι.
736 3557 800 3618 In
833 3558 1034 3636 ﬁnem,
1077 3555 1458 3619 PSALJIUS
1493 3557 1732 3620 quidi.
1775 3556 1899 3618 ΧΧ

1039 3651 1084 3709 Α
1098 3657 1504 3726 rgumentum.

455 3740 626 3802 Hunc
655 3763 890 3822 quoque
916 3743 1204 3822 psalmum
1231 3741 1391 3821 prius
1419 3745 1724 3805 memorati
1748 3744 2090 3820 amiciregis

534 3833 831 3894 oderunt:
872 3840 1146 3910 tanquam
1182 3831 1414 3891 lmtante
1449 3833 1548 3891 illo
1587 3833 1740 3910 quod
1775 3852 1842 3893 ex
1863 3831 2089 3892 semine

539 3920 721 3998 ipsiUs
748 3931 1017 3981 emrtum
1073 3921 1291 3980 mundo
1342 3922 1420 3980 sit
1467 3923 1740 3984 salutare.
1793 3921 1914 3982 Hoc
1967 3930 2088 3981 erat

533 4011 688 4070 enim
721 4011 872 4088 quod
912 4028 980 4070 ex
1025 4011 1224 4068 animo
1273 4012 1640 4088 peroptabat,
1685 4011 1924 4090 darique
1976 4010 2088 4069 sibi

535 4099 788 4158 maxime
812 4097 1208 4177 SltppiiCt.bal-.
1249 4097 1413 4168 Quod
1437 4100 1536 4159 ubi
1556 4118 1902 4160 concessum
1937 4099 2084 4160 fuis-

535 4195 644 4259 set,
675 4189 885 4246 l'actutn
915 4187 1026 4264 ipsi
1052 4195 1137 4246 est
1162 4205 1268 4246 reu
1293 4205 1510 4247 corona
1543 4189 1813 4266 quantam
1849 4208 1914 4248 ex
1951 4206 2086 4266 pre~

537 4277 695 4337 tioso
757 4274 954 4355 lapide
1035 4275 1328 4348 conlecta,
1377 4296 1490 4355 qua
1551 4288 1724 4357 caput
1781 4289 2090 4338 eXornaret

535 4384 730 4425 suum.
768 4363 942 4424 David
1000 4365 1156 4424 enim
1217 4365 1368 4444 apud
1431 4383 1639 4425 omnes
1697 4375 1900 4444 gentes
1955 4385 2086 4426 cum

539 4452 789 4514 Domino
821 4471 925 4512 suo
958 4461 1138 4531 atque
1173 4452 1293 4512 tilio
1325 4460 1654 4513 secundum
1688 4473 1950 4530 carnem,
1975 4456 2092 4515 lau-
2117 4465 2162 4516 ι)

539 4541 711 4602 dibus
747 4541 1106 4602 celebratur.
1173 4543 1378 4621 Neque
1437 4561 1660 4604 corona
1711 4555 1935 4605 tantum
1984 4545 2092 4605 fuit

539 4633 619 4692 illi
655 4635 767 4692 hoc
800 4634 1094 4700 salutare;
1133 4634 1248 4692 inin
1275 4633 1450 4692 etiam
1484 4633 1615 4704 vita,
1645 4644 1702 4694 et
1733 4635 2092 4697 diuturnitas

538 4719 986 4792 incolumitatis,
1048 4722 1256 4798 gloria,
1340 4721 1802 4798 magniﬁcentia,
1866 4725 2086 4796 laetitia,

536 4810 837 4889 gaudium,
865 4828 1003 4886 Spes
1058 4819 1116 4870 et
1169 4810 1578 4872 misericordia
1625 4831 1923 4892 nunquam
1975 4831 2086 4873 nu-

537 4909 682 4959 tans.

535 4988 593 5050 ‘2.
631 4990 901 5062 Domine,
934 4991 994 5049 in
1027 4991 1262 5050 virtute
1289 4997 1393 5050 tua
1430 4989 1732 5051 [relabitur
1759 5008 1890 5054 rex.

537 5167 897 5240 7.0uoniam
919 5165 1093 5227 dabis
1110 5185 1240 5227 eum
1265 5168 1323 5226 in
1351 5167 1816 5229 benedictionem
1837 5172 1895 5230 in
1911 5187 2098 5231 saecu-

459 5260 586 5319 lum
618 5255 918 5317 swculiJn
945 5255 1968 5336 omnibus,inquit,generationibus
1993 5279 2092 5318 ce-

459 5345 644 5408 lebris
662 5357 720 5405 et
753 5345 1071 5424 praeclarus
1092 5343 1227 5425 erit,
1255 5345 1413 5424 quod
1439 5355 1656 5407 tantam
1680 5365 1712 5407 a
1738 5356 1793 5408 te
1818 5347 2092 5410 ﬁduciam

457 5433 774 5515 acceperit.
803 5435 950 5496 Nam
983 5433 1155 5505 illud,
1187 5451 1324 5496 cum
1355 5435 1528 5496 vultu
1559 5444 1682 5510 tuo,
1717 5442 1888 5498 vertit
1922 5440 2097 5519 Sym-

461 5526 726 5604 machus,
751 5529 914 5605 aputt
945 5526 1176 5586 vultum
1200 5531 1393 5587 tuum.
1421 5525 1640 5586 Laetitia
1661 5527 1879 5606 itaque,
1908 5529 2010 5601 ait,
2039 5537 2098 5591 et

537 5660 597 5714 27
625 5659 800 5725 Joan.
835 5677 977 5740 xvu,
1003 5662 1106 5726 Μ.

2253 2039 2343 2097 Ἐν
2397 2040 2723 2107 δυναστείαις
2784 2043 2882 2110 τῆς
2937 2043 3201 2120 σωτηρίας
3259 2048 3358 2110 τῆς
3402 2041 3571 2109 δεξιᾶς
3641 2047 3828 2106 αὐτοῦ,

2175 2125 2426 2185 ’Ἒσωσεν
2456 2133 2621 2205 ἡμᾶς,
2676 2134 2827 2210 φησὶ,
2902 2131 3146 2206 δονάμεις
3205 2133 3446 2208 μεγάλας
3505 2133 3816 2210 ἐργασάμε-

2175 2241 2284 2281 νος.
2347 2220 2448 2283 Τάς
2493 2219 2704 2298 πράξεις
2731 2222 2832 2299 γάρ
2858 2221 3078 2277 Enr-301
3109 2224 3359 2296 σημαίνει
3419 2221 3504 2278 διά
3561 2223 3655 2286 τάς
3715 2220 3818 2277 δε-

2176 2307 2284 2372 ξιάς
2339 2307 2582 2382 δυνάμεις
2635 2323 2751 2375 τοῖς
2829 2319 3134 2386 προσιοῦσιν
3209 2311 3451 2388 ὀρέγειν.
3547 2309 3806 2388 [Ἐκεῖνοι

2178 2397 2295 2470 μὲν,
2329 2399 2479 2476 φησὶ,
2513 2399 2825 2461 πεποιθότες
2869 2398 2954 2454 ἐπὶ
2983 2399 3212 2470 τούτοις,
3246 2402 3460 2458 ἔπεσον
3496 2403 3661 2476 ἡμεῖς
3727 2399 3818 2478 δὲ,

2178 2487 2228 2540 ἐν
2273 2485 2486 2560 ὸνόματι
2556 2485 2748 2566 Κυρίου
2813 2487 3267 2562 καθωπλισμένοι,
3343 2488 3670 2569 ἐσώθημεν.]
3725 2499 3822 2546 Δε-

2178 2572 2282 2637 Ξιᾶν
2317 2573 2370 2629 δέ
2429 2574 2586 2631 πᾶλιν
2647 2577 2864 2635 ἐνταῦθα
2923 2579 3260 2655 ἀνθρωπίνως
3321 2580 3473 2656 εἷπε,
3524 2579 3623 2646 τὴν
3679 2578 3825 2636 Θείαν

2176 2661 2342 2726 οὕτως
2373 2665 2646 2739 ὀνομάζων
2677 2665 2965 2744 ἐνέργειαν.

2256 2752 2409 2808 Οὗτοι
2469 2752 2522 2808 ἒν
2599 2753 2821 2830 ἅρμασι,
2883 2756 2968 2811 καὶ
3030 2758 3172 2810 οὗτοι
3223 2758 3278 2810 ἓν
3323 2755 3540 2820 ἵπποις,
3605 2755 3826 2832 ’Ὥσπερ

2179 2845 2278 2896 τῶν
2310 2843 2570 2908 αἰσθητῶν
2603 2845 2898 2920 Αἱγυπτίων
2943 2847 3128 2914 σώζων
3182 2847 3270 2900 τὸν
3333 2843 3578 2924 Ἰσραὴλ,
3656 2843 3827 2923 ἅρμα.

2176 2951 2240 2984 τα
2269 2932 2464 3008 Φαραὼ
2495 2933 2582 2988 καὶ
2612 2933 2712 2999 τὴν
2762 2931 2977 3006 δύναμιν
3038 2936 3195 3012 αὐτοῦ
3249 2931 3458 3012 ’έῤῥιψεν
3511 2935 3585 2998 εἰς
3629 2933 3828 2990 θάλασ-

2177 3039 2294 3086 σαν,
2353 3016 2488 3074 οῧτω
2537 3022 2624 3076 καὶ
2684 3021 2899 3076 πάντων
2957 3009 3250 3098 ἀνθρώπων
3321 3021 3506 3092 σώζων
3553 3023 3616 3078 τό
3668 3023 3826 3100 γένος

2107 3107 2152 3160 C
2177 3113 2280 3162 τῶν
2302 3115 2504 3174 νοητῶν
2538 3111 2856 3186 Αἲγυπτίων,
2894 3110 3166 3188 συνέτριψε
3211 3112 3278 3170 τά
3306 3112 3537 3188 ἅρματα,

2256 3194 2414 3274 Κύριε
2447 3245 2462 3272 ,
2525 3203 2694 3254 σῶσον
2751 3201 2843 3255 τὸν
2905 3198 3150 3276 βασιλέα.
3213 3201 3495 3278 Τοιγάρτοι
3551 3200 3821 3267 τοσαύτης

2176 3285 2570 3351 ἀπολαύσαντες
2611 3287 2949 3364 ἀντιλήψεως
3011 3289 3339 3363 ἱκετεύομεν,
3401 3289 3664 3365 Δέσποτα,
3725 3293 3818 3346 καὶ

2175 3377 2316 3449 ἡμᾶς
2351 3375 2535 3440 αὐτοὺς
2573 3377 2771 3432 καὶτὸν
2795 3377 3059 3457 ἡμέτερον
3117 3375 3342 3454 βασιλέα
3397 3379 3593 3446 ταύτης
3651 3399 3828 3454 μετα-

2174 3464 2470 3544 λαγχάνειν
2496 3464 2778 3532 διηνεκῶς,

2485 3558 2567 3618 Εἷς
2598 3553 2778 3634 τέλος,
2806 3561 3099 3612 ΨΑΛΜΟΣ
3130 3561 3208 3629 τῷ
3234 3553 3419 3615 Δουῖδ.
3446 3553 3511 3616 Κ⁹

2837 3642 3142 3706 Ὗπόθεσις.

2173 3731 2273 3794 Καὶ
2305 3741 2489 3789 τοῦτον
2521 3735 2610 3788 τὸν
2633 3731 2850 3808 ψαλμὸν
2894 3735 2940 3789 οἱ
2973 3731 3404 3809 προδηλωθέντες
3469 3734 3672 3812 ἑταῖροι
3727 3743 3827 3791 τοῦ

2253 3821 2513 3898 βασιλέως
2547 3821 2970 3896 ἆναπέμπουσιν,
3021 3823 3093 3882 ὡς
3151 3820 3254 3888 ἤδη
3311 3826 3469 3880 αύτοῦ
3526 3823 3825 3898 εὐφραινο-

2253 3915 2410 3986 μένου
2453 3909 2537 3966 διά
2568 3914 2628 3966 τό
2661 3909 2720 3966 ἐκ
2745 3911 3043 3988 σπέρματος
3103 3915 3261 3970 αὐτοῦ
3309 3911 3696 3989 γεγεννημένον
3741 3917 3828 3984 τῷ

2251 4002 2437 4074 κόσμῳ
2467 4002 2752 4076 σωτήριον.
2802 4003 2958 4058 Τοῦτο
3015 4000 3115 4078 γάρ
3185 4002 3252 4067 ἦν
3303 4000 3330 4056 ὅ
3385 4001 3630 4076 ἐπεθύμει
3680 4001 3826 4056 κατά

2255 4092 2458 4170 ψυχὴυ,
2495 4091 2578 4144 καὶ
2609 4089 2781 4146 ἐδέετο
2811 4087 3019 4147 λαϐεῖν.
3050 4087 3235 4166 ’Ὅπερ
3259 4091 3346 4145 καὶ
3405 4087 3550 4146 δοθὲν
3597 4088 3821 4168 γέγονεν

2253 4181 2392 4252 αύτῷ
2415 4180 2508 4234 οἷά
2535 4201 2614 4240 τις
2641 4178 2900 4258 στέφανος
2945 4177 3005 4232 ἐκ
3034 4176 3175 4236 λίθου
3207 4181 3386 4254 τιμίου
3411 4181 3510 4236 τ’ἶτν
3571 4177 3820 4258 κεφαλὴν

2254 4267 2501 4338 δοξάζων·
2547 4265 2813 4338 δοξάζεται
2865 4267 2964 4344 γάρ
3035 4267 3088 4322 ἐν
3143 4273 3272 4323 πᾶσι
3330 4281 3448 4332 τοῖς
3524 4267 3724 4325 ’ἔθνεσιν
3791 4271 3822 4323 ὁ

2259 4355 2426 4413 Δαολιδ
2483 4357 2616 4431 μετά
2667 4356 2758 4412 τοῦ
2789 4353 2982 4434 Κυρίου
3011 4355 3195 4412 ἔαυτοῦ
3259 4359 3347 4412 καὶ
3416 4360 3528 4414 υἱου
3575 4359 3635 4412 τὸ
3678 4357 3822 4418 κατά

2261 4448 2446 4524 σάρκα.
2484 4448 2556 4504 Ού
2585 4447 2747 4520 μόνον
2779 4444 2828 4500 δὲ
2863 4445 3119 4525 στέφανος
3166 4447 3308 4520 αὖτῷ
3356 4445 3538 4524 γέγονε
3590 4447 3651 4502 τὸ
3703 4467 3818 4501 σω-

2257 4537 2462 4615 τήριον,
2497 4535 2634 4590 ἀλλά
2678 4537 2766 4591 καὶ
2822 4535 2955 4608 ζωὴ,
3015 4537 3105 4590 καὶ
3169 4535 3630 4613 μακροημέρευσις
3665 4581 3682 4610 ,
3733 4537 3826 4591 καὶ

2258 4631 2403 4704 δόξα,
2437 4631 2524 4684 καὶ
2557 4627 3008 4704 μεγαλνπρέπεια,
3043 4628 3132 4682 καὶ
3188 4629 3504 4708 εὖφροσύνη,
3580 4630 3666 4685 καὶ
3709 4650 3827 4707 χα-

2258 4721 2344 4798 ρά,
2379 4719 2466 4776 καὶ
2495 4717 2668 4790 ἐλπὶς,
2718 4719 2804 4772 καὶ
2835 4715 2982 4778 ἕλεος
3008 4720 3068 4774 οὒ
3100 4715 3476 4794 σαλευόμενον,

2257 4991 2416 5068 Κύριε
2455 5034 2470 5058 ,
2565 4989 2620 5041 ἒν
2698 4990 2764 5060 τῇ
2816 4984 3032 5061 δυναμει
3120 5007 3214 5042 σου
3283 4985 3696 5065 εὐφρανθήσεται
3791 4989 3822 5041 ὁ

2178 5080 2422 5160 βασιλεύς
2438 5125 2450 5138 .

2264 5169 2298 5194 η
2447 5164 2498 5186 σε(
2681 5167 2695 5187 ν
2750 5167 2774 5178 ~
2861 5166 2873 5186 ν
2995 5165 3004 5182 ν
3271 5165 3324 5184 μυ
3488 5164 3547 5182 «α
3729 5163 3743 5184 ν

2305 5179 2394 5227 Οτι
2443 5183 2583 5239 οῳης
2641 5185 2785 5236 αυτῳ
2827 5162 3069 5240 ευλογιαν
3113 5165 3184 5225 εὶς
3235 5185 3398 5219 αιωνσ.
3455 5184 3666 5230 αιωνος.
3755 5174 3822 5222 Εν

2178 5262 2433 5336 ἀπάσαις,
2467 5255 2617 5334 φησὶ,
2645 5265 2765 5313 ταῖς
2797 5266 3010 5328 γενεαῖς
3053 5251 3289 5328 ἀοίδιμος
3322 5251 3473 5309 ἔσταε
3505 5255 3592 5309 καὶ
3647 5253 3820 5314 πολυ-

2178 5347 2490 5428 θρύλλητος,
2526 5343 2788 5408 τοσαύτην
2833 5341 3088 5421 ἐσχηκὼς
3145 5342 3287 5420 παρά
3348 5348 3441 5399 σοὖ
3500 5341 3820 5422 παῤῥησίαν,

2179 5441 2252 5500 Τὰ
2311 5437 2411 5517 γάρ
2480 5432 2616 5510 μετά
2671 5433 2764 5488 τοὺ
2825 5431 3111 5510 προσώπου
3153 5453 3270 5506 σου,
3327 5433 3468 5511 παρά
3521 5437 3599 5508 τῷ
3649 5455 3822 5513 προσ-

2182 5532 2314 5603 ὼπῳ
2369 5547 2462 5583 σου
2487 5569 2503 5596 ,
2563 5519 2788 5580 τέθεικεν
2848 5522 2875 5578 ὁ
2935 5523 3256 5602 Σύμμαχος.
3310 5523 3650 5602 Εὐφροσύνην
3703 5525 3822 5582 τοι-
