4030 6216
489 300 592 364 131

1260 299 1322 366 S.
1373 297 1785 365 ATHANASII
1828 301 1991 364 OPP.
2043 297 2252 365 PARS.
2304 300 2410 365 IIl.
2461 339 2535 348 —
2586 293 3042 365 EXEGETICA.

469 435 602 515 ejus
630 436 945 496 adventum
997 445 1164 514 rogat
1211 435 1578 498 accelerari:
1621 434 2010 499 Cantabi'mus
2057 455 2080 498 e

2208 445 2305 512 ρῶς
2354 443 2643 520 παρωσίαν
2692 439 2909 520 cii/“snt
2969 438 3052 495 διὰ
3108 439 3266 498 τοῦτο
3315 441 3554 518 γενέσθαι
3586 459 3600 473 ⁶

3743 296 3862 368 132

3664 439 3857 515 ’ᾋσο-

466 525 794 605 psallemus
812 526 1073 587 virtutes
1087 523 1416 586 tuas.Tunc
1430 525 1586 585 enim
1603 542 1810 584 omnes
1815 525 2080 603 justorur

2208 550 2296 584 αεν
2353 532 2438 586 καὶ
2497 529 2769 604 ψαλοῦμεν
2827 530 2922 591 τὰς
2993 526 3296 592 δυναστείας
3380 551 3496 590 σου.
3564 531 3691 587 Τότε
3752 534 3858 609 γὰρ

467 616 706 688 animai,
741 614 798 674 in
821 613 1098 693 supernis
1131 614 1536 674 mansionibus
1566 613 1905 674 constituta
1932 615 2076 693 spiri

2208 624 2340 674 πᾶσα
2389 618 2602 676 δικαίων
2645 619 2822 698 ψυχὴ,
2879 620 2934 673 ἓν
2984 631 3108 681 ταῖς
3157 618 3266 679 ἄνω
3323 619 3588 698 γενομένι⁸
3627 635 3856 694 μοναῒς,

468 703 687 764 tualem
721 701 942 763 cultum
979 703 1251 779 obeunt.|

627 797 685 856 1.
721 797 791 857 In
819 797 1026 874 linem,
1061 814 1175 873 pro
1205 798 1590 875 susceptione
1621 798 1951 876 matutina,

889 883 1149 946 PSALM
1159 884 1254 947 US
1285 885 1497 947 David.
1532 883 1675 946 XXI

1046 975 1519 1056 Argumentum.

466 1067 708 1129 Canitur
736 1068 833 1130 hic
863 1067 1126 1148 psalmus
1148 1085 1254 1146 pro
1292 1072 1671 1144 susceptione
1705 1070 2012 1143 matutina,
2047 1069 2104 1129 id

2197 707 2290 769 τὰς
2313 711 2671 783 πνευματικὰς
2704 708 3004 781 ἀναπέμπει
3036 706 3341 788 λατρείας.]

2282 798 2362 860 Εἰς
2393 798 2452 852 τὸ
2497 796 2675 875 τέλος,
2721 796 2846 875 ὑπὲρ
2877 802 2984 856 τῶς
3011 795 3349 870 ἀντιλήψεως
3381 798 3480 864 τῆς
3514 799 3769 873 ἑωθινῆς,

2629 892 2916 941 ΨΛΛΜΟΣ
2949 886 3024 959 τῷ
3061 884 3251 948 Δαυίδ.
3289 885 3421 947 KA’.

2870 971 3170 1036 ’Υπὸθξσις,

2194 1061 2420 1136 ’ᾋδεται
2479 1067 2505 1120 6
2568 1066 2913 1143 προκείμενος
2947 1063 3161 1139 ψαλμὸς
3193 1066 3323 1143 ὑπὲρ
3367 1071 3465 1132 τῆς
3517 1065 3860 1142 ἀντιλήψεως

2271 1159 2368 1220 τῆς
2402 1154 2648 1220 ἑωθινῆς.
2712 1153 2995 1210 Τουτέστιν
3023 1152 3104 1208 ὅτι
3137 1155 3322 1217 νυκτὸς
3354 1156 3441 1210 καὶ
3488 1154 3691 1234 ἀχλύος
3723 1154 3856 1211 δια-

2270 1240 2496 1310 ϐολικῆς
2553 1241 2901 1317 ἐλευθέρωσεν
2947 1244 3111 1315 ἡμᾶς,
3168 1241 3478 1317 ἐπιλάμψας
3530 1247 3558 1299 ὁ
3609 1265 3852 1322 μονογε-

2270 1331 2366 1398 νὴς
2397 1339 2488 1388 τοῦ
2521 1339 2650 1389 Θεοῦ
2695 1333 2864 1407 Λόγος
2914 1330 3146 1398 ἀνατολὴ
3193 1331 3244 1396 ἐξ
3275 1330 3439 1406 ὕψους
3472 1334 3609 1388 κατά
3654 1336 3712 1389 τὸ
3745 1355 3852 1411 γε-

2270 1421 2594 1496 γραμμένον,
2629 1419 2714 1474 ’Ἢ
2748 1422 2832 1474 καὶ
2863 1417 3145 1494 ἀντίληψιν
3181 1421 3403 1486 ἑωθινὴν
3436 1423 3526 1476 τὸν
3554 1427 3654 1488 τῆς
3699 1423 3842 1478 ἀνα-

2269 1511 2507 1571 στάσεως
2541 1518 2630 1567 τοῦ
2675 1514 2930 1578 Σωτῆρος
2965 1509 3216 1582 ὀνομάζει
3263 1511 3467 1587 καιρόν,
3525 1510 3852 1589 Ἐγήγερται

2269 1601 2367 1676 γὰρ
2421 1597 2601 1677 ὄρθρου
2659 1597 2873 1674 βαθέος,
2925 1596 3249 1666 ὁδοποιήσας
3307 1600 3372 1672 τῇ
3402 1599 3690 1675 ἀνθρώπων
3739 1601 3850 1677 φύ-

2269 1708 2347 1743 σει
2380 1691 2478 1755 τὴν
2525 1691 2596 1749 εἰς
2658 1688 2944 1766 ἀφθαρσίαν
2988 1684 3130 1748 ὁδόν,
3179 1685 3348 1759 ’³ᾼδει
3383 1687 3437 1742 δὲ
3492 1691 3580 1743 τὸν
3629 1688 3853 1763 ψαλμὸν

2270 1780 2295 1833 6
2335 1779 2554 1854 Χριστὸς
2587 1777 2646 1832 ἐκ
2681 1779 2966 1855 προσώπου
3011 1779 3108 1843 τῆς
3161 1775 3596 1852 ἀνθρωπότητος,
3653 1784 3853 1856 Σαφῶς

2269 1865 2322 1922 δὲ
2353 1871 2440 1923 καὶ
2471 1869 2534 1922 τὰ
2567 1864 2923 1941 συμϐαίνοντα
2973 1868 3114 1938 αὒτῷ
3166 1867 3307 1942 παρά
3359 1869 3464 1921 τῶν
3497 1864 3762 1922 Ἰουδαίων
3790 1871 3851 1922 ἓν

2269 1959 2340 2031 τῷ
2371 1964 2540 2030 καιρῷ
2570 1963 2662 2014 τοὺ
2685 1964 2905 2033 σταυροῦ
2935 1954 3211 2031 ἐξηγεῖται
3242 1957 3398 2029 ἡμῖν.

529 2053 589 2111 ‘2.
629 2053 806 2120 Deus.
846 2055 1004 2116 Deus
1030 2071 1220 2129 meus,
1259 2055 1485 2134 respice
1514 2055 1576 2114 in
1611 2071 1704 2115 me
1742 2074 1759 2110 :
1790 2071 1982 2133 quare
2004 2073 2080 2119 γης

2267 2043 2326 2103 Ὀ
2361 2048 2486 2107 Θεὸς
2519 2049 2546 2101 ὁ
2578 2046 2706 2106 Θεὸς
2754 2065 2878 2122 μου,
2913 2043 3152 2122 πρόσχες
3197 2065 3289 2118 μοι
3325 2059 3339 2073 ⁸
3373 2043 3467 2098 ’ἕνα
3526 2046 3578 2100 τί
3609 2045 3842 2122 ἐγκατέ-

452 2142 840 2222 derelquisti?
869 2141 1134 2204 Postulat
1187 2131 1619 2222 inspe'ctionem
1674 2131 1862 2205 Patris
1895 2151 2080 2207 nostra

2208 2136 2335 2198 .méc
2390 2153 2510 2209 με;
2572 2137 2720 2190 Αἱτεϊ
2770 2134 2868 2198 τὴν
2915 2131 3198 2188 ἐποπτείαν
3252 2134 3348 2200 τὴν
3405 2134 3546 2212 παρά
3603 2142 3693 2190 τοῦ
3729 2141 3843 2191 Πα-

455 2231 516 2292 in
547 2248 680 2292 sese
713 2233 1097 2310 transferens,
1122 2240 1185 2292 ut
1213 2231 1524 2309 abrogaret
1559 2235 1686 2308 [nos
1717 2231 1830 2311 ipsi
1874 2233 2080 2295 dereli-

2208 2227 2326 2302 ςρδς,
2391 2226 2456 2280 τὰ
2516 2226 2669 2299 ἡμῶν
2726 2224 2799 2286 εἰς
2858 2223 3041 2277 ἑαυτὸν
3099 2223 3392 2295 μετατιθεὶς
3453 2223 3833 2303 1va[Ambr.,

454 2321 534 2383 eti
555 2320 740 2402 prius,
793 2339 951 2381 nunc
980 2309 1176 2382 autem
1211 2317 1496 2399 assumpti
1528 2337 1596 2380 ac
1652 2309 1839 2380 salute
1897 2320 2075 2382 donat

2208 2327 2346 2388 ιμεϊς
2395 2315 2493 2392 γὰρ
2549 2315 2688 2386 ἦμεν
2739 2315 2786 2367 οἱ
2831 2309 3370 2388 ἐγκαταλελειμμένοι
3428 2313 3709 2390 πρότερον,
3743 2321 3836 2369 νῦν

450 2399 680 2471 sumus.
716 2407 850 2470 Haec
895 2409 1038 2470 dicit
1077 2417 1141 2470 ut
1180 2409 1518 2487 abrogaret,
1549 2409 1697 2488 etc.]
1725 2409 2080 2471 maledictio-

2211 2404 2234 2458 ἒ
2279 2402 2735 2480 προσηλειμμένοι
2795 2402 2880 2456 καὶ
2913 2399 3263 2474 σεσωσμένοι,
3298 2400 3472 2456 Ταῦτα
3501 2399 3646 2479 λέγει
3706 2401 3832 2482 ἵνα,

449 2515 610 2576 nem,
637 2506 694 2559 et
717 2497 789 2559 ad
815 2515 923 2558 nos
949 2497 1168 2558 vultum
1199 2497 1391 2558 Patris
1419 2487 1762 2558 adduceret.
1789 2496 1908 2558 Nos
1933 2498 2080 2559 enim

2208 2494 2264 2548 1‘:
2316 2495 2374 2548 τὰ
2403 2491 2554 2572 ἑξῆς]
2587 2491 2761 2565 παύσῃ
2815 2490 2910 2556 τὴν
2941 2487 3092 2566 ἂράν,
3128 2490 3214 2545 καὶ
3243 2488 3326 2568 ἐφ’
3377 2491 3515 2561 ἡμᾶς
3545 2492 3833 2567 μεταγάγῃ

449 2587 525 2647 ob
549 2573 690 2648 Αδω
719 2585 1256 2666 praavaricationem
1289 2583 1350 2645 in
1381 2585 1750 2646 eversionem
1784 2595 1841 2647 et
1867 2581 2080 2648 dereli-

2209 2583 2237 2636 ὸ
2264 2583 2549 2657 πρόσωπον
2592 2586 2684 2636 τοῦ
2717 2578 2942 2656 Πατρός.
2990 2573 3184 2666 Ἡμεῖς
3219 2579 3318 2666 γάρ
3352 2577 3515 2653 ἐσμεν
3565 2581 3611 2634 οἰ
3663 2593 3829 2656 γεγοέ

447 2676 704 2736 ctionem
721 2664 878 2736 ifacti
902 2673 1345 2754 sumus.Longe
1365 2691 1403 2734 α
1433 2673 1628 2735 salute
1652 2692 1783 2735 mea
1799 2675 1978 2736 verba
1990 2677 2080 2737 de-

2208 2670 2323 2735 ότες
2364 2670 2672 2749 ἀφοστροφῆ
2717 2670 2803 2723 καὶ
2863 2664 3241 2744 ἐγκατέλειψις
3298 2665 3382 2723 διὰ
3436 2670 3527 2734 την
3558 2667 3613 2722 ὲν
3657 2667 3832 2743 Ἀδάμ

444 2764 724 2826 lictorum
750 2781 1042 2826 meorum.
1074 2763 1244 2838 Mihi,
1279 2780 1502 2842 quaeso,
1536 2763 1942 2824 animadverte
1974 2764 2080 2825 hu-

2208 2756 2492 2836 ταραϐασιν,
2586 2757 2800 2834 Μακράν
2880 2755 2986 2809 ἀπὸ
3059 2758 3155 2821 τῆς
3247 2757 3514 2832 σωτηρίας
3576 2758 3622 2812 οἱ
3676 2756 3830 2834 λόγοι

445 2854 745 2914 manitatis
782 2859 838 2914 in
873 2854 1106 2916 Christo
1137 2869 1474 2932 personam,
1513 2853 1907 2932 postulantem
1933 2852 2080 2914 libe-

2208 2854 2280 2902 ῶν
2341 2845 2791 2926 παραπτωμάτων
2849 2865 2974 2920 μου.
3038 2842 3237 2898 Σκόπει
3289 2865 3380 2918 μοι
3431 2843 3589 2900 πάλιν
3620 2848 3680 2900 τὸ
3723 2852 3826 2912 τῆς

442 2942 564 3003 rari
595 2961 628 3004 a
659 2943 936 3018 lapsibus
967 2961 1072 3004 seu
1103 2931 1418 3016 a’delictis,
1456 2931 1523 3002 et
1543 2959 1576 3002 a
1611 2941 1990 3003 sermonibus
2021 2961 2080 3004 ea

2210 2939 2578 3013 νθρωποτητος
2612 2935 2898 3012 πρόσωπον
2941 2933 2994 2986 ἐν
3032 2939 3240 3010 Χριστῷ
3270 2931 3610 3011 παρακαλοῦν
3639 2934 3827 2990 ἀπαλ-

441 3031 868 3128 spectantibus.
907 3032 1099 3092 Palam
1133 3039 1224 3093 est
1251 3043 1449 3093 autem
1485 3031 1600 3111 peti
1621 3030 1912 3109 justitiam
1948 3032 2080 3093 cui-

2208 3027 2456 3081 άττεσθαι
2503 3028 2604 3080 τῶν
2638 3023 2992 3098 πταισμάτων
3048 3019 3164 3088 ἦτοι
3217 3021 3319 3076 τῶν
3373 3024 3826 3097 παραπτωμάτων

2240 3117 2251 3128 ι
2325 3120 2342 3128 α
2417 3114 2429 3128 ς
2485 3113 2498 3128 I
2573 3115 2586 3128 ι
2679 3125 2686 3128 .
2761 3110 2780 3128 κ
2811 3111 2822 3128 ο
3034 3121 3043 3128 ι
3070 3109 3123 3128 *Χ
3259 3108 3299 3128 δα
3371 3109 3394 3124 ν’
3521 3116 3542 3125 ς-
3619 3112 3631 3128 ι
3693 3113 3705 3128 Ι

545 1156 804 1235 est,quia
828 1165 1073 1217 nocteet
1095 1155 1347 1234 caligine
1379 1155 1667 1217 diabolica
1701 1175 1809 1216 nos
1832 1157 2109 1218 liberavit

543 1244 807 1306 emicans
832 1243 1204 1322 unigenitum
1227 1244 1332 1306 Dei
1358 1243 1853 1318 Verbum,oriens
1869 1265 1934 1307 ex
1960 1246 2104 1323 alto,

545 1343 606 1394 ut
637 1339 921 1413 scriptum
956 1333 1255 1396 esthut
1285 1333 1724 1411 susceptionem
1761 1335 2103 1396 matutinam

541 1423 798 1502 appellat
828 1422 1286 1485 resurrectionis
1313 1423 1635 1485 Salvatoris
1687 1431 1942 1502 tempus.
1984 1426 2100 1486 Re-

538 1514 790 1573 surrexit
819 1512 974 1572 enim
1008 1519 1199 1591 primo
1231 1511 1521 1581 diluculo.
1550 1521 1609 1572 et
1645 1514 1793 1572 viam
1830 1513 2106 1574 humanae

541 1611 766 1667 natura:
810 1603 1056 1664 munivit
1082 1603 1154 1663 ad
1190 1602 1730 1683 incorruptionem.
1766 1603 1934 1666 Canit
1963 1622 2103 1664 vero

539 1691 827 1771 psalmum
855 1693 1120 1755 Christus
1167 1709 1236 1752 ex
1287 1709 1550 1770 persona
1587 1693 1994 1754 humanitatis.
2021 1694 2099 1754 Ao

538 1790 704 1858 perte
751 1790 947 1842 autem
997 1799 1068 1842 ea
1118 1790 1315 1842 narrat
1369 1799 1499 1862 quas
1543 1782 1737 1842 crucis
1769 1790 2038 1862 tempore
2071 1801 2104 1842 a

531 1868 754 1931 Iudaeis
784 1871 951 1932 illata
984 1870 1101 1950 ipsi
1135 1879 1295 1933 sunt.

441 3138 556 3200 que
590 3121 812 3182 homini
845 3128 1296 3200 congruentem.

522 3304 536 3379 [
546 3304 717 3376 Deus,
735 3303 892 3365 Deus
911 3306 1250 3366 manalich
1279 3301 1545 3365 Salvator
1574 3302 1834 3380 loquitur
1855 3321 1923 3364 ex
1949 3321 2072 3384 per-

435 3409 580 3452 sona
610 3391 1015 3473 humanitatis,
1038 3392 1204 3472 quasi
1231 3391 1406 3472 dicat,
1443 3391 1522 3452 mi
1554 3390 1732 3465 Deus,
1770 3391 1847 3452 mi
1894 3393 2074 3473 Deus,

433 3479 495 3541 in
519 3483 775 3543 vocativo
799 3481 1088 3562 scilicet.]

513 3572 574 3634 3.
612 3570 763 3631 Deus
794 3590 978 3652 meus,
1015 3571 1280 3634 clamabo
1319 3589 1429 3650 per
1457 3571 1710 3643 diem,et
1730 3588 1848 3632 non
1878 3588 2075 3633 exau-

429 3661 572 3740 dies,
610 3668 671 3721 et
697 3667 885 3735 nocte,
921 3669 981 3723 et
1009 3678 1134 3723 non
1165 3663 1245 3723 ad
1280 3661 1694 3740 insipientiam
1721 3660 1894 3720 mihi.
1930 3658 2073 3721 Cum

431 3746 912 3826 interpunctione
942 3749 1258 3828 legendum
1295 3772 1306 3807 :
1332 3747 1628 3828 signiﬁcat
1650 3750 2084 3812 autem-nosbis

433 3854 550 3897 non
581 3836 851 3900 inutilem
887 3855 1020 3899 esse
1053 3839 1341 3900 orationis
1391 3839 1668 3899 fructum.
1727 3837 1818 3901 Ait
1867 3839 2024 3899 enim
2061 3857 2075 3901 :

431 3925 571 3988 Non
598 3926 675 3987 ad
702 3929 1122 4006 insipientiam
1151 3929 1321 3989 mihi.
1353 3926 1412 3988 Id
1431 3935 1541 4006 est,
1578 3927 1887 4006 perspicue
1913 3929 2073 4009 novi,

431 4013 692 4075 futurum
716 4033 849 4076 esse
879 4027 943 4078 ut
972 4016 1225 4077 clamem
1260 4034 1390 4096 ego,
1418 4016 1545 4096 ipse
1579 4015 1874 4079 exaudiat.
1923 4017 2075 4089 Quia

431 4120 566 4163 cum
608 4103 668 4163 in
690 4103 906 4165 sanctis
939 4104 1169 4166 habites
1201 4105 1302 4186 qui
1335 4113 1596 4166 mentem
1631 4103 1690 4164 in
1726 4111 1784 4165 te
1816 4103 2070 4182 positam

432 4190 674 4265 habent,
712 4193 839 4253 laus
871 4201 928 4254 et
955 4193 1140 4272 gloria
1172 4193 1318 4273 ipsis
1340 4212 1426 4254 es.

511 4279 669 4343 4.Tu
695 4289 894 4343 autem
922 4283 991 4343 in
1018 4290 1230 4344 sancto
1281 4282 1547 4356 habitas,
1575 4281 1712 4344 laus
1740 4283 1957 4346 Israel.
1989 4283 2068 4361 (7)

425 4369 538 4443 Qui
559 4369 821 4432 laudaris
851 4370 923 4432 ab
946 4372 1166 4434 Israele
1196 4379 1295 4434 aut
1326 4372 1459 4452 ipse
1493 4371 1620 4433 laus
1645 4390 1731 4434 es.

504 4548 564 4610 5.
598 4549 673 4610 In
705 4555 759 4611 te
786 4559 1400 4632 speraveruntpatres
1419 4552 1638 4629 nostri,
1671 4559 2068 4630 speraverant

423 4643 478 4700 et
508 4637 781 4700 liberasti
809 4642 1140 4704 eos.Patres
1171 4659 1312 4702 suos
1341 4639 1672 4702 secundum
1705 4656 1945 4700 carnem
1969 4639 2067 4701 di-

420 4727 524 4800 cit,
559 4727 920 4806 patriarchas
948 4729 1176 4791 scilicet
1206 4739 1264 4792 et
1291 4729 1630 4810 prophetas.
1669 4727 1925 4790 Exhibet
1954 4746 2065 4791 au-

423 4825 542 4878 tem
565 4817 692 4896 spei
725 4817 980 4878 lucrum.

503 4904 601 4986 [In
632 4913 685 4968 te
705 4914 1099 4986 speraverant
1119 4913 1329 4988 patres
1353 4907 1550 4968 nostri
1558 4903 1732 4977 .Quin
1756 4905 2066 4986 etiam,qui

421 5006 560 5056 ante
591 5014 687 5056 me
733 4995 1062 5057 secundum
1091 5013 1330 5057 carnem
1363 4995 1627 5074 fuerunt,
1663 4993 1890 5056 scilicet
1919 5013 2064 5075 pro-

421 5085 639 5166 phetae,
676 5087 733 5146 in
757 5095 812 5147 te
837 5086 1214 5149 conﬁdebant
1245 5103 1435 5147 meam
1467 5092 1879 5164 exspectantes
1913 5085 2056 5145 illu-

420 5180 786 5255 strationem,
821 5193 1019 5257 neque
1047 5193 1153 5256 ape
1181 5175 1328 5256 lapsi
1360 5173 1930 5254 sunt,similiterque
1963 5191 2061 5253 pa-

421 5262 755 5344 triarchze.]

499 5353 560 5414 7.
592 5353 722 5432 Ego
751 5361 952 5416 autem
971 5373 1113 5416 sum
1142 5355 1364 5417 vermis
1398 5359 1456 5414 et
1502 5368 1628 5414 non
1652 5351 1847 5414 homo.
1880 5349 2065 5413 Docet

495 5529 559 5580 30
588 5527 732 5593 Luc.
764 5545 807 5603 ι,
836 5529 937 5592 78.

505 5636 587 5717 (7)
619 5634 762 5698 Haec
791 5653 826 5696 a
856 5635 1103 5698 Daniele
1133 5634 1396 5698 Barbaro
1423 5634 1778 5696 tribuuntur
1805 5631 2073 5714 Origcni.

2169 3117 2383 3171 καὶτῶν
2413 3113 2498 3170 ἐπ’
2534 3115 2714 3177 αὐτοῖς
2760 3110 2957 3188 λόγων,
3021 3109 3196 3176 Δῆλον
3254 3108 3334 3183 δὲ,
3369 3109 3449 3166 ὅτι
3482 3116 3581 3178 τῆς
3615 3112 3828 3185 ἑκάστῳ

2169 3205 2473 3282 πρεπούσης
2502 3201 2840 3266 δικαιοσύνης
2853 3243 2868 3259 .

2250 3291 2338 3370 ['0
2371 3295 2520 3364 Θεὸς,
2554 3293 2581 3347 6
2631 3293 2759 3354 Θεὸς
2804 3313 2928 3364 μου.
2988 3294 3163 3346 Ταῦτα
3225 3287 3370 3364 λέγει
3423 3291 3450 3344 6
3512 3296 3702 3368 Σωτηρ
3761 3291 3825 3347 ἐκ

2163 3372 2446 3461 προσώπου
2496 3386 2593 3447 τῆς
2649 3380 3059 3456 ἀνθρωπότητος
3117 3378 3230 3434 ἀντὶ
3261 3386 3352 3434 τοῦ
3385 3395 3400 3410 ⁸
3437 3377 3533 3434 Θεέ
3567 3401 3688 3452 μου,
3723 3381 3822 3435 Θεέ

2165 3472 2313 3548 μουο]

2245 3561 2304 3619 Ὀ
2351 3561 2479 3624 Θεός
2534 3581 2660 3632 μοδ,
2719 3556 3043 3634 κεκράξομαι
3102 3555 3331 3633 ἡμέρας,
3377 3558 3463 3614 καὶ
3521 3559 3614 3614 οὒκ
3663 3559 3817 3614 εὶσαοα

2163 3651 2353 3728 mdo-0,
2413 3651 2499 3706 καὶ
2555 3650 2763 3727 νυκτὸς,
2831 3648 2920 3702 καὶ
2970 3650 3066 3705 οὒκ
3123 3647 3196 3710 εἰς
3253 3644 3436 3702 ἄνοιαν
3489 3647 3627 3721 ἐμοί.
3686 3645 3816 3704 Καθ’

2166 3739 2500 3818 ὑποστιγμὴν
2531 3736 2924 3815 ἀναγνωστέον.
2971 3737 3232 3810 Σημαίνει
3290 3732 3346 3792 δὲ
3376 3737 3537 3810 ἡμῖν,
3588 3734 3669 3792 ὅτι
3717 3739 3819 3794 οὒκ

2165 3829 2420 3895 ἀνόνητος
2453 3835 2552 3894 τῆς
2581 3831 2889 3905 προσευχῆς
2922 3826 2948 3880 6
2981 3825 3204 3903 καρπός.
3257 3827 3397 3892 Φησὶ
3428 3826 3548 3903 γάρ·
3587 3826 3692 3883 Οὖκ
3735 3828 3815 3890 είς

2162 3917 2342 3976 ἄνοιαν
2400 3918 2539 3994 ἒμοί,
2587 3917 2889 3990 Τουτέστιν,
2948 3913 3073 3972 οἶδα
3126 3919 3333 3994 σαφῶς,
3384 3916 3458 3980 ὡς
3491 3915 3815 3994 κεκράξομαι

2161 4009 2258 4083 μὲν
2295 4008 2426 4087 ἐγὼ,
2458 4008 2751 4064 εἰσακούσει
2784 4003 2839 4061 δὲ
2895 4005 3079 4067 αὐτός.
3129 4002 3265 4061 ’Ὅτι
3299 4024 3359 4081 γε
3402 4005 3512 4078 καὶ,
3543 4011 3816 4060 κατοικῶν

2161 4099 2213 4154 ἐν
2245 4099 2413 4176 ἁγίοις
2445 4110 2560 4162 τοῖς
2590 4099 2660 4162 εἷς
2691 4096 2748 4151 σὲ
2779 4097 2868 4150 τὸν
2903 4101 3022 4150 νοῦν
3051 4092 3293 4171 ἔχουσιν,
3327 4092 3541 4157 ἔπαινος
3569 4095 3654 4150 καὶ
3685 4092 3811 4159 δόξα

2157 4187 2327 4244 αὐτῶν
2357 4188 2538 4265 γίγνῃ.

2235 4277 2307 4332 Σ)
2357 4275 2411 4331 δὲ
2465 4276 2518 4331 ἐν
2572 4275 2706 4353 ἁγίῳ
2749 4286 3043 4352 κατοικεῖς,
3093 4275 3120 4328 6
3179 4271 3394 4338 ἔπαινος
3442 4279 3537 4330 τοῦ
3594 4272 3809 4340 Ἰσαή),

2156 4374 2214 4421 ’0
2241 4365 2616 4438 ἐπαινούμενος
2674 4366 2774 4420 ὕπὸ
2833 4371 2927 4420 τοῦ
2956 4360 3172 4439 Ἰσραήλ
3208 4377 3221 4392 ⁶
3258 4361 3294 4428 ἢ
3325 4363 3354 4416 6
3384 4363 3541 4426 αὗτὸς
3591 4361 3814 4428 ἔπαινος

2155 4453 2228 4511 ὤν
2239 4502 2248 4513 .

2232 4545 2352 4601 Ἐπὶ
2411 4545 2494 4600 σοὶ
2535 4543 2766 4611 ἤλπισαν
2819 4546 2864 4600 οἳ
2923 4542 3147 4620 πατέρες
3207 4545 3388 4614 ἡμῶν,
3435 4539 3668 4608 ἤλπισαν
3719 4551 3811 4606 καὶ

2152 4633 2346 4711 ἐῤῥύσω
2417 4635 2628 4695 αὐτούς.
2706 4633 2941 4711 Πατέρας
3002 4633 3190 4688 ἑαυτοῦ
3267 4631 3402 4686 κατὰ
3455 4631 3623 4708 σάρκα
3680 4634 3805 4696 τοὺς

2150 4725 2486 4802 πατριάρχας
2543 4727 2630 4778 καί
2683 4723 2804 4786 τοὺς
2881 4722 3158 4801 προφήτας
3218 4723 3370 4796 φησί.
3426 4720 3664 4779 Δείκνυσι
3743 4720 3802 4778 δὲ

2147 4812 2352 4880 καὶτῆς
2386 4810 2596 4876 ἐλπίδος
2627 4814 2687 4868 τὸ
2718 4809 2925 4888 κέρδος.

2229 4899 2380 4980 [Ἐπὶ
2431 4903 2513 4960 σοὶ
2563 4901 2801 4969 ἤλπισαν
2853 4904 2901 4956 οἱ
2955 4901 3176 4980 πατέρες
3238 4900 3418 4976 ἡμῶν.
3498 4897 3663 4957 Ἀλλὰ
3705 4911 3802 4963 ’καὶ

2149 4997 2194 5050 oi
2224 4993 2357 5048 κατά
2402 4994 2568 5070 σάρκα
2626 4994 2727 5068 πρὸ
2779 4993 2930 5070 ἐμοῦ,
2981 4991 3251 5048 τουτέστιν
3307 4992 3354 5045 οἱ
3386 4995 3679 5070 προφῆται,
3711 4990 3804 5048 ἐπὶ

2148 5083 2228 5139 σοὶ
2283 5081 2646 5160 προσεδόκων,
2701 5083 2800 5148 τὴν
2860 5079 2993 5151 ἐμὴν
3065 5080 3357 5156 ἐπίλαμψιν
3417 5079 3797 5155 ἀναμένοντες,

2146 5173 2231 5228 καὶ
2289 5174 2389 5237 τῆς
2443 5168 2653 5233 ἐλπίδος
2721 5169 2780 5226 οὐ
2824 5167 3204 5244 διεψεύσθησαν
3239 5184 3253 5198 ⁸
3303 5169 3554 5232 ὡσαύτως
3614 5171 3699 5225 καὶ
3751 5174 3801 5226 οἱ

2146 5260 2522 5339 πατριάρχαι]

2228 5347 2370 5428 Ἐγὼ
2423 5346 2480 5404 δέ
2529 5351 2638 5425 εἰμι
2696 5349 2936 5426 σκώληξ,
2998 5353 3082 5407 καὶ
3154 5349 3252 5405 οὐκ
3318 5347 3620 5425 ἅνθρωπος.
3678 5357 3797 5406 Τα-
