4030 6216
492 324 605 392 139

492 549 640 613 Huic
673 550 870 613 simile
900 559 988 612 est
1017 549 1161 611 illud
1201 570 1214 610 :
1257 549 1388 611 Non
1413 568 1491 611 ea:
1511 552 2138 635 sunguinibus,neque

490 659 570 702 ea:
599 640 913 703 voluntate
940 642 1170 719 carnis,
1203 641 1304 700 sed
1332 657 1410 700 ea:
1444 639 1568 701 Deo
1609 644 1738 703 nati
1767 650 1906 705 sunt
1937 642 2012 705 ‘3.

816 734 876 796 1.
922 731 1302 794 PSALMUS
1339 731 1554 794 David.
1601 732 1809 794 XXII.

1084 826 1541 904 Argumentum.

495 921 741 984 Canitur
768 936 1028 1000 praesens
1059 917 1320 998 psalmus
1359 934 1429 977 ex
1460 935 1716 997 persona
1741 922 2004 998 gentium
2033 943 2141 986 ex-

577 1009 928 1072 sultantium
962 1005 1122 1088 quod
1176 1005 1465 1068 Dominus
1494 1006 1621 1086 ipse
1660 1009 1732 1070 ad
1767 1029 1982 1090 pascua
2013 1015 2143 1076 illas

577 1099 954 1180 perduceret.
988 1097 1060 1159 Et
1088 1113 1233 1157 sane
1262 1095 1573 1174 mysticum
1604 1109 1884 1161 enarrant
1931 1103 2138 1164 convi-

496 1189 680 1270 vium,
708 1188 866 1266 quod
893 1187 1013 1248 illis
1037 1193 1237 1268 pastor
1260 1184 1554 1247 Dominus
1577 1189 1875 1267 apposuit.

1283 325 1345 389 S.
1396 325 1821 393 ATHANASII
1864 329 2028 394 OPP.
2085 327 2276 394 PARS
2325 329 2432 395 III.
2481 367 2557 377 —
2603 324 3057 396 EXEGETICA.

568 461 667 524 3%.
705 461 933 541 Populo
954 462 1062 541 qui
1088 467 1395 540 nascetur,
1432 477 1606 539 quem
1627 463 1772 539 [erit
1809 466 2131 528 Dominus.
2161 483 2195 525 A

3746 321 3878 390 140

2305 470 2428 541 Λαῴ
2487 473 2563 539 τῴ
2634 465 3018 544 τεχθησομένῴ
3053 513 3068 544 ,
3143 466 3202 519 ὃν
3253 463 3496 529 ἐποίησεν
3549 467 3576 518 ὂ
3635 465 3875 540 Κύριος,

2221 552 2460 628 ”Ομοιον
2513 558 2595 629 τὸ,
2663 559 2770 613 Οὔκ
2831 553 2882 618 ἐξ
2938 555 3198 627 αἱμάτων,
3260 550 3375 610 οὐδὲ
3449 551 3508 606 ἑκ
3562 551 3880 627 θελήματος

2221 647 2444 724 σαρκὸς,
2479 644 2619 700 ἀλλὰ
2664 643 2723 699 ἐκ
2754 650 2887 699 Θεοῦ
2934 643 3316 719 ἐγγενήθησαν.

2636 741 2929 792 ΨΑΛΜΟΣ
2964 739 3040 808 τῷ
3088 733 3276 795 Δαυλιδ,
3312 731 3440 792 ΚΒ’.

2883 826 3184 891 ἰ’πόθεσις.

2227 920 2455 995 ’ᾊδεται
2487 925 2514 978 ὁ
2558 942 2904 1002 προκειμενος
2937 921 3150 995 ψαλμὸς
3175 921 3234 976 ἐκ
3258 921 3542 1000 προσώπου
3572 919 3678 975 τῶν
3711 918 3890 974 ἐθνῶν

2304 1009 2722 1089 ἆγγαλλομένων
2779 1009 2864 1066 ἰπὶ
2907 1011 2968 1064 τὸ
3024 1015 3284 1084 ποιμᾶναι
3316 1010 3502 1073 αὐτοὺς
3531 1009 3621 1064 τὸν
3659 1008 3886 1085 Κύριον.

2308 1101 2403 1156 Καὶ
2435 1101 2540 1174 μὴν
2568 1101 2657 1156 καὶ
2687 1099 2947 1174 μυστικὴν
2980 1096 3283 1175 ἐξηγοῦνται
3321 1097 3574 1177 εὐωχίαν,
3615 1095 3681 1164 ἢν
3732 1117 3890 1174 παρ-

2304 1190 2493 1255 έθηκεν
2524 1190 2708 1252 αὒτοῒς
2754 1191 2908 1251 αὐτὸς
2955 1190 2982 1243 ὁ
3013 1188 3312 1263 ποιμαίνων
3343 1188 3549 1252 αὖτούς,

582 1295 800 1355 Daniel
838 1291 1165 1354 Barbarus.
1199 1288 1468 1350 Psalmus
1498 1299 1587 1351 est
1619 1291 1996 1356 redeuntium
2030 1314 2062 1356 a
2099 1295 2419 1376 Babylonia
2450 1294 3046 1377 servitute,quoniam
3083 1302 3397 1375 postquam
3433 1293 3614 1375 Cyrus
3633 1313 3736 1355 rex
3769 1311 3894 1354 eos

495 1384 740 1458 dimisit,
765 1401 901 1445 cum
928 1397 1140 1459 magna
1177 1377 1374 1439 laetitia
1405 1386 1462 1438 et
1491 1380 1662 1459 copia
1686 1399 1886 1442 rerum
1919 1383 1992 1445 ad
2027 1403 2167 1445 suos
2198 1387 2427 1448 reversi
2464 1394 2622 1449 sunt.
2655 1386 2771 1449 Sed
2819 1391 2880 1446 et
2921 1385 3036 1446 hoc
3062 1383 3272 1446 beatus
3304 1383 3484 1445 David
3529 1393 3667 1462 ante
3698 1382 3886 1444 dicit.

499 1475 585 1537 Ex
619 1490 877 1555 persona
906 1468 1087 1547 igitur
1115 1468 1381 1548 ipsorum
1408 1467 1468 1527 in
1500 1474 1743 1549 patriam
1779 1474 2207 1535 revertentium
2237 1475 2342 1537 ait.

589 1581 888 1644 Dominus
914 1578 1106 1658 pascit
1127 1593 1245 1653 me,
1272 1584 1328 1638 et
1349 1575 1510 1638 nihil
1529 1578 1686 1640 mihi
1706 1579 2151 1660 deerit.Magni-

504 1672 618 1734 tice
651 1669 709 1730 in
743 1667 996 1730 Domino
1021 1664 1283 1726 sentiunt
1311 1662 1414 1744 qui
1444 1663 1516 1724 ab
1551 1665 1652 1726 illo
1680 1673 2024 1746 pascuntur.

581 1762 640 1822 2.
665 1757 738 1820 1η
759 1757 882 1820 loco
896 1770 1143 1836 pascua:
1160 1751 1249 1814 ibi
1259 1771 1353 1814 me
1376 1751 1716 1817 collocavit.
1750 1753 1813 1817 In
1835 1755 2034 1818 herbae
2056 1757 2149 1818 lu-

510 1847 804 1911 xuriantis
834 1846 964 1907 loco
999 1862 1099 1904 me
1145 1841 1476 1923 collocavit,
1510 1842 1877 1923 spiritualem
1905 1845 2150 1907 herbam

515 1910 683 2002 dicit.
705 1937 906 2017 Super
931 1950 1152 2014 aquam
1174 1910 1528 2010 refectionia
1541 1910 1823 1997 educavit
1845 1953 1960 1998 me.
1985 1940 2152 2012 Aqua
2179 1910 2214 1958 Β

515 2027 857 2093 refectionis
911 2039 1145 2086 sacrum
1198 2020 1353 2082 forte
1413 2020 1710 2102 baptisma
1765 2023 2154 2104 intelligatur,

514 2118 734 2200 quippe
759 2113 917 2196 quod
947 2118 1323 2200 peccatorum
1351 2111 1564 2200 molem
1597 2111 1916 2192 abstergat.

595 2198 779 2286 |Haac,
815 2203 1032 2283 inquit,
1061 2199 1259 2282 praebe
1291 2198 1460 2278 mihi,
1499 2201 1660 2280 prius
1708 2203 1924 2264 animae
1953 2220 2154 2263 curam

507 2312 767 2378 gerens:
801 2301 976 2373 atque
1026 2309 1096 2352 ex
1138 2288 1308 2350 devio
1366 2293 1460 2350 me
1518 2299 1854 2373 convertas,
1886 2303 1950 2354 ut
1994 2300 2156 2353 recta

510 2386 750 2466 gradiar
779 2382 926 2461 via.]

593 2473 940 2540 3.Animam
953 2486 1146 2530 meam
1161 2468 1574 2530 convertit.Ex
1589 2470 1924 2549 captivitate
1938 2469 2158 2530 diaboli

514 2566 769 2628 animum
807 2575 996 2621 meam
1034 2555 1105 2617 ad
1138 2574 1202 2616 se
1223 2565 1603 2632 convertens,
1629 2559 1702 2619 ad
1734 2577 1838 2620 sua
1871 2567 2159 2638 praecepta

514 2654 760 2717 deduxit
791 2649 949 2712 illam
972 2663 1044 2707 ex
1071 2655 1261 2705 morte
1288 2644 1360 2706 ad
1386 2645 1582 2709 vitam.
1619 2646 1712 2725 [Ut
1741 2650 1842 2729 qui
1872 2649 2012 2709 olim
2045 2666 2155 2708 nec

515 2744 708 2824 glecta
737 2740 933 2802 anima
953 2753 1060 2796 sua
1084 2733 1392 2824 defecerit,
1415 2753 1483 2795 ac
1509 2754 1615 2816 per
1647 2748 2034 2799 memoratum
2059 2737 2159 2798 de-

518 2823 658 2895 inde
677 2831 878 2894 cibum
927 2831 1230 2886 recreatus
1272 2823 1371 2903 sit,
1404 2842 1652 2888 aversus
1697 2837 1755 2887 et
1802 2826 2095 2889 abductus
2127 2846 2160 2888 a

522 2930 737 2995 morte,
770 2920 897 2981 ait:
955 2914 1237 2976 Animam
1295 2931 1493 2974 meam
1539 2924 1832 2978 convertit
1889 2920 1952 2977 in
1998 2920 2158 2978 viam

509 3010 790 3091 justitia,
818 3007 878 3067 in
909 3000 1823 3091 evangelica‘scilicetdogmata.
1849 3006 1918 3070 Si
1946 3006 2154 3067 ambu-

519 3089 721 3162 lavero
772 3102 844 3167 in,
889 3092 1088 3156 medio
1147 3089 1376 3152 umbrae
1435 3095 1670 3169 mortis,
1711 3097 1876 3176 quasi
1927 3097 2160 3158 Patrem

519 3189 858 3270 alloquens.
907 3181 1108 3264 Ipsum
1161 3189 1359 3242 autem
1413 3181 1709 3244 Christum
1742 3195 1913 3246 vocat
1941 3185 2162 3263 virgam

519 3280 774 3355 virtutis,
816 3276 1036 3354 virgam
1064 3271 1408 3351 gloriosam,
1436 3281 1493 3333 et
1546 3274 1760 3353 virgam
1795 3271 2224 3354 magnitudi-C

525 3370 638 3432 uis.
694 3370 860 3432 Sicut
915 3363 1078 3440 virga
1123 3361 1394 3440 cOrripit,
1423 3363 1500 3422 ita
1540 3372 1600 3423 et
1655 3364 1740 3424 vis
1802 3363 2166 3445 facultasque

523 3458 736 3540 agendi
765 3456 941 3517 docet
965 3469 1083 3532 quo
1111 3457 1279 3532 pacto
1312 3449 1619 3514 moderate
1673 3453 1827 3514 mala
1853 3453 2164 3533 feramus.]

525 3546 878 3626 Evangelica
906 3558 1045 3603 vero
1078 3540 1352 3619 dogmata
1377 3540 1620 3605 indicat.

608 3639 667 3702 4.
707 3635 900 3715 Virga
930 3639 1032 3695 tua
1056 3635 1110 3692 et
1141 3629 1387 3692 baculus
1414 3637 1554 3693 tuus
1573 3634 1708 3712 ipsa
1732 3651 1826 3694 me
1855 3632 2166 3695 consolata

525 3735 689 3793 sunt.
718 3725 918 3806 Ipsum
941 3722 1018 3783 ait
1049 3718 1458 3782 Christum.Et
1479 3720 1624 3782 illud
1655 3745 1667 3780 :
1703 3721 1945 3802 Virgam
1966 3724 2166 3784 virtu-

529 3825 604 3884 tis
632 3821 860 3880 emittet
889 3812 1000 3874 tibi
1031 3809 1324 3872 Dominus
1352 3827 1428 3870 ea:
1453 3809 1607 3872 Sion
1639 3807 1712 3874 “.
1737 3812 1831 3886 Et,
1855 3814 2027 3893 virga
2043 3813 2170 3893 glo-

529 3911 712 3981 νέοιο,
741 3907 920 3984 virga
957 3899 1227 3961 maxima
1254 3895 1329 3956 ‘5.
1365 3897 1544 3978 Virga
1575 3909 1665 3961 est
1713 3901 2027 3964 erudiendi
2060 3923 2165 3984 ρο-

530 4005 749 4071 testas;
777 3986 1451 4068 baculus,patrocinium
1474 3988 1535 4050 in
1566 3990 1930 4052 consolando
1963 3992 2165 4055 situm.

610 4088 671 4150 5.
704 4079 1203 4162 Impinguastiin
1233 4078 1364 4139 oleo
1414 4087 1594 4158 caput
1645 4097 1867 4143 meum.
1932 4083 2006 4144 Et
2058 4083 2171 4145 hoc

532 4174 823 4256 significat
873 4166 1185 4249 mysticum
1207 4254 1216 4256 _
1238 4166 1520 4230 chrisma.
1567 4169 1645 4229 Et
1675 4169 1839 4231 calix
1865 4180 2004 4233 tuus
2032 4173 2164 4233 ine-

527 4254 735 4332 brians
752 4279 871 4324 me.
905 4261 1161 4318 Rursum
1186 4254 1262 4316 de
1295 4262 1536 4338 mystica
1569 4258 1688 4337 agit
1713 4258 1929 4322 laetitia.
1958 4263 2032 4323 Et
2062 4263 2168 4323 mi-

524 4351 860 4422 sericordia
895 4357 996 4411 tua
1025 4345 1428 4425 subseqnetur
1468 4365 1562 4408 me
1606 4349 1882 4410 omnibus
1927 4351 2160 4413 diebus.

527 4447 672 4510 Nam
707 4445 806 4525 qui
834 4436 1115 4521 praedicta
1165 4435 1365 4498 omnia
1418 4439 1576 4500 nacti
1631 4447 1790 4520 sunt,
1824 4439 1884 4499 in
1935 4439 2170 4501 miseri-

529 4536 734 4601 cordia
765 4530 874 4595 Dei
906 4526 1079 4608 positi
1109 4543 1354 4605 semper
1386 4537 1586 4601 erunt,
1612 4529 1970 4610 insuperque
1995 4528 2168 4590 habi-

529 4629 736 4691 tabunt
764 4623 822 4683 in
853 4619 1031 4680 domo
1059 4619 1208 4694 ejus.

611 4801 880 4887 [Parasti
909 4800 971 4860 in
1003 4805 1316 4887 conspectu
1374 4813 1505 4859 meo
1551 4814 1845 4887 mensam.
1900 4800 2164 4860 Mensam

532 4886 836 4977 mysticam
864 4888 1108 4961 indicat,
1145 4886 1339 4948 oleum
1373 4903 1512 4948 vero
1537 4886 1793 4948 chrisma
1827 4887 2166 4966 mysticum,

530 4993 589 5048 et
620 4984 864 5046 calicem
896 4978 1116 5042 ibidem
1153 4980 1483 5054 memorat.]

533 5096 592 5154 t.
629 5091 697 5152 In
725 5090 904 5170 ﬁnem
952 5080 1315 5148 PSALMUS
1355 5081 1550 5145 David
1581 5101 1708 5145 una
1739 5082 2170 5146 Sabbatorum.

1243 5176 1467 5240 XXIII.

1122 5275 1582 5350 Argumentum.

535 5369 756 5437 Daniel
778 5366 1116 5431 Barbarus.
1138 5364 1470 5426 Ascensum
1498 5365 1734 5428 Domini
1760 5382 2021 5446 praesens
2035 5364 2185 5444 psal-

603 5479 736 5524 mus
747 5457 916 5520 nobis
933 5453 1540 5538 praenuntiatpecnon
1557 5461 1824 5535 gentium
1837 5453 2188 5535 doctrinam,

609 5545 1180 5631 etquemadmodum
1195 5544 1424 5606 caelesti
1443 5543 1739 5606 domicilio
1753 5543 2008 5623 dignata;
2021 5553 2186 5608 sunt.

2317 1587 2501 1662 Κύριος
2533 1585 2803 1658 ποιμαίνει
2849 1606 2938 1658 με.
2977 1584 3127 1661 Μέγα
3159 1583 3243 1639 ἐπὶ
3274 1590 3349 1657 τῷ
3382 1585 3553 1661 Κυρίῳ
3596 1583 3892 1662 φρονοῦσιν

2234 1676 2280 1730 οἱ
2314 1677 2360 1728 οἱ
2390 1674 2515 1752 παρ’
2547 1674 2704 1730 αὒτοῦ
2733 1674 3168 1750 ποιμαινόμενοι,

2316 1764 2400 1825 Εἰς
2458 1763 2618 1819 τόπον
2704 1762 2882 1829 Χλόης
2964 1763 3080 1818 ἐκεῖ
3159 1783 3226 1836 με
3288 1763 3722 1831 κατεσκήνωσεν,
3785 1759 3892 1818 Ἐν

2235 1851 2521 1929 ὡραιότητι
2577 1852 2712 1915 πόας
2773 1850 3146 1920 κατεσκήνωσέ
3177 1873 3265 1926 με,
3328 1851 3426 1917 τὴν
3479 1850 3678 1916 νοητὴν
3738 1851 3894 1906 πόαν

2355 1942 2365 1961 1
2451 1940 2466 1963 ν
2559 1943 2571 1960 ﬁ
2632 1939 2690 1959 ΠΝ
2729 1964 2753 1974 ⁸
2882 1941 2894 1960 9
3062 1941 3075 1960 Ι
3199 1961 3217 1971 ⁸
3296 1939 3315 1962 Γ
3362 1939 3370 1954 '
3523 1939 3532 1956 ν
3690 1936 3725 1958 ,9

2236 1963 2418 2022 φησιν.
2477 1949 2573 1997 Επι
2631 1959 2814 2001 υοαιος
2873 1961 3216 2003 αναπαυσεω..
3267 1939 3536 2018 ὲςεεθρεψε
3565 1961 3656 2014 με,
3735 1938 3896 2018 Υδωρ

2239 2030 2584 2092 ἀναπαύσεως
2617 2031 2831 2097 νοηθείη
2865 2029 2925 2085 ἂν
2956 2031 3017 2085 τὸ
3051 2036 3143 2085 τοῦ
3173 2029 3321 2106 ἁγίου
3367 2028 3733 2104 βαπτίσματος

2240 2117 2305 2186 δὴ
2334 2121 2393 2174 τὸ
2425 2120 2632 2200 φορτίον
2662 2117 2940 2199 ἰξαλεϊφον
2975 2125 3080 2175 τῶν
3115 2119 3409 2197 ἁμαρτιῶν.

2324 2208 2526 2286 [Ταῦτα
2559 2209 2801 2288 παρέσχε
2857 2231 2970 2288 μοι⁹
3034 2209 3188 2289 φησὶ,
3243 2209 3497 2286 πρότερον
3545 2207 3638 2273 τῆς
3694 2211 3898 2287 ψυχῆς

2239 2298 2603 2377 ἐπιμεληθεὶς,
2635 2300 2723 2354 καὶ
2767 2299 2826 2355 ἐκ
2871 2304 2967 2374 τῇς
3026 2296 3237 2361 ἀνοδίας
3291 2296 3614 2374 ἐπιστρέψας
3665 2297 3794 2374 πρὸς
3830 2299 3900 2353 τὸ

2238 2390 2334 2456 τὴν
2393 2390 2600 2445 εὐθεῖαν
2659 2385 2775 2444 ὁδὸν
2835 2385 3076 2464 ὁδεύεὶν.]

2321 2477 2427 2544 Τὴν
2479 2477 2662 2556 ψυχήν
2723 2499 2824 2552 μου
2880 2475 3221 2554 ἐπέστρεψεν.
3283 2472 3381 2531 Ἐκ
3429 2479 3527 2542 τῆς
3588 2474 3896 2554 αἰχμαλω-

2241 2567 2354 2629 σίας
2385 2572 2478 2622 τοῦ
2508 2563 2754 2622 διαϐόλου
2813 2564 3134 2642 ἰπιστρέψας
3168 2566 3297 2642 πρὸς
3344 2563 3528 2619 ἑαυτὸν
3557 2565 3654 2631 τὴν
3698 2565 3899 2644 ψυχὴν

2243 2678 2366 2730 μου,
2412 2653 2691 2734 ὡδήγησεν
2720 2654 2803 2712 ἐπὶ
2834 2656 2926 2716 τὰς
2961 2653 3176 2718 ἐντολὰς
3225 2657 3380 2712 αὒτοῦ
3421 2652 3482 2709 ἑκ
3536 2655 3761 2710 θανάτου
3810 2656 3898 2717 εἷς

2241 2745 2408 2815 ζωήν.
2453 2743 2574 2824 [Ὠς
2630 2743 2999 2823 παρεκλείπων
3031 2742 3196 2799 πάλαι
3249 2743 3345 2808 τὴν
3376 2739 3507 2798 ἰδίαν
3559 2744 3770 2822 ψυχὴν³
3802 2741 3900 2799 διὰ

2242 2835 2337 2900 τῆς
2394 2834 2676 2910 εἰρημένης
2751 2840 2945 2912 τροφῆς
3001 2829 3280 2888 ἀναλαϐὼν
3355 2831 3562 2902 ἑαυτὸν,
3621 2834 3706 2888 καὶ
3759 2831 3900 2888 ἔπι-

2243 2924 2476 3000 στρέφων
2537 2924 2596 2979 ἐκ
2642 2923 2886 3002 θανάτου,
2957 2923 3104 3000 ζοησίο
3164 2923 3269 2990 Τήν
3327 2918 3511 2999 ψυχήν
3597 2943 3696 2994 μου
3780 2920 3900 2976 ἒπ-

2245 3013 2466 3091 ὲστρεψε
2550 3014 2635 3070 ἐπὶ
2726 3010 2930 3090 τρίϐους
3004 3011 3362 3077 δικαιοσύνης.
3427 3012 3490 3065 τὰ
3565 3009 3901 3089 εὐαγγελικά

2246 3124 2375 3182 φησι
2451 3101 2712 3180 δόγματα.
2774 3101 2898 3159 Ἐὰν
2950 3104 3185 3178 πορευθῶ
3231 3102 3285 3155 ἓν
3343 3097 3488 3174 μέσῳ
3549 3105 3699 3163 σκιᾶς
3724 3101 3896 3158 θανά-

2246 3215 2360 3273 του,
2427 3193 2499 3255 ὼς
2572 3193 2699 3270 πρὸς
2747 3195 2837 3248 τὸν
2897 3189 3126 3270 Πατέρα.
3179 3190 3357 3250 Αὐτὸν
3417 3185 3472 3244 δὲ
3517 3189 3607 3244 τὸν
3665 3191 3906 3265 Χριστόν

2248 3304 2377 3363 φησι
2430 3280 2613 3360 ῥάϐδον
2698 3279 3020 3360 δυνάμεως²
3092 3280 3176 3335 καὶ
3247 3275 3433 3356 ῥάϐδον
3518 3275 3734 3358 εὐκλεῆ²
3804 3281 3906 3335 καὶ

2249 3369 2434 3450 ῥάϐδον
2487 3370 2874 3450 μεγαλότητος.
2940 3368 3158 3446 ’Ὥσπερ
3213 3364 3413 3444 ῥάϐδως
3457 3364 3717 3442 παιδεύει,
3753 3367 3905 3423 οὕτω

2249 3465 2337 3520 καὶ
2393 3462 2663 3540 πρακτικὴ
2707 3461 3081 3537 μετριοπαθεῖν
3138 3455 3478 3534 ἐκδιδάσκει]
3521 3457 3596 3514 Τὰ
3658 3460 3902 3536 εὐαγγε-

2251 3550 2374 3608 λικά
2404 3574 2535 3631 φησι
2566 3548 2830 3629 δόγματα.

2332 3640 2396 3699 Ἠ
2455 3639 2636 3721 ῥάϐδος
2707 3663 2799 3698 σου
2859 3641 2944 3696 καὶ
3012 3639 3047 3705 ἡ
3095 3638 3357 3715 βακτήρια
3434 3659 3556 3718 σου,
3627 3635 3758 3694 αὐτά
3821 3659 3902 3711 με

2249 3730 2640 3809 παρεκάλεσαν.
2701 3730 2866 3788 Αὐτὸν
2925 3729 3014 3785 τὸν
3089 3726 3308 3804 Χριστόν
3367 3748 3550 3806 φησιν.
3633 3726 3731 3782 Καὶ
3803 3729 3898 3782 τό·

2251 3819 2463 3878 Ῥάϐδον
2522 3818 2790 3896 δυνάμεως
2833 3815 3178 3883 ἐξαποστελεϊ
3221 3838 3304 3872 σοι
3367 3815 3554 3894 Κύριος
3611 3813 3672 3871 ἐκ
3717 3813 3894 3879 Σιών,

2253 3913 2349 3971 Καὶ
2433 3908 2619 3988 ῥάϐδος
2705 3907 2949 3983 εὒκ)εὴς,
3048 3908 3136 3962 καὶ
3212 3903 3395 3982 ῥάϐδος
3481 3903 3899 3982 μεγαλώτατος.

2253 3998 2467 4063 Ῥάϐδος
2497 4001 2531 4067 ἡ
2563 3996 2875 4066 παιδευτικὴ
2919 3994 3162 4072 δύναμις*
3211 3996 3472 4072 βακτηρία
3522 3991 3578 4049 δὲ
3606 3995 3640 4062 ἡ
3673 3991 3759 4049 διὰ
3791 3993 3900 4061 τῆς

2251 4087 2640 4168 παρακλήσεως
2670 4087 2976 4161 ἀντίληψις,

2331 4175 2615 4242 Ἐλίπανας
2658 4177 2718 4234 ἐκ
2761 4175 2919 4250 ἐλαίῳ
2970 4175 3068 4242 τὴν
3112 4173 3351 4253 κεφαλὴν
3409 4195 3533 4249 μου.
3588 4173 3688 4230 Καὶ
3736 4179 3907 4231 τοῦτο

2247 4269 2308 4325 τὸ
2343 4269 2545 4348 χρίσμα
2575 4269 2635 4323 τὸ
2666 4265 2940 4343 μυστικόν.
2973 4266 3070 4323 Καὶ
3123 4266 3182 4320 τὸ
3235 4263 3490 4342 ποτήριόν
3542 4284 3636 4319 σου
3691 4262 3905 4338 μεθύσ-

2247 4381 2338 4414 κον
2379 4378 2468 4432 με,
2506 4356 2670 4413 Πάλιν
2727 4356 2826 4422 τὴν
2877 4355 3138 4430 μυστικὴν
3182 4353 3500 4432 εὐφροσύνην
3556 4352 3738 4430 φησίν,
3780 4353 3890 4409 Καὶ

2249 4449 2310 4503 τὸ
2363 4445 2509 4510 ἔλεός
2570 4467 2665 4502 σου
2738 4441 3048 4508 καταδιώξει
3125 4465 3192 4518 με
3255 4443 3422 4507 πάσας
3495 4441 3588 4504 τὰς
3661 4441 3904 4518 ὴμέρας.

2255 4538 2314 4594 Οἱ
2369 4536 2467 4614 γὰρ
2542 4540 2644 4590 τῶν
2722 4532 3128 4612 προλεχθέντων
3199 4531 3446 4588 ἁπάντων
3513 4526 3908 4605 μεταλαϐόντες

2255 4623 2467 4682 ἔσονται
2513 4622 2798 4687 διαπαντὸς
2851 4621 2904 4676 ἐν
2961 4626 3037 4694 τῷ
3091 4618 3224 4676 ἰλέει
3282 4622 3367 4676 τοῦ
3417 4623 3570 4675 Θεοῢ’
3647 4619 3733 4673 καὶ
3789 4617 3911 4693 μὴν

2253 4714 2340 4770 καὶ
2392 4713 2802 4782 κατοικήσουσιν
2832 4713 2888 4766 ἓν
2922 4717 2998 4785 τῷ
3029 4709 3167 4784 οῗκῷ
3209 4709 3387 4770 αὐτοῦ.

2332 4800 2686 4880 [Ἢτοίμασας
2743 4799 2965 4857 ἐνώπιόν
3020 4798 3118 4874 μοξ
3146 4797 3432 4878 τράπεζαν.
3486 4796 3753 4874 Τρᾶπεζαν
3805 4797 3914 4863 τὴν

2252 4891 2510 4968 μυστικὴν
2542 4889 2711 4969 λέγει,
2759 4890 2846 4945 καὶ
2905 4891 2965 4945 τὸ
3009 4887 3185 4945 ἔλαιον
3256 4889 3314 4944 τὸ
3366 4887 3570 4967 χρίσμα
3613 4887 3905 4966 μυστικὸν,

2251 4983 2338 5038 καὶ
2370 4982 2431 5037 τὸ
2461 4981 2716 5058 ποτήριον
2747 4977 2938 5057 λέγει.]

2327 5086 2411 5149 Εἷς
2444 5083 2596 5147 τέλος
2631 5088 2917 5140 ΨΑΛΜΟΣ
2948 5089 3024 5157 τῷ
3061 5081 3229 5138 Δαυ³ιδ
3256 5086 3326 5157 τῇ
3357 5085 3453 5155 μιᾷ
3483 5085 3587 5136 τῶν
3619 5076 3836 5134 Σαϐϐά-

2942 5195 3074 5232 των.
3114 5170 3269 5233 ΚΓ”.

3743 2077 3759 2107 ,
3791 2028 3896 2084 ἅτε

2935 5262 3236 5326 ’Υπόθεσις,

2270 5365 2380 5432 Τὴν
2436 5360 2706 5437 ἀνάληψιν
2763 5369 2856 5418 τοῦ
2907 5363 3095 5441 Κυρίου
3152 5363 3180 5417 ὁ
3224 5361 3406 5440 παρὼν
3467 5359 3608 5434 ἡμῖν
3663 5358 3920 5435 κηρύττει

2354 5451 2569 5529 ψαλμδς
2613 5453 2700 5508 καὶ
2755 5458 2861 5510 τῶν
2909 5451 3068 5508 ἐθνῶν
3111 5449 3469 5507 διδασκαλίαν
3534 5447 3648 5511 πῶς
3706 5445 3767 5503 ἂν
3828 5451 3924 5506 καὶ

2355 5543 2500 5602 αὐτοὶ
2551 5539 2683 5606 ἄξιοι
2731 5541 2990 5620 γένωνται
3043 5547 3150 5598 τῶν
3209 5539 3542 5620 ἐπουρανίων
3598 5538 3835 5605 σκηνῶν,

615 5679 669 5723 ⁸³
695 5683 864 5745 Joan.
899 5697 940 5760 ι,
978 5681 1072 5742 18.
1158 5676 1214 5720 “
1241 5677 1397 5742 Psal.
1433 5695 1544 5754 cxx,
1584 5676 1642 5740 3.
1727 5672 1781 5719 ⁸⁸
1807 5678 1928 5740 .Ier.
1965 5687 2130 5747 xvm,
2168 5669 2269 5734 Π.
