4030 6216
430 332 562 442 1ίά
1206 383 1266 445 s.
1313 382 1737 447 ATHANASII
1780 383 1944 446 opp.
1993 382 2207 444 PARS.
2252 382 2363 442 III.
2414 412 2487 422 —
2536 378 2990 441 EXEGETICA.
3684 374 3806 438 148

427 516 591 578 mino
637 534 891 595 sperans
931 535 1054 580 non
1113 517 1500 597 inﬁrmabor.
1534 518 1682 580 Cum
1711 518 1771 579 in
1805 524 1861 579 te
1895 535 2062 597 spem

2203 515 2322 592 υρίῳ
2388 511 2611 584 ἐλπίζων
2671 514 2731 570 οὒ
2787 512 2864 588 μὴ
2930 510 3227 579 ἀσθενήσω.
3304 506 3545 585 Βεϐαίαν,
3607 513 3802 590 φησὶν,

429 604 636 667 salutis
666 622 975 685 reponam,
1032 607 1284 669 ﬁrmiter
1312 612 1373 671 et
1403 607 1685 669 immotus
1713 606 2063 670 consistam.

2204 628 2248 660 ω
2303 604 2401 672 τὴν
2448 602 2631 659 στάσιν
2696 603 2769 665 εὶς
2820 601 2878 657 σὲ
2932 601 3027 664 τάς
3085 597 3296 664 ἐλπίδας
3355 604 3453 663 τῆς
3527 601 3803 677 σωτηρίας

2150 693 2606 772 ἀπογραψάμενος
2618 739 2631 753 ,

512 782 572 843 9.
606 782 804 845 Proba
826 802 943 858 me,
984 786 1256 862 Domine,
1287 792 1343 846 et
1371 791 1536 848 tenta
1578 801 1693 847 me.
1735 785 1797 845 Si
1823 800 2066 864 perves-

2235 778 2532 858 Ᾱοκίμασόν
2590 801 2680 859 με,
2751 782 2927 858 Κύριε,
2997 780 3086 836 καί
3143 779 3392 859 πείρασόν
3449 800 3537 852 με.
3605 780 3659 834 Εἰ
3708 776 3805 844 ἐξ..

432 871 603 949 tiges,
630 873 846 954 inquit,
882 874 1174 955 profunda
1192 874 1408 936 animae
1431 892 1602 954 meae,
1625 873 1687 934 in
1712 881 1771 935 te
1800 873 1924 935 solo
1948 892 2068 933 om-

2203 872 2351 948 ιάσῃς
2382 870 2477 938 τῆς
2513 870 2695 949 ψυγῆς
2755 892 2856 943 μου
2900 868 2964 925 τά
3021 869 3182 948 βάθη,
3215 869 3396 947 φησὶν,
3458 868 3541 923 ἐπὶ
3584 874 3660 941 τῷ
3720 874 3810 941 σῷ

432 976 567 1020 nem
602 962 816 1023 mentis
846 962 1305 1024 sollicitudinem
1360 982 1455 1024 me
1501 980 1798 1044 reponere
1848 963 2071 1041 depre—

2203 962 2304 1033 ὄνῳ
2334 962 2575 1039 εὑρήσεις
2624 959 2761 1015 ἐλέει
2803 959 2979 1015 πάντα
3022 980 3125 1033 μου
3175 962 3273 1024 τῆς
3305 955 3539 1020 διανοίας
3570 960 3661 1013 τὸν
3692 957 3806 1013 πό-

432 1048 681 1111 hendes.
717 1050 884 1124 Quod
918 1071 1051 1113 cum
1083 1070 1274 1133 agam,
1327 1061 1610 1134 acceptus
1638 1070 1741 1114 ero
1785 1051 1915 1131 tibi,
1959 1061 2075 1113 tuae

2203 1075 2243 1107 ιν
2271 1050 2629 1128 ἐπανέχοντα.
2660 1055 2827 1106 Τοῦτο
2857 1046 2911 1103 δὲ
2941 1053 3112 1105 ποιῶν
3135 1047 3411 1125 εὐάρεστος
3434 1047 3623 1120 ἔσομαι
3654 1046 3810 1124 παρά

430 1136 662 1200 scilicet
691 1139 953 1203 veritatis
981 1159 1212 1204 amans.

2203 1141 2237 1197 >i
2267 1139 2366 1205 τὴν
2395 1140 2493 1205 σὴν
2525 1137 2809 1215 ἀγαπήσας
2838 1134 3112 1206 ἀλήθειαν.

514 1244 730 1308 Daniel
760 1249 1071 1310 Barbarus
1106 1264 1122 1307 :
1161 1246 1283 1310 Ure
1313 1264 1488 1309 renes
1518 1246 1891 1319 meos.Quasi
1936 1244 2421 1322 dicat,succende
2452 1251 2509 1306 et
2540 1242 2823 1307 examina
2852 1242 3089 1304 intimas
3122 1241 3306 1303 animi
3338 1242 3455 1303 mei
3484 1240 3807 1320 cogitatio-

432 1342 632 1406 nes,et
662 1346 1031 1414 perscrutare
1056 1355 1131 1397 an
1156 1336 1237 1397 ita
1263 1355 1355 1397 me
1380 1336 1572 1398 habeo
1602 1343 1665 1398 ut
1697 1334 2047 1398 dico.Porro
2073 1335 2189 1396 alia
2209 1344 2300 1396 est
2323 1333 2421 1395 hic
2457 1332 2773 1395 succensio
2800 1331 3248 1412 Domini,quam
3285 1330 3582 1410 Propheta
3608 1338 3808 1411 optat,

432 1422 506 1482 ab
538 1439 605 1485 ea
637 1443 766 1503 quae
795 1426 861 1489 tit
880 1425 1231 1488 ardentibus
1262 1426 1499 1504 maligni
1535 1424 1937 1504 sagittis.Nam
1977 1425 2265 1486 Dominus
2293 1422 2598 1485 deteriora
2632 1422 2956 1495 consumit,
2982 1429 3039 1481 et
3072 1438 3250 1481 renes
3280 1427 3336 1480 et
3358 1419 3537 1480 corda
3573 1439 3808 1500 expur—

432 1521 564 1591 gat;
596 1514 889 1593 malignus
908 1524 1106 1578 autem
1140 1514 1423 1577 libidines
1457 1523 1517 1577 et
1547 1515 1796 1576 affectus
1855 1513 2114 1594 excitat;
2169 1519 2486 1594 propterea
2518 1512 2668 1591 ignis
2695 1509 2796 1591 qui
2826 1508 2887 1571 in
2937 1508 3086 1571 rubo
3112 1514 3243 1573 erat
3272 1529 3390 1571 non
3417 1510 3659 1583 exarsit,
3696 1511 3807 1590 qui

433 1619 569 1663 vero
592 1601 654 1663 in
678 1602 987 1681 judicibus
1018 1613 1107 1666 est
1125 1605 1185 1654 ιτ
1214 1622 1287 1666 ex
1314 1606 1569 1666 rhamno
1602 1603 1958 1666 comburere
1990 1602 2230 1665 dicitur.
2315 1616 2323 1625 ‘

514 1711 576 1769 Δ.
606 1709 745 1771 Νοη
773 1710 903 1772 sedi
932 1728 1066 1772 eum
1107 1711 1358 1773 consilio
1419 1712 1730 1773 vanitatis.
1762 1708 2073 1790 Iniquissi-

2240 1708 2347 1764 Οὐκ
2417 1704 2632 1762 ἐκάθισα
2707 1708 2841 1781 μετά
2916 1704 3177 1785 συνεδρίου
3236 1704 3615 1781 ματαιότητος.
3691 1715 3812 1763 Σα-

438 1815 668 1859 morum
688 1798 918 1877 judaici
947 1801 1145 1881 populi
1178 1801 1513 1881 principum
1556 1800 1868 1862 consilium
1915 1797 2069 1879 apud

436 1904 573 1947 eum
608 1886 710 1967 qui
731 1889 913 1951 corda
943 1890 1103 1950 novit
1154 1896 1213 1951 et
1263 1896 1563 1952 scrutatur
1586 1897 1791 1970 aperte
1824 1897 1993 1968 negat
2016 1895 2075 1947 et

436 1977 688 2057 respuit.

514 2066 576 2129 6.
609 2064 849 2128 Lavabo
880 2073 1041 2131 inter
1088 2073 1439 2131 innocentes
1474 2086 1691 2131 manus
1721 2085 1903 2131 meas.
1950 2070 2071 2130 Pu-

436 2172 559 2228 rus,
593 2154 807 2236 inquit,
856 2175 959 2218 ero
1014 2177 1047 2218 a
1102 2156 1452 2220 finitissimis
1484 2177 1690 2221 eorum
1743 2159 1947 2237 gestis.
1992 2156 2076 2219 Et

435 2244 818 2307 circumdabo
849 2248 1049 2308 altare
1078 2253 1267 2319 tuum,
1291 2247 1559 2310 Domine.
1597 2249 1822 2326 Aperte
1853 2246 1914 2307 in
1946 2246 2073 2307 his-

438 2351 507 2394 ce
530 2332 944 2396 rationabilem
981 2336 1260 2415 praedicat
1285 2336 1529 2398 cultum.

517 2428 575 2484 8.
605 2422 885 2497 Domine,
910 2424 1101 2488 dilexi
1132 2427 1404 2489 decorem
1434 2426 1648 2489 domus
1671 2435 1808 2489 tuae.
1844 2423 2070 2505 [Cupio,

438 2511 654 2591 inquit,
712 2512 970 2573 divinam
998 2512 1244 2575 domum
1276 2514 1479 2577 videre
1512 2525 1694 2592 tuam,
1727 2533 1858 2595 qua)
1888 2514 2078 2592 gratia

438 2607 536 2660 tua
558 2599 860 2681 refulgeL]
896 2604 1091 2665 Decor
1113 2604 1330 2666 domus
1362 2614 1503 2666 sunt
1542 2603 1643 2685 qui
1672 2611 1884 2665 ornate
1909 2612 1965 2665 et
1985 2620 2077 2663 re-

437 2687 644 2767 ligiose
662 2688 722 2748 in
756 2689 1026 2751 Ecclesia
1052 2691 1299 2773 degunt.

519 2780 580 2855 9,
602 2778 697 2841 Ne
715 2780 934 2859 perdas
957 2799 1093 2844 cum
1114 2784 1319 2860 impiis
1340 2785 1616 2846 animam
1641 2802 1855 2846 meum.
1893 2785 2078 2862 Rogat

436 2886 470 2929 a
497 2867 793 2950 supplicio
825 2870 1004 2932 eximi
1034 2871 1257 2934 Jndmis
1289 2880 1511 2954 parato.

2155 1802 2265 1875 ιρῶς
2296 1795 2383 1851 ἐπὶ
2424 1804 2518 1854 τοῦ
2547 1794 2745 1858 εἰδότος
2779 1796 2873 1860 τάς
2925 1794 3139 1873 καρδίας
3197 1796 3400 1865 ἒτάζειν
3445 1797 3505 1852 τὸ
3549 1819 3653 1852 των
3684 1819 3806 1853 πα-

2156 1885 2561 1963 ρανωμωτάτων
2605 1884 2888 1964 ἀρχόντων
2928 1893 3022 1942 τοῦ
3056 1884 3318 1944 Ἰουδαίων
3351 1884 3522 1948 ἔθνους
3558 1885 3808 1961 ἀρνεῖται

2157 1972 2444 2052 συνέδριον.

2239 2065 2474 2139 Νίψομαι
2545 2067 2601 2119 ἓν
2684 2063 2875 2128 ἀθώοις
2956 2064 3051 2127 τάς
3112 2065 3305 2144 χεῖράς
3367 2087 3493 2138 μου.
3562 2067 3806 2144 Καθαρὸς

2157 2152 2367 2227 ἔσομαι,
2414 2156 2566 2233 φησὶ,
2651 2159 2757 2209 τῶν
2816 2151 3089 2233 μαιφόνων
3149 2153 3319 2209 αὗτῶν
3366 2153 3632 2230 πράξεων.
3703 2156 3810 2212 Καὶ

2156 2241 2414 2299 κυκλώσω
2472 2244 2533 2298 τὸ
2617 2243 2988 2320 θυσιαστήριον
3070 2264 3185 2316 σου,
3247 2244 3420 2317 Κύριε.
3499 2250 3686 2323 Σαφῶς
3751 2245 3812 2299 ἐν

2156 2340 2360 2395 τοότοις
2394 2333 2493 2398 τὴν
2527 2332 2748 2409 λογικὴν
2776 2331 3123 2410 ἀνακηρύττει
3154 2331 3421 2409 λατρείαν,

2239 2422 2423 2500 Κύριε,
2487 2422 2745 2500 ἠγάπησα
2818 2420 3138 2498 εὐπρέπειαν
3218 2421 3371 2477 οἴκου
3425 2444 3542 2480 σου.
3603 2423 3808 2503 ΙΠοθῶ,

2156 2512 2305 2587 φησὶ,
2367 2512 2458 2566 τὸν
2516 2514 2662 2568 θεῖον
2714 2510 2869 2566 οἶκον
2928 2508 3084 2583 ἰδεῖν,
3146 2512 3236 2565 τὸν
3292 2511 3390 2577 τὴν
3422 2512 3517 2577 σὴν
3554 2513 3813 2569 ἀποστίλ-

2157 2596 2316 2657 ϐοντα
2346 2599 2562 2680 χάριν]
2598 2598 2894 2678 Εὒπρέπεια
2923 2606 3015 2654 τοῦ
3046 2597 3200 2656 οἴκου
3244 2602 3291 2656 οἱ
3321 2599 3705 2679 διαπρέποντες
3747 2602 3807 2657 ἐν

2156 2693 2224 2764 τῇ
2256 2687 2546 2761 Ἐκκλησία
2574 2688 2658 2745 διά
2688 2686 3009 2754 θεοσεϐείας.

2243 2778 2328 2845 Μὴ
2387 2777 2760 2855 συναπολήσης
2807 2779 2941 2853 μετά
2996 2774 3202 2833 ἀσεϐῶν
3272 2779 3369 2845 τὴν
3420 2782 3605 2859 ψυχήν
3671 2806 3806 2853 μου.

2160 2866 2313 2932 ’Ἒξω
2339 2873 2439 2935 τῆς
2482 2868 2751 2933 κολάσεως
2785 2868 3025 2947 γενέσθαι
3059 2866 3275 2947 εὔχεται
3307 2873 3405 2935 τῆς
3436 2869 3810 2946 ἀποκειμένης

2158 2970 2275 3020 τοῖς
2308 2954 2593 3021 Ἰουδαίοις.

526 3046 623 3111 10.
654 3046 724 3108 In
749 3065 1004 3126 quorum
1026 3050 1307 3115 manibus
1345 3052 1711 3131 iniquitates
1736 3060 1899 3129 sunt,
1927 3055 2077 3117 dea:-

2242 3041 2338 3101 Ὠν
2392 3047 2445 3103 ἐν
2502 3049 2684 3128 χερσὶν
2727 3050 2778 3103 αἱ
2838 3046 3071 3121 ἀνομίαι,
3142 3048 3170 3113 ἠ
3215 3045 3355 3112 δεξιά
3414 3050 3587 3105 αὒτῶν
3634 3049 3809 3120 ἐπλή-

442 3145 578 3199 tera
610 3154 821 3199 eorum
855 3142 1085 3220 repleta
1106 3147 1193 3202 est
1222 3141 1596 3205 muneribus.
1617 3141 1722 3203 Aut
1744 3142 1884 3224 quia
1911 3143 2077 3205 donis

2203 3139 2263 3203 θη
2293 3134 2495 3211 δώρων,
2543 3136 2649 3193 "ﬂ.
2686 3139 2760 3200 ὡς
2807 3137 2893 3192 καὶ
2951 3138 3122 3194 αὐτῶν
3151 3135 3339 3211 δώροις
3372 3140 3810 3215 παρακρινὸντων

431 3226 532 3305 jus
566 3225 678 3307 ipsi
708 3237 1149 3309 perverterent,
1181 3238 1282 3292 aut
1330 3230 1463 3311 quia
1511 3231 1683 3292 donis
1715 3222 2077 3312 proditorem

2203 3227 2225 3281 δ
2267 3222 2490 3306 δίκαιον,
2523 3225 2557 3294 ἢ
2587 3225 2670 3282 διά
2699 3227 2759 3281 τὸ
2790 3223 2975 3303 δώροις
3000 3227 3091 3280 τὸν
3122 3224 3385 3303 προδοτηο
3418 3224 3809 3296 ἐξωνήσασθαι’

439 3316 891 3397 corrupissent;
934 3326 1035 3379 aut
1101 3319 1241 3395 quia
1310 3319 1528 3399 injuste
1586 3330 1889 3401 raperent,
1945 3322 2077 3383 ideo

2250 3314 2433 3382 ἐπειδὴ
2489 3315 2785 3394 ἡρπάζοντο
2836 3314 3056 3389 ἀνομίαν
3094 3333 3108 3349 ⁸
3164 3312 3248 3370 διά
3292 3318 3446 3371 τοῦτο
3493 3317 3591 3384 τὴν
3633 3315 3813 3383 δεξιάν

439 3403 743 3467 dexteram
779 3423 989 3468 eorum
1021 3406 1337 3487 replebant
1359 3408 1729 3473 muneribus.

2203 3404 2335 3463 ὒτῶν
2366 3404 2628 3474 ἐπλήρουν
2650 3402 2829 3475 δώρων
2840 3452 2854 3467 ,

514 3496 566 3548 1.
598 3491 841 3555 PSALM
846 3493 930 3553 US
958 3494 1137 3553 David
1160 3498 1471 3571 priusquam
1513 3498 1780 3555 liniretur.
1815 3498 2008 3566 XXVI,

2286 3498 2575 3552 ΨΑΛΜΟΣ
2605 3504 2698 3552 τοῦ
2731 3490 2901 3549 Δαυ³ιδ
2939 3494 3040 3571 πρὸ
3070 3499 3163 3549 τοῦ
3192 3494 3501 3572 χρισθῆναι.
3537 3496 3682 3570 κζ’,

1032 3586 1501 3665 Argumentum.

2838 3584 3136 3646 ’Υπόθεσις.

444 3671 903 3738 Instructionem
936 3675 1220 3738 adversus
1261 3676 1464 3739 hostes
1524 3677 1941 3758 complectitur
1986 3677 2083 3739 hic

520 3760 817 3845 Psalmus,
851 3784 983 3846 quas
1013 3784 1083 3827 ea
1114 3765 1286 3828 bonis
1315 3767 1431 3829 sibi
1460 3786 1495 3830 a
1520 3768 1644 3831 Deo
1689 3768 1921 3830 collatis
1944 3776 2082 3829 nota

522 3861 668 3926 erat,
696 3862 874 3935 atque
928 3874 1062 3916 cum
1093 3856 1474 3919 confessione
1508 3866 1674 3937 rogat
1704 3856 1986 3919 secundis
2016 3874 2081 3917 se

524 3939 698 4003 donis
717 3942 1103 4023 augeri.lllud
1120 3952 1342 4006 autem:
1375 3948 1706 4025 Antequam
1728 3953 2080 4024 angeretur,

522 4030 835 4108 signiﬁcat,
863 4033 1058 4114 ipsum
1083 4032 1282 4096 divino
1309 4033 1532 4115 Spiritu
1563 4039 1935 4116 prospicere,
1966 4053 2080 4093 un-

521 4120 777 4197 gendum
797 4140 861 4183 se
878 4121 1007 4184 fore
1022 4122 1083 4183 in
1104 4124 1890 4203 regem,tentationibusque
1905 4123 2087 4202 impe-

526 4208 796 4271 tendum.
830 4209 1204 4273 Fortitudine
1236 4211 1473 4275 lumbos
1505 4213 1861 4294 praecinctus
1877 4213 1947 4273 ad
1976 4231 2082 4292 pe-

523 4297 710 4360 ricula
742 4298 1148 4380 propulsanda
1168 4300 1489 4363 admodum
1521 4308 1931 4383 praemunitur.

523 4408 746 4484 Adjicit
778 4406 994 4471 Daniel
1023 4408 1384 4473 Barbarus:
1421 4409 1759 4474 Vicesimus
1788 4411 2350 4489 sextus,septimus,
2381 4410 2622 4465 octavus
2649 4414 2705 4463 et
2732 4422 2924 4465 nonus
2957 4403 3176 4483 psalmi
3203 4405 3361 4467 idem
3388 4406 3609 4470 habent
3630 4429 3811 4485 argu-

444 4493 1049 4579 mentum.Siquidem
1072 4497 1340 4579 subjecto
1365 4499 1424 4561 in
1459 4500 1732 4582 Assyrios
1764 4499 1976 4563 eodem
2010 4518 2079 4561 ex
2106 4513 2362 4578 persona
2382 4492 2544 4555 beati
2577 4491 2849 4582 Ezechiae
2872 4491 3175 4566 dicuntur,
3206 4497 3569 4574 praedicente
3601 4498 3814 4572 David,

442 4592 500 4647 et
530 4584 601 4646 ad
636 4585 748 4649 hoc
777 4594 1192 4666 argumentum
1223 4596 1540 4651 revocante
1560 4581 1861 4670 Propheta
1894 4589 2056 4650 illius
2109 4601 2450 4666 personam,
2483 4582 2562 4642 ita
2591 4590 2655 4643 ut
2705 4581 2913 4642 eadem
2952 4582 3134 4643 verba
3168 4583 3450 4661 praedicet
3473 4596 3532 4649 et
3563 4589 3816 4649 allectus

441 4673 739 4738 ostendat.
766 4673 1055 4739 Caeterum
1075 4674 1468 4739 imitationem
1500 4686 1558 4742 et
1579 4678 1974 4741 diﬂ‘erentiam
1999 4674 2314 4757 quamdam
2348 4670 2571 4733 habent
2602 4672 2659 4732 hi
2698 4670 2910 4751 psalmi
2947 4688 2960 4734 :
2988 4688 3125 4732 nam
3160 4673 3479 4737 vicesimus
3509 4688 3727 4751 sextus,
3757 4674 3817 4739 εί

445 4762 759 4826 vicesimus
778 4764 1094 4846 septimus,
1126 4764 1389 4829 victoria:
1418 4768 1685 4830 carmina
1719 4775 1859 4830 sunt
1892 4774 2117 4829 tantum
2150 4781 2259 4844 pro
2290 4760 2504 4824 deletis
2534 4760 2832 4841 Assyriis:
2876 4767 2934 4821 at
2955 4760 3276 4823 vicesimus
3304 4774 3546 4826 octavus
3569 4775 3623 4827 et
3648 4766 3817 4830 vice-

442 4850 629 4915 simus
659 4870 850 4915 nonus
872 4852 1377 4918 deincolumitate
1402 4864 1461 4918 et
1493 4859 1743 4919 sanitate
1765 4855 2031 4920 Ezechiae
2052 4852 2334 4916 restituto
2365 4848 2728 4911 mentionem
2762 4848 3017 4912 faciunt.

526 4959 779 5047 Domine
808 4959 1187 5047 illuminatio
1234 4980 1372 5026 mea
1426 4970 1484 5027 et
1519 4964 1688 5028 salus
1718 4983 1876 5047 mea,
1911 4980 2077 5044 quem

2252 4960 2437 5034 Κύριος
2496 4957 2769 5037 φωτισμός
2830 4980 2929 5032 μου
2987 4959 3074 5014 καὶ
3133 4960 3324 5036 Σωτήρ
3383 4984 3510 5040 μου,
3557 4963 3669 5018 τίνα
3705 4988 3817 5043 φο-

445 5048 659 5136 timebo
682 5045 707 5111 ἲ
734 5046 1142 5136 Adversarius
1195 5060 1517 5132 potestates
1544 5054 1821 5136 despicit,
1858 5045 1997 5135 quia
2026 5054 2077 5113 in

2203 5051 2527 5123 ηθήσομαις
2594 5051 2983 5125 Κατευμεγεθεϊ
3039 5048 3142 5103 τῶν
3205 5048 3588 5124 ἀντικειμένων
3651 5049 3819 5109 δυνά-

443 5135 679 5225 Domini
708 5134 1143 5203 illuminatione
1185 5140 1452 5205 conlidit.
1488 5145 1539 5206 A
1583 5134 1671 5217 te,
1697 5134 1913 5225 inquit,
1948 5142 2077 5204 illu-

2203 5161 2317 5195 ,εων
2372 5143 2449 5210 τῷ
2501 5138 2635 5216 φωτὶ
2712 5143 2804 5192 του
2879 5136 3062 5214 Κυρίου
3140 5135 3428 5214 θαῤῥήσας,
3503 5139 3636 5195 ’Υπὸ
3692 5152 3815 5222 σου⁷

445 5224 726 5306 minatus,
753 5244 962 5291 omnes
993 5246 1111 5290 una
1132 5228 1332 5293 hostes
1364 5241 1709 5296 contemno.
1788 5224 1797 5225 ί

2203 5230 2323 5302 νησὶ,
2372 5226 2728 5306 φωτιζόμενος
2809 5226 3020 5282 πάντων
3095 5229 3228 5301 ὁμοῦ
3274 5234 3380 5282 τῶν
3433 5227 3820 5304 πολεμούντων

2177 5338 2509 5398 καταφρονω.

527 5421 746 5486 Daniel
771 5421 1120 5490 Barbarus:
1158 5425 1448 5493 Dominus
1467 5435 1770 5510 protector
1807 5430 1947 5492 vitae
1964 5424 2290 5499 meaz.Quis
2320 5424 2471 5486 adeo
2496 5420 2854 5485 insidiarum
2907 5429 3123 5501 potens
3153 5422 3295 5495 erit,
3327 5432 3394 5485 ut
3425 5432 3634 5504 potens
3665 5429 3821 5491 Deus

442 5521 533 5580 est
564 5510 640 5576 ad
663 5510 948 5577 auxilium
980 5515 1350 5583 terendum?

522 5664 583 5719 4⁸1
612 5662 817 5731 tudio.
846 5682 925 5752 ix,
968 5669 1062 5736 ιδ.

2168 3671 2415 3752 Περιέχει
2468 3676 2495 3729 ὁ
2539 3671 2756 3748 ψαλμὸς
2808 3674 3118 3752 κατήχησιν
3176 3672 3298 3729 κατ’
3342 3676 3578 3756 ἒχορὼν,
3612 3674 3701 3755 ἀφ’
3735 3678 3815 3732 ὧν

2243 3759 2346 3828 ἤδη
2390 3760 2598 3827 ἐδέξατο
2624 3762 2767 3839 παρέ
2820 3768 2951 3818 Θεοῦ
2996 3761 3433 3839 γινωσκομένην,
3472 3766 3559 3819 καὶ
3594 3765 3817 3832 αἴτησιν

2243 3849 2495 3927 δευτέρων
2571 3849 2782 3929 ἀγαθῶν
2857 3849 2975 3926 μετ’
3052 3848 3508 3928 ἐξομολογήσεως.
3587 3857 3657 3911 Τὸ
3728 3855 3813 3936 δὲ,

2247 3943 2348 4019 πρὸ
2406 3948 2497 3995 τοῦ
2585 3944 2898 4018 χρισθῆναι,
2962 3940 3140 3996 ὲκεϊνο
3200 3942 3472 4015 σημαίνει,
3540 3943 3647 4022 ὅτι,
3732 3952 3814 4020 τῷ

2248 4030 2511 4105 Πνεύματι
2569 4034 2645 4101 τῷ
2698 4030 2820 4101 θείῳ
2894 4031 3266 4107 προεωρακὼς,
3328 4032 3401 4096 ὡς
3462 4033 3816 4111 χρισθτξσεται

2246 4119 2346 4194 μὲν
2404 4121 2476 4184 είς
2533 4118 2781 4198 βασιλέα,
2847 4120 3118 4197 περιπέσει
3182 4117 3237 4174 δὲ
3297 4136 3414 4185 τοῖς
3464 4138 3812 4201 πειρασμοῖς,

2247 4206 2448 4286 ἀνδρείᾳ
2482 4208 2904 4284 περιζωσάμενος
2954 4208 3051 4274 τὴν
3083 4209 3244 4287 ὀσφὺν
3275 4212 3331 4264 εὖ
3359 4209 3506 4284 μάλα
3541 4213 3655 4289 περὶ
3682 4216 3810 4278 τοὺς

2248 4295 2512 4360 κινδύνους
2546 4297 2820 4355 ἀντισοῦτθ
2830 4320 2877 4352 αι
2909 4295 3299 4354 διαϐεϐαιοῦται
3312 4346 3322 4357 .
