4030 6216
437 269 544 336 159

1219 274 1281 339 S.
1328 277 1753 376 ATHANASII
1797 278 1962 352 ΟΡΡ,
2021 278 2232 340 PARS.
2280 278 2388 339 III.
2443 312 2502 320 -—
2557 278 3012 342 EXEGETICA.

3691 278 3814 342 160

425 414 592 470 sunt.
615 407 750 490 Ego
780 417 979 472 autem
1008 412 1077 472 in
1107 417 1164 472 te
1190 412 1455 490 speravi,
1491 411 1770 475 Domine.
1807 413 1922 474 Per
1949 409 2067 472 ani-

2164 432 2258 489 ριε,
2294 408 2518 476 ἤλπισα,
2559 411 2656 466 Διὰ
2684 416 2784 478 τῆς
2825 416 3012 492 ψυχῆς
3061 412 3161 477 τὴν
3212 410 3424 490 καρδίαν
3483 410 3800 486 λαμϐάνω-

429 514 585 557 mam
615 515 719 558 cor
756 498 1019 579 capiunt,
1057 517 1160 579 per
1191 500 1337 560 iram
1383 507 1441 560 et
1494 498 1854 580 cupiditates
1891 517 2064 562 men-

2164 517 2252 555 m'
2301 497 2387 555 διὰ
2430 501 2530 578 γὰρ
2587 499 2753 576 θυμοῦ
2809 501 2898 556 καὶ
2955 499 3233 576 ἐπιθυμίας
3301 503 3393 556 τὸν
3451 507 3583 557 νοῦν
3645 505 3819 557 θανα-

426 592 543 646 tem
578 586 887 650 occidunt.

508 675 606 739 16.
636 675 709 738 In
747 679 1027 739 manibus
1051 679 1170 740 tuis
1198 684 1383 740 sortes
1412 695 1583 741 meae.
1633 677 1883 738 Etiamsi
1915 677 2066 738 insi-

427 762 544 824 diis
574 764 797 828 inimici
823 768 1077 829 animam
1127 785 1318 828 meam
1363 766 1879 846 comprehendere
1908 775 2064 829 sata-

431 862 599 930 gant;
625 863 680 915 at
709 863 898 918 sortes
931 873 1077 918 mem
1107 863 1247 918 tuta
1277 865 1416 918 sunt
1461 855 1523 916 in
1586 855 1861 917 manibus
1929 861 2064 935 tuis,

427 959 571 1020 quas
597 941 762 1004 dabis
789 943 848 1005 in
881 953 1149 1025 tempore
1180 944 1345 1019 mihi,
1371 949 1654 1026 quoniam
1688 944 1746 1005 in
1779 954 1833 1006 te
1897 963 2065 1025 spem

423 1029 648 1092 colloco
684 1051 896 1096 meam.
920 1033 1323 1106 Quamobrem
1354 1051 1497 1111 rogo
1520 1033 1579 1093 in
1612 1033 1889 1113 praesenti
1912 1032 2061 1094 lihe-

421 1119 541 1180 rari
561 1120 634 1181 ab
680 1121 942 1185 inimicis
988 1124 1158 1186 meis.
1193 1122 1364 1185 Alius
1411 1123 1624 1185 eodem.
1667 1120 1782 1197 Illi,
1847 1123 2060 1203 inquit,

420 1209 629 1290 coacti,
664 1229 871 1274 necem
927 1213 1072 1274 mihi
1135 1212 1461 1274 moliuntur
1521 1233 1534 1273 ε
1587 1229 1697 1290 ego
1751 1221 1948 1273 autem
2014 1222 2072 1276 te

420 1295 606 1358 Deum
641 1299 775 1361 novi
807 1301 951 1362 mihi
1004 1310 1179 1382 atque
1239 1312 1572 1380 patronum.
1628 1301 1812 1379 Eripe
1857 1319 1951 1364 me
1997 1302 2072 1372 de

419 1405 607 1449 manu
636 1390 1030 1453 inimicorum
1061 1408 1364 1470 meorum,
1408 1399 1461 1452 et
1492 1409 1528 1451 (ι
1577 1393 2074 1470 persequentibus

419 1493 534 1538 me.
566 1475 722 1556 Fuge
743 1479 1199 1558 malignitatem,
1227 1479 1421 1560 inquit
1445 1479 2046 1558 Apoxtolu567,etiam

418 1570 470 1627 si
501 1569 878 1648 persequitur
908 1569 1271 1649 malignitas,
1307 1568 1687 1648 persequitur
1715 1575 1913 1630 tamen
1947 1569 2070 1629 for~

419 1653 664 1732 nicatlo,
695 1657 960 1738 avaritia,
996 1659 1183 1729 furor,
1247 1659 1378 1718 ira:
1418 1657 1650 1737 reliqua
1693 1657 2065 1722 defecerunt.

506 1833 594 1895 17.
631 1832 880 1898 Illustra
908 1835 1132 1914 faciem
1163 1842 1328 1898 tuam
1360 1852 1548 1912 super
1577 1852 1819 1897 servum
1850 1843 2020 1898 tuum
2047 1853 2061 1899 :
2093 1831 2128 1878 Β

421 1922 660 1984 salvum
690 1941 783 1984 me
810 1925 908 2002 fac
939 1926 1003 1986 in
1033 1925 1456 1988 misericordia
1481 1930 1610 1986 tua.
1666 1923 1812 1985 Nam
1849 1933 1903 1986 te
1934 1926 2068 1986 ani-

424 2029 578 2072 mam
612 2030 802 2074 meam
836 2013 1197 2088 illustrante,
1231 2013 1422 2074 tristia
1439 2031 1689 2093 quaeque
1715 2014 1910 2074 statim
1938 2033 2068 2076 eva-

421 2111 694 2164 nescent.
729 2101 868 2164 Haac
893 2123 1007 2165 una
1038 2103 1204 2176 mihi,
1241 2103 1453 2182 inquit,
1491 2102 1700 2162 salutis
1734 2102 1887 2163 ratio
1947 2113 2062 2177 est,

417 2188 469 2250 si
493 2189 701 2251 faciem
733 2199 890 2253 tuam
917 2193 1336 2254 illustraveris.

498 2279 595 2341 18.
632 2281 918 2360 Domine,
948 2298 1074 2343 non
1121 2280 1470 2358 confundar
1521 2282 1824 2360 quoniam
1885 2282 2062 2343 invo-

417 2373 551 2428 cavi
583 2376 658 2430 te.
693 2367 841 2429 Hinc
905 2368 1230 2432 ediscimus
1283 2368 1531 2429 multum
1567 2377 1876 2448 peccatum
1912 2370 2066 2431 inter

415 2463 475 2516 et
503 2455 875 2536 impietatem
910 2458 1276 2518 discriminis
1307 2475 1463 2518 esse.
1503 2456 1876 2535 Quapmpter
1901 2469 2066 2536 rogat

419 2562 667 2620 magnus
705 2545 804 2607 ille
834 2545 1012 2608 David
1049 2565 1080 2607 a
1116 2547 1347 2625 peccati
1393 2563 1457 2606 se
1486 2546 1852 2625 turpitudine
1909 2546 2064 2609 libe-

415 2633 561 2704 rari,
599 2652 704 2696 eos
732 2644 930 2696 autem
984 2636 1083 2714 qui
1143 2634 1204 2695 in
1265 2635 1569 2714 impietate
1621 2633 1796 2694 vitam
1860 2643 2062 2714 agunt,

413 2741 548 2783 cum
579 2723 824 2785 infamia
855 2731 1046 2785 morte
1078 2722 1269 2784 affici.

497 2812 595 2874 19.
625 2811 800 2874 Muta
818 2814 966 2893 ﬁaut
997 2811 1162 2874 labia
1191 2811 1416 2874 dolosa.
1442 2812 1631 2890 Rogo,
1684 2812 1894 2891 inguit,
1954 2811 2063 2874 ob-

418 2911 754 2963 mutescere
784 2902 1106 2964 inimicos:
1144 2903 1302 2982 quod
1355 2902 1590 2962 eveniet
1619 2907 1669 2961 si
1723 2901 2066 2964 ostenderis

415 2989 628 3051 faciem
661 2997 844 3050 tuam.

2149 595 2351 647 τοῦσιν.

2233 676 2321 736 Ἐν
2367 692 2488 743 ταῖς
2531 681 2713 758 χερσίν
2746 701 2842 737 σου
2902 681 2947 735 οἱ
2993 677 3186 756 κληροί
3242 702 3367 754 μου.
3417 681 3476 736 Εἰ
3529 681 3617 736 καὶ
3676 679 3810 736 ἐπι-

2150 765 2484 826 ϐουλεύουσιν
2513 771 2558 824 oi
2591 768 2796 848 ἰχθροὶ,
2827 767 3258 830 ἐπιϐουλεύοντες
3309 769 3408 835 τὴν
3458 771 3642 848 ψυχήν
3699 792 3816 843 μου

2150 855 2361 936 λαϐεῖν,
2397 857 2534 916 ἀλλᾶ
2592 861 2640 914 οἱ
2700 858 2885 936 κλῆροί
2954 881 3055 932 μου
3107 857 3502 936 πεφυλαγμένοι
3563 859 3688 914 εἰσὶν
3754 858 3819 913 ὲν

2149 959 2270 1011 ταῖς
2302 949 2458 1026 χερσί
2489 969 2606 1023 σου,
2651 950 2737 1013 οὓς
2796 946 3092 1011 ἀποδώσεις
3142 969 3234 1021 μοι
3292 948 3428 1004 κατὰ
3484 949 3664 1025 καιρὸν
3723 946 3819 1003 διὰ

2147 1036 2208 1090 τὸ
2251 1035 2336 1092 ἐπὶ
2362 1036 2444 1091 σοί
2476 1057 2542 1110 με
2565 1035 2821 1107 ἐλπίζειν.
2879 1038 2973 1092 Διὸ
3002 1038 3089 1092 καὶ
3147 1035 3334 1110 δέομαι
3387 1037 3472 1093 ἰπὶ
3526 1044 3617 1093 τοῦ
3663 1059 3815 1112 παρ-

2152 1127 2301 1189 όντος
2357 1125 2609 1201 ρδσθῆναι
2662 1124 2723 1181 ἐκ
2779 1130 2886 1181 τῶν
2947 1123 3153 1204 ἐχθρῶν
3215 1148 3355 1200 μου.
3411 1125 3645 1182 Ἐκεῖνοι
3703 1125 3810 1190 μὲν

2153 1216 2240 1269 οὖν
2273 1213 2629 1291 ἁθροισθέντες
2660 1215 2749 1270 τὸν
2779 1213 2907 1287 ἐμὸν
2952 1215 3235 1271 καττύουσι
3287 1213 3532 1270 θάνατον·
3585 1214 3693 1290 ἐγὼ
3751 1212 3814 1270 δὲ

2154 1301 2211 1356 σὲ
2261 1302 2390 1357 Θεὸν
2446 1299 2570 1358 οἶδα
2626 1303 2714 1358 καὶ
2757 1303 3016 1380 πρύτανιν
3053 1348 3068 1362 .
3117 1302 3295 1359 Ῥὖσαί
3337 1324 3403 1377 με
3479 1303 3540 1358 ἐκ
3618 1304 3813 1381 χειρὸς

2155 1391 2361 1469 ἐχθρῶν
2414 1413 2514 1464 μου
2586 1393 2671 1446 καί
2719 1391 2778 1446 ἐκ
2831 1394 2936 1448 τῶν
2992 1391 3432 1449 καταδιωκόντων
3483 1413 3572 1466 με.
3633 1393 3814 1470 Φεῦγε

2154 1481 2251 1546 τὴν
2304 1483 2580 1554 πονηρίαν,
2627 1483 2784 1558 φησὶν
2829 1483 2855 1537 6
2889 1480 3248 1544 Ἀπόστολος·
3287 1483 3330 1537 εἰ
3387 1481 3475 1537 καὶ
3529 1478 3706 1536 διώκει
3769 1482 3807 1548 ἡ

2151 1563 2405 1644 πονηρία,
2442 1567 2620 1624 διώκει
2653 1568 2900 1636 δηλοδᾶτι
2936 1572 3022 1625 καὶ
3065 1572 3098 1638 ἡ
3132 1571 3378 1649 μοιχεία,
3412 1571 3498 1626 καὶ
3529 1571 3564 1636 ἡ
3628 1567 3810 1626 πλεο-

2152 1656 2313 1730 νεξία,
2349 1659 2437 1714 καὶ
2469 1660 2496 1714 6
2525 1659 2714 1733 θυμὸς,
2751 1659 2837 1714 καὶ
2868 1661 2900 1727 ἡ
2935 1659 3091 1738 ὀργή·
3155 1660 3218 1714 τὰ
3249 1656 3303 1714 δὲ
3375 1657 3537 1715 λοιπὰ
3600 1656 3812 1715 ἀπολέ-

2151 1743 2362 1808 λειπτο,

2231 1835 2516 1914 Ἐπίφανον
2615 1838 2676 1892 τὸ
2761 1835 3047 1913 πρόσωπόν
3130 1858 3224 1892 σου
3307 1835 3392 1893 ἐπὶ
3473 1838 3562 1893 τὸν
3619 1835 3816 1894 δοῦλόν

2152 1940 2266 1980 σου’
2331 1926 2503 1980 σῶσόν
2535 1947 2601 2000 με
2634 1925 2688 1982 ἐν
2736 1933 2810 1998 τῷ
2855 1923 2988 1980 ἐλέει
3051 1948 3164 1984 σου.
3241 1931 3344 2001 Τῇς
3394 1927 3494 2004 γὰρ
3551 1928 3653 1991 σῆς
3710 1949 3813 2001 μοι

2149 2013 2440 2091 γενομένης
2505 2014 2837 2090 ἐπιφανείας,
2894 2015 2958 2071 τὰ
3015 2015 3297 2092 σκυθρωπᾶ
3344 2017 3638 2093 παραυτίκα
3709 2015 3812 2072 λυο

2147 2103 2389 2169 θήσεται.
2425 2105 2586 2168 Οὗτός
2620 2126 2734 2177 μοι,
2786 2104 2937 2182 φησὶ,
2995 2105 3155 2176 μόνος
3214 2102 3410 2180 τρόπος
3450 2109 3547 2169 τῆς
3611 2127 3812 2170 σωτη-

2149 2191 2286 2270 ρίας,
2321 2193 2364 2247 εἰ
2392 2193 2452 2247 τὸ
2489 2194 2578 2248 σὸν
2609 2193 2868 2271 ἐπιφάνῃς
2901 2194 3208 2270 πρόσωπον,

2229 2277 2386 2359 Κύριε
2421 2329 2436 2352 ,
2519 2281 2596 2355 μὴ
2683 2283 3170 2359 καταισχυνθείην,
3232 2280 3314 2338 ὅτι
3383 2279 3811 2358 ὲπεκαλεσάμην

2149 2391 2231 2428 σε.
2263 2368 2538 2428 Ἐντεῦθεν
2566 2370 2900 2444 μανθάνομεν
2931 2371 3004 2434 ὡς
3055 2368 3221 2426 πολλὶ
3238 2394 3263 2424 ν
3313 2368 3561 2448 διαφορὰν
3621 2370 3807 2450 ἆμαρο

2151 2457 2230 2512 τία
2269 2459 2389 2533 πρὸς
2421 2456 2663 2513 ἀσέϐειαν
2696 2457 2842 2537 ἔχει.
2895 2459 2988 2513 Διὸ
3040 2460 3127 2513 καὶ
3185 2460 3211 2513 6
3271 2458 3440 2533 μέγας
3496 2459 3813 2537 παρακαλεῖ

2155 2544 2324 2601 Δαυῖδ
2366 2549 2522 2605 αὐτὸν
2559 2547 2655 2620 μὲν
2700 2550 2798 2614 τῆς
2843 2547 2926 2602 διὰ
2969 2547 3066 2614 τὴν
3110 2547 3370 2624 ἁμαρτίαν
3425 2548 3810 2624 γεγενημένης

2150 2635 2408 2713 αἰσχύνης
2441 2635 2842 2716 ἀπαλλαγῆναι,
2881 2637 2998 2698 τοὺς
3056 2634 3111 2690 δὲ
3155 2636 3207 2690 ἐν
3263 2633 3534 2706 δυσσεϐείᾳ
3594 2644 3808 2707 συζῶν-

2148 2745 2242 2786 τας
2275 2725 2393 2796 μετ’
2428 2726 2686 2803 αἰσχύνης
2735 2730 2811 2797 τῷ
2855 2723 3064 2799 θανάτῳ
3096 2726 3570 2804 παραπεμφθῆναι.

2201 2811 2451 2868 ”ἈλαΑα
2509 2812 2790 2891 γενηθήτω
2843 2816 2908 2870 τὰ
2966 2813 3127 2893 χείλη
3160 2814 3224 2868 τὰ
3279 2811 3452 2876 δόλια,
3517 2813 3807 2893 Εῧχομαι,

2147 2903 2330 2982 φησὶν,
2365 2901 2791 2980 ἀποκωφωθῆναι
2836 2904 2952 2967 τοὶς
2999 2901 3246 2981 ἐχθρούςο
3280 2908 3434 2960 τοῦτο
3493 2901 3546 2958 δὲ
3620 2901 3804 2979 ἔσται,

2147 2992 2192 3046 εἰ
2219 2990 2484 3068 ἐπιφᾶνῃς
2517 2992 2578 3046 τὸ
2601 2991 2886 3069 πρόσωπόν
2919 3013 3034 3053 σου.

495 3079 592 3142 20.
631 3078 831 3154 Quam
861 3097 1087 3160 magna
1137 3081 1467 3142 multitudo
1526 3078 1862 3142 dulcedinis
1918 3088 2059 3162 luce,

2231 3069 2322 3144 Ὠς
2399 3078 2532 3135 πολὺ
2608 3082 2670 3136 τὸ
2759 3079 2958 3147 πλῆθος
3041 3086 3140 3147 τῆς
3200 3080 3573 3160 χρηστότητός
3644 3103 3742 3136 σου
3787 3128 3805 3156 ,

415 3169 700 3230 Domine!
734 3169 946 3248 Utpote
971 3171 1094 3248 jam
1132 3187 1240 3248 per
1269 3170 1545 3249 spiritum
1601 3167 1955 3248 illustratus,
1990 3168 2063 3229 de

2164 3166 2307 3246 ζόριε
2339 3167 2353 3227 !
2391 3166 2486 3222 Ὠσ
2517 3167 2620 3235 ἠδη
2679 3168 2762 3224 διὰ
2820 3177 2912 3226 τοῦ
2967 3171 3272 3244 Πνεύματος
3346 3171 3784 3248 φωταγωγηθεῖς,

416 3256 630 3317 futuris
659 3259 873 3335 gratias
902 3257 1044 3335 agit.
1107 3256 1233 3318 Mos
1288 3267 1485 3319 autem
1545 3257 1770 3323 Davidi.
1829 3275 2056 3332 vocem,

2164 3259 2258 3334 περὶ
2309 3258 2414 3312 τῶν
2460 3256 2728 3327 ἐσομένων
2792 3258 3135 3337 εὔχαριστίαν
3197 3258 3470 3336 ἀναφέρει,
3519 3257 3686 3322 ’Ἒθος
3735 3257 3795 3315 δὲ

414 3363 618 3426 quam,
655 3346 1228 3426 peradmirationem
1259 3364 1568 3426 usurpare,
1604 3347 1794 3427 quasi,
1855 3346 2053 3408 valde.

2164 3350 2219 3416 ςῷ
2255 3343 2420 3400 Δαῦίδ
2478 3344 2564 3401 ἐπὶ
2628 3344 2938 3412 ἐκπλήξεως
2991 3344 3248 3406 πολλάκις
3307 3344 3597 3421 λαμϐάνειν
3669 3348 3799 3424 τὴν,

411 3435 619 3512 Magna
649 3435 899 3496 dulcedo
935 3444 1032 3497 tua
1062 3444 1172 3510 est,
1203 3454 1378 3516 quam
1417 3436 1698 3496 recondis
1747 3443 1805 3497 et
1852 3453 2058 3496 servas

2164 3435 2235 3512 bc,
2298 3434 2498 3514 φωνὴν,
2557 3433 2670 3489 ἀντὶ
2735 3434 2850 3512 τοῦ,
2899 3433 3116 3513 σφόδρα.
3183 3433 3360 3504 Πόλλή
3418 3457 3510 3490 σου
3567 3433 3707 3490 ἐστίν
3765 3438 3804 3504 ἡ

411 3524 607 3588 nobis.
639 3523 786 3586 Illud
818 3525 1002 3605 enim,
1036 3525 1430 3605 abscondisti,
1464 3535 1553 3587 est
1601 3526 1790 3605 quasi,
1851 3534 2057 3587 custo-

2164 3525 2477 3602 ιρηστότης,
2523 3523 2589 3592 ἣν
2618 3524 2886 3598 ταμιεύεις
2913 3525 2999 3579 καὶ
3030 3523 3310 3593 φυλάττεις
3376 3523 3531 3598 ἦμτν⁹
3568 3526 3628 3579 τὸ
3667 3525 3800 3602 γὰρ,

409 3613 581 3687 disti,
610 3612 685 3676 Ut
714 3614 886 3675 etiam
922 3615 1091 3696 illud,
1124 3617 1433 3678 abscondit
1464 3633 1561 3678 me
1589 3618 1657 3677 in
1692 3616 2046 3678 tabernacu-

2164 3617 2389 3692 κρυψας,
2422 3612 2535 3668 ἀντὶ
2589 3619 2702 3689 τοῦ,
2767 3612 3049 3693 ἐφύλαξας,
3108 3615 3182 3677 ὡς
3245 3615 3334 3669 καί
3391 3614 3476 3669 τό⁶
3549 3611 3803 3690 ’Ἒκρυψέ

411 3703 468 3764 ιο
495 3721 626 3766 suo.
666 3701 858 3766 Utitur
885 3712 1082 3766 autem
1112 3723 1276 3785 voce,
1316 3706 1682 3768 abscondisti
1716 3722 1823 3784 pro
1852 3713 2054 3766 custo-

2164 3721 2206 3757 ιε
2253 3700 2306 3756 ἐι
2365 3707 2540 3778 σνηκῇ
2617 3701 2798 3760 αὐτοῦ.
2859 3699 3144 3781 Κέχρηται
3234 3701 3288 3757 δὲ
3359 3709 3460 3776 τῷ,
3543 3699 3800 3780 ἔκρυψας,

410 3793 577 3867 (iisti,
613 3793 750 3873 quia
779 3793 936 3870 quod
977 3793 1366 3854 absconditur
1422 3793 1778 3856 custoditur.
1842 3793 2051 3870 Perfe-

2164 3792 2252 3845 ιντὶ
2295 3799 2408 3869 τοῦ,
2474 3789 2758 3870 ἔφύλαξις,
2819 3788 3004 3857 ὶπειδὴ
3059 3793 3119 3847 τὸ
3170 3790 3536 3871 κεκρυμμένον
3595 3791 3804 3869 φυλάτο

410 3882 546 3942 cisti
565 3885 652 3942 eis
679 3884 783 3960 qui
811 3890 1066 3961 sperant
1096 3888 1163 3944 in
1188 3890 1266 3944 te.
1301 3883 1482 3956 Quasi
1514 3882 1696 3962 dicat,
1755 3882 2053 3962 perfecisti

2164 3899 2326 3934 ςεται.
2393 3878 2716 3957 Ἐξειργσὶσω
2799 3891 2914 3943 τοῖς
2971 3877 3269 3950 ἒλπίζουσιν
3322 3879 3406 3935 ἐπὶ
3479 3878 3590 3938 σέ.
3653 3878 3805 3942 ’Λντὶ

410 3969 470 4028 in
505 3977 773 4049 tempore
804 3973 1176 4049 congruenti.

2164 3973 2254 4040 τοῦ,
2291 3966 2579 4044 ἐξειργάσω
2609 3966 2661 4022 ἐν
2693 3974 2862 4044 καιρῷ
2895 3972 2972 4041 τῷ
3002 3969 3351 4046 προσήκοντι.

490 4061 592 4121 21.
626 4058 959 4120 Absrondes
991 4077 1090 4122 eos
1122 4063 1186 4121 in
1215 4059 1555 4122 abscondito
1577 4061 1761 4139 faciei
1792 4069 1932 4122 tum.
1954 4060 2059 4122 Fa-

2220 4053 2594 4133 Κατακρύψεις
2684 4055 2873 4118 αὐτούς
2963 4056 3018 4111 ἐν
3070 4057 3360 4136 ἀποκρύφῳ
3433 4059 3522 4112 τοῦ
3595 4078 3732 4133 προσ
3766 4089 3800 4101 -
3881 4077 3890 4084 ·

411 4148 535 4208 cies
565 4155 690 4222 tua,
728 4149 938 4226 inquit,
984 4156 1387 4226 tegumentum
1451 4148 1828 4229 sperantibus
1889 4151 1946 4211 in
2004 4159 2059 4210 te

2164 4143 2290 4199 {mou
2333 4165 2446 4203 σου.
2490 4145 2553 4202 1‘6
2584 4144 2870 4224 πρόσωπόν
2903 4167 3019 4221 σου,
3055 4148 3207 4225 φησὶ,
3247 4147 3419 4214 σκέπη
3468 4160 3586 4208 τοῖς
3632 4145 3798 4202 ἐλπί-

412 4237 630 4298 factum
665 4244 773 4298 est.
825 4238 872 4298 Α
936 4238 1401 4300 conturbatione
1431 4237 1749 4300 hominum
1781 4246 2062 4318 proteges

2164 4245 2319 4302 μουσιν
2379 4232 2464 4288 ἐπὶ
2519 4233 2576 4287 σὲ
2640 4234 2858 4312 γένηται
2896 4282 2908 4296 .
2971 4233 3108 4291 Ἀπὸ
3180 4241 3430 4316 ταραχῆς
3492 4235 3784 4312 ἀνθρώπων

412 4344 531 4399 eos,
560 4327 625 4390 in
658 4324 1046 4388 tabernaculo
1078 4334 1177 4388 tuo
1211 4344 1248 4388 a
1279 4327 1757 4390 contradictione
1809 4328 2061 4406 tingua-

2164 4323 2421 4385 [κετάσεις
2536 4323 2723 4387 αὖτοὺς
2837 4323 2891 4378 ἐν
2979 4331 3154 4400 σκηνῇ
3273 4327 3378 4381 ὰπὸ
3491 4322 3800 4401 ἀντιλογίας

410 4433 568 4477 rum.
604 4414 690 4512 Ut_
710 4424 1136 4512 tegumentum,
1171 4415 1382 4512 inquit,
1422 4423 1703 4495 conteges
1731 4435 1858 4489 eos,
1891 4417 1967 4477 ita
2000 4423 2062 4475 ut

2164 4412 2430 4489 γλωσσῶν,
2469 4413 2735 4490 Καθάπερ,
2783 4413 2966 4492 φησὶν,
3001 4413 3174 4480 σκέπη
3233 4415 3517 4478 σκεπάσεις
3581 4414 3796 4488 αὐτοὺς,

416 4522 609 4584 neque
641 4503 713 4564 ab
735 4504 805 4566 iis
833 4505 936 4584 qui
967 4504 1146 4564 verbo
1172 4503 1316 4584 ipsis
1339 4522 1559 4565 nocere
1585 4513 1837 4575 tentant,
1867 4523 2061 4585 neque

2164 4501 2280 4558 ὅστε
2312 4503 2449 4575 μήτε
2472 4502 2571 4556 ὑπὸ
2602 4508 2706 4556 τῶν
2739 4501 2920 4580 λόγοις
2953 4506 3138 4568 αὒτοϊς
3215 4503 3632 4582 ἐπιχειρούντων
3691 4526 3794 4558 κα-

2142 4589 2488 4662 ταϐλάπτειν,
2523 4591 2664 4663 μήτε
2706 4592 2808 4645 ⁹ὅπὸ
2840 4595 2944 4645 τῶν
2993 4590 3166 4669 ἔργοις
3229 4590 3608 4665 πολεμούντων
3667 4590 3794 4646 ἁλίη

3273 4327 3378 4381 ὰπὸ

412 4592 489 4655 ab
520 4594 592 4654 iis
621 4593 722 4674 qui
753 4595 1038 4672 operibus
1061 4605 1423 4673 oppugnant,
1475 4601 1857 4674 superentur.

2144 4701 2375 4735 σκωνται
2388 4721 2403 4738 ο

483 4771 580 4834 29.
595 4772 955 4834 Benedictus
965 4771 1577 4852 Dominus,quoniam
1592 4773 1947 4852 miri/ienuit
1963 4774 2062 4834 mi-

2232 4767 2535 4846 Εὐλογητὸς
2599 4765 2790 4844 Κύριος
2823 4815 2838 4840 ,
2895 4767 2976 4824 ὅτι
3036 4769 3412 4837 ἑθαυμαστωσε
3499 4773 3558 4825 τὸ
3641 4769 3796 4834 ἔλεος

409 4863 797 4923 sericordiam
811 4880 982 4922 suum
1001 4863 1146 4922 mihi
1172 4863 1235 4922 in
1259 4863 1510 4923 civitate
1524 4864 1785 4923 munita.
1798 4860 1910 4922 Per
1941 4879 2056 4934 me,

2164 4861 2300 4915 ιῦτοῦ
2361 4859 2413 4913 ὲν
2472 4855 2625 4912 πολει
2677 4862 2967 4936 περιοχῆς.
3010 4858 3088 4913 Δι’
3121 4859 3270 4932 ἐμοῦ,
3325 4861 3506 4936 φησὶν,
3567 4861 3593 4914 6
3661 4861 3796 4923 Θεὸς

413 4951 628 5031 inquit,
661 4953 820 5011 Deus
864 4951 1228 5029 gloriﬁcatus
1292 4960 1403 5014 est.
1461 4951 1740 5031 quoniam
1802 4953 2060 5011 circum-

2164 4945 2421 5011 ;δοξάσθη⁴
2478 4944 2583 5023 ὅτι,
2659 4945 2855 5022 μυρίων
2915 4945 3186 5020 πολεμίων
3243 4949 3361 5024 περὶ
3410 4947 3504 5020 ἐμὲ
3562 4948 3795 5004 συστάν-

414 5039 663 5102 sistentc
707 5059 802 5100 me
859 5041 1173 5100 innumera
1229 5040 1485 5101 hostium
1546 5038 1947 5114 multitudine,
2008 5047 2066 5099 et

2164 5058 2274 5102 των,
2329 5037 2415 5091 καὶ
2473 5033 2624 5100 δίκην
2685 5034 2925 5112 μεγάλης
2995 5035 3204 5099 πόλεως
3262 5038 3361 5102 τὴν
3416 5037 3551 5112 ἐμὴν
3608 5040 3798 5116 ψυχὴν

414 5128 674 5190 animam
709 5147 896 5190 meam
931 5147 1039 5189 ceu
1076 5147 1344 5208 magnam
1380 5129 1590 5192 urbem
1623 5127 1905 5192 obsidere
1957 5147 2063 5189 co-

2164 5125 2456 5202 πολιορκεῖν
2483 5124 2853 5202 πειρωμένων,
2889 5127 2917 5180 6
2961 5124 3090 5199 ἐμὸς
3141 5125 3334 5202 φύλαξ,
3386 5127 3628 5204 φραγμὸν
3672 5125 3793 5200 ἐμοῖ

416 5225 616 5292 nante,
653 5217 750 5298 qui
783 5217 898 5278 mei
929 5227 1130 5279 custos
1163 5227 1252 5280 est
1281 5219 1431 5280 vallo
1466 5238 1559 5280 me
1609 5217 1912 5298 muniens,
1949 5217 2066 5278 mi«

2164 5213 2472 5294 τεριϐαλὼν,
2505 5216 2566 5269 τὸ
2597 5212 2744 5276 ἕλεος
2777 5216 2934 5272 αὒτοῦ
2962 5217 3265 5292 θαυμαστὸν
3297 5214 3510 5280 ἔδειξεν,

415 5306 805 5369 sericordiam
837 5324 1006 5368 suam
1039 5307 1370 5371 mirabilem
1398 5307 1686 5370 ostendit.

491 5398 732 5476 23.Ego
747 5403 952 5460 autem
965 5397 1098 5461 dixi
1117 5399 1179 5460 in
1197 5415 1439 5462 excessu
1453 5402 1844 5460 meutismeo:
1867 5416 1881 5460 :
1907 5399 2060 5460 Pro-

342 5564 348 5567 ,
408 5488 605 5568 iectus
622 5485 935 5551 sum.Cum
967 5489 1386 5568 memetipsum
1421 5487 1825 5568 humiliarem,
1850 5487 2064 5569 inquit,

496 5603 556 5653 67
584 5602 812 5668 Coloss.
851 5621 935 5677 Ill,
970 5607 1030 5668 8.

2232 5394 2374 5472 Ἐγὼ
2428 5391 2482 5448 δέ
2540 5391 2699 5449 εἶπον
2753 5392 2807 5448 ἐν
2863 5398 2931 5470 τῇ
2984 5393 3229 5450 ἐκστάσει
3308 5410 3432 5470 μου·
3496 5393 3795 5473 Ἀπέῤῥιμ-

2151 5509 2246 5564 μαι
2285 5533 2299 5546 .
2369 5481 2658 5559 Ὀπηνῖκα,
2720 5485 2880 5564 φησὶν
2934 5483 3240 5542 ἑταπείνουν
3319 5483 3550 5562 ἐμαυτὸν
3615 5483 3668 5539 ἐν
3728 5492 3798 5562 τῇ
