4030 6216
507 265 617 336 163

505 510 560 563 ιο
585 501 1031 579 dixisset,rogat
1062 520 1093 561 a
1126 502 1296 563 malis
1328 521 1431 582 per
1452 522 1584 564 eam
1619 504 1867 565 invectis
1890 505 2039 584 eripi
2077 505 2147 565 Et

500 607 640 650 vero
670 589 925 668 gratiosa
979 590 1152 650 datur
1214 592 1517 670 responsio
1557 610 1569 650 :
1609 600 1688 654 ait
1719 594 1879 654 enim
1914 593 2005 655 illi
2035 592 2145 653 be-

502 679 714 758 nignus
756 679 1048 741 Dominus
1082 702 1095 739 :
1153 680 1531 743 Intellectum
1564 682 1675 743 tibi
1717 684 1891 759 dabo,
1929 691 1981 745 ct
2012 683 2146 742 ins-

501 776 702 829 truam
726 777 778 829 te
801 771 863 830 in
899 770 995 830 via
1026 769 1158 831 hac.
1210 771 1442 832 Petenti
1481 769 1896 833 liberationem
1928 770 2000 831 ab
2023 769 2145 829 ini-

501 857 667 918 micis
722 859 1045 939 respondet
1101 859 1280 938 Deus,
1336 859 1691 939 promittens
1739 879 1803 921 se
1846 861 1927 921 illi
1961 860 2021 920 in
2054 858 2146 918 via

499 960 663 1007 recta
693 947 905 1008 ducem
938 947 1226 1009 futurum.
1475 1024 1481 1031 ἢ

575 1037 635 1097 9.
661 1035 864 1098 Noli/e
883 1037 1019 1116 ﬁeri
1039 1040 1196 1098 sicut
1226 1054 1415 1116 equus
1446 1045 1503 1099 et
1528 1038 1748 1119 mulus,
1773 1038 1993 1117 quibus
2022 1056 2145 1100 non

495 1132 578 1186 est
607 1124 965 1187 intellectus.
999 1124 1280 1187 Hortatur
1302 1135 1639 1204 peccantes,
1676 1146 1751 1189 ne
1785 1146 1850 1188 se
1884 1126 2145 1188 etferatis

498 1220 557 1274 et
578 1211 861 1276 belluinis
894 1214 1160 1276 moribus
1189 1214 1514 1276 dedantJn
1537 1234 1707 1277 came
1736 1225 1791 1277 et
1816 1215 1996 1293 freno
2021 1234 2145 1277 ma-

494 1302 682 1364 xillas
702 1320 911 1365 eorum
946 1305 1348 1382 constringes.
1405 1305 1525 1366 Ceu
1560 1306 1630 1366 ad
1666 1305 1986 1366 Dominum
2013 1323 2145 1365 ser-

497 1410 592 1452 mo
623 1391 919 1470 dirigitur.
949 1391 1297 1472 Hujusmodi
1331 1402 1527 1454 autem
1564 1393 1860 1456 sententia
1891 1402 2002 1454 est:
2029 1394 2147 1455 Eos

493 1482 594 1561 qui
646 1482 938 1561 pmnitere
985 1483 1314 1563 noluerint,
1347 1503 1457 1545 ceu
1490 1485 1745 1565 quodam
1786 1483 1952 1545 freno
1981 1482 2055 1543 ad
2094 1491 2147 1543 te

493 1581 771 1631 converte

496 1659 636 1722 PSA
650 1657 761 1720 LM
770 1658 863 1723 US
886 1659 1105 1738 David,
1138 1667 1245 1741 qui
1273 1661 1626 1723 carettitulo
1646 1662 1809 1742 apud
1833 1661 2142 1722 Hebraeae.

1194 1749 1451 1811 XXXII.
2011 1748 2020 1755 ’

1088 1839 1557 1917 Argumentum.

492 1922 556 1985 In
594 1926 870 2004 praesenti
896 1925 1073 1988 docet
1102 1945 1205 1987 eos
1235 1927 1336 2007 qui
1363 1928 1485 2006 jam
1522 1928 1581 1987 in
1608 1928 1908 1990 Christum
1943 1931 2143 1994 credi-

569 2013 1048 2077 deruntlaudare
1080 2015 1394 2077 Dominum
1429 2035 1628 2096 suum,
1661 2028 2147 2081 commonstrans

575 2112 865 2180 praeterea
888 2104 1197 2185 potestatis
1227 2123 1349 2166 sua;
1372 2105 1791 2167 excellentiam
1820 2125 1835 2181 ;
1859 2109 2143 2187 quoniam

574 2193 702 2273 ipse
731 2195 1078 2274 redemptor
1114 2202 1204 2255 est
1232 2195 1809 2275 universorum,ipse
1832 2195 2144 2277 Dominus,

574 2282 701 2362 ipse
735 2282 1041 2365 improbos
1071 2283 1242 2345 nihili
1286 2283 1448 2354 facit,
1486 2303 1815 2364 eorumque
1847 2285 2147 2348 disturbat

573 2372 820 2433 consilia
847 2394 862 2453 ;
896 2382 1207 2452 sperantes
1229 2383 1422 2434 autem
1450 2373 1507 2433 in
1542 2391 1607 2433 se
1630 2372 1825 2435 salvos
1858 2373 2019 2438 facit.

576 2464 632 2522 1.
666 2462 1265 2543 Exsultate,justi,in
1293 2463 1701 2524 Domino...in
1724 2465 2023 2542 psalterio
2045 2464 2143 2527 de-

490 2570 619 2614 cem
665 2550 1034 2613 chordarum
1082 2551 1331 2631 psallite
1383 2552 1501 2613 illi.
1540 2552 1894 2613 Psalterium
1932 2553 2142 2614 decem

491 2642 849 2703 chordarum
896 2659 1111 2721 corpus
1160 2649 1330 2703 vocat
1364 2662 1376 2704 :
1440 2646 1661 2721 quippe
1688 2640 1846 2722 quod
1880 2642 2146 2722 quinque

491 2729 569 2790 sit
624 2729 904 2790 sensibus
956 2728 1296 2810 praeditum,
1351 2736 1410 2789 et
1441 2729 1596 2809 quod
1630 2729 1893 2810 quinque
1926 2748 2142 2809 opera-

491 2819 685 2879 tiones
714 2817 912 2880 anima
932 2817 1171 2897 habeat,
1199 2835 1305 2899 per
1334 2818 1607 2897 singulos
1641 2838 1897 2899 namque
1928 2837 2143 2881 sensus

494 2907 747 2984 singulae
777 2907 1156 2988 operationes
1185 2907 1541 2969 excitantur.

571 2999 631 3059 3.
658 2996 912 3058 Cantatc
934 2998 992 3058 ei
1014 2999 1318 3059 canticum
1352 3014 1606 3059 novum.
1632 2997 1856 3076 Aperte
1884 2997 2025 3059 dicit
2050 2998 2139 3058 Ie-

489 3106 621 3167 gem
656 3085 841 3148 Mosis
875 3089 1047 3149 tinem
1082 3087 1412 3166 accepisse.

566 3177 629 3239 4.
665 3176 819 3252 Quia
854 3184 1091 3239 rectum
1118 3184 1201 3238 est
1240 3176 1485 3238 verbum
1521 3177 1790 3241 Domini.
1827 3181 1939 3239 Eva
1954 3178 2140 3257 ngeli-

490 3285 624 3328 cum
660 3266 957 3329 videlicet.
1004 3265 1088 3326 Et
1117 3266 1326 3328 omnia
1357 3284 1543 3346 opera
1574 3268 1702 3345 ejus
1727 3268 1793 3329 in
1821 3268 1961 3348 ﬁde.
1995 3270 2143 3331 Cre-

489 3355 775 3426 dendum,
826 3354 1040 3435 inquit,
1096 3356 1168 3415 iis
1211 3372 1343 3435 quae
1390 3353 1517 3428 ille,
1552 3363 1614 3416 ut
1645 3354 1832 3416 Deum
1865 3355 2139 3432 decebat,

491 3452 770 3526 operatus
800 3454 915 3505 est.

571 3534 632 3595 5.
660 3534 877 3613 Diligit
900 3531 1386 3595 misericordiam
1416 3540 1472 3592 et
1493 3532 1795 3612 judicium
1821 3533 2142 3597 Dominus.

494 3628 652 3696 Haec,
687 3622 903 3704 inquit,
947 3621 1300 3703 postulatab
1326 3622 1399 3683 iis
1423 3623 1520 3701 qui
1551 3623 1806 3684 credunt
1831 3626 1888 3686 in
1922 3624 2141 3705 ipsum.

489 3713 921 3777 Misericordia
979 3710 1225 3773 Domini
1250 3711 1434 3791 plena
1464 3719 1553 3775 est
1583 3719 1770 3775 terra.
1809 3713 2145 3776 Ostenilere

489 3803 701 3882 incipit
721 3802 914 3881 ipsum
947 3818 1147 3862 rerum
1182 3801 1446 3861 omnium
1491 3816 1830 3863 creatarum
1865 3803 2142 3882 Opiﬁcem

490 3908 648 3966 esse,
677 3899 738 3952 et
767 3889 1007 3970 quidem
1070 3894 1327 3969 primum
1363 3897 1536 3951 terra}
1567 3908 1743 3970 quam
1792 3890 2142 3951 misericor-

488 3980 586 4041 dia
615 3978 885 4059 replesse
933 3978 1014 4040 ait
1059 3997 1071 4036 :
1138 3995 1334 4058 neque
1390 3983 1548 4038 enim
1578 3978 1727 4039 alias
1758 3978 2144 4053 consisteret,

491 4067 606 4130 nisi
639 4086 709 4128 ea
734 4066 964 4147 repleta
994 4074 1175 4128 esset.
1211 4065 1279 4126 Et
1306 4084 1449 4127 sane
1482 4084 1679 4148 neque
1711 4066 1845 4128 σαςιί
1877 4087 2140 4147 unquam

490 4157 924 4232 constitissent,
980 4154 1098 4216 nisi
1127 4154 1309 4217 verbo
1334 4156 1465 4235 ejus
1493 4156 1710 4217 firmati
1734 4156 2009 4229 fuissent,
2039 4158 2138 4220 iti-

488 4246 748 4327 demque
792 4245 1043 4307 virtutes
1088 4262 1320 4325 eorum,
1372 4263 1587 4325 nempe
1620 4244 1835 4307 divinae
1863 4255 1921 4307 et
1950 4247 2139 4308 ratio-

490 4335 745 4399 nabiles.

572 4424 790 4504 [Diligit
828 4422 1027 4504 itaque
1062 4422 1534 4486 misericordiam
1567 4440 1709 4503 erga
1738 4424 2137 4505 poenitentes;

489 4514 682 4594 diligit
694 4512 989 4594 judicium
1020 4529 1226 4574 eorum
1260 4511 1362 4592 qui
1394 4530 1645 4592 peccare
1670 4532 1788 4574 non
1814 4513 2133 4578 desistunt.

489 4604 634 4668 Tale
660 4602 797 4684 quid
807 4601 962 4683 piam
983 4600 1165 4663 Isaias
1182 4600 1299 4662 Deo
1318 4600 1770 4682 loquitur,0uia
1789 4604 2140 4666 misericor-

487 4695 589 4756 dia
623 4699 733 4756 tua
757 4694 823 4754 in
843 4708 1198 4754 mensuram
1228 4690 1291 4740 69
1326 4712 1338 4747 :
1380 4690 1680 4771 siquidem
1711 4692 1842 4771 ipse
1867 4711 2001 4755 cum
2029 4693 2136 4772 ju~

486 4782 643 4846 dicio
677 4779 1152 4843 misericordiam
1187 4781 1514 4860 prastat,in
1549 4780 1814 4860 pondere
1837 4790 1895 4843 et
1926 4801 2137 4844 nume-

487 4891 554 4934 ro
584 4869 918 4933 retribuens
943 4886 1051 4949 pro
1075 4869 1366 4950 cujusque
1391 4870 1666 4949 merito.]

568 4961 628 5023 6.
674 4960 858 5020 Verbo
880 4958 1129 5019 Domini
1153 4960 1283 5019 creti
1311 4958 1548 5036 ﬁrmati
1574 4967 1741 5020 sunt.
1774 4956 1845 5019 Et
1872 4958 1965 5019 hic
1990 4978 2136 5040 quo-

489 5068 608 5131 que
666 5054 869 5109 sancta
911 5046 1172 5108 Trinitas
1202 5046 1555 5108 declaratur.
1613 5047 1699 5108 Et
1745 5048 1969 5127 spiritu
2012 5051 2138 5111 oris

484 5143 617 5218 ejus
650 5139 849 5201 omnis
892 5137 1094 5198 virtus
1134 5152 1356 5198 eorum.
1399 5137 1482 5197 Os
1504 5135 1612 5198 Dei
1637 5136 1926 5217 Spiritum
1958 5155 2135 5199 sanc-

487 5239 607 5291 tum
644 5226 821 5289 dicit:
846 5223 1144 5305 siquidem
1178 5225 1487 5305 prephetae
1517 5244 1650 5287 cum
1683 5244 1753 5287 eo
1782 5226 2021 5288 amante
2056 5226 2136 5288 lo-

482 5323 833 5395 querentur,
868 5312 1152 5376 dicebant
1178 5314 1264 5393 70,
1310 5319 1601 5395 quoniam
1621 5332 1688 5377 os
1742 5315 1991 5378 Domini
2011 5317 2135 5379 luce

484 5407 755 5469 locutum
778 5410 884 5466 est.

563 5497 599 5557 '7
609 5543 623 5559 .
634 5495 1024 5574 Cougregans
1036 5495 1193 5556 sicut
1208 5498 1276 5555 in
1286 5499 1421 5555 utre
1430 5509 1626 5581 aquas
1644 5496 1841 5556 maris
1852 5540 1863 5554 .
1874 5491 2135 5572 Congre-

562 5630 628 5683 69
656 5629 770 5695 [εδ.
798 5644 1004 5711 nvm,
1044 5629 1140 5690 17.
1228 5627 1428 5690 701sa.
1464 5643 1507 5709 ι,
1543 5626 1647 5692 20.

1271 277 1329 339 S.
1379 274 1804 343 ATHANASII
1847 278 2009 342 OPP.
2062 278 2266 344 PARS.
2324 280 2432 344 ΙΙΙ.
2481 315 2556 326 --
2604 280 3058 345 EXEGETICA.

581 412 641 473 7.
662 411 744 473 Tu
773 429 831 473 es
863 411 1169 493 refugium
1195 414 1691 494 meum,etc.Cum
1720 416 1822 478 illa
1842 416 1915 476 de
1936 433 2141 496 pecca-
2162 429 2200 471 Α

3749 281 3867 349 164

2307 418 2378 471 Σύ
2453 437 2556 490 μου
2625 416 2922 495 καταφυγή.
2991 416 3209 473 Ἐκεῖνα
3267 426 3385 496 περί
3454 426 3551 494 τῇς
3611 419 3882 495 ἁμαρτίας

2230 506 2480 583 εἰρηκὼς,
2570 507 2787 560 ἱκετεύει
2879 513 2985 563 τῶν
3070 504 3154 561 διὰ
3213 507 3412 572 ταύτην
3478 506 3882 586 ἐπενεχθέντων

2230 592 2603 672 ἀπαλλαγῆναι
2659 601 2861 652 κακῶν.
2931 596 3026 652 Καὶ
3083 595 3264 667 μέντοι
3319 600 3404 651 καὶ
3458 598 3712 675 τυγχάνει
3771 602 3882 663 τῆς

2230 683 2557 762 ἀποκρίσεως
2595 699 2606 712 ’
2690 683 2832 761 λέγει
2917 689 3016 760 γαρ
3102 686 3227 759 πρὸς
3293 687 3446 742 αὒτὸν
3504 683 3882 763 φιλάνθρωπος

2235 774 2418 850 Κύριος
2453 793 2468 807 ο
2522 780 2753 828 Συνετιῶ
2810 794 2867 828 σε
2930 775 3016 827 καί
3078 771 3319 847 συμϐιΞῶ
3371 796 3429 830 σε
3478 774 3531 829 ὲν
3590 773 3693 847 ὁδῷ
3738 784 3884 830 ταῦ-

2229 883 2324 936 τη,
2391 862 2669 936 Εὖξαμένῳ
2723 862 2977 937 λύτρωσιν
3018 866 3224 941 ὶχθρῶν
3270 862 3670 941 ἀντιφθέγγεται
3715 867 3886 934 Θεὸς,

2228 948 2515 1025 ὁδηγήσει-ι
2546 950 3013 1028 ἐπαγγελλόμενος
3051 952 3104 1005 ἐν
3136 953 3302 1023 εὖθείᾳ
3326 950 3452 1024 ὁδῷ.

2312 1040 2397 1104 Μὴ
2483 1040 2712 1115 γίνεσθαι
2798 1042 2871 1103 ὡς
2932 1039 3101 1103 ’ίππος
3186 1042 3271 1094 καὶ
3328 1039 3568 1114 ἣμίονος,
3632 1042 3721 1104 οἷς
3785 1042 3892 1097 οὒκ

2228 1126 2338 1182 ἔστι
2419 1129 2648 1191 σύνεσις.
2745 1130 3057 1205 Εἷσηγεῖται
3135 1143 3257 1191 τοῖς
3307 1129 3689 1207 ἁμαρτάνουσι,
3755 1144 3887 1191 τοῖς

2229 1215 2443 1292 ἀλόγοις
2503 1218 2581 1291 μὴ
2625 1215 2884 1273 ἐκδιδόναι
2948 1218 3129 1278 αὖτοὺς
3177 1219 3386 1277 πάθεσι,
3450 1218 3541 1275 Ἐν
3594 1226 3753 1292 κημῷ
3790 1225 3887 1275 καὶ

2229 1304 2442 1385 χαλινῷ
2492 1308 2585 1368 τὰς
2649 1306 2899 1382 σιαγόνας
2953 1308 3124 1362 αὐτῶν
3198 1304 3395 1384 ἅγξεις.
3448 1306 3541 1371 ἐὶς
3605 1310 3731 1383 πρὸς
3784 1310 3886 1364 τὸν

2234 1395 2420 1469 Κύριον
2478 1398 2506 1449 ὸ
2557 1392 2742 1471 λόγος.
2778 1392 2858 1450 ’Ὀ
2889 1392 2943 1449 δὲ
2975 1394 3143 1471 λέγει,
3177 1396 3414 1450 τοιοῦτόν
3439 1396 3550 1451 ἐστι
3587 1414 3600 1429 ⁸
3636 1398 3766 1459 Τοὺς
3802 1398 3887 1462 μὴ

2229 1482 2583 1556 βουλομένους
2647 1496 2930 1554 μετανοεῖν
2980 1484 3078 1540 οἷά
3129 1506 3230 1539 τινι
3290 1484 3502 1562 χαλινῲ
3558 1486 3889 1562 ἔπίστρεψον

2232 1573 2360 1646 πρὸς
2402 1573 2585 1628 ἑαυτόν
2596 1620 2609 1633 ,

2472 1666 2756 1718 ΨΑΔΜΟΣ
2786 1668 2862 1735 τῷ
2902 1660 3067 1717 Δαοῖδ
3100 1662 3452 1741 ἀνεπίγραφος
3487 1661 3614 1737 παρ’

2821 1748 3110 1825 Ἑϐραίοις,
3150 1741 3281 1808 ΑΠ’.

2917 1837 3219 1902 ’ὶ“ποθεσις,

2233 1926 2320 1982 Ἐν
2368 1929 2535 2000 τούτῳ
2563 1926 2796 1983 διδάσκει
2843 1928 2961 1990 τοὺς
3022 1926 3124 1994 ἤδη
3184 1929 3566 1991 πιστεύσαντας
3625 1930 3697 1991 εἷς
3754 1936 3891 2004 Χρι-

2312 2019 2457 2089 στὸν,
2492 2018 2657 2073 αἰνεῖν
2692 2018 2780 2071 tbi
2826 2016 3027 2071 ἑαυτῶν
3060 2016 3360 2089 Δεσπότην,
3397 2013 3656 2072 διδάσκων
3689 2019 3887 2082 αὐτοὺς

2307 2105 2418 2179 ἅμα
2459 2109 2557 2170 τῆς
2590 2103 2859 2179 δυνάμεως
2927 2108 3079 2162 αὖτοῦ
3120 2106 3217 2171 τὴν
3267 2107 3564 2183 ὑπεροχὴν,
3602 2105 3680 2160 ὅτι
3718 2108 3888 2172 αὐτὸς

2306 2194 2500 2262 ῥύστης
2531 2200 2635 2249 τῶν
2696 2193 2857 2265 ὅλων,
2911 2194 3066 2258 αὒτὸς
3114 2196 3329 2272 Κύριος,
3390 2196 3546 2258 αὐτὸς
3606 2197 3726 2259 τοῦς
3784 2197 3891 2267 μὲν

2310 2285 2571 2359 πονηροὺς
2634 2281 2913 2355 ἐξουθενεῒ,
2970 2285 3058 2338 καὶ
3088 2281 3509 2338 διασκεδάννυσιν
3561 2287 3732 2341 ασῦτὼν
3785 2285 3886 2345 τας

2306 2374 2524 2451 βούλας,
2560 2376 2679 2438 τοὺς
2713 2373 2766 2429 δὲ
2796 2374 3106 2444 ἐλπίζοντας
3136 2374 3226 2430 ἐπ’
3257 2376 3414 2433 αὒτὸν
3446 2374 3628 2445 σώζει.

2310 2462 2688 2542 Ἀγαλλιᾶσθε,
2768 2462 2984 2536 δίκαιοι,
3087 2463 3141 2518 ἐν
3240 2463 3409 2537 Κυρίῳ
3438 2506 3453 2522 .
3495 2509 3506 2522 .
3548 2512 3561 2525 .
3602 2510 3615 2524 .
3652 2504 3668 2520 .
3708 2507 3724 2522 .
3830 2464 3888 2519 ἐν

2228 2553 2508 2631 ψαλτηρίῳ
2601 2550 2913 2631 δεκαχὸρδῳ
2998 2551 3204 2626 ψάλατε
3290 2552 3457 2626 αύτῷ,
3537 2551 3887 2633 Δεκέχορδον

2230 2643 2529 2719 ψαλτήριον
2558 2645 2619 2696 τὸ
2664 2642 2821 2714 σῶμα
2851 2662 3038 2719 φησιν,
3074 2640 3166 2696 εἴτε
3201 2640 3355 2696 πέντε
3405 2642 3675 2710 αἰσθήσεις
3723 2642 3883 2720 ἕχον,

2231 2733 2315 2787 οιαὶ
2370 2730 2525 2786 πέντε
2572 2728 2834 2806 ἐνεργείας
2894 2728 3107 2807 ψυχῆς,
3165 2726 3232 2783 δι’
3297 2729 3530 2794 ἑκάστης
3585 2728 3887 2795 αἰσθήσεως

2228 2819 2515 2898 γινομένης
2547 2820 2812 2896 ἱνεργείας
2845 2818 3099 2883 ἑκάστης.

2310 2997 2522 3071 ’ᾋσατε
2568 2996 2710 3051 αῦτῶ
2755 2995 2900 3069 ᾆσμα
2943 2996 3149 3055 καινόν,
3218 2999 3406 3074 Σαφῶς
3463 2996 3555 3050 τὸν
3614 2993 3697 3051 διὰ
3746 3003 3883 3052 Μω-

2225 3089 2359 3152 σέως
2390 3085 2553 3161 νόμον
2577 3084 2725 3148 τέλος
2746 3084 3041 3163 ἐσχηκέναι
3074 3084 3256 3162 φησίν.

2306 3174 2439 3232 ’Ὅτι
2500 3174 2644 3236 εὐθὺς
2706 3175 2733 3228 ὁ
2790 3171 2952 3249 λόγος
3009 3179 3102 3228 τοῦ
3150 3172 3358 3249 Κυρίου.
3416 3171 3477 3227 Ὀ
3528 3172 3885 3247 εῦαγγελικδς

2225 3264 2496 3332 δηλονότι.
2552 3265 2647 3320 Καὶ
2708 3261 2882 3317 πάντα
2930 3263 2996 3317 τὰ
3043 3261 3170 3338 ἔργα
3223 3261 3381 3316 αὒτοῦ
3428 3259 3481 3315 ὲν
3540 3265 3737 3322 πίστει,
3779 3267 3886 3316 Πισ-

2225 3355 2430 3411 στεύειν
2472 3351 2577 3424 δεῖ,
2613 3352 2765 3429 φησὶ,
2821 3363 2938 3412 τοῖς
2990 3348 3055 3405 δι’
3091 3350 3249 3408 αῦτοῦ
3278 3354 3587 3415 θεοπρεπῶς
3619 3349 3881 3428 ἐνεργου-

2227 3444 2431 3519 μένοις,

2309 3533 2523 3611 in“;
2629 3530 2997 3606 ἐλεημοσύνην
3105 3531 3192 3585 καὶ
3278 3531 3445 3607 ιρίσιν
3531 3533 3559 3586 ὁ
3646 3532 3872 3609 Κύριος.

2230 3630 2429 3702 Ταῦτα,
2478 3623 2663 3702 φησὶν,
2710 3621 2931 3676 ἀπαιτεῖ
2988 3621 3108 3682 τοῦς
3168 3621 3241 3683 εἰς
3296 3622 3453 3678 αὐτὸν
3502 3622 3880 3686 πιστεύοντας.

2229 3722 2331 3771 Τοῦ
2401 3711 2585 3776 ἐλέους
2666 3711 2848 3789 Κυρίου
2929 3708 3139 3785 πλήρης
3293 3714 3387 3787 γῆ.
3450 3707 3729 3789 ’Ἃρχεται
3791 3720 3890 3768 τοῦ

2228 3804 2316 3857 καὶ
2372 3802 2610 3867 ποιητὴν
2662 3800 2791 3855 ὄντα
2838 3800 2995 3857 αὺτὸν
3050 3802 3149 3863 τῆς
3199 3799 3375 3864 πάσης
3403 3799 3625 3863 κτίσεως
3668 3796 3888 3855 δεικνύ-

2226 3913 2308 3946 ναι
2344 3893 2433 3946 καὶ
2494 3890 2593 3969 πρό
2656 3908 2716 3965 γε
2772 3887 2867 3955 τῆς
2920 3892 3022 3965 γῆς
3097 3887 3164 3954 ἣν
3221 3889 3310 3943 καὶ
3364 3887 3541 3953 ἐλέους
3594 3887 3889 3966 πληρῶσαί

2226 4001 2388 4059 φησιν
2419 3998 2432 4010 ·
2468 3982 2556 4036 καὶ
2589 3981 2684 4035 οὐκ
2713 3976 2775 4031 ἂν
2820 3975 2998 4040 ἄλλως
3043 3977 3421 4043 συνεστηκέναι
3453 3976 3531 4051 μὴ
3564 3977 3749 4036 τούτου
3780 3978 3887 4054 γέ·-

2226 4091 2417 4144 μουσα.
2486 4068 2703 4144 Ἀμέλει
2766 4068 2851 4123 καὶ
2926 4069 2972 4121 οἱ
3031 4066 3242 4144 οὖρανοῖ
3313 4066 3409 4121 οῦκ
3468 4065 3526 4121 ἄν
3573 4088 3701 4123 ποτε
3747 4089 3888 4123 quva

2226 4158 2483 4237 ἔστησαν,
2518 4159 2561 4213 εἰ
2593 4160 2671 4233 μὴ
2703 4164 2779 4231 τῷ
2810 4156 2956 4233 λόγῳ
2987 4156 3146 4211 αὐτοῦ
3193 4153 3591 4234 δτεκρατοῦντο,
3637 4156 3725 4211 καὶ
3770 4157 3886 4229 μὴν

2223 4250 2310 4305 καὶ
2353 4250 2404 4304 αἱ
2457 4246 2705 4323 δυνάμεις
2768 4247 2963 4321 arb-crint,
3023 4245 3298 4304 τουτέστιν
3355 4247 3408 4301 αἱ
3463 4248 3604 4302 θεῖαι
3632 4248 3721 4301 καὶ
3774 4246 3884 4302 λο-

2223 4338 2392 4414 γικαί,

2306 4425 2551 4504 [Ἀγαπᾷ
2582 4426 2671 4483 οῦν
2702 4423 3068 4500 ἐλεημοσύνην
3124 4424 3209 4479 ἐπὶ
3265 4427 3370 4480 τῶν
3430 4423 3878 4499 μετανοούντων·

2222 4516 2405 4593 ἀγαπᾷ
2434 4513 2489 4571 δὲ
2542 4529 2716 4593 κρῖσιν
2748 4515 2833 4570 ἐπὶ
2893 4517 2999 4569 τῶν
3050 4512 3366 4571 ἀνενδότων.
3403 4519 3652 4571 Τοιοῦτον
3697 4509 3754 4568 δὲ
3786 4516 3886 4571 καὶ

2220 4607 2247 4660 ὁ
2302 4604 2534 4669 Ἠσαίας
2562 4603 2722 4681 ,λέγει
2783 4610 2858 4677 τῷ
2917 4602 3034 4675 Θεῷ
3064 4621 3077 4634 ·
3138 4602 3272 4659 ’Ὅτι
3330 4604 3363 4670 ἡ
3408 4602 3747 4676 ἐλεημοσύνη
3781 4624 3881 4659 σου

2220 4694 2293 4756 εἰς
2342 4694 2573 4767 σταθμόν
2602 4712 2617 4730 ’
2692 4693 2781 4748 καὶ
2840 4692 2941 4770 γὰρ
3018 4691 3269 4756 κάκεῖνος
3317 4693 3416 4759 τὴν
3471 4691 3607 4766 μετὰ
3653 4696 3885 4769 κρίσεως

2218 4781 2582 4856 ἐλεημοσύνην
2634 4783 2947 4860 παρίστησι²
3005 4788 3146 4859 ζυγῷ
3201 4783 3290 4836 καὶ
3349 4782 3554 4858 ἀριθμῷ
3584 4782 3720 4834 κατὰ
3775 4783 3881 4852 τὴν

2218 4866 2442 4926 ἑκάστου
2476 4870 2620 4936 ἀξίαν
2650 4870 3187 4949 ἀντιμετρούμενος.]

2301 4967 2386 5034 Τῷ
2470 4960 2615 5040 λόγῳ
2719 4962 2905 5038 Κυρίου
3011 4963 3060 5015 οἱ
3158 4960 3365 5038 οὐρανοὶ
3443 4960 3875 5042 ἐστερεώθησαν,

2223 5049 2466 5119 Δήλωσις
2493 5052 2756 5111 κᾶνταῦθα
2814 5053 2934 5119 τῆς
2972 5051 3123 5128 ἁγίας
3170 5046 3413 5127 Τριαδος.
3466 5056 3562 5109 Καὶ
3594 5057 3669 5126 τῷ
3705 5056 3880 5110 πνεύ-

2217 5161 2344 5215 ματι
2402 5146 2495 5195 τοῦ
2581 5139 2849 5215 στόματος
2939 5138 3097 5195 αὑτοῦ
3176 5143 3319 5194 πᾶσα
3392 5140 3426 5205 ἡ
3487 5138 3707 5216 δύναμις
3768 5145 3878 5201 αὖ-

2215 5236 2343 5289 τῶν,
2402 5229 2585 5304 Στόμα
2644 5236 2778 5283 Θεοῦ
2832 5229 2893 5283 τὸ
2928 5233 3140 5303 Πνεῦμα
3174 5229 3235 5283 τὸ
3265 5226 3422 5305 ἅγιον
3454 5226 3601 5306 λέγει
3641 5250 3653 5265 ο
3692 5233 3740 5286 οἱ
3772 5232 3881 5309 γὰρ

2216 5316 2482 5397 προφῆται
2514 5315 2581 5373 δι’
2614 5320 2774 5376 αὐτοῦ
2825 5316 3110 5381 λαλοῦντες
3155 5316 3338 5395 ἔλεγον
3373 5335 3388 5350 ·
3428 5315 3561 5377 "Ott
3595 5322 3656 5376 τὸ
3694 5321 3877 5397 στόμα

2220 5408 2407 5486 Κυρίου
2439 5406 2672 5475 ἰλάλησε
2704 5416 2895 5469 ταῦτα.

2295 5498 2546 5575 Συνάγων
2634 5498 2759 5552 ὡσεὶ
2831 5495 2999 5551 ἀσκὸν
3080 5494 3243 5551 ὕδατα
3329 5495 3627 5563 θαλάσσης.
3692 5502 3875 5578 Προσ-
