4030 6216
439 313 550 381 167

521 541 655 602 dem
691 543 960 621 negavit;
983 543 1085 604 sed
1114 544 1351 605 missum
1387 561 1451 602 se
1474 541 1552 601 ait
1572 541 1645 601 ab
1664 543 1840 604 Saule
1866 555 2056 623 postu-

520 631 698 691 latum
724 630 1221 694 Goliathieusem.
1250 630 1537 703 Quoniam
1568 629 1749 707 igitur
1782 632 1943 691 aliud
1974 632 2069 692 di—

521 719 690 780 cebat
719 720 877 781 aliud
910 719 1599 800 sentiebat,descriptum
1628 721 2073 781 estimmutasse

522 809 744 869 vultum
779 827 976 870 suum.
1004 811 1175 871 Canit
1205 820 1401 869 autem
1434 809 1727 888 psalmum
1778 828 1929 870 novo
1963 830 2071 888 po-

521 900 681 977 pulo,
709 898 1038 959 doctrinam
1064 898 1449 958 introducens
1473 898 1795 977 spiritualis
1827 907 1885 958 et
1905 916 2079 961 evan-

521 986 698 1063 gelici
734 987 949 1047 cultus.
1498 1008 1503 1014 ί

517 1165 579 1228 2.
613 1165 967 1227 Benedieam
1000 1164 1324 1225 Dominum
1354 1167 1420 1225 in
1447 1169 1611 1225 omni
1633 1173 1971 1245 tempore...
1996 1166 2073 1229 In

436 1257 690 1318 Domino
724 1253 1085 1315 laudabitur
1114 1255 1318 1313 animo
1336 1270 1491 1314 mea.
1523 1255 1762 1314 Etiamsi
1792 1255 1964 1317 laude
1988 1257 2070 1317 di-

432 1363 583 1424 gnus
616 1345 751 1417 sim,
787 1343 926 1422 quia
948 1341 1218 1401 nonnihil
1241 1342 1374 1404 boni
1404 1343 1460 1403 in
1487 1344 1772 1421 Operibus
1808 1349 1954 1405 meis
1973 1363 2068 1407 re-

438 1434 689 1513 peritur,
724 1432 783 1493 id
820 1451 935 1492 non
962 1431 1108 1491 mihi
1139 1432 1242 1491 sed
1280 1430 1399 1492 Deo
1446 1430 1904 1495 ascribendum:
1939 1434 2068 1514 ipse

436 1541 533 1584 me
563 1532 621 1583 et
652 1521 939 1581 illustrem
974 1520 1170 1580 effecit
1200 1528 1259 1580 et
1291 1520 1637 1598 praeclarum
1671 1522 1913 1583 efﬁciet.
1946 1526 2069 1584 Au-

434 1614 611 1672 diant
636 1612 939 1671 mansueti
972 1618 1032 1671 et
1079 1608 1380 1671 lwtentur.
1413 1611 1675 1671 Salutem
1710 1609 1856 1671 mihi
1883 1631 1916 1671 a
1949 1612 2069 1673 Do-

437 1706 598 1762 mino
628 1718 974 1761 concessam
1018 1698 1269 1778 quilibet
1294 1700 1491 1778 justus
1523 1701 1573 1759 si
1611 1699 1817 1760 audiat
1847 1702 2070 1763 laetatus

2185 1698 2595 1774 ῦφρανθήτωσαν
2631 1743 2644 1755 .

435 1790 635 1851 fuerit.
689 1788 858 1860 Quod
910 1797 1105 1850 autem
1148 1788 1250 1849 ille
1300 1788 1490 1849 salvos
1546 1789 1721 1851 faciat
1765 1800 2074 1869 sperantes

434 1879 494 1939 in
526 1897 615 1951 se,
650 1896 769 1939 non
802 1877 858 1937 id
892 1877 1233 1938 admittitut
1262 1877 1423 1937 solus
1442 1878 1726 1956 hymnum
1761 1880 1933 1941 edat:
1966 1879 2070 1942 sed

435 1986 539 2029 eos
568 1967 670 2047 qui
718 1976 1029 2027 consortes
1081 1976 1220 2026 sunt
1263 1966 1597 2029 clementia
1644 1967 2071 2039 Domini,con.

434 2066 624 2117 sortes
654 2055 835 2116 efﬁcit
866 2055 1104 2117 cantici.

511 2147 569 2208 3.
596 2145 986 2223 Maguiﬁcate
1040 2145 1369 2205 Dominum
1400 2164 1598 2206 meum
1630 2154 1688 2206 et
1732 2145 2071 2208 exaltemus

429 2253 653 2297 nomen
679 2235 812 2311 ejus
841 2237 905 2294 in
938 2234 1228 2313 iit-ipsum.
1282 2233 1457 2305 Quasi
1502 2254 1617 2294 non
1660 2236 1914 2295 sufﬁciat
1945 2243 2070 2314 ipse

431 2325 593 2385 solus
625 2323 1125 2401 magniﬁcentiam
1188 2324 1292 2384 Dei
1335 2331 1671 2397 enuntiare,
1709 2325 1964 2402 postulat
1996 2343 2065 2385 ea

423 2413 486 2476 in
516 2432 583 2474 re
603 2413 856 2474 aliorum
890 2431 1129 2492 operam
1178 2422 1235 2472 et
1264 2413 1575 2475 auxilium.

504 2593 565 2653 5.
600 2591 882 2653 Accedite
933 2592 1009 2652 ad
1040 2608 1175 2651 eum
1216 2598 1275 2651 et
1309 2593 1773 2655 illuminamini.
1812 2594 1889 2652 Ex
1922 2611 2067 2653 con-

425 2681 610 2741 cessis
640 2680 815 2740 donis
843 2690 1088 2758 accepta
1120 2678 1364 2753 ﬁducia,
1392 2679 1543 2741 alios
1567 2680 1743 2741 etiam
1776 2684 1847 2740 ad
1882 2682 1939 2741 id
1970 2681 2066 2743 in-

423 2769 587 2832 vitat.

508 2778 587 2832 at.

486 2778 565 2921 ι6.
599 2856 722 2919 Iste
747 2874 983 2936 pauper
1008 2856 1318 2929 clamavit,
1342 2865 1396 2917 et
1428 2858 1724 2919 Dominus
1748 2860 2069 2921 exaudivit

1219 312 1278 383 Β.
1326 312 1744 384 ATHANASII
1790 309 1954 385 OPP.
2002 308 2214 385 PARS.
2257 312 2368 385 III.
2415 356 2491 367 —
2536 310 2993 385 EXEGETICA.

518 461 575 512 et
598 461 835 532 rogatus
863 452 937 515 ab
967 472 1037 514 eo
1064 471 1199 530 qua:
1215 470 1391 514 causa
1418 452 1917 530 recessus,fugam
1940 452 2067 534 qui-
2087 464 2125 509 Α

3672 313 3795 385 168

2228 459 2328 520 τῆς
2385 454 2608 534 ἀφίξεως
2664 456 2762 521 τὴν
2818 455 2985 511 αἰτίαν
3043 454 3383 533 ἐρωτώμενος
3418 453 3539 531 παρ’
3602 459 3788 534 αὐτοῦ,

2231 543 2329 609 τὴν
2359 544 2531 622 φυγὴν
2575 543 2671 617 μὲν
2701 543 2989 620 ἠρνήσατο
3029 544 3356 599 ἀπεστάλθαι
3388 542 3441 599 δέ
3492 548 3616 599 εἷπε
3647 546 3797 620 παρᾶ

2232 639 2326 687 τοῦ
2372 630 2544 687 Σαοὺλ
2575 634 2648 694 ὡς
2678 633 2764 689 καὶ
2792 634 2889 698 τὴν
2945 633 3204 712 ῥομφαίαν
3254 633 3465 698 αἰτῆσαι
3537 642 3630 690 τοῦ
3701 638 3803 687 1‘0-

2235 719 2372 781 λιάθ.
2407 718 2557 777 Ἐπεὶ
2587 721 2759 776 τοίνυν
2790 719 2925 775 ἄλλα
2977 724 3073 793 μὲν
3105 724 3278 790 εἶπεν,
3340 720 3474 776 ἄλλα
3535 719 3588 776 δὲ
3644 721 3798 801 ἐφρό-

2236 829 2312 864 νει
2341 858 2355 881 ,
2414 809 2813 887 ἀναγέγραπται
2862 811 2923 865 τὸ
2980 807 3335 877 ὴλλοιωκέναι
3390 812 3453 865 τὸ
3510 811 3802 887 πρόσωπον

2246 899 2426 960 αὐτοῦ.
2463 896 2624 970 ’ᾊδει
2668 896 2722 951 δὲ
2752 900 2841 952 τὸν
2872 897 3087 973 ψαλμὸν
3111 903 3189 970 τῷ
3214 899 3316 972 νέῳ
3358 898 3495 971 λαῷ,
3540 897 3797 954 διδασκα-

2246 984 2359 1041 λίαν
2392 986 2819 1062 εἰσηγησάμενος
2860 991 2958 1052 τῆς
3011 992 3373 1058 πνευματικῆς
3434 989 3522 1042 καὶ
3579 989 3804 1065 εὐαγγε-

2246 1074 2408 1141 λιγῆς
2438 1073 2700 1151 λατρείας.

2248 1163 2540 1240 Εὖλογήσω
2610 1166 2703 1218 τὸν
2788 1165 2972 1241 Κύριον
3054 1163 3111 1218 έν
3161 1166 3315 1220 παντὶ
3389 1171 3631 1243 καιρῷ...
3704 1162 3801 1221 Ἐν

2152 1261 2228 1327 τῷ
2311 1255 2478 1329 Κυρίῳ
2556 1251 2958 1321 ἐπαινεθήσεται
3127 1255 3281 1330 ψυχή
3364 1277 3465 1326 μου
3503 1300 3517 1315 .
3596 1256 3650 1309 Εἰ

2149 1342 2291 1407 ἄξιος
2382 1342 2596 1396 ἐπαίνου
2656 1342 2913 1420 τυγχάνω
2983 1344 3281 1420 εὑρεθέντος
3330 1346 3474 1405 τινὸς
3523 1342 3690 1400 καλοῦ
3743 1343 3809 1397 ἐν

2149 1444 2270 1494 ταῖς
2310 1432 2471 1502 ἱμαϊς
2506 1428 2775 1508 πράξεσιν,
2828 1440 2983 1489 τοῦτο
3028 1430 3123 1485 οῦκ
3171 1430 3312 1509 ἐμοὶ,
3369 1430 3509 1486 ἀλλὰ
3561 1437 3638 1503 τῷ
3685 1432 3811 1503 Θεῷ

2153 1518 2452 1574 ἀναθετέονθ
2517 1516 2671 1581 αὐτός
2734 1519 2830 1594 ἐμὲ
2894 1523 2980 1575 καὶ
3041 1522 3304 1585 πεποίηκε
3358 1520 3618 1599 περιφαιῆ
3650 1567 3665 1597 ,
3710 1524 3810 1574 καὶ

2154 1608 2369 1676 ποιήσει
2443 1608 2813 1685 περίϐλεπτον.
2896 1608 3306 1664 Ἀκοασέτωσαν
3393 1623 3631 1687 πραεῖς,
3714 1610 3809 1664 καὶ

2700 1698 2808 1763 Τὴν
2885 1699 3003 1770 ἒμοὶ
3078 1697 3443 1773 γεγενημένην
3494 1700 3665 1775 κπαρὰ
3709 1704 3812 1752 τοῦ

2161 1787 2347 1861 Κυρίου
2406 1788 2672 1865 σωτηρίαν
2718 1793 2822 1849 πᾶς
2895 1783 3095 1847 δίκαιος
3155 1786 3402 1851 ἀκηκοὼς
3467 1788 3804 1864 εῦφρανθείη.

2157 1871 2292 1930 ’Ὁτι
2324 1873 2389 1941 δὴ
2422 1877 2575 1946 σώζει
2607 1882 2727 1938 τους
2752 1874 3056 1945 ἐλπίζοντας
3085 1872 3170 1930 ἐπ’
3206 1878 3386 1950 αὐτὸν,
3418 1880 3512 1933 οὐκ
3554 1878 3807 1955 ἐνέχεται

2154 1964 2317 2037 μόνος
2363 1966 2551 2042 ὅφῆναι
2585 1968 2676 2020 τὸν
2737 1964 2924 2042 ὕμνον,
2986 1962 3123 2020 ἀλλὰ
3190 1964 3310 2026 τοῦς
3362 1968 3645 2027 κοινωνοὺς
3702 1972 3810 2032 τῆς

2153 2053 2477 2129 πραότητος,
2506 2054 2790 2115 κοινωνοὺς
2838 2065 3075 2108 ποιεῖται
3106 2057 3201 2118 τῆς
3238 2053 3524 2128 ὑμνῳδίας.

3707 1262 3807 1315 καὶ

2237 2143 2575 2217 Μεγαλύνατε
2631 2143 2719 2197 τὸν
2773 2139 2966 2217 Κύριον
3034 2142 3124 2196 σῦν
3170 2142 3286 2216 ἐμοὶ
3321 2189 3337 2216 ,
3412 2144 3500 2197 καὶ
3584 2143 3810 2217 660300—

2153 2251 2249 2303 μεν
2306 2234 2366 2285 τὸ
2429 2228 2599 2305 ὄνομα
2656 2232 2814 2288 αὐτοῦ
2872 2230 3154 2286 ἐπιτοαυτό
3190 2278 3204 2292 ,
3267 2230 3365 2295 ".2;
3438 2233 3515 2304 μὴ
3571 2232 3808 2310 ἐξαρκῶν

2151 2321 2218 2375 τὰ
2248 2318 2513 2396 μεγαλεῖα
2545 2317 2852 2396 ἐξαγγεῖλαι
2884 2326 2974 2375 τοῦ
3001 2319 3155 2393 Θεοῦ,
3215 2321 3287 2382 εἷς
3347 2328 3502 2375 τοῦτο
3551 2322 3676 2376 αὐτὸ
3728 2323 3808 2381 ὡς

2151 2406 2841 2486 περισυλλαμϐάνεσθαιιιαὶ
2914 2410 3035 2471 τοὺς
3086 2407 3280 2472 ἄλλους
3329 2408 3471 2473 ἀξιοῖ
3519 2409 3604 2464 ἐπὶ
3655 2432 3803 2483 συμ-

2151 2499 2428 2574 πράττειν,

2236 2586 2555 2665 Προσέλθετε
2627 2589 2757 2663 πρὸς
2817 2588 2972 2642 αὖτὸν
3009 2632 3024 2656 ,
3084 2588 3171 2642 καὶ
3227 2587 3524 2663 φωτίσθητε
3560 2629 3574 2643 .
3668 2583 3807 2665 'Aq'

2149 2677 2223 2731 ὧν
2292 2674 2505 2740 ἐδέξατο
2551 2677 2858 2750 πεποιθὼς,
2922 2676 3006 2730 καὶ
3061 2676 3181 2736 τοὺς
3242 2674 3433 2736 ἄλλους
3510 2678 3581 2737 εἱς
3645 2673 3807 2729 τοῦτο

2149 2765 2356 2841 ἀνάγει,

2230 2856 2394 2916 Οὗτος
2465 2856 2492 2908 6
2553 2855 2776 2933 πτωχὸς
2835 2852 3104 2932 ἒκέκραξε,
3163 2854 3251 2908 καὶ
3306 2855 3333 2908 ὁ
3412 2853 3595 2929 Κύριος
3654 2853 3734 2907 εὶσ
3768 2884 3803 2895 -

425 2965 589 3010 eum.
647 2947 933 3024 Ediscite,
990 2945 1206 3025 inquit,
1238 2964 1306 3005 ex
1358 2945 1429 3005 iis
1460 2965 1593 3027 qua;
1631 2948 1777 3008 mihi
1834 2950 2067 3010 accide-

2181 2963 2376 3010 ptoucev
2444 2942 2622 3000 αὐτόν.
2682 2944 2912 3015 Μάθετε,
2988 2945 3170 3021 φησὶν,
3243 2941 3304 2997 ἐκ
3346 2948 3450 2997 τῶν
3504 2940 3619 2995 κατ’
3699 2942 3804 3013 ἐμὲ

427 3045 586 3110 runt,
624 3035 899 3096 ﬁduciam
934 3035 1159 3095 habere
1188 3034 1249 3094 in
1285 3036 1598 3096 Dominum
1624 3038 2065 3102 universorum.

2187 3029 2365 3107 αῤῥετν
2411 3038 2486 3105 τῷ
2516 3033 2622 3085 τῶν
2666 3030 2808 3086 ὅλων
2862 3038 3002 3103 Θεῷ.
3046 3030 3253 3097 Εὐτελῆ
3299 3033 3399 3107 γὰρ
3429 3030 3555 3085 ὄντα
3588 3050 3655 3103 με
3708 3032 3803 3084 καὶ

432 3127 522 3186 Me
557 3142 812 3202 namque
842 3124 1014 3184 vilem
1041 3133 1100 3184 et
1128 3123 1425 3202 abjectum
1444 3137 1501 3183 et
1526 3139 1818 3204 pastorem
1848 3127 2068 3209 ovium,

2185 3118 2399 3198 ρϐατέα,
2458 3126 2555 3186 τῆς
2589 3121 2785 3182 οἰκείας
2830 3120 3161 3197 προμηθείας
3224 3119 3441 3198 ἠξίωσε,
3475 3124 3566 3175 και
3618 3119 3799 3196 κρείτ-

428 3231 538 3274 sua
568 3211 842 3289 dignatus
873 3221 962 3272 est
996 3212 1390 3290 providentia,
1414 3222 1599 3289 atque
1629 3213 1898 3275 hostibus
1918 3234 2069 3295 pras-

430 3302 775 3363 stantiorem
816 3298 1108 3361 exhibuit.

506 3391 562 3452 7.
594 3387 1152 3451 Castrametabitur
1181 3388 1437 3467 angelus
1455 3389 1709 3453 Domini
1730 3397 1796 3454 in
1812 3395 2072 3456 circuitu

426 3480 768 3542 timentium
798 3495 957 3557 eum,
988 3484 1047 3538 et
1076 3478 1297 3556 eripiet
1326 3496 1447 3541 eos.
1476 3476 1603 3542 Hoc
1622 3489 1911 3543 consonat
1931 3502 2065 3544 cum

422 3567 690 3647 Apostoli
727 3565 923 3628 verbis
953 3563 1048 3629 ἠε
1082 3566 1305 3630 Nonne
1339 3585 1544 3629 omnes
1593 3576 1744 3631 sunt
1794 3571 2069 3634 adminzﬁ

423 3657 701 3719 stratorii
729 3657 985 3734 spiritus
1018 3658 1087 3717 in
1133 3658 1551 3719 ministerium
1582 3662 1772 3740 missi,
1816 3668 2070 3739 propter

425 3763 524 3808 eos
550 3746 657 3824 qui
686 3746 1102 3807 hwreditatem
1150 3748 1401 3824 capturi
1443 3754 1586 3810 sunt
1624 3748 1869 3811 salutis.
1897 3749 1983 3812 Ita
2013 3760 2069 3813 et

426 3834 636 3896 beatus
658 3832 838 3896 Iacob
859 3834 983 3895 haec
1018 3843 1298 3915 precatur
1316 3833 1370 3875 ’⁷⁵
1396 3856 1409 3897 ;
1433 3838 1703 3915 Angelus
1719 3845 1825 3916 qui
1842 3843 2069 3919 eripuit

425 3942 518 3984 me
546 3941 627 3985 ex
656 3923 935 3984 omnibus
964 3922 1417 3985 calamitatibus
1451 3927 1624 3986 meis.
1649 3925 1871 3989 Eodem
1890 3930 2067 3991 modo

427 4012 762 4094 patriarcha
812 4011 1142 4092 Abraham,
1189 4010 1529 4074 admirabili
1575 4015 1906 4077 domestico
1958 4036 2067 4079 suo

425 4101 614 4162 ait":
649 4101 946 4162 Dominus
974 4100 1137 4163 Deus
1162 4100 1361 4163 mittet
1390 4102 1677 4180 angelum
1717 4122 1895 4167 suum
1929 4114 2068 4169 ante

424 4192 642 4267 faciem
677 4197 870 4264 tuam,
901 4198 963 4252 et
992 4192 1253 4269 accipies
1283 4208 1543 4253 umorem
1573 4194 1707 4272 filio
1732 4212 1865 4257 meo
1890 4195 2067 4257 Isaac

424 4279 672 4341 exinde.
701 4276 801 4341 Sic
832 4286 891 4339 et
920 4279 1128 4341 beatus
1183 4276 1498 4342 Zacharias
1551 4283 1631 4344 ait
1659 4282 1749 4346 77:
1802 4285 2069 4366 Angelus

424 4372 531 4448 qui
557 4367 926 4447 loquebatur
956 4367 1131 4430 mihi.

506 4550 566 4612 8.
602 4549 854 4613 Gustate
879 4558 937 4613 et
969 4553 1159 4614 videte
1186 4558 1473 4632 quoniam
1495 4556 1705 4617 suavis
1735 4561 1823 4618 est
1851 4555 2067 4619 Domi-

428 4656 569 4701 nus.
596 4639 681 4700 Ex
728 4656 892 4713 vero,
926 4639 1140 4721 inquit,
1172 4660 1329 4722 pane
1352 4652 1602 4721 gustate,
1631 4645 1733 4724 qui
1763 4644 2073 4707 descendit

427 4747 495 4790 ex
527 4728 702 4792 caelo.
764 4728 987 4791 Beatus
1029 4732 1129 4793 vir
1156 4734 1264 4810 qui
1320 4741 1523 4813 sperat
1554 4734 1620 4795 in
1650 4752 1763 4811 eo;
1809 4734 2067 4797 futuram

426 4818 586 4879 enim
616 4817 792 4879 vitam
816 4830 1240 4898 consequetur.

511 4908 605 4971 10.
640 4909 870 4969 Divites
906 4919 1203 4987 eguerunt
1251 4919 1307 4972 et
1360 4912 1732 4974 esurierunt.
1783 4913 2072 4976 Videlicet

425 4997 681 5077 populus
710 4993 1015 5058 Judaicus.
1056 4998 1449 5079 Inquirentes
1498 5010 1699 5061 autem
1746 5001 2073 5066 Dominum

426 5103 551 5148 non
579 5086 936 5148 minuentur
950 5092 1014 5148 in
1036 5090 1213 5151 omni
1236 5089 1617 5152 bono.Alium
1644 5090 1786 5151 dicit
1806 5093 2071 5168 gentium

426 5174 736 5258 populum.

516 5266 608 5327 11.
637 5263 865 5339 Venite,
883 5264 1003 5345 ﬁlii
1010 5311 1023 5337 ,
1050 5266 1259 5329 audite
1283 5270 1691 5342 me,timorem
1715 5270 1955 5331 Domini
1971 5270 2073 5333 do-

427 5353 567 5415 cebo
585 5360 826 5414 vos...et
850 5352 1010 5415 labia
1027 5361 1131 5416 tua
1152 5373 1228 5418 ne
1246 5355 1582 5436 loquantur
1599 5357 2071 5420 dolum.t)octri-

2154 3231 2281 3265 aova
2322 3216 2429 3265 τῶν
2472 3208 2850 3283 πολεμούντων
2881 3208 3151 3287 ήπέφηνε,

2237 3297 2580 3375 Παρεμϐαλεϊ
2650 3296 2880 3375 ἄγγελος
2938 3295 3131 3376 Κύρίου
3188 3296 3369 3370 κύκλῳ
3435 3299 3541 3353 τῶν
3597 3294 3800 3377 φοϐου-

2154 3388 2326 3464 μένων
2372 3388 2550 3457 αὐτὸν,
2613 3390 2698 3443 καὶ
2747 3388 2955 3465 ῥύσεται
3007 3387 3215 3450 αὐτούς,
3290 3387 3455 3443 Τοῦτο
3519 3386 3803 3465 συμφωνεῖ

2153 3478 2242 3533 καὶ
2271 3486 2362 3534 τοῦ
2393 3473 2725 3532 Ἀποστόλου
2781 3489 2899 3538 τοῖς
2930 3476 3154 3553 ῥήμασι·
3188 3478 3306 3555 περὶ
3360 3476 3459 3554 γὰρ
3518 3476 3621 3532 τῶν
3692 3475 3797 3553 ἀγ-

2152 3566 2324 3643 γέλων
2382 3567 2533 3629 οὗτός
2605 3586 2766 3643 φησιν
2797 3581 2810 3594 ⁶
2869 3566 3005 3644 Οὐχὶ
3060 3566 3255 3629 πάντες
3314 3566 3413 3623 εἰσι
3460 3565 3803 3643 λειτουργικὰ

2151 3656 2424 3730 πνεύματα
2544 3656 2615 3717 εἰς
2723 3653 3051 3733 λειτουργίαν
3171 3654 3613 3729 ἀποστελλόμενα
3710 3652 3801 3711 διὰ

2149 3744 2270 3807 τοὺς
2357 3742 2652 3820 μέλλοντας
2740 3742 3103 3823 κληρονομεῖν
3207 3746 3474 3823 σωτηρίαν
3522 3789 3539 3805 .
3647 3742 3801 3800 Οὕτω

2150 3836 2239 3890 καὶ
2269 3835 2295 3888 6
2328 3833 2587 3912 μακάριος
2634 3830 2826 3892 ἰακὼϐ
2884 3834 3318 3912 προσευλόμενός
3368 3853 3552 3913 φησιν·
3588 3831 3648 3890 Ὀ
3689 3832 3801 3910 ἅγ-

2150 3923 2309 4002 γελσς
2368 3926 2395 3978 6
2442 3914 2732 3999 ῥυσάμενός
2793 3943 2861 3997 με
2913 3922 2973 3977 ἐκ
3023 3925 3236 3979 πάντων
3292 3929 3399 3979 τῶν
3438 3929 3616 3979 κακῶν
3668 3944 3797 3998 μου,

2150 4011 2301 4071 Οὕτω
2360 4020 2446 4067 καί
2503 4014 2530 4068 ὁ
2576 4013 2920 4092 πατριάρχης
2966 4010 3209 4091 Ἀϐραὰμ
3265 4018 3396 4091 πρὸς
3444 4015 3535 4068 τὸν
3591 4012 3801 4086 θαυμά-

2150 4125 2264 4158 σιον
2313 4102 2526 4168 οἰκέτην
2584 4101 2687 4181 ’ἐφη
2722 4118 2736 4131 ⁶
2816 4100 3010 4180 Κύριος
3072 4105 3099 4158 6
3152 4104 3281 4165 Θεὸς
3362 4101 3661 4159 ἀποστελεῖ
3700 4103 3798 4157 τὸν

2150 4190 2379 4271 ἄγγελον
2439 4193 2595 4248 αὐτοῦ
2656 4193 2757 4268 πρὸ
2849 4193 3141 4269 προσώπου
3219 4213 3312 4247 σου
3348 4238 3365 4270 ,
3465 4194 3553 4248 καὶ
3636 4190 3793 4270 λήψῃ

2150 4297 2380 4359 γυνατκα
2435 4289 2512 4356 τῷ
2567 4283 2662 4355 υἱῷ
2717 4303 2823 4357 μου
2879 4280 3061 4338 Ἰσαὰκ
3118 4280 3322 4336 ἐκεῖθεν
3358 4328 3371 4343 ,
3435 4280 3586 4339 Οὕτω
3638 4282 3725 4337 καὶ
3772 4284 3800 4336 ὁ

2152 4372 2409 4450 μακάριος
2442 4370 2587 4450 λέγει
2618 4372 2912 4451 Ζαχαρίας.
2957 4370 3016 4429 Ὀ
3062 4368 3285 4448 ἅγγελος
3335 4371 3364 4427 δ
3422 4370 3599 4427 λαλῶν
3651 4371 3797 4446 ἐμοί,

2236 4555 2536 4629 Γεύσαειθε⁹
2596 4558 2684 4611 καὶ
2736 4553 2881 4610 ἴδετε
2914 4600 2932 4629 ,
3004 4553 3086 4609 ὅτι
3143 4554 3379 4632 χρηστὸς
3428 4555 3455 4609 6
3531 4552 3723 4632 Κύριος
3779 4605 3795 4619 ,

2154 4652 2257 4704 Τοῦ
2286 4644 2538 4711 ἀληθινοῦ
2568 4644 2747 4723 ἄρτου,
2807 4646 2959 4724 φησὶ,
2991 4644 3270 4721 γεύσασθε,
3316 4652 3409 4701 τοῦ
3467 4644 3797 4709 καταϐάντος

2152 4735 2205 4801 ἐξ
2270 4735 2511 4814 οὐρανοῦ.
2559 4734 2826 4813 Μακάριος
2887 4734 3022 4810 ἀνὴρ
3078 4734 3135 4795 ὃς
3210 4732 3407 4803 ἐλπίζει
3478 4731 3565 4788 ἐπ’
3616 4734 3799 4790 αὐτόν’

2152 4826 2259 4892 ἕξει
2293 4826 2393 4903 γὰρ
2437 4826 2535 4893 τὴν
2567 4822 2867 4900 μέλλουσαν
2907 4824 3076 4894 ζωήν.

2234 4912 2485 4970 Πλούσιοι
2541 4914 2891 4993 ἑπτώχευσαν
2947 4914 3035 4968 καὶ
3094 4911 3374 4967 ἕπείνασαν
3412 4958 3426 4972 .
3535 4909 3799 4977 Δηλονότι

2154 5007 2182 5060 ὁ
2225 5009 2329 5060 τῶν
2388 4999 2650 5063 Ἰουδαίων
2700 5003 2851 5068 λαός.
2920 5003 2979 5059 Οἱ
3036 4998 3090 5055 δὲ
3149 5000 3490 5071 έκζητοῦντες
3521 5002 3611 5055 τὸν
3678 5000 3799 5062 Κύ-

2155 5116 2265 5172 ριον
2357 5096 2451 5151 οὐκ
2536 5091 2999 5161 ὲλαττωθήσονται
3083 5092 3284 5154 παντὸς
3376 5090 3571 5167 ἀγαθοῦ
3606 5134 3619 5148 .
3695 5095 3800 5148 Τὸν

2154 5181 2330 5261 ἕτερον
2360 5180 2505 5259 λέγει
2536 5182 2628 5237 τόν
2670 5187 2775 5238 τῶν
2807 5180 2991 5239 ἆθνῶν.

2242 5278 2399 5328 Δεῦτε
2433 5318 2449 5345 ,
2493 5272 2686 5344 τέκνα,
2749 5269 3003 5327 ἀκούσατέ
3073 5286 3196 5343 μου·
3260 5266 3421 5347 φόϐον
3468 5265 3658 5345 Κυρίου
3714 5268 3801 5325 δι-

2157 5360 2293 5427 δάξω
2346 5362 2481 5436 ὑμᾶς
2512 5407 2527 5422 .
2565 5406 2578 5420 .
2619 5408 2633 5421 .
2670 5402 2686 5418 .
2718 5402 2733 5418 .
2774 5407 2787 5421 .
2821 5359 2924 5414 ’καὶ
2981 5357 3145 5436 χείλη
3199 5378 3291 5415 σου
3347 5364 3440 5413 τοῦ
3496 5358 3574 5431 μὴ
3617 5356 3797 5426 λαλῆ-

427 5459 562 5501 nam
597 5441 878 5518 gentibus
902 5443 1337 5522 praedicandam
1364 5445 1668 5527 proponit,
1688 5446 1860 5526 cujus
1882 5451 2070 5528 primo

2181 5474 2246 5507 rat
2324 5448 2474 5506 δόλον
2513 5496 2527 5511 .
2595 5447 2947 5504 Διδασκαλίαν
3020 5444 3177 5503 ἕθνὼν
3268 5447 3651 5526 παρατίθεται,
3730 5448 3799 5515 ἧς

429 5548 564 5592 esse
579 5529 661 5591 ait
684 5530 960 5594 timorem
982 5532 1386 5597 Dei:secundo
1401 5554 1516 5596 non
1531 5533 1869 5598 obtrectare
1881 5536 2070 5618 fratri;

2181 5546 2368 5619 πρῶτον
2416 5540 2511 5595 τὸν
2540 5535 2702 5618 φόϐον
2729 5543 2822 5594 τοῦ
2866 5543 2998 5595 Θεοῦ
3040 5537 3179 5592 εἷναί
3234 5553 3387 5614 φησιο
3444 5532 3679 5613 δεύτερον
3737 5539 3800 5592 τὸ

270 5674 389 5743 βπ
422 5659 770 5735 "tl‘llebr.
812 5681 858 5742 ι,
890 5667 990 5727 t4.
1078 5666 1133 5709 ’⁷⁵
1158 5666 1309 5731 Gen.
1346 5684 1551 5749 nvni,
1585 5667 1686 5729 15.
1772 5667 1829 5713 ⁷⁸
1851 5673 2006 5739 Gen.
2040 5694 2070 5741 ι

2182 5725 2199 5758 ,
2225 5676 2330 5737 40.
2414 5672 2745 5736 πΖεοΙιετ.
2779 5690 2842 5751 ιι,
2871 5672 2935 5734 3.

694 5968 799 6111 ι
