4030 6216
201 312 280 376 169

1132 306 1534 371 EXPOSITIO
1580 307 1663 369 IN
1709 305 2074 369 PSALMUM
2118 303 2396 368 XXXIV.

3354 307 3469 372 170

183 453 234 522 μή
266 443 536 502 ιιταλαλεῖν
586 440 830 524 ἀδελφοῦ·
893 443 1250 525 τρίτον,δόλου
1283 446 1478 507 παντὸς
1548 443 1732 499 παύειν

1853 437 2016 513 srtio,
2049 435 2123 498 ab
2156 435 2321 498 omni
2357 436 2564 499 doloso
2593 436 2750 500 dicto
2779 437 2935 501 labia
2956 457 3266 518 coercere;
3296 459 3468 522 quar-

181 540 223 590 τὰ
243 534 386 614 χείλη·
428 532 686 608 τέταρτον,
721 531 940 612 ἀποχην
972 534 1172 597 παντὸς
1203 535 1368 590 κακοῦ
1396 533 1482 588 καὶ
1530 531 1723 600 ἐπιτή-

180 626 192 640 ιι
347 622 355 638 ν
487 632 506 640 τ
567 621 581 638 9
681 619 703 636 ν
955 621 970 643 9
1060 620 1074 641 Ὦ
1141 623 1164 642 ον
1407 623 1419 638 ‘
1570 623 1581 642 Ι

176 647 299 682 causa
340 626 511 700 αγαθου
565 643 618 676 εν
675 643 894 684 απασιν,
978 631 1054 701 ΕῩ
1129 644 1326 678 απασιν
1375 619 1429 677 δε
1491 643 1725 699 τούτοις,

179 716 332 788 εἰρήνην
395 709 673 767 ἐπιδιὼκειν
731 714 819 767 καὶ
890 711 1206 791 αντὲχεσθαι
1268 711 1453 778 αὐτῆς,
1531 712 1727 788 Εἰρήνη

240 808 259 859 ὁ
296 804 508 878 Χριστός.
545 804 747 858 Τούτων
782 801 838 858 δὲ
877 801 1206 872 ἐπιτήδευσιν
1236 803 1380 874 ζωὴν
1413 802 1555 860 εἶναι
1586 801 1730 879 λέγει

175 898 230 948 ιιί
265 896 424 968 έμέρας
464 890 678 968 ἀγαθάς,

228 981 472 1038 “Er/lives
525 982 633 1036 ἀπὸ
688 989 874 1052 κακοῦ,
937 985 1024 1038 καὶ
1078 983 1295 1050 κοίησον
1355 981 1574 1060 ἀγαθόν·
1629 981 1732 1052 ζή-

357 1073 366 1084 δ
659 1073 672 1090 ἱ
740 1071 781 1090 ’λι
1255 1074 1267 1091 π
1359 1069 1384 1090 Ἰ
1707 1071 1722 1089 \

172 1094 286 1137 τηπον
334 1086 548 1148 εερτνην,
591 1094 676 1128 και
736 1070 914 1136 οιωξον
971 1073 1156 1142 αὐτήν.
1209 1081 1304 1143 Το,
1362 1069 1599 1127 εκκλινον
1629 1069 1735 1125 ἀπο

173 1167 305 1228 moi,
345 1157 490 1236 οόὸος
519 1157 770 1216 διδάσκει”
814 1162 866 1216 τὸ
897 1157 975 1239 δὲ,
1011 1162 1234 1228 ποίησον
1274 1161 1499 1238 ἀγαθὸν,
1529 1159 1564 1225 ἦ
1593 1157 1735 1235 ἀγά-

171 1273 239 1314 πη.
267 1250 342 1303 Διὸ
370 1250 550 1320 μείζων
582 1251 608 1304 ὁ
641 1247 863 1326 ἀγαπῶν
894 1257 984 1305 τοῦ
1018 1247 1370 1329 φοϐουμένου.

223 1337 463 1413 Ὀοθαλμοὶ
529 1337 713 1415 Κυρίου
802 1339 888 1394 ἐπὶ
945 1337 1171 1401 δικαίους
1207 1387 1223 1418 ,
1265 1339 1354 1394 καὶ
1408 1339 1520 1392 ὦτα
1579 1339 1737 1408 αὐτοῦ

1813 535 1893 606 to,
1923 526 2229 588 abstinere
2260 525 2333 588 ab
2360 527 2521 588 omni
2555 528 2732 608 malo,
2766 537 2824 589 et
2848 548 3050 592 curam
3091 531 3151 590 in
3181 529 3467 592 omnibus

1811 615 2029 695 agendi
2062 615 2202 677 boni
2234 616 2480 679 habere.
2516 618 2602 678 Ad
2637 617 2762 680 haec
2785 619 3224 700 omnia,pacem
3260 637 3467 698 perse-

1812 705 1909 786 qui
1946 715 2003 766 et
2034 704 2308 784 adipisci.
2343 709 2460 768 Pax
2491 719 2691 768 autem
2734 708 3007 770 Christus
3040 717 3148 771 est.
3175 707 3470 770 Harumce

1815 811 2017 856 rerum
2046 793 2538 875 sollicitudinem,
2574 795 2655 856 ait
2706 795 2887 858 vitam
2919 815 3051 858 esse
3100 802 3159 858 et
3200 796 3326 858 dies
3357 797 3461 858 bo-

1818 900 1951 944 nos.

1903 971 1998 1031 t4.
2033 971 2276 1033 Declina
2307 990 2344 1033 a
2376 972 2536 1034 malo
2578 981 2634 1035 et
2652 975 2756 1045 lac
2779 973 3000 1035 bonum
3027 995 3039 1037 :
3070 976 3312 1056 inquire
3354 995 3465 1054 pa-

1817 1077 1963 1134 cem,
1999 1067 2052 1120 et
2079 1078 2431 1140 persequere
2459 1079 2613 1124 eam.
2641 1061 2820 1142 Illud,
2840 1062 3077 1126 declina
3108 1085 3143 1126 α
3177 1064 3471 1143 malodo-

1817 1157 1911 1210 cet
1945 1147 2166 1210 timor:
2194 1151 2306 1211 hoc
2357 1168 2521 1223 vero,
2549 1158 2606 1214 et
2624 1155 2730 1226 [ac
2756 1151 3004 1233 bonum,
3051 1172 3236 1216 amor.
3273 1154 3469 1227 Quare

1818 1255 2028 1298 amans
2063 1239 2306 1300 timente
2338 1240 2742 1320 praestantior.

1906 1331 1995 1388 15.
2029 1327 2130 1389 0e.
2160 1330 2209 1388 ti
2244 1330 2489 1391 Domiui
2519 1348 2706 1409 super
2727 1332 2948 1410 justas,
2971 1339 3027 1395 et
3047 1350 3228 1395 aures
3250 1335 3381 1413 ejus
3402 1337 3468 1396 in

169 1431 215 1492 εἷς
253 1427 402 1494 δέησιν
461 1432 653 1491 αὖτῶν,
721 1430 901 1506 Μέγαν
954 1435 1020 1505 τῇ
1075 1427 1404 1497 ἐπιτηδεύσει
1458 1432 1556 1496 τῆς
1607 1425 1733 1505 ἀρε-

1857 1431 2024 1476 reces
2055 1417 2553 1496 eorumMagnam
2588 1419 2787 1480 studio
2821 1421 3044 1482 virtutis
3077 1421 3282 1483 tribuit
3305 1442 3466 1486 mer-

167 1518 230 1582 τῆς
252 1515 509 1573 ἀποδέδωκε
542 1522 752 1592 μισθὸν,
788 1520 850 1575 τὸ
882 1519 1122 1586 ἐπόπτην
1151 1517 1304 1598 ἔχειν
1336 1518 1490 1581 Θεόν.

219 1695 435 1753 tulisse:
490 1698 673 1772 Κύριος
735 1697 909 1752 πάντα
970 1697 1035 1752 τὰ
1112 1699 1242 1752 ὀστᾶ
1301 1695 1496 1752 αὐτῶν.
1572 1693 1795 1784 ’οστᾶΒ

1818 1503 2052 1584 cedem,
2087 1505 2245 1584 quod
2267 1507 2495 1569 scilicet
2526 1506 2935 1588 inspectorem
2969 1517 3027 1571 et
3063 1519 3320 1572 tutorem
3357 1513 3467 1574 ha-

1819 1591 2000 1653 beant
2027 1593 2242 1655 Deum.

1898 1682 1996 1745 21.
2032 1684 2305 1746 Custodit
2334 1685 2628 1746 Dominus
2654 1688 2858 1748 omnia
2887 1706 3016 1750 ossa
3050 1706 3283 1753 eorum.
3322 1690 3472 1753 Ossa

167 1807 255 1860 ξησι
279 1786 356 1848 τὰς
384 1791 474 1851 τῆς
502 1791 690 1864 ψυχῆς
723 1783 990 1859 δυνάμεις.
1028 1786 1167 1842 Αὖτὰ
1198 1783 1252 1840 δέ
1282 1786 1380 1840 εἶσι
1403 1782 1732 1861 δικαιοσύνη,

1856 1770 2068 1864 irtutes
2098 1773 2283 1864 animi
2309 1771 2475 1835 dicit.
2501 1775 2634 1864 Ipsa
2658 1793 2799 1836 vero
2835 1786 2970 1836 sunt
2994 1778 3467 1859 justitia,perse-

167 1875 368 1950 καρτερία,
399 1871 628 1928 ε·ἶ›σέὸεια
656 1875 748 1929 καὶ
781 1880 948 1946 πᾶσα,
985 1877 1055 1938 ὡς
1089 1875 1283 1946 εἱπεϊν,
1345 1873 1532 1942 ἆτετή,

219 1962 407 2023 Θάνατος
473 1961 802 2040 ἁμαρτωλῶν
893 1966 1148 2038 πονηρός.
1225 1963 1324 2020 Τὸν
1387 1963 1485 2027 τῆς
1551 1965 1735 2041 ψυχῆς

165 2053 330 2105 θᾶνιτὸν
380 2073 552 2129 ιρησιν,
617 2051 674 2106 ὄν
736 2052 822 2106 καὶ
866 2049 1148 2116 διαδέξεται
1181 2073 1282 2130 πυρ
1311 2051 1544 2123 αἰώνιον,
1601 2054 1733 2106 σκό-

167 2161 229 2201 τος
284 2139 530 2218 ἐξώτερον,
608 2140 906 2214 ἁκοίμητος
993 2139 1258 2220 σκώληξ,
1327 2139 1593 2207 κλαυθμὸς
1649 2135 1737 2194 καὶ

166 2227 331 2304 ὀδυρμὸς
382 2229 478 2283 τῶν
541 2227 795 2289 ὀδόντων.
869 2229 1058 2286 Γὲεννα
1089 2231 1188 2308 γὰρ
1220 2230 1406 2290 αὐτοὺς
1463 2230 1550 2284 καὶ
1605 2229 1736 2283 σκό-

164 2339 228 2379 τος
273 2317 548 2396 διαδέχετα.

492 2416 786 2469 Insanos
832 2419 908 2484 τῷ
967 2410 1156 2470 sauia.
1218 2408 1348 2470 Μ’.

783 2502 796 2523 ’
807 2501 1084 2564 ι’πόθεσις.

219 2587 293 2645 Ἐκ
316 2589 580 2667 προσώπου
642 2598 736 2647 τοῦ
796 2591 1111 2653 πεποιθότος
1173 2589 1258 2647 ἐπὶ
1306 2591 1435 2646 Θεὸν
1473 2589 1556 2645 καὶ
1581 2587 1740 2645 πολε-

219 2700 440 2751 μουμενου
479 2681 578 2735 ὑπὸ
629 2680 738 2735 τῶν
797 2681 1008 2759 ἀφανῶν
1055 2679 1323 2754 δδνάμεων
1352 2680 1416 2735 τὰ
1445 2699 1736 2756 προκειμε-

219 2790 264 2822 -α
301 2767 511 2844 λέγεται,
559 2769 594 2836 ἢ
645 2771 731 2825 καὶ
779 2768 838 2824 ἐκ
871 2775 962 2824 τοῦ
1012 2776 1177 2848 χοροῦ
1219 2773 1324 2823 τῶν
1377 2765 1722 2827 ἀποστόλων,

221 2859 452 2934 Εἰσᾶγεται
497 2856 549 2913 δὲ
582 2860 669 2914 καὶ
705 2858 990 2936 πρόσωπον
1019 2865 1110 2914 τοῦ
1139 2864 1389 2937 Χριστοῦ,
1431 2857 1494 2913 τά
1538 2856 1624 2912 ἐπὶ
1661 2862 1736 2929 τῷ

221 2948 338 3001 πάθει
381 2948 515 3024 παρᾶ
570 2954 680 3004 τῶν
741 2945 1003 3005 Ἰουδαίων
1063 2949 1135 3012 εἰς
1206 2947 1361 3002 αὐτὸν
1407 2946 1734 3023 γεγενημένα

219 3035 540 3114 διηγουμένου,
567 3038 704 3113 πρὸς
735 3037 1008 3108 ὑπομονήν
1043 3036 1126 3091 καὶ
1159 3043 1432 3114 καρτερίαν
1479 3041 1584 3090 τῶν
1627 3057 1734 3092 πο-

220 3125 512 3199 λεμουμένων
541 3124 624 3180 διὰ
658 3125 794 3181 Θεόν
807 3173 818 3184 .

223 3217 427 3288 Δίκασον,
464 3217 638 3293 Κύριε,
663 3216 786 3272 τοὺς
818 3213 1125 3278 ἀδικοῦντάς
1157 3236 1248 3290 με,
1281 3213 1590 3288 πολέμησον
1619 3213 1738 3278 τοὺς

1818 1859 2110 1934 verantia,
2145 1861 2353 1941 pietas,
2389 1871 2467 1936 et,
2496 1871 2559 1922 ut
2583 1863 2802 1939 dicam,
2839 1864 3024 1927 virtus
3049 1873 3265 1930 omnis.

1899 1948 1997 2011 22.
2029 1948 2193 2011 Mors
2220 1960 2602 2029 peccatorum
2630 1960 2922 2032 pessima.
2953 1956 3184 2018 Anima:
3215 1966 3466 2019 mortem

1820 2036 2119 2115 intelligit,
2154 2056 2326 2116 quam
2358 2039 2660 2119 excipiens
2685 2042 2839 2120 ignis
2889 2052 3171 2120 aeternus,
3207 2044 3470 2106 tenebrae

1823 2129 2173 2200 exteriores,
2210 2129 2426 2188 vermis
2455 2147 2754 2206 nunquam
2798 2131 3144 2210 moriturus,
3181 2133 3355 2194 ﬂetus
3413 2143 3476 2195 et

1821 2215 2043 2277 stridor
2075 2215 2367 2278 dentium.
2401 2213 2687 2279 Gebenna
2715 2218 2940 2299 quippe
2973 2229 3033 2281 et
3066 2221 3327 2283 tenebra
3366 2240 3470 2283 eos

1825 2302 2147 2384 excipiunt.

2173 2397 2555 2460 PSALMUS
2589 2399 2812 2461 David.
2846 2399 3118 2467 XXXIV.

2411 2493 2863 2568 Argumentum.

1825 2587 2134 2664 Proposita
2167 2583 2354 2646 verba
2382 2585 2662 2646 dicuntur
2694 2606 2761 2646 ex
2797 2605 3048 2666 persona
3065 2591 3196 2670 ejus
3219 2592 3320 2671 qui
3345 2595 3468 2656 Deo

1904 2673 2212 2735 confidens
2261 2671 2334 2734 ab
2379 2674 2632 2736 occultis
2666 2677 3050 2754 potestatibus
3071 2690 3464 2760 oppugnatur,

1899 2772 2001 2824 aut
2023 2764 2270 2826 fortasse
2301 2781 2372 2824 ex
2405 2781 2660 2844 persona
2695 2765 2866 2826 chori
2893 2768 3324 2846 apostolorum.
3372 2776 3469 2833 ln-

1901 2853 2139 2915 ducitur
2170 2854 2313 2913 item
2339 2870 2597 2941 persona
2630 2853 2846 2915 Christi
2877 2873 2948 2916 ea
2973 2859 3308 2920 enarrantis
3337 2880 3469 2941 qua

1899 2941 2013 3003 sibi
2045 2949 2316 3020 tempore
2345 2940 2644 3004 Passionis
2667 2961 2699 3002 a
2729 2942 2952 3006 Judaeis
2983 2944 3145 3006 illata
3173 2958 3313 3009 sunt
3337 2940 3466 3011 ma-

1901 3031 1977 3109 la,
2013 3031 2083 3091 ad
2118 3028 2416 3110 patientia:
2447 3039 2504 3092 et
2535 3034 2993 3110 perseverantiae
3026 3036 3464 3101 hortamentum

1902 3119 1975 3181 iis
2001 3119 2102 3198 qui
2125 3128 2370 3198 propter
2391 3118 2577 3181 Deum
2612 3119 3062 3198 impugnantur.

1912 3218 1964 3272 1.
1993 3209 2234 3282 Judicu,
2264 3210 2542 3297 Domine,
2577 3220 2854 3272 nocentes
2884 3229 2999 3286 me,
3035 3232 3321 3297 expugna
3348 3219 3467 3280 im-

169 3302 458 3375 πολεμοῦντας
490 3326 578 3377 με.
617 3310 708 3376 Τῷ
738 3305 1008 3382 προσώπῳ
1040 3305 1145 3360 τῶν
1175 3303 1488 3360 ἀποστόλων
1520 3302 1738 3381 ἁρμόσει

1853 3305 2168 3376 μυθηαηιεε
2224 3315 2338 3359 me.
2397 3295 2671 3361 Persona:
2734 3300 3136 3378 apostolorum
3190 3295 3470 3367 convenit

169 3394 189 3456 ἡ
211 3391 444 3456 πρόσοδος.

222 3433 444 3469 ιγνουινς,

222 3483 322 3542 Τοὺς
349 3482 614 3546 Ἰουδαίους
647 3483 892 3562 φησὶν,ο’ἰ
927 3483 1004 3555 μὴ
1025 3482 1245 3561 ἔχοντες
1279 3481 1333 3536 ὲν
1358 3479 1568 3541 ἑαυτοῖς
1599 3480 1744 3558 εἰρή-

170 3592 251 3640 νην,
273 3569 508 3644 πολέμους
540 3572 758 3652 ἔχουσι,
805 3578 892 3628 καί
923 3571 1216 3645 πολεμοῦσι
1277 3571 1524 3650 Χριστὸν,
1562 3569 1619 3635 ὃς
1648 3573 1742 3626 εσ-

169 3679 224 3710 m
242 3661 389 3735 εἰρήνη
418 3663 589 3735 ἡμῶν.
631 3660 662 3740 (
659 3658 971 3722 Hactenus
1005 3658 1272 3738 Graeca.)

1824 3388 2200 3467 suppﬁcaﬁo.

1910 3475 2129 3539 Daniel
2159 3476 2499 3538 Barbarus.
2532 3473 3214 3555 OppugnantesJudaeos
3237 3481 3465 3543 intelli-

1826 3567 2204 3648 git,qui,cum
2221 3565 2279 3625 in
2294 3583 2358 3625 se
2373 3583 2578 3644 pacem
2595 3584 2711 3626 non
2731 3564 3236 3644 habeant,bellum
3254 3569 3469 3632 habent

1831 3667 1890 3720 et
1913 3652 2591 3736 oppugnanthristum,
2617 3655 2713 3734 qui
2737 3662 2827 3716 est
2858 3674 2966 3735 pax
2995 3666 3218 3718 nostra.
3255 3660 3323 3721 Et
3355 3679 3465 3720 ex-

171 3766 378 3828 pugnans
397 3750 547 3814 Deus
579 3752 907 3833 benefacit,
942 3752 1057 3814 bos
1084 3750 1326 3832 quidem
1345 3747 1566 3828 justos,
1603 3749 1738 3813 illos
1765 3769 1905 3814 vero
1946 3755 2172 3811 amicos
2203 3746 2449 3822 faciens,
2485 3755 2546 3808 et
2585 3747 2918 3828 impediens
2949 3752 3213 3813 actiones
3243 3771 3378 3831 qua)
3409 3754 3468 3813 in

171 3837 377 3902 deterius
405 3841 823 3922 prolabuntur.

224 3927 466 3988 Ἐπιλαϐοὖ
506 3932 677 3990 ὅπλου
732 3933 817 3988 καὶ
869 3934 1071 4009 θδρεοῦ,
1105 3931 1192 3987 καὶ
1248 3930 1502 3998 ἀνάστηθι
1535 3933 1607 3996 είς
1639 3932 1734 3999 τὴν

172 4017 354 4089 βοήθειέν
380 4040 496 4096 μου·
529 4019 760 4079 ’Ὂωλον
811 4021 900 4077 καὶ
927 4021 1110 4098 θυρεὸν
1139 4020 1228 4076 καὶ
1256 4020 1520 4096 ῥομφαίαν
1558 4043 1737 4097 τιμω-

173 4110 334 4180 graui;
372 4111 609 4183 δυνάμεις
673 4111 982 4188 αἰνίττεται,
1041 4109 1134 4172 τὰς
1184 4107 1593 4184 ἓκπεμπομὲνας
1623 4131 1736 4166 παι

174 4196 216 4268 ᾗὶ
241 4198 387 4271 Κυρίου
418 4201 544 4276 πρὸς
575 4197 882 4274 ἐπικουρίαν
917 4204 1021 4253 τῶν
1055 4195 1293 4261 δικαίων,

232 4261 365 4342 Εἶπον
389 4261 638 4368 ticali,
683 4261 807 4363 μού’
841 4286 1085 4359 Σωτηρία
1129 4287 1226 4343 σού
1281 4288 1386 4364 εἰμι
1419 4288 1549 4367 ἐγώ.
1580 4286 1744 4346 Τοῦτό
1765 4261 1809 4312 D

179 4391 235 4443 Ii,
258 4377 384 4451 οησῑν
410 4378 533 4432 αἷτῶ
584 4379 762 4433 εἰπεῖν
790 4381 858 4452 τῇ
884 4380 1042 4455 ψυχῇ
1069 4397 1194 4451 μου,
1229 4377 1302 4442 ὡς
1355 4378 1559 4455 γενήσῃ
1609 4375 1746 4452 αὒτῇ

180 4459 315 4529 βσηθός
323 4510 336 4523 .

234 4545 708 4632 Ἀποστραφήτωσαν
759 4555 832 4616 εἷς
877 4553 941 4608 τὰ
997 4553 1190 4611 ὀπίσω.
1228 4552 1634 4632 Εὖεργετοῦνται
1698 4556 1744 4611 οἱ

185 4635 252 4692 ἀπὸ
282 4646 361 4707 τῆς
388 4643 567 4720 ἆρετῆς
597 4643 685 4700 ἐπὶ
711 4643 808 4711 τὴν
839 4641 1025 4698 κακίαν
1089 4638 1380 4718 ὁδεύοντες,
1431 4641 1522 4698 ἐὰν
1565 4644 1639 4706 εἷς
1681 4645 1746 4701 τὰ

186 4723 301 4783 hiem
335 4729 702 4812 ἐπιστραφῶσιν
715 4777 726 4792 .

237 4812 421 4875 Ἐλθέτω
447 4823 584 4895 αὗτῷ
625 4823 662 4888 ἡ
694 4823 850 4898 παγὶς
893 4820 959 4890 ἣν
995 4822 1054 4877 οὔ
1096 4820 1370 4898 γινώσκει,
1428 4821 1514 4876 καὶ
1550 4821 1581 4889 ἡ
1611 4821 1746 4898 θήρα

185 4902 227 4967 ἢν
246 4903 426 4984 ἔκρυψεν
467 4907 771 4967 ωλλαῦἐτω
816 4910 995 4984 αὐτὸν,
1027 4911 1116 4966 καὶ
1144 4908 1199 4964 ἰν
1230 4914 1296 4985 τῇ
1328 4907 1508 4986 παγίδι
1549 4925 1743 4968 πεσεῖ-

185 4998 301 5050 τιιὲν
324 5001 458 5074 am.
492 4999 853 5080 Ἀντεστράφη
885 5000 985 5078 γὰρ
1046 5000 1121 5063 εἷς
1155 4997 1388 5078 κεφαλὰς
1433 5003 1676 5078 πονηρῶν
1707 5001 1741 5069 ἡ

186 5083 314 5158 τηυξ.
352 5089 693 5164 Θηρεύσαντες
743 5089 866 5168 γὰρ,
901 5089 975 5152 εἷς
1018 5089 1237 5145 θάνατον
1283 5087 1736 5166 ἆοτηγρεύθησαν,

186 5171 242 5223 ul
261 5175 430 5247 θανάτῳ
455 5175 841 5255 παραδίδονται.

237 5256 285 5315 Ἠ
309 5259 353 5317 δὲ
380 5267 520 5344 ψυχή
573 5289 672 5341 μου
728 5263 1107 5344 ἀγαλλιάσεται
1163 5265 1248 5324 ἐπὶ
1290 5273 1368 5342 τῷ
1424 5265 1618 5344 Κυρίῳο
1677 5267 1738 5324 Ol

185 5345 250 5414 μὲν
289 5350 360 5407 οἷν
409 5356 499 5422 τὴν
548 5356 726 5434 πάγην
783 5355 1150 5432 ὲξηρτυκότες,
1221 5357 1311 5413 καὶ
1366 5357 1428 5412 τὸ
1496 5353 1594 5423 τῆς
1629 5353 1742 5412 δια-

187 5436 322 5511 Ῠδιῴᾶς
360 5439 478 5501 ϐατᾶ
527 5451 618 5500 τοῦ
693 5443 905 5502 πάντων
963 5445 1120 5520 ἡμῶν
1192 5446 1442 5524 Σωτῆρος
1517 5451 1740 5524 Χριστοῦ

190 5528 387 5592 sativa;
442 5532 752 5612 σκευώρημα
774 5579 794 5608 ,
859 5535 957 5598 τὰς
1010 5538 1110 5601 τῆς
1178 5535 1253 5598 εἱς
1285 5533 1441 5592 αὐτον
1467 5535 1740 5612 παροινίας

437 5692 692 5758 Pauor“
735 5694 852 5758 Gn.
897 5690 1148 5759 XXVII.

1899 3935 1955 3992 2.
1986 3924 2378 4010 Apprehende
2421 3942 2600 3987 arma
2623 3933 2680 3987 et
2733 3935 2990 4001 scutum,
3026 3935 3083 3988 et
3114 3946 3370 4010 assurge
3399 3931 3467 3992 in

1819 4019 2201 4098 adjutorium
2226 4013 2400 4092 mihi,
2439 4020 2773 4088 etc.Arma,
2806 4024 3064 4092 scutum,
3097 4018 3344 4092 framea,
3371 4019 3468 4079 ul-

1821 4109 1998 4170 trices
2026 4103 2384 4168 adumbrant
2435 4111 2781 4183 potestates,
2829 4124 2863 4166 a
2894 4104 3148 4167 Domino
3182 4107 3256 4167 ad
3289 4125 3470 4188 opera

1823 4198 2002 4278 justis
2031 4193 2337 4257 ferendam
2369 4193 2690 4256 immissas.

1908 4285 1968 4349 3.
2009 4286 2122 4346 Dic
2145 4283 2380 4345 animo:
2408 4299 2555 4344 mere
2579 4300 2592 4345 :
2618 4281 2804 4345 Salus
2829 4290 2936 4345 tua
2967 4301 3076 4364 ego
3105 4301 3262 4346 sum.
3316 4282 3378 4344 Id
3416 4293 3472 4346 te

1825 4393 1991 4454 rogo,
2027 4371 2244 4454 inquit,
2278 4380 2342 4432 ut
2364 4371 2577 4432 animae
2611 4390 2755 4433 mea:
2803 4372 2966 4434 dicas
2997 4381 3052 4434 te
3085 4372 3168 4434 illi
3219 4372 3468 4453 adjuto-

1827 4483 1954 4526 rem
1981 4464 2267 4524 futurum.

1907 4554 1973 4615 4.
2017 4553 2396 4614 Avertantur
2425 4558 2790 4612 retrorsum.
2829 4554 2990 4613 Bene
3011 4551 3203 4631 agitur
3229 4570 3365 4614 cum
3399 4553 3472 4614 iis

1832 4642 1933 4724 qui
1954 4660 2025 4704 ex
2059 4641 2273 4703 virtute
2297 4641 2371 4702 ad
2396 4637 2677 4700 malitiam
2717 4649 3100 4712 trausmeant,
3132 4643 3179 4703 si
3213 4659 3469 4704 conver-

1831 4741 2030 4794 tantur
2056 4737 2405 4792 retrorsum.

1909 4821 1970 4882 8.
2020 4819 2228 4882 Veniat
2259 4814 2354 4878 illi
2386 4819 2642 4894 laqueus
2669 4835 2838 4896 quem
2886 4821 3155 4899 ignorat,
3191 4827 3246 4879 et
3275 4826 3471 4898 captio

1831 4926 2012 4989 quem
2045 4905 2360 4969 abscondit
2380 4905 2797 4986 apprehendat
2817 4925 2976 4982 eum,
3009 4915 3067 4969 et
3100 4913 3163 4968 in
3193 4907 3473 4989 laqueum

1826 4998 2007 5060 cadat
2038 4998 2105 5059 in
2135 4996 2360 5075 ipsum.
2391 4992 2456 5055 In
2488 5004 2664 5070 caput
2693 4994 3033 5076 iniquorum
3059 4997 3306 5077 laqueus
3336 5015 3474 5059 con-

1823 5105 2028 5148 versus
2057 5092 2171 5148 est.
2202 5086 2350 5145 Cum
2385 5083 2545 5145 enim
2577 5083 2648 5143 ad
2683 5093 2934 5146 mortem
2961 5087 3470 5168 vanerentur,ipsi

1823 5184 2031 5238 contra
2054 5179 2208 5254 capti
2237 5179 2374 5234 sunt
2395 5180 2456 5233 et
2487 5173 2661 5235 morti
2687 5174 2906 5237 traditi.

1905 5264 2201 5327 9.Anima
2233 5271 2434 5323 autem
2465 5278 2599 5322 mea
2632 5261 2956 5325 exsultabit
2987 5264 3054 5324 in
3077 5261 3473 5335 Domino.Qui

1823 5353 2099 5435 laqueum
2122 5358 2568 5432 paraverunt,et
2583 5349 2908 5430 perniciem
2926 5353 3190 5413 omnium
3205 5363 3472 5413 nostrum

1824 5439 2112 5506 Salvatori
2134 5438 2368 5503 Christo
2423 5438 2609 5499 moliti
2651 5448 2813 5510 sunt,
2847 5438 3152 5514 facinoris,
3189 5447 3248 5500 in
3279 5440 3473 5520 ipsum

1829 5531 2022 5594 modis
2045 5547 2238 5610 nuper
2265 5545 2302 5590 a
2332 5527 2507 5590 nobis
2533 5527 2872 5609 descriptis,
2929 5546 3134 5610 poenas
3179 5529 3367 5590 luent.
3403 5533 3480 5590 At

3094 5687 3154 5751 6.
