  <div class='ocr_page' id='page_1' title='image "/cluster/home/n/w/nwhite01/storage/ocr_20150623/27/hvd.32044054272802/095.png"; bbox 0 0 4006 6204; ppageno 0'>
   <div class='ocr_carea' id='block_1_1' title="bbox 473 326 3862 435">
    <p class='ocr_par' dir='ltr' id='par_1_1' title="bbox 473 326 3862 435">
     <span class='ocr_line' id='line_1_1' title="bbox 473 326 3862 435; baseline -0.002 -3"><span class='ocrx_word' id='word_1_1' title='bbox 473 369 585 433; x_wconf 79' lang='lat'><strong>179</strong></span> <span class='ocrx_word' id='word_1_2' title='bbox 1258 371 1320 435; x_wconf 92' lang='lat' dir='ltr'><strong>s.</strong></span> <span class='ocrx_word' id='word_1_3' title='bbox 1351 347 1790 434; x_wconf 75' lang='lat' dir='ltr'><strong>-ATHANASII</strong></span> <span class='ocrx_word' id='word_1_4' title='bbox 1830 326 1999 431; x_wconf 75' lang='lat' dir='ltr'><strong>opp.</strong></span> <span class='ocrx_word' id='word_1_5' title='bbox 2045 349 2240 431; x_wconf 60' lang='lat' dir='ltr'><strong>ritis</strong></span> <span class='ocrx_word' id='word_1_6' title='bbox 2281 367 2390 430; x_wconf 88' lang='lat' dir='ltr'>III.</span> <span class='ocrx_word' id='word_1_7' title='bbox 2432 391 2514 412; x_wconf 87' lang='lat'><strong>--</strong></span> <span class='ocrx_word' id='word_1_8' title='bbox 2558 347 3017 430; x_wconf 83' lang='lat' dir='ltr'><strong>EXEGETIGA.</strong></span> <span class='ocrx_word' id='word_1_9' title='bbox 3732 362 3862 428; x_wconf 79' lang='lat'><strong>180</strong></span> 
     </span>
    </p>
   </div>
   <div class='ocr_carea' id='block_1_2' title="bbox 467 483 2119 586">
    <p class='ocr_par' dir='ltr' id='par_1_2' title="bbox 467 483 2102 584">
     <span class='ocr_line' id='line_1_2' title="bbox 467 483 2102 584; baseline -0.002 -17"><span class='ocrx_word' id='word_1_10' title='bbox 467 504 704 567; x_wconf 85' lang='lat' dir='ltr'><strong>modica</strong></span> <span class='ocrx_word' id='word_1_11' title='bbox 726 485 967 568; x_wconf 73' lang='lat' dir='ltr'><strong>Domini</strong></span> <span class='ocrx_word' id='word_1_12' title='bbox 993 489 1440 584; x_wconf 61' lang='lat' dir='ltr'><strong>“misericordia,</strong></span> <span class='ocrx_word' id='word_1_13' title='bbox 1462 497 1874 584; x_wconf 57' lang='lat' dir='ltr'><strong>qua&#39;m&#39;omnes</strong></span> <span class='ocrx_word' id='word_1_14' title='bbox 1898 483 2102 567; x_wconf 85' lang='lat' dir='ltr'><strong>mundi</strong></span> 
     </span>
    </p>
   </div>
   <div class='ocr_carea' id='block_1_3' title="bbox 2229 483 3858 586">
    <p class='ocr_par' dir='ltr' id='par_1_3' title="bbox 2229 484 3858 583">
     <span class='ocr_line' id='line_1_3' title="bbox 2229 484 3858 583; baseline 0 -23"><span class='ocrx_word' id='word_1_15' title='bbox 2229 507 2308 576; x_wconf 68' lang='lat' dir='ltr'><strong>in</strong></span> <span class='ocrx_word' id='word_1_16' title='bbox 2373 503 2562 583; x_wconf 77' lang='grc' dir='ltr'>μικρὸν</span> <span class='ocrx_word' id='word_1_17' title='bbox 2593 497 2744 566; x_wconf 75' lang='grc' dir='ltr'>ἔλεος</span> <span class='ocrx_word' id='word_1_18' title='bbox 2773 484 2868 560; x_wconf 40' lang='lat' dir='ltr'><strong>to?)</strong></span> <span class='ocrx_word' id='word_1_19' title='bbox 2919 499 3106 582; x_wconf 74' lang='grc' dir='ltr'><strong>Κιῖρίού</strong></span> <span class='ocrx_word' id='word_1_20' title='bbox 3134 497 3264 578; x_wconf 68' lang='grc' dir='ltr'>ὅπερ</span> <span class='ocrx_word' id='word_1_21' title='bbox 3294 496 3486 576; x_wconf 66' lang='grc' dir='ltr'>πάντα</span> <span class='ocrx_word' id='word_1_22' title='bbox 3524 494 3615 560; x_wconf 78' lang='grc' dir='ltr'>τὸν</span> <span class='ocrx_word' id='word_1_23' title='bbox 3674 502 3858 560; x_wconf 81' lang='grc' dir='ltr'>πλοῦ-</span> 
     </span>
    </p>
   </div>
   <div class='ocr_carea' id='block_1_4' title="bbox 469 587 2119 677">
    <p class='ocr_par' dir='ltr' id='par_1_4' title="bbox 469 587 2012 677">
     <span class='ocr_line' id='line_1_4' title="bbox 469 587 2012 677; baseline -0.006 -21"><span class='ocrx_word' id='word_1_24' title='bbox 469 595 743 677; x_wconf 65' lang='lat' dir='ltr'><strong>divitiae].</strong></span> <span class='ocrx_word' id='word_1_25' title='bbox 1135 595 1144 598; x_wconf 81' lang='grc'><em>’</em></span> <span class='ocrx_word' id='word_1_26' title='bbox 1421 604 1429 610; x_wconf 90' lang='grc'><strong>·</strong></span> <span class='ocrx_word' id='word_1_27' title='bbox 1593 593 1602 602; x_wconf 87' lang='grc'><strong>“</strong></span> <span class='ocrx_word' id='word_1_28' title='bbox 1625 617 1630 624; x_wconf 83' lang='grc'>·</span> <span class='ocrx_word' id='word_1_29' title='bbox 1833 591 1836 594; x_wconf 81' lang='grc'><strong>’</strong></span> <span class='ocrx_word' id='word_1_30' title='bbox 2009 587 2012 592; x_wconf 85' lang='grc'><em>’</em></span> 
     </span>
    </p>
   </div>
   <div class='ocr_carea' id='block_1_5' title="bbox 2229 587 3668 677">
    <p class='ocr_par' dir='ltr' id='par_1_5' title="bbox 2229 587 3668 674">
     <span class='ocr_line' id='line_1_5' title="bbox 2229 587 3668 674; baseline 0.001 -23"><span class='ocrx_word' id='word_1_31' title='bbox 2229 615 2291 651; x_wconf 54' lang='grc' dir='ltr'><strong>νον</strong></span> <span class='ocrx_word' id='word_1_32' title='bbox 2322 595 2414 653; x_wconf 76' lang='grc' dir='ltr'>τοι)</span> <span class='ocrx_word' id='word_1_33' title='bbox 2431 593 2694 674; x_wconf 61' lang='grc' dir='ltr'>κόσμου]</span> <span class='ocrx_word' id='word_1_34' title='bbox 2965 593 2976 600; x_wconf 72' lang='grc'><em>’</em></span> <span class='ocrx_word' id='word_1_35' title='bbox 3055 591 3062 606; x_wconf 79' lang='grc'><em>’</em></span> <span class='ocrx_word' id='word_1_36' title='bbox 3305 587 3320 592; x_wconf 49' lang='grc'><em>”</em></span> <span class='ocrx_word' id='word_1_37' title='bbox 3665 587 3668 590; x_wconf 41' lang='grc'><strong>’</strong></span> 
     </span>
    </p>
   </div>
   <div class='ocr_carea' id='block_1_6' title="bbox 555 675 2119 764">
    <p class='ocr_par' dir='ltr' id='par_1_6' title="bbox 555 675 2119 764">
     <span class='ocr_line' id='line_1_6' title="bbox 555 675 2119 764; baseline -0.002 -16"><span class='ocrx_word' id='word_1_38' title='bbox 555 687 614 748; x_wconf 91' lang='grc'><strong>8.</strong></span> <span class='ocrx_word' id='word_1_39' title='bbox 652 675 873 747; x_wconf 81' lang='lat' dir='ltr'><strong>Desine</strong></span> <span class='ocrx_word' id='word_1_40' title='bbox 917 685 992 746; x_wconf 87' lang='lat' dir='ltr'><strong>ab</strong></span> <span class='ocrx_word' id='word_1_41' title='bbox 1034 685 1154 764; x_wconf 82' lang='lat' dir='ltr'><strong>ira,</strong></span> <span class='ocrx_word' id='word_1_42' title='bbox 1187 691 1266 745; x_wconf 79' lang='lat' dir='ltr'><strong>et</strong></span> <span class='ocrx_word' id='word_1_43' title='bbox 1291 682 1647 762; x_wconf 80' lang='lat' dir='ltr'><strong>derelinque</strong></span> <span class='ocrx_word' id='word_1_44' title='bbox 1691 681 1992 761; x_wconf 84' lang='lat' dir='ltr'><strong>furorem.</strong></span> <span class='ocrx_word' id='word_1_45' title='bbox 2034 681 2119 746; x_wconf 88' lang='lat' dir='ltr'><strong>Ne</strong></span> 
     </span>
    </p>
   </div>
   <div class='ocr_carea' id='block_1_7' title="bbox 2229 675 3868 764">
    <p class='ocr_par' dir='ltr' id='par_1_7' title="bbox 2250 675 3868 763">
     <span class='ocr_line' id='line_1_7' title="bbox 2250 675 3868 763; baseline -0.004 -22"><span class='ocrx_word' id='word_1_46' title='bbox 2250 690 2484 756; x_wconf 43' lang='grc' dir='ltr'>,Παῦσαι</span> <span class='ocrx_word' id='word_1_47' title='bbox 2541 685 2650 741; x_wconf 77' lang='grc' dir='ltr'><strong>ἀπὸ</strong></span> <span class='ocrx_word' id='word_1_48' title='bbox 2698 684 2887 763; x_wconf 74' lang='grc' dir='ltr'>ὀργῆς,</span> <span class='ocrx_word' id='word_1_49' title='bbox 2966 683 3054 738; x_wconf 83' lang='grc' dir='ltr'>καὶ</span> <span class='ocrx_word' id='word_1_50' title='bbox 3111 675 3465 759; x_wconf 69' lang='grc' dir='ltr'>ἐγκατάλειπέ</span> <span class='ocrx_word' id='word_1_51' title='bbox 3522 677 3706 758; x_wconf 63' lang='grc' dir='ltr'>θυμόν.</span> <span class='ocrx_word' id='word_1_52' title='bbox 3768 681 3868 748; x_wconf 73' lang='grc' dir='ltr'><strong>Μὴ</strong></span> 
     </span>
    </p>
   </div>
   <div class='ocr_carea' id='block_1_8' title="bbox 471 767 2119 858">
    <p class='ocr_par' dir='ltr' id='par_1_8' title="bbox 471 769 2118 858">
     <span class='ocr_line' id='line_1_8' title="bbox 471 769 2118 858; baseline -0.001 -22"><span class='ocrx_word' id='word_1_53' title='bbox 471 774 758 854; x_wconf 79' lang='lat' dir='ltr'><strong>reSpicias</strong></span> <span class='ocrx_word' id='word_1_54' title='bbox 809 773 1266 858; x_wconf 83' lang='lat' dir='ltr'><strong>prosperitatem</strong></span> <span class='ocrx_word' id='word_1_55' title='bbox 1329 773 1560 848; x_wconf 80' lang='lat' dir='ltr'><strong>eorum,</strong></span> <span class='ocrx_word' id='word_1_56' title='bbox 1619 769 1724 833; x_wconf 85' lang='lat' dir='ltr'><strong>sed</strong></span> <span class='ocrx_word' id='word_1_57' title='bbox 1778 779 2118 858; x_wconf 86' lang='lat' dir='ltr'><strong>exspectato</strong></span> 
     </span>
    </p>
   </div>
   <div class='ocr_carea' id='block_1_9' title="bbox 2229 767 3869 858">
    <p class='ocr_par' dir='ltr' id='par_1_9' title="bbox 2229 767 3869 852">
     <span class='ocr_line' id='line_1_9' title="bbox 2229 767 3869 852; baseline -0.001 -24"><span class='ocrx_word' id='word_1_58' title='bbox 2229 770 2324 852; x_wconf 76' lang='grc' dir='ltr'><strong>δῃς</strong></span> <span class='ocrx_word' id='word_1_59' title='bbox 2355 771 2534 831; x_wconf 76' lang='grc' dir='ltr'>αὐτῶν</span> <span class='ocrx_word' id='word_1_60' title='bbox 2584 773 2683 842; x_wconf 79' lang='grc' dir='ltr'>τὴν</span> <span class='ocrx_word' id='word_1_61' title='bbox 2741 771 3052 850; x_wconf 74' lang='grc' dir='ltr'>εὖημερίᾶν,</span> <span class='ocrx_word' id='word_1_62' title='bbox 3115 767 3251 828; x_wconf 76' lang='grc' dir='ltr'><strong>ἄλλά</strong></span> <span class='ocrx_word' id='word_1_63' title='bbox 3283 794 3602 850; x_wconf 80' lang='grc' dir='ltr'>προσμεινον</span> <span class='ocrx_word' id='word_1_64' title='bbox 3662 773 3722 828; x_wconf 82' lang='grc' dir='ltr'>τὸ</span> <span class='ocrx_word' id='word_1_65' title='bbox 3774 769 3869 827; x_wconf 79' lang='grc' dir='ltr'><strong>τέ-</strong></span> 
     </span>
    </p>
   </div>
   <div class='ocr_carea' id='block_1_10' title="bbox 471 857 2119 944">
    <p class='ocr_par' dir='ltr' id='par_1_10' title="bbox 471 857 2114 944">
     <span class='ocr_line' id='line_1_10' title="bbox 471 857 2114 944; baseline -0.002 -18"><span class='ocrx_word' id='word_1_66' title='bbox 471 865 678 939; x_wconf 84' lang='lat' dir='ltr'><strong>ﬁnem,</strong></span> <span class='ocrx_word' id='word_1_67' title='bbox 699 872 776 924; x_wconf 46' lang='lat' dir='ltr'><strong>oet</strong></span> <span class='ocrx_word' id='word_1_68' title='bbox 805 861 1417 941; x_wconf 69' lang='lat' dir='ltr'><strong>videbis&#39;perniciem.</strong></span> <span class='ocrx_word' id='word_1_69' title='bbox 1446 859 1540 922; x_wconf 86' lang='lat' dir='ltr'><strong>Ira</strong></span> <span class='ocrx_word' id='word_1_70' title='bbox 1566 861 1767 923; x_wconf 77' lang='lat' dir='ltr'><strong>autem</strong></span> <span class='ocrx_word' id='word_1_71' title='bbox 1809 865 1900 922; x_wconf 87' lang='lat' dir='ltr'><strong>est</strong></span> <span class='ocrx_word' id='word_1_72' title='bbox 1930 857 2114 944; x_wconf 79' lang='lat' dir='ltr'><strong>appe-</strong></span> 
     </span>
    </p>
   </div>
   <div class='ocr_carea' id='block_1_11' title="bbox 2229 857 3868 944">
    <p class='ocr_par' dir='ltr' id='par_1_11' title="bbox 2235 857 3868 944">
     <span class='ocr_line' id='line_1_11' title="bbox 2235 857 3868 944; baseline -0.002 -25"><span class='ocrx_word' id='word_1_73' title='bbox 2235 885 2312 940; x_wconf 84' lang='grc' dir='ltr'><strong>ος,</strong></span> <span class='ocrx_word' id='word_1_74' title='bbox 2345 863 2434 934; x_wconf 81' lang='grc' dir='ltr'><strong>καί</strong></span> <span class='ocrx_word' id='word_1_75' title='bbox 2463 861 2583 939; x_wconf 76' lang='grc' dir='ltr'>δ’ψει</span> <span class='ocrx_word' id='word_1_76' title='bbox 2629 864 2718 918; x_wconf 82' lang='grc' dir='ltr'>τὸν</span> <span class='ocrx_word' id='word_1_77' title='bbox 2749 861 2983 938; x_wconf 81' lang='grc' dir='ltr'>ὄλεθρον.</span> <span class='ocrx_word' id='word_1_78' title='bbox 3012 859 3180 940; x_wconf 69' lang='grc' dir='ltr'>Ὀργὴ</span> <span class='ocrx_word' id='word_1_79' title='bbox 3235 859 3290 917; x_wconf 76' lang='grc' dir='ltr'>δὲ</span> <span class='ocrx_word' id='word_1_80' title='bbox 3335 864 3477 918; x_wconf 65' lang='grc' dir='ltr'>ἔστιν</span> <span class='ocrx_word' id='word_1_81' title='bbox 3537 857 3708 944; x_wconf 73' lang='grc' dir='ltr'>ὄρεξις</span> <span class='ocrx_word' id='word_1_82' title='bbox 3768 883 3868 916; x_wconf 90' lang='grc' dir='ltr'>τι-</span> 
     </span>
    </p>
   </div>
   <div class='ocr_carea' id='block_1_12' title="bbox 469 947 2119 1031">
    <p class='ocr_par' dir='ltr' id='par_1_12' title="bbox 469 949 2106 1016">
     <span class='ocr_line' id='line_1_12' title="bbox 469 949 2106 1016; baseline -0.002 0"><span class='ocrx_word' id='word_1_83' title='bbox 469 954 617 1016; x_wconf 90' lang='lat' dir='ltr'><strong>titus</strong></span> <span class='ocrx_word' id='word_1_84' title='bbox 653 953 964 1015; x_wconf 56' lang='lat' dir='ltr'><strong>vindicta:</strong></span> <span class='ocrx_word' id='word_1_85' title='bbox 1027 951 1286 1012; x_wconf 77' lang='lat' dir='ltr'><strong>vindicta</strong></span> <span class='ocrx_word' id='word_1_86' title='bbox 1334 957 1529 1012; x_wconf 88' lang='lat' dir='ltr'><strong>autem</strong></span> <span class='ocrx_word' id='word_1_87' title='bbox 1591 949 1732 1012; x_wconf 90' lang='lat' dir='ltr'><strong>mali</strong></span> <span class='ocrx_word' id='word_1_88' title='bbox 1772 950 2106 1015; x_wconf 72' lang='lat' dir='ltr'><strong>retributio.</strong></span> 
     </span>
    </p>
   </div>
   <div class='ocr_carea' id='block_1_13' title="bbox 2229 947 3868 1031">
    <p class='ocr_par' dir='ltr' id='par_1_13' title="bbox 2229 947 3868 1031">
     <span class='ocr_line' id='line_1_13' title="bbox 2229 947 3868 1031; baseline -0.002 -23"><span class='ocrx_word' id='word_1_89' title='bbox 2229 951 2400 1031; x_wconf 59' lang='grc' dir='ltr'>μωρίας</span> <span class='ocrx_word' id='word_1_90' title='bbox 2449 971 2462 986; x_wconf 88' lang='grc'><strong>·</strong></span> <span class='ocrx_word' id='word_1_91' title='bbox 2509 952 2763 1030; x_wconf 79' lang='grc' dir='ltr'>’τιμωρία</span> <span class='ocrx_word' id='word_1_92' title='bbox 2821 949 2876 1008; x_wconf 78' lang='grc' dir='ltr'>δὲ</span> <span class='ocrx_word' id='word_1_93' title='bbox 2929 951 3038 1007; x_wconf 68' lang='grc' dir='ltr'>ἐστι</span> <span class='ocrx_word' id='word_1_94' title='bbox 3097 947 3263 1026; x_wconf 71' lang='grc' dir='ltr'>κακοῦ</span> <span class='ocrx_word' id='word_1_95' title='bbox 3316 947 3704 1016; x_wconf 83' lang='grc' dir='ltr'>ἀνταπόδοσις.</span> <span class='ocrx_word' id='word_1_96' title='bbox 3769 950 3868 1016; x_wconf 73' lang='grc' dir='ltr'><strong>Μὴ</strong></span> 
     </span>
    </p>
   </div>
   <div class='ocr_carea' id='block_1_14' title="bbox 470 1037 2119 1120">
    <p class='ocr_par' dir='ltr' id='par_1_14' title="bbox 470 1037 2113 1120">
     <span class='ocr_line' id='line_1_14' title="bbox 470 1037 2113 1120; baseline -0.001 -14"><span class='ocrx_word' id='word_1_97' title='bbox 470 1042 614 1108; x_wconf 88' lang='lat' dir='ltr'><strong>Noli</strong></span> <span class='ocrx_word' id='word_1_98' title='bbox 643 1042 930 1105; x_wconf 69' lang='lat' dir='ltr'><strong>aemulari</strong></span> <span class='ocrx_word' id='word_1_99' title='bbox 960 1047 1028 1103; x_wconf 84' lang='lat' dir='ltr'><strong>ut</strong></span> <span class='ocrx_word' id='word_1_100' title='bbox 1056 1039 1436 1120; x_wconf 74' lang='lat' dir='ltr'><strong>maligneris.</strong></span> <span class='ocrx_word' id='word_1_101' title='bbox 1464 1037 1658 1101; x_wconf 88' lang='lat' dir='ltr'><strong>Probe</strong></span> <span class='ocrx_word' id='word_1_102' title='bbox 1689 1045 1844 1103; x_wconf 92' lang='lat' dir='ltr'><strong>nosti</strong></span> <span class='ocrx_word' id='word_1_103' title='bbox 1888 1041 2048 1118; x_wconf 91' lang='lat' dir='ltr'><strong>quod</strong></span> <span class='ocrx_word' id='word_1_104' title='bbox 2070 1041 2113 1104; x_wconf 92' lang='lat' dir='ltr'><strong>ii</strong></span> 
     </span>
    </p>
   </div>
   <div class='ocr_carea' id='block_1_15' title="bbox 2229 1037 3866 1120">
    <p class='ocr_par' dir='ltr' id='par_1_15' title="bbox 2229 1039 3866 1120">
     <span class='ocr_line' id='line_1_15' title="bbox 2229 1039 3866 1120; baseline -0.002 -23"><span class='ocrx_word' id='word_1_105' title='bbox 2229 1039 2503 1120; x_wconf 77' lang='grc' dir='ltr'>ταραζῆλοο</span> <span class='ocrx_word' id='word_1_106' title='bbox 2559 1041 2699 1099; x_wconf 81' lang='grc' dir='ltr'>ὥστε</span> <span class='ocrx_word' id='word_1_107' title='bbox 2743 1041 3144 1120; x_wconf 81' lang='grc' dir='ltr'>πονηρεύεσθαι.</span> <span class='ocrx_word' id='word_1_108' title='bbox 3181 1040 3251 1098; x_wconf 74' lang='grc' dir='ltr'><strong>Εὖ</strong></span> <span class='ocrx_word' id='word_1_109' title='bbox 3314 1039 3454 1116; x_wconf 79' lang='grc' dir='ltr'>ἴσθι,</span> <span class='ocrx_word' id='word_1_110' title='bbox 3515 1040 3595 1098; x_wconf 74' lang='grc' dir='ltr'><strong>ὅτι</strong></span> <span class='ocrx_word' id='word_1_111' title='bbox 3657 1043 3704 1098; x_wconf 79' lang='grc' dir='ltr'><strong>οἱ</strong></span> <span class='ocrx_word' id='word_1_112' title='bbox 3757 1039 3866 1115; x_wconf 76' lang='grc' dir='ltr'><strong>μὲν</strong></span> 
     </span>
    </p>
   </div>
   <div class='ocr_carea' id='block_1_16' title="bbox 470 1127 2119 1212">
    <p class='ocr_par' dir='ltr' id='par_1_16' title="bbox 470 1128 2113 1212">
     <span class='ocr_line' id='line_1_16' title="bbox 470 1128 2113 1212; baseline 0 -20"><span class='ocrx_word' id='word_1_113' title='bbox 470 1132 574 1212; x_wconf 89' lang='lat' dir='ltr'><strong>qui</strong></span> <span class='ocrx_word' id='word_1_114' title='bbox 606 1133 679 1197; x_wconf 86' lang='lat' dir='ltr'><strong>ad</strong></span> <span class='ocrx_word' id='word_1_115' title='bbox 710 1130 992 1192; x_wconf 75' lang='lat' dir='ltr'><strong>divinam&#39;</strong></span> <span class='ocrx_word' id='word_1_116' title='bbox 1021 1149 1086 1192; x_wconf 89' lang='lat' dir='ltr'><strong>se</strong></span> <span class='ocrx_word' id='word_1_117' title='bbox 1133 1147 1300 1210; x_wconf 85' lang='lat' dir='ltr'><strong>spem</strong></span> <span class='ocrx_word' id='word_1_118' title='bbox 1360 1128 1814 1210; x_wconf 87' lang='lat' dir='ltr'><strong>commiserunt,</strong></span> <span class='ocrx_word' id='word_1_119' title='bbox 1856 1137 1913 1192; x_wconf 90' lang='lat' dir='ltr'><strong>et</strong></span> <span class='ocrx_word' id='word_1_120' title='bbox 1959 1129 2113 1209; x_wconf 77' lang='lat' dir='ltr'><strong>frugi</strong></span> 
     </span>
    </p>
   </div>
   <div class='ocr_carea' id='block_1_17' title="bbox 2229 1127 3868 1212">
    <p class='ocr_par' dir='ltr' id='par_1_17' title="bbox 2229 1127 3868 1211">
     <span class='ocr_line' id='line_1_17' title="bbox 2229 1127 3868 1211; baseline -0.003 -24"><span class='ocrx_word' id='word_1_121' title='bbox 2229 1135 2294 1198; x_wconf 77' lang='grc' dir='ltr'>ἧς</span> <span class='ocrx_word' id='word_1_122' title='bbox 2323 1131 2465 1195; x_wconf 82' lang='grc' dir='ltr'>θείας</span> <span class='ocrx_word' id='word_1_123' title='bbox 2498 1127 2707 1193; x_wconf 74' lang='grc' dir='ltr'>ἐλπίδος</span> <span class='ocrx_word' id='word_1_124' title='bbox 2741 1135 2876 1211; x_wconf 71' lang='grc' dir='ltr'>σφᾶς</span> <span class='ocrx_word' id='word_1_125' title='bbox 2927 1129 3113 1193; x_wconf 73' lang='grc' dir='ltr'>αὐτοὺς</span> <span class='ocrx_word' id='word_1_126' title='bbox 3161 1129 3580 1210; x_wconf 68' lang='grc' dir='ltr'>ἀναρτήσαντες,</span> <span class='ocrx_word' id='word_1_127' title='bbox 3626 1130 3718 1187; x_wconf 80' lang='grc' dir='ltr'><strong>καὶ</strong></span> <span class='ocrx_word' id='word_1_128' title='bbox 3765 1130 3868 1186; x_wconf 78' lang='grc' dir='ltr'><strong>τὸν</strong></span> 
     </span>
    </p>
   </div>
   <div class='ocr_carea' id='block_1_18' title="bbox 470 1214 2119 1304">
    <p class='ocr_par' dir='ltr' id='par_1_18' title="bbox 470 1217 2112 1304">
     <span class='ocr_line' id='line_1_18' title="bbox 470 1217 2112 1304; baseline 0.001 -23"><span class='ocrx_word' id='word_1_129' title='bbox 470 1223 646 1283; x_wconf 85' lang='lat' dir='ltr'><strong>vitam</strong></span> <span class='ocrx_word' id='word_1_130' title='bbox 680 1222 1060 1302; x_wconf 79' lang='lat' dir='ltr'><strong>delegerunt,</strong></span> <span class='ocrx_word' id='word_1_131' title='bbox 1093 1238 1228 1304; x_wconf 84' lang='lat' dir='ltr'><strong>cum</strong></span> <span class='ocrx_word' id='word_1_132' title='bbox 1260 1217 1689 1300; x_wconf 75' lang='lat' dir='ltr'><strong>tranquillitate</strong></span> <span class='ocrx_word' id='word_1_133' title='bbox 1749 1217 1806 1282; x_wconf 84' lang='lat' dir='ltr'><strong>et</strong></span> <span class='ocrx_word' id='word_1_134' title='bbox 1857 1238 2023 1301; x_wconf 83' lang='lat' dir='ltr'><strong>pace,</strong></span> <span class='ocrx_word' id='word_1_135' title='bbox 2054 1229 2112 1283; x_wconf 93' lang='lat' dir='ltr'><strong>et</strong></span> 
     </span>
    </p>
   </div>
   <div class='ocr_carea' id='block_1_19' title="bbox 2229 1214 3866 1304">
    <p class='ocr_par' dir='ltr' id='par_1_19' title="bbox 2229 1214 3866 1299">
     <span class='ocr_line' id='line_1_19' title="bbox 2229 1214 3866 1299; baseline -0.001 -23"><span class='ocrx_word' id='word_1_136' title='bbox 2229 1221 2405 1289; x_wconf 75' lang='grc' dir='ltr'>πιεικῆ</span> <span class='ocrx_word' id='word_1_137' title='bbox 2460 1218 2875 1299; x_wconf 75' lang='grc' dir='ltr'>προαιρούμενοι</span> <span class='ocrx_word' id='word_1_138' title='bbox 2931 1221 3043 1296; x_wconf 72' lang='grc' dir='ltr'>βίοι</span> <span class='ocrx_word' id='word_1_139' title='bbox 3075 1265 3092 1294; x_wconf 91' lang='grc'><strong>,</strong></span> <span class='ocrx_word' id='word_1_140' title='bbox 3155 1219 3209 1276; x_wconf 76' lang='grc' dir='ltr'>ἐν</span> <span class='ocrx_word' id='word_1_141' title='bbox 3290 1219 3678 1299; x_wconf 71' lang='grc' dir='ltr'><strong>ἀπραγμοσύνῃ</strong></span> <span class='ocrx_word' id='word_1_142' title='bbox 3764 1214 3866 1274; x_wconf 77' lang='grc' dir='ltr'><strong>καὶ</strong></span> 
     </span>
    </p>
   </div>
   <div class='ocr_carea' id='block_1_20' title="bbox 467 1308 2114 1390">
    <p class='ocr_par' dir='ltr' id='par_1_20' title="bbox 467 1308 2114 1390">
     <span class='ocr_line' id='line_1_20' title="bbox 467 1308 2114 1390; baseline -0.001 -17"><span class='ocrx_word' id='word_1_143' title='bbox 467 1311 773 1390; x_wconf 88' lang='lat' dir='ltr'><strong>voluptate</strong></span> <span class='ocrx_word' id='word_1_144' title='bbox 805 1311 1054 1388; x_wconf 86' lang='lat' dir='ltr'><strong>degunt,</strong></span> <span class='ocrx_word' id='word_1_145' title='bbox 1092 1309 1321 1370; x_wconf 82' lang='lat' dir='ltr'><strong>ﬁrmam</strong></span> <span class='ocrx_word' id='word_1_146' title='bbox 1356 1308 1690 1370; x_wconf 78' lang='lat' dir='ltr'><strong>obtinentes</strong></span> <span class='ocrx_word' id='word_1_147' title='bbox 1733 1309 2114 1372; x_wconf 65' lang='lat' dir='ltr'><strong>conscientia;</strong></span> 
     </span>
    </p>
   </div>
   <div class='ocr_carea' id='block_1_21' title="bbox 469 1401 2115 1482">
    <p class='ocr_par' dir='ltr' id='par_1_21' title="bbox 469 1401 2115 1482">
     <span class='ocr_line' id='line_1_21' title="bbox 469 1401 2115 1482; baseline -0.002 -18"><span class='ocrx_word' id='word_1_148' title='bbox 469 1402 830 1482; x_wconf 88' lang='lat' dir='ltr'><strong>puritatem;</strong></span> <span class='ocrx_word' id='word_1_149' title='bbox 877 1402 981 1482; x_wconf 87' lang='lat' dir='ltr'><strong>qui</strong></span> <span class='ocrx_word' id='word_1_150' title='bbox 1041 1405 1237 1461; x_wconf 83' lang='lat' dir='ltr'><strong>autem</strong></span> <span class='ocrx_word' id='word_1_151' title='bbox 1283 1406 1686 1479; x_wconf 74' lang='lat' dir='ltr'><strong>temporaueaa</strong></span> <span class='ocrx_word' id='word_1_152' title='bbox 1736 1401 2115 1480; x_wconf 84' lang='lat' dir='ltr'><strong>prosperitati</strong></span> 
     </span>
    </p>
   </div>
   <div class='ocr_carea' id='block_1_22' title="bbox 468 1487 2116 1573">
    <p class='ocr_par' dir='ltr' id='par_1_22' title="bbox 468 1487 2116 1573">
     <span class='ocr_line' id='line_1_22' title="bbox 468 1487 2116 1573; baseline -0.001 -21"><span class='ocrx_word' id='word_1_153' title='bbox 468 1491 682 1573; x_wconf 86' lang='lat' dir='ltr'><strong>ﬁdunt,</strong></span> <span class='ocrx_word' id='word_1_154' title='bbox 713 1498 1043 1572; x_wconf 88' lang='lat' dir='ltr'><strong>promptam</strong></span> <span class='ocrx_word' id='word_1_155' title='bbox 1074 1489 1384 1551; x_wconf 82' lang='lat' dir='ltr'><strong>invenient</strong></span> <span class='ocrx_word' id='word_1_156' title='bbox 1427 1490 1844 1565; x_wconf 87' lang='lat' dir='ltr'><strong>mutationem,</strong></span> <span class='ocrx_word' id='word_1_157' title='bbox 1877 1497 1937 1552; x_wconf 90' lang='lat' dir='ltr'><strong>et</strong></span> <span class='ocrx_word' id='word_1_158' title='bbox 1965 1487 2116 1551; x_wconf 90' lang='lat' dir='ltr'><strong>obli-</strong></span> 
     </span>
    </p>
   </div>
   <div class='ocr_carea' id='block_1_23' title="bbox 468 1578 1534 1660">
    <p class='ocr_par' dir='ltr' id='par_1_23' title="bbox 468 1578 1534 1660">
     <span class='ocr_line' id='line_1_23' title="bbox 468 1578 1534 1660; baseline -0.003 -21"><span class='ocrx_word' id='word_1_159' title='bbox 468 1579 628 1642; x_wconf 86' lang='lat' dir='ltr'><strong>vioni</strong></span> <span class='ocrx_word' id='word_1_160' title='bbox 663 1581 897 1660; x_wconf 89' lang='lat' dir='ltr'><strong>penitus</strong></span> <span class='ocrx_word' id='word_1_161' title='bbox 935 1578 1266 1640; x_wconf 86' lang='lat' dir='ltr'><strong>tradentur.</strong></span> <span class='ocrx_word' id='word_1_162' title='bbox 1531 1581 1534 1584; x_wconf 83' lang='grc'><strong>’</strong></span> 
     </span>
    </p>
   </div>
   <div class='ocr_carea' id='block_1_24' title="bbox 553 1665 2120 1747">
    <p class='ocr_par' dir='ltr' id='par_1_24' title="bbox 553 1665 2120 1747">
     <span class='ocr_line' id='line_1_24' title="bbox 553 1665 2120 1747; baseline 0.003 -18"><span class='ocrx_word' id='word_1_163' title='bbox 553 1668 920 1747; x_wconf 76' lang='lat' dir='ltr'><strong>tO.thuwr</strong></span> <span class='ocrx_word' id='word_1_164' title='bbox 931 1686 992 1730; x_wconf 82' lang='lat' dir='ltr'><strong>es</strong></span> <span class='ocrx_word' id='word_1_165' title='bbox 1017 1670 1208 1729; x_wconf 84' lang='lat' dir='ltr'><strong>locum</strong></span> <span class='ocrx_word' id='word_1_166' title='bbox 1227 1668 1362 1745; x_wconf 83' lang='lat' dir='ltr'><strong>ejus</strong></span> <span class='ocrx_word' id='word_1_167' title='bbox 1383 1673 1442 1728; x_wconf 83' lang='lat' dir='ltr'><strong>et</strong></span> <span class='ocrx_word' id='word_1_168' title='bbox 1463 1683 1586 1747; x_wconf 72' lang='lat' dir='ltr'><strong>non</strong></span> <span class='ocrx_word' id='word_1_169' title='bbox 1606 1665 2120 1733; x_wconf 79' lang='lat' dir='ltr'><strong>invenies.Simile</strong></span> 
     </span>
    </p>
   </div>
   <div class='ocr_carea' id='block_1_25' title="bbox 471 1743 2035 1838">
    <p class='ocr_par' dir='ltr' id='par_1_25' title="bbox 471 1743 2035 1838">
     <span class='ocr_line' id='line_1_25' title="bbox 471 1743 2035 1838; baseline 0.001 -19"><span class='ocrx_word' id='word_1_170' title='bbox 471 1757 630 1820; x_wconf 91' lang='lat' dir='ltr'><strong>dicto</strong></span> <span class='ocrx_word' id='word_1_171' title='bbox 662 1743 837 1820; x_wconf 85' lang='lat' dir='ltr'><strong>huic:</strong></span> <span class='ocrx_word' id='word_1_172' title='bbox 874 1757 1060 1838; x_wconf 79' lang='lat' dir='ltr'><strong>[mpii</strong></span> <span class='ocrx_word' id='word_1_173' title='bbox 1101 1743 1304 1819; x_wconf 80' lang='lat' dir='ltr'><strong>autem</strong></span> <span class='ocrx_word' id='word_1_174' title='bbox 1333 1743 1636 1818; x_wconf 73' lang='lat' dir='ltr'><strong>radicitus</strong></span> <span class='ocrx_word' id='word_1_175' title='bbox 1657 1756 2035 1838; x_wconf 62' lang='lat' dir='ltr'><strong>peribunt&quot;.</strong></span> 
     </span>
    </p>
   </div>
   <div class='ocr_carea' id='block_1_26' title="bbox 2196 1307 3861 1389">
    <p class='ocr_par' dir='ltr' id='par_1_26' title="bbox 2196 1307 3861 1389">
     <span class='ocr_line' id='line_1_26' title="bbox 2196 1307 3861 1389; baseline -0.001 -25"><span class='ocrx_word' id='word_1_176' title='bbox 2196 1310 2376 1389; x_wconf 76' lang='grc' dir='ltr'>εἱρήνῃ</span> <span class='ocrx_word' id='word_1_177' title='bbox 2407 1307 2726 1389; x_wconf 77' lang='grc' dir='ltr'><strong>διατελοῦσι,</strong></span> <span class='ocrx_word' id='word_1_178' title='bbox 2764 1309 2963 1388; x_wconf 76' lang='grc' dir='ltr'>τρυφὴν</span> <span class='ocrx_word' id='word_1_179' title='bbox 2997 1307 3216 1388; x_wconf 74' lang='grc' dir='ltr'>ἔχοντες</span> <span class='ocrx_word' id='word_1_180' title='bbox 3250 1311 3477 1384; x_wconf 76' lang='grc' dir='ltr'><strong>μόνιμον</strong></span> <span class='ocrx_word' id='word_1_181' title='bbox 3521 1313 3613 1364; x_wconf 80' lang='grc' dir='ltr'><strong>τοῦ</strong></span> <span class='ocrx_word' id='word_1_182' title='bbox 3672 1330 3861 1365; x_wconf 83' lang='grc' dir='ltr'>συνει-</span> 
     </span>
    </p>
   </div>
   <div class='ocr_carea' id='block_1_27' title="bbox 2193 1399 3861 1480">
    <p class='ocr_par' dir='ltr' id='par_1_27' title="bbox 2193 1399 3861 1480">
     <span class='ocr_line' id='line_1_27' title="bbox 2193 1399 3861 1480; baseline -0.002 -22"><span class='ocrx_word' id='word_1_183' title='bbox 2193 1399 2350 1466; x_wconf 84' lang='grc' dir='ltr'>δότος</span> <span class='ocrx_word' id='word_1_184' title='bbox 2381 1403 2480 1470; x_wconf 80' lang='grc' dir='ltr'><strong>τὴν</strong></span> <span class='ocrx_word' id='word_1_185' title='bbox 2511 1403 2873 1480; x_wconf 74' lang='grc' dir='ltr'><strong>καθαρότητα·</strong></span> <span class='ocrx_word' id='word_1_186' title='bbox 2922 1401 2968 1456; x_wconf 84' lang='grc' dir='ltr'>οἱ</span> <span class='ocrx_word' id='word_1_187' title='bbox 3001 1399 3055 1456; x_wconf 82' lang='grc' dir='ltr'>δὲ</span> <span class='ocrx_word' id='word_1_188' title='bbox 3116 1407 3183 1477; x_wconf 76' lang='grc' dir='ltr'><strong>τῇ</strong></span> <span class='ocrx_word' id='word_1_189' title='bbox 3238 1401 3540 1479; x_wconf 75' lang='grc' dir='ltr'><strong>προσκαίρῳ</strong></span> <span class='ocrx_word' id='word_1_190' title='bbox 3598 1400 3861 1478; x_wconf 63' lang='grc' dir='ltr'><strong>εὔημερῖᾳ</strong></span> 
     </span>
    </p>
   </div>
   <div class='ocr_carea' id='block_1_28' title="bbox 2195 1486 3857 1572">
    <p class='ocr_par' dir='ltr' id='par_1_28' title="bbox 2195 1486 3857 1572">
     <span class='ocr_line' id='line_1_28' title="bbox 2195 1486 3857 1572; baseline -0.009 -24"><span class='ocrx_word' id='word_1_191' title='bbox 2195 1489 2500 1569; x_wconf 68' lang='grc' dir='ltr'>θαρροῦντες</span> <span class='ocrx_word' id='word_1_192' title='bbox 2522 1503 2756 1572; x_wconf 74' lang='grc' dir='ltr'>ταχεῖαν</span> <span class='ocrx_word' id='word_1_193' title='bbox 2787 1486 3018 1557; x_wconf 79' lang='grc' dir='ltr'>δέξονται</span> <span class='ocrx_word' id='word_1_194' title='bbox 3048 1491 3148 1558; x_wconf 67' lang='grc' dir='ltr'>τὴν</span> <span class='ocrx_word' id='word_1_195' title='bbox 3203 1488 3536 1566; x_wconf 77' lang='grc' dir='ltr'>μεταϐολῆν,</span> <span class='ocrx_word' id='word_1_196' title='bbox 3595 1491 3685 1547; x_wconf 64' lang='grc' dir='ltr'><strong>καὶ</strong></span> <span class='ocrx_word' id='word_1_197' title='bbox 3742 1489 3857 1557; x_wconf 75' lang='grc' dir='ltr'><strong>λῆ-</strong></span> 
     </span>
    </p>
   </div>
   <div class='ocr_carea' id='block_1_29' title="bbox 2197 1577 3058 1658">
    <p class='ocr_par' dir='ltr' id='par_1_29' title="bbox 2197 1577 3058 1658">
     <span class='ocr_line' id='line_1_29' title="bbox 2197 1577 3058 1658; baseline 0 -22"><span class='ocrx_word' id='word_1_198' title='bbox 2197 1583 2263 1655; x_wconf 55' lang='lat' dir='ltr'><strong>Op</strong></span> <span class='ocrx_word' id='word_1_199' title='bbox 2285 1577 2748 1658; x_wconf 78' lang='grc' dir='ltr'>παρπδοθήσονται</span> <span class='ocrx_word' id='word_1_200' title='bbox 2780 1577 3058 1640; x_wconf 79' lang='grc' dir='ltr'>παντελεῖ.</span> 
     </span>
    </p>
   </div>
   <div class='ocr_carea' id='block_1_30' title="bbox 2282 1667 3863 1745">
    <p class='ocr_par' dir='ltr' id='par_1_30' title="bbox 2282 1667 3863 1745">
     <span class='ocr_line' id='line_1_30' title="bbox 2282 1667 3863 1745; baseline 0.002 -19"><span class='ocrx_word' id='word_1_201' title='bbox 2282 1670 2382 1726; x_wconf 81' lang='grc' dir='ltr'><strong>Καὶ</strong></span> <span class='ocrx_word' id='word_1_202' title='bbox 2423 1670 2671 1741; x_wconf 72' lang='grc' dir='ltr'>ζητήσεις</span> <span class='ocrx_word' id='word_1_203' title='bbox 2727 1670 2818 1726; x_wconf 80' lang='grc' dir='ltr'>τὸν</span> <span class='ocrx_word' id='word_1_204' title='bbox 2878 1667 3038 1726; x_wconf 83' lang='grc' dir='ltr'>τόπον</span> <span class='ocrx_word' id='word_1_205' title='bbox 3099 1669 3276 1744; x_wconf 69' lang='grc' dir='ltr'>αὐτοῦ,</span> <span class='ocrx_word' id='word_1_206' title='bbox 3339 1672 3428 1726; x_wconf 83' lang='grc' dir='ltr'><strong>καὶ</strong></span> <span class='ocrx_word' id='word_1_207' title='bbox 3492 1674 3551 1728; x_wconf 76' lang='grc' dir='ltr'>οὗ</span> <span class='ocrx_word' id='word_1_208' title='bbox 3621 1672 3697 1745; x_wconf 78' lang='grc' dir='ltr'>μή</span> <span class='ocrx_word' id='word_1_209' title='bbox 3763 1672 3863 1729; x_wconf 65' lang='grc' dir='ltr'><strong>εὖ-</strong></span> 
     </span>
    </p>
   </div>
   <div class='ocr_carea' id='block_1_31' title="bbox 2203 1757 3865 1840">
    <p class='ocr_par' dir='ltr' id='par_1_31' title="bbox 2203 1757 3865 1840">
     <span class='ocr_line' id='line_1_31' title="bbox 2203 1757 3865 1840; baseline -0.01 -17"><span class='ocrx_word' id='word_1_210' title='bbox 2203 1780 2322 1838; x_wconf 64' lang='lat' dir='ltr'><strong>pus.</strong></span> <span class='ocrx_word' id='word_1_211' title='bbox 2371 1757 2610 1834; x_wconf 77' lang='grc' dir='ltr'>’Ὅμοιον</span> <span class='ocrx_word' id='word_1_212' title='bbox 2683 1764 2760 1834; x_wconf 82' lang='grc' dir='ltr'><strong>τῷ</strong></span> <span class='ocrx_word' id='word_1_213' title='bbox 2814 1757 3115 1837; x_wconf 77' lang='grc' dir='ltr'><strong>εἰρημένῳ·</strong></span> <span class='ocrx_word' id='word_1_214' title='bbox 3179 1761 3239 1818; x_wconf 75' lang='grc' dir='ltr'><strong>Οἱ</strong></span> <span class='ocrx_word' id='word_1_215' title='bbox 3305 1757 3360 1815; x_wconf 84' lang='grc' dir='ltr'>δὲ</span> <span class='ocrx_word' id='word_1_216' title='bbox 3417 1757 3633 1826; x_wconf 79' lang='grc' dir='ltr'>ἀσεϐεῖς</span> <span class='ocrx_word' id='word_1_217' title='bbox 3692 1760 3865 1840; x_wconf 77' lang='grc' dir='ltr'>όλόῤ-</span> 
     </span>
    </p>
   </div>
   <div class='ocr_carea' id='block_1_32' title="bbox 2133 1847 2708 1927">
    <p class='ocr_par' dir='ltr' id='par_1_32' title="bbox 2133 1847 2708 1927">
     <span class='ocr_line' id='line_1_32' title="bbox 2133 1847 2708 1927; baseline 0.005 -24"><span class='ocrx_word' id='word_1_218' title='bbox 2133 1853 2172 1903; x_wconf 87' lang='grc' dir='ltr'><strong>Β</strong></span> <span class='ocrx_word' id='word_1_219' title='bbox 2193 1847 2328 1924; x_wconf 81' lang='grc' dir='ltr'>ῥιζοι</span> <span class='ocrx_word' id='word_1_220' title='bbox 2361 1847 2683 1927; x_wconf 70' lang='grc' dir='ltr'>ἀπολοῦνται</span> <span class='ocrx_word' id='word_1_221' title='bbox 2694 1897 2708 1912; x_wconf 91' lang='grc'><strong>.</strong></span> 
     </span>
    </p>
   </div>
   <div class='ocr_carea' id='block_1_33' title="bbox 552 1935 3863 2021">
    <p class='ocr_par' dir='ltr' id='par_1_33' title="bbox 552 1935 3863 2021">
     <span class='ocr_line' id='line_1_33' title="bbox 552 1935 3863 2021; baseline 0 -19"><span class='ocrx_word' id='word_1_222' title='bbox 552 1939 771 2002; x_wconf 78' lang='lat' dir='ltr'><strong>Daniel</strong></span> <span class='ocrx_word' id='word_1_223' title='bbox 801 1938 1140 2001; x_wconf 85' lang='lat' dir='ltr'><strong>Barbarus.</strong></span> <span class='ocrx_word' id='word_1_224' title='bbox 1167 1940 1266 2001; x_wconf 80' lang='grc' dir='ltr'>Η.</span> <span class='ocrx_word' id='word_1_225' title='bbox 1295 1938 1597 2001; x_wconf 76' lang='lat' dir='ltr'><strong>Mansueti</strong></span> <span class='ocrx_word' id='word_1_226' title='bbox 1626 1945 1832 2002; x_wconf 85' lang='lat' dir='ltr'><strong>autem</strong></span> <span class='ocrx_word' id='word_1_227' title='bbox 1885 1937 2337 2002; x_wconf 74' lang='lat' dir='ltr'><strong>hareditabunt</strong></span> <span class='ocrx_word' id='word_1_228' title='bbox 2369 1947 2621 2003; x_wconf 77' lang='lat' dir='ltr'><strong>terram.</strong></span> <span class='ocrx_word' id='word_1_229' title='bbox 2665 1939 2916 2002; x_wconf 85' lang='lat' dir='ltr'><strong>Terram</strong></span> <span class='ocrx_word' id='word_1_230' title='bbox 2948 1935 3392 2002; x_wconf 80' lang='lat' dir='ltr'><strong>haereditabunt</strong></span> <span class='ocrx_word' id='word_1_231' title='bbox 3414 1939 3514 2021; x_wconf 90' lang='lat' dir='ltr'><strong>qui</strong></span> <span class='ocrx_word' id='word_1_232' title='bbox 3549 1937 3863 2021; x_wconf 77' lang='lat' dir='ltr'><strong>pernicio-</strong></span> 
     </span>
    </p>
   </div>
   <div class='ocr_carea' id='block_1_34' title="bbox 466 2027 3855 2111">
    <p class='ocr_par' dir='ltr' id='par_1_34' title="bbox 466 2027 3855 2111">
     <span class='ocr_line' id='line_1_34' title="bbox 466 2027 3855 2111; baseline -0 -19"><span class='ocrx_word' id='word_1_233' title='bbox 466 2047 596 2092; x_wconf 90' lang='lat' dir='ltr'><strong>sum</strong></span> <span class='ocrx_word' id='word_1_234' title='bbox 632 2028 959 2091; x_wconf 67' lang='lat' dir='ltr'><strong>iracundia:</strong></span> <span class='ocrx_word' id='word_1_235' title='bbox 991 2027 1270 2090; x_wconf 81' lang='lat' dir='ltr'><strong>atl‘ectum</strong></span> <span class='ocrx_word' id='word_1_236' title='bbox 1321 2027 1700 2108; x_wconf 85' lang='lat' dir='ltr'><strong>spiraverint.</strong></span> <span class='ocrx_word' id='word_1_237' title='bbox 1740 2031 1823 2090; x_wconf 90' lang='lat' dir='ltr'><strong>lta</strong></span> <span class='ocrx_word' id='word_1_238' title='bbox 1869 2029 2027 2090; x_wconf 90' lang='lat' dir='ltr'><strong>enim</strong></span> <span class='ocrx_word' id='word_1_239' title='bbox 2070 2038 2127 2090; x_wconf 89' lang='lat' dir='ltr'><strong>et</strong></span> <span class='ocrx_word' id='word_1_240' title='bbox 2159 2028 2488 2108; x_wconf 81' lang='lat' dir='ltr'><strong>prudentes</strong></span> <span class='ocrx_word' id='word_1_241' title='bbox 2537 2029 2757 2110; x_wconf 87' lang='lat' dir='ltr'><strong>perdit,</strong></span> <span class='ocrx_word' id='word_1_242' title='bbox 2810 2028 3108 2111; x_wconf 90' lang='lat' dir='ltr'><strong>siquidem</strong></span> <span class='ocrx_word' id='word_1_243' title='bbox 3144 2030 3467 2110; x_wconf 88' lang='lat' dir='ltr'><strong>quominus</strong></span> <span class='ocrx_word' id='word_1_244' title='bbox 3499 2030 3749 2092; x_wconf 87' lang='lat' dir='ltr'><strong>honeste</strong></span> <span class='ocrx_word' id='word_1_245' title='bbox 3782 2049 3855 2091; x_wconf 89' lang='lat' dir='ltr'><strong>se</strong></span> 
     </span>
    </p>
   </div>
   <div class='ocr_carea' id='block_1_35' title="bbox 466 2117 3860 2199">
    <p class='ocr_par' dir='ltr' id='par_1_35' title="bbox 466 2117 3860 2199">
     <span class='ocr_line' id='line_1_35' title="bbox 466 2117 3860 2199; baseline 0 -18"><span class='ocrx_word' id='word_1_246' title='bbox 466 2126 676 2199; x_wconf 82' lang='lat' dir='ltr'><strong>gerant</strong></span> <span class='ocrx_word' id='word_1_247' title='bbox 707 2117 1140 2198; x_wconf 86' lang='lat' dir='ltr'><strong>impediuntur.</strong></span> <span class='ocrx_word' id='word_1_248' title='bbox 1174 2119 1280 2179; x_wconf 79' lang='lat' dir='ltr'><strong>Ira</strong></span> <span class='ocrx_word' id='word_1_249' title='bbox 1312 2119 1475 2178; x_wconf 86' lang='lat' dir='ltr'><strong>enim</strong></span> <span class='ocrx_word' id='word_1_250' title='bbox 1505 2118 1630 2180; x_wconf 84' lang='lat' dir='ltr'><strong>uiri</strong></span> <span class='ocrx_word' id='word_1_251' title='bbox 1652 2117 1759 2179; x_wconf 81' lang='lat' dir='ltr'><strong>Dei</strong></span> <span class='ocrx_word' id='word_1_252' title='bbox 1777 2118 2102 2196; x_wconf 75' lang='lat' dir='ltr'><strong>justitiam</strong></span> <span class='ocrx_word' id='word_1_253' title='bbox 2134 2135 2256 2181; x_wconf 83' lang='lat' dir='ltr'><strong>non</strong></span> <span class='ocrx_word' id='word_1_254' title='bbox 2287 2126 2578 2198; x_wconf 83' lang='lat' dir='ltr'><strong>operatur</strong></span> <span class='ocrx_word' id='word_1_255' title='bbox 2607 2118 2683 2183; x_wconf 79' lang='grc'><strong>88.</strong></span> <span class='ocrx_word' id='word_1_256' title='bbox 2717 2118 3014 2183; x_wconf 68' lang='lat' dir='ltr'><strong>Caeterum</strong></span> <span class='ocrx_word' id='word_1_257' title='bbox 3047 2117 3120 2182; x_wconf 89' lang='lat' dir='ltr'><strong>ab</strong></span> <span class='ocrx_word' id='word_1_258' title='bbox 3153 2119 3241 2181; x_wconf 88' lang='lat' dir='ltr'><strong>ira</strong></span> <span class='ocrx_word' id='word_1_259' title='bbox 3270 2128 3331 2181; x_wconf 88' lang='lat' dir='ltr'><strong>et</strong></span> <span class='ocrx_word' id='word_1_260' title='bbox 3380 2117 3586 2181; x_wconf 84' lang='lat' dir='ltr'><strong>furore</strong></span> <span class='ocrx_word' id='word_1_261' title='bbox 3611 2119 3718 2182; x_wconf 90' lang='lat' dir='ltr'><strong>Dei</strong></span> <span class='ocrx_word' id='word_1_262' title='bbox 3750 2137 3860 2181; x_wconf 90' lang='lat' dir='ltr'><strong>se-</strong></span> 
     </span>
    </p>
   </div>
   <div class='ocr_carea' id='block_1_36' title="bbox 467 2205 2499 2290">
    <p class='ocr_par' dir='ltr' id='par_1_36' title="bbox 467 2205 2499 2290">
     <span class='ocr_line' id='line_1_36' title="bbox 467 2205 2499 2290; baseline 0.001 -21"><span class='ocrx_word' id='word_1_263' title='bbox 467 2226 648 2270; x_wconf 91' lang='lat' dir='ltr'><strong>curus</strong></span> <span class='ocrx_word' id='word_1_264' title='bbox 670 2213 782 2282; x_wconf 89' lang='lat' dir='ltr'><strong>est,</strong></span> <span class='ocrx_word' id='word_1_265' title='bbox 814 2207 915 2286; x_wconf 89' lang='lat' dir='ltr'><strong>qui</strong></span> <span class='ocrx_word' id='word_1_266' title='bbox 938 2205 1198 2267; x_wconf 85' lang='lat' dir='ltr'><strong>abstinet</strong></span> <span class='ocrx_word' id='word_1_267' title='bbox 1227 2205 1300 2268; x_wconf 90' lang='lat' dir='ltr'><strong>ab</strong></span> <span class='ocrx_word' id='word_1_268' title='bbox 1333 2206 1407 2267; x_wconf 90' lang='lat' dir='ltr'><strong>iis</strong></span> <span class='ocrx_word' id='word_1_269' title='bbox 1437 2224 1570 2288; x_wconf 79' lang='lat' dir='ltr'><strong>quae</strong></span> <span class='ocrx_word' id='word_1_270' title='bbox 1602 2206 1752 2268; x_wconf 91' lang='lat' dir='ltr'><strong>iram</strong></span> <span class='ocrx_word' id='word_1_271' title='bbox 1787 2217 1847 2270; x_wconf 89' lang='lat' dir='ltr'><strong>et</strong></span> <span class='ocrx_word' id='word_1_272' title='bbox 1874 2205 2139 2269; x_wconf 80' lang='lat' dir='ltr'><strong>furorem</strong></span> <span class='ocrx_word' id='word_1_273' title='bbox 2171 2208 2499 2290; x_wconf 86' lang='lat' dir='ltr'><strong>concitant.</strong></span> 
     </span>
    </p>
   </div>
   <div class='ocr_carea' id='block_1_37' title="bbox 554 2299 2120 2380">
    <p class='ocr_par' dir='ltr' id='par_1_37' title="bbox 554 2299 2120 2380">
     <span class='ocr_line' id='line_1_37' title="bbox 554 2299 2120 2380; baseline -0.001 -18"><span class='ocrx_word' id='word_1_274' title='bbox 554 2299 1180 2362; x_wconf 75' lang='lat' dir='ltr'><strong>Etdetectabunturz’n</strong></span> <span class='ocrx_word' id='word_1_275' title='bbox 1195 2299 1594 2362; x_wconf 74' lang='lat' dir='ltr'><strong>multitudine</strong></span> <span class='ocrx_word' id='word_1_276' title='bbox 1603 2299 2120 2380; x_wconf 81' lang='lat' dir='ltr'><strong>pacis.Delectatio</strong></span> 
     </span>
    </p>
   </div>
   <div class='ocr_carea' id='block_1_38' title="bbox 464 2390 2122 2472">
    <p class='ocr_par' dir='ltr' id='par_1_38' title="bbox 464 2390 2122 2472">
     <span class='ocr_line' id='line_1_38' title="bbox 464 2390 2122 2472; baseline 0 -20"><span class='ocrx_word' id='word_1_277' title='bbox 464 2391 608 2472; x_wconf 88' lang='lat' dir='ltr'><strong>justi</strong></span> <span class='ocrx_word' id='word_1_278' title='bbox 643 2408 876 2451; x_wconf 89' lang='lat' dir='ltr'><strong>summa</strong></span> <span class='ocrx_word' id='word_1_279' title='bbox 907 2408 1019 2470; x_wconf 85' lang='lat' dir='ltr'><strong>pax</strong></span> <span class='ocrx_word' id='word_1_280' title='bbox 1051 2397 1161 2468; x_wconf 90' lang='lat' dir='ltr'><strong>est,</strong></span> <span class='ocrx_word' id='word_1_281' title='bbox 1197 2397 1256 2451; x_wconf 90' lang='lat' dir='ltr'><strong>et</strong></span> <span class='ocrx_word' id='word_1_282' title='bbox 1285 2397 1376 2450; x_wconf 90' lang='lat' dir='ltr'><strong>est</strong></span> <span class='ocrx_word' id='word_1_283' title='bbox 1409 2390 1676 2470; x_wconf 65' lang='lat' dir='ltr'><strong>quaedam</strong></span> <span class='ocrx_word' id='word_1_284' title='bbox 1709 2408 1822 2453; x_wconf 87' lang='lat' dir='ltr'><strong>ceu</strong></span> <span class='ocrx_word' id='word_1_285' title='bbox 1852 2390 2122 2453; x_wconf 85' lang='lat' dir='ltr'><strong>indolen-</strong></span> 
     </span>
    </p>
   </div>
   <div class='ocr_carea' id='block_1_39' title="bbox 475 2478 1639 2542">
    <p class='ocr_par' dir='ltr' id='par_1_39' title="bbox 475 2478 1639 2542">
     <span class='ocr_line' id='line_1_39' title="bbox 475 2478 1639 2542; baseline -0.002 0"><span class='ocrx_word' id='word_1_286' title='bbox 475 2480 552 2542; x_wconf 90' lang='lat' dir='ltr'><strong>tia</strong></span> <span class='ocrx_word' id='word_1_287' title='bbox 577 2478 761 2542; x_wconf 89' lang='lat' dir='ltr'><strong>animi</strong></span> <span class='ocrx_word' id='word_1_288' title='bbox 792 2496 926 2542; x_wconf 91' lang='lat' dir='ltr'><strong>cum</strong></span> <span class='ocrx_word' id='word_1_289' title='bbox 963 2496 1100 2540; x_wconf 84' lang='lat' dir='ltr'><strong>vera</strong></span> <span class='ocrx_word' id='word_1_290' title='bbox 1128 2497 1330 2540; x_wconf 89' lang='lat' dir='ltr'><strong>rerum</strong></span> <span class='ocrx_word' id='word_1_291' title='bbox 1367 2479 1639 2540; x_wconf 90' lang='lat' dir='ltr'><strong>scientia.</strong></span> 
     </span>
    </p>
   </div>
   <div class='ocr_carea' id='block_1_40' title="bbox 560 2563 2120 2646">
    <p class='ocr_par' dir='ltr' id='par_1_40' title="bbox 560 2563 2120 2646">
     <span class='ocr_line' id='line_1_40' title="bbox 560 2563 2120 2646; baseline -0.001 -14"><span class='ocrx_word' id='word_1_292' title='bbox 560 2570 656 2632; x_wconf 74' lang='lat'><strong>12.</strong></span> <span class='ocrx_word' id='word_1_293' title='bbox 693 2568 1062 2632; x_wconf 74' lang='lat' dir='ltr'><strong>Observabit</strong></span> <span class='ocrx_word' id='word_1_294' title='bbox 1092 2563 1365 2646; x_wconf 77' lang='lat' dir='ltr'><strong>peccatur</strong></span> <span class='ocrx_word' id='word_1_295' title='bbox 1372 2571 1630 2643; x_wconf 82' lang='lat' dir='ltr'><strong>justum.</strong></span> <span class='ocrx_word' id='word_1_296' title='bbox 1663 2567 1728 2628; x_wconf 93' lang='lat' dir='ltr'><strong>Id</strong></span> <span class='ocrx_word' id='word_1_297' title='bbox 1779 2567 1854 2628; x_wconf 91' lang='lat' dir='ltr'><strong>de</strong></span> <span class='ocrx_word' id='word_1_298' title='bbox 1883 2567 2120 2630; x_wconf 89' lang='lat' dir='ltr'><strong>diabolo</strong></span> 
     </span>
    </p>
   </div>
   <div class='ocr_carea' id='block_1_41' title="bbox 468 2657 2115 2740">
    <p class='ocr_par' dir='ltr' id='par_1_41' title="bbox 468 2657 2115 2740">
     <span class='ocr_line' id='line_1_41' title="bbox 468 2657 2115 2740; baseline -0.003 -17"><span class='ocrx_word' id='word_1_299' title='bbox 468 2666 675 2740; x_wconf 84' lang='lat' dir='ltr'><strong>potest.</strong></span> <span class='ocrx_word' id='word_1_300' title='bbox 693 2664 1031 2740; x_wconf 81' lang='lat' dir='ltr'><strong>Opportune</strong></span> <span class='ocrx_word' id='word_1_301' title='bbox 1045 2657 1448 2736; x_wconf 81' lang='lat' dir='ltr'><strong>accipi,atque</strong></span> <span class='ocrx_word' id='word_1_302' title='bbox 1470 2657 1634 2719; x_wconf 91' lang='lat' dir='ltr'><strong>hisce</strong></span> <span class='ocrx_word' id='word_1_303' title='bbox 1648 2657 2115 2719; x_wconf 89' lang='lat' dir='ltr'><strong>consolationem</strong></span> 
     </span>
    </p>
   </div>
   <div class='ocr_carea' id='block_1_42' title="bbox 468 2745 2118 2828">
    <p class='ocr_par' dir='ltr' id='par_1_42' title="bbox 468 2745 2118 2828">
     <span class='ocr_line' id='line_1_42' title="bbox 468 2745 2118 2828; baseline -0.002 -15"><span class='ocrx_word' id='word_1_304' title='bbox 468 2749 644 2812; x_wconf 80' lang='lat' dir='ltr'><strong>aﬂ&#39;ert</strong></span> <span class='ocrx_word' id='word_1_305' title='bbox 672 2747 747 2808; x_wconf 92' lang='lat' dir='ltr'><strong>iis</strong></span> <span class='ocrx_word' id='word_1_306' title='bbox 773 2747 874 2828; x_wconf 89' lang='lat' dir='ltr'><strong>qui</strong></span> <span class='ocrx_word' id='word_1_307' title='bbox 901 2745 1118 2826; x_wconf 85' lang='lat' dir='ltr'><strong>injuria</strong></span> <span class='ocrx_word' id='word_1_308' title='bbox 1142 2746 1494 2809; x_wconf 76' lang='lat' dir='ltr'><strong>afﬁciuntur.</strong></span> <span class='ocrx_word' id='word_1_309' title='bbox 1522 2745 1775 2808; x_wconf 85' lang='lat' dir='ltr'><strong>Exhibet</strong></span> <span class='ocrx_word' id='word_1_310' title='bbox 1792 2747 1952 2808; x_wconf 88' lang='lat' dir='ltr'><strong>enim</strong></span> <span class='ocrx_word' id='word_1_311' title='bbox 1973 2766 2118 2827; x_wconf 89' lang='lat' dir='ltr'><strong>pec-</strong></span> 
     </span>
    </p>
   </div>
   <div class='ocr_carea' id='block_1_43' title="bbox 468 2837 2118 2913">
    <p class='ocr_par' dir='ltr' id='par_1_43' title="bbox 468 2837 2118 2913">
     <span class='ocr_line' id='line_1_43' title="bbox 468 2837 2118 2913; baseline -0.001 -12"><span class='ocrx_word' id='word_1_312' title='bbox 468 2847 732 2901; x_wconf 89' lang='lat' dir='ltr'><strong>catorem</strong></span> <span class='ocrx_word' id='word_1_313' title='bbox 767 2837 1071 2900; x_wconf 88' lang='lat' dir='ltr'><strong>dolentem</strong></span> <span class='ocrx_word' id='word_1_314' title='bbox 1119 2855 1187 2897; x_wconf 91' lang='lat' dir='ltr'><strong>ac</strong></span> <span class='ocrx_word' id='word_1_315' title='bbox 1231 2837 1528 2898; x_wconf 87' lang='lat' dir='ltr'><strong>furentem</strong></span> <span class='ocrx_word' id='word_1_316' title='bbox 1571 2837 1855 2899; x_wconf 89' lang='lat' dir='ltr'><strong>adversus</strong></span> <span class='ocrx_word' id='word_1_317' title='bbox 1884 2855 1986 2898; x_wconf 92' lang='lat' dir='ltr'><strong>eos</strong></span> <span class='ocrx_word' id='word_1_318' title='bbox 2018 2838 2118 2913; x_wconf 91' lang='lat' dir='ltr'><strong>qui</strong></span> 
     </span>
    </p>
   </div>
   <div class='ocr_carea' id='block_1_44' title="bbox 471 2926 2119 3009">
    <p class='ocr_par' dir='ltr' id='par_1_44' title="bbox 471 2926 2119 3009">
     <span class='ocr_line' id='line_1_44' title="bbox 471 2926 2119 3009; baseline -0.002 -18"><span class='ocrx_word' id='word_1_319' title='bbox 471 2926 852 3009; x_wconf 89' lang='lat' dir='ltr'><strong>tranquillam</strong></span> <span class='ocrx_word' id='word_1_320' title='bbox 885 2926 1139 3006; x_wconf 82' lang='lat' dir='ltr'><strong>amplexi</strong></span> <span class='ocrx_word' id='word_1_321' title='bbox 1172 2934 1311 2987; x_wconf 90' lang='lat' dir='ltr'><strong>sunt</strong></span> <span class='ocrx_word' id='word_1_322' title='bbox 1358 2926 1534 2988; x_wconf 89' lang='lat' dir='ltr'><strong>vitam</strong></span> <span class='ocrx_word' id='word_1_323' title='bbox 1561 2944 1576 3003; x_wconf 92' lang='lat'><strong>;</strong></span> <span class='ocrx_word' id='word_1_324' title='bbox 1603 2926 1829 3006; x_wconf 91' lang='lat' dir='ltr'><strong>justum</strong></span> <span class='ocrx_word' id='word_1_325' title='bbox 1863 2945 2000 2987; x_wconf 89' lang='lat' dir='ltr'><strong>vero</strong></span> <span class='ocrx_word' id='word_1_326' title='bbox 2022 2926 2119 3007; x_wconf 49' lang='lat' dir='ltr'><strong>ju.</strong></span> 
     </span>
    </p>
   </div>
   <div class='ocr_carea' id='block_1_45' title="bbox 469 3014 2116 3096">
    <p class='ocr_par' dir='ltr' id='par_1_45' title="bbox 469 3014 2116 3096">
     <span class='ocr_line' id='line_1_45' title="bbox 469 3014 2116 3096; baseline -0.002 -16"><span class='ocrx_word' id='word_1_327' title='bbox 469 3017 666 3081; x_wconf 90' lang='lat' dir='ltr'><strong>dicem</strong></span> <span class='ocrx_word' id='word_1_328' title='bbox 715 3016 1089 3078; x_wconf 89' lang='lat' dir='ltr'><strong>deridentem</strong></span> <span class='ocrx_word' id='word_1_329' title='bbox 1151 3015 1282 3094; x_wconf 89' lang='lat' dir='ltr'><strong>ejus</strong></span> <span class='ocrx_word' id='word_1_330' title='bbox 1311 3023 1514 3094; x_wconf 77' lang='lat' dir='ltr'><strong>gesta:</strong></span> <span class='ocrx_word' id='word_1_331' title='bbox 1579 3014 1799 3096; x_wconf 81' lang='lat' dir='ltr'><strong>quippe</strong></span> <span class='ocrx_word' id='word_1_332' title='bbox 1855 3014 1955 3096; x_wconf 90' lang='lat' dir='ltr'><strong>qui</strong></span> <span class='ocrx_word' id='word_1_333' title='bbox 1987 3034 2116 3076; x_wconf 87' lang='lat' dir='ltr'><strong>mox</strong></span> 
     </span>
    </p>
   </div>
   <div class='ocr_carea' id='block_1_46' title="bbox 467 3103 1546 3185">
    <p class='ocr_par' dir='ltr' id='par_1_46' title="bbox 467 3103 1546 3185">
     <span class='ocr_line' id='line_1_46' title="bbox 467 3103 1546 3185; baseline -0.001 -16"><span class='ocrx_word' id='word_1_334' title='bbox 467 3107 729 3169; x_wconf 86' lang='lat' dir='ltr'><strong>futuram</strong></span> <span class='ocrx_word' id='word_1_335' title='bbox 760 3105 890 3185; x_wconf 88' lang='lat' dir='ltr'><strong>ejus</strong></span> <span class='ocrx_word' id='word_1_336' title='bbox 913 3112 1166 3166; x_wconf 89' lang='lat' dir='ltr'><strong>mortem</strong></span> <span class='ocrx_word' id='word_1_337' title='bbox 1197 3103 1546 3185; x_wconf 84' lang='lat' dir='ltr'><strong>prospiciat.</strong></span> 
     </span>
    </p>
   </div>
   <div class='ocr_carea' id='block_1_47' title="bbox 552 3192 2175 3276">
    <p class='ocr_par' dir='ltr' id='par_1_47' title="bbox 552 3192 2175 3276">
     <span class='ocr_line' id='line_1_47' title="bbox 552 3192 2175 3276; baseline -0.002 -18"><span class='ocrx_word' id='word_1_338' title='bbox 552 3197 648 3258; x_wconf 87' lang='grc'><strong>13.</strong></span> <span class='ocrx_word' id='word_1_339' title='bbox 685 3195 980 3257; x_wconf 78' lang='lat' dir='ltr'><strong>Dominus</strong></span> <span class='ocrx_word' id='word_1_340' title='bbox 1011 3201 1210 3257; x_wconf 83' lang='lat' dir='ltr'><strong>autem</strong></span> <span class='ocrx_word' id='word_1_341' title='bbox 1242 3193 1527 3256; x_wconf 71' lang='lat' dir='ltr'><strong>irridebit</strong></span> <span class='ocrx_word' id='word_1_342' title='bbox 1555 3212 1715 3257; x_wconf 87' lang='lat' dir='ltr'><strong>eum.</strong></span> <span class='ocrx_word' id='word_1_343' title='bbox 1749 3192 1985 3269; x_wconf 88' lang='lat' dir='ltr'><strong>Irridet,</strong></span> <span class='ocrx_word' id='word_1_344' title='bbox 2017 3194 2111 3255; x_wconf 87' lang='lat' dir='ltr'><strong>in-</strong></span> <span class='ocrx_word' id='word_1_345' title='bbox 2134 3223 2175 3276; x_wconf 73' lang='grc' dir='ltr'>ο</span> 
     </span>
    </p>
   </div>
   <div class='ocr_carea' id='block_1_48' title="bbox 473 3282 2115 3368">
    <p class='ocr_par' dir='ltr' id='par_1_48' title="bbox 473 3282 2115 3368">
     <span class='ocr_line' id='line_1_48' title="bbox 473 3282 2115 3368; baseline -0.002 -20"><span class='ocrx_word' id='word_1_346' title='bbox 473 3286 1012 3368; x_wconf 88' lang='lat' dir='ltr'><strong>quit,peccatorum</strong></span> <span class='ocrx_word' id='word_1_347' title='bbox 1045 3282 1295 3344; x_wconf 85' lang='lat' dir='ltr'><strong>insidias</strong></span> <span class='ocrx_word' id='word_1_348' title='bbox 1324 3283 1607 3345; x_wconf 80' lang='lat' dir='ltr'><strong>adversus</strong></span> <span class='ocrx_word' id='word_1_349' title='bbox 1623 3283 1847 3363; x_wconf 87' lang='lat' dir='ltr'><strong>justum</strong></span> <span class='ocrx_word' id='word_1_350' title='bbox 1873 3303 1889 3364; x_wconf 84' lang='lat'><strong>;</strong></span> <span class='ocrx_word' id='word_1_351' title='bbox 1919 3282 2115 3345; x_wconf 89' lang='lat' dir='ltr'><strong>sciens</strong></span> 
     </span>
    </p>
   </div>
   <div class='ocr_carea' id='block_1_49' title="bbox 473 3371 2111 3454">
    <p class='ocr_par' dir='ltr' id='par_1_49' title="bbox 473 3371 2111 3454">
     <span class='ocr_line' id='line_1_49' title="bbox 473 3371 2111 3454; baseline -0.001 -18"><span class='ocrx_word' id='word_1_352' title='bbox 473 3374 718 3454; x_wconf 89' lang='lat' dir='ltr'><strong>quidem</strong></span> <span class='ocrx_word' id='word_1_353' title='bbox 757 3372 916 3454; x_wconf 90' lang='lat' dir='ltr'><strong>quod</strong></span> <span class='ocrx_word' id='word_1_354' title='bbox 950 3373 1108 3435; x_wconf 88' lang='lat' dir='ltr'><strong>diem</strong></span> <span class='ocrx_word' id='word_1_355' title='bbox 1162 3373 1384 3452; x_wconf 84' lang='lat' dir='ltr'><strong>statuit,</strong></span> <span class='ocrx_word' id='word_1_356' title='bbox 1416 3371 1478 3432; x_wconf 92' lang='lat' dir='ltr'><strong>in</strong></span> <span class='ocrx_word' id='word_1_357' title='bbox 1511 3391 1624 3452; x_wconf 92' lang='lat' dir='ltr'><strong>quo</strong></span> <span class='ocrx_word' id='word_1_358' title='bbox 1676 3371 1819 3434; x_wconf 87' lang='lat' dir='ltr'><strong>huic</strong></span> <span class='ocrx_word' id='word_1_359' title='bbox 1868 3371 2111 3453; x_wconf 83' lang='lat' dir='ltr'><strong>quidem</strong></span> 
     </span>
    </p>
   </div>
   <div class='ocr_carea' id='block_1_50' title="bbox 473 3461 2114 3543">
    <p class='ocr_par' dir='ltr' id='par_1_50' title="bbox 473 3461 2114 3543">
     <span class='ocr_line' id='line_1_50' title="bbox 473 3461 2114 3543; baseline -0.003 -16"><span class='ocrx_word' id='word_1_360' title='bbox 473 3473 757 3528; x_wconf 72' lang='lat' dir='ltr'><strong>zeternam</strong></span> <span class='ocrx_word' id='word_1_361' title='bbox 788 3463 992 3540; x_wconf 83' lang='lat' dir='ltr'><strong>vitam,</strong></span> <span class='ocrx_word' id='word_1_362' title='bbox 1018 3462 1104 3524; x_wconf 88' lang='lat' dir='ltr'><strong>illi</strong></span> <span class='ocrx_word' id='word_1_363' title='bbox 1123 3479 1262 3523; x_wconf 79' lang='lat' dir='ltr'><strong>vero</strong></span> <span class='ocrx_word' id='word_1_364' title='bbox 1293 3461 1726 3543; x_wconf 87' lang='lat' dir='ltr'><strong>sempiternum</strong></span> <span class='ocrx_word' id='word_1_365' title='bbox 1759 3462 2114 3543; x_wconf 80' lang='lat' dir='ltr'><strong>supplicium</strong></span> 
     </span>
    </p>
   </div>
   <div class='ocr_carea' id='block_1_51' title="bbox 467 3553 1369 3618">
    <p class='ocr_par' dir='ltr' id='par_1_51' title="bbox 467 3553 1369 3618">
     <span class='ocr_line' id='line_1_51' title="bbox 467 3553 1369 3618; baseline 0 0"><span class='ocrx_word' id='word_1_366' title='bbox 467 3553 786 3618; x_wconf 87' lang='lat' dir='ltr'><strong>retribuet.</strong></span> <span class='ocrx_word' id='word_1_367' title='bbox 1367 3616 1369 3618; x_wconf 79' lang='lat'><strong>.</strong></span> 
     </span>
    </p>
   </div>
   <div class='ocr_carea' id='block_1_52' title="bbox 553 3642 2120 3723">
    <p class='ocr_par' dir='ltr' id='par_1_52' title="bbox 553 3642 2120 3723">
     <span class='ocr_line' id='line_1_52' title="bbox 553 3642 2120 3723; baseline -0.001 -17"><span class='ocrx_word' id='word_1_368' title='bbox 553 3647 582 3706; x_wconf 82' lang='grc'>1</span> <span class='ocrx_word' id='word_1_369' title='bbox 595 3647 627 3707; x_wconf 78' lang='grc'>4</span> <span class='ocrx_word' id='word_1_370' title='bbox 639 3689 651 3704; x_wconf 95' lang='grc'><strong>.</strong></span> <span class='ocrx_word' id='word_1_371' title='bbox 664 3642 948 3706; x_wconf 76' lang='lat' dir='ltr'><strong>Gladium</strong></span> <span class='ocrx_word' id='word_1_372' title='bbox 971 3643 1442 3723; x_wconf 72' lang='lat' dir='ltr'><strong>eoagina&#39;verunt</strong></span> <span class='ocrx_word' id='word_1_373' title='bbox 1457 3649 1816 3722; x_wconf 83' lang='lat' dir='ltr'><strong>peccatores.</strong></span> <span class='ocrx_word' id='word_1_374' title='bbox 1832 3692 1844 3704; x_wconf 92' lang='lat'><strong>.</strong></span> <span class='ocrx_word' id='word_1_375' title='bbox 1859 3688 1867 3698; x_wconf 93' lang='lat'><strong>.</strong></span> <span class='ocrx_word' id='word_1_376' title='bbox 1877 3642 2120 3723; x_wconf 68' lang='lat' dir='ltr'><strong>gladius</strong></span> 
     </span>
    </p>
   </div>
   <div class='ocr_carea' id='block_1_53' title="bbox 473 3730 2116 3812">
    <p class='ocr_par' dir='ltr' id='par_1_53' title="bbox 473 3730 2116 3812">
     <span class='ocr_line' id='line_1_53' title="bbox 473 3730 2116 3812; baseline -0.004 -14"><span class='ocrx_word' id='word_1_377' title='bbox 473 3751 684 3798; x_wconf 83' lang='lat' dir='ltr'><strong>eorum</strong></span> <span class='ocrx_word' id='word_1_378' title='bbox 713 3735 894 3795; x_wconf 78' lang='lat' dir='ltr'><strong>intret</strong></span> <span class='ocrx_word' id='word_1_379' title='bbox 924 3734 990 3794; x_wconf 86' lang='lat' dir='ltr'><strong>in</strong></span> <span class='ocrx_word' id='word_1_380' title='bbox 1020 3732 1208 3794; x_wconf 78' lang='lat' dir='ltr'><strong>corda</strong></span> <span class='ocrx_word' id='word_1_381' title='bbox 1236 3733 1528 3810; x_wconf 83' lang='lat' dir='ltr'><strong>ipsorum.</strong></span> <span class='ocrx_word' id='word_1_382' title='bbox 1550 3731 1652 3811; x_wconf 86' lang='lat' dir='ltr'><strong>Ea,</strong></span> <span class='ocrx_word' id='word_1_383' title='bbox 1676 3730 2116 3812; x_wconf 83' lang='lat' dir='ltr'><strong>inquit,daemo-</strong></span> 
     </span>
    </p>
   </div>
   <div class='ocr_carea' id='block_1_54' title="bbox 472 3821 2118 3903">
    <p class='ocr_par' dir='ltr' id='par_1_54' title="bbox 472 3821 2118 3903">
     <span class='ocr_line' id='line_1_54' title="bbox 472 3821 2118 3903; baseline -0.004 -16"><span class='ocrx_word' id='word_1_384' title='bbox 472 3842 585 3886; x_wconf 89' lang='lat' dir='ltr'><strong>nes</strong></span> <span class='ocrx_word' id='word_1_385' title='bbox 615 3822 766 3884; x_wconf 89' lang='lat' dir='ltr'><strong>mala</strong></span> <span class='ocrx_word' id='word_1_386' title='bbox 795 3829 932 3883; x_wconf 92' lang='lat' dir='ltr'><strong>sunt</strong></span> <span class='ocrx_word' id='word_1_387' title='bbox 963 3821 1254 3903; x_wconf 83' lang='lat' dir='ltr'><strong>perpessi,</strong></span> <span class='ocrx_word' id='word_1_388' title='bbox 1286 3839 1418 3901; x_wconf 75' lang='lat' dir='ltr'><strong>quae</strong></span> <span class='ocrx_word' id='word_1_389' title='bbox 1447 3821 1668 3884; x_wconf 84' lang='lat' dir='ltr'><strong>sanctis</strong></span> <span class='ocrx_word' id='word_1_390' title='bbox 1727 3821 1954 3884; x_wconf 86' lang='lat' dir='ltr'><strong>inferre</strong></span> <span class='ocrx_word' id='word_1_391' title='bbox 1997 3838 2118 3880; x_wconf 87' lang='lat' dir='ltr'><strong>mo-</strong></span> 
     </span>
    </p>
   </div>
   <div class='ocr_carea' id='block_1_55' title="bbox 474 3912 799 3975">
    <p class='ocr_par' dir='ltr' id='par_1_55' title="bbox 474 3912 799 3975">
     <span class='ocr_line' id='line_1_55' title="bbox 474 3912 799 3975; baseline -0.009 0"><span class='ocrx_word' id='word_1_392' title='bbox 474 3912 799 3975; x_wconf 86' lang='lat' dir='ltr'><strong>liehantur.</strong></span> 
     </span>
    </p>
   </div>
   <div class='ocr_carea' id='block_1_56' title="bbox 559 3998 2114 4074">
    <p class='ocr_par' dir='ltr' id='par_1_56' title="bbox 559 3998 2114 4074">
     <span class='ocr_line' id='line_1_56' title="bbox 559 3998 2114 4074; baseline -0.002 -11"><span class='ocrx_word' id='word_1_393' title='bbox 559 4001 658 4063; x_wconf 81' lang='grc'><strong>18.</strong></span> <span class='ocrx_word' id='word_1_394' title='bbox 690 3998 875 4062; x_wconf 81' lang='lat' dir='ltr'><strong>Novit</strong></span> <span class='ocrx_word' id='word_1_395' title='bbox 893 3999 1185 4062; x_wconf 84' lang='lat' dir='ltr'><strong>Dominus</strong></span> <span class='ocrx_word' id='word_1_396' title='bbox 1203 4004 1336 4060; x_wconf 81' lang='lat' dir='ltr'><strong>vias</strong></span> <span class='ocrx_word' id='word_1_397' title='bbox 1349 3999 1977 4062; x_wconf 77' lang='lat' dir='ltr'><strong>immaculatorude</strong></span> <span class='ocrx_word' id='word_1_398' title='bbox 2005 4009 2114 4074; x_wconf 86' lang='lat' dir='ltr'><strong>est,</strong></span> 
     </span>
    </p>
   </div>
   <div class='ocr_carea' id='block_1_57' title="bbox 475 4087 2118 4174">
    <p class='ocr_par' dir='ltr' id='par_1_57' title="bbox 475 4087 2118 4174">
     <span class='ocr_line' id='line_1_57' title="bbox 475 4087 2118 4174; baseline -0.002 -20"><span class='ocrx_word' id='word_1_399' title='bbox 475 4089 767 4174; x_wconf 81' lang='lat' dir='ltr'><strong>approbat</strong></span> <span class='ocrx_word' id='word_1_400' title='bbox 795 4097 854 4153; x_wconf 90' lang='lat' dir='ltr'><strong>et</strong></span> <span class='ocrx_word' id='word_1_401' title='bbox 880 4090 1155 4151; x_wconf 88' lang='lat' dir='ltr'><strong>honorat.</strong></span> <span class='ocrx_word' id='word_1_402' title='bbox 1178 4087 1259 4150; x_wconf 89' lang='lat' dir='ltr'><strong>Et</strong></span> <span class='ocrx_word' id='word_1_403' title='bbox 1280 4089 1608 4152; x_wconf 73' lang='lat' dir='ltr'><strong>haereditas</strong></span> <span class='ocrx_word' id='word_1_404' title='bbox 1630 4106 1833 4150; x_wconf 82' lang='lat' dir='ltr'><strong>eorum</strong></span> <span class='ocrx_word' id='word_1_405' title='bbox 1856 4090 1920 4150; x_wconf 83' lang='lat' dir='ltr'><strong>in</strong></span> <span class='ocrx_word' id='word_1_406' title='bbox 1943 4098 2118 4152; x_wconf 67' lang='lat' dir='ltr'><strong>aeter-</strong></span> 
     </span>
    </p>
   </div>
   <div class='ocr_carea' id='block_1_58' title="bbox 478 4177 2124 4259">
    <p class='ocr_par' dir='ltr' id='par_1_58' title="bbox 478 4177 2124 4259">
     <span class='ocr_line' id='line_1_58' title="bbox 478 4177 2124 4259; baseline -0.003 -15"><span class='ocrx_word' id='word_1_407' title='bbox 478 4198 628 4244; x_wconf 79' lang='lat' dir='ltr'><strong>num</strong></span> <span class='ocrx_word' id='word_1_408' title='bbox 661 4183 799 4242; x_wconf 81' lang='lat' dir='ltr'><strong>erit.</strong></span> <span class='ocrx_word' id='word_1_409' title='bbox 825 4181 1192 4259; x_wconf 68' lang='lat' dir='ltr'><strong>Incorruptai</strong></span> <span class='ocrx_word' id='word_1_410' title='bbox 1212 4194 1470 4258; x_wconf 89' lang='lat' dir='ltr'><strong>namque</strong></span> <span class='ocrx_word' id='word_1_411' title='bbox 1501 4185 1558 4240; x_wconf 90' lang='lat' dir='ltr'><strong>et</strong></span> <span class='ocrx_word' id='word_1_412' title='bbox 1583 4177 1965 4257; x_wconf 76' lang='lat' dir='ltr'><strong>sempiternae</strong></span> <span class='ocrx_word' id='word_1_413' title='bbox 1987 4188 2124 4240; x_wconf 90' lang='lat' dir='ltr'><strong>sunt</strong></span> 
     </span>
    </p>
   </div>
   <div class='ocr_carea' id='block_1_59' title="bbox 483 4267 1187 4334">
    <p class='ocr_par' dir='ltr' id='par_1_59' title="bbox 483 4267 1187 4334">
     <span class='ocr_line' id='line_1_59' title="bbox 483 4267 1187 4334; baseline -0.009 -1"><span class='ocrx_word' id='word_1_414' title='bbox 483 4276 822 4334; x_wconf 88' lang='lat' dir='ltr'><strong>sanctorum</strong></span> <span class='ocrx_word' id='word_1_415' title='bbox 856 4267 1187 4329; x_wconf 86' lang='lat' dir='ltr'><strong>mercedes.</strong></span> 
     </span>
    </p>
   </div>
   <div class='ocr_carea' id='block_1_60' title="bbox 561 4357 2125 4438">
    <p class='ocr_par' dir='ltr' id='par_1_60' title="bbox 561 4357 2125 4438">
     <span class='ocr_line' id='line_1_60' title="bbox 561 4357 2125 4438; baseline -0.001 -18"><span class='ocrx_word' id='word_1_416' title='bbox 561 4360 660 4422; x_wconf 78' lang='grc'><strong>19.</strong></span> <span class='ocrx_word' id='word_1_417' title='bbox 684 4357 820 4419; x_wconf 85' lang='lat' dir='ltr'><strong>Non</strong></span> <span class='ocrx_word' id='word_1_418' title='bbox 836 4357 1293 4435; x_wconf 82' lang='lat' dir='ltr'><strong>confundentur</strong></span> <span class='ocrx_word' id='word_1_419' title='bbox 1323 4358 1387 4418; x_wconf 82' lang='lat' dir='ltr'><strong>in</strong></span> <span class='ocrx_word' id='word_1_420' title='bbox 1412 4364 1676 4438; x_wconf 83' lang='lat' dir='ltr'><strong>tempore</strong></span> <span class='ocrx_word' id='word_1_421' title='bbox 1701 4357 1959 4421; x_wconf 84' lang='lat' dir='ltr'><strong>malo.ln</strong></span> <span class='ocrx_word' id='word_1_422' title='bbox 1988 4376 2125 4438; x_wconf 90' lang='lat' dir='ltr'><strong>per-</strong></span> 
     </span>
    </p>
   </div>
   <div class='ocr_carea' id='block_1_61' title="bbox 480 4444 2128 4528">
    <p class='ocr_par' dir='ltr' id='par_1_61' title="bbox 480 4444 2128 4528">
     <span class='ocr_line' id='line_1_61' title="bbox 480 4444 2128 4528; baseline -0.002 -16"><span class='ocrx_word' id='word_1_423' title='bbox 480 4450 879 4522; x_wconf 85' lang='lat' dir='ltr'><strong>secutionum,</strong></span> <span class='ocrx_word' id='word_1_424' title='bbox 912 4447 1132 4528; x_wconf 88' lang='lat' dir='ltr'><strong>inquit,</strong></span> <span class='ocrx_word' id='word_1_425' title='bbox 1155 4444 1550 4527; x_wconf 84' lang='lat' dir='ltr'><strong>temporibus,</strong></span> <span class='ocrx_word' id='word_1_426' title='bbox 1577 4446 1990 4509; x_wconf 83' lang='lat' dir='ltr'><strong>deﬁcientibus</strong></span> <span class='ocrx_word' id='word_1_427' title='bbox 2011 4466 2128 4509; x_wconf 87' lang='lat' dir='ltr'><strong>ma-</strong></span> 
     </span>
    </p>
   </div>
   <div class='ocr_carea' id='block_1_62' title="bbox 481 4535 2128 4619">
    <p class='ocr_par' dir='ltr' id='par_1_62' title="bbox 481 4535 2128 4619">
     <span class='ocr_line' id='line_1_62' title="bbox 481 4535 2128 4619; baseline -0.001 -18"><span class='ocrx_word' id='word_1_428' title='bbox 481 4538 689 4619; x_wconf 76' lang='lat' dir='ltr'><strong>gistris</strong></span> <span class='ocrx_word' id='word_1_429' title='bbox 716 4537 847 4618; x_wconf 89' lang='lat' dir='ltr'><strong>ipse</strong></span> <span class='ocrx_word' id='word_1_430' title='bbox 876 4537 1166 4600; x_wconf 90' lang='lat' dir='ltr'><strong>Dominus</strong></span> <span class='ocrx_word' id='word_1_431' title='bbox 1197 4543 1410 4618; x_wconf 91' lang='lat' dir='ltr'><strong>suopte</strong></span> <span class='ocrx_word' id='word_1_432' title='bbox 1460 4535 1678 4616; x_wconf 90' lang='lat' dir='ltr'><strong>spiritu</strong></span> <span class='ocrx_word' id='word_1_433' title='bbox 1734 4535 1990 4599; x_wconf 88' lang='lat' dir='ltr'><strong>enutriet</strong></span> <span class='ocrx_word' id='word_1_434' title='bbox 2024 4554 2128 4599; x_wconf 90' lang='lat' dir='ltr'><strong>eos</strong></span> 
     </span>
    </p>
   </div>
   <div class='ocr_carea' id='block_1_63' title="bbox 481 4625 1325 4711">
    <p class='ocr_par' dir='ltr' id='par_1_63' title="bbox 481 4625 1325 4711">
     <span class='ocr_line' id='line_1_63' title="bbox 481 4625 1325 4711; baseline -0.004 -20"><span class='ocrx_word' id='word_1_435' title='bbox 481 4629 584 4711; x_wconf 92' lang='lat' dir='ltr'><strong>qui</strong></span> <span class='ocrx_word' id='word_1_436' title='bbox 613 4630 674 4689; x_wconf 91' lang='lat' dir='ltr'><strong>in</strong></span> <span class='ocrx_word' id='word_1_437' title='bbox 704 4627 900 4708; x_wconf 91' lang='lat' dir='ltr'><strong>ipsum</strong></span> <span class='ocrx_word' id='word_1_438' title='bbox 933 4625 1325 4688; x_wconf 88' lang='lat' dir='ltr'><strong>crediderint.</strong></span> 
     </span>
    </p>
   </div>
   <div class='ocr_carea' id='block_1_64' title="bbox 563 4713 2124 4799">
    <p class='ocr_par' dir='ltr' id='par_1_64' title="bbox 563 4713 2124 4799">
     <span class='ocr_line' id='line_1_64' title="bbox 563 4713 2124 4799; baseline -0.001 -21"><span class='ocrx_word' id='word_1_439' title='bbox 563 4716 730 4796; x_wconf 85' lang='lat' dir='ltr'><strong>[Non</strong></span> <span class='ocrx_word' id='word_1_440' title='bbox 773 4717 1223 4795; x_wconf 81' lang='lat' dir='ltr'><strong>confundentur</strong></span> <span class='ocrx_word' id='word_1_441' title='bbox 1261 4717 1328 4778; x_wconf 85' lang='lat' dir='ltr'><strong>in</strong></span> <span class='ocrx_word' id='word_1_442' title='bbox 1378 4725 1651 4799; x_wconf 84' lang='lat' dir='ltr'><strong>tempore</strong></span> <span class='ocrx_word' id='word_1_443' title='bbox 1690 4713 1871 4778; x_wconf 89' lang='lat' dir='ltr'><strong>malo.</strong></span> <span class='ocrx_word' id='word_1_444' title='bbox 1907 4715 2124 4778; x_wconf 84' lang='lat' dir='ltr'><strong>Malum</strong></span> 
     </span>
    </p>
   </div>
   <div class='ocr_carea' id='block_1_65' title="bbox 479 4804 2126 4889">
    <p class='ocr_par' dir='ltr' id='par_1_65' title="bbox 479 4804 2126 4889">
     <span class='ocr_line' id='line_1_65' title="bbox 479 4804 2126 4889; baseline -0.004 -18"><span class='ocrx_word' id='word_1_445' title='bbox 479 4816 715 4889; x_wconf 89' lang='lat' dir='ltr'><strong>tempus</strong></span> <span class='ocrx_word' id='word_1_446' title='bbox 746 4815 836 4868; x_wconf 92' lang='lat' dir='ltr'><strong>est</strong></span> <span class='ocrx_word' id='word_1_447' title='bbox 864 4806 972 4868; x_wconf 65' lang='lat' dir='ltr'><strong>ira:</strong></span> <span class='ocrx_word' id='word_1_448' title='bbox 1001 4824 1068 4868; x_wconf 86' lang='lat' dir='ltr'><strong>ac</strong></span> <span class='ocrx_word' id='word_1_449' title='bbox 1097 4804 1316 4868; x_wconf 81' lang='lat' dir='ltr'><strong>furoris</strong></span> <span class='ocrx_word' id='word_1_450' title='bbox 1359 4817 1570 4869; x_wconf 90' lang='lat' dir='ltr'><strong>contra</strong></span> <span class='ocrx_word' id='word_1_451' title='bbox 1614 4805 1856 4886; x_wconf 86' lang='lat' dir='ltr'><strong>impios,</strong></span> <span class='ocrx_word' id='word_1_452' title='bbox 1887 4804 2126 4882; x_wconf 91' lang='lat' dir='ltr'><strong>quando</strong></span> 
     </span>
    </p>
   </div>
   <div class='ocr_carea' id='block_1_66' title="bbox 481 4894 2124 4977">
    <p class='ocr_par' dir='ltr' id='par_1_66' title="bbox 481 4894 2124 4977">
     <span class='ocr_line' id='line_1_66' title="bbox 481 4894 2124 4977; baseline -0.004 -17"><span class='ocrx_word' id='word_1_453' title='bbox 481 4897 570 4960; x_wconf 90' lang='lat' dir='ltr'><strong>illi</strong></span> <span class='ocrx_word' id='word_1_454' title='bbox 625 4895 867 4977; x_wconf 91' lang='lat' dir='ltr'><strong>quidem</strong></span> <span class='ocrx_word' id='word_1_455' title='bbox 911 4897 1142 4976; x_wconf 89' lang='lat' dir='ltr'><strong>justum</strong></span> <span class='ocrx_word' id='word_1_456' title='bbox 1189 4895 1296 4959; x_wconf 91' lang='lat' dir='ltr'><strong>Dei</strong></span> <span class='ocrx_word' id='word_1_457' title='bbox 1340 4895 1639 4975; x_wconf 86' lang='lat' dir='ltr'><strong>judicium</strong></span> <span class='ocrx_word' id='word_1_458' title='bbox 1698 4894 2124 4976; x_wconf 83' lang='lat' dir='ltr'><strong>experientur;</strong></span> 
     </span>
    </p>
   </div>
   <div class='ocr_carea' id='block_1_67' title="bbox 472 4984 2124 5069">
    <p class='ocr_par' dir='ltr' id='par_1_67' title="bbox 472 4984 2124 5069">
     <span class='ocr_line' id='line_1_67' title="bbox 472 4984 2124 5069; baseline -0.002 -21"><span class='ocrx_word' id='word_1_459' title='bbox 472 4987 624 5069; x_wconf 87' lang='lat' dir='ltr'><strong>justi</strong></span> <span class='ocrx_word' id='word_1_460' title='bbox 668 4993 866 5047; x_wconf 86' lang='lat' dir='ltr'><strong>autem</strong></span> <span class='ocrx_word' id='word_1_461' title='bbox 926 4985 1200 5065; x_wconf 77' lang='lat' dir='ltr'><strong>gloriam,</strong></span> <span class='ocrx_word' id='word_1_462' title='bbox 1249 4985 1566 5062; x_wconf 91' lang='lat' dir='ltr'><strong>honorem,</strong></span> <span class='ocrx_word' id='word_1_463' title='bbox 1615 4984 2124 5066; x_wconf 85' lang='lat' dir='ltr'><strong>incorruptionem</strong></span> 
     </span>
    </p>
   </div>
   <div class='ocr_carea' id='block_1_68' title="bbox 482 5077 1607 5158">
    <p class='ocr_par' dir='ltr' id='par_1_68' title="bbox 482 5077 1607 5158">
     <span class='ocr_line' id='line_1_68' title="bbox 482 5077 1607 5158; baseline -0.003 -19"><span class='ocrx_word' id='word_1_464' title='bbox 482 5085 543 5139; x_wconf 88' lang='lat' dir='ltr'><strong>et</strong></span> <span class='ocrx_word' id='word_1_465' title='bbox 567 5077 746 5137; x_wconf 86' lang='lat' dir='ltr'><strong>vitam</strong></span> <span class='ocrx_word' id='word_1_466' title='bbox 780 5082 1061 5137; x_wconf 66' lang='lat' dir='ltr'><strong>aeternam</strong></span> <span class='ocrx_word' id='word_1_467' title='bbox 1103 5077 1607 5158; x_wconf 90' lang='lat' dir='ltr'><strong>consequentur.]</strong></span> 
     </span>
    </p>
   </div>
   <div class='ocr_carea' id='block_1_69' title="bbox 563 5162 2124 5245">
    <p class='ocr_par' dir='ltr' id='par_1_69' title="bbox 563 5162 2124 5245">
     <span class='ocr_line' id='line_1_69' title="bbox 563 5162 2124 5245; baseline -0.003 -15"><span class='ocrx_word' id='word_1_468' title='bbox 563 5167 663 5230; x_wconf 76' lang='lat'><strong>21.</strong></span> <span class='ocrx_word' id='word_1_469' title='bbox 702 5162 1084 5226; x_wconf 84' lang='lat' dir='ltr'><strong>Mutuabitur</strong></span> <span class='ocrx_word' id='word_1_470' title='bbox 1124 5173 1420 5245; x_wconf 85' lang='lat' dir='ltr'><strong>peccator,</strong></span> <span class='ocrx_word' id='word_1_471' title='bbox 1481 5174 1539 5228; x_wconf 84' lang='lat' dir='ltr'><strong>et</strong></span> <span class='ocrx_word' id='word_1_472' title='bbox 1586 5183 1709 5228; x_wconf 81' lang='lat' dir='ltr'><strong>non</strong></span> <span class='ocrx_word' id='word_1_473' title='bbox 1757 5163 1965 5228; x_wconf 85' lang='lat' dir='ltr'><strong>solvet.</strong></span> <span class='ocrx_word' id='word_1_474' title='bbox 1995 5163 2124 5226; x_wconf 89' lang='lat' dir='ltr'><strong>Non</strong></span> 
     </span>
    </p>
   </div>
   <div class='ocr_carea' id='block_1_70' title="bbox 483 5252 2127 5336">
    <p class='ocr_par' dir='ltr' id='par_1_70' title="bbox 483 5252 2127 5336">
     <span class='ocr_line' id='line_1_70' title="bbox 483 5252 2127 5336; baseline -0.004 -17"><span class='ocrx_word' id='word_1_475' title='bbox 483 5256 702 5336; x_wconf 81' lang='lat' dir='ltr'><strong>gratias</strong></span> <span class='ocrx_word' id='word_1_476' title='bbox 742 5254 886 5334; x_wconf 80' lang='lat' dir='ltr'><strong>egit,</strong></span> <span class='ocrx_word' id='word_1_477' title='bbox 933 5253 1144 5334; x_wconf 90' lang='lat' dir='ltr'><strong>inquit,</strong></span> <span class='ocrx_word' id='word_1_478' title='bbox 1198 5262 1499 5334; x_wconf 88' lang='lat' dir='ltr'><strong>peccator,</strong></span> <span class='ocrx_word' id='word_1_479' title='bbox 1530 5255 1614 5317; x_wconf 90' lang='lat' dir='ltr'><strong>de</strong></span> <span class='ocrx_word' id='word_1_480' title='bbox 1666 5252 1899 5317; x_wconf 86' lang='lat' dir='ltr'><strong>collatis</strong></span> <span class='ocrx_word' id='word_1_481' title='bbox 1949 5253 2063 5314; x_wconf 90' lang='lat' dir='ltr'><strong>sibi</strong></span> <span class='ocrx_word' id='word_1_482' title='bbox 2093 5272 2127 5314; x_wconf 92' lang='lat' dir='ltr'><strong>a</strong></span> 
     </span>
    </p>
   </div>
   <div class='ocr_carea' id='block_1_71' title="bbox 483 5343 2122 5422">
    <p class='ocr_par' dir='ltr' id='par_1_71' title="bbox 483 5343 2122 5422">
     <span class='ocr_line' id='line_1_71' title="bbox 483 5343 2122 5422; baseline -0.002 -12"><span class='ocrx_word' id='word_1_483' title='bbox 483 5347 609 5410; x_wconf 90' lang='lat' dir='ltr'><strong>Deo</strong></span> <span class='ocrx_word' id='word_1_484' title='bbox 639 5344 971 5409; x_wconf 85' lang='lat' dir='ltr'><strong>beneﬁciis.</strong></span> <span class='ocrx_word' id='word_1_485' title='bbox 999 5346 1209 5422; x_wconf 81' lang='lat' dir='ltr'><strong>Justus</strong></span> <span class='ocrx_word' id='word_1_486' title='bbox 1229 5351 1432 5408; x_wconf 86' lang='lat' dir='ltr'><strong>autem</strong></span> <span class='ocrx_word' id='word_1_487' title='bbox 1454 5347 1861 5418; x_wconf 81' lang='lat' dir='ltr'><strong>miseretur,et</strong></span> <span class='ocrx_word' id='word_1_488' title='bbox 1888 5343 2122 5406; x_wconf 83' lang='lat' dir='ltr'><strong>tribuit.</strong></span> 
     </span>
    </p>
   </div>
   <div class='ocr_carea' id='block_1_72' title="bbox 487 5433 2124 5511">
    <p class='ocr_par' dir='ltr' id='par_1_72' title="bbox 487 5433 2124 5511">
     <span class='ocr_line' id='line_1_72' title="bbox 487 5433 2124 5511; baseline -0.003 -13"><span class='ocrx_word' id='word_1_489' title='bbox 487 5435 954 5498; x_wconf 85' lang='lat' dir='ltr'><strong>Misericordiam</strong></span> <span class='ocrx_word' id='word_1_490' title='bbox 987 5433 1397 5498; x_wconf 86' lang='lat' dir='ltr'><strong>retributionis</strong></span> <span class='ocrx_word' id='word_1_491' title='bbox 1426 5435 1556 5497; x_wconf 88' lang='lat' dir='ltr'><strong>loco</strong></span> <span class='ocrx_word' id='word_1_492' title='bbox 1588 5434 1784 5511; x_wconf 86' lang='lat' dir='ltr'><strong>solvit,</strong></span> <span class='ocrx_word' id='word_1_493' title='bbox 1808 5433 2124 5496; x_wconf 91' lang='lat' dir='ltr'><strong>Dominum</strong></span> 
     </span>
    </p>
   </div>
   <div class='ocr_carea' id='block_1_73' title="bbox 491 5524 984 5592">
    <p class='ocr_par' dir='ltr' id='par_1_73' title="bbox 491 5524 984 5592">
     <span class='ocr_line' id='line_1_73' title="bbox 491 5524 984 5592; baseline -0.012 0"><span class='ocrx_word' id='word_1_494' title='bbox 491 5545 666 5592; x_wconf 87' lang='lat' dir='ltr'><strong>suum</strong></span> <span class='ocrx_word' id='word_1_495' title='bbox 695 5524 984 5588; x_wconf 86' lang='lat' dir='ltr'><strong>imitatus.</strong></span> 
     </span>
    </p>
   </div>
   <div class='ocr_carea' id='block_1_74' title="bbox 565 5683 1488 5764">
    <p class='ocr_par' dir='ltr' id='par_1_74' title="bbox 565 5683 1488 5764">
     <span class='ocr_line' id='line_1_74' title="bbox 565 5683 1488 5764; baseline -0.004 -10"><span class='ocrx_word' id='word_1_496' title='bbox 565 5683 788 5754; x_wconf 71' lang='lat' dir='ltr'><strong>8710b.</strong></span> <span class='ocrx_word' id='word_1_497' title='bbox 819 5704 899 5764; x_wconf 76' lang='grc' dir='ltr'><strong>ιν,</strong></span> <span class='ocrx_word' id='word_1_498' title='bbox 923 5687 986 5754; x_wconf 93' lang='grc'>7.</span> <span class='ocrx_word' id='word_1_499' title='bbox 1069 5685 1126 5732; x_wconf 80' lang='grc'><strong>⁸⁸</strong></span> <span class='ocrx_word' id='word_1_500' title='bbox 1149 5683 1279 5750; x_wconf 72' lang='lat' dir='ltr'><strong>Jac.</strong></span> <span class='ocrx_word' id='word_1_501' title='bbox 1312 5703 1354 5760; x_wconf 83' lang='grc' dir='ltr'><strong>ι,</strong></span> <span class='ocrx_word' id='word_1_502' title='bbox 1383 5683 1488 5750; x_wconf 75' lang='grc'><strong>20.</strong></span> 
     </span>
    </p>
   </div>
   <div class='ocr_carea' id='block_1_75' title="bbox 2287 2295 3858 2384">
    <p class='ocr_par' dir='ltr' id='par_1_75' title="bbox 2287 2295 3858 2384">
     <span class='ocr_line' id='line_1_75' title="bbox 2287 2295 3858 2384; baseline -0.001 -25"><span class='ocrx_word' id='word_1_503' title='bbox 2287 2303 2382 2360; x_wconf 78' lang='grc' dir='ltr'>Καὶ</span> <span class='ocrx_word' id='word_1_504' title='bbox 2442 2295 2936 2384; x_wconf 71' lang='grc' dir='ltr'>κατατροφῆσουσιν</span> <span class='ocrx_word' id='word_1_505' title='bbox 2994 2303 3078 2360; x_wconf 80' lang='grc' dir='ltr'><strong>ἐπὶ</strong></span> <span class='ocrx_word' id='word_1_506' title='bbox 3123 2301 3310 2369; x_wconf 71' lang='grc' dir='ltr'>πλήθει</span> <span class='ocrx_word' id='word_1_507' title='bbox 3364 2303 3574 2380; x_wconf 54' lang='lat' dir='ltr'><strong>sipisim;</strong></span> <span class='ocrx_word' id='word_1_508' title='bbox 3608 2351 3620 2364; x_wconf 90' lang='grc'><strong>,</strong></span> <span class='ocrx_word' id='word_1_509' title='bbox 3711 2313 3858 2382; x_wconf 79' lang='grc' dir='ltr'><strong>Τρο-</strong></span> 
     </span>
    </p>
   </div>
   <div class='ocr_carea' id='block_1_76' title="bbox 2202 2390 3859 2473">
    <p class='ocr_par' dir='ltr' id='par_1_76' title="bbox 2202 2390 3859 2473">
     <span class='ocr_line' id='line_1_76' title="bbox 2202 2390 3859 2473; baseline 0.002 -27"><span class='ocrx_word' id='word_1_510' title='bbox 2202 2391 2276 2466; x_wconf 72' lang='grc' dir='ltr'><strong>φή</strong></span> <span class='ocrx_word' id='word_1_511' title='bbox 2305 2390 2530 2467; x_wconf 77' lang='grc' dir='ltr'><strong>δικαίου,</strong></span> <span class='ocrx_word' id='word_1_512' title='bbox 2565 2390 2768 2458; x_wconf 75' lang='grc' dir='ltr'>πλῆθος</span> <span class='ocrx_word' id='word_1_513' title='bbox 2800 2392 3010 2470; x_wconf 71' lang='grc' dir='ltr'>εἷρῆνης</span> <span class='ocrx_word' id='word_1_514' title='bbox 3060 2392 3220 2448; x_wconf 75' lang='grc' dir='ltr'>ἐστίν·</span> <span class='ocrx_word' id='word_1_515' title='bbox 3274 2391 3496 2451; x_wconf 73' lang='grc' dir='ltr'>ἀπάθειιο</span> <span class='ocrx_word' id='word_1_516' title='bbox 3541 2390 3594 2448; x_wconf 79' lang='grc' dir='ltr'>δὲ</span> <span class='ocrx_word' id='word_1_517' title='bbox 3639 2397 3859 2473; x_wconf 67' lang='grc' dir='ltr'>ψυχῆς,</span> 
     </span>
    </p>
   </div>
   <div class='ocr_carea' id='block_1_77' title="bbox 2203 2480 3244 2560">
    <p class='ocr_par' dir='ltr' id='par_1_77' title="bbox 2203 2480 3244 2560">
     <span class='ocr_line' id='line_1_77' title="bbox 2203 2480 3244 2560; baseline 0.004 -24"><span class='ocrx_word' id='word_1_518' title='bbox 2203 2481 2339 2556; x_wconf 78' lang='grc' dir='ltr'>μετὰ</span> <span class='ocrx_word' id='word_1_519' title='bbox 2370 2481 2618 2560; x_wconf 84' lang='grc' dir='ltr'>γνώσεως</span> <span class='ocrx_word' id='word_1_520' title='bbox 2652 2482 2757 2537; x_wconf 78' lang='grc' dir='ltr'><strong>τῶν</strong></span> <span class='ocrx_word' id='word_1_521' title='bbox 2781 2481 2948 2560; x_wconf 61' lang='grc' dir='ltr'>ὄντων</span> <span class='ocrx_word' id='word_1_522' title='bbox 2992 2480 3244 2549; x_wconf 73' lang='grc' dir='ltr'>ἆλῆθοῦς.</span> 
     </span>
    </p>
   </div>
   <div class='ocr_carea' id='block_1_78' title="bbox 2203 2566 3861 2651">
    <p class='ocr_par' dir='ltr' id='par_1_78' title="bbox 2203 2566 3861 2651">
     <span class='ocr_line' id='line_1_78' title="bbox 2203 2566 3861 2651; baseline -0.001 -24"><span class='ocrx_word' id='word_1_523' title='bbox 2203 2591 2206 2594; x_wconf 80' lang='grc'><strong>’</strong></span> <span class='ocrx_word' id='word_1_524' title='bbox 2282 2572 2721 2651; x_wconf 74' lang='grc' dir='ltr'>Παρατηρῆσεται</span> <span class='ocrx_word' id='word_1_525' title='bbox 2791 2572 2818 2626; x_wconf 99' lang='lat'><strong>6</strong></span> <span class='ocrx_word' id='word_1_526' title='bbox 2865 2569 3184 2648; x_wconf 80' lang='grc' dir='ltr'>ἁμαρτωλὸς</span> <span class='ocrx_word' id='word_1_527' title='bbox 3237 2571 3326 2625; x_wconf 81' lang='grc' dir='ltr'><strong>τὸν</strong></span> <span class='ocrx_word' id='word_1_528' title='bbox 3378 2566 3604 2630; x_wconf 75' lang='grc' dir='ltr'>δίκαιον.</span> <span class='ocrx_word' id='word_1_529' title='bbox 3687 2572 3861 2626; x_wconf 75' lang='grc' dir='ltr'>Τοῦτο</span> 
     </span>
    </p>
   </div>
   <div class='ocr_carea' id='block_1_79' title="bbox 2201 2657 3857 2740">
    <p class='ocr_par' dir='ltr' id='par_1_79' title="bbox 2201 2657 3857 2740">
     <span class='ocr_line' id='line_1_79' title="bbox 2201 2657 3857 2740; baseline -0.001 -24"><span class='ocrx_word' id='word_1_530' title='bbox 2201 2661 2288 2717; x_wconf 86' lang='grc' dir='ltr'><strong>καὶ</strong></span> <span class='ocrx_word' id='word_1_531' title='bbox 2331 2660 2416 2717; x_wconf 79' lang='grc' dir='ltr'>ἐπὶ</span> <span class='ocrx_word' id='word_1_532' title='bbox 2458 2667 2546 2718; x_wconf 83' lang='grc' dir='ltr'><strong>τοῦ</strong></span> <span class='ocrx_word' id='word_1_533' title='bbox 2569 2657 2812 2717; x_wconf 70' lang='grc' dir='ltr'>διαϐόλου</span> <span class='ocrx_word' id='word_1_534' title='bbox 2846 2658 3464 2740; x_wconf 74' lang='grc' dir='ltr'>ληφθῆναιπρόσιρορον,</span> <span class='ocrx_word' id='word_1_535' title='bbox 3494 2659 3583 2715; x_wconf 83' lang='grc' dir='ltr'><strong>καὶ</strong></span> <span class='ocrx_word' id='word_1_536' title='bbox 3606 2658 3692 2713; x_wconf 74' lang='grc' dir='ltr'><strong>διὰ</strong></span> <span class='ocrx_word' id='word_1_537' title='bbox 3722 2660 3857 2715; x_wconf 68' lang='grc' dir='ltr'><strong>τού⁴⁵</strong></span> 
     </span>
    </p>
   </div>
   <div class='ocr_carea' id='block_1_80' title="bbox 2202 2748 3856 2831">
    <p class='ocr_par' dir='ltr' id='par_1_80' title="bbox 2202 2748 3856 2831">
     <span class='ocr_line' id='line_1_80' title="bbox 2202 2748 3856 2831; baseline -0.001 -25"><span class='ocrx_word' id='word_1_538' title='bbox 2202 2772 2308 2806; x_wconf 85' lang='grc' dir='ltr'><strong>των</strong></span> <span class='ocrx_word' id='word_1_539' title='bbox 2337 2751 2667 2831; x_wconf 71' lang='grc' dir='ltr'>παραψυχήν</span> <span class='ocrx_word' id='word_1_540' title='bbox 2696 2757 2816 2814; x_wconf 78' lang='grc' dir='ltr'>τοῦς</span> <span class='ocrx_word' id='word_1_541' title='bbox 2848 2749 3216 2826; x_wconf 75' lang='grc' dir='ltr'><strong>ἀδικουμένοις</strong></span> <span class='ocrx_word' id='word_1_542' title='bbox 3249 2748 3557 2828; x_wconf 70' lang='grc' dir='ltr'>προσφέρει,</span> <span class='ocrx_word' id='word_1_543' title='bbox 3629 2748 3856 2804; x_wconf 77' lang='grc' dir='ltr'>Δείκνυ-</span> 
     </span>
    </p>
   </div>
   <div class='ocr_carea' id='block_1_81' title="bbox 2203 2838 3852 2918">
    <p class='ocr_par' dir='ltr' id='par_1_81' title="bbox 2203 2838 3852 2918">
     <span class='ocr_line' id='line_1_81' title="bbox 2203 2838 3852 2918; baseline 0 -23"><span class='ocrx_word' id='word_1_544' title='bbox 2203 2862 2254 2896; x_wconf 90' lang='grc' dir='ltr'><strong>σι</strong></span> <span class='ocrx_word' id='word_1_545' title='bbox 2285 2841 2383 2918; x_wconf 79' lang='grc' dir='ltr'>γὰρ</span> <span class='ocrx_word' id='word_1_546' title='bbox 2428 2841 2518 2896; x_wconf 81' lang='grc' dir='ltr'>τὸν</span> <span class='ocrx_word' id='word_1_547' title='bbox 2579 2840 2675 2915; x_wconf 77' lang='grc' dir='ltr'><strong>μὲν</strong></span> <span class='ocrx_word' id='word_1_548' title='bbox 2731 2841 3037 2918; x_wconf 84' lang='grc' dir='ltr'>παράνομον</span> <span class='ocrx_word' id='word_1_549' title='bbox 3089 2838 3352 2898; x_wconf 72' lang='grc' dir='ltr'>λυποῦντα</span> <span class='ocrx_word' id='word_1_550' title='bbox 3410 2846 3497 2894; x_wconf 82' lang='grc' dir='ltr'><strong>καί</strong></span> <span class='ocrx_word' id='word_1_551' title='bbox 3564 2838 3852 2913; x_wconf 74' lang='grc' dir='ltr'><strong>μεμηνότα</strong></span> 
     </span>
    </p>
   </div>
   <div class='ocr_carea' id='block_1_82' title="bbox 2205 2925 3862 3008">
    <p class='ocr_par' dir='ltr' id='par_1_82' title="bbox 2205 2925 3862 3008">
     <span class='ocr_line' id='line_1_82' title="bbox 2205 2925 3862 3008; baseline -0.003 -21"><span class='ocrx_word' id='word_1_552' title='bbox 2205 2931 2338 2989; x_wconf 78' lang='grc' dir='ltr'>κατὰ</span> <span class='ocrx_word' id='word_1_553' title='bbox 2368 2935 2474 2986; x_wconf 82' lang='grc' dir='ltr'>τῶν</span> <span class='ocrx_word' id='word_1_554' title='bbox 2543 2929 2864 3008; x_wconf 81' lang='grc' dir='ltr'>ἀπράγμονα</span> <span class='ocrx_word' id='word_1_555' title='bbox 2921 2929 3036 3007; x_wconf 81' lang='grc' dir='ltr'>βίον</span> <span class='ocrx_word' id='word_1_556' title='bbox 3097 2928 3499 3001; x_wconf 72' lang='grc' dir='ltr'><strong>ἀσπαζομένων,</strong></span> <span class='ocrx_word' id='word_1_557' title='bbox 3547 2930 3637 2994; x_wconf 81' lang='grc' dir='ltr'>τὸν</span> <span class='ocrx_word' id='word_1_558' title='bbox 3685 2925 3738 2982; x_wconf 79' lang='grc' dir='ltr'>δὲ</span> <span class='ocrx_word' id='word_1_559' title='bbox 3787 2927 3862 2982; x_wconf 81' lang='grc' dir='ltr'>δί-</span> 
     </span>
    </p>
   </div>
   <div class='ocr_carea' id='block_1_83' title="bbox 2202 3015 3880 3098">
    <p class='ocr_par' dir='ltr' id='par_1_83' title="bbox 2202 3015 3880 3098">
     <span class='ocr_line' id='line_1_83' title="bbox 2202 3015 3880 3098; baseline -0.002 -23"><span class='ocrx_word' id='word_1_560' title='bbox 2202 3041 2352 3076; x_wconf 86' lang='grc' dir='ltr'>καιον</span> <span class='ocrx_word' id='word_1_561' title='bbox 2399 3020 2582 3097; x_wconf 77' lang='grc' dir='ltr'>κριτὴν</span> <span class='ocrx_word' id='word_1_562' title='bbox 2613 3016 2997 3096; x_wconf 78' lang='grc' dir='ltr'>καταγελῶντα</span> <span class='ocrx_word' id='word_1_563' title='bbox 3029 3023 3136 3087; x_wconf 75' lang='grc' dir='ltr'>τῆς</span> <span class='ocrx_word' id='word_1_564' title='bbox 3199 3017 3584 3098; x_wconf 76' lang='grc' dir='ltr'><strong>ἐγχειρήσεως,</strong></span> <span class='ocrx_word' id='word_1_565' title='bbox 3642 3016 3729 3073; x_wconf 70' lang='grc' dir='ltr'>ὅτε</span> <span class='ocrx_word' id='word_1_566' title='bbox 3791 3015 3880 3096; x_wconf 34' lang='grc' dir='ltr'>δὴ,</span> 
     </span>
    </p>
   </div>
   <div class='ocr_carea' id='block_1_84' title="bbox 2181 3106 3403 3188">
    <p class='ocr_par' dir='ltr' id='par_1_84' title="bbox 2181 3106 3403 3188">
     <span class='ocr_line' id='line_1_84' title="bbox 2181 3106 3403 3188; baseline -0.002 -24"><span class='ocrx_word' id='word_1_567' title='bbox 2181 3109 2296 3176; x_wconf 76' lang='grc' dir='ltr'>’τήν</span> <span class='ocrx_word' id='word_1_568' title='bbox 2328 3121 2557 3188; x_wconf 78' lang='grc' dir='ltr'>ταχεῖαν</span> <span class='ocrx_word' id='word_1_569' title='bbox 2591 3108 2746 3164; x_wconf 74' lang='grc' dir='ltr'><strong>αὒτοῦ</strong></span> <span class='ocrx_word' id='word_1_570' title='bbox 2777 3106 3033 3176; x_wconf 77' lang='grc' dir='ltr'>τελευτὴν</span> <span class='ocrx_word' id='word_1_571' title='bbox 3068 3107 3403 3185; x_wconf 78' lang='grc' dir='ltr'>προορῶντα,</span> 
     </span>
    </p>
   </div>
   <div class='ocr_carea' id='block_1_85' title="bbox 2277 3195 3855 3275">
    <p class='ocr_par' dir='ltr' id='par_1_85' title="bbox 2277 3195 3855 3275">
     <span class='ocr_line' id='line_1_85' title="bbox 2277 3195 3855 3275; baseline -0.003 -21"><span class='ocrx_word' id='word_1_572' title='bbox 2277 3195 2337 3254; x_wconf 77' lang='grc' dir='ltr'>Ὀ</span> <span class='ocrx_word' id='word_1_573' title='bbox 2385 3195 2440 3252; x_wconf 79' lang='grc' dir='ltr'>δὲ</span> <span class='ocrx_word' id='word_1_574' title='bbox 2493 3197 2680 3274; x_wconf 86' lang='grc' dir='ltr'>Κὺριος</span> <span class='ocrx_word' id='word_1_575' title='bbox 2737 3196 3082 3275; x_wconf 80' lang='grc' dir='ltr'>ἐκγελάσεται</span> <span class='ocrx_word' id='word_1_576' title='bbox 3131 3196 3307 3259; x_wconf 69' lang='grc' dir='ltr'>αὒτόν,</span> <span class='ocrx_word' id='word_1_577' title='bbox 3375 3195 3628 3273; x_wconf 80' lang='grc' dir='ltr'>Διαγελᾷ,</span> <span class='ocrx_word' id='word_1_578' title='bbox 3693 3196 3855 3272; x_wconf 71' lang='grc' dir='ltr'>φησὶ,</span> 
     </span>
    </p>
   </div>
   <div class='ocr_carea' id='block_1_86' title="bbox 2196 3283 3864 3364">
    <p class='ocr_par' dir='ltr' id='par_1_86' title="bbox 2196 3283 3864 3364">
     <span class='ocr_line' id='line_1_86' title="bbox 2196 3283 3864 3364; baseline -0.002 -22"><span class='ocrx_word' id='word_1_579' title='bbox 2196 3286 2290 3351; x_wconf 74' lang='grc' dir='ltr'><strong>τὰς</strong></span> <span class='ocrx_word' id='word_1_580' title='bbox 2349 3287 2485 3344; x_wconf 78' lang='grc' dir='ltr'>κατὰ</span> <span class='ocrx_word' id='word_1_581' title='bbox 2543 3293 2632 3342; x_wconf 77' lang='grc' dir='ltr'>τοῦ</span> <span class='ocrx_word' id='word_1_582' title='bbox 2733 3284 2935 3343; x_wconf 78' lang='grc' dir='ltr'>δικαίου</span> <span class='ocrx_word' id='word_1_583' title='bbox 2999 3284 3291 3346; x_wconf 78' lang='grc' dir='ltr'>ἐπιϐουλὰς</span> <span class='ocrx_word' id='word_1_584' title='bbox 3341 3293 3432 3342; x_wconf 77' lang='grc' dir='ltr'>τοῦ</span> <span class='ocrx_word' id='word_1_585' title='bbox 3490 3283 3810 3364; x_wconf 76' lang='grc' dir='ltr'>ἂμαρτωλοῦ</span> <span class='ocrx_word' id='word_1_586' title='bbox 3847 3303 3864 3320; x_wconf 76' lang='grc' dir='ltr'>ο</span> 
     </span>
    </p>
   </div>
   <div class='ocr_carea' id='block_1_87' title="bbox 2197 3372 3857 3456">
    <p class='ocr_par' dir='ltr' id='par_1_87' title="bbox 2197 3372 3857 3456">
     <span class='ocr_line' id='line_1_87' title="bbox 2197 3372 3857 3456; baseline -0.003 -24"><span class='ocrx_word' id='word_1_587' title='bbox 2197 3374 2369 3456; x_wconf 80' lang='grc' dir='ltr'>εἰδὼς,</span> <span class='ocrx_word' id='word_1_588' title='bbox 2408 3378 2481 3438; x_wconf 83' lang='grc' dir='ltr'>ὡς</span> <span class='ocrx_word' id='word_1_589' title='bbox 2528 3375 2752 3444; x_wconf 54' lang='grc' dir='ltr'>ἔστησεν</span> <span class='ocrx_word' id='word_1_590' title='bbox 2783 3375 2989 3452; x_wconf 79' lang='grc' dir='ltr'><strong>ἡμέραν</strong></span> <span class='ocrx_word' id='word_1_591' title='bbox 3025 3373 3142 3431; x_wconf 85' lang='grc' dir='ltr'>καθ’</span> <span class='ocrx_word' id='word_1_592' title='bbox 3173 3375 3239 3443; x_wconf 78' lang='grc' dir='ltr'><strong>ἣν</strong></span> <span class='ocrx_word' id='word_1_593' title='bbox 3297 3381 3373 3450; x_wconf 81' lang='grc' dir='ltr'><strong>τῷ</strong></span> <span class='ocrx_word' id='word_1_594' title='bbox 3435 3374 3530 3448; x_wconf 77' lang='grc' dir='ltr'><strong>μὲν</strong></span> <span class='ocrx_word' id='word_1_595' title='bbox 3588 3372 3857 3430; x_wconf 68' lang='grc' dir='ltr'>ἀποδώσει</span> 
     </span>
    </p>
   </div>
   <div class='ocr_carea' id='block_1_88' title="bbox 2193 3461 3619 3546">
    <p class='ocr_par' dir='ltr' id='par_1_88' title="bbox 2193 3461 3619 3546">
     <span class='ocr_line' id='line_1_88' title="bbox 2193 3461 3619 3546; baseline 0.001 -24"><span class='ocrx_word' id='word_1_596' title='bbox 2193 3466 2291 3534; x_wconf 77' lang='grc' dir='ltr'>τήν</span> <span class='ocrx_word' id='word_1_597' title='bbox 2312 3465 2520 3522; x_wconf 81' lang='grc' dir='ltr'>αἰώνιον</span> <span class='ocrx_word' id='word_1_598' title='bbox 2546 3466 2707 3546; x_wconf 73' lang='grc' dir='ltr'>ζωήν,</span> <span class='ocrx_word' id='word_1_599' title='bbox 2741 3471 2818 3540; x_wconf 80' lang='grc' dir='ltr'><strong>τῷ</strong></span> <span class='ocrx_word' id='word_1_600' title='bbox 2846 3463 2902 3522; x_wconf 73' lang='grc' dir='ltr'>δὲ</span> <span class='ocrx_word' id='word_1_601' title='bbox 2929 3466 3026 3533; x_wconf 80' lang='grc' dir='ltr'><strong>τήν</strong></span> <span class='ocrx_word' id='word_1_602' title='bbox 3055 3465 3265 3521; x_wconf 71' lang='grc' dir='ltr'>αἰώνιον</span> <span class='ocrx_word' id='word_1_603' title='bbox 3297 3463 3539 3524; x_wconf 76' lang='grc' dir='ltr'>κόλασιν.</span> <span class='ocrx_word' id='word_1_604' title='bbox 3615 3461 3619 3465; x_wconf 55' lang='grc'><strong>’</strong></span> 
     </span>
    </p>
   </div>
   <div class='ocr_carea' id='block_1_89' title="bbox 2281 3639 3858 3724">
    <p class='ocr_par' dir='ltr' id='par_1_89' title="bbox 2281 3639 3858 3724">
     <span class='ocr_line' id='line_1_89' title="bbox 2281 3639 3858 3724; baseline -0.005 -22"><span class='ocrx_word' id='word_1_605' title='bbox 2281 3642 2572 3724; x_wconf 75' lang='grc' dir='ltr'>Ῥομφαίαν</span> <span class='ocrx_word' id='word_1_606' title='bbox 2639 3643 2942 3700; x_wconf 78' lang='grc' dir='ltr'>ἐσπάσαντο</span> <span class='ocrx_word' id='word_1_607' title='bbox 3001 3645 3046 3700; x_wconf 76' lang='grc' dir='ltr'><strong>οἳ</strong></span> <span class='ocrx_word' id='word_1_608' title='bbox 3133 3639 3436 3720; x_wconf 78' lang='grc' dir='ltr'>ἁμαρτωλοὶ</span> <span class='ocrx_word' id='word_1_609' title='bbox 3479 3689 3495 3722; x_wconf 89' lang='grc'><strong>,</strong></span> <span class='ocrx_word' id='word_1_610' title='bbox 3589 3640 3858 3697; x_wconf 75' lang='grc' dir='ltr'>ἐνέτειναν</span> 
     </span>
    </p>
   </div>
   <div class='ocr_carea' id='block_1_90' title="bbox 2195 3729 3860 3813">
    <p class='ocr_par' dir='ltr' id='par_1_90' title="bbox 2195 3729 3860 3813">
     <span class='ocr_line' id='line_1_90' title="bbox 2195 3729 3860 3813; baseline -0.002 -23"><span class='ocrx_word' id='word_1_611' title='bbox 2195 3732 2346 3800; x_wconf 79' lang='grc' dir='ltr'>τόξον</span> <span class='ocrx_word' id='word_1_612' title='bbox 2408 3735 2623 3794; x_wconf 84' lang='grc' dir='ltr'>αὒτῶν.</span> <span class='ocrx_word' id='word_1_613' title='bbox 2661 3774 2676 3790; x_wconf 92' lang='grc'><strong>.</strong></span> <span class='ocrx_word' id='word_1_614' title='bbox 2717 3777 2730 3792; x_wconf 95' lang='grc'><strong>.</strong></span> <span class='ocrx_word' id='word_1_615' title='bbox 2806 3735 2839 3800; x_wconf 81' lang='grc' dir='ltr'>ἡ</span> <span class='ocrx_word' id='word_1_616' title='bbox 2901 3733 3137 3813; x_wconf 63' lang='grc' dir='ltr'>ῥομφαία</span> <span class='ocrx_word' id='word_1_617' title='bbox 3210 3733 3390 3787; x_wconf 78' lang='grc' dir='ltr'>αὐτῶν</span> <span class='ocrx_word' id='word_1_618' title='bbox 3478 3729 3700 3805; x_wconf 74' lang='grc' dir='ltr'>εἰσέλθοι</span> <span class='ocrx_word' id='word_1_619' title='bbox 3784 3733 3860 3795; x_wconf 73' lang='grc' dir='ltr'>εἷς</span> 
     </span>
    </p>
   </div>
   <div class='ocr_carea' id='block_1_91' title="bbox 2197 3821 3860 3902">
    <p class='ocr_par' dir='ltr' id='par_1_91' title="bbox 2197 3821 3860 3902">
     <span class='ocr_line' id='line_1_91' title="bbox 2197 3821 3860 3902; baseline -0.003 -22"><span class='ocrx_word' id='word_1_620' title='bbox 2197 3821 2412 3902; x_wconf 67' lang='grc' dir='ltr'>καρδίαν</span> <span class='ocrx_word' id='word_1_621' title='bbox 2443 3823 2636 3882; x_wconf 77' lang='grc' dir='ltr'>αὐτῶν.</span> <span class='ocrx_word' id='word_1_622' title='bbox 2671 3828 2867 3898; x_wconf 77' lang='grc' dir='ltr'>Ταῦτα,</span> <span class='ocrx_word' id='word_1_623' title='bbox 2918 3824 3070 3901; x_wconf 75' lang='grc' dir='ltr'>φησὶ,</span> <span class='ocrx_word' id='word_1_624' title='bbox 3123 3821 3456 3878; x_wconf 77' lang='grc' dir='ltr'>πεπόνθασιν</span> <span class='ocrx_word' id='word_1_625' title='bbox 3515 3823 3562 3877; x_wconf 79' lang='grc' dir='ltr'><strong>οἱ</strong></span> <span class='ocrx_word' id='word_1_626' title='bbox 3633 3822 3860 3896; x_wconf 79' lang='grc' dir='ltr'>πονηροὶ</span> 
     </span>
    </p>
   </div>
   <div class='ocr_carea' id='block_1_92' title="bbox 2200 3906 3605 3994">
    <p class='ocr_par' dir='ltr' id='par_1_92' title="bbox 2200 3906 3605 3991">
     <span class='ocr_line' id='line_1_92' title="bbox 2200 3906 3605 3991; baseline -0.004 -25"><span class='ocrx_word' id='word_1_627' title='bbox 2200 3908 2473 3991; x_wconf 83' lang='grc' dir='ltr'>δαίμονες,</span> <span class='ocrx_word' id='word_1_628' title='bbox 2506 3911 2538 3966; x_wconf 82' lang='grc' dir='ltr'>ἃ</span> <span class='ocrx_word' id='word_1_629' title='bbox 2567 3911 2815 3979; x_wconf 80' lang='grc' dir='ltr'>ποιήσειν</span> <span class='ocrx_word' id='word_1_630' title='bbox 2844 3922 2964 3971; x_wconf 79' lang='grc' dir='ltr'>τοῖς</span> <span class='ocrx_word' id='word_1_631' title='bbox 2998 3909 3167 3987; x_wconf 80' lang='grc' dir='ltr'>ἁγίοις</span> <span class='ocrx_word' id='word_1_632' title='bbox 3198 3906 3605 3966; x_wconf 73' lang='grc' dir='ltr'>ἐπιϐούλεοσαν,</span> 
     </span>
    </p>
   </div>
   <div class='ocr_carea' id='block_1_93' title="bbox 2282 3997 3856 4080">
    <p class='ocr_par' dir='ltr' id='par_1_93' title="bbox 2282 3997 3856 4080">
     <span class='ocr_line' id='line_1_93' title="bbox 2282 3997 3856 4080; baseline -0.003 -24"><span class='ocrx_word' id='word_1_633' title='bbox 2282 4000 2537 4057; x_wconf 78' lang='grc' dir='ltr'>Γινώσκει</span> <span class='ocrx_word' id='word_1_634' title='bbox 2598 4000 2782 4080; x_wconf 81' lang='grc' dir='ltr'>Κύριος</span> <span class='ocrx_word' id='word_1_635' title='bbox 2815 4001 2912 4063; x_wconf 80' lang='grc' dir='ltr'><strong>τὰς</strong></span> <span class='ocrx_word' id='word_1_636' title='bbox 2969 3997 3117 4064; x_wconf 79' lang='grc' dir='ltr'>ὀδοὺς</span> <span class='ocrx_word' id='word_1_637' title='bbox 3177 4004 3282 4054; x_wconf 80' lang='grc' dir='ltr'><strong>τῶν</strong></span> <span class='ocrx_word' id='word_1_638' title='bbox 3352 3997 3636 4072; x_wconf 79' lang='grc' dir='ltr'>ἆμώμων.</span> <span class='ocrx_word' id='word_1_639' title='bbox 3709 3999 3856 4062; x_wconf 77' lang='grc' dir='ltr'>Ἀντὶ</span> 
     </span>
    </p>
   </div>
   <div class='ocr_carea' id='block_1_94' title="bbox 2203 4085 3861 4170">
    <p class='ocr_par' dir='ltr' id='par_1_94' title="bbox 2203 4085 3861 4170">
     <span class='ocr_line' id='line_1_94' title="bbox 2203 4085 3861 4170; baseline -0.004 -23"><span class='ocrx_word' id='word_1_640' title='bbox 2203 4097 2320 4163; x_wconf 79' lang='grc' dir='ltr'>τοῦ,</span> <span class='ocrx_word' id='word_1_641' title='bbox 2353 4087 2676 4170; x_wconf 74' lang='grc' dir='ltr'>ἀποδέχεται</span> <span class='ocrx_word' id='word_1_642' title='bbox 2707 4091 2794 4146; x_wconf 85' lang='grc' dir='ltr'>καὶ</span> <span class='ocrx_word' id='word_1_643' title='bbox 2825 4095 2974 4164; x_wconf 81' lang='grc' dir='ltr'>τιμᾷ.</span> <span class='ocrx_word' id='word_1_644' title='bbox 3027 4086 3131 4148; x_wconf 82' lang='grc' dir='ltr'>Καὶ</span> <span class='ocrx_word' id='word_1_645' title='bbox 3188 4090 3222 4155; x_wconf 82' lang='grc' dir='ltr'>ἡ</span> <span class='ocrx_word' id='word_1_646' title='bbox 3279 4085 3609 4160; x_wconf 62' lang='grc' dir='ltr'>κληρονομία</span> <span class='ocrx_word' id='word_1_647' title='bbox 3681 4088 3861 4144; x_wconf 73' lang='grc' dir='ltr'>αὖτών</span> 
     </span>
    </p>
   </div>
   <div class='ocr_carea' id='block_1_95' title="bbox 2206 4176 3860 4258">
    <p class='ocr_par' dir='ltr' id='par_1_95' title="bbox 2206 4176 3860 4258">
     <span class='ocr_line' id='line_1_95' title="bbox 2206 4176 3860 4258; baseline -0.004 -22"><span class='ocrx_word' id='word_1_648' title='bbox 2206 4183 2278 4242; x_wconf 75' lang='grc' dir='ltr'>εἷς</span> <span class='ocrx_word' id='word_1_649' title='bbox 2333 4182 2495 4236; x_wconf 78' lang='grc' dir='ltr'>αἷῶνα</span> <span class='ocrx_word' id='word_1_650' title='bbox 2553 4178 2699 4234; x_wconf 80' lang='grc' dir='ltr'>ἔσται</span> <span class='ocrx_word' id='word_1_651' title='bbox 2737 4221 2751 4238; x_wconf 93' lang='grc'><strong>.</strong></span> <span class='ocrx_word' id='word_1_652' title='bbox 2814 4176 3127 4258; x_wconf 70' lang='grc' dir='ltr'>’Ἄφθαρτοι</span> <span class='ocrx_word' id='word_1_653' title='bbox 3177 4177 3276 4256; x_wconf 85' lang='grc' dir='ltr'><strong>γὰρ</strong></span> <span class='ocrx_word' id='word_1_654' title='bbox 3337 4179 3422 4232; x_wconf 85' lang='grc' dir='ltr'>καὶ</span> <span class='ocrx_word' id='word_1_655' title='bbox 3483 4177 3685 4234; x_wconf 81' lang='grc' dir='ltr'>αἰώνιοι</span> <span class='ocrx_word' id='word_1_656' title='bbox 3747 4182 3860 4232; x_wconf 79' lang='grc' dir='ltr'>τῶν</span> 
     </span>
    </p>
   </div>
   <div class='ocr_carea' id='block_1_96' title="bbox 2208 4265 2902 4347">
    <p class='ocr_par' dir='ltr' id='par_1_96' title="bbox 2208 4265 2902 4347">
     <span class='ocr_line' id='line_1_96' title="bbox 2208 4265 2902 4347; baseline 0.004 -23"><span class='ocrx_word' id='word_1_657' title='bbox 2208 4270 2373 4347; x_wconf 84' lang='grc' dir='ltr'>ἁγίων</span> <span class='ocrx_word' id='word_1_658' title='bbox 2405 4270 2456 4324; x_wconf 82' lang='grc' dir='ltr'>αἱ</span> <span class='ocrx_word' id='word_1_659' title='bbox 2500 4265 2841 4324; x_wconf 78' lang='grc' dir='ltr'>ἀνταποδόσει</span> <span class='ocrx_word' id='word_1_660' title='bbox 2853 4289 2902 4338; x_wconf 69' lang='grc' dir='ltr'>ς,</span> 
     </span>
    </p>
   </div>
   <div class='ocr_carea' id='block_1_97' title="bbox 2290 4353 3864 4436">
    <p class='ocr_par' dir='ltr' id='par_1_97' title="bbox 2290 4353 3864 4436">
     <span class='ocr_line' id='line_1_97' title="bbox 2290 4353 3864 4436; baseline -0.004 -21"><span class='ocrx_word' id='word_1_661' title='bbox 2290 4360 2363 4415; x_wconf 75' lang='grc' dir='ltr'>Οὐ</span> <span class='ocrx_word' id='word_1_662' title='bbox 2443 4357 2998 4436; x_wconf 73' lang='grc' dir='ltr'>καταισχυνθήσονται</span> <span class='ocrx_word' id='word_1_663' title='bbox 3055 4354 3108 4410; x_wconf 79' lang='grc' dir='ltr'>ἐν</span> <span class='ocrx_word' id='word_1_664' title='bbox 3194 4361 3362 4433; x_wconf 83' lang='grc' dir='ltr'>καιρῷ</span> <span class='ocrx_word' id='word_1_665' title='bbox 3435 4361 3654 4433; x_wconf 83' lang='grc' dir='ltr'>πονηρῷ</span> <span class='ocrx_word' id='word_1_666' title='bbox 3687 4398 3701 4412; x_wconf 94' lang='grc'><strong>.</strong></span> <span class='ocrx_word' id='word_1_667' title='bbox 3772 4353 3864 4410; x_wconf 88' lang='grc' dir='ltr'>Ἐν</span> 
     </span>
    </p>
   </div>
   <div class='ocr_carea' id='block_1_98' title="bbox 2209 4442 3864 4526">
    <p class='ocr_par' dir='ltr' id='par_1_98' title="bbox 2209 4442 3864 4526">
     <span class='ocr_line' id='line_1_98' title="bbox 2209 4442 3864 4526; baseline -0.006 -20"><span class='ocrx_word' id='word_1_668' title='bbox 2209 4460 2326 4512; x_wconf 76' lang='grc' dir='ltr'>τοῖς</span> <span class='ocrx_word' id='word_1_669' title='bbox 2357 4450 2464 4504; x_wconf 73' lang='grc' dir='ltr'>τῶν</span> <span class='ocrx_word' id='word_1_670' title='bbox 2516 4445 2792 4526; x_wconf 82' lang='grc' dir='ltr'>διωγμῶν,</span> <span class='ocrx_word' id='word_1_671' title='bbox 2848 4447 3005 4526; x_wconf 76' lang='grc' dir='ltr'>φησὶ,</span> <span class='ocrx_word' id='word_1_672' title='bbox 3059 4456 3292 4523; x_wconf 76' lang='grc' dir='ltr'>καιροῖς,</span> <span class='ocrx_word' id='word_1_673' title='bbox 3348 4442 3711 4500; x_wconf 79' lang='grc' dir='ltr'>ἐκλειπόντων</span> <span class='ocrx_word' id='word_1_674' title='bbox 3755 4447 3864 4499; x_wconf 75' lang='grc' dir='ltr'>τῶν</span> 
     </span>
    </p>
   </div>
   <div class='ocr_carea' id='block_1_99' title="bbox 2211 4533 3856 4614">
    <p class='ocr_par' dir='ltr' id='par_1_99' title="bbox 2211 4533 3856 4614">
     <span class='ocr_line' id='line_1_99' title="bbox 2211 4533 3856 4614; baseline -0.003 -21"><span class='ocrx_word' id='word_1_675' title='bbox 2211 4535 2566 4614; x_wconf 85' lang='grc' dir='ltr'>διδασκάλων,</span> <span class='ocrx_word' id='word_1_676' title='bbox 2615 4537 2769 4598; x_wconf 65' lang='grc' dir='ltr'>αὐτὸς</span> <span class='ocrx_word' id='word_1_677' title='bbox 2821 4538 2848 4592; x_wconf 90' lang='lat'><strong>6</strong></span> <span class='ocrx_word' id='word_1_678' title='bbox 2885 4537 3070 4613; x_wconf 82' lang='grc' dir='ltr'>Κύριος</span> <span class='ocrx_word' id='word_1_679' title='bbox 3103 4541 3177 4608; x_wconf 82' lang='grc' dir='ltr'>τῷ</span> <span class='ocrx_word' id='word_1_680' title='bbox 3221 4535 3409 4590; x_wconf 78' lang='grc' dir='ltr'>ἑαυτοῦ</span> <span class='ocrx_word' id='word_1_681' title='bbox 3441 4536 3700 4609; x_wconf 75' lang='grc' dir='ltr'>πνεύματι</span> <span class='ocrx_word' id='word_1_682' title='bbox 3732 4533 3856 4611; x_wconf 81' lang='grc' dir='ltr'><strong>0ρέ-</strong></span> 
     </span>
    </p>
   </div>
   <div class='ocr_carea' id='block_1_100' title="bbox 2146 4621 3146 4704">
    <p class='ocr_par' dir='ltr' id='par_1_100' title="bbox 2146 4621 3146 4704">
     <span class='ocr_line' id='line_1_100' title="bbox 2146 4621 3146 4704; baseline 0.003 -25"><span class='ocrx_word' id='word_1_683' title='bbox 2146 4621 2300 4704; x_wconf 72' lang='grc' dir='ltr'>ὓψει</span> <span class='ocrx_word' id='word_1_684' title='bbox 2329 4629 2450 4692; x_wconf 86' lang='grc' dir='ltr'>τοὺς</span> <span class='ocrx_word' id='word_1_685' title='bbox 2482 4629 2554 4688; x_wconf 84' lang='grc' dir='ltr'><strong>εἱς</strong></span> <span class='ocrx_word' id='word_1_686' title='bbox 2589 4627 2743 4681; x_wconf 73' lang='grc' dir='ltr'>αὐτὸν</span> <span class='ocrx_word' id='word_1_687' title='bbox 2776 4626 3146 4689; x_wconf 82' lang='grc' dir='ltr'>πιστεύοντας.</span> 
     </span>
    </p>
   </div>
   <div class='ocr_carea' id='block_1_101' title="bbox 2294 4711 3857 4794">
    <p class='ocr_par' dir='ltr' id='par_1_101' title="bbox 2294 4711 3857 4794">
     <span class='ocr_line' id='line_1_101' title="bbox 2294 4711 3857 4794; baseline -0.004 -21"><span class='ocrx_word' id='word_1_688' title='bbox 2294 4717 2388 4794; x_wconf 83' lang='grc' dir='ltr'><strong>[οὒ</strong></span> <span class='ocrx_word' id='word_1_689' title='bbox 2486 4716 3038 4794; x_wconf 62' lang='grc' dir='ltr'>καταισχυνθήσονται</span> <span class='ocrx_word' id='word_1_690' title='bbox 3144 4714 3196 4770; x_wconf 78' lang='grc' dir='ltr'>ἐν</span> <span class='ocrx_word' id='word_1_691' title='bbox 3310 4721 3479 4790; x_wconf 82' lang='grc' dir='ltr'>καιρῷ</span> <span class='ocrx_word' id='word_1_692' title='bbox 3585 4711 3807 4789; x_wconf 70' lang='grc' dir='ltr'>ποδηρῷ</span> <span class='ocrx_word' id='word_1_693' title='bbox 3843 4759 3857 4772; x_wconf 93' lang='grc'><strong>,</strong></span> 
     </span>
    </p>
   </div>
   <div class='ocr_carea' id='block_1_102' title="bbox 2215 4798 3864 4884">
    <p class='ocr_par' dir='ltr' id='par_1_102' title="bbox 2215 4798 3864 4884">
     <span class='ocr_line' id='line_1_102' title="bbox 2215 4798 3864 4884; baseline -0.005 -21"><span class='ocrx_word' id='word_1_694' title='bbox 2215 4807 2404 4884; x_wconf 82' lang='grc' dir='ltr'>Καιρὸς</span> <span class='ocrx_word' id='word_1_695' title='bbox 2436 4805 2666 4882; x_wconf 79' lang='grc' dir='ltr'>πονηρὸς</span> <span class='ocrx_word' id='word_1_696' title='bbox 2697 4807 2724 4860; x_wconf 89' lang='lat'><strong>6</strong></span> <span class='ocrx_word' id='word_1_697' title='bbox 2768 4809 2864 4870; x_wconf 80' lang='grc' dir='ltr'><strong>τῆς</strong></span> <span class='ocrx_word' id='word_1_698' title='bbox 2919 4804 3054 4860; x_wconf 76' lang='grc' dir='ltr'>κατὰ</span> <span class='ocrx_word' id='word_1_699' title='bbox 3097 4805 3202 4860; x_wconf 78' lang='grc' dir='ltr'><strong>τῶν</strong></span> <span class='ocrx_word' id='word_1_700' title='bbox 3235 4798 3441 4858; x_wconf 80' lang='grc' dir='ltr'>ἀσεϐῶν</span> <span class='ocrx_word' id='word_1_701' title='bbox 3486 4802 3678 4878; x_wconf 77' lang='grc' dir='ltr'>ὀργῆς,</span> <span class='ocrx_word' id='word_1_702' title='bbox 3732 4801 3785 4856; x_wconf 81' lang='grc' dir='ltr'>ἐν</span> <span class='ocrx_word' id='word_1_703' title='bbox 3817 4804 3864 4874; x_wconf 84' lang='grc' dir='ltr'>ᾦ</span> 
     </span>
    </p>
   </div>
   <div class='ocr_carea' id='block_1_103' title="bbox 2212 4892 3864 4973">
    <p class='ocr_par' dir='ltr' id='par_1_103' title="bbox 2212 4892 3864 4973">
     <span class='ocr_line' id='line_1_103' title="bbox 2212 4892 3864 4973; baseline -0.005 -20"><span class='ocrx_word' id='word_1_704' title='bbox 2212 4899 2258 4953; x_wconf 76' lang='grc' dir='ltr'><strong>οἱ</strong></span> <span class='ocrx_word' id='word_1_705' title='bbox 2303 4896 2400 4970; x_wconf 81' lang='grc' dir='ltr'><strong>μὲν</strong></span> <span class='ocrx_word' id='word_1_706' title='bbox 2431 4894 2528 4963; x_wconf 73' lang='grc' dir='ltr'><strong>τῆς</strong></span> <span class='ocrx_word' id='word_1_707' title='bbox 2579 4892 2959 4973; x_wconf 83' lang='grc' dir='ltr'>δικαιοκρισίας</span> <span class='ocrx_word' id='word_1_708' title='bbox 3017 4900 3111 4950; x_wconf 76' lang='grc' dir='ltr'><strong>τοῦ</strong></span> <span class='ocrx_word' id='word_1_709' title='bbox 3170 4895 3301 4948; x_wconf 79' lang='grc' dir='ltr'><strong>Θεοῦ</strong></span> <span class='ocrx_word' id='word_1_710' title='bbox 3343 4893 3775 4968; x_wconf 75' lang='grc' dir='ltr'>πειραθήσονται·</span> <span class='ocrx_word' id='word_1_711' title='bbox 3816 4895 3864 4945; x_wconf 76' lang='grc' dir='ltr'><strong>οἱ</strong></span> 
     </span>
    </p>
   </div>
   <div class='ocr_carea' id='block_1_104' title="bbox 2212 4979 3864 5063">
    <p class='ocr_par' dir='ltr' id='par_1_104' title="bbox 2212 4979 3864 5063">
     <span class='ocr_line' id='line_1_104' title="bbox 2212 4979 3864 5063; baseline -0.005 -23"><span class='ocrx_word' id='word_1_712' title='bbox 2212 4984 2267 5040; x_wconf 68' lang='grc' dir='ltr'>δὲ</span> <span class='ocrx_word' id='word_1_713' title='bbox 2297 4981 2446 5049; x_wconf 79' lang='grc' dir='ltr'>δόξαν</span> <span class='ocrx_word' id='word_1_714' title='bbox 2476 4984 2565 5040; x_wconf 78' lang='grc' dir='ltr'><strong>καὶ</strong></span> <span class='ocrx_word' id='word_1_715' title='bbox 2594 4982 2784 5058; x_wconf 76' lang='grc' dir='ltr'>τιμὴν,</span> <span class='ocrx_word' id='word_1_716' title='bbox 2816 4983 2904 5040; x_wconf 81' lang='grc' dir='ltr'><strong>καὶ</strong></span> <span class='ocrx_word' id='word_1_717' title='bbox 2951 4982 3261 5063; x_wconf 74' lang='grc' dir='ltr'>ἀφθαρσίαν,</span> <span class='ocrx_word' id='word_1_718' title='bbox 3311 4982 3400 5036; x_wconf 83' lang='grc' dir='ltr'><strong>καὶ</strong></span> <span class='ocrx_word' id='word_1_719' title='bbox 3443 4979 3585 5050; x_wconf 81' lang='grc' dir='ltr'>ζωὴν</span> <span class='ocrx_word' id='word_1_720' title='bbox 3644 4979 3864 5036; x_wconf 74' lang='grc' dir='ltr'>αἰώνιον</span> 
     </span>
    </p>
   </div>
   <div class='ocr_carea' id='block_1_105' title="bbox 2211 5073 2629 5151">
    <p class='ocr_par' dir='ltr' id='par_1_105' title="bbox 2211 5073 2629 5151">
     <span class='ocr_line' id='line_1_105' title="bbox 2211 5073 2629 5151; baseline -0.005 -21"><span class='ocrx_word' id='word_1_721' title='bbox 2211 5073 2629 5151; x_wconf 78' lang='grc' dir='ltr'>ἀπολήψονται,]</span> 
     </span>
    </p>
   </div>
   <div class='ocr_carea' id='block_1_106' title="bbox 2296 5158 3864 5240">
    <p class='ocr_par' dir='ltr' id='par_1_106' title="bbox 2296 5158 3864 5240">
     <span class='ocr_line' id='line_1_106' title="bbox 2296 5158 3864 5240; baseline -0.003 -21"><span class='ocrx_word' id='word_1_722' title='bbox 2296 5165 2594 5234; x_wconf 76' lang='grc' dir='ltr'>Δανείζεται</span> <span class='ocrx_word' id='word_1_723' title='bbox 2643 5163 2670 5217; x_wconf 82' lang='grc' dir='ltr'>ὃ</span> <span class='ocrx_word' id='word_1_724' title='bbox 2728 5158 3068 5240; x_wconf 83' lang='grc' dir='ltr'>ἁμαρτωλὸς,</span> <span class='ocrx_word' id='word_1_725' title='bbox 3118 5162 3207 5217; x_wconf 84' lang='grc' dir='ltr'><strong>καὶ</strong></span> <span class='ocrx_word' id='word_1_726' title='bbox 3265 5159 3360 5216; x_wconf 69' lang='grc' dir='ltr'>οὒκ</span> <span class='ocrx_word' id='word_1_727' title='bbox 3419 5159 3684 5218; x_wconf 76' lang='grc' dir='ltr'>ἀποτίσει,</span> <span class='ocrx_word' id='word_1_728' title='bbox 3749 5159 3864 5217; x_wconf 70' lang='grc' dir='ltr'><strong>Οὔκ</strong></span> 
     </span>
    </p>
   </div>
   <div class='ocr_carea' id='block_1_107' title="bbox 2209 5247 3865 5332">
    <p class='ocr_par' dir='ltr' id='par_1_107' title="bbox 2209 5247 3865 5332">
     <span class='ocr_line' id='line_1_107' title="bbox 2209 5247 3865 5332; baseline -0.007 -22"><span class='ocrx_word' id='word_1_729' title='bbox 2209 5248 2534 5325; x_wconf 78' lang='grc' dir='ltr'>ἀντιδίδωσι,</span> <span class='ocrx_word' id='word_1_730' title='bbox 2568 5253 2810 5332; x_wconf 65' lang='grc' dir='ltr'>φησὶν,,ὁ</span> <span class='ocrx_word' id='word_1_731' title='bbox 2837 5249 3153 5328; x_wconf 80' lang='grc' dir='ltr'>ἁμαρτωλὸς</span> <span class='ocrx_word' id='word_1_732' title='bbox 3201 5250 3547 5329; x_wconf 68' lang='grc' dir='ltr'>εὖχαριστίαν</span> <span class='ocrx_word' id='word_1_733' title='bbox 3603 5247 3733 5323; x_wconf 73' lang='grc' dir='ltr'>ὑπὲρ</span> <span class='ocrx_word' id='word_1_734' title='bbox 3788 5251 3865 5304; x_wconf 67' lang='grc' dir='ltr'><strong>ὧν</strong></span> 
     </span>
    </p>
   </div>
   <div class='ocr_carea' id='block_1_108' title="bbox 2211 5336 3866 5422">
    <p class='ocr_par' dir='ltr' id='par_1_108' title="bbox 2211 5336 3866 5422">
     <span class='ocr_line' id='line_1_108' title="bbox 2211 5336 3866 5422; baseline -0.004 -23"><span class='ocrx_word' id='word_1_735' title='bbox 2211 5344 2566 5422; x_wconf 77' lang='grc' dir='ltr'>εὒεργετεϊται</span> <span class='ocrx_word' id='word_1_736' title='bbox 2637 5342 2779 5418; x_wconf 78' lang='grc' dir='ltr'>παρὰ</span> <span class='ocrx_word' id='word_1_737' title='bbox 2856 5343 3030 5402; x_wconf 78' lang='grc' dir='ltr'><strong>Θεοῦ,</strong></span> <span class='ocrx_word' id='word_1_738' title='bbox 3091 5337 3154 5398; x_wconf 85' lang='grc' dir='ltr'><strong>Ὀ</strong></span> <span class='ocrx_word' id='word_1_739' title='bbox 3217 5337 3271 5394; x_wconf 79' lang='grc' dir='ltr'>δὲ</span> <span class='ocrx_word' id='word_1_740' title='bbox 3325 5336 3522 5398; x_wconf 78' lang='grc' dir='ltr'>δίκαιος</span> <span class='ocrx_word' id='word_1_741' title='bbox 3597 5339 3866 5416; x_wconf 76' lang='grc' dir='ltr'>οἰκτείρει,</span> 
     </span>
    </p>
   </div>
   <div class='ocr_carea' id='block_1_109' title="bbox 2211 5426 3868 5509">
    <p class='ocr_par' dir='ltr' id='par_1_109' title="bbox 2211 5426 3868 5509">
     <span class='ocr_line' id='line_1_109' title="bbox 2211 5426 3868 5509; baseline -0.004 -20"><span class='ocrx_word' id='word_1_742' title='bbox 2211 5434 2298 5489; x_wconf 87' lang='grc' dir='ltr'><strong>καὶ</strong></span> <span class='ocrx_word' id='word_1_743' title='bbox 2358 5429 2588 5493; x_wconf 81' lang='grc' dir='ltr'>διδωσιν,</span> <span class='ocrx_word' id='word_1_744' title='bbox 2647 5426 2983 5487; x_wconf 83' lang='grc' dir='ltr'>Ἀντιδίδωσι</span> <span class='ocrx_word' id='word_1_745' title='bbox 3013 5478 3028 5509; x_wconf 82' lang='grc'><strong>,</strong></span> <span class='ocrx_word' id='word_1_746' title='bbox 3089 5429 3249 5508; x_wconf 72' lang='grc' dir='ltr'>φησὶν</span> <span class='ocrx_word' id='word_1_747' title='bbox 3285 5475 3300 5502; x_wconf 87' lang='grc'><strong>,</strong></span> <span class='ocrx_word' id='word_1_748' title='bbox 3348 5427 3648 5502; x_wconf 80' lang='grc' dir='ltr'>οἱκτιρμοὺς</span> <span class='ocrx_word' id='word_1_749' title='bbox 3687 5470 3700 5494; x_wconf 86' lang='lat'><strong>,</strong></span> <span class='ocrx_word' id='word_1_750' title='bbox 3777 5429 3868 5483; x_wconf 70' lang='grc' dir='ltr'>τὸν</span> 
     </span>
    </p>
   </div>
   <div class='ocr_carea' id='block_1_110' title="bbox 2213 5518 3097 5598">
    <p class='ocr_par' dir='ltr' id='par_1_110' title="bbox 2213 5518 3097 5598">
     <span class='ocr_line' id='line_1_110' title="bbox 2213 5518 3097 5598; baseline -0.006 -19"><span class='ocrx_word' id='word_1_751' title='bbox 2213 5523 2401 5580; x_wconf 76' lang='grc' dir='ltr'>ἑαυτοῦ</span> <span class='ocrx_word' id='word_1_752' title='bbox 2438 5518 2718 5586; x_wconf 85' lang='grc' dir='ltr'>Δεσπότην</span> <span class='ocrx_word' id='word_1_753' title='bbox 2745 5519 3097 5598; x_wconf 81' lang='grc' dir='ltr'>μιμούμενος,</span> 
     </span>
    </p>
   </div>
  </div>
