4006 6204
427 307 566 390 λἰεδ

1242 327 1302 388 S.
1351 327 1777 390 ATHANASII
1821 325 1986 387 OPP.
2033 323 2250 386 PARS.
2298 327 2410 389 III.
2456 361 2532 371 —
2578 329 3035 392 EXEGETICA.

3707 325 3825 389 184

447 461 618 522 niam
638 465 780 522 sunt
807 459 1086 540 reliquiae
1134 459 1376 522 homini
1428 459 1706 539 paciﬁca.
1741 457 1815 520 Et
1862 455 2092 537 supplie-

2209 457 2582 536 γκατάλειμμα
2638 459 2898 538 ἀνθρώπῳ
2959 461 3230 538 εἰρηνιιιῷ.
3296 461 3391 516 Καὶ
3449 461 3483 526 ἡ
3563 459 3823 537 τιμωρία,

447 549 636 627 cium,
667 548 889 629 inquit,
946 548 1388 632 improborum,
1446 557 1506 610 et
1553 548 1864 628 reliquiae,
1912 547 1972 608 id
2003 551 2093 606 est

447 638 772 701 bmreditas
800 637 1145 718 proborum,
1182 637 1287 699 tibi
1321 637 1612 700 suadeant
1641 646 1706 700 ut
1736 636 2092 717 simplicita-

453 735 571 790 tem
604 737 664 789 et
695 727 1101 789 innocentiam
1134 726 1409 789 secteris.

526 819 576 873 1.
619 815 948 877 PSALMUS
981 817 1088 889 ipsi
1134 817 1314 874 David
1356 817 1417 872 in
1446 815 1940 874 rememorationem
1967 813 2030 868 de

981 901 1235 959 Sabbato.
1266 899 1555 961 XXXVII.

1067 987 1476 1058 Argumentum.

449 1069 620 1133 Hunc
650 1069 812 1132 canit
839 1071 1144 1148 psalmum
1171 1070 1470 1132 assiduam
1499 1085 1840 1130 memorans
1858 1067 2100 1130 calami-

532 1169 734 1236 tatem,
786 1179 962 1241 quam
1029 1169 1274 1242 propter
1332 1169 1638 1240 peccatum
1684 1159 1986 1233 sustinuit,
2046 1166 2105 1221 et

531 1255 720 1317 Deum
755 1272 864 1336 per
892 1272 1027 1316 sese
1058 1263 1245 1334 rogat,
1281 1253 1400 1316 sibi
1433 1251 1970 1328 sabbatismos,seu
2004 1270 2101 1314 ca-

531 1344 862 1406 lamitatum
892 1343 1080 1406 ﬁnem
1108 1343 1385 1406 concedi.

524 1526 576 1583 2.
609 1524 848 1588 Domine,
883 1541 950 1581 ne
982 1526 1040 1580 in
1087 1525 1278 1597 furore
1336 1529 1430 1582 tuo
1461 1539 1669 1596 arguas
1717 1542 1818 1590 me,
1849 1540 2011 1596 neque
2043 1523 2104 1580 in

2180 548 2331 626 φησὶ,
2386 555 2490 605 τῶν
2549 555 2823 628 πονηρῶν,
2885 549 2970 604 καὶ
3029 550 3090 605 τὸ
3127 547 3552 628 ἐγκατάλειμμα,
3612 548 3732 615 ἤτοι
3789 549 3826 614 ἡ

2178 634 2506 713 κληρονομία
2565 643 2671 694 τῶν
2727 638 2959 716 ἀγαθῶν,
3014 636 3459 716 παρασκευαζέτω
3521 659 3579 693 σε
3623 637 3827 702 ἐπιτηυ

2185 723 2350 782 δεύειν
2379 726 2680 794 ἁπλότητα.
2731 721 2740 729 ’

2263 821 2550 874 ΨΑΛΜΟΣ
2582 824 2658 891 τῷ
2692 813 2861 873 Δαυῖδ
2890 817 2963 875 εἷς
2995 816 3301 891 ἀνάμνησιν
3334 814 3564 891 περὶτοῦ
3597 813 3743 871 Σαϐ-

2826 903 3013 964 ϐἀτου.
3061 904 3164 962 ΛΖ¹
3179 954 3193 968 ,

2847 991 3150 1058 ⁹Υπόθεσις.

2185 1088 2379 1142 Τοῦτον
2405 1082 2515 1155 ᾃδει
2571 1084 2662 1139 τὸν
2723 1082 2960 1158 ψαλμὸν,
3002 1084 3420 1158 ἀναμιμνήσκων
3476 1085 3663 1140 ἑαυτὸν
3723 1089 3836 1150 τῆς

2265 1173 2596 1252 συνεχούσης
2676 1171 3061 1250 ταλαιπωρίας,
3131 1177 3194 1240 ἧς
3264 1172 3513 1246 ὑπέμεινε
3583 1171 3667 1228 διὰ
3717 1174 3832 1239 τὴν

2262 1263 2543 1341 ἁμαρτίαν.
2603 1259 2774 1327 Ἀξιοϊ
2827 1260 2881 1316 δὲ
2931 1259 3000 1316 δι’
3044 1262 3231 1318 ἑαυτοῦ
3286 1264 3379 1317 τὸν
3425 1264 3578 1340 Θεὸν,
3617 1259 3836 1318 σαϐϐα-

2259 1352 2479 1427 τισμοὺς
2541 1351 2682 1427 αὒτῷ
2736 1351 2936 1430 δοῦναι,
2997 1349 3116 1416 ἤτοι
3173 1351 3464 1410 ἀνάπαυσιν
3515 1357 3619 1408 τῶν
3679 1374 3832 1426 συμ-

2265 1448 2463 1521 φορῶν.

2266 1529 2452 1610 Κύριε,
2511 1533 2588 1608 μὴ
2630 1538 2708 1604 τῷ
2768 1534 2916 1606 θυμῷ
2972 1552 3065 1588 σου
3121 1527 3339 1607 ἐλέγξῃς
3397 1551 3486 1604 με,
3552 1527 3688 1604 μηδὲ
3755 1536 3836 1606 τῇ

451 1612 552 1673 ira
568 1619 674 1672 tua
697 1610 997 1689 corripias
1026 1627 1144 1672 me.
1173 1608 1657 1689 [Daemones,qui
1689 1609 1996 1689 suppliciis
2019 1609 2096 1670 in-

2209 1622 2319 1700 ὶργῆ
2377 1608 2469 1677 σου
2509 1617 2794 1696 παιδεύσῃς
2854 1640 2944 1694 με,
3005 1616 3086 1699 [Οἱ
3132 1631 3256 1682 ταῖς
3315 1617 3568 1675 κολάσεσι
3625 1616 3825 1674 διακο-

450 1703 716 1767 ferendis
763 1703 1144 1784 deputantur,
1180 1713 1238 1765 et
1294 1702 1538 1764 ultrices
1595 1710 1942 1783 potestates,
1996 1705 2096 1763 Dei

2209 1709 2429 1784 ιούμενοι
2481 1707 2746 1784 δαίμονες,
2803 1711 2893 1764 καὶ
2935 1709 2987 1764 αἱ
3017 1708 3374 1786 τιμωρητικαὶ
3406 1708 3676 1783 δυνάμεις,
3729 1717 3836 1766 τοῦ

453 1796 540 1856 ira
567 1803 627 1856 et
652 1793 815 1855 (uror
844 1800 1151 1856 vocantur.
1185 1791 1494 1874 Supplicat
1520 1790 1720 1871 itaque
1751 1809 1827 1852 ne
1855 1811 1885 1849 a
1922 1790 2096 1852 mali-

2209 1806 2318 1856 9506
2347 1799 2480 1876 ὀργὴ
2511 1799 2598 1854 καὶ
2649 1799 2809 1871 θυμὸς
2868 1795 3135 1875 λέγονται,
3198 1796 3441 1853 ’ἱκετεύει
3473 1797 3562 1852 οὖν
3608 1797 3684 1871 μὴ
3737 1795 3835 1851 διὰ

453 1883 589 1964 guis
615 1881 931 1944 virtutibus
961 1889 1259 1961 arguatur,
1297 1899 1490 1961 neque
1524 1897 1628 1960 per
1660 1879 2092 1942 immissionem

451 1971 802 2050 angelorum
836 1970 1269 2052 malorum,sed
1293 1988 1400 2050 per
1425 1969 1712 2032 salutaria
1738 1968 1924 2030 verba
1955 1988 2095 2030 cor-

454 2061 754 2142 ripiatur.]
787 2059 1046 2140 Corripit
1078 2079 1185 2122 nos
1215 2059 1530 2138 Dominus,
1564 2077 1697 2120 cum
1728 2074 1838 2120 nos
1869 2057 1942 2119 ad
1976 2059 2094 2119 vir-

453 2150 597 2213 tutis
626 2149 1099 2211 recordationem
1160 2147 1431 2212 deducit.
1461 2149 1715 2211 Sanctus
1746 2156 1942 2208 autem
1976 2165 2094 2208 non

450 2239 932 2317 redargutionem
955 2239 1507 2300 aut'correctionem
1523 2235 1819 2316 repudiat:
1836 2235 1941 2297 sed
1963 2253 2094 2298 eam

452 2347 586 2411 quae
615 2346 749 2390 cum
783 2329 871 2388 ira
898 2334 957 2388 et
985 2327 1186 2389 furore
1217 2328 1531 2408 conjuncta
1566 2325 1663 2388 sit.

534 2416 914 2492 3.Quoniam
928 2417 1164 2495 sagittae
1180 2423 1302 2477 tua:
1322 2415 1529 2495 inﬁxa
1541 2421 1682 2476 sunt
1697 2414 1851 2475 mihi
1859 2462 1872 2474 .
1900 2413 2097 2492 Sagit-

453 2516 546 2570 tas
567 2512 736 2567 vncat
769 2505 1019 2567 ultrices
1041 2510 1389 2585 potestates.
1415 2503 1500 2566 Et
1520 2503 1894 2583 conﬁrmasti
1915 2520 2099 2583 super

453 2615 548 2658 me
580 2612 833 2657 manum
867 2601 1058 2658 tuam.
1084 2594 1300 2674 Tetigit
1333 2611 1452 2666 me,
1481 2593 1699 2674 inquit,
1735 2610 1944 2653 manus
1976 2601 2094 2673 tua,

455 2684 683 2766 peccati
715 2701 892 2745 causa
921 2682 1279 2763 corripiens.

526 2780 578 2834 4.
609 2776 727 2834 Non
757 2783 833 2834 est
863 2776 1076 2834 sanitas
1105 2777 1168 2832 in
1201 2792 1361 2833 carne
1412 2792 1524 2830 mea
1553 2792 1587 2829 a
1645 2775 1792 2848 facie
1843 2777 1940 2833 ira:
1968 2779 2098 2833 tum.

455 2864 548 2926 Ira
579 2871 679 2924 tua
708 2860 1022 2939 ingruente
1071 2861 1240 2935 mihi,
1272 2859 1626 2922 labefactata
1664 2868 1754 2922 est
1775 2877 1910 2920 caro
1944 2879 2097 2924 mea.

457 2958 530 3015 Et
557 2971 664 3011 non
693 2958 773 3011 est
795 2969 909 3026 pax
937 2953 1141 3011 ossibus
1189 2955 1316 3011 meis
1344 2970 1375 3007 a
1411 2952 1558 3025 facie
1590 2960 1926 3026 peccatorum
1963 2971 2105 3012 meo-

457 3059 616 3104 rum.
644 3039 982 3114 Debilitata,
1035 3040 1258 3119 inquit,
1314 3046 1405 3100 est
1454 3037 1638 3099 virtus
1665 3040 1880 3101 anima;
1930 3058 2099 3122 mem,

458 3148 636 3193 causa
667 3136 864 3191 autem
897 3127 1262 3189 inﬁrmitatis
1293 3135 1601 3208 peccatum
1627 3136 1739 3190 est.

527 3311 581 3368 5.
617 3308 879 3377 Quoniam
908 3308 1221 3381 iniquitates
1264 3324 1391 3365 mea:
1443 3324 1808 3382 supergressa
1832 3316 1965 3368 sunt
2003 3327 2102 3369 ca-

452 3405 564 3478 put
593 3392 1050 3472 meum.Fregit,
1072 3391 1395 3473 inquit,me
1413 3394 1607 3472 gravis
1633 3394 1859 3474 peccati
1891 3394 2098 3460 moles.

458 3486 696 3550 Cruciat
727 3501 825 3544 me
853 3480 1252 3562 permolestus
1297 3481 1671 3562 putridorum
1697 3483 1870 3544 fmtor
1893 3483 2101 3545 vulne-

457 3593 618 3651 rum,
647 3591 778 3654 qua:
806 3571 1026 3634 amissa
1080 3571 1418 3651 prudentia,
1455 3579 1513 3632 et
1562 3571 1924 3653 insipientia;
1954 3573 2099 3634 sub-

457 3671 624 3726 actus
656 3663 716 3722 in
744 3679 839 3722 me
857 3661 1090 3741 excepi.
1114 3660 1302 3740 Cujus
1318 3661 1408 3721 rei
1438 3679 1615 3723 causa
1646 3662 1811 3722 omni
1844 3660 2103 3741 privatus

460 3752 858 3817 delectatione
875 3769 1062 3830 angor
1079 3759 1137 3813 et
1153 3751 1391 3813 assidue
1412 3755 1646 3816 crucior
1673 3753 2102 3831 animo,neque

460 3842 644 3904 ullam
676 3841 1051 3903 declinandis
1093 3841 1345 3902 tristitiae
1398 3842 1549 3903 viam
1600 3842 1865 3905 invenio.
1929 3842 2102 3904 Sicut

460 3949 613 3994 anus
642 3948 836 4010 grave
878 3938 1150 4009 gravatae
1207 3937 1352 3992 sunt
1380 3949 1562 4011 super
1592 3949 1706 3992 me.
1743 3916 2100 3994 Gravitatem

459 4019 604 4082 dicit
633 4018 1014 4080 conscientia;
1046 4027 1270 4080 motum
1306 4020 1688 4081 vehementer
1717 4021 1789 4081 ad
1824 4019 2108 4101 deSpera-

458 4109 681 4171 tionem
712 4107 1032 4170 tendentis.

530 4198 584 4253 6.
622 4198 961 4255 Putruerunt
1009 4201 1060 4250 et
1114 4207 1387 4268 corrupta
1426 4202 1552 4253 sunt
1599 4197 1875 4253 cicatriceo
1904 4213 2034 4255 mea
2071 4215 2107 4255 a

455 4285 614 4363 facie
648 4282 1021 4362 insipientia
1057 4299 1220 4343 mea.
1260 4283 1579 4344 Peccatum
1611 4300 1810 4361 omne,
1850 4292 2018 4363 turpe
2049 4294 2108 4346 et

460 4375 730 4458 putidum
765 4382 855 4436 est
908 4375 1073 4435 :nisi
1129 4372 1290 4436 enim
1344 4374 1401 4434 in
1452 4373 1853 4454 insipientiam
1911 4377 2106 4439 anima

457 4466 722 4546 decidat,
757 4471 1063 4545 peccatum
1098 4462 1415 4525 admittere
1473 4481 1777 4545 nunquam
1808 4464 2100 4528 tolerarit.

2181 1893 2428 1966 πονηρῶν
2477 1884 2750 1963 δυνάμεων
2794 1885 3145 1965 ἐλεγχθῆναι,
3211 1884 3348 1961 μηδὲ
3408 1883 3474 1940 δι’
3519 1885 3832 1952 ἀποστολῆς

2179 1975 2420 2056 ἀγγέλων
2480 1979 2803 2051 σκυθρωπῶν
2846 1973 3212 2053 παιδευθῆναι,
3288 1972 3426 2029 ἀλλὰ
3499 1972 3583 2029 δια
3643 1973 3828 2052 λόγων

2179 2066 2504 2142 σωτηρίων.]
2538 2061 2782 2120 Παιδεύει
2838 2065 2984 2138 ἡμᾶς
3051 2065 3078 2119 ὁ
3127 2066 3336 2142 Κύριος,
3398 2065 3468 2127 εἷς
3529 2064 3837 2137 ἀνάμνησιν

2178 2151 2324 2233 ἄγων
2378 2155 2474 2222 τῆς
2529 2154 2748 2232 ἀρετῆς.
2779 2153 2840 2211 Ὀ
2872 2151 2926 2208 δὲ
2957 2153 3109 2232 ἅγιος
3142 2157 3202 2212 οὗ
3234 2154 3321 2208 τὸν
3376 2152 3602 2231 ἔλεγχον
3634 2152 3668 2219 ἢ
3727 2153 3838 2218 τὴν

2177 2241 2416 2301 παιδείαν
2465 2255 2830 2323 παραιτεῖται,
2918 2242 3055 2299 ἀλλά
3138 2243 3234 2310 τὴν
3307 2241 3425 2316 μετ’
3519 2243 3681 2317 ὀργῆς
3742 2247 3840 2300 καὶ

2178 2338 2344 2409 θυμοῦ
2353 2383 2367 2396 ,

2261 2422 2396 2481 "Ott
2443 2424 2508 2479 τὰ
2562 2421 2694 2498 βέλη
2745 2445 2839 2481 σου
2895 2421 3236 2500 ἓνεποίγησάν
3289 2443 3405 2494 μοι,
3437 2419 3575 2486 Βέλη
3607 2421 3702 2484 τὰς
3736 2442 3837 2475 τις·

2183 2513 2492 2593 μωρητικὰς
2522 2510 2766 2588 δυνάμεις
2817 2535 2974 2593 φησι,
3040 2514 3134 2570 Καὶ
3191 2509 3534 2588 ἐπεστήριξας
3597 2509 3680 2566 ἐπ’
3735 2510 3836 2585 ἐμὲ

2181 2604 2280 2670 τὴν
2335 2604 2495 2682 χειρά
2546 2624 2662 2665 σου,
2708 2600 2999 2677 Καθάψατό
3059 2624 3182 2678 μου,
3246 2602 3430 2680 φησὶν,
3473 2603 3506 2668 ἡ
3554 2601 3675 2679 χείρ
3704 2621 3831 2678 σου,

2180 2693 2310 2771 ὑπὲρ
2339 2694 2436 2759 τῆς
2468 2691 2724 2771 ἀμαρτίας
2756 2689 3096 2748 παιδεύουσα.

2262 2783 2368 2839 Οδκ
2416 2780 2557 2839 ἔστιν
2635 2781 2781 2843 ἴασις
2853 2783 2905 2836 δν
2977 2787 3046 2857 τῇ
3106 2780 3258 2856 σάρκί
3329 2801 3431 2853 μου
3484 2779 3588 2858 ἀπὸ
3645 2800 3826 2856 προσ-

2183 2869 2330 2926 ώπου
2386 2875 2484 2937 τῆς
2537 2870 2699 2948 ὀργῆς
2732 2891 2846 2927 σου.
2891 2868 3212 2942 Λελώὸημαι
3250 2870 3350 2934 τὴν
3381 2868 3576 2946 σάρκα,
3619 2867 3824 2942 ἐπενη-

2185 2959 2444 3037 νεγμένης
2481 2982 2573 3034 μοι
2602 2965 2699 3035 τῇς
2758 2961 2946 3038 ὒργῆς.
3002 2959 3109 3017 Οὔκ
3167 2957 3306 3016 ἔστιν
3366 2960 3550 3035 εἱρήνη
3599 2961 3652 3013 ἒν
3705 2972 3832 3022 τοῖς

2188 3049 2388 3114 ὀστέοις
2444 3071 2544 3124 μου
2629 3049 2734 3105 ἀπὸ
2810 3049 3092 3128 προσώπου
3182 3054 3288 3103 τῶν
3363 3049 3635 3126 ἁμαρτιῶν
3699 3070 3831 3119 μου.

2120 3135 2591 3230 (ιηὲῖξῖξησθένησε,Δ
2619 3131 2801 3216 φησὶν,
2862 3139 2896 3206 ἡ
2943 3135 3160 3230 δύναμις
3220 3138 3318 3202 τῆς
3372 3138 3512 3210 ἒμῆς
3546 3142 3760 3215 ψυχῆς·
3798 3138 3834 3202 ἦ

2189 3225 2243 3282 δὲ
2276 3228 2412 3283 αἰτία
2439 3232 2538 3293 τῆς
2570 3226 2868 3306 ἀσθενείας,
2899 3228 2932 3294 ἡ
2965 3225 3215 3304 ἁμαρτία.

2269 3315 2405 3374 ’Ὅτι
2473 3318 2524 3371 αἱ
2595 3315 2808 3390 ἀνομίαι
2895 3336 2997 3390 μου
3085 3316 3351 3392 ὑπερῆραν
3427 3315 3523 3380 τὴν
3583 3311 3837 3392 καφαλήν

2188 3428 2313 3482 μου.
2373 3402 2701 3479 Κατέκαμψέ
2759 3425 2848 3478 με,
2909 3405 3090 3483 φησὶν,
3143 3405 3204 3458 τὸ
3235 3404 3362 3482 βαρὺ
3403 3407 3501 3469 τῆς
3562 3401 3834 3478 ἁμαρτίας

2186 3494 2416 3574 φορτίον.
2489 3492 2640 3564 Ἀνιᾷ
2691 3490 2744 3548 δέ
2802 3513 2867 3567 με
2924 3494 3012 3548 καὶ
3063 3498 3168 3547 τῶν
3229 3493 3545 3558 σεσηπότων
3602 3490 3823 3546 ἐκείνων

2185 3582 2498 3662 τραυμάτων
2528 3581 2564 3648 ἦ
2607 3579 2884 3656 δύσοσμία,
2943 3581 2996 3655 ἂ,
3050 3581 3147 3648 τὴν
3192 3581 3448 3661 φρόνησιν
3505 3577 3829 3652 ἀποδαλὼν,

2185 3696 2274 3750 καί
2301 3679 2368 3749 τῇ
2398 3671 2662 3753 ἀφροσύνη
2693 3669 3000 3748 δουλεύσας,
3059 3669 3422 3745 εἰσεδεξάμην,
3460 3669 3532 3726 Οὖ
3585 3666 3648 3734 δὴ
3706 3669 3830 3746 χα-

2185 3783 2265 3840 ριν
2296 3761 2471 3827 πάσης
2519 3757 2775 3834 θυμηδίας
2827 3759 3201 3836 ἐστερημένος,
3250 3757 3512 3838 ἀσχάλλω
3559 3759 3644 3812 καὶ
3681 3755 3832 3812 ἀλύω

2184 3848 2462 3925 διηνεκῶς,
2531 3851 2618 3903 καὶ
2665 3850 2764 3914 τῆς
2835 3848 3275 3925 σκυθρωπότητος
3360 3844 3659 3922 μεταϐολὴν
3721 3847 3830 3922 οὔχ

2187 3939 2431 4018 εὑρίσκω,
2505 3935 2655 3992 Ὠσεὶ
2711 3936 2919 4015 φορτίον
2988 3937 3118 4013 βαρὺ
3187 3935 3542 4016 ἐϐαρύνθησαν
3585 3935 3667 3990 ἐπ’
3703 3935 3826 4010 ἐμέ.

2189 4029 2464 4106 Βαρύτητα
2497 4026 2594 4091 τὴν
2644 4030 2742 4091 τῆς
2788 4023 3138 4094 συνειδήσεως
3187 4028 3260 4088 εἰς
3294 4025 3597 4102 ἀπόγνωσιν
3626 4021 3829 4088 ὤθησιν

2189 4116 2308 4192 μετ’
2339 4114 2634 4178 ἓπιτάσεώς
2664 4136 2848 4194 φησιν.

2271 4204 2616 4284 Προσώζεσαν
2715 4203 2806 4260 καὶ
2879 4201 3154 4270 ἐσάπησαν
3239 4205 3286 4258 οἱ
3371 4201 3635 4277 μώλωπες
3723 4222 3831 4275 μου

2185 4295 2295 4356 ,ἀπὸ
2380 4293 2666 4372 προσώπου
2745 4297 2840 4358 τῆς
2925 4291 3221 4371 ἀφροσύνης
3317 4313 3439 4367 μου.
3520 4297 3668 4346 Πᾶσα
3727 4290 3831 4367 γὰρ

2189 4383 2416 4462 ἀμαρτία
2448 4382 2656 4460 μυσαρά
2685 4402 2742 4436 τε
2773 4381 2858 4436 καὶ
2904 4379 3140 4447 δυσώδης
3172 4398 3185 4410 ·
3239 4383 3281 4435 εἰ
3319 4381 3393 4455 μὴ
3431 4381 3530 4457 γὰρ
3562 4381 3632 4442 εἷς
3665 4379 3829 4455 ἀφρο-

2189 4474 2350 4540 σύνην
2382 4470 2737 4537 καταπέσοιὴ
2769 4470 2948 4548 ψυχὴ,
2992 4471 3085 4526 οὒκ
3117 4469 3177 4524 ἂν
3219 4468 3467 4543 ὑπομένοι
3504 4469 3601 4536 τήν
3647 4467 3829 4541 ἀμαρ-

458 4553 605 4616 Inde
635 4561 906 4614 naturam
938 4553 1166 4634 peccati
1199 4552 1492 4614 novimus.
1528 4553 1810 4625 Quaenam
1845 4554 1942 4615 illa
1973 4563 2096 4619 est?

2209 4563 2324 4620 ῖίαν.
2381 4559 2647 4616 Ἐντεῦθεν
2694 4559 2792 4635 τῄν
2852 4559 3002 4637 φύσιν
3046 4559 3143 4626 τῆς
3177 4559 3435 4633 ἁμαρτίας
3468 4576 3828 4634 γινώσκομεν.

459 4642 622 4707 Nihil
653 4649 817 4704 certe
848 4650 1156 4723 peccatum
1191 4648 1281 4704 est
1327 4641 1446 4703 nisi
1494 4641 1865 4721 insipientiae
1893 4651 2107 4706 nostras

461 4732 783 4886 fet'tll.‘.Tota
813 4821 912 4883 die
935 4821 1330 4883 contristatus
1352 4819 1841 4900 ingrediebar'ld
1872 4821 2109 4884 dicatur

460 4911 533 4973 iis
563 4911 660 4992 qui
687 4911 934 4973 multum
965 4909 1167 4972 rident
1196 4916 1255 4971 et
1283 4909 1580 4972 laetantur.

493 5115 496 5118 '
543 5089 753 5171 [Miser
778 5089 982 5169 factus
1004 5105 1163 5160 sum,
1197 5094 1310 5150 etc.
1337 5087 1696 5150 Gravitatem
1730 5089 2110 5154 conscientiae

457 5179 707 5256 indicat,
743 5195 876 5260 qua:
907 5177 1078 5254 quasi
1102 5177 1163 5238 in
1195 5177 1678 5257 desperationem
1713 5179 1985 5258 impellit.

533 5275 586 5331 8.
620 5274 874 5342 Quoniam
933 5272 1108 5329 lumbi
1161 5273 1266 5329 mei
1321 5273 1532 5346 impleti
1571 5279 1703 5330 sunt
1744 5275 2106 5332 illusionibus.

460 5358 779 5432 Quoniam,
817 5357 1034 5437 inquit,
1068 5354 1338 5418 videbam
1362 5355 1644 5419 inimicos
1677 5358 1823 5419 mihi
1847 5357 2108 5421 illuden-

463 5459 592 5514 tes:
628 5449 1036 5530 intelligibiles
1064 5455 1263 5511 autem
1298 5449 1573 5512 inimicos
1603 5450 1949 5532 significat]

541 5541 658 5604 9.A
669 5541 891 5621 ﬁliolus
906 5557 1040 5602 sum
1059 5547 1112 5602 et
1135 5538 1494 5603 humiliatus
1511 5557 1646 5602 sum
1670 5539 1972 5603 nimis.Ex
2002 5541 2112 5603 hu-

441 5629 740 5711 jusmodi,
773 5629 992 5712 inquit,
1026 5627 1540 5711 concupiscentia,
1571 5628 1632 5692 id
1662 5647 1795 5693 sum
1825 5648 2110 5694 consecu-

2189 4651 2379 4710 Ὀποία
2412 4650 2488 4712 τὶς
2524 4651 2662 4727 ἐστι,
2717 4646 2858 4715 πλὴν
2889 4646 2975 4703 ὅτι
3032 4647 3139 4704 ἀπὸ
3188 4648 3486 4726 ἀφροσύνης
3519 4648 3656 4720 ἡμῖν
3691 4667 3833 4719 συμ-

2188 4737 2452 4798 ϐαίνουσιν
2484 4741 2536 4794 αἱ
2570 4737 2819 4816 ἁμαρτίαι
2857 4757 2872 4812 ;

2266 4826 2457 4896 ’Ὅλην
2540 4827 2637 4893 τὴν
2734 4824 2938 4902 ἡμέραν
3027 4824 3383 4903 σκυρωπάζων
3468 4821 3829 4901 ἐπορευόμην,

2191 4917 2414 4974 Λεκτέον
2443 4923 2597 4973 τοῦτο
2628 4915 2758 4993 πρὸς
2813 4917 2935 4978 τοὺς
2995 4913 3262 4992 γελῶντας
3312 4911 3486 4970 πολλὰ
3516 4915 3602 4967 καὶ
3629 4932 3830 4987 τερπο-

2191 5006 2403 5083 μένους.

2276 5092 2745 5172 ίἘταλαιπώρησα
2811 5092 2898 5147 καὶ
2939 5112 3156 5164 κατεκ.,
3216 5092 3304 5147 καὶ
3365 5091 3429 5146 τὰ
3486 5089 3628 5155 ἑξῆς.
3711 5095 3822 5144 [Ια-

2193 5185 2389 5264 ρύτητα
2429 5185 2528 5249 τῆς
2560 5179 2911 5251 συνειδήσεως
2942 5183 3012 5246 ὡς
3041 5183 3114 5245 εἷς
3148 5179 3451 5256 ἀπόγνωσιν
3483 5178 3706 5244 ὤθησιν,

2274 5272 2407 5332 ’Ὅτι
2469 5275 2520 5329 αἱ
2579 5273 2705 5346 ψόαι
2738 5294 2840 5347 μου
2870 5269 3212 5340 ἐπλήσθησαν
3260 5270 3605 5346 ἐμπαιγμῶν.
3648 5268 3835 5325 Ἐπει-

2193 5363 2360 5441 δήπερ
2413 5363 2593 5442 φησὶν,
2655 5359 2739 5416 ἐπὶ
2793 5361 2854 5414 τὸ
2920 5359 3260 5430 καταπαίζειν
3317 5380 3417 5433 μου
3475 5357 3664 5413 λοιπὸν
3725 5359 3841 5420 τοὺς

2195 5452 2417 5534 ἐχθρούς
2449 5473 2549 5527 μου
2571 5449 2750 5527 ὶώρων
2777 5467 2789 5480 ·
2825 5449 2946 5512 τοὺς
2976 5449 3196 5514 νοητοὺς
3230 5445 3284 5502 δὲ
3317 5445 3518 5526 λέγει,]

2277 5538 2587 5606 Ἐκακώθην
2657 5539 2741 5593 καὶ
2826 5535 3187 5603 ἔταπεινώθην
3271 5534 3371 5599 ἕως
3448 5533 3675 5615 σφόδρα,
3753 5530 3846 5597 Ἐξ

2193 5630 2420 5708 ἐκείνης,
2485 5629 2634 5710 φησί,
2683 5626 2778 5696 τῆς
2847 5624 3123 5703 ἐπιθυμίας
3185 5624 3451 5706 ὲτρύγησα
3495 5629 3558 5682 τὸ
3622 5623 3845 5680 κύπτειν
