4006 6204
452 344 565 410 18⁸7
1252 349 1310 410 S.
1359 347 1776 410 ATHANASII
1823 348 1982 410 OPP.
2035 348 2226 409 PARS
2267 344 2369 408 III.
2421 380 2498 392 —
2545 341 3004 407 EXEGETICA.
3694 341 3818 407 188

445 488 558 555 tes,
591 498 687 542 me
721 479 1254 562 persequebantur,
1286 499 1351 542 se
1374 482 1512 562 jure
1540 499 1610 542 ac
1638 488 1847 543 merito
1870 481 1928 542 id
1958 501 2066 563 age

2176 482 2296 539 κατ’
2322 485 2454 559 ἒμοῦ
2485 479 2748 556 πολέμου,
2799 478 3122 537 κατεδίωκόν
3177 501 3267 560 με³
3330 478 3506 536 δίκα.α
3567 479 3821 557 λέγοντες

443 588 512 632 re
538 569 898 649 jactitantes.
932 569 1196 648 Ideoque
1224 570 1413 632 factus
1444 571 1598 652 apud
1630 570 1768 632 illos
1795 589 1906 632 ceu
1930 590 2066 634 mor.

2171 586 2375 632 πο.εϊν,
2410 581 2699 652 Τοιγαρσιῦν
2721 571 2810 628 καὶ
2839 570 3138 648 γεγένημαι
3172 570 3298 648 παρ’
3324 569 3510 630 αὺτοῖς
3541 570 3613 632 ὠς
3630 571 3820 649 νεκρὸς

444 667 583 721 tuus
610 660 1031 721 abominabilis
1057 678 1070 722 :
1105 668 1464 740 quapropter
1495 660 1744 721 obsecro
1772 669 1828 722 te
1880 661 2066 723 Domi-

2169 660 2574 738 ἑϐδελυγμένος’
2607 659 2688 716 διὸ
2737 659 2802 728 δὴ
2841 659 2928 717 καὶ
2980 658 3194 739 δέομαι,
3255 661 3314 716 σὲ
3370 660 3460 715 τὸν
3489 655 3680 735 Κύριον
3737 660 3822 734 μὴ

445 767 585 808 num
619 767 692 809 ne
723 748 994 811 discedas
1024 768 1060 810 a
1084 768 1179 810 me
1208 771 1224 826 ;
1264 749 1370 811 sed
1421 767 1704 830 properes
1764 749 1958 829 potius
2013 769 2066 812 at

2171 751 2470 818 ἀποστῆναι
2516 748 2607 807 ἀπ’
2639 751 2791 826 ὲμοῦ·
2837 752 3059 807 σπεῦσαι
3091 746 3147 805 δὲ
3183 748 3391 824 μᾶλλον
3413 750 3486 813 εἱς
3516 747 3615 815 τὴν
3666 747 3822 815 Βοή-

445 833 728 899 auxilium
764 837 938 900 nobis
963 839 1303 901 ferendum.

2171 844 2316 897 θειαν
2344 841 2442 908 τὴν
2470 840 2738 919 ἡμετέραν
2749 886 2762 902 ,

527 935 592 995 2t
613 976 627 994 .
661 933 754 997 Ne
781 934 1181 1016 derelinquas
1211 954 1325 1011 me,
1361 936 1612 998 Domine
1645 935 1806 998 Deus
1835 952 2025 1014 meus,
2050 941 2166 995 etc.
2195 932 2414 996 Daniel
2459 932 2772 996 Barbarus
2798 953 2812 995 :
2845 934 3101 994 Possunt
3125 931 3403 994 homines
3423 948 3570 1011 quos
3591 939 3829 993 natura

441 1023 646 1104 inopia
677 1023 750 1084 ad
785 1023 969 1085 Deum
1003 1025 1359 1106 placandum
1413 1024 1688 1106 impellit,
1753 1024 1880 1086 haec
1930 1042 2036 1104 pro
2089 1022 2310 1102 seipsis
2340 1040 2554 1083 orare:
2589 1021 2696 1082 sed
2730 1020 3003 1084 Christus
3023 1021 3074 1082 si
3105 1039 3312 1083 secum
3348 1018 3584 1082 Patrem
3609 1018 3823 1091 habet,

442 1115 692 1176 salutem
723 1114 1032 1175 hominum
1066 1122 1346 1195 tanquam
1380 1115 1680 1196 propriam
1713 1116 1880 1195 petit,
1916 1113 2017 1195 qui
2049 1120 2107 1174 et
2144 1111 2274 1192 ipse
2304 1129 2542 1192 quoque
2576 1109 2930 1190 petitionem
2969 1111 3123 1172 hanc
3156 1109 3491 1172 secundum
3513 1107 3817 1169 divinitati

441 1205 821 1283 conjunctam
856 1204 1283 1266 humanitatem
1320 1212 1599 1285 tanquam
1633 1223 1801 1266 suam
1834 1202 1946 1265 sibi
2007 1200 2238 1264 tribuit.
2274 1199 2398 1262 Hoc
2427 1216 2573 1261 vero
2615 1198 2723 1260 fuit
2778 1199 2833 1259 id
2884 1199 3040 1279 quod
3101 1199 3266 1261 carni
3301 1206 3702 1277 compactum,
3754 1206 3818 1259 et

441 1293 749 1356 aﬂ‘ectibus
771 1292 1092 1354 obnoxium
1123 1295 1252 1367 fuit,
1279 1313 1412 1356 cum
1438 1293 1662 1374 alioqui
1691 1293 2060 1355 divinitatem
2085 1308 2287 1353 secum
2317 1288 2566 1352 haberet
2590 1306 2722 1369 quae
2763 1288 3110 1368 petitionem
3145 1287 3310 1350 illius
3337 1295 3523 1348 ratam
3559 1287 3814 1349 faceret.

455 1397 462 1400 ’
543 1405 590 1456 1.
619 1399 951 1461 PSALMUS
975 1401 1270 1474 XXXVII).
1307 1403 1374 1459 In
1400 1404 1584 1474 ﬁnem,
1621 1402 1727 1474 ipsi
1755 1401 1996 1459 Iditlium

2351 1406 2638 1458 ΨΑΛΜΟΣ
2671 1391 2805 1480 ΑΠ’,
2844 1403 2928 1464 Εἷς
2959 1403 3019 1458 τὸ
3047 1401 3220 1482 τέλος,
3255 1397 3483 1474 ἰδιθοὺμ
3518 1397 3630 1473 ᾠδὴ

1011 1488 1292 1545 Canticum
1322 1487 1510 1543 Dauid.

2819 1494 2894 1564 τῷ
2928 1489 3120 1549 Δαοῗδ.

1061 1575 1463 1645 Argumentum,
2842 1579 3143 1643 ’Υπόθεσις.

441 1656 624 1721 Sacer
653 1665 859 1718 cantor
889 1676 1022 1750 cum
1087 1666 1252 1720 esset
1305 1657 1561 1719 Iditbum
1613 1667 1671 1718 et
1733 1658 2066 1738 prophetica

2169 1667 2512 1748 Ἰεροψάλτης
2555 1671 2814 1749 ὑπάρχων
2873 1668 3124 1750 Ἰδιθοὺμ²
3189 1671 3278 1726 καὶ
3335 1677 3644 1749 προφητικῇ
3697 1671 3820 1749 χά-

518 1759 835 1812 coronatus
865 1749 1072 1824 gratia,
1108 1751 1403 1812 canticum
1428 1750 1613 1812 refert
1644 1750 1713 1810 ad
1767 1767 2076 1829 personam

516 1844 704 1925 ipsius
738 1843 942 1916 David,
986 1852 1423 1924 repraesentans
1473 1844 1636 1904 illum
1697 1843 2075 1904 conﬁtentem
2103 1823 2140 1871 Β

515 1943 820 2015 peccatum
853 1953 1048 1996 suum.

510 2028 570 2082 2.
613 2025 759 2087 Dixi
792 2043 804 2083 :
845 2025 1194 2086 Custodiam
1220 2027 1350 2086 vias
1381 2041 1564 2085 meas.
1617 2021 1871 2084 Evidens
1927 2041 2073 2082 con-

432 2115 647 2176 ﬁrmati
677 2115 872 2176 cordis
901 2125 1345 2194 argumentum.
1383 2114 1567 2176 Posui
1599 2115 1694 2174 ori
1714 2131 1844 2174 meo
1873 2118 2069 2175 συείο-

431 2202 623 2278 diam,
657 2222 791 2267 cum
839 2206 1197 2267 consisteret
1245 2212 1524 2282 peccator
1579 2204 1901 2265 adversum
1958 2220 2070 2263 me.

433 2293 715 2355 Astantes
744 2303 936 2355 autem
971 2295 1081 2375 ipsi
1112 2293 1452 2373 spirituales
1484 2292 1727 2362 inimici,
1767 2300 2070 2371 peccatum

431 2383 866 2461 eXprobrabant
892 2385 997 2445 illi.

497 2483 552 2540 3.
593 2483 866 2547 Obmutui.
898 2478 946 2540 et
984 2486 1326 2543 humilitatus
1373 2500 1514 2550 sum,
1551 2491 1600 2541 rt
1646 2483 1776 2540 silui
1823 2500 1856 2539 a
1897 2483 2068 2539 bonis.

425 2563 1204 2646 Conviciis,ait,impetitus
1234 2585 1350 2627 non
1407 2565 1675 2628 convivia
1722 2563 2070 2645 reddebam,

423 2672 678 2716 cernens
711 2675 804 2716 me
835 2656 1008 2716 bonis
1038 2655 1356 2717 excidisse.
1405 2657 1487 2717 Et
1518 2655 1686 2716 dolor
1739 2673 1911 2716 meus
1973 2673 2070 2715 re-

422 2752 679 2807 novatus
709 2753 814 2808 est.
853 2749 964 2808 Pro
990 2747 1384 2824 restionsione
1426 2747 1494 2806 ad
1535 2765 1636 2806 eos
1667 2746 1766 2821 qui
1802 2763 1898 2805 me
1928 2764 2070 2806 con-

423 2832 589 2895 viciis
619 2835 968 2908 onerabant,
999 2844 1239 2909 peccata
1279 2834 1420 2896 mihi
1451 2835 1566 2914 ipsi
1604 2833 1957 2896 revocabam
2008 2840 2065 2894 in

423 2924 798 2998 memoriam,
835 2927 1122 2986 Memoria
1154 2934 1348 2986 autem
1383 2924 1609 3004 peccati
1634 2924 1801 3005 quasi
1833 2924 1985 3003 ignis
2009 2925 2068 2986 in

423 3013 602 3074 corde
631 3034 765 3074 meo
797 3025 947 3076 erat.

2243 1781 2341 1836 ριτι
2388 1760 2844 1834 κατεστεμμένος,
2901 1758 3041 1832 ᾠδὴν
3103 1757 3478 1831 ἁναόσίλλεται,
3534 1781 3824 1837 προσωπο-

2241 1848 2397 1905 ποιάν
2429 1848 2680 1928 εἶσφέρων
2721 1849 2880 1906 αὒτοῦ
2937 1856 3028 1906 τοῦ
3104 1848 3277 1905 Δαυῖδ
3328 1847 3824 1926 ἐξομολογουμένοο

2242 1938 2326 1993 ἐπὶ
2353 1937 2416 2013 τῇ
2449 1938 2703 2010 ἁμαρτίᾳ,

2242 2029 2406 2085 Εἷπα·
2473 2028 2696 2094 Φυλάξω
2725 2030 2818 2092 τὰς
2877 2028 3022 2094 ὁδούς
3079 2052 3204 2102 μου.
3263 2025 3562 2093 Ἀπόδειξις
3620 2027 3810 2109 σαφὴς

2156 2117 2436 2198 ἱδρυμένης
2489 2117 2701 2196 καρδίας
2736 2163 2752 2179 .
2806 2119 3037 2193 Ἐθέμην
3111 2126 3183 2193 τῷ
3247 2118 3474 2191 στόματί
3543 2117 3649 2191 μοί)
3705 2139 3818 2195 φυ-

2155 2207 2325 2275 λακὴν
2383 2207 2435 2263 ἐν
2507 2213 2583 2280 τῷ
2680 2214 2933 2274 σθστῆναι
3021 2211 3112 2266 τὸν
3198 2205 3528 2284 ἄμαρτωλον
3579 2205 3821 2265 ἒνιΝῖίον

2156 2320 2280 2370 μου,
2319 2299 2704 2372 Παριστάμενοι
2735 2299 2836 2376 γὰο
2867 2300 3008 2373 αὒτῷ
3061 2300 3108 2355 οἱ
3159 2298 3338 2364 νοητοὶ
3397 2296 3598 2376 ἐχθροὶ,
3645 2291 3818 2354 ὠνεί-

2156 2383 2297 2457 διζον
2340 2388 2496 2444 αὐτοῦ
2536 2387 2635 2454 τὴν
2665 2388 2944 2464 ἁμαρτίαν,

2239 2475 2561 2554 Ἰἰκωτρώθην
2597 2524 2613 2556 ,
2675 2479 2761 2532 καὶ
2805 2475 3167 2542 ὲταπεινώθην
3203 2522 3217 2548 ,
3301 2481 3388 2532 καὶ
3446 2475 3670 2553 ὶσίγησα
3760 2473 3818 2542 ΞΕ

2157 2564 2388 2642 ἀγαθῶ-ο.
2456 2565 2862 2639 Λοιδορούμενος
2899 2614 2913 2638 ,
2977 2568 3139 2644 φησὶν
3171 2615 3182 2637 ,
3234 2566 3327 2621 οὔκ
3388 2563 3814 2643 ἀντελοιδόρῦυν,

2158 2652 2378 2709 συνιδὼν
2411 2656 2504 2719 τὴν
2553 2654 2814 2710 ἔκπτωσίν
2846 2678 2946 2729 μου
2977 2657 3082 2711 τῦν
3114 2655 3349 2732 ἀγαθῦν,
3409 2652 3513 2715 Καὶ
3579 2655 3640 2710 τὸ
3703 2650 3817 2711 ἅλ-

2152 2741 2307 2820 γηιιά
2353 2766 2452 2816 μου
2484 2744 2841 2811 ἀνεκαινίσθη.
2907 2745 3062 2800 Ἀντὶ
3107 2751 3198 2799 τοῦ
3255 2743 3430 2821 λέγειν
3487 2745 3616 2822 πρὸς
3683 2743 3816 2807 τοξις

2153 2830 2541 2907 λοιδοροῦντας,
2616 2839 2714 2900 τῆς
2772 2829 3043 2910 ’ἁμαρτίας
3107 2834 3505 2908 ἄνεμίμνησκον
3567 2831 3815 2907 ἒμαδτῷ.

2151 2920 2215 2977 Ἢ
2263 2921 2316 2977 δὲ
2350 2925 2539 2998 μνήμη
2573 2929 2670 2990 τῆς
2728 2925 2987 3003 ἁμαρτίας
3059 2928 3151 2980 οἷα
3210 2931 3309 2999 πῦρ
3351 2925 3470 3001 περὶ
3519 2923 3618 2990 τὴν
3665 2946 3821 2999 καρη

2150 3011 2274 3068 δίπὰ
2305 3034 2406 3086 μοι)
2437 3012 2676 3090 ἐγένετο.

504 3109 563 3163 4.
599 3103 682 3166 Et
712 3107 779 3166 in
827 3105 1219 3166 meditatione
1279 3122 1414 3166 mea
1472 3105 1821 3166 exardescet
1875 3105 2055 3182 ignis.

2225 3101 2327 3161 Καὶ
2385 3105 2440 3157 ἒν
2515 3103 2582 3171 τῆ
2659 3101 2861 3179 μελέτῃ
2938 3125 3040 3175 μου
3098 3101 3481 3172 ἐκκαυθήσεται
3529 3109 3654 3178 πῦρ,
3713 3099 3818 3158 Ἐν

424 3196 575 3258 Dum
611 3194 961 3255 memoriam
1011 3199 1233 3274 peccati
1293 3193 1664 3273 revocabam,
1727 3193 2065 3254 inﬂamma-

423 3283 716 3362 barigne.

493 3378 546 3433 5.
575 3377 803 3434 Locutus
834 3395 947 3432 sum
985 3378 1041 3432 in
1063 3377 1249 3449 lingua
1281 3393 1419 3442 mea,
1446 3385 1554 3434 etc.
1587 3376 1756 3439 Illud,
1777 3377 1834 3432 in
1861 3375 2064 3446 lingua,

421 3464 585 3544 quasi
618 3463 806 3540 dicas,
840 3465 1096 3524 demissa
1118 3482 1257 3524 voce
1289 3471 1344 3523 et
1369 3462 1538 3539 quasi
1562 3460 2069 3526 susurrando.nec

432 3552 502 3613 ad
539 3552 753 3612 multos
783 3570 1118 3614 sermonem
1155 3552 1486 3632 proferens.
1521 3551 1813 3614 Caeterum
1873 3569 2070 3612 sermo

421 3635 522 3702 ille
547 3641 936 3720 interrogatio
953 3650 1081 3703 erat
1098 3642 1174 3702 de
1192 3641 1404 3702 diebus
1419 3642 1520 3718 qui
1542 3640 2067 3720 ipsisuperessent.

422 3729 848 3793 Sciscilabatur
879 3745 1105 3805 autem,
1139 3731 1294 3792 scire
1318 3739 1638 3808 peroptans
1670 3747 1808 3791 num
1842 3729 1957 3806 ipsi
1982 3747 2073 3791 re-

424 3819 659 3880 siduum
686 3821 816 3881 vitae
850 3831 1083 3899 tempus
1105 3819 1256 3880 foret
1285 3820 1355 3881 ad
1385 3819 1792 3897 paenitentiam
1821 3819 1982 3880 satis.

494 3911 545 3965 6.
608 3910 745 3968 Ecce
800 3911 1180 3969 mensurabile:
1211 3912 1444 3982 posuisti
1503 3911 1613 3968 dies
1647 3928 1809 3972 meos.
1843 3918 1894 3967 et
1945 3912 2071 3968 sub-

422 3999 646 4058 stantia
679 4015 812 4059 mea
841 4005 1132 4075 tanquam
1166 3997 1437 4059 nihilum
1491 4007 1631 4060 ante
1660 4005 1738 4059 te.
1801 3996 2069 4062 Etiamsi.

421 4087 635 4164 inquit,
671 4086 844 4164 longa
873 4086 1067 4148 adhuc
1120 4087 1264 4147 mihi
1312 4087 1430 4147 vita
1489 4086 1845 4165 superforet,
1905 4088 2072 4165 quasi

421 4175 568 4237 nihil
601 4176 660 4235 in
697 4187 1021 4255 conspectu
1085 4186 1184 4237 tuo
1243 4176 1638 4254 reputabitur.
1702 4177 1764 4236 Si
1813 4194 2070 4255 namque

420 4264 583 4326 mille
622 4267 920 4326 anniante
958 4265 1166 4327 oculos
1215 4274 1495 4343 tanquam
1553 4264 1683 4325 dies
1746 4283 1886 4336 una,
1927 4265 2067 4344 quid

417 4354 598 4416 fuerit
625 4364 860 4434 tempus
892 4354 1151 4416 hominis
1180 4360 1360 4416 unius
1389 4353 1420 4414 ‘l
1481 4354 1540 4417 ld
1594 4372 1833 4414 rursum
1894 4355 2067 4434 Sym-

2147 3196 2225 3261 τῷ
2301 3193 2748 3266 ἁναμιμνήκισθαί
2830 3213 2895 3266 με
2936 3199 3031 3249 τοῦ
3110 3191 3520 3268 ἁμαρτήματος,
3611 3192 3814 3270 φησὶν,

2151 3279 2414 3354 ἒκαιόμην
2446 3281 2592 3358 πυρί.
2775 3356 2780 3361 ὓ

2233 3369 2508 3437 Ἐλσὶλησα
2584 3376 2640 3428 ἓν
2725 3371 2947 3450 γλώσσῃ
3068 3389 3192 3446 μου·
3294 3370 3555 3449 Γνώρισόν
3662 3391 3754 3442 μοι
3794 3419 3813 3450 ν

2155 3458 2345 3536 Κύριε,
2378 3461 2438 3516 τὸ
2475 3461 2632 3539 πέρας
2664 3485 2787 3534 μου,
2843 3464 2937 3541 Τὸ,
3011 3465 3067 3517 ἓν
3124 3459 3344 3538 γλώσσῃ
3381 3509 3395 3537 ,
3473 3474 3589 3517 οῖον
3631 3459 3815 3536 ἠρέμα

2155 3551 2556 3629 κοὶιινιιθλρίζων³
2593 3553 2681 3607 καὶ
2727 3553 2803 3625 μὴ
2865 3555 2940 3616 εἶς
2987 3549 3216 3612 πολλοός
3265 3548 3497 3629 ἔκφέρων
3551 3551 3641 3605 τὸν
3701 3549 3807 3604 λό-

2156 3660 2273 3716 γον.
2307 3637 2365 3696 Ὀ
2389 3637 2442 3694 δὲ
2475 3638 2633 3716 λόγος
2664 3641 2924 3715 ἐρώτησις
2955 3642 3019 3717 ᾖν
3075 3641 3193 3717 περὶ
3243 3640 3348 3695 τῶν
3407 3639 3612 3695 λοιπῶν
3664 3640 3814 3712 ἡμε-

2158 3731 2296 3800 ρῶν,
2361 3727 2571 3806 Ἠρώτα
2620 3727 2673 3784 δὲ
2709 3778 2725 3808 ,
2785 3733 2974 3804 μαθεῖν
3030 3729 3352 3806 βουλόμενος
3415 3731 3458 3784 εἶ
3531 3727 3807 3806 ἐξαρκέσει

2154 3817 2296 3888 αὐτῷ
2340 3818 2412 3879 εἰς
2444 3819 2727 3891 μετάνοιαν
2750 3821 2776 3874 ὁ
2810 3817 2998 3881 λοιπὸς
3031 3818 3136 3874 τῶν
3162 3819 3376 3893 ἡμερῶν
3406 3817 3631 3898 χρόνος,

2238 3903 2369 3962 ’ἰδοὺ
2427 3906 2723 3972 παλαιστὰς
2813 3906 2927 3964 ἔθου
3005 3909 3095 3974 τὰς
3153 3908 3355 3985 ἡμέρας
3417 3925 3568 3982 μου⁵

2156 3995 2442 4058 ὑπόστασίς
2513 4019 2613 4071 μου
2666 3999 2791 4054 ὡσεὶ
2851 3999 2997 4053 οὐθὲν
3055 3996 3278 4053 ἐνώπιόν
3360 4019 3495 4058 σου.
3591 3999 3647 4053 Εἰ

2159 4085 2232 4146 εἷς
2265 4090 2462 4159 μῆκος,
2497 4089 2645 4164 φησὶ,
2700 4087 2998 4164 παρατείνει
3042 4109 3132 4161 μοι
3189 4087 3326 4157 ζωὴ,
3390 4087 3459 4152 ὡς
3518 4085 3666 4141 οὒδὲν
3725 4085 3812 4140 ἐν·

2155 4173 2322 4228 ὡπιόν
2357 4196 2446 4230 σου
2477 4173 2873 4251 λογισθήσεται,
2911 4177 2966 4232 Εἰ
2995 4176 3096 4254 γὰρ
3122 4174 3276 4255 χίλια
3333 4173 3427 4240 ἔτη
3485 4173 3540 4230 ἐν
3599 4172 3809 4253 ὀφθαλ-

2155 4275 2284 4335 μοῖς
2319 4285 2410 4318 σου
2442 4266 2514 4327 ὡς
2546 4264 2720 4342 ἡμὲρα
2748 4268 2863 4336 μία,
2913 4266 2960 4320 τὶ
3022 4263 3084 4319 ἂν
3143 4264 3235 4329 εἴη
3287 4262 3483 4344 χρόνος
3530 4265 3646 4328 ἐνὸς
3705 4263 3800 4319 ἆν-

2150 4351 2358 4429 θρώπου
2395 4369 2410 4423 ;
2442 4361 2604 4410 Τοῦτο
2655 4351 2814 4409 πάλιν
2871 4355 2899 4410 ό
2963 4354 3248 4426 Σύμμαχος
3311 4353 3476 4416 οὕτως
3537 4354 3810 4429 ἡρμήνευ-

3633 3910 3724 3963 καὶ
3773 3910 3809 3975 ἡ

3721 3999 3816 4052 γαὶ

420 4445 668 4506 machns
697 4445 783 4505 sic
806 4445 1234 4523 interpretatus
1254 4453 1344 4505 est
1379 4466 1391 4502 :
1429 4444 1580 4505 Ecce
1614 4446 1791 4520 quasi
1825 4445 2065 4520 palmas

2169 4458 2263 4495 rav'
2323 4439 2465 4498 Ἰδοὺ
2521 4445 2594 4508 ὡς
2653 4445 2928 4517 σπιθαμὰς
2991 4442 3200 4506 ἔδωκας
3257 4444 3352 4499 τὰς
3411 4443 3613 4519 ἡμερας
3676 4464 3805 4516 μου,

417 4536 616 4593 dedisti
654 4537 767 4595 die:
824 4553 982 4602 meos,
1030 4544 1081 4594 et
1126 4539 1241 4594 vita
1270 4553 1390 4595 mea
1452 4547 1704 4608 tanquam
1747 4537 1969 4591 nihilum
2006 4538 2065 4593 in

416 4629 736 4702 conspectu
767 4632 889 4684 tuo.
919 4622 1005 4684 Tu
1043 4641 1295 4703 namque
1329 4622 1459 4683 sine
1489 4621 1656 4682 initio
1720 4640 1784 4681 es
1827 4630 1886 4681 et
1936 4621 2066 4683 sine

416 4711 558 4781 ﬁne,
595 4719 796 4773 nostra
819 4722 1012 4772 autem
1047 4713 1160 4773 vita
1194 4731 1303 4772 ceu
1337 4710 1691 4790 quibusdam
1732 4709 1949 4788 palmis
2010 4722 2068 4772 et

420 4801 715 4862 mensuris
736 4820 940 4862 mensa
973 4812 1082 4864 est.
1117 4801 1222 4864 His
1244 4801 1593 4880 brevitatem
1629 4799 1899 4860 declarat
1951 4801 2064 4861 hu-

419 4908 609 4950 manae
636 4891 798 4963 vitae,

488 4983 538 5038 7.
587 4981 953 5041 Verumtamen
985 4985 1240 5040 universa
1260 4981 1681 5041 vanitasomnis
1696 4981 1844 5038 homo
1861 4982 2060 5039 vivens.

428 5065 784 5123 Verumtamen
811 5069 868 5123 in
895 5069 1123 5139 imagine
1144 5068 1439 5141 pertransit
1469 5068 1640 5128 homo,
1665 5065 1757 5121 sed
1783 5073 1830 5123 et
1855 5068 2065 5138 frustra

419 5152 836 5213 conturbatur.
872 5151 930 5214 Si
965 5162 1160 5214 autem
1193 5154 1252 5214 in
1283 5153 1560 5231 imagine,
1584 5171 1700 5214 non
1728 5153 1786 5212 in
1819 5152 2064 5213 veritate

422 5244 739 5326 pertransit
772 5247 969 5318 homo,
997 5248 1133 5326 jure
1163 5247 1476 5308 vanitatem
1513 5245 1819 5326 praemisit.
1867 5265 2056 5325 quan-

418 5336 493 5396 do
525 5354 641 5396 non
675 5353 870 5397 veram
903 5337 1073 5396 vitam
1104 5335 1505 5416 transigimus,
1541 5334 1647 5396 sed
1701 5337 1756 5396 in
1803 5335 2056 5414 quadam

419 5424 698 5503 imagine,
734 5444 926 5504 neque
955 5425 1079 5486 veri
1127 5425 1265 5486 boni
1331 5426 1526 5486 studio
1575 5429 1826 5502 agimur,
1877 5442 2060 5502 quare

417 5512 632 5575 frustra
668 5513 1112 5578 conturbamur.
1148 5513 1303 5585 Vita,
1342 5515 1560 5594 inquit,
1586 5530 1792 5574 eorum
1845 5513 1946 5593 qui
2003 5513 2061 5573 in

417 5610 576 5664 terra
603 5602 846 5682 degunt,
879 5604 1100 5686 quippe
1129 5623 1261 5684 quae
1281 5603 1342 5665 in
1375 5601 1763 5665 saecularibus
1791 5612 2064 5663 versetur

415 5692 600 5776 gulis,
623 5693 1015 5776 jurexvanitas
1046 5693 1393 5758 mstimetur.
1426 5691 1533 5755 Vel
1567 5689 1906 5756 siczOmnes
1927 5692 2059 5754 vitae

333 5763 616 5847 ﬂ

2150 4531 2236 4585 καὶ
2291 4533 2324 4597 ἡ
2385 4532 2562 4606 βίωσές
2623 4555 2721 4606 μου
2779 4534 2849 4593 ὡς
2914 4530 3060 4588 οὖδὲν
3120 4531 3362 4608 ἄντικρύς
3423 4553 3540 4593 σου,
3577 4532 3648 4586 Σὺ
3707 4532 3809 4605 μὲν

2153 4619 2251 4695 γὰρ
2286 4617 2518 4698 ἔναρχος
2553 4623 2639 4676 καὶ
2667 4621 2981 4697 ἀπὲραντος·
3019 4625 3045 4676 ὁ
3077 4619 3130 4676 δὲ
3192 4621 3450 4699 ἡμὲτερος
3511 4621 3624 4697 βίος
3682 4621 3806 4677 οἷόν

2149 4730 2253 4762 τισι
2315 4713 2607 4782 σπιθαμαῒς
2659 4712 2745 4767 καὶ
2828 4711 3153 4776 παλαισταῖς
3209 4711 3632 4788 ἐκμεμετρηται.
3703 4712 3808 4766 Διὰ

2149 4797 2338 4853 τούτου
2367 4797 2710 4875 παρεδήλωσε
2761 4803 2822 4855 τὸ
2883 4800 3255 4880 ὀλιγοχρόνιον
3314 4804 3412 4869 τῆς
3458 4801 3796 4879 ἀνθρωπίνης

2149 4887 2290 4956 ζωῆς
2303 4936 2314 4947 ,

2231 4977 2376 5043 Πλὴν
2462 4979 2529 5034 σὰ
2600 4978 2882 5049 σύμπαντα
2970 4980 3290 5057 ματαιότης,
3359 4985 3467 5044 πᾶς
3522 4976 3807 5057 ἄνθρωπος

2147 5068 2272 5136 (vim,
2328 5067 2581 5143 Μεντοιγε
2641 5068 2694 5122 ἐν
2769 5069 2930 5125 εἰκότι
3011 5065 3376 5142 διαπορεύεται
3463 5066 3740 5145 ἄνθρωπος
3781 5115 3800 5139 ,

3012 5159 3066 5213 Ei
3116 5155 3194 5233 δὲ,
3257 5157 3440 5235 φησὶν,
3506 5157 3560 5212 ἓν
3611 5158 3801 5231 εὶκόνι,

2146 5247 2230 5300 καὶ
2288 5248 2382 5302 οὒκ
2438 5246 2490 5300 ἐν
2551 5244 2768 5318 ἀληθείᾳ
2825 5249 3100 5325 πορεύεται
3172 5246 3444 5322 ἅνθρωπος
3481 5294 3494 5315 ,
3575 5245 3802 5308 εἰκότως

2144 5334 2477 5408 ματαιότητα
2509 5348 2785 5402 προεῖπενο
2835 5334 3021 5402 ἐπειδὴ
3080 5339 3139 5394 οὗ
3167 5335 3268 5401 τὴν
3299 5333 3558 5402 ἀληθινὴν
3616 5335 3790 5406 ζωὴν,

2145 5422 2264 5480 ἀλλ’
2318 5425 2372 5478 ὲν
2428 5424 2586 5479 εἰκόνι
2645 5426 2766 5480 τινί*
2829 5423 2946 5481 οὖδὲ
3005 5425 3106 5492 τὴν
3164 5421 3401 5489 σπουδὴν
3463 5425 3569 5479 των
3627 5423 3799 5479 ὄντων

2147 5515 2362 5592 ἀγαθῶν
2422 5513 2702 5588 ποιοῦμεν⁶
2761 5512 2841 5570 διό
2899 5536 2986 5569 και
3043 5514 3220 5588 μάτην
3279 5512 3669 5590 ταραττόμεθα,
3741 5512 3801 5572 Ὀ

2146 5603 2282 5680 βίος,
2317 5605 2467 5680 φησὶ,
2499 5608 2607 5658 τῶν
2663 5603 2746 5659 ἐπὶ
2803 5603 2929 5682 γῆς,
2986 5603 3078 5659 οἵτε
3135 5603 3252 5681 περὶ
3307 5599 3582 5681 φροντίδας
3632 5623 3799 5682 στρεο

2145 5694 2383 5774 φάμενος
2415 5692 2702 5770 κοσμικὰς,
2737 5693 2938 5771 κριθείη
2964 5691 3023 5750 ἂν
3054 5691 3405 5771 ματαειότης.
3441 5690 3528 5748 ’Ἢ
3560 5690 3790 5773 οὖτως];

2146 5154 2288 5219 πλην
2356 5153 2522 5221 ϐάτην
2580 5157 2896 5232 ταράσσεται
2933 5203 2948 5218 ,
