4006 6204
409 293 520 359 195

1205 296 1263 360 S.
1313 291 1741 362 ATHANASII
1785 297 1945 360 OPP.
1999 297 2192 383 PARS
2238 297 2342 360 III.
2395 334 2459 344 α-
2515 295 2971 364 EXEGETICA.

3568 300 3796 368 ,196

480 436 576 499 18.
613 437 740 517 Ego
771 443 964 499 autem
985 435 1292 498 mendicus
1336 441 1554 498 sumet
1605 454 1860 517 pauper,
1920 437 2035 497 Do-

2157 437 2279 515 Εγὼ
2335 435 2388 492 δὲ
2445 438 2667 522 πτωχός
2728 439 2834 512 εἶμι
2922 440 3011 495 καὶ
3063 460 3232 507 πενης
3268 460 3283 475 ⁶
3364 443 3546 520 Κύριος
3615 465 3790 522 φρον-

400 527 599 589 minus
627 526 926 589 sollicitus
955 527 1072 588 erit
1098 526 1231 586 mei.
1271 523 1456 587 Israel
1486 524 1585 587 ille
1635 523 1778 586 olim
1836 525 2047 587 admo-

399 613 540 676 dum
565 615 728 678 i'erox
757 613 830 678 ad
864 615 1268 697 pmnitentiam
1301 632 1531 688 versus,
1560 633 1692 675 sese
1727 631 2044 696 pauperem

399 714 457 765 et
490 705 827 767 mendicum
851 713 1052 771 vocat.
1065 703 1134 766 Et
1152 703 1420 783 adjungit
1442 722 1509 765 se
1531 703 1849 767 Dominum
1877 722 2044 784 spem

401 792 620 856 habere
653 812 842 856 suam.

478 884 741 961 Adiutor
754 900 926 945 meus
936 891 990 944 et
1006 889 1314 958 protector
1328 899 1493 944 meus
1508 889 1572 944 tu
1586 898 1670 954 es,
1686 883 1844 944 Deus
1856 900 2048 956 meus,

397 972 852 1036 neturdaveris.
873 973 992 1046 (12)
1020 971 1236 1034 Daniel
1256 970 1593 1033 Barbarus.
1615 971 1783 1034 Hunc
1801 971 2046 1050 exitum,

395 1061 613 1142 inquit,
640 1061 883 1123 habebit
905 1059 1196 1141 Ecclesia,
1226 1068 1288 1122 ut
1313 1079 1443 1141 quae
1467 1060 1631 1141 prius
1683 1079 1910 1141 pauper
1940 1060 2050 1124 fuit

396 1160 454 1214 et
482 1153 543 1215 in
575 1151 795 1213 mundo
828 1153 1029 1231 inopia
1061 1151 1320 1230 graviter
1354 1158 1748 1231 premeretur,
1802 1151 2044 1212 tandem

397 1242 658 1321 potentia
691 1249 790 1302 tua
811 1240 1056 1315 ditetur,
1092 1248 1150 1302 et
1170 1238 1389 1302 auxilio
1412 1247 1513 1300 tuo
1534 1239 1793 1318 gloriosa
1821 1240 2043 1300 redda-

397 1339 516 1406 tur,
549 1330 704 1412 quod
731 1335 872 1411 petit
894 1348 970 1392 ne
994 1329 1055 1391 in
1085 1330 1326 1409 longum
1378 1330 1781 1410 protrahatur,
1818 1337 1876 1391 et
1907 1347 2042 1409 pro-

395 1428 531 1500 pter
552 1421 682 1500 ejus
710 1417 1055 1500 petitionem
1087 1417 1238 1480 nihil
1272 1417 1625 1491 morabitur,
1680 1419 1849 1497 juxta
1895 1417 2040 1480 illud

393 1511 554 1593 quod
593 1509 854 1573 dicitur2
889 1530 904 1570 :
947 1509 1194 1572 Veniens
1216 1511 1414 1572 veniet
1441 1515 1497 1571 et
1520 1528 1638 1570 non
1668 1508 1962 1571 tardabit.

610 1604 670 1665 1.
705 1601 775 1662 1η
804 1600 980 1681 ﬁnem
1017 1597 1403 1663 PSALMUS
1436 1599 1657 1660 David.
1692 1597 1825 1661 XL.

985 1691 1443 1768 Argumentum.

2132 539 2238 582 τιεῖ
2289 550 2415 601 μου,
2468 517 2523 584 Ὀ
2582 528 2718 584 πάνυ
2767 529 2957 605 θρασὺς
3006 529 3243 611 Ἰσραὴξ
3320 530 3374 585 ἐν
3438 517 3792 610 ’μεταγνώσει

2133 615 2441 692 ⁵πενόμενος,
2475 615 2677 684 πένητα
2725 619 2811 674 καὶ
2857 620 3079 697 πτωχὸν
3137 619 3322 677 ἑαυτὸν
3353 619 3639 679 ἁποκαλει.
3677 619 3796 682 Καὶ

2133 706 2240 777 μὴν
2266 707 2352 762 καὶ
2382 708 2539 763 αὐτὸν
2570 706 2720 786 ἔχειν
2779 709 2869 763 τὸν
2931 708 3121 786 Κύριον
3163 709 3258 777 τήν
3312 708 3497 766 ἐλπίδα
3554 709 3800 789 ἐπιγράο

2136 816 2317 874 φεται.

2217 885 2416 952 Βοηθός
2493 908 2593 960 μου
2668 887 2755 943 καὶ
2813 888 3212 965 ὑπερασπιστής
3285 893 3388 963 μου
3462 889 3516 945 εἴ
3573 891 3634 944 σύ
3667 910 3681 926 ο
3766 892 3798 945 ὁ

2135 974 2262 1038 Θεός
2333 996 2456 1053 μου,
2521 975 2600 1048 μὴ
2674 978 2954 1054 χρονίσῃς.
3014 979 3100 1042 Εἰς
3158 976 3213 1033 δὲ
3277 984 3444 1035 ταῦτα
3501 979 3565 1036 τὰ
3626 978 3795 1057 τέλη,

2132 1066 2283 1144 φησί,
2343 1061 2662 1142 φροϐήσεται
2720 1069 2754 1134 ἡ
2814 1065 3110 1133 Ἐκκλησία
3163 1069 3525 1148 πτωχεύσασα
3583 1067 3794 1147 πρότε-

2131 1173 2220 1227 ρον
2279 1155 2364 1208 καὶ
2414 1150 2498 1208 διὰ
2550 1155 2733 1217 πενίας
2803 1154 3008 1222 πολλῆς
3059 1155 3279 1213 ἐλθοῦσα
3329 1157 3384 1212 ἐν
3438 1157 3646 1232 κόσμῳ,
3693 1159 3796 1213 καὶ

2126 1247 2195 1317 τῇ
2254 1243 2395 1320 παρὰ
2451 1244 2545 1297 συῦ
2583 1241 2932 1314 πλουτήσασα
2975 1242 3216 1320 δυνάμει,
3278 1248 3364 1301 καὶ
3416 1247 3483 1314 τῆ
3516 1247 3658 1321 παρὰ
3687 1254 3795 1303 σοῦ

2126 1328 2436 1395 δοξασθεϊσα
2493 1332 2794 1411 ὲπικουρίᾳ,
2870 1333 2938 1400 ἢν
2997 1335 3137 1390 αἰτεῖ
3188 1335 3264 1408 μὴ
3344 1335 3632 1415 χρονίζειν,
3692 1337 3792 1392 καὶ

2125 1417 2209 1475 διὰ
2237 1421 2335 1487 τὴν
2367 1419 2583 1487 αἴτησιν
2614 1425 2672 1480 οὗ
2717 1435 2954 1501 χρρνιετ,
2989 1425 3124 1479 καθὰ
3154 1423 3368 1502 λέγεται
3432 1425 3494 1480 τό
3529 1440 3542 1454 ·
3578 1423 3638 1482 Ὀ
3682 1425 3787 1503 ἐρ-

2127 1510 2358 1589 χόμενος
2387 1507 2524 1583 ἥξει,
2556 1512 2645 1568 καὶ
2675 1513 2736 1567 οὐ
2767 1526 3006 1591 χρονιεῖ.
3433 1572 3436 1574 η

2371 1598 2457 1660 Εἷς
2498 1621 2558 1653 το
2591 1598 2743 1661 τέλος
2779 1606 3067 1658 ΨΑΛΜΟΣ
3101 1609 3177 1676 τῷ
3213 1601 3399 1662 Δαυίδ.
3443 1600 3536 1665 Μ’,

2489 1684 2762 1751 ἰ’πόοεσις
2776 1736 2791 1750 .
2813 1689 3079 1769 (Incerto
3111 1696 3379 1772 auctore)
3394 1741 3408 1755 .

393 1783 663 1844 Praesens
695 1779 962 1860 psalmus
994 1777 1515 1858 beatospraedicat
1546 1796 1648 1839 eos
1680 1777 1781 1857 qui
1841 1775 2035 1837 credi-

2148 1784 2187 1832 Ο
2263 1777 2606 1852 προκείμενος
2680 1777 2896 1853 ψαλμὸς
2955 1782 3232 1859 μακαρίζει
3289 1784 3410 1844 τοὺς
3469 1783 3792 1841 πιστεύσαν-

471 1870 688 1931 (lerunt
711 1869 770 1929 in
802 1868 996 1948 ipsum
1031 1867 1360 1944 Christum,
1385 1873 1485 1948 qui
1517 1885 1661 1929 sane
1694 1867 1834 1928 fidei
1881 1885 2039 1945 prae-

472 1959 591 2022 mia
623 1958 767 2038 ipsis
799 1958 1024 2027 tribuit,
1058 1976 1230 2019 suum
1257 1957 1485 2019 scilicet
1515 1957 1823 2017 auxilium.
1852 1955 2039 2016 Indu-

471 2049 627 2110 citur
657 2055 855 2108 autem
886 2047 1014 2128 ipsa
1044 2047 1370 2110 Salvatoris
1399 2064 1655 2127 persona
1672 2045 2040 2108 maledicens

469 2136 698 2199 Judaici
732 2137 934 2218 populi
967 2134 1358 2217 principibus,
1395 2135 1652 2197 maxime
1681 2143 1882 2196 autem
1916 2153 2040 2196 om-

465 2226 655 2302 nium,
693 2226 1006 2306 proditori.

466 2315 527 2376 2.
564 2315 788 2378 Beatus
813 2317 920 2396 qui
941 2316 1232 2398 inrelligit
1255 2333 1438 2396 super
1455 2316 1710 2396 egenum
1734 2321 1791 2375 et
1816 2331 2048 2395 paupe.

2203 1886 2295 1928 τας
2348 1866 2419 1926 εἷς
2479 1867 2635 1924 αὐτὸν
2682 1869 2772 1923 τὸν
2835 1871 3060 1946 Χριστόν
3096 1886 3114 1906 ⁸
3159 1871 3247 1926 καὶ
3290 1871 3398 1943 μή»
3428 1872 3516 1928 καὶ
3543 1868 3783 1946 ἀμοιϐὰς

2206 1957 2388 2018 αὐτοῖς
2420 1959 2519 2022 τῆς
2581 1955 2810 2020 πίστεως
2862 1954 3036 2014 δίδωσι
3083 1958 3180 2025 τὴν
3212 1958 3335 2038 παρ’
3379 1961 3533 2016 αὐτοῦ
3562 1963 3788 2020 ἐπικου-

2205 2043 2338 2121 ρίαν.
2394 2043 2699 2122 Εἰσφέρεται
2751 2043 2806 2100 δὲ
2883 2047 2968 2102 καὶ
3044 2047 3171 2104 αὐτὸ
3246 2055 3337 2104 τοῦ
3389 2053 3637 2128 Σωτῆρος
3706 2055 3784 2106 τὸ

2207 2155 2517 2211 προσωπον,
2551 2132 2865 2212 καταλέγων
2911 2138 3016 2192 τῶν
3069 2158 3126 2192 τε
3181 2138 3458 2217 ἀρχόντων
3490 2147 3585 2195 τοῦ
3639 2137 3784 2195 Ἰου-

2206 2219 2363 2277 δαίων
2414 2221 2544 2279 λαοῦ
2573 2224 2662 2280 καὶ
2692 2227 2851 2282 αὖτοό
2872 2224 2963 2281 τοῦ
2994 2223 3247 2305 προδότου
3279 2224 3582 2306 ἐξαιρέτως.

2207 2312 2476 2390 Μακάριος
2563 2315 2590 2368 ὁ
2670 2315 2862 2370 συνιὼν
2932 2315 3019 2371 ἐπὶ
3089 2321 3311 2394 πτωγὸν
3395 2318 3484 2372 καὶ
3542 2317 3775 2384 πένητα,

382 2423 532 2467 rem.
566 2404 833 2482 Egenum
868 2413 926 2466 et
953 2423 1277 2486 pauperem
1311 2404 1609 2468 Christum
1644 2410 1835 2484 vocat,
1873 2404 2035 2483 juxta

2142 2402 2355 2480 Ιτωχὸν
2396 2403 2483 2457 καὶ
2527 2401 2737 2469 πένητα
2791 2405 2884 2459 τὸν
2942 2406 3167 2481 Χριστὸν
3226 2405 3494 2463 ἀποκαλεῖ
3548 2408 3683 2463 κατά
3708 2409 3779 2463 τὸ

389 2494 446 2557 id
476 2495 634 2577 quod
663 2494 883 2556 dictum
916 2496 1036 2556 θεῶ
1069 2513 1082 2554 :
1122 2496 1294 2556 Dives
1316 2513 1451 2556 eum
1483 2501 1660 2568 esset,
1696 2496 1871 2572 inops
1892 2511 2035 2572 pro-

2142 2491 2397 2568 ιὶρημένον
2434 2513 2446 2526 ·
2530 2491 2787 2556 [llo-Scio:
2887 2495 2961 2549 ὢν
3041 2494 3352 2575 ἐπτώχευσε
3432 2494 3499 2551 δι’
3599 2499 3774 2572 ἡμᾶς,

383 2592 514 2662 pter
542 2601 652 2646 nos
676 2584 913 2662 effectus
939 2590 1049 2646 est.
1082 2584 1367 2646 Moralem
1389 2584 1501 2644 hoc
1524 2583 1656 2643 loco
1691 2582 2029 2645 doctrinam

2143 2581 2344 2648 Ηθικήν
2405 2581 2623 2638 ἐνταῦθα
2675 2579 3016 2640 διδασκαλίαν
3074 2588 3176 2652 τῆς
3236 2586 3562 2664 προφητείας
3628 2609 3770 2665 προ-

383 2673 669 2753 praamisit
701 2673 1047 2753 prophetiae,
1083 2680 1148 2734 ut
1173 2691 1238 2734 ex
1267 2673 1494 2754 psalmo
1513 2672 1740 2734 utilitas
1763 2678 2035 2753 utrinque

2142 2668 2324 2743 ζταξεν,
2359 2673 2634 2750 ὠφελῆσαι
2692 2674 2781 2728 τὸν
2842 2672 3061 2749 ψαλμὸν
3121 2675 3185 2731 τὰ
3214 2673 3264 2738 ἐξ
3296 2674 3545 2754 ἑκατέρου
3574 2676 3776 2752 βουλό-

385 2761 745 2843 proveniret.
788 2763 1050 2844 Ecquem
1086 2763 1320 2825 beatum
1368 2760 1700 2842 praedicat?
1757 2780 1891 2823 eum
1941 2756 2035 2842 qui

2142 2781 2311 2822 ιενος.
2362 2763 2457 2818 Καὶ
2490 2765 2604 2818 τίνα
2635 2764 2911 2839 μακαρίζει
2949 2783 2966 2838 ;
2998 2766 3089 2819 τὸν
3122 2764 3206 2819 ἐπὶ
3264 2766 3487 2844 πτωχὸν
3533 2768 3778 2822 συνιέντα

385 2852 662 2930 intelligit
690 2870 872 2932 super
932 2871 1184 2932 egenum
1245 2860 1304 2913 et
1353 2870 1701 2932 pauperem,
1759 2851 2035 2914 videlicet

2142 2851 2212 2905 ιαὶ
2255 2849 2458 2916 πένητι
2495 2871 2510 2888 ο
2544 2850 2781 2906 τουτέστι
2832 2854 2922 2908 τὸν
2969 2859 3209 2928 νοοῦντα,
3244 2853 3326 2909 ὅτι
3372 2855 3559 2910 τούτου
3605 2857 3771 2934 χάριν

381 2960 517 3002 eum
549 2942 647 3023 qui
677 2941 892 3020 cogitat
922 2942 1103 3022 quod,
1136 2941 1314 3021 hujus
1342 2942 1527 3020 gratia
1551 2941 1844 3017 Christus,
1873 2940 2035 3003 dives

2142 2957 2151 2992 ι
2207 2942 2428 3015 Χριστὸς
2494 2939 2741 3003 πλούσιος
2800 2942 2874 2997 ὢν
2921 2941 3256 3022 ἐπτώχευσε,
3317 2942 3410 2998 τίνα
3460 2945 3548 2999 καὶ
3604 2947 3775 3019 ἡμεῖς

382 3050 516 3094 cum
547 3039 728 3112 esset,
763 3048 988 3112 pauper
1045 3032 1292 3093 effectus
1348 3039 1460 3104 est,
1516 3039 1579 3092 ut
1638 3049 1748 3092 nos
1798 3049 2035 3110 quoque

2142 3028 2242 3092 εοὺς
2306 3030 2558 3108 πτωχοὺς
2603 3033 2676 3093 ὡς
2731 3028 2988 3110 ἀδελφοὺς
3045 3031 3138 3087 τοῦ
3194 3031 3456 3110 ἡμετέρου
3509 3041 3775 3113 Δημιουρο

382 3138 712 3201 pauperum
746 3126 953 3200 utpote
975 3119 1219 3182 fratrum
1251 3119 1546 3182 Creatoris
1579 3126 1635 3180 et
1654 3119 1875 3199 judicis
1901 3139 2035 3182 nos-

2142 3119 2217 3194 ςοῦ
2254 3119 2340 3173 καὶ
2376 3125 2555 3195 κριτοῦ
2585 3119 2914 3195 ἐλεήσωμεν.
2979 3118 3083 3181 Καὶ
3139 3123 3188 3177 τί
3243 3126 3342 3187 τῆς
3409 3120 3772 3202 φιλοπτοχίας

383 3209 461 3270 tri
493 3210 949 3272 miscreremur.
983 3209 1231 3290 Ecquod
1282 3209 1504 3270 amoris
1553 3226 1693 3287 erga
1745 3227 2035 3288 pauperes

2142 3208 2179 3262 τὸ
2236 3205 2466 3286 κέρδοςς
2547 3207 2635 3265 Ἐν
2715 3209 2891 3285 ἡμέρᾳ
2969 3211 3182 3290 πονηρᾷ
3243 3211 3455 3287 ῥύσεται
3512 3213 3676 3268 αὐτὸν
3740 3215 3772 3268 ὁ

377 3299 614 3361 lucrum
641 3298 671 3358 ?
700 3300 772 3361 In
791 3300 891 3361 die
919 3299 1081 3361 mala
1114 3299 1398 3362 liberabit
1424 3316 1559 3360 eum
1593 3299 2037 3377 Dominus.Sig.

381 3389 580 3450 niﬁcat
609 3396 804 3450 autem
832 3388 1046 3468 judicii
1079 3388 1260 3463 diem,
1308 3406 1440 3470 quae
1469 3388 1708 3450 dolores
1758 3396 2033 3468 peccato—

378 3477 548 3540 ribus
575 3488 755 3554 atque
787 3477 1026 3540 labores
1055 3477 1273 3540 inferet
1360 3476 1665 3539 Liberabit
1712 3477 2029 3558 Dominus,

380 3567 482 3648 qui
515 3567 614 3628 lux
643 3575 756 3648 est,
791 3585 1122 3648 pauperum
1152 3575 1440 3629 amantes.
1474 3567 1620 3628 Nam
1647 3564 1883 3627 debitor
1912 3566 2030 3629 illis

380 3667 474 3719 est
496 3656 888 3720 humanitatis
921 3667 1101 3738 atque
1133 3657 1340 3731 otIicii,
1371 3656 1594 3736 quippe
1624 3675 1758 3717 cum
1782 3655 1855 3716 ab
1916 3655 2031 3717 illis

381 3745 822 3827 eleemosyuam
854 3746 931 3808 sit
959 3753 1281 3827 mutuatus;
1318 3763 1453 3808 nam
1501 3762 1608 3824 per
1642 3745 2031 3806 Salomonem

382 3835 530 3898 dixit
562 3857 575 3893 :
612 3835 740 3911 Qui
760 3837 1092 3899 miseretur
1119 3838 1412 3916 pauperis
1443 3837 1790 3913 [ceneratur
1818 3835 1934 3896 Deo
1964 3833 2028 3911 ⁴;

380 3931 442 3986 et
467 3932 679 4005 suopte
708 3942 810 3986 ore
843 3943 855 3987 :
900 3926 972 3987 In
1001 3931 1300 4004 quantum
1327 3925 1517 3999 fecisti
1545 3924 1658 3985 uni
1682 3941 1764 3985 ea:
1796 3925 1895 3984 his
1924 3925 2034 3984 mi-

375 4016 561 4076 nimis
592 4016 759 4088 meis,
787 4016 945 4076 mihi
972 4015 1170 4092 fecisti
1194 4014 1242 4074 ⁵.
1300 4013 1371 4076 In
1427 4013 1526 4075 die
1550 4011 1714 4075 mala
1755 4011 2035 4075 liberabit

377 4121 514 4166 eum
547 4105 864 4166 Dominus.
897 4103 1070 4167 Diem
1105 4103 1340 4173 malam,
1379 4101 1804 4180 tentationum,
1838 4101 2032 4180 impe-

378 4201 504 4254 tum
535 4193 682 4255 dicit
706 4197 769 4256 et
824 4192 1202 4255 inimicorum
1262 4191 1638 4254 vexationes.
1700 4189 2035 4252 Adumbrat

375 4293 600 4360 autem,
637 4281 876 4363 opinor,
904 4282 1120 4363 judicii
1153 4281 1337 4356 diem,
1375 4279 1704 4344 terribilem
1726 4297 1892 4353 sane,
1925 4280 2034 4340 im-

379 4370 823 4453 proborumque
856 4371 1151 4435 ultricem.
1190 4371 1512 4434 Pollicetur
1563 4377 1758 4431 autem
1823 4386 2030 4449 puram

2118 3293 2333 3375 Κύριος,
2373 3295 2548 3363 Δηλοϊ
2577 3295 2630 3353 δὲ
2663 3299 2762 3365 τὴν
2793 3302 2892 3367 τῆς
2934 3301 3152 3378 κρίσεως
3205 3297 3388 3363 ὀδύνας
3435 3312 3553 3362 τοῖς
3585 3301 3766 3376 ἆμαρ-

2116 3384 2307 3450 τωλοις
2362 3387 2451 3442 καὶ
2521 3386 2712 3452 πόνους
2775 3388 3147 3468 ἐπιφέρουσαν.
3211 3387 3451 3445 Ῥύσεται
3505 3396 3616 3469 φῶς
3646 3392 3768 3456 τοὺς

2116 3473 2497 3555 φιλοπτώχους
2555 3478 2583 3532 ὁ
2646 3477 2854 3556 Κύριος.
2909 3485 3182 3556 Χρεωστεϊ
3211 3479 3312 3556 γὰρ
3346 3477 3527 3544 αὐτοῖς
3567 3478 3764 3559 φιλαν-

2113 3563 2368 3641 θρωπίαν,
2414 3566 2486 3626 ὡς
2519 3567 2672 3630 αὐτὸς
2715 3565 2814 3634 τὴν
2872 3564 3242 3640 ἐλεημοσύνην
3293 3567 3418 3643 παρ’
3450 3569 3630 3631 αὐτοῖς
3660 3566 3762 3625 δα-

2114 3655 2422 3729 νεισάμενος
2457 3672 2471 3685 ⁶
2524 3657 2612 3713 καὶ
2669 3654 2752 3712 διὰ
2809 3657 2908 3732 μὲν
2979 3664 3072 3712 τοῦ
3136 3656 3487 3732 Σολομῶντος
3547 3661 3711 3715 εἰπών
3742 3675 3756 3689 ⁸

2113 3741 2175 3800 Ὀ
2224 3743 2386 3800 ἐλεῶν
2457 3747 2683 3826 πτωχὸν
2742 3744 2963 3817 δανείζει
3024 3747 3152 3803 Θεόν
3187 3766 3202 3782 ⁸
3261 3748 3428 3819 οἷκείᾳ
3478 3747 3533 3803 δὲ
3585 3747 3763 3827 γλώτ-

2289 3834 2305 3854 ,
2388 3834 2399 3858 Ι
2483 3834 2508 3855 ΨΥ
3119 3839 3133 3860 ἱ
3274 3838 3286 3860 Ῑ
3513 3845 3529 3854 ⁵

2116 3857 2180 3911 τῃ
2216 3852 2236 3901 ’ς
2309 3851 2382 3914 Ec?
2481 3857 2605 3892 οσον
2697 3837 2988 3907 ἐποιήσατε
3061 3838 3137 3894 ἑνι
3199 3858 3398 3895 τουτων
3469 3860 3574 3895 των
3628 3838 3761 3897 ἐλα-

2115 3923 2340 4004 χίστων,
2413 3927 2533 4000 ἐμοὶ
2614 3925 2927 3998 ἐποιήσατε.
2992 3928 3082 3983 Ἐν
3146 3926 3318 4004 ἡμέρᾳ
3373 3934 3584 4006 πονηρᾷ
3665 3930 3764 4006 ῥύ-

2115 4034 2262 4069 σεται
2306 4015 2463 4070 αὐτὸν
2507 4017 2535 4071 ὁ
2592 4012 2808 4093 Κύριος,
2870 4014 3103 4095 Ἠμέραν
3172 4017 3412 4095 πονηρὰν
3477 4018 3579 4084 τὴν
3653 4025 3764 4074 τῶν

2115 4109 2425 4181 πειρασμῶν
2505 4103 2732 4160 ἐπίθεσιν
2795 4127 2926 4185 φησι
3011 4106 3102 4161 καὶ
3183 4106 3278 4167 τὰς
3367 4103 3568 4172 διώξεις
3653 4115 3762 4163 τῶν

2115 4191 2346 4272 έχθρών.
2402 4194 2698 4250 Αἱνίττεται
2748 4193 2828 4271 δὲ,
2891 4195 3078 4274 οἶμαι,
3121 4197 3210 4251 καὶ
3261 4195 3362 4262 τὴν
3407 4199 3506 4264 τῆς
3538 4195 3761 4275 κρίσεως

2114 4283 2319 4360 ἡμέραν
2361 4281 2588 4362 φοϐερὰν
2653 4287 2836 4358 οὖσαν,
2891 4286 2982 4340 καὶ
3040 4289 3144 4340 τῶν
3205 4285 3528 4362 παρανόμων
3574 4307 3763 4342 κακω-

2113 4374 2292 4442 τικήν.
2349 4372 2727 4453 ἰ’πισχνεῐται
2784 4375 2879 4443 τὴν
2939 4373 3196 4453 εἰλικρινῆ
3237 4380 3435 4452 γνῶσιν
3477 4379 3574 4442 τῆς
3606 4397 3766 4432 πτω-

375 4460 537 4522 illius
567 4463 937 4542 paupertatis
994 4460 1423 4543 cognitionem,
1481 4457 1797 4522 horribilis
1866 4457 2026 4521 illius

2142 4463 2268 4542 [σίας
2318 4463 2523 4532 ἐκείνης
2551 4483 2566 4498 °
2599 4471 2707 4522 τῶν
2735 4465 2832 4532 τῆς
2865 4463 3092 4545 φοϐερᾶς
3119 4463 3276 4521 αὐτὸν
3319 4465 3527 4542 ἡμέρας
3583 4465 3764 4523 ἀπαλ-

377 4549 498 4614 diei
531 4551 706 4612 malis
729 4551 926 4632 ipsum
962 4551 1377 4613 liberaturam.

460 4639 706 4720 [Beatus
759 4640 852 4702 vir
907 4641 1032 4718 ille,
1091 4642 1196 4718 qui
1253 4641 1330 4703 de
1379 4637 1736 4730 pauperibus
1774 4639 1862 4700 uti
1893 4656 2044 4730 con:

377 4737 731 4792 sentaneum
790 4737 880 4791 est
937 4730 1195 4810 cogitat;
1277 4746 1380 4792 ac'
1421 4730 1504 4791 s'i'
1560 4727 1789 4790 diceret
1823 4777 1839 4810 ,
1917 4727 2031 4802 Qui

375 4818 710 4900 intelligere
740 4819 894 4881 valet
924 4819 1208 4901 inopiam,
1244 4836 1422 4901 quam
1451 4817 1638 4879 nostri
1669 4833 1848 4878 causa
1893 4835 2029 4879 sus-

379 4911 538 4992 cepit
568 4910 885 4992 Christus]

457 4999 517 5064 3.
549 5000 843 5063 Dominus
871 5009 1173 5064 conservet
1204 5019 1364 5076 eum,
1396 5006 1452 5063 et
1480 4999 1736 5079 viviﬁcet
1779 5016 1937 5073 eum,
1971 5007 2029 5063 et

377 5088 620 5153 beatum
651 5093 842 5169 faciat
865 5108 1003 5154 eum
1035 5094 1100 5154 in
1133 5100 1326 5172 terra,
1359 5099 1416 5153 et
1462 5107 1588 5153 non
1637 5090 1851 5152 tradat
1890 5107 2029 5153 eum

375 5177 442 5242 in
471 5181 746 5242 animam
781 5182 1173 5244 inimicorum
1204 5184 1350 5260 eius.
1411 5178 1798 5242 Inimicorum
1849 5179 2031 5260 spiri-

377 5267 627 5330 tualium
658 5267 957 5331 videlicet.

455 5360 517 5419 4.
532 5356 897 5422 Universum
908 5366 1166 5423 stratum
1181 5361 1309 5437 eius
1320 5357 1584 5423 versasti
1595 5359 1661 5419 in
1677 5357 2033 5438 inﬁrmitate

2114 4549 2265 4618 λέξαι
2298 4561 2498 4616 κακῶν,
2776 4605 2778 4608 ,

2195 4641 2494 4722 [Μακάριος
2551 4644 2579 4699 ὃ
2637 4644 2772 4723 ἀνὴρ
2827 4643 3035 4708 ἐκεῖνος
3106 4646 3134 4699 ὁ
3189 4644 3382 4700 ἐννοῶν
3436 4645 3470 4701 ἃ
3520 4645 3764 4724 προσῆκε

2113 4735 2230 4812 περὶ
2281 4739 2387 4790 τῶν
2433 4735 2699 4806 πενήτων,
2753 4733 2869 4790 ἀντὶ
2921 4740 3013 4789 τοῦ
3042 4747 3057 4762 ⁶
3126 4732 3187 4789 Ὀ
3233 4732 3460 4790 συνιέναι
3526 4733 3761 4810 δυνάμε-

2114 4845 2200 4885 νος
2257 4823 2358 4890 τὴν
2413 4825 2712 4905 πτωχείαν,
2769 4823 2836 4892 ἢν
2896 4820 2962 4878 δι’
3027 4825 3171 4898 ἡμᾶς
3229 4821 3512 4902 ἀνείληφεν
3541 4827 3569 4880 ὁ
3620 4832 3760 4903 Χρι-

2112 4910 2290 4991 στός.]

2191 5000 2384 5080 Κύριος
2449 5001 2759 5085 διαφυλάξαι
2830 5005 2986 5062 αὗτὸν
3064 5003 3157 5058 καὶ
3212 5003 3370 5073 ζήσαι
3429 5003 3612 5084 αὐτὸν,
3667 5015 3762 5069 καὶ

2116 5094 2401 5171 μακαρίσαι
2460 5097 2616 5152 αὐτὸν
2675 5095 2731 5149 ἐν
2788 5100 2856 5172 τῇ
2911 5100 3008 5174 γῇ,
3079 5093 3166 5148 καὶ
3225 5093 3302 5168 μὴ
3376 5091 3596 5172 παραδῷ
3655 5096 3758 5150 αὑ-

2113 5182 2202 5238 τὸν
2263 5183 2336 5246 εἷς
2394 5196 2589 5264 χεῖρας
2636 5183 2846 5265 ἐχθρῶν
2890 5184 3071 5244 αὐτοῦ.
3133 5179 3376 5262 Ἐχθρῶν
3422 5189 3526 5241 τῶν
3554 5183 3760 5251 νοητῶν

2117 5268 2248 5337 δηλο
2262 5271 2389 5334 θότι,

2165 5361 2382 5428 ’”Ολην
2453 5365 2554 5432 τὴν
2607 5365 2789 5431 κοίτην
2875 5366 3032 5424 αὖτοῦ
3111 5363 3371 5442 ἔστρεψας
3426 5361 3481 5419 ἐν
3535 5367 3604 5439 τῇ
3662 5361 3762 5437 e5-

455 5521 483 5564 9
511 5518 738 5584 Habac.
772 5535 838 5598 ll,
870 5519 930 5586 3.
1016 5523 1048 5572 5
1077 5523 1128 5586 ll
1160 5522 1296 5585 Cor.
1329 5539 1454 5598 vui,
1489 5521 1552 5584 9.
1632 5515 1660 5561 4
1690 5521 1867 5582 Prov.
1892 5537 2016 5602 χιχ,

2142 5548 2170 5609 ,ξ
2233 5522 2261 5564 ⁵
2287 5521 2497 5588 Matth.
2532 5539 2671 5602 ιιν,
2693 5524 2796 5590 40.

455 5681 582 5766 (12)
615 5682 786 5764 Apud
818 5683 1012 5747 solum
1039 5684 1286 5750 Daniel.
1306 5681 1634 5746 Barbarum
1661 5682 1912 5745 nomine
1940 5682 2560 5750 AthmasiLbabotur.
