4006 6204
452 299 568 364 199
1241 303 1299 366 S.
1351 305 1778 370 ATHANASII
1826 307 1990 372 OPP.
2036 309 2252 376 PARS.
2301 316 2409 378 Ill.
2461 351 2534 362 —
2585 315 3035 380 EXEGETIGA.
3718 311 3857 382 200

452 454 711 531 namque
741 435 884 498 mihi
916 439 1107 531 passio
1138 441 1440 531 est._Hinc
1494 445 1880 524 consequitur
1923 446 2030 507 arb

2253 469 2317 502 ειν
2348 447 2466 523 ἐμοὶ
2495 451 2556 504 τὸ
2617 452 2828 508 παθεῖν.
2896 448 3225 528 Ἀναγκαίως
3285 449 3337 506 δὲ
3383 453 3527 531 λέγει
3581 460 3646 530 τῇ
3698 476 3835 510 κοι-

454 524 602 586 trari
632 526 826 617 ipsum
860 535 990 609 post
1019 529 1439 594 dormitionem
1475 533 1758 613 subsequi
1794 552 2034 597 resurre

2265 557 2343 592 σει
2400 538 2498 604 τὴν
2559 537 2847 595 ἀνάστασιν
2901 537 3141 602 ἕπεσθαι,
3173 539 3239 596 Ἠ
3281 538 3334 596 δὲ
3379 542 3628 617 κοίμησίς
3687 541 3847 598 ἐστιν

454 614 702 678 tionem.
733 616 1022 680 Dormitio
1059 637 1218 682 mors
1249 629 1336 684 est
1367 639 1382 684 :
1419 639 1560 702 ergo
1595 630 1845 685 mortem
1878 623 2036 686 subs:

2262 626 2469 686 iaivato:
2509 646 2523 660 '
2591 625 2890 706 ἀναγκαίως
2943 635 3018 702 τῷ
3076 629 3284 703 θανάτῳ
3341 630 3686 702 ἀκολουθήσει
3740 624 3844 687 καὶ

455 713 670 784 quetur
697 709 1078 771 resurrectio.

967 709 1078 771 tio,
2177 715 2211 780 ἡ
2244 716 2549 781 ἀνάστασις,

528 803 614 860 10.
648 805 857 859 Etenim
893 805 1042 862 homo
1056 809 1207 880 pacis
1229 823 1362 865 nam
1393 809 1450 862 in
1477 824 1578 882 quo
1605 810 1832 881 speravi,
1864 810 1955 881 qui
1988 808 2098 866 ede-

2261 805 2358 861 Καὶ
2415 807 2516 884 γὰρ
2571 809 2598 862 ὁ
2681 805 2952 884 ἅνθρωπος
3023 808 3119 874 τῆς
3207 809 3420 886 εἰρήνης
3474 833 3574 884 μου
3630 809 3714 889 ἐφ’
3775 810 3840 866 ὃν

451 889 545 949 bat
586 909 752 977 pone:
774 909 951 977 meos,
991 896 1350 969 magniﬁcavit
1378 914 1535 970 super
1581 913 1667 954 me
1705 899 2033 971 supplonlati

2257 915 2400 966 πισα,
2493 897 2520 950 ὁ
2599 894 2782 951 ἐσθίων
2855 893 3042 972 ἄρτους
3118 920 3242 976 μου,
3338 897 3658 977 ἐμεγάλυνεν
3741 897 3839 954 ἐπ’

451 988 613 1035 nem.
666 973 1042 1047 Ludibrium.
1106 977 1377 1059 insidias,
1425 979 1654 1041 dolum.
1690 980 1861 1041 Pacis
1895 981 2030 1040 hom

2252 982 2271 1036 ὲ
2351 983 2696 1061 πτερνισμόν,
2783 983 3146 1063 Ἐμπαιγμὸν,
3228 973 3552 1061 -ὲπιϐουλὴν,
3645 986 3834 1047 δόλον.

450 1079 589 1123 nem
619 1063 831 1154 ludam
863 1073 1049 1142 vocat,
1080 1066 1218 1147 quia
1245 1067 1557 1130 videbatur
1586 1067 1742 1129 inter
1774 1069 2032 1131 benevol.

2259 1071 2406 1139 μήνης
2464 1071 2737 1152 ἄνθρωπον
2789 1075 2882 1130 τὸν
2929 1071 3126 1130 Ἰούδαν
3186 1077 3338 1154 φησὶ,
3392 1075 3476 1131 διὰ
3531 1078 3592 1132 τὰ
3647 1074 3841 1133 δοκεῖν

448 1160 508 1212 et
537 1151 762 1214 amicos
789 1153 920 1233 ejus
951 1156 1308 1238 computari,
1341 1166 1399 1218 et
1432 1158 1492 1218 in
1523 1157 1950 1236 discipulorum
1986 1178 2030 1220 ut

2256 1174 2370 1224 τοῖς
2403 1151 2670 1219 εὐνοοῦσιν
2700 1166 2843 1236 αὐτῷ
2867 1163 3124 1242 τετάχθαι
3152 1163 3238 1218 καὶ
3267 1163 3439 1242 φίλοις
3476 1183 3487 1196 ·
3523 1169 3646 1242 τόγε
3674 1165 3838 1232 ἥκων

449 1259 682 1303 merum
710 1241 957 1304 allectus
986 1243 1200 1308 fuerat.

2173 1252 2244 1311 εἷς
2279 1252 2340 1306 τὸ
2372 1251 2513 1306 εἶναι
2562 1251 2829 1325 μαθητήν,

525 1339 610 1394 tt.
650 1337 721 1393 Tu
750 1343 942 1408 autem,
997 1341 1247 1410 Domine,
1303 1345 1554 1402 miserere
1591 1347 1708 1409 mei.
1743 1355 1791 1403 et
1821 1346 2090 1404 resuscita

2253 1338 2325 1392 Σύ
2379 1336 2458 1416 δὲ,
2513 1336 2698 1417 Κύριε,
2746 1338 2969 1406 ἐλέησόν
3045 1363 3135 1416 με,
3215 1343 3301 1397 καὶ
3357 1339 3656 1406 ἁνάστησόν
3729 1362 3833 1419 με,

445 1435 560 1509 me,
594 1428 654 1481 et
681 1419 1016 1483 retribuam
1037 1424 1148 1485 eis.
1184 1426 1460 1487 Humano
1499 1445 1662 1489 more
1696 1435 1942 1508 propter
1973 1428 2027 1487 hl

2252 1472 2254 1480 .
2310 1425 2669 1484 ἀνταποδώσω
2755 1428 2963 1500 αὐτοῖς,
3046 1428 3396 1509 Ἀνθρωπὶνος
3469 1429 3670 1504 μᾶλλον
3739 1429 3834 1490 διὰ

446 1507 832 1570 miliationem
893 1528 1059 1572 suam
1119 1514 1191 1574 ad
1247 1517 1478 1576 Patrem
1511 1533 1684 1578 suum
1719 1507 1896 1577 verba
1926 1515 2028 1577 faci

2251 1538 2269 1566 ν
2330 1517 2553 1572 κένωσιν
2631 1519 2760 1594 πρὸς
2819 1520 2909 1574 τὸν
2965 1521 3153 1576 ἑαυτοῦ
3192 1519 3400 1598 Πατέρα
3446 1532 3682 1577 ποιεῖται
3729 1522 3833 1575 τὸν

445 1597 679 1659 etiamsi
710 1599 809 1660 ille
839 1599 917 1660 sit
970 1602 1386 1666 misericordia
1418 1605 1524 1666 Dei
1556 1613 1616 1667 et
1646 1607 1861 1686 Patris,
1897 1615 1957 1667 et
1984 1623 2027 1666 τι

2248 1628 2351 1682 γον,
2416 1607 2587 1661 καίτοι
2633 1607 2789 1670 αὐτὸς
2819 1609 2892 1663 ὢν
2937 1608 2998 1664 τό
3057 1608 3205 1672 ἕλεος
3246 1616 3342 1664 τοῦ
3383 1615 3514 1664 Θεοῦ
3556 1610 3643 1664 καὶ
3699 1615 3830 1664 [Ια-

446 1688 737 1748 surrectio
765 1695 944 1768 atque
980 1689 1114 1752 vita.

2171 1697 2316 1772 τρὸς,
2349 1697 2434 1751 καὶ
2464 1697 2498 1763 ἡ
2531 1696 2817 1759 ἀνάστασις
2860 1699 2949 1756 καὶ
2979 1699 3012 1766 ἡ
3047 1698 3179 1768 ζωή.

526 1776 626 1836 ιε.
661 1775 737 1838 In
763 1777 875 1839 hoc
891 1785 1149 1856 cognovi
1165 1785 1312 1859 quia
1333 1783 1582 1846 voluisti
1599 1786 1979 1848 me.Rursum
2009 1784 2091 1846 lo-

2254 1783 2344 1840 Ἐν
2393 1785 2563 1857 τούτῳ
2621 1783 2814 1864 ἔγνων,
2889 1787 2969 1842 ὃτι
3014 1786 3304 1852 τεθέληκάς
3362 1808 3427 1861 με
3509 1785 3675 1843 Λαλεῖ
3715 1786 3833 1842 πά-

442 1865 643 1954 quitur
672 1874 736 1927 ut
770 1867 969 1942 homo,
1006 1877 1068 1929 ut
1115 1875 1378 1949 seipsum
1420 1871 1632 1935 otl‘erat
1660 1873 1783 1936 Deo
1816 1882 1874 1934 et
1903 1877 2024 1936 Pati

2246 1897 2256 1925 ρ
2315 1878 2388 1937 ὼς
2440 1872 2734 1953 ἅνθρωπος,
2794 1874 2886 1930 ’ίνα
2943 1876 3130 1930 ἑαυτὸν
3171 1877 3380 1954 παραθῇ
3438 1879 3513 1948 τῷ
3561 1882 3676 1948 Θεῷ
3725 1877 3828 1930 καὶ

443 1953 744 2028 Quoniam
767 1973 890 2017 non
907 1957 1194 2036 gaudebit
1216 1960 1502 2023 inimicus
1523 1979 1691 2025 meus
1711 1980 1894 2043 super
1909 1981 2022 2026 me.

2237 1963 2356 2038 ιτρί.
2419 1960 2552 2017 ’Ὅτι
2611 1966 2670 2020 οὐ
2730 1963 2806 2037 μὴ
2863 1965 3102 2041 ἒπιχαρῇ
3159 1966 3185 2020 ὁ
3220 1953 3408 2042 ἐχθρός
3444 1986 3544 2033 μου
3571 1962 3652 2018 ἔπ’
3686 1963 3819 2039 ἐμὲ,

441 2061 511 2104 ex
544 2044 926 2106 humanitatis
957 2064 1214 2126 persona
1245 2049 1359 2110 hoc
1387 2049 1534 2111 dicit
1561 2052 1856 2126 Christus,
1892 2051 2023 2112 inin

2286 2051 2384 2123 μὲν
2441 2049 2500 2106 ἐκ
2544 2051 2830 2128 προσώπω
2879 2052 2974 2119 τῆς
3015 2053 3422 2127 ἀνθρωπότητος
3468 2060 3631 2107 ταῦτα
3663 2051 3820 2129 λέγει

441 2150 546 2194 cus
564 2134 750 2213 plane
779 2135 1145 2215 intelligatur
1188 2155 1322 2199 esse
1351 2140 1456 2220 qui
1487 2149 1742 2201 mortem
1775 2141 1948 2202 nobis
1980 2161 2023 2221 p:

2247 2141 2494 2217 Χριστὸς,
2531 2139 2725 2217 ἐχθρὸς
2758 2139 2819 2194 ἂν
2852 2141 3065 2206 νοηθείη
3111 2142 3138 2194 ὁ
3168 2143 3259 2196 τὸν
3288 2141 3509 2198 θάνατον
3541 2142 3672 2215 ἡμῖν
3702 2162 3819 2195 κα-

435 2221 727 2286 ravit.Siu
757 2225 926 2305 quasi
955 2244 1025 2286 ex
1058 2226 1188 2304 ipso
1217 2226 1822 2304 ChristoJudseorum
1857 2231 2017 2310 princ

2239 2229 2496 2291 σκευάσας
2534 2243 2546 2257 ⁸
2611 2231 2653 2283 εἱ
2705 2226 2758 2282 δὲ
2810 2231 2882 2293 ὡς
2935 2229 2986 2294 ἐξ
3040 2231 3198 2286 αὐτοῦ
3270 2239 3364 2288 τοῦ
3410 2237 3657 2308 Χριστοῦ,
3702 2232 3821 2284 τῶν

441 2329 548 2391 pes
575 2312 857 2384 ait.Quod
891 2314 1048 2376 enim
1081 2333 1179 2377 res
1209 2317 1356 2398 ipsis
1386 2319 1746 2398 permolesta
1767 2319 2023 2400 fuerit,p:

2239 2314 2433 2393 usuin
2491 2320 2611 2379 τούς
2657 2316 2920 2396 ἄρχοντάς
2965 2340 3148 2398 φησιν.
3199 2319 3332 2374 ’Ὅτι
3404 2319 3502 2395 γὰρ
3545 2316 3821 2384 λελύπην-

441 2400 560 2462 lam
597 2420 666 2462 ex
698 2420 769 2464 eo
799 2411 893 2465 est
919 2407 1076 2484 quod
1107 2405 1238 2485 ejus
1295 2409 1801 2470 resurrectionem
1833 2409 1954 2470 sint
1985 2427 2023 2470 c.

2235 2429 2271 2478 t,
2333 2404 2494 2472 δῆλον
2549 2409 2609 2462 εκ
2660 2416 2751 2464 τοῦ
2812 2409 3206 2486 συκοφαντῆσαι
3245 2410 3401 2465 αὐτοῦ
3443 2407 3539 2473 τὴν
3574 2407 3816 2466 ἀνάστα-

436 2489 732 2554 lumniati.

691 2491 732 2554 ί.
2165 2517 2272 2556 σιν.

517 2579 617 2640 t3.
651 2580 750 2642 Me
770 2591 972 2643 autem
998 2592 1260 2664 propter
1289 2587 1706 2649 innocentiam
1737 2590 2074 2668 suscepisti.

2243 2583 2410 2658 Ἐμοῦ
2471 2583 2524 2640 δὲ
2584 2585 2668 2640 διὰ
2723 2585 2821 2651 τὴν
2887 2584 3112 2641 ἀκακίαν
3183 2581 3494 2642 ἀντελάϐου.
3555 2582 3614 2639 ’Π
3664 2587 3817 2641 πάν-

436 2667 553 2758 Qui
579 2670 842 2730 omnium
875 2681 965 2732 est
996 2674 1419 2750 patrocinium,
1454 2675 1567 2737 sibi
1600 2695 1841 2756 quoque
1872 2667 2018 2758 patri

2235 2697 2266 2725 ›ν
2326 2672 2607 2748 ἀντίληψις
2658 2671 2994 2747 ἀντιλήψεως
3045 2673 3400 2750 τετυχηκέναι
3442 2673 3600 2750 φησίν
3629 2691 3642 2702 ·
3709 2675 3817 2729 οὐκ

439 2757 664 2818 ciuium
697 2758 882 2820 fuisse
944 2763 1046 2823 ait.
1110 2762 1240 2824 Non
1271 2763 1434 2842 quod
1464 2764 1568 2826 ille
1596 2757 1887 2841 quatenus
1920 2769 2021 2828 Dei

2234 2763 2318 2825 τὸς
2389 2763 2589 2828 ταύτης
2649 2760 2920 2840 δεόμενος,
2979 2759 3095 2817 καθ’
3151 2762 3179 2815 ὃ
3238 2773 3440 2816 νοεῖται
3472 2761 3623 2836 Θεὸς,
3667 2760 3816 2816 ἀλλὰ

435 2844 789 2926 intelligitur
816 2867 888 2910 eo
918 2849 1180 2929 indigeat
1207 2870 1222 2915 :
1247 2853 1350 2914 sed
1390 2853 1566 2916 homo
1598 2854 1786 2916 factus
1815 2872 1948 2917 cum
1982 2858 2017 2916 si

2228 2851 2446 2926 νόμενος
2525 2850 2819 2930 ἄνθρωπος,
2881 2851 3012 2929 ὑπὲρ
3065 2849 3354 2928 ἀνθρώπων
3415 2862 3648 2906 ποιεῖται
3700 2849 3810 2906 λό-

436 2952 544 3015 pro
576 2936 914 2998 hominibus
945 2940 1122 3002 verba
1151 2939 1312 3003 facit.
2160 2962 2310 3016 γους.

507 3034 593 3089 η.
644 3034 960 3094 Benedictus
1023 3036 1288 3096 Dominus
1343 3039 1478 3096 Deus
1531 3042 1711 3100 Israel
1768 3060 1799 3098 a
1862 3043 2072 3101 swculo.

2243 3029 2548 3108 Εὐλογητὸς
2609 3026 2804 3108 Κύριος
2864 3030 2890 3083 ὁ
2951 3027 3076 3090 Θεὸς
3132 3025 3348 3104 Ἰσραὴλ
3392 3027 3495 3082 ἀπὸ
3525 3035 3615 3084 τοῦ
3665 3031 3809 3084 αἱῶ-

431 3118 558 3212 Jam
583 3117 860 3212 obsignat
880 3121 1177 3212 cauti-cum
1210 3121 1274 3212 in,
1293 3123 1610 3200 gratiarum
1644 3124 1940 3186 actionem
1973 3124 2010 3186 d

2225 3141 2268 3185 ς,
2305 3119 2583 3198 Σφραγίζει
2612 3119 2695 3174 καὶ
2755 3127 2840 3174 νῦν
2871 3119 2943 3180 εἱς
2975 3116 3311 3194 εὐχαρίστίαν
3359 3115 3457 3182 τὴν
3501 3117 3807 3193 προκειμέ-

432 3206 658 3269 sinens.
693 3207 743 3268 A
772 3209 1074 3288 praesenti,
1111 3209 1326 3287 inquit,
1366 3230 1551 3292 usque
1599 3213 1672 3274 ad
1704 3215 1985 3274 futurum.

2231 3232 2256 3265 ν
2289 3207 2454 3282 ᾠδήν,
2504 3207 2640 3264 Ἀπὸ
2692 3213 2786 3262 τοῦ
2832 3206 3118 3284 παρόντος,
3179 3205 3361 3284 φησὶν,
3423 3207 3494 3268 εἰς
3545 3207 3634 3262 τὸν
3663 3206 3809 3282 μὲλ-

432 3297 710 3374 praesenti
741 3297 919 3376 igitur
951 3297 1291 3362 benedictio
1319 3319 1352 3360 a
1375 3301 1550 3363 nobis
1583 3305 1705 3365 Deo
1738 3303 1938 3366 oblata
1968 3304 2014 3363 in

2225 3321 2320 3355 ντα
2355 3315 2366 3328 ·
2419 3301 2603 3355 οὐκοῦν
2636 3297 2743 3371 ᾁπὸ
2795 3295 2891 3370 μὲν
2949 3301 3041 3351 τοῦ
3075 3295 3333 3371 παρόντος
3364 3297 3397 3361 ἡ
3431 3293 3640 3373 εὐλογία
3675 3296 3807 3374 παρ’

430 3384 576 3446 tium
598 3386 1239 3469 ducit,completurque
1271 3389 1331 3450 in
1351 3389 1551 3452 futuro
1591 3410 1604 3455 :
1641 3410 1776 3452 nam
1806 3410 1886 3455 ea;
1901 3411 2012 3472 par

2222 3395 2312 3445 ιῶν
2343 3389 2417 3452 είς
2444 3389 2536 3442 τὸν
2569 3388 2702 3442 Θεὸν
2762 3384 3016 3464 ἄρχεται,
3066 3383 3360 3440 τελειοῦται
3390 3381 3444 3438 δὲ
3473 3383 3527 3439 ἐν
3557 3391 3632 3458 τῷ
3662 3384 3804 3460 μὲλ-

427 3477 834 3554 cognoscimus
853 3483 907 3538 et
928 3485 1194 3555 exparte
1210 3481 1645 3560 prophetamus
1671 3483 1754 3562 ιο,
1788 3501 1973 3562 quare
2004 3507 2009 3538 ι

2225 3501 2302 3533 ντι
2367 3497 2379 3510 ·
2446 3477 2504 3534 ἐκ
2555 3475 2743 3554 μέρους
2804 3476 2906 3552 γὰρ
2962 3475 3317 3551 γινώσκομεν,
3371 3475 3458 3528 καὶ
3507 3472 3566 3529 ἐκ
3607 3474 3805 3551 μέρους

431 3573 598 3643 parte
614 3564 1046 3630 benedicimus:
1071 3567 1226 3631 Cum
1247 3576 1450 3632 autem
1479 3573 1714 3632 venerit
1742 3561 1903 3652 quod
1927 3590 2013 3652 pe:

2221 3567 2586 3648 ιοφητεύομεν,
2619 3563 2736 3621 ὅθεν
2758 3566 2846 3620 καί
2869 3563 2930 3620 ἐκ
2959 3561 3147 3642 μέρους
3192 3561 3506 3640 εὐλογοῦμεν
3543 3582 3557 3595 ο
3621 3561 3803 3620 ’Ὅταν

429 3653 650 3731 fectum
672 3662 782 3736 est,
806 3656 998 3736 inquit
1022 3660 1248 3720 Paulus
1269 3658 1342 3734 η,
1397 3661 1789 3723 evacuabitur
1816 3651 1975 3740 quod
2003 3689 2011 3723 4

2245 3656 2369 3732 ἔλθῃ
2404 3658 2462 3711 τὸ
2493 3654 2724 3728 τέλειον,
2757 3653 2916 3732 φησὶν
2947 3655 2974 3708 ὁ
3009 3651 3239 3726 Παῦλος,
3267 3653 3328 3707 τὸ
3360 3651 3420 3706 ἐκ
3449 3651 3634 3729 μέρους
3673 3675 3800 3710 κατ-

421 3754 608 3822 parte
627 3749 894 3810 est.Nam
928 3747 1194 3828 profectu
1215 3749 1291 3811 ad
1312 3751 1560 3813 meliora
1590 3753 2003 3833 accedente,c¢

2219 3747 2546 3824 γηθήσεται.
2576 3743 2652 3819 Τῇ
2686 3745 2785 3822 γὰρ
2817 3743 2900 3799 ἐπὶ
2957 3743 3017 3797 τὸ
3079 3748 3264 3833 μεῖζον
3286 3747 3560 3833 -προκοπῇ
3588 3743 3648 3796 τὸ
3692 3742 3801 3833 ἀπὸ

429 3841 522 3922 sat
550 3836 708 3915 quod
733 3855 806 3899 ex
827 3846 994 3916 parte
1010 3847 1120 3900 est.
1149 3837 1406 3919 ideoque
1439 3841 1749 3904 Psalmista
1779 3829 2011 3922 adjunxi

2216 3837 2347 3915 ἔρους
2401 3836 2646 3892 παύεται.
2691 3835 2787 3888 Διὰ
2815 3839 2969 3889 τοῦτο
2999 3830 3026 3887 ὸ
3057 3829 3366 3922 Ψαλμῳδὸς
3397 3831 3798 3922 ἐπήγαγε,Γέ-

426 3921 794 4004 Fiat,ﬁat,et
820 3926 1082 4006 duplicat
1109 3928 1467 3990 orationem.
1491 3929 1802 4010 Siquidem
1835 3920 2008 3992 beato

2215 3947 2325 4001 ιιτο,
2373 3926 2605 4003 γένοιτο,
2653 3925 2739 3981 καὶ
2797 3920 3126 3991 διπλασιάζει
3157 3921 3255 3987 τὴν
3299 3921 3489 3999 εὐχήν.
3526 3921 3797 3996 Μακάριον

429 4021 662 4092 est,per
692 4013 869 4075 fidem
905 4024 963 4076 et
991 4015 1106 4076 alia
1128 4015 1284 4080 bona
1301 4035 1482 4098 opera
1499 4007 1981 4082 benedictionem

2216 4037 2254 4093 ιρ
2287 4015 2520 4071 ἐντεῦθεν
2551 4025 2650 4078 της
2697 4011 2938 4090 εὐλογίας
2971 4016 3069 4078 τῆς
3091 4011 3163 4072 εἰς
3193 4011 3281 4064 τὸν
3314 4011 3443 4066 Θεὸν
3464 4007 3552 4098 διὰ,
3568 4010 3798 4098 πίστεως

430 4103 619 4163 Deum
646 4103 929 4180 exordiri,
964 4113 1142 4184 atque
1163 4105 1242 4166 ita
1279 4096 1441 4167 illam
1475 4127 1761 4170 coronare
1785 4109 1846 4170 in
1879 4111 2012 4172 fatu]

2211 4107 2243 4159 ιὶ
2295 4104 2389 4172 τῆς
2429 4110 2535 4160 τῶν
2595 4101 2772 4159 ἄλλων
2827 4102 3038 4180 ἀγαθων
3097 4097 3472 4176 κατορθώσεως
3522 4096 3793 4176 ἄρξασθαι,

427 4192 669 4274 saeculo,
706 4201 771 4254 ut
802 4193 1005 4274 impiis
1027 4205 1088 4255 et
1110 4194 1450 4257 inﬁdelibus
1470 4196 1657 4259 Deum
1690 4197 1811 4260 illic
1829 4198 2009 4260 lauda:

2209 4193 2294 4249 ἱτω
2351 4215 2408 4249 τε
2465 4194 2629 4261 αὐτὴν
2688 4197 3020 4271 στεφανῶσαι
3068 4191 3142 4252 είς
3204 4191 3296 4244 τὸν
3356 4189 3519 4244 αὶώνα
3547 4190 3635 4243 τὸν
3664 4187 3791 4264 μέλ·

429 4281 774 4345 nullatenus
793 4283 1505 4348 concedatur.Sciendum
1523 4287 2011 4364 autem,uonnullt

2207 4304 2338 4364 ιντα,
2391 4287 2465 4347 ὡς
2521 4283 2574 4340 o'i
2635 4304 2696 4362 γε
2741 4279 2957 4342 ἀσεϐεῖς
3000 4281 3087 4335 καί
3119 4277 3331 4334 ἄπιστοι
3366 4276 3610 4355 εὐλογεῖν
3668 4278 3789 4335 ἐκεῖ

430 4371 585 4434 hanc
609 4372 972 4454 psalmorum
1004 4375 1376 4455 prophetiam
1398 4375 1460 4436 in
1480 4375 1663 4438 libros
1694 4377 2012 4458 quinqued

2209 4397 2242 4429 ›ν
2306 4372 2434 4429 Θεὸν
2480 4371 2574 4429 οὐκ
2627 4369 3022 4450 ἐπιτρέπονται.
3070 4366 3267 4426 Εἱδέναι
3322 4363 3375 4422 δέ
3425 4365 3532 4440 δεῖ,
3581 4366 3659 4421 ὄτι
3690 4369 3791 4434 τὴν

425 4452 629 4562 videre
663 4481 677 4522 ε
710 4470 886 4543 atque
916 4452 1206 4562 adhunc
1264 4452 2005 4562 usquepsalmuinpriore

2206 4461 2429 4536 ιλμικὴν
2487 4462 2685 4530 ταύτην
2761 4460 3085 4540 προφητείαν
3152 4458 3224 4519 εἰς
3290 4455 3445 4512 πέντε
3500 4456 3638 4520 τινὲς
3702 4452 3788 4511 δι-

2231 4552 2241 4562 ,
2398 4553 2497 4562 -....
2734 4552 2742 4562 .
2962 4552 2970 4562 .
3189 4555 3206 4562 -
3272 4552 3281 4562 .
3337 4545 3355 4562 κ
3448 4553 3468 4562 -
3541 4547 3554 4562 .
3725 4547 3736 4562 .

427 4550 790 4613 constituere
817 4571 833 4628 ;
865 4551 1004 4632 quia
1031 4551 1094 4613 in
1128 4553 1246 4614 fine
1280 4553 1752 4617 benedictionem
1785 4545 1846 4617 in
1878 4554 2003 4617 Deu

2205 4552 2362 4617 ,ὀντες
2394 4553 2626 4630 βίϐλους,
2680 4552 2843 4631 μέχρι
2885 4552 3071 4606 τούτου
3119 4555 3212 4604 τοῦ
3259 4545 3472 4622 ψαλμοῦ
3502 4547 3598 4614 τὴν
3631 4547 3787 4624 πρώ-

429 4657 537 4702 seu
556 4656 838 4702 coronam
857 4640 1056 4704 habet.
1090 4637 1261 4704 Unde
1283 4643 1460 4704 etiam
1481 4648 1566 4707 sic
1585 4651 1904 4725 sequentes
1924 4663 2011 4725 qu:

2207 4664 2248 4709 ιν
2293 4644 2588 4719 νομίζουσιν
2620 4658 2634 4672 ⁸
2704 4639 2888 4707 ἐπειδὴ
2971 4640 3100 4715 πρὸς
3163 4639 3240 4710 τῷ
3313 4634 3453 4692 τᾶλει
3530 4635 3789 4725 στέφανον

425 4737 558 4792 tuor
577 4731 932 4811 partiuntur.
1681 4724 1688 4725 ί
1949 4724 1954 4725 ί

2206 4753 2326 4812 Imp
2379 4733 2480 4800 τὴν
2537 4730 2779 4810 εὐλογίαν
2834 4729 2933 4796 τὴν
2990 4729 3063 4790 εἰς
3110 4727 3239 4784 Θεὸν
3279 4725 3556 4791 κέκτηται.
3617 4724 3788 4781 ’Ὅθεν

2147 4821 2284 4878 οὕτω
2311 4821 2567 4902 διαιροῦσι
2601 4822 2689 4878 καὶ
2719 4821 2814 4883 τὰς
2843 4815 3088 4898 ὑπάρξεις
3117 4817 3212 4881 τὰς
3241 4815 3521 4894 τέσσαρας,

616 4909 667 4964 1.
698 4905 762 4962 In
795 4909 954 4980 ﬁnem
981 4910 1055 4968 ad
1087 4909 1507 4981 intelligentiam
1541 4910 1676 4983 ﬁliis
1708 4912 1861 4970 Core.

2295 4913 2377 4975 Εἰς
2421 4913 2484 4968 τὸ
2510 4910 2662 4977 τέλος
2697 4911 2772 4974 εἱς
2802 4909 3010 4965 σύνεσιν
3039 4917 3157 4969 τοῖς
3181 4907 3317 4968 υἱοῖς
3350 4914 3441 4962 τοῦ
3474 4904 3625 4981 Κορέ.

993 4999 1318 5060 PSALMUS
1343 4999 1492 5056 XLI.

2737 5003 3024 5056 ΨΑΛΜΟΣ
3055 4994 3200 5056 MA’.

1038 5093 1452 5162 Argumentum.

2814 5089 3114 5150 ’Υπόθεσις.

425 5179 592 5241 Sacri
611 5176 780 5240 fuere
800 5187 1077 5241 cantores
1094 5179 1201 5241 ﬁlii
1231 5179 1634 5258 Core,canuut
1656 5190 1855 5244 autem
1884 5193 2007 5245 cant

2203 5180 2482 5260 εροψάλται
2539 5180 2634 5256 μὲν
2693 5177 2974 5258 γεγόνασιν
3033 5178 3081 5231 οἱ
3129 5181 3220 5230 τοῦ
3259 5171 3397 5252 Κορὲ
3449 5173 3569 5247 υἱοί,
3604 5170 3785 5244 ᾅδουσι

503 5285 638 5328 cum
660 5267 734 5329 ab
751 5267 1093 5331 auctoribus
1107 5277 1440 5350 acceptum,
1475 5270 1750 5333 videlicet
1766 5290 1800 5333 a
1817 5271 2060 5350 Davide,

2224 5269 2278 5326 δὲ
2334 5272 2430 5338 τὴν
2489 5268 2628 5344 ᾠδὴν
2685 5264 2934 5329 λαϐόντες
2992 5266 3134 5343 παρὰ
3191 5265 3296 5319 τῶν
3358 5262 3650 5320 συνθέντων
3694 5267 3789 5321 αὐ·

506 5373 637 5435 quze
662 5356 725 5417 in
758 5359 1074 5434 postremis
1103 5357 1473 5439 temporibus
1502 5359 1834 5423 obventura
1863 5375 2064 5426 essent

2225 5361 2346 5435 τὴν,
2406 5360 2642 5418 τουτέστι
2702 5365 2794 5414 τοῦ
2847 5353 3036 5429 Δαυ³ιδ,
3081 5355 3146 5411 τὰ
3183 5352 3268 5410 ἐπ’
3298 5352 3544 5431 ἐσχάτων
3574 5355 3785 5427 σημαί-

506 5443 1242 5524 εἱεηίῆοεηιθε.1ιιάιιοιιιιι
1262 5447 1440 5510 etiam
1461 5448 1652 5529 ipsius
1664 5448 1902 5514 Israelis
1923 5471 2062 5534 per-

2224 5471 2404 5515 νοντες
2457 5453 2560 5507 τῶν
2620 5453 2835 5525 καιρῶν.
2895 5443 3199 5523 Είσφέρουσι
3271 5441 3325 5498 δὲ
3369 5444 3430 5498 τὸ
3477 5441 3634 5498 αὐτοῦ
3691 5453 3787 5502 τοῦ

504 5635 560 5681 ιο
590 5637 614 5700 1
644 5637 784 5701 Cor.
818 5655 946 5722 mi,
979 5643 1042 5703 9.
1126 5639 1176 5684 ιι
1205 5639 1353 5706 ibid.
1378 5640 1473 5704 ιο.
