  <div class='ocr_page' id='page_1' title='image "/cluster/home/n/w/nwhite01/storage/ocr_20150623/27/hvd.32044054272802/107.png"; bbox 0 0 4006 6204; ppageno 0'>
   <div class='ocr_carea' id='block_1_1' title="bbox 486 304 2151 386">
    <p class='ocr_par' dir='ltr' id='par_1_1' title="bbox 486 313 2151 386">
     <span class='ocr_line' id='line_1_1' title="bbox 486 313 2151 386; baseline -0.002 0"><span class='ocrx_word' id='word_1_1' title='bbox 486 317 604 386; x_wconf 77' lang='lat'><strong>203</strong></span> <span class='ocrx_word' id='word_1_2' title='bbox 1280 319 1341 383; x_wconf 91' lang='lat' dir='ltr'><strong>S.</strong></span> <span class='ocrx_word' id='word_1_3' title='bbox 1393 316 1816 384; x_wconf 85' lang='lat' dir='ltr'><strong>ATHANASII</strong></span> <span class='ocrx_word' id='word_1_4' title='bbox 1860 313 2022 384; x_wconf 86' lang='lat' dir='ltr'><strong>OPP.</strong></span> <span class='ocrx_word' id='word_1_5' title='bbox 2076 317 2151 382; x_wconf 78' lang='lat' dir='ltr'><strong>PA</strong></span> 
     </span>
    </p>
   </div>
   <div class='ocr_carea' id='block_1_2' title="bbox 2257 304 3893 386">
    <p class='ocr_par' dir='ltr' id='par_1_2' title="bbox 2257 304 3893 382">
     <span class='ocr_line' id='line_1_2' title="bbox 2257 304 3893 382; baseline -0.002 -3"><span class='ocrx_word' id='word_1_6' title='bbox 2257 319 2268 379; x_wconf 65' lang='grc' dir='ltr'><strong>ἱ</strong></span> <span class='ocrx_word' id='word_1_7' title='bbox 2314 313 2422 380; x_wconf 88' lang='grc' dir='ltr'><strong>ΙΙΙ.</strong></span> <span class='ocrx_word' id='word_1_8' title='bbox 2470 350 2547 362; x_wconf 92' lang='lat'><strong>--</strong></span> <span class='ocrx_word' id='word_1_9' title='bbox 2594 312 3048 382; x_wconf 84' lang='lat' dir='ltr'><strong>EXEGETICA.</strong></span> <span class='ocrx_word' id='word_1_10' title='bbox 3752 304 3893 378; x_wconf 68' lang='grc'><strong>204</strong></span> 
     </span>
    </p>
   </div>
   <div class='ocr_carea' id='block_1_3' title="bbox 486 448 2151 536">
    <p class='ocr_par' dir='ltr' id='par_1_3' title="bbox 486 455 2129 536">
     <span class='ocr_line' id='line_1_3' title="bbox 486 455 2129 536; baseline -0.003 -15"><span class='ocrx_word' id='word_1_11' title='bbox 486 458 800 532; x_wconf 85' lang='lat' dir='ltr'><strong>elationes,</strong></span> <span class='ocrx_word' id='word_1_12' title='bbox 832 456 895 519; x_wconf 96' lang='lat' dir='ltr'><strong>in</strong></span> <span class='ocrx_word' id='word_1_13' title='bbox 927 475 1030 519; x_wconf 87' lang='lat' dir='ltr'><strong>eos</strong></span> <span class='ocrx_word' id='word_1_14' title='bbox 1055 455 1221 520; x_wconf 83' lang='lat' dir='ltr'><strong>ferri.</strong></span> <span class='ocrx_word' id='word_1_15' title='bbox 1257 455 1374 520; x_wconf 89' lang='lat' dir='ltr'><strong>Sed</strong></span> <span class='ocrx_word' id='word_1_16' title='bbox 1405 457 1554 518; x_wconf 83' lang='lat' dir='ltr'><strong>nihil</strong></span> <span class='ocrx_word' id='word_1_17' title='bbox 1601 456 1723 518; x_wconf 73' lang='lat' dir='ltr'><strong>laesi</strong></span> <span class='ocrx_word' id='word_1_18' title='bbox 1781 465 1941 536; x_wconf 88' lang='lat' dir='ltr'><strong>sunt,</strong></span> <span class='ocrx_word' id='word_1_19' title='bbox 1994 474 2129 517; x_wconf 82' lang='lat' dir='ltr'><strong>nam</strong></span> 
     </span>
    </p>
   </div>
   <div class='ocr_carea' id='block_1_4' title="bbox 2257 448 3895 536">
    <p class='ocr_par' dir='ltr' id='par_1_4' title="bbox 2262 448 3895 530">
     <span class='ocr_line' id='line_1_4' title="bbox 2262 448 3895 530; baseline -0.002 -23"><span class='ocrx_word' id='word_1_20' title='bbox 2262 453 2378 507; x_wconf 83' lang='grc' dir='ltr'><strong>έσον</strong></span> <span class='ocrx_word' id='word_1_21' title='bbox 2436 454 2532 520; x_wconf 80' lang='grc' dir='ltr'><strong>τὴν</strong></span> <span class='ocrx_word' id='word_1_22' title='bbox 2591 460 2681 508; x_wconf 82' lang='grc' dir='ltr'><strong>τοῦ</strong></span> <span class='ocrx_word' id='word_1_23' title='bbox 2733 453 2933 529; x_wconf 79' lang='grc' dir='ltr'><strong>Φαραώ</strong></span> <span class='ocrx_word' id='word_1_24' title='bbox 2990 453 3272 530; x_wconf 78' lang='grc' dir='ltr'><strong>φεύγοντες</strong></span> <span class='ocrx_word' id='word_1_25' title='bbox 3347 448 3690 527; x_wconf 75' lang='grc' dir='ltr'><strong>μοχθηρίαν.</strong></span> <span class='ocrx_word' id='word_1_26' title='bbox 3775 449 3895 505; x_wconf 76' lang='grc' dir='ltr'><strong>Καὶ</strong></span> 
     </span>
    </p>
   </div>
   <div class='ocr_carea' id='block_1_5' title="bbox 486 536 2151 628">
    <p class='ocr_par' dir='ltr' id='par_1_5' title="bbox 486 549 1578 628">
     <span class='ocr_line' id='line_1_5' title="bbox 486 549 1578 628; baseline 0.001 -19"><span class='ocrx_word' id='word_1_27' title='bbox 486 555 654 628; x_wconf 76' lang='lat' dir='ltr'><strong>equae</strong></span> <span class='ocrx_word' id='word_1_28' title='bbox 687 566 792 610; x_wconf 87' lang='lat' dir='ltr'><strong>seu</strong></span> <span class='ocrx_word' id='word_1_29' title='bbox 827 565 1034 610; x_wconf 91' lang='lat' dir='ltr'><strong>murus</strong></span> <span class='ocrx_word' id='word_1_30' title='bbox 1064 549 1382 626; x_wconf 67' lang='lat' dir='ltr'><strong>coagulata:</strong></span> <span class='ocrx_word' id='word_1_31' title='bbox 1417 556 1578 610; x_wconf 94' lang='lat' dir='ltr'><strong>sunt.</strong></span> 
     </span>
    </p>
   </div>
   <div class='ocr_carea' id='block_1_6' title="bbox 2257 536 3894 628">
    <p class='ocr_par' dir='ltr' id='par_1_6' title="bbox 2257 536 3894 616">
     <span class='ocr_line' id='line_1_6' title="bbox 2257 536 3894 616; baseline -0.004 -21"><span class='ocrx_word' id='word_1_32' title='bbox 2257 539 2433 599; x_wconf 75' lang='grc' dir='ltr'><strong>Ξόκουν</strong></span> <span class='ocrx_word' id='word_1_33' title='bbox 2456 540 2552 616; x_wconf 88' lang='grc' dir='ltr'><strong>μέν</strong></span> <span class='ocrx_word' id='word_1_34' title='bbox 2595 543 2642 596; x_wconf 77' lang='grc' dir='ltr'><strong>οἱ</strong></span> <span class='ocrx_word' id='word_1_35' title='bbox 2696 547 2802 596; x_wconf 82' lang='grc' dir='ltr'><strong>τῶν</strong></span> <span class='ocrx_word' id='word_1_36' title='bbox 2863 541 3114 614; x_wconf 80' lang='grc' dir='ltr'><strong>κυμάτων</strong></span> <span class='ocrx_word' id='word_1_37' title='bbox 3155 538 3530 614; x_wconf 82' lang='grc' dir='ltr'><strong>μετεωρισμοὶ,</strong></span> <span class='ocrx_word' id='word_1_38' title='bbox 3601 536 3894 592; x_wconf 73' lang='grc' dir='ltr'><strong>τουτέστιν</strong></span> 
     </span>
    </p>
   </div>
   <div class='ocr_carea' id='block_1_7' title="bbox 575 802 2138 886">
    <p class='ocr_par' dir='ltr' id='par_1_7' title="bbox 575 802 2138 886">
     <span class='ocr_line' id='line_1_7' title="bbox 575 802 2138 886; baseline -0.004 -20"><span class='ocrx_word' id='word_1_39' title='bbox 575 805 870 886; x_wconf 80' lang='lat' dir='ltr'><strong>[Abyssus</strong></span> <span class='ocrx_word' id='word_1_40' title='bbox 931 807 1216 884; x_wconf 76' lang='lat' dir='ltr'><strong>abyssum</strong></span> <span class='ocrx_word' id='word_1_41' title='bbox 1275 805 1555 866; x_wconf 86' lang='lat' dir='ltr'><strong>invocat.</strong></span> <span class='ocrx_word' id='word_1_42' title='bbox 1612 802 1872 882; x_wconf 82' lang='lat' dir='ltr'><strong>Abyssus</strong></span> <span class='ocrx_word' id='word_1_43' title='bbox 1923 804 2091 861; x_wconf 84' lang='lat' dir='ltr'><strong>Pater</strong></span> <span class='ocrx_word' id='word_1_44' title='bbox 2123 847 2138 873; x_wconf 94' lang='lat'><strong>,</strong></span> 
     </span>
    </p>
   </div>
   <div class='ocr_carea' id='block_1_8' title="bbox 490 889 2139 976">
    <p class='ocr_par' dir='ltr' id='par_1_8' title="bbox 490 889 2139 976">
     <span class='ocr_line' id='line_1_8' title="bbox 490 889 2139 976; baseline -0.004 -19"><span class='ocrx_word' id='word_1_45' title='bbox 490 895 738 976; x_wconf 84' lang='lat' dir='ltr'><strong>abyssus</strong></span> <span class='ocrx_word' id='word_1_46' title='bbox 774 894 984 957; x_wconf 87' lang='lat' dir='ltr'><strong>Filius.</strong></span> <span class='ocrx_word' id='word_1_47' title='bbox 1017 893 1275 974; x_wconf 79' lang='lat' dir='ltr'><strong>Abyssus</strong></span> <span class='ocrx_word' id='word_1_48' title='bbox 1301 900 1676 974; x_wconf 86' lang='lat' dir='ltr'><strong>peccatorum</strong></span> <span class='ocrx_word' id='word_1_49' title='bbox 1710 891 1942 952; x_wconf 78' lang='lat' dir='ltr'><strong>invocat</strong></span> <span class='ocrx_word' id='word_1_50' title='bbox 1971 889 2139 969; x_wconf 82' lang='lat' dir='ltr'><strong>abys-</strong></span> 
     </span>
    </p>
   </div>
   <div class='ocr_carea' id='block_1_9' title="bbox 494 978 2139 1060">
    <p class='ocr_par' dir='ltr' id='par_1_9' title="bbox 494 978 2139 1060">
     <span class='ocr_line' id='line_1_9' title="bbox 494 978 2139 1060; baseline -0.005 -14"><span class='ocrx_word' id='word_1_51' title='bbox 494 1003 623 1046; x_wconf 91' lang='lat' dir='ltr'><strong>sum</strong></span> <span class='ocrx_word' id='word_1_52' title='bbox 649 982 1194 1045; x_wconf 85' lang='lat' dir='ltr'><strong>commiserationis</strong></span> <span class='ocrx_word' id='word_1_53' title='bbox 1226 983 1355 1056; x_wconf 86' lang='lat' dir='ltr'><strong>Dei,</strong></span> <span class='ocrx_word' id='word_1_54' title='bbox 1387 991 1446 1042; x_wconf 91' lang='lat' dir='ltr'><strong>ut</strong></span> <span class='ocrx_word' id='word_1_55' title='bbox 1479 981 1605 1060; x_wconf 89' lang='lat' dir='ltr'><strong>ipse</strong></span> <span class='ocrx_word' id='word_1_56' title='bbox 1641 989 1946 1060; x_wconf 86' lang='lat' dir='ltr'><strong>peccatum</strong></span> <span class='ocrx_word' id='word_1_57' title='bbox 1978 978 2139 1040; x_wconf 86' lang='lat' dir='ltr'><strong>fran-</strong></span> 
     </span>
    </p>
   </div>
   <div class='ocr_carea' id='block_1_10' title="bbox 490 1070 2143 1152">
    <p class='ocr_par' dir='ltr' id='par_1_10' title="bbox 490 1070 2143 1152">
     <span class='ocr_line' id='line_1_10' title="bbox 490 1070 2143 1152; baseline -0.002 -18"><span class='ocrx_word' id='word_1_58' title='bbox 490 1083 586 1152; x_wconf 82' lang='lat' dir='ltr'><strong>gat</strong></span> <span class='ocrx_word' id='word_1_59' title='bbox 617 1074 868 1152; x_wconf 80' lang='lat' dir='ltr'><strong>ejusque</strong></span> <span class='ocrx_word' id='word_1_60' title='bbox 899 1079 1192 1144; x_wconf 83' lang='lat' dir='ltr'><strong>auctores,</strong></span> <span class='ocrx_word' id='word_1_61' title='bbox 1230 1077 1495 1151; x_wconf 89' lang='lat' dir='ltr'><strong>itemque</strong></span> <span class='ocrx_word' id='word_1_62' title='bbox 1527 1070 1973 1146; x_wconf 83' lang='lat' dir='ltr'><strong>corruptionem</strong></span> <span class='ocrx_word' id='word_1_63' title='bbox 2008 1091 2023 1140; x_wconf 89' lang='lat'><strong>;</strong></span> <span class='ocrx_word' id='word_1_64' title='bbox 2076 1085 2143 1130; x_wconf 88' lang='lat' dir='ltr'><strong>ac</strong></span> 
     </span>
    </p>
   </div>
   <div class='ocr_carea' id='block_1_11' title="bbox 490 1157 2143 1244">
    <p class='ocr_par' dir='ltr' id='par_1_11' title="bbox 490 1157 2143 1244">
     <span class='ocr_line' id='line_1_11' title="bbox 490 1157 2143 1244; baseline -0.005 -20"><span class='ocrx_word' id='word_1_65' title='bbox 490 1167 536 1224; x_wconf 91' lang='lat' dir='ltr'><strong>si</strong></span> <span class='ocrx_word' id='word_1_66' title='bbox 573 1163 755 1237; x_wconf 81' lang='lat' dir='ltr'><strong>dicat,</strong></span> <span class='ocrx_word' id='word_1_67' title='bbox 785 1164 912 1244; x_wconf 88' lang='lat' dir='ltr'><strong>Mos</strong></span> <span class='ocrx_word' id='word_1_68' title='bbox 944 1170 1033 1222; x_wconf 89' lang='lat' dir='ltr'><strong>est</strong></span> <span class='ocrx_word' id='word_1_69' title='bbox 1062 1160 1166 1221; x_wconf 84' lang='lat' dir='ltr'><strong>tibi</strong></span> <span class='ocrx_word' id='word_1_70' title='bbox 1199 1172 1288 1233; x_wconf 92' lang='lat' dir='ltr'><strong>ut,</strong></span> <span class='ocrx_word' id='word_1_71' title='bbox 1338 1159 1750 1240; x_wconf 81' lang='lat' dir='ltr'><strong>peccatoribus</strong></span> <span class='ocrx_word' id='word_1_72' title='bbox 1797 1157 2143 1236; x_wconf 86' lang='lat' dir='ltr'><strong>supplican-</strong></span> 
     </span>
    </p>
   </div>
   <div class='ocr_carea' id='block_1_12' title="bbox 496 1246 2143 1331">
    <p class='ocr_par' dir='ltr' id='par_1_12' title="bbox 496 1246 2143 1331">
     <span class='ocr_line' id='line_1_12' title="bbox 496 1246 2143 1331; baseline -0.005 -18"><span class='ocrx_word' id='word_1_73' title='bbox 496 1252 678 1331; x_wconf 82' lang='lat' dir='ltr'><strong>tibus,</strong></span> <span class='ocrx_word' id='word_1_74' title='bbox 710 1252 910 1312; x_wconf 85' lang='lat' dir='ltr'><strong>animo</strong></span> <span class='ocrx_word' id='word_1_75' title='bbox 944 1250 1224 1312; x_wconf 75' lang='lat' dir='ltr'><strong>ﬂecteris.</strong></span> <span class='ocrx_word' id='word_1_76' title='bbox 1281 1248 1506 1328; x_wconf 88' lang='lat' dir='ltr'><strong>Ecquid</strong></span> <span class='ocrx_word' id='word_1_77' title='bbox 1565 1266 1674 1308; x_wconf 94' lang='lat' dir='ltr'><strong>nos</strong></span> <span class='ocrx_word' id='word_1_78' title='bbox 1724 1247 1986 1326; x_wconf 88' lang='lat' dir='ltr'><strong>despicis</strong></span> <span class='ocrx_word' id='word_1_79' title='bbox 2045 1246 2143 1326; x_wconf 90' lang='lat' dir='ltr'><strong>qui</strong></span> 
     </span>
    </p>
   </div>
   <div class='ocr_carea' id='block_1_13' title="bbox 494 1338 1166 1420">
    <p class='ocr_par' dir='ltr' id='par_1_13' title="bbox 494 1338 1166 1420">
     <span class='ocr_line' id='line_1_13' title="bbox 494 1338 1166 1420; baseline -0.003 -19"><span class='ocrx_word' id='word_1_80' title='bbox 494 1341 596 1402; x_wconf 90' lang='lat' dir='ltr'><strong>tibi</strong></span> <span class='ocrx_word' id='word_1_81' title='bbox 633 1338 1087 1420; x_wconf 91' lang='lat' dir='ltr'><strong>procumbimus</strong></span> <span class='ocrx_word' id='word_1_82' title='bbox 1120 1339 1166 1416; x_wconf 85' lang='lat'><strong>?]</strong></span> 
     </span>
    </p>
   </div>
   <div class='ocr_carea' id='block_1_14' title="bbox 574 1423 2137 1506">
    <p class='ocr_par' dir='ltr' id='par_1_14' title="bbox 574 1423 2137 1506">
     <span class='ocr_line' id='line_1_14' title="bbox 574 1423 2137 1506; baseline -0.004 -15"><span class='ocrx_word' id='word_1_83' title='bbox 574 1429 666 1506; x_wconf 89' lang='lat' dir='ltr'><strong>[In</strong></span> <span class='ocrx_word' id='word_1_84' title='bbox 691 1432 793 1490; x_wconf 81' lang='lat' dir='ltr'><strong>die</strong></span> <span class='ocrx_word' id='word_1_85' title='bbox 812 1427 1122 1488; x_wconf 64' lang='lat' dir='ltr'><strong>nandabit</strong></span> <span class='ocrx_word' id='word_1_86' title='bbox 1141 1426 1437 1488; x_wconf 81' lang='lat' dir='ltr'><strong>Dominus</strong></span> <span class='ocrx_word' id='word_1_87' title='bbox 1447 1423 1926 1506; x_wconf 73' lang='lat' dir='ltr'><strong>misericordiam</strong></span> <span class='ocrx_word' id='word_1_88' title='bbox 1945 1442 2137 1506; x_wconf 79' lang='lat' dir='ltr'><strong>suam,</strong></span> 
     </span>
    </p>
   </div>
   <div class='ocr_carea' id='block_1_15' title="bbox 495 1504 2141 1584">
    <p class='ocr_par' dir='ltr' id='par_1_15' title="bbox 495 1504 2141 1584">
     <span class='ocr_line' id='line_1_15' title="bbox 495 1504 2141 1584; baseline -0.002 -14"><span class='ocrx_word' id='word_1_89' title='bbox 495 1520 550 1570; x_wconf 83' lang='lat' dir='ltr'><strong>et</strong></span> <span class='ocrx_word' id='word_1_90' title='bbox 575 1504 754 1571; x_wconf 74' lang='lat' dir='ltr'><strong>nocte</strong></span> <span class='ocrx_word' id='word_1_91' title='bbox 781 1513 1081 1569; x_wconf 81' lang='lat' dir='ltr'><strong>canticum</strong></span> <span class='ocrx_word' id='word_1_92' title='bbox 1114 1510 1262 1584; x_wconf 73' lang='lat' dir='ltr'><strong>eius.</strong></span> <span class='ocrx_word' id='word_1_93' title='bbox 1301 1505 1478 1570; x_wconf 88' lang='lat' dir='ltr'><strong>Aliud</strong></span> <span class='ocrx_word' id='word_1_94' title='bbox 1527 1513 1820 1567; x_wconf 75' lang='lat' dir='ltr'><strong>memor-ut</strong></span> <span class='ocrx_word' id='word_1_95' title='bbox 1878 1504 2141 1566; x_wconf 60' lang='lat' dir='ltr'><strong>miracu+</strong></span> 
     </span>
    </p>
   </div>
   <div class='ocr_carea' id='block_1_16' title="bbox 494 1593 2141 1677">
    <p class='ocr_par' dir='ltr' id='par_1_16' title="bbox 494 1593 2141 1677">
     <span class='ocr_line' id='line_1_16' title="bbox 494 1593 2141 1677; baseline -0.002 -19"><span class='ocrx_word' id='word_1_96' title='bbox 494 1599 641 1659; x_wconf 92' lang='lat' dir='ltr'><strong>lum.</strong></span> <span class='ocrx_word' id='word_1_97' title='bbox 679 1601 982 1677; x_wconf 80' lang='lat' dir='ltr'><strong>Rapsaces</strong></span> <span class='ocrx_word' id='word_1_98' title='bbox 1007 1596 1194 1664; x_wconf 85' lang='lat' dir='ltr'><strong>enim,</strong></span> <span class='ocrx_word' id='word_1_99' title='bbox 1229 1615 1363 1656; x_wconf 92' lang='lat' dir='ltr'><strong>cum</strong></span> <span class='ocrx_word' id='word_1_100' title='bbox 1409 1593 1838 1672; x_wconf 84' lang='lat' dir='ltr'><strong>.Ierosolymam</strong></span> <span class='ocrx_word' id='word_1_101' title='bbox 1867 1593 2141 1654; x_wconf 87' lang='lat' dir='ltr'><strong>obsedis—</strong></span> 
     </span>
    </p>
   </div>
   <div class='ocr_carea' id='block_1_17' title="bbox 495 1682 2146 1764">
    <p class='ocr_par' dir='ltr' id='par_1_17' title="bbox 495 1682 2146 1764">
     <span class='ocr_line' id='line_1_17' title="bbox 495 1682 2146 1764; baseline -0.002 -16"><span class='ocrx_word' id='word_1_102' title='bbox 495 1697 606 1759; x_wconf 79' lang='lat' dir='ltr'><strong>set,</strong></span> <span class='ocrx_word' id='word_1_103' title='bbox 637 1686 974 1749; x_wconf 72' lang='lat' dir='ltr'><strong>minabatur</strong></span> <span class='ocrx_word' id='word_1_104' title='bbox 1005 1705 1077 1745; x_wconf 93' lang='lat' dir='ltr'><strong>ne</strong></span> <span class='ocrx_word' id='word_1_105' title='bbox 1109 1687 1295 1747; x_wconf 88' lang='lat' dir='ltr'><strong>Deum</strong></span> <span class='ocrx_word' id='word_1_106' title='bbox 1324 1683 1560 1764; x_wconf 87' lang='lat' dir='ltr'><strong>quidem</strong></span> <span class='ocrx_word' id='word_1_107' title='bbox 1590 1699 1763 1762; x_wconf 92' lang='lat' dir='ltr'><strong>posse</strong></span> <span class='ocrx_word' id='word_1_108' title='bbox 1785 1682 2021 1762; x_wconf 75' lang='lat' dir='ltr'><strong>eripere</strong></span> <span class='ocrx_word' id='word_1_109' title='bbox 2045 1702 2146 1744; x_wconf 90' lang='lat' dir='ltr'><strong>eos</strong></span> 
     </span>
    </p>
   </div>
   <div class='ocr_carea' id='block_1_18' title="bbox 2223 623 3890 709">
    <p class='ocr_par' dir='ltr' id='par_1_18' title="bbox 2223 623 3890 709">
     <span class='ocr_line' id='line_1_18' title="bbox 2223 623 3890 709; baseline -0.004 -25"><span class='ocrx_word' id='word_1_110' title='bbox 2223 631 2273 684; x_wconf 76' lang='grc' dir='ltr'><strong>αἱ</strong></span> <span class='ocrx_word' id='word_1_111' title='bbox 2304 630 2558 709; x_wconf 81' lang='grc' dir='ltr'><strong>ὺψώσεις,</strong></span> <span class='ocrx_word' id='word_1_112' title='bbox 2589 628 2707 685; x_wconf 78' lang='grc' dir='ltr'><strong>κατ’</strong></span> <span class='ocrx_word' id='word_1_113' title='bbox 2759 629 2930 685; x_wconf 71' lang='grc' dir='ltr'><strong>αὐτῶν</strong></span> <span class='ocrx_word' id='word_1_114' title='bbox 2983 628 3255 706; x_wconf 77' lang='grc' dir='ltr'><strong>φέρεσθαι’</strong></span> <span class='ocrx_word' id='word_1_115' title='bbox 3315 623 3432 680; x_wconf 67' lang='grc' dir='ltr'><strong>ἄλλ’</strong></span> <span class='ocrx_word' id='word_1_116' title='bbox 3491 623 3700 691; x_wconf 78' lang='grc' dir='ltr'><strong>ἠδίκουν</strong></span> <span class='ocrx_word' id='word_1_117' title='bbox 3775 625 3890 678; x_wconf 71' lang='grc' dir='ltr'><strong>οὺ·-</strong></span> 
     </span>
    </p>
   </div>
   <div class='ocr_carea' id='block_1_19' title="bbox 2225 712 3384 795">
    <p class='ocr_par' dir='ltr' id='par_1_19' title="bbox 2225 712 3384 795">
     <span class='ocr_line' id='line_1_19' title="bbox 2225 712 3384 795; baseline -0.001 -26"><span class='ocrx_word' id='word_1_118' title='bbox 2225 713 2332 772; x_wconf 83' lang='grc' dir='ltr'><strong>δέν·</strong></span> <span class='ocrx_word' id='word_1_119' title='bbox 2381 715 2556 793; x_wconf 82' lang='grc' dir='ltr'><strong>ἐπάγη</strong></span> <span class='ocrx_word' id='word_1_120' title='bbox 2603 717 2702 794; x_wconf 79' lang='grc' dir='ltr'><strong>γὰρ</strong></span> <span class='ocrx_word' id='word_1_121' title='bbox 2725 719 2848 773; x_wconf 80' lang='grc' dir='ltr'><strong>ὡσεὶ</strong></span> <span class='ocrx_word' id='word_1_122' title='bbox 2885 729 3076 795; x_wconf 79' lang='grc' dir='ltr'><strong>τεῖχος</strong></span> <span class='ocrx_word' id='word_1_123' title='bbox 3109 716 3173 772; x_wconf 79' lang='grc' dir='ltr'><strong>τὰ</strong></span> <span class='ocrx_word' id='word_1_124' title='bbox 3200 712 3384 774; x_wconf 76' lang='grc' dir='ltr'><strong>ὕδατα,</strong></span> 
     </span>
    </p>
   </div>
   <div class='ocr_carea' id='block_1_20' title="bbox 2310 803 3363 868">
    <p class='ocr_par' dir='ltr' id='par_1_20' title="bbox 2310 803 3363 868">
     <span class='ocr_line' id='line_1_20' title="bbox 2310 803 3363 868; baseline -0.003 -7"><span class='ocrx_word' id='word_1_125' title='bbox 2310 803 2582 868; x_wconf 81' lang='grc' dir='ltr'><strong>”Α6υσσος</strong></span> <span class='ocrx_word' id='word_1_126' title='bbox 2674 804 2899 861; x_wconf 75' lang='grc' dir='ltr'><strong>ἄϐυσσον</strong></span> <span class='ocrx_word' id='word_1_127' title='bbox 2981 803 3319 860; x_wconf 66' lang='grc' dir='ltr'><strong>ἐπικαλεῖται</strong></span> <span class='ocrx_word' id='word_1_128' title='bbox 3350 851 3363 864; x_wconf 95' lang='grc'><strong>,</strong></span> 
     </span>
    </p>
   </div>
   <div class='ocr_carea' id='block_1_21' title="bbox 2229 891 3888 971">
    <p class='ocr_par' dir='ltr' id='par_1_21' title="bbox 2229 891 3888 971">
     <span class='ocr_line' id='line_1_21' title="bbox 2229 891 3888 971; baseline -0.003 -22"><span class='ocrx_word' id='word_1_129' title='bbox 2229 897 2431 971; x_wconf 76' lang='grc' dir='ltr'><strong>Πατὴρ,</strong></span> <span class='ocrx_word' id='word_1_130' title='bbox 2467 892 2691 957; x_wconf 77' lang='grc' dir='ltr'><strong>ἄϐυσσος</strong></span> <span class='ocrx_word' id='word_1_131' title='bbox 2736 898 2763 951; x_wconf 98' lang='lat'><strong>6</strong></span> <span class='ocrx_word' id='word_1_132' title='bbox 2797 895 2935 959; x_wconf 58' lang='lat' dir='ltr'><strong>THQ,</strong></span> <span class='ocrx_word' id='word_1_133' title='bbox 2990 891 3268 954; x_wconf 70' lang='lat' dir='ltr'><strong>&quot;A6‘JO’O’OC</strong></span> <span class='ocrx_word' id='word_1_134' title='bbox 3327 894 3384 959; x_wconf 75' lang='grc' dir='ltr'><strong>η’</strong></span> <span class='ocrx_word' id='word_1_135' title='bbox 3433 896 3539 946; x_wconf 82' lang='grc' dir='ltr'><strong>τῶν</strong></span> <span class='ocrx_word' id='word_1_136' title='bbox 3598 891 3888 970; x_wconf 62' lang='grc' dir='ltr'><strong>ἁμαρτιῶν</strong></span> 
     </span>
    </p>
   </div>
   <div class='ocr_carea' id='block_1_22' title="bbox 2227 979 3888 1059">
    <p class='ocr_par' dir='ltr' id='par_1_22' title="bbox 2227 979 3888 1059">
     <span class='ocr_line' id='line_1_22' title="bbox 2227 979 3888 1059; baseline -0.001 -23"><span class='ocrx_word' id='word_1_137' title='bbox 2227 981 2568 1038; x_wconf 71' lang='grc' dir='ltr'><strong>ἐπικαλεῖται</strong></span> <span class='ocrx_word' id='word_1_138' title='bbox 2597 983 2694 1048; x_wconf 67' lang='grc' dir='ltr'><strong>τὴν</strong></span> <span class='ocrx_word' id='word_1_139' title='bbox 2728 980 2954 1038; x_wconf 77' lang='grc' dir='ltr'><strong>ἄϐυσσον</strong></span> <span class='ocrx_word' id='word_1_140' title='bbox 2982 986 3080 1047; x_wconf 74' lang='grc' dir='ltr'><strong>τῆς</strong></span> <span class='ocrx_word' id='word_1_141' title='bbox 3109 979 3506 1059; x_wconf 74' lang='grc' dir='ltr'><strong>εὐσπλαγχνίας</strong></span> <span class='ocrx_word' id='word_1_142' title='bbox 3558 981 3652 1036; x_wconf 73' lang='grc' dir='ltr'><strong>τοῦ</strong></span> <span class='ocrx_word' id='word_1_143' title='bbox 3709 987 3888 1057; x_wconf 79' lang='grc' dir='ltr'><strong>Θεοῦ,</strong></span> 
     </span>
    </p>
   </div>
   <div class='ocr_carea' id='block_1_23' title="bbox 2227 1069 3885 1148">
    <p class='ocr_par' dir='ltr' id='par_1_23' title="bbox 2227 1069 3885 1148">
     <span class='ocr_line' id='line_1_23' title="bbox 2227 1069 3885 1148; baseline -0.001 -23"><span class='ocrx_word' id='word_1_144' title='bbox 2227 1072 2301 1134; x_wconf 78' lang='grc' dir='ltr'><strong>εἷς</strong></span> <span class='ocrx_word' id='word_1_145' title='bbox 2332 1073 2394 1125; x_wconf 87' lang='grc' dir='ltr'><strong>τὸ</strong></span> <span class='ocrx_word' id='word_1_146' title='bbox 2426 1069 2739 1147; x_wconf 78' lang='grc' dir='ltr'><strong>καταρῤάξαι</strong></span> <span class='ocrx_word' id='word_1_147' title='bbox 2771 1073 2868 1138; x_wconf 79' lang='grc' dir='ltr'><strong>τὴν</strong></span> <span class='ocrx_word' id='word_1_148' title='bbox 2914 1072 3172 1148; x_wconf 76' lang='grc' dir='ltr'><strong>ἁμαρτίαν</strong></span> <span class='ocrx_word' id='word_1_149' title='bbox 3202 1071 3290 1126; x_wconf 85' lang='grc' dir='ltr'><strong>καὶ</strong></span> <span class='ocrx_word' id='word_1_150' title='bbox 3347 1070 3468 1132; x_wconf 82' lang='grc' dir='ltr'><strong>τοὺς</strong></span> <span class='ocrx_word' id='word_1_151' title='bbox 3526 1069 3721 1136; x_wconf 76' lang='grc' dir='ltr'><strong>ταύτης</strong></span> <span class='ocrx_word' id='word_1_152' title='bbox 3782 1071 3885 1123; x_wconf 81' lang='grc' dir='ltr'><strong>αἷ-</strong></span> 
     </span>
    </p>
   </div>
   <div class='ocr_carea' id='block_1_24' title="bbox 2226 1157 3890 1239">
    <p class='ocr_par' dir='ltr' id='par_1_24' title="bbox 2226 1157 3890 1239">
     <span class='ocr_line' id='line_1_24' title="bbox 2226 1157 3890 1239; baseline -0.001 -25"><span class='ocrx_word' id='word_1_153' title='bbox 2226 1160 2366 1222; x_wconf 84' lang='grc' dir='ltr'><strong>τίους</strong></span> <span class='ocrx_word' id='word_1_154' title='bbox 2396 1162 2484 1214; x_wconf 85' lang='grc' dir='ltr'><strong>καὶ</strong></span> <span class='ocrx_word' id='word_1_155' title='bbox 2512 1161 2611 1225; x_wconf 72' lang='grc' dir='ltr'><strong>τὴν</strong></span> <span class='ocrx_word' id='word_1_156' title='bbox 2643 1161 2859 1239; x_wconf 68' lang='grc' dir='ltr'><strong>φθοράν·</strong></span> <span class='ocrx_word' id='word_1_157' title='bbox 2894 1183 3012 1216; x_wconf 89' lang='grc' dir='ltr'><strong>ο-ον</strong></span> <span class='ocrx_word' id='word_1_158' title='bbox 3034 1161 3114 1214; x_wconf 80' lang='grc' dir='ltr'><strong>ὃτι</strong></span> <span class='ocrx_word' id='word_1_159' title='bbox 3147 1157 3317 1218; x_wconf 80' lang='grc' dir='ltr'><strong>’Ἒθος</strong></span> <span class='ocrx_word' id='word_1_160' title='bbox 3356 1180 3438 1213; x_wconf 89' lang='grc' dir='ltr'><strong>σοι</strong></span> <span class='ocrx_word' id='word_1_161' title='bbox 3473 1171 3589 1220; x_wconf 86' lang='grc' dir='ltr'><strong>τοῖς</strong></span> <span class='ocrx_word' id='word_1_162' title='bbox 3621 1158 3890 1234; x_wconf 75' lang='grc' dir='ltr'><strong>ἀμαρτωο</strong></span> 
     </span>
    </p>
   </div>
   <div class='ocr_carea' id='block_1_25' title="bbox 2226 1246 3890 1322">
    <p class='ocr_par' dir='ltr' id='par_1_25' title="bbox 2226 1246 3890 1322">
     <span class='ocr_line' id='line_1_25' title="bbox 2226 1246 3890 1322; baseline -0.001 -20"><span class='ocrx_word' id='word_1_163' title='bbox 2226 1246 2346 1311; x_wconf 79' lang='grc' dir='ltr'><strong>λοῖς</strong></span> <span class='ocrx_word' id='word_1_164' title='bbox 2390 1246 2656 1318; x_wconf 77' lang='grc' dir='ltr'><strong>δεομὶνοις</strong></span> <span class='ocrx_word' id='word_1_165' title='bbox 2689 1271 2779 1304; x_wconf 90' lang='grc' dir='ltr'><strong>σου</strong></span> <span class='ocrx_word' id='word_1_166' title='bbox 2829 1250 3277 1322; x_wconf 80' lang='grc' dir='ltr'><strong>ἐπικάμπτεσθαι.</strong></span> <span class='ocrx_word' id='word_1_167' title='bbox 3337 1249 3434 1304; x_wconf 82' lang='grc' dir='ltr'><strong>Καὶ</strong></span> <span class='ocrx_word' id='word_1_168' title='bbox 3491 1247 3580 1302; x_wconf 82' lang='grc' dir='ltr'><strong>ῗνα</strong></span> <span class='ocrx_word' id='word_1_169' title='bbox 3620 1249 3670 1303; x_wconf 86' lang='grc' dir='ltr'><strong>τί</strong></span> <span class='ocrx_word' id='word_1_170' title='bbox 3733 1251 3890 1322; x_wconf 71' lang='grc' dir='ltr'><strong>ημᾶς</strong></span> 
     </span>
    </p>
   </div>
   <div class='ocr_carea' id='block_1_26' title="bbox 2225 1335 3248 1415">
    <p class='ocr_par' dir='ltr' id='par_1_26' title="bbox 2225 1335 3248 1415">
     <span class='ocr_line' id='line_1_26' title="bbox 2225 1335 3248 1415; baseline 0.003 -25"><span class='ocrx_word' id='word_1_171' title='bbox 2225 1336 2584 1413; x_wconf 75' lang='grc' dir='ltr'><strong>παραϐλέπεις</strong></span> <span class='ocrx_word' id='word_1_172' title='bbox 2623 1339 3053 1415; x_wconf 84' lang='grc' dir='ltr'><strong>προσπίπτοντάς</strong></span> <span class='ocrx_word' id='word_1_173' title='bbox 3087 1359 3172 1392; x_wconf 90' lang='grc' dir='ltr'><strong>σοι</strong></span> <span class='ocrx_word' id='word_1_174' title='bbox 3207 1335 3248 1414; x_wconf 85' lang='grc'><strong>;]</strong></span> 
     </span>
    </p>
   </div>
   <div class='ocr_carea' id='block_1_27' title="bbox 2308 1424 3890 1503">
    <p class='ocr_par' dir='ltr' id='par_1_27' title="bbox 2308 1424 3890 1503">
     <span class='ocr_line' id='line_1_27' title="bbox 2308 1424 3890 1503; baseline -0.001 -22"><span class='ocrx_word' id='word_1_175' title='bbox 2308 1426 2535 1500; x_wconf 80' lang='grc' dir='ltr'><strong>Ἢμέρος</strong></span> <span class='ocrx_word' id='word_1_176' title='bbox 2594 1425 2889 1482; x_wconf 78' lang='grc' dir='ltr'><strong>ἐντελεῖται</strong></span> <span class='ocrx_word' id='word_1_177' title='bbox 2956 1428 3140 1501; x_wconf 74' lang='grc' dir='ltr'><strong>Κύριος</strong></span> <span class='ocrx_word' id='word_1_178' title='bbox 3202 1428 3260 1482; x_wconf 95' lang='grc' dir='ltr'><strong>οὸ</strong></span> <span class='ocrx_word' id='word_1_179' title='bbox 3316 1424 3463 1488; x_wconf 78' lang='grc' dir='ltr'><strong>ἕλεος</strong></span> <span class='ocrx_word' id='word_1_180' title='bbox 3522 1427 3677 1481; x_wconf 77' lang='grc' dir='ltr'><strong>αὖτοῦ</strong></span> <span class='ocrx_word' id='word_1_181' title='bbox 3709 1473 3725 1503; x_wconf 85' lang='grc'><strong>,</strong></span> <span class='ocrx_word' id='word_1_182' title='bbox 3785 1426 3890 1479; x_wconf 79' lang='grc' dir='ltr'><strong>καὶ</strong></span> 
     </span>
    </p>
   </div>
   <div class='ocr_carea' id='block_1_28' title="bbox 2227 1513 3886 1592">
    <p class='ocr_par' dir='ltr' id='par_1_28' title="bbox 2227 1513 3886 1592">
     <span class='ocr_line' id='line_1_28' title="bbox 2227 1513 3886 1592; baseline -0.001 -23"><span class='ocrx_word' id='word_1_183' title='bbox 2227 1518 2412 1578; x_wconf 83' lang='grc' dir='ltr'><strong>νυκτὸς</strong></span> <span class='ocrx_word' id='word_1_184' title='bbox 2466 1513 2577 1588; x_wconf 79' lang='grc' dir='ltr'><strong>ᾠδὴ</strong></span> <span class='ocrx_word' id='word_1_185' title='bbox 2666 1515 2855 1574; x_wconf 76' lang='grc' dir='ltr'><strong>αὐτοῦ.</strong></span> <span class='ocrx_word' id='word_1_186' title='bbox 2913 1515 3128 1592; x_wconf 84' lang='grc' dir='ltr'><strong>Ἐτέρου</strong></span> <span class='ocrx_word' id='word_1_187' title='bbox 3182 1514 3336 1570; x_wconf 81' lang='grc' dir='ltr'><strong>πάλιν</strong></span> <span class='ocrx_word' id='word_1_188' title='bbox 3415 1514 3684 1588; x_wconf 80' lang='grc' dir='ltr'><strong>μέμνηται</strong></span> <span class='ocrx_word' id='word_1_189' title='bbox 3735 1515 3886 1568; x_wconf 75' lang='grc' dir='ltr'><strong>θαύ-</strong></span> 
     </span>
    </p>
   </div>
   <div class='ocr_carea' id='block_1_29' title="bbox 2228 1602 3889 1682">
    <p class='ocr_par' dir='ltr' id='par_1_29' title="bbox 2228 1602 3889 1682">
     <span class='ocr_line' id='line_1_29' title="bbox 2228 1602 3889 1682; baseline -0.002 -22"><span class='ocrx_word' id='word_1_190' title='bbox 2228 1627 2420 1680; x_wconf 72' lang='grc' dir='ltr'><strong>ματος,</strong></span> <span class='ocrx_word' id='word_1_191' title='bbox 2475 1604 2532 1661; x_wconf 81' lang='grc' dir='ltr'>Ὀ</span> <span class='ocrx_word' id='word_1_192' title='bbox 2566 1605 2665 1682; x_wconf 82' lang='grc' dir='ltr'><strong>γὰρ</strong></span> <span class='ocrx_word' id='word_1_193' title='bbox 2689 1602 2988 1679; x_wconf 82' lang='grc' dir='ltr'><strong>Ῥαψάκης,</strong></span> <span class='ocrx_word' id='word_1_194' title='bbox 3045 1603 3446 1670; x_wconf 76' lang='grc' dir='ltr'><strong>περικυκλώσας</strong></span> <span class='ocrx_word' id='word_1_195' title='bbox 3506 1604 3602 1670; x_wconf 71' lang='grc' dir='ltr'><strong>τὴν</strong></span> <span class='ocrx_word' id='word_1_196' title='bbox 3673 1602 3889 1680; x_wconf 81' lang='grc' dir='ltr'><strong>Ἰερου-</strong></span> 
     </span>
    </p>
   </div>
   <div class='ocr_carea' id='block_1_30' title="bbox 2230 1691 3888 1769">
    <p class='ocr_par' dir='ltr' id='par_1_30' title="bbox 2230 1691 3888 1769">
     <span class='ocr_line' id='line_1_30' title="bbox 2230 1691 3888 1769; baseline -0.002 -21"><span class='ocrx_word' id='word_1_197' title='bbox 2230 1693 2436 1767; x_wconf 77' lang='grc' dir='ltr'><strong>σαλὴμ,</strong></span> <span class='ocrx_word' id='word_1_198' title='bbox 2469 1693 2676 1760; x_wconf 78' lang='grc' dir='ltr'><strong>ἠπείλει</strong></span> <span class='ocrx_word' id='word_1_199' title='bbox 2711 1693 2847 1766; x_wconf 79' lang='grc' dir='ltr'><strong>μηδέ</strong></span> <span class='ocrx_word' id='word_1_200' title='bbox 2893 1695 2985 1748; x_wconf 91' lang='grc' dir='ltr'><strong>τὸν</strong></span> <span class='ocrx_word' id='word_1_201' title='bbox 3019 1695 3147 1748; x_wconf 90' lang='grc' dir='ltr'><strong>Θεὸν</strong></span> <span class='ocrx_word' id='word_1_202' title='bbox 3194 1693 3399 1769; x_wconf 81' lang='grc' dir='ltr'><strong>ἰσχύειν</strong></span> <span class='ocrx_word' id='word_1_203' title='bbox 3457 1691 3718 1756; x_wconf 78' lang='grc' dir='ltr'><strong>ἐξελέσιαι</strong></span> <span class='ocrx_word' id='word_1_204' title='bbox 3777 1692 3888 1746; x_wconf 80' lang='grc' dir='ltr'><strong>αὗ-</strong></span> 
     </span>
    </p>
   </div>
   <div class='ocr_carea' id='block_1_31' title="bbox 3477 799 3892 864">
    <p class='ocr_par' dir='ltr' id='par_1_31' title="bbox 3477 799 3892 864">
     <span class='ocr_line' id='line_1_31' title="bbox 3477 799 3892 864; baseline -0.002 -6"><span class='ocrx_word' id='word_1_205' title='bbox 3477 799 3758 864; x_wconf 81' lang='grc' dir='ltr'><strong>”Λ6υσσος</strong></span> <span class='ocrx_word' id='word_1_206' title='bbox 3854 804 3892 857; x_wconf 74' lang='grc' dir='ltr'><em>ὃ</em></span> 
     </span>
    </p>
   </div>
   <div class='ocr_carea' id='block_1_32' title="bbox 494 1771 2151 1867">
    <p class='ocr_par' dir='ltr' id='par_1_32' title="bbox 494 1771 2148 1867">
     <span class='ocr_line' id='line_1_32' title="bbox 494 1771 2148 1867; baseline -0.003 -29"><span class='ocrx_word' id='word_1_207' title='bbox 494 1777 569 1867; x_wconf 83' lang='lat' dir='ltr'><strong>de</strong></span> <span class='ocrx_word' id='word_1_208' title='bbox 603 1796 780 1838; x_wconf 81' lang='lat' dir='ltr'><strong>manu</strong></span> <span class='ocrx_word' id='word_1_209' title='bbox 811 1776 1189 1855; x_wconf 79' lang='lat' dir='ltr'><strong>Assyriorum</strong></span> <span class='ocrx_word' id='word_1_210' title='bbox 1212 1796 1240 1867; x_wconf 80' lang='lat'><strong>_:</strong></span> <span class='ocrx_word' id='word_1_211' title='bbox 1277 1781 1338 1834; x_wconf 89' lang='lat' dir='ltr'><strong>at</strong></span> <span class='ocrx_word' id='word_1_212' title='bbox 1369 1773 1526 1867; x_wconf 84' lang='lat' dir='ltr'><strong>Deus</strong></span> <span class='ocrx_word' id='word_1_213' title='bbox 1558 1771 1721 1867; x_wconf 77' lang='lat' dir='ltr'><strong>hisce</strong></span> <span class='ocrx_word' id='word_1_214' title='bbox 1733 1771 1945 1867; x_wconf 50' lang='lat' dir='ltr'><strong>Ierbis</strong></span> <span class='ocrx_word' id='word_1_215' title='bbox 1978 1773 2148 1852; x_wconf 90' lang='lat' dir='ltr'><strong>polli-</strong></span> 
     </span>
    </p>
   </div>
   <div class='ocr_carea' id='block_1_33' title="bbox 2257 1771 3892 1867">
    <p class='ocr_par' dir='ltr' id='par_1_33' title="bbox 2257 1779 3892 1861">
     <span class='ocr_line' id='line_1_33' title="bbox 2257 1779 3892 1861; baseline -0.002 -24"><span class='ocrx_word' id='word_1_216' title='bbox 2257 1784 2351 1846; x_wconf 82' lang='grc' dir='ltr'><strong>οὺς</strong></span> <span class='ocrx_word' id='word_1_217' title='bbox 2382 1786 2444 1838; x_wconf 74' lang='grc' dir='ltr'><strong>ἐκ</strong></span> <span class='ocrx_word' id='word_1_218' title='bbox 2474 1784 2659 1861; x_wconf 84' lang='grc' dir='ltr'><strong>χειρὸς</strong></span> <span class='ocrx_word' id='word_1_219' title='bbox 2691 1781 3003 1859; x_wconf 66' lang='grc' dir='ltr'><strong>’Λσσυρίωψ</strong></span> <span class='ocrx_word' id='word_1_220' title='bbox 3066 1779 3186 1835; x_wconf 82' lang='grc' dir='ltr'><strong>ἀλλ’</strong></span> <span class='ocrx_word' id='word_1_221' title='bbox 3248 1779 3605 1858; x_wconf 78' lang='grc' dir='ltr'><strong>ἐπηγγείλατο</strong></span> <span class='ocrx_word' id='word_1_222' title='bbox 3663 1782 3688 1834; x_wconf 86' lang='lat'><strong>6</strong></span> <span class='ocrx_word' id='word_1_223' title='bbox 3745 1781 3892 1840; x_wconf 87' lang='grc' dir='ltr'><strong>Θεὸς</strong></span> 
     </span>
    </p>
   </div>
   <div class='ocr_carea' id='block_1_34' title="bbox 495 1859 2452 1945">
    <p class='ocr_par' dir='ltr' id='par_1_34' title="bbox 495 1859 2452 1945">
     <span class='ocr_line' id='line_1_34' title="bbox 495 1859 2452 1945; baseline -0.003 -16"><span class='ocrx_word' id='word_1_224' title='bbox 495 1866 646 1929; x_wconf 87' lang='lat' dir='ltr'><strong>citus</strong></span> <span class='ocrx_word' id='word_1_225' title='bbox 677 1875 766 1928; x_wconf 87' lang='lat' dir='ltr'><strong>est</strong></span> <span class='ocrx_word' id='word_1_226' title='bbox 801 1885 814 1925; x_wconf 94' lang='lat'>:</span> <span class='ocrx_word' id='word_1_227' title='bbox 847 1867 1173 1943; x_wconf 85' lang='lat' dir='ltr'><strong>Protegam</strong></span> <span class='ocrx_word' id='word_1_228' title='bbox 1204 1863 1363 1924; x_wconf 84' lang='lat' dir='ltr'><strong>hanc</strong></span> <span class='ocrx_word' id='word_1_229' title='bbox 1389 1859 1678 1923; x_wconf 59' lang='lat' dir='ltr'><strong>urbem”.</strong></span> <span class='ocrx_word' id='word_1_230' title='bbox 1733 1859 1944 1923; x_wconf 86' lang='lat' dir='ltr'><strong>Postea</strong></span> <span class='ocrx_word' id='word_1_231' title='bbox 2003 1880 2144 1924; x_wconf 89' lang='lat' dir='ltr'><strong>vero</strong></span> <span class='ocrx_word' id='word_1_232' title='bbox 2173 1859 2206 1867; x_wconf 68' lang='lat'><strong><em>&#39;</em></strong></span> <span class='ocrx_word' id='word_1_233' title='bbox 2230 1871 2402 1945; x_wconf 81' lang='grc' dir='ltr'><strong>λέγων</strong></span> <span class='ocrx_word' id='word_1_234' title='bbox 2440 1889 2452 1904; x_wconf 90' lang='grc'><strong>·</strong></span> 
     </span>
    </p>
   </div>
   <div class='ocr_carea' id='block_1_35' title="bbox 500 1952 2148 2036">
    <p class='ocr_par' dir='ltr' id='par_1_35' title="bbox 500 1952 2148 2036">
     <span class='ocr_line' id='line_1_35' title="bbox 500 1952 2148 2036; baseline -0.001 -20"><span class='ocrx_word' id='word_1_235' title='bbox 500 1956 792 2036; x_wconf 76' lang='lat' dir='ltr'><strong>promissa</strong></span> <span class='ocrx_word' id='word_1_236' title='bbox 822 1954 1156 2034; x_wconf 87' lang='lat' dir='ltr'><strong>complens,</strong></span> <span class='ocrx_word' id='word_1_237' title='bbox 1185 1971 1302 2014; x_wconf 89' lang='lat' dir='ltr'><strong>una</strong></span> <span class='ocrx_word' id='word_1_238' title='bbox 1330 1959 1505 2012; x_wconf 86' lang='lat' dir='ltr'><strong>nocte</strong></span> <span class='ocrx_word' id='word_1_239' title='bbox 1540 1959 1781 2010; x_wconf 84' lang='lat' dir='ltr'><strong>centum</strong></span> <span class='ocrx_word' id='word_1_240' title='bbox 1847 1952 2148 2030; x_wconf 88' lang='lat' dir='ltr'><strong>octoginta</strong></span> 
     </span>
    </p>
   </div>
   <div class='ocr_carea' id='block_1_36' title="bbox 501 2039 2148 2126">
    <p class='ocr_par' dir='ltr' id='par_1_36' title="bbox 501 2039 2148 2126">
     <span class='ocr_line' id='line_1_36' title="bbox 501 2039 2148 2126; baseline -0.001 -20"><span class='ocrx_word' id='word_1_241' title='bbox 501 2046 769 2126; x_wconf 86' lang='lat' dir='ltr'><strong>quinque</strong></span> <span class='ocrx_word' id='word_1_242' title='bbox 800 2043 987 2105; x_wconf 89' lang='lat' dir='ltr'><strong>millia</strong></span> <span class='ocrx_word' id='word_1_243' title='bbox 1016 2040 1393 2122; x_wconf 79' lang='lat' dir='ltr'><strong>Assyriorum</strong></span> <span class='ocrx_word' id='word_1_244' title='bbox 1428 2039 1726 2101; x_wconf 79' lang='lat' dir='ltr'><strong>occidit13.</strong></span> <span class='ocrx_word' id='word_1_245' title='bbox 1785 2041 1857 2102; x_wconf 89' lang='lat' dir='ltr'><strong>Et</strong></span> <span class='ocrx_word' id='word_1_246' title='bbox 1887 2041 2000 2102; x_wconf 88' lang='lat' dir='ltr'><strong>hoc</strong></span> <span class='ocrx_word' id='word_1_247' title='bbox 2060 2053 2148 2104; x_wconf 88' lang='lat' dir='ltr'><strong>est</strong></span> 
     </span>
    </p>
   </div>
   <div class='ocr_carea' id='block_1_37' title="bbox 499 2129 2147 2216">
    <p class='ocr_par' dir='ltr' id='par_1_37' title="bbox 499 2129 2147 2216">
     <span class='ocr_line' id='line_1_37' title="bbox 499 2129 2147 2216; baseline -0.003 -20"><span class='ocrx_word' id='word_1_248' title='bbox 499 2135 655 2216; x_wconf 91' lang='lat' dir='ltr'><strong>quod</strong></span> <span class='ocrx_word' id='word_1_249' title='bbox 687 2133 832 2195; x_wconf 88' lang='lat' dir='ltr'><strong>dicit</strong></span> <span class='ocrx_word' id='word_1_250' title='bbox 861 2155 874 2196; x_wconf 90' lang='lat'><strong>:</strong></span> <span class='ocrx_word' id='word_1_251' title='bbox 909 2134 979 2195; x_wconf 82' lang='lat' dir='ltr'><strong>In</strong></span> <span class='ocrx_word' id='word_1_252' title='bbox 1008 2134 1103 2194; x_wconf 88' lang='lat' dir='ltr'><strong>die</strong></span> <span class='ocrx_word' id='word_1_253' title='bbox 1132 2131 1443 2194; x_wconf 83' lang='lat' dir='ltr'><strong>mandabit</strong></span> <span class='ocrx_word' id='word_1_254' title='bbox 1473 2129 1762 2191; x_wconf 80' lang='lat' dir='ltr'><strong>Dominus</strong></span> <span class='ocrx_word' id='word_1_255' title='bbox 1794 2131 2147 2194; x_wconf 83' lang='lat' dir='ltr'><strong>misericor-</strong></span> 
     </span>
    </p>
   </div>
   <div class='ocr_carea' id='block_1_38' title="bbox 499 2216 2144 2301">
    <p class='ocr_par' dir='ltr' id='par_1_38' title="bbox 499 2216 2144 2301">
     <span class='ocr_line' id='line_1_38' title="bbox 499 2216 2144 2301; baseline -0.002 -16"><span class='ocrx_word' id='word_1_256' title='bbox 499 2227 670 2285; x_wconf 82' lang='lat' dir='ltr'><strong>diam</strong></span> <span class='ocrx_word' id='word_1_257' title='bbox 692 2241 887 2284; x_wconf 88' lang='lat' dir='ltr'><strong>suam.</strong></span> <span class='ocrx_word' id='word_1_258' title='bbox 926 2222 1137 2284; x_wconf 81' lang='lat' dir='ltr'><strong>Oratio</strong></span> <span class='ocrx_word' id='word_1_259' title='bbox 1189 2221 1310 2281; x_wconf 90' lang='lat' dir='ltr'><strong>Deo</strong></span> <span class='ocrx_word' id='word_1_260' title='bbox 1368 2221 1509 2280; x_wconf 65' lang='lat' dir='ltr'><strong>vitae</strong></span> <span class='ocrx_word' id='word_1_261' title='bbox 1551 2235 1720 2280; x_wconf 71' lang='lat' dir='ltr'><strong>mem.</strong></span> <span class='ocrx_word' id='word_1_262' title='bbox 1780 2216 1993 2298; x_wconf 85' lang='lat' dir='ltr'><strong>Utpote</strong></span> <span class='ocrx_word' id='word_1_263' title='bbox 2049 2224 2144 2301; x_wconf 91' lang='lat' dir='ltr'><strong>qui</strong></span> 
     </span>
    </p>
   </div>
   <div class='ocr_carea' id='block_1_39' title="bbox 494 2307 2150 2395">
    <p class='ocr_par' dir='ltr' id='par_1_39' title="bbox 494 2307 2150 2395">
     <span class='ocr_line' id='line_1_39' title="bbox 494 2307 2150 2395; baseline -0.002 -20"><span class='ocrx_word' id='word_1_264' title='bbox 494 2315 619 2395; x_wconf 72' lang='lat' dir='ltr'><strong>jam</strong></span> <span class='ocrx_word' id='word_1_265' title='bbox 644 2311 992 2391; x_wconf 87' lang='lat' dir='ltr'><strong>crediderit,</strong></span> <span class='ocrx_word' id='word_1_266' title='bbox 1029 2328 1159 2391; x_wconf 65' lang='lat' dir='ltr'><strong>qua)</strong></span> <span class='ocrx_word' id='word_1_267' title='bbox 1191 2307 1470 2370; x_wconf 85' lang='lat' dir='ltr'><strong>ﬁdelibus</strong></span> <span class='ocrx_word' id='word_1_268' title='bbox 1529 2308 1916 2386; x_wconf 80' lang='lat' dir='ltr'><strong>congruentia</strong></span> <span class='ocrx_word' id='word_1_269' title='bbox 1972 2312 2150 2372; x_wconf 82' lang='lat' dir='ltr'><strong>verba</strong></span> 
     </span>
    </p>
   </div>
   <div class='ocr_carea' id='block_1_40' title="bbox 501 2395 1874 2482">
    <p class='ocr_par' dir='ltr' id='par_1_40' title="bbox 501 2395 1874 2482">
     <span class='ocr_line' id='line_1_40' title="bbox 501 2395 1874 2482; baseline -0.004 -18"><span class='ocrx_word' id='word_1_270' title='bbox 501 2411 640 2464; x_wconf 86' lang='lat' dir='ltr'><strong>sunt</strong></span> <span class='ocrx_word' id='word_1_271' title='bbox 671 2401 918 2482; x_wconf 80' lang='lat' dir='ltr'><strong>profert,</strong></span> <span class='ocrx_word' id='word_1_272' title='bbox 951 2419 1119 2462; x_wconf 87' lang='lat' dir='ltr'><strong>suam</strong></span> <span class='ocrx_word' id='word_1_273' title='bbox 1151 2398 1325 2459; x_wconf 83' lang='lat' dir='ltr'><strong>vitam</strong></span> <span class='ocrx_word' id='word_1_274' title='bbox 1355 2395 1707 2457; x_wconf 82' lang='lat' dir='ltr'><strong>adscribens</strong></span> <span class='ocrx_word' id='word_1_275' title='bbox 1736 2396 1874 2475; x_wconf 90' lang='lat' dir='ltr'><strong>ipsi.</strong></span> 
     </span>
    </p>
   </div>
   <div class='ocr_carea' id='block_1_41' title="bbox 591 2570 2152 2654">
    <p class='ocr_par' dir='ltr' id='par_1_41' title="bbox 591 2570 2152 2654">
     <span class='ocr_line' id='line_1_41' title="bbox 591 2570 2152 2654; baseline -0.008 -12"><span class='ocrx_word' id='word_1_276' title='bbox 591 2580 652 2642; x_wconf 81' lang='lat' dir='ltr'><strong>ll</strong></span> <span class='ocrx_word' id='word_1_277' title='bbox 669 2625 685 2640; x_wconf 94' lang='lat'><strong>.</strong></span> <span class='ocrx_word' id='word_1_278' title='bbox 716 2579 932 2640; x_wconf 85' lang='lat' dir='ltr'><strong>Dicam</strong></span> <span class='ocrx_word' id='word_1_279' title='bbox 957 2576 1104 2652; x_wconf 88' lang='lat' dir='ltr'><strong>Deo,</strong></span> <span class='ocrx_word' id='word_1_280' title='bbox 1134 2575 1455 2654; x_wconf 80' lang='lat' dir='ltr'><strong>Susceptor</strong></span> <span class='ocrx_word' id='word_1_281' title='bbox 1475 2590 1640 2634; x_wconf 83' lang='lat' dir='ltr'><strong>meus</strong></span> <span class='ocrx_word' id='word_1_282' title='bbox 1663 2591 1746 2636; x_wconf 89' lang='lat' dir='ltr'><strong>es.</strong></span> <span class='ocrx_word' id='word_1_283' title='bbox 1771 2572 2033 2653; x_wconf 86' lang='lat' dir='ltr'><strong>Populus</strong></span> <span class='ocrx_word' id='word_1_284' title='bbox 2055 2570 2152 2630; x_wconf 88' lang='lat' dir='ltr'><strong>ille</strong></span> 
     </span>
    </p>
   </div>
   <div class='ocr_carea' id='block_1_42' title="bbox 506 2662 2152 2750">
    <p class='ocr_par' dir='ltr' id='par_1_42' title="bbox 506 2662 2152 2750">
     <span class='ocr_line' id='line_1_42' title="bbox 506 2662 2152 2750; baseline -0.006 -20"><span class='ocrx_word' id='word_1_285' title='bbox 506 2669 607 2750; x_wconf 87' lang='lat' dir='ltr'><strong>qui</strong></span> <span class='ocrx_word' id='word_1_286' title='bbox 642 2667 1051 2749; x_wconf 66' lang='lat' dir='ltr'><strong>paenitentiam</strong></span> <span class='ocrx_word' id='word_1_287' title='bbox 1070 2664 1189 2744; x_wconf 79' lang='lat' dir='ltr'><strong>agit</strong></span> <span class='ocrx_word' id='word_1_288' title='bbox 1212 2663 1463 2724; x_wconf 86' lang='lat' dir='ltr'><strong>resumit</strong></span> <span class='ocrx_word' id='word_1_289' title='bbox 1484 2662 2004 2750; x_wconf 85' lang='lat' dir='ltr'><strong>supplicationem,</strong></span> <span class='ocrx_word' id='word_1_290' title='bbox 2033 2679 2152 2720; x_wconf 89' lang='lat' dir='ltr'><strong>ma-</strong></span> 
     </span>
    </p>
   </div>
   <div class='ocr_carea' id='block_1_43' title="bbox 508 2749 2066 2837">
    <p class='ocr_par' dir='ltr' id='par_1_43' title="bbox 508 2749 2066 2837">
     <span class='ocr_line' id='line_1_43' title="bbox 508 2749 2066 2837; baseline -0.006 -19"><span class='ocrx_word' id='word_1_291' title='bbox 508 2749 597 2837; x_wconf 82' lang='lat' dir='ltr'><strong>gis</strong></span> <span class='ocrx_word' id='word_1_292' title='bbox 630 2754 937 2835; x_wconf 79' lang='lat' dir='ltr'><strong>magisque</strong></span> <span class='ocrx_word' id='word_1_293' title='bbox 966 2753 1154 2815; x_wconf 88' lang='lat' dir='ltr'><strong>Deum</strong></span> <span class='ocrx_word' id='word_1_294' title='bbox 1189 2770 1445 2814; x_wconf 82' lang='lat' dir='ltr'><strong>evocans</strong></span> <span class='ocrx_word' id='word_1_295' title='bbox 1473 2751 1546 2812; x_wconf 89' lang='lat' dir='ltr'><strong>ad</strong></span> <span class='ocrx_word' id='word_1_296' title='bbox 1571 2749 2066 2812; x_wconf 89' lang='lat' dir='ltr'><strong>misericordiam.</strong></span> 
     </span>
    </p>
   </div>
   <div class='ocr_carea' id='block_1_44' title="bbox 509 2840 2152 2924">
    <p class='ocr_par' dir='ltr' id='par_1_44' title="bbox 509 2840 2152 2924">
     <span class='ocr_line' id='line_1_44' title="bbox 509 2840 2152 2924; baseline -0.004 -17"><span class='ocrx_word' id='word_1_297' title='bbox 509 2845 775 2909; x_wconf 81' lang='lat' dir='ltr'><strong><em>PSALM</em></strong></span> <span class='ocrx_word' id='word_1_298' title='bbox 784 2844 882 2907; x_wconf 93' lang='lat' dir='ltr'><strong><em>US</em></strong></span> <span class='ocrx_word' id='word_1_299' title='bbox 911 2843 1029 2924; x_wconf 85' lang='lat' dir='ltr'><strong>ipsi</strong></span> <span class='ocrx_word' id='word_1_300' title='bbox 1061 2842 1274 2918; x_wconf 84' lang='lat' dir='ltr'><strong>David,</strong></span> <span class='ocrx_word' id='word_1_301' title='bbox 1311 2841 1417 2921; x_wconf 84' lang='lat' dir='ltr'><strong>qui</strong></span> <span class='ocrx_word' id='word_1_302' title='bbox 1451 2840 1616 2921; x_wconf 83' lang='lat' dir='ltr'><strong>apud</strong></span> <span class='ocrx_word' id='word_1_303' title='bbox 1648 2840 1934 2901; x_wconf 68' lang='lat' dir='ltr'><strong>Hebraeos</strong></span> <span class='ocrx_word' id='word_1_304' title='bbox 1983 2847 2152 2900; x_wconf 84' lang='lat' dir='ltr'><strong>caret</strong></span> 
     </span>
    </p>
   </div>
   <div class='ocr_carea' id='block_1_45' title="bbox 1003 2929 1650 3010">
    <p class='ocr_par' dir='ltr' id='par_1_45' title="bbox 1003 2929 1650 3010">
     <span class='ocr_line' id='line_1_45' title="bbox 1003 2929 1650 3010; baseline -0.003 -17"><span class='ocrx_word' id='word_1_305' title='bbox 1003 2932 1421 3010; x_wconf 75' lang='lat' dir='ltr'><strong>inscriptione.</strong></span> <span class='ocrx_word' id='word_1_306' title='bbox 1455 2929 1650 2991; x_wconf 86' lang='lat' dir='ltr'><strong><em>XLII.</em></strong></span> 
     </span>
    </p>
   </div>
   <div class='ocr_carea' id='block_1_46' title="bbox 587 3017 2152 3100">
    <p class='ocr_par' dir='ltr' id='par_1_46' title="bbox 587 3017 2152 3100">
     <span class='ocr_line' id='line_1_46' title="bbox 587 3017 2152 3100; baseline -0.006 -14"><span class='ocrx_word' id='word_1_307' title='bbox 587 3024 807 3087; x_wconf 81' lang='lat' dir='ltr'><strong>Judica</strong></span> <span class='ocrx_word' id='word_1_308' title='bbox 823 3021 1180 3100; x_wconf 87' lang='lat' dir='ltr'><strong>me,Deus,et</strong></span> <span class='ocrx_word' id='word_1_309' title='bbox 1193 3017 1737 3100; x_wconf 82' lang='lat' dir='ltr'><strong>discerne,etc.llic</strong></span> <span class='ocrx_word' id='word_1_310' title='bbox 1757 3018 2022 3097; x_wconf 86' lang='lat' dir='ltr'><strong>psalmus</strong></span> <span class='ocrx_word' id='word_1_311' title='bbox 2035 3026 2077 3092; x_wconf 76' lang='grc' dir='ltr'><strong>(ι</strong></span> <span class='ocrx_word' id='word_1_312' title='bbox 2094 3019 2152 3096; x_wconf 85' lang='grc'><strong>5)</strong></span> 
     </span>
    </p>
   </div>
   <div class='ocr_carea' id='block_1_47' title="bbox 509 3106 2160 3194">
    <p class='ocr_par' dir='ltr' id='par_1_47' title="bbox 509 3106 2160 3194">
     <span class='ocr_line' id='line_1_47' title="bbox 509 3106 2160 3194; baseline -0.007 -18"><span class='ocrx_word' id='word_1_313' title='bbox 509 3114 777 3194; x_wconf 83' lang='lat' dir='ltr'><strong>ejusdem</strong></span> <span class='ocrx_word' id='word_1_314' title='bbox 806 3122 894 3174; x_wconf 89' lang='lat' dir='ltr'><strong>est</strong></span> <span class='ocrx_word' id='word_1_315' title='bbox 923 3121 1123 3190; x_wconf 87' lang='lat' dir='ltr'><strong>atqme</strong></span> <span class='ocrx_word' id='word_1_316' title='bbox 1153 3109 1425 3187; x_wconf 84' lang='lat' dir='ltr'><strong>superior</strong></span> <span class='ocrx_word' id='word_1_317' title='bbox 1453 3107 1811 3184; x_wconf 79' lang='lat' dir='ltr'><strong>argumenti.</strong></span> <span class='ocrx_word' id='word_1_318' title='bbox 1843 3106 2160 3168; x_wconf 86' lang='lat' dir='ltr'><strong>Accedunt;</strong></span> 
     </span>
    </p>
   </div>
   <div class='ocr_carea' id='block_1_48' title="bbox 509 3285 2161 3373">
    <p class='ocr_par' dir='ltr' id='par_1_48' title="bbox 509 3285 2161 3373">
     <span class='ocr_line' id='line_1_48' title="bbox 509 3285 2161 3373; baseline -0.004 -20"><span class='ocrx_word' id='word_1_319' title='bbox 509 3293 902 3373; x_wconf 87' lang='lat' dir='ltr'><strong>postulantes.</strong></span> <span class='ocrx_word' id='word_1_320' title='bbox 923 3288 1320 3361; x_wconf 86' lang='lat' dir='ltr'><strong>Quamobrem</strong></span> <span class='ocrx_word' id='word_1_321' title='bbox 1343 3287 1679 3348; x_wconf 78' lang='lat' dir='ltr'><strong>aitzEmiite</strong></span> <span class='ocrx_word' id='word_1_322' title='bbox 1700 3285 1893 3347; x_wconf 80' lang='lat' dir='ltr'><strong>lucem</strong></span> <span class='ocrx_word' id='word_1_323' title='bbox 1919 3295 2087 3347; x_wconf 82' lang='lat' dir='ltr'><strong>tuam</strong></span> <span class='ocrx_word' id='word_1_324' title='bbox 2103 3299 2161 3354; x_wconf 76' lang='lat' dir='ltr'><strong>et</strong></span> 
     </span>
    </p>
   </div>
   <div class='ocr_carea' id='block_1_49' title="bbox 507 3373 2160 3456">
    <p class='ocr_par' dir='ltr' id='par_1_49' title="bbox 507 3373 2160 3456">
     <span class='ocr_line' id='line_1_49' title="bbox 507 3373 2160 3456; baseline -0.005 -14"><span class='ocrx_word' id='word_1_325' title='bbox 507 3383 823 3443; x_wconf 86' lang='lat' dir='ltr'><strong>veritatem</strong></span> <span class='ocrx_word' id='word_1_326' title='bbox 843 3388 1033 3441; x_wconf 88' lang='lat' dir='ltr'><strong>tuam.</strong></span> <span class='ocrx_word' id='word_1_327' title='bbox 1089 3376 1378 3439; x_wconf 88' lang='lat' dir='ltr'><strong>Futurum</strong></span> <span class='ocrx_word' id='word_1_328' title='bbox 1403 3393 1661 3456; x_wconf 87' lang='lat' dir='ltr'><strong>namque</strong></span> <span class='ocrx_word' id='word_1_329' title='bbox 1693 3383 1819 3436; x_wconf 86' lang='lat' dir='ltr'><strong>erat</strong></span> <span class='ocrx_word' id='word_1_330' title='bbox 1848 3383 1912 3436; x_wconf 95' lang='lat' dir='ltr'><strong>ut</strong></span> <span class='ocrx_word' id='word_1_331' title='bbox 1940 3373 2069 3454; x_wconf 89' lang='lat' dir='ltr'><strong>ipse</strong></span> <span class='ocrx_word' id='word_1_332' title='bbox 2100 3375 2160 3434; x_wconf 88' lang='lat' dir='ltr'><strong>in</strong></span> 
     </span>
    </p>
   </div>
   <div class='ocr_carea' id='block_1_50' title="bbox 512 3463 2157 3545">
    <p class='ocr_par' dir='ltr' id='par_1_50' title="bbox 512 3463 2157 3545">
     <span class='ocr_line' id='line_1_50' title="bbox 512 3463 2157 3545; baseline -0.005 -14"><span class='ocrx_word' id='word_1_333' title='bbox 512 3479 773 3532; x_wconf 90' lang='lat' dir='ltr'><strong>montem</strong></span> <span class='ocrx_word' id='word_1_334' title='bbox 807 3477 1068 3530; x_wconf 81' lang='lat' dir='ltr'><strong>sanctum</strong></span> <span class='ocrx_word' id='word_1_335' title='bbox 1103 3465 1240 3527; x_wconf 89' lang='lat' dir='ltr'><strong>illos</strong></span> <span class='ocrx_word' id='word_1_336' title='bbox 1268 3464 1617 3545; x_wconf 85' lang='lat' dir='ltr'><strong>adduceret,</strong></span> <span class='ocrx_word' id='word_1_337' title='bbox 1643 3464 1703 3525; x_wconf 94' lang='lat' dir='ltr'><strong>id</strong></span> <span class='ocrx_word' id='word_1_338' title='bbox 1726 3472 1816 3524; x_wconf 89' lang='lat' dir='ltr'><strong>est</strong></span> <span class='ocrx_word' id='word_1_339' title='bbox 1849 3463 1923 3524; x_wconf 83' lang='lat' dir='ltr'><strong>ad</strong></span> <span class='ocrx_word' id='word_1_340' title='bbox 1947 3464 2157 3524; x_wconf 60' lang='lat' dir='ltr'><strong>caelum</strong></span> 
     </span>
    </p>
   </div>
   <div class='ocr_carea' id='block_1_51' title="bbox 512 3550 2161 3637">
    <p class='ocr_par' dir='ltr' id='par_1_51' title="bbox 512 3550 2161 3637">
     <span class='ocr_line' id='line_1_51' title="bbox 512 3550 2161 3637; baseline -0.005 -18"><span class='ocrx_word' id='word_1_341' title='bbox 512 3566 573 3620; x_wconf 90' lang='lat' dir='ltr'><strong>et</strong></span> <span class='ocrx_word' id='word_1_342' title='bbox 603 3557 673 3619; x_wconf 91' lang='lat' dir='ltr'><strong>ad</strong></span> <span class='ocrx_word' id='word_1_343' title='bbox 707 3574 996 3637; x_wconf 89' lang='lat' dir='ltr'><strong>supernas</strong></span> <span class='ocrx_word' id='word_1_344' title='bbox 1029 3553 1388 3624; x_wconf 88' lang='lat' dir='ltr'><strong>mansiones,</strong></span> <span class='ocrx_word' id='word_1_345' title='bbox 1427 3571 1558 3632; x_wconf 58' lang='lat' dir='ltr'><strong>quas</strong></span> <span class='ocrx_word' id='word_1_346' title='bbox 1591 3550 1972 3612; x_wconf 89' lang='lat' dir='ltr'><strong>tabernacula</strong></span> <span class='ocrx_word' id='word_1_347' title='bbox 2000 3569 2161 3611; x_wconf 92' lang='lat' dir='ltr'><strong>nun-</strong></span> 
     </span>
    </p>
   </div>
   <div class='ocr_carea' id='block_1_52' title="bbox 512 3640 2159 3728">
    <p class='ocr_par' dir='ltr' id='par_1_52' title="bbox 512 3640 2159 3728">
     <span class='ocr_line' id='line_1_52' title="bbox 512 3640 2159 3728; baseline -0.007 -18"><span class='ocrx_word' id='word_1_348' title='bbox 512 3657 712 3728; x_wconf 83' lang='lat' dir='ltr'><strong>cupat;</strong></span> <span class='ocrx_word' id='word_1_349' title='bbox 737 3662 972 3708; x_wconf 91' lang='lat' dir='ltr'><strong>necnon</strong></span> <span class='ocrx_word' id='word_1_350' title='bbox 998 3643 1070 3706; x_wconf 91' lang='lat' dir='ltr'><strong>ad</strong></span> <span class='ocrx_word' id='word_1_351' title='bbox 1090 3642 1396 3724; x_wconf 89' lang='lat' dir='ltr'><strong>spirituale</strong></span> <span class='ocrx_word' id='word_1_352' title='bbox 1444 3642 1632 3703; x_wconf 90' lang='lat' dir='ltr'><strong>altare</strong></span> <span class='ocrx_word' id='word_1_353' title='bbox 1677 3662 1690 3703; x_wconf 88' lang='lat'>:</span> <span class='ocrx_word' id='word_1_354' title='bbox 1725 3641 1986 3728; x_wconf 84' lang='lat' dir='ltr'><strong>futurum</strong></span> <span class='ocrx_word' id='word_1_355' title='bbox 2019 3640 2159 3700; x_wconf 90' lang='lat' dir='ltr'><strong>item</strong></span> 
     </span>
    </p>
   </div>
   <div class='ocr_carea' id='block_1_53' title="bbox 511 3727 2161 3815">
    <p class='ocr_par' dir='ltr' id='par_1_53' title="bbox 511 3727 2161 3815">
     <span class='ocr_line' id='line_1_53' title="bbox 511 3727 2161 3815; baseline -0.007 -16"><span class='ocrx_word' id='word_1_356' title='bbox 511 3727 639 3799; x_wconf 85' lang='lat' dir='ltr'><strong>erat</strong></span> <span class='ocrx_word' id='word_1_357' title='bbox 668 3727 730 3797; x_wconf 88' lang='lat' dir='ltr'><strong>ut</strong></span> <span class='ocrx_word' id='word_1_358' title='bbox 756 3735 882 3815; x_wconf 89' lang='lat' dir='ltr'><strong>ipse</strong></span> <span class='ocrx_word' id='word_1_359' title='bbox 913 3733 1243 3795; x_wconf 73' lang='lat' dir='ltr'><strong>lzetiﬁcaret</strong></span> <span class='ocrx_word' id='word_1_360' title='bbox 1273 3749 1480 3794; x_wconf 90' lang='lat' dir='ltr'><strong>eorum</strong></span> <span class='ocrx_word' id='word_1_361' title='bbox 1503 3731 1908 3810; x_wconf 80' lang='lat' dir='ltr'><strong>juventutem.</strong></span> <span class='ocrx_word' id='word_1_362' title='bbox 1937 3727 2161 3792; x_wconf 88' lang='lat' dir='ltr'><strong>Juven-</strong></span> 
     </span>
    </p>
   </div>
   <div class='ocr_carea' id='block_1_54' title="bbox 515 3821 2160 3901">
    <p class='ocr_par' dir='ltr' id='par_1_54' title="bbox 515 3821 2160 3901">
     <span class='ocr_line' id='line_1_54' title="bbox 515 3821 2160 3901; baseline -0.006 -13"><span class='ocrx_word' id='word_1_363' title='bbox 515 3833 702 3888; x_wconf 91' lang='lat' dir='ltr'><strong>tutem</strong></span> <span class='ocrx_word' id='word_1_364' title='bbox 733 3832 927 3885; x_wconf 87' lang='lat' dir='ltr'><strong>autem</strong></span> <span class='ocrx_word' id='word_1_365' title='bbox 944 3833 1112 3884; x_wconf 86' lang='lat' dir='ltr'><strong>vocat</strong></span> <span class='ocrx_word' id='word_1_366' title='bbox 1133 3821 1398 3882; x_wconf 61' lang='lat' dir='ltr'><strong>laetitiam</strong></span> <span class='ocrx_word' id='word_1_367' title='bbox 1432 3840 1565 3901; x_wconf 84' lang='lat' dir='ltr'><strong>quae</strong></span> <span class='ocrx_word' id='word_1_368' title='bbox 1595 3829 1654 3881; x_wconf 92' lang='lat' dir='ltr'><strong>et</strong></span> <span class='ocrx_word' id='word_1_369' title='bbox 1684 3827 1926 3881; x_wconf 81' lang='lat' dir='ltr'><strong>renovat</strong></span> <span class='ocrx_word' id='word_1_370' title='bbox 1956 3836 2160 3880; x_wconf 87' lang='lat' dir='ltr'><strong>eorum</strong></span> 
     </span>
    </p>
   </div>
   <div class='ocr_carea' id='block_1_55' title="bbox 516 3908 2162 3987">
    <p class='ocr_par' dir='ltr' id='par_1_55' title="bbox 516 3908 2162 3987">
     <span class='ocr_line' id='line_1_55' title="bbox 516 3908 2162 3987; baseline -0.005 -12"><span class='ocrx_word' id='word_1_371' title='bbox 516 3914 798 3976; x_wconf 85' lang='lat' dir='ltr'><strong>animam.</strong></span> <span class='ocrx_word' id='word_1_372' title='bbox 836 3912 1030 3984; x_wconf 89' lang='lat' dir='ltr'><strong>Quare</strong></span> <span class='ocrx_word' id='word_1_373' title='bbox 1060 3911 1121 3970; x_wconf 91' lang='lat' dir='ltr'><strong>in</strong></span> <span class='ocrx_word' id='word_1_374' title='bbox 1152 3911 1375 3972; x_wconf 80' lang='lat' dir='ltr'><strong>cithara</strong></span> <span class='ocrx_word' id='word_1_375' title='bbox 1406 3909 1772 3987; x_wconf 85' lang='lat' dir='ltr'><strong>pollicentur</strong></span> <span class='ocrx_word' id='word_1_376' title='bbox 1801 3926 1865 3969; x_wconf 91' lang='lat' dir='ltr'><strong>se</strong></span> <span class='ocrx_word' id='word_1_377' title='bbox 1896 3908 1980 3968; x_wconf 90' lang='lat' dir='ltr'><strong>illi</strong></span> <span class='ocrx_word' id='word_1_378' title='bbox 2012 3926 2162 3970; x_wconf 89' lang='lat' dir='ltr'><strong>con-</strong></span> 
     </span>
    </p>
   </div>
   <div class='ocr_carea' id='block_1_56' title="bbox 516 3997 2160 4079">
    <p class='ocr_par' dir='ltr' id='par_1_56' title="bbox 516 3997 2160 4079">
     <span class='ocr_line' id='line_1_56' title="bbox 516 3997 2160 4079; baseline -0.003 -16"><span class='ocrx_word' id='word_1_379' title='bbox 516 4002 838 4063; x_wconf 79' lang='lat' dir='ltr'><strong>fessionem</strong></span> <span class='ocrx_word' id='word_1_380' title='bbox 873 4001 1205 4062; x_wconf 88' lang='lat' dir='ltr'><strong>oblaturos.</strong></span> <span class='ocrx_word' id='word_1_381' title='bbox 1243 4000 1413 4079; x_wconf 72' lang='lat' dir='ltr'><strong>Saepe</strong></span> <span class='ocrx_word' id='word_1_382' title='bbox 1442 4007 1640 4060; x_wconf 89' lang='lat' dir='ltr'><strong>autem</strong></span> <span class='ocrx_word' id='word_1_383' title='bbox 1675 4003 2016 4061; x_wconf 88' lang='lat' dir='ltr'><strong>monuimus</strong></span> <span class='ocrx_word' id='word_1_384' title='bbox 2073 3997 2160 4058; x_wconf 89' lang='lat' dir='ltr'><strong>ci-</strong></span> 
     </span>
    </p>
   </div>
   <div class='ocr_carea' id='block_1_57' title="bbox 518 4085 1902 4168">
    <p class='ocr_par' dir='ltr' id='par_1_57' title="bbox 518 4085 1902 4168">
     <span class='ocr_line' id='line_1_57' title="bbox 518 4085 1902 4168; baseline -0.003 -16"><span class='ocrx_word' id='word_1_385' title='bbox 518 4091 704 4152; x_wconf 54' lang='lat' dir='ltr'><strong>thara;</strong></span> <span class='ocrx_word' id='word_1_386' title='bbox 735 4089 978 4150; x_wconf 89' lang='lat' dir='ltr'><strong>nomine</strong></span> <span class='ocrx_word' id='word_1_387' title='bbox 1009 4105 1228 4168; x_wconf 91' lang='lat' dir='ltr'><strong>corpus</strong></span> <span class='ocrx_word' id='word_1_388' title='bbox 1260 4106 1393 4148; x_wconf 89' lang='lat' dir='ltr'><strong>esse</strong></span> <span class='ocrx_word' id='word_1_389' title='bbox 1422 4085 1902 4165; x_wconf 87' lang='lat' dir='ltr'><strong>intelligendum.</strong></span> 
     </span>
    </p>
   </div>
   <div class='ocr_carea' id='block_1_58' title="bbox 706 4175 1979 4258">
    <p class='ocr_par' dir='ltr' id='par_1_58' title="bbox 706 4175 1979 4258">
     <span class='ocr_line' id='line_1_58' title="bbox 706 4175 1979 4258; baseline -0.001 -19"><span class='ocrx_word' id='word_1_390' title='bbox 706 4178 776 4240; x_wconf 89' lang='lat' dir='ltr'><strong>In</strong></span> <span class='ocrx_word' id='word_1_391' title='bbox 803 4179 981 4258; x_wconf 84' lang='lat' dir='ltr'><strong>ﬁnem</strong></span> <span class='ocrx_word' id='word_1_392' title='bbox 1005 4177 1152 4258; x_wconf 81' lang='lat' dir='ltr'><strong>ﬁliis</strong></span> <span class='ocrx_word' id='word_1_393' title='bbox 1187 4176 1339 4239; x_wconf 84' lang='lat' dir='ltr'><strong>Core</strong></span> <span class='ocrx_word' id='word_1_394' title='bbox 1375 4178 1456 4236; x_wconf 87' lang='lat' dir='ltr'><strong>ad</strong></span> <span class='ocrx_word' id='word_1_395' title='bbox 1487 4175 1979 4255; x_wconf 76' lang='lat' dir='ltr'><strong>intelligentiam.</strong></span> 
     </span>
    </p>
   </div>
   <div class='ocr_carea' id='block_1_59' title="bbox 1031 4261 2040 4330">
    <p class='ocr_par' dir='ltr' id='par_1_59' title="bbox 1031 4261 2040 4330">
     <span class='ocr_line' id='line_1_59' title="bbox 1031 4261 2040 4330; baseline -0.002 -3"><span class='ocrx_word' id='word_1_396' title='bbox 1031 4266 1294 4330; x_wconf 80' lang='lat' dir='ltr'><strong><em>PSALM</em></strong></span> <span class='ocrx_word' id='word_1_397' title='bbox 1302 4265 1401 4328; x_wconf 90' lang='lat' dir='ltr'><em>US</em></span> <span class='ocrx_word' id='word_1_398' title='bbox 1436 4264 1666 4327; x_wconf 86' lang='lat' dir='ltr'><strong><em>XLIII.</em></strong></span> <span class='ocrx_word' id='word_1_399' title='bbox 2018 4261 2040 4281; x_wconf 79' lang='lat'>&#39;</span> 
     </span>
    </p>
   </div>
   <div class='ocr_carea' id='block_1_60' title="bbox 1128 4360 1577 4436">
    <p class='ocr_par' dir='ltr' id='par_1_60' title="bbox 1128 4360 1577 4436">
     <span class='ocr_line' id='line_1_60' title="bbox 1128 4360 1577 4436; baseline -0.007 -18"><span class='ocrx_word' id='word_1_400' title='bbox 1128 4360 1577 4436; x_wconf 82' lang='lat' dir='ltr'><strong>Argumentum.</strong></span> 
     </span>
    </p>
   </div>
   <div class='ocr_carea' id='block_1_61' title="bbox 519 4441 2160 4528">
    <p class='ocr_par' dir='ltr' id='par_1_61' title="bbox 519 4441 2160 4528">
     <span class='ocr_line' id='line_1_61' title="bbox 519 4441 2160 4528; baseline -0.005 -18"><span class='ocrx_word' id='word_1_401' title='bbox 519 4447 627 4510; x_wconf 83' lang='lat' dir='ltr'><strong>Hic</strong></span> <span class='ocrx_word' id='word_1_402' title='bbox 659 4467 898 4528; x_wconf 90' lang='lat' dir='ltr'><strong>quoque</strong></span> <span class='ocrx_word' id='word_1_403' title='bbox 930 4447 1194 4527; x_wconf 88' lang='lat' dir='ltr'><strong>psalmus</strong></span> <span class='ocrx_word' id='word_1_404' title='bbox 1236 4444 1431 4506; x_wconf 90' lang='lat' dir='ltr'><strong>eidem</strong></span> <span class='ocrx_word' id='word_1_405' title='bbox 1491 4450 1841 4523; x_wconf 87' lang='lat' dir='ltr'><strong>argumento</strong></span> <span class='ocrx_word' id='word_1_406' title='bbox 1896 4441 2113 4504; x_wconf 88' lang='lat' dir='ltr'><strong>insistit</strong></span> <span class='ocrx_word' id='word_1_407' title='bbox 2147 4460 2160 4516; x_wconf 93' lang='lat'>;</span> 
     </span>
    </p>
   </div>
   <div class='ocr_carea' id='block_1_62' title="bbox 579 4533 2160 4616">
    <p class='ocr_par' dir='ltr' id='par_1_62' title="bbox 579 4533 2160 4616">
     <span class='ocr_line' id='line_1_62' title="bbox 579 4533 2160 4616; baseline -0.003 -19"><span class='ocrx_word' id='word_1_408' title='bbox 579 4545 787 4616; x_wconf 88' lang='lat' dir='ltr'><strong>estque</strong></span> <span class='ocrx_word' id='word_1_409' title='bbox 800 4533 1501 4614; x_wconf 87' lang='lat' dir='ltr'><strong>bominum,quiantiqua</strong></span> <span class='ocrx_word' id='word_1_410' title='bbox 1514 4533 1804 4595; x_wconf 83' lang='lat' dir='ltr'><strong>beneﬁcia</strong></span> <span class='ocrx_word' id='word_1_411' title='bbox 1817 4539 2160 4605; x_wconf 89' lang='lat' dir='ltr'><strong>recensent,</strong></span> 
     </span>
    </p>
   </div>
   <div class='ocr_carea' id='block_1_63' title="bbox 602 4620 2161 4706">
    <p class='ocr_par' dir='ltr' id='par_1_63' title="bbox 602 4620 2161 4706">
     <span class='ocr_line' id='line_1_63' title="bbox 602 4620 2161 4706; baseline -0.003 -20"><span class='ocrx_word' id='word_1_412' title='bbox 602 4635 660 4686; x_wconf 91' lang='lat' dir='ltr'><strong>et</strong></span> <span class='ocrx_word' id='word_1_413' title='bbox 685 4627 908 4688; x_wconf 85' lang='lat' dir='ltr'><strong>assumi</strong></span> <span class='ocrx_word' id='word_1_414' title='bbox 929 4624 1252 4706; x_wconf 89' lang='lat' dir='ltr'><strong>postulant,</strong></span> <span class='ocrx_word' id='word_1_415' title='bbox 1277 4622 1414 4702; x_wconf 88' lang='lat' dir='ltr'><strong>quia</strong></span> <span class='ocrx_word' id='word_1_416' title='bbox 1433 4622 1626 4703; x_wconf 90' lang='lat' dir='ltr'><strong>ipsum</strong></span> <span class='ocrx_word' id='word_1_417' title='bbox 1650 4620 1968 4682; x_wconf 91' lang='lat' dir='ltr'><strong>Dominum</strong></span> <span class='ocrx_word' id='word_1_418' title='bbox 1994 4638 2161 4700; x_wconf 88' lang='lat' dir='ltr'><strong>spem</strong></span> 
     </span>
    </p>
   </div>
   <div class='ocr_carea' id='block_1_64' title="bbox 599 4709 2159 4794">
    <p class='ocr_par' dir='ltr' id='par_1_64' title="bbox 599 4709 2159 4794">
     <span class='ocr_line' id='line_1_64' title="bbox 599 4709 2159 4794; baseline -0.002 -20"><span class='ocrx_word' id='word_1_419' title='bbox 599 4713 714 4774; x_wconf 89' lang='lat' dir='ltr'><strong>sibi</strong></span> <span class='ocrx_word' id='word_1_420' title='bbox 741 4715 1168 4794; x_wconf 81' lang='lat' dir='ltr'><strong>ascripserunt,</strong></span> <span class='ocrx_word' id='word_1_421' title='bbox 1196 4709 1335 4772; x_wconf 92' lang='lat' dir='ltr'><strong>etin</strong></span> <span class='ocrx_word' id='word_1_422' title='bbox 1368 4709 1608 4771; x_wconf 90' lang='lat' dir='ltr'><strong>nomine</strong></span> <span class='ocrx_word' id='word_1_423' title='bbox 1631 4711 1758 4789; x_wconf 88' lang='lat' dir='ltr'><strong>ejus</strong></span> <span class='ocrx_word' id='word_1_424' title='bbox 1779 4709 2159 4771; x_wconf 82' lang='lat' dir='ltr'><strong>conﬁtentur.</strong></span> 
     </span>
    </p>
   </div>
   <div class='ocr_carea' id='block_1_65' title="bbox 607 4798 2165 4879">
    <p class='ocr_par' dir='ltr' id='par_1_65' title="bbox 607 4798 2165 4879">
     <span class='ocr_line' id='line_1_65' title="bbox 607 4798 2165 4879; baseline -0.003 -15"><span class='ocrx_word' id='word_1_425' title='bbox 607 4804 943 4866; x_wconf 83' lang='lat' dir='ltr'><strong>Humiliata</strong></span> <span class='ocrx_word' id='word_1_426' title='bbox 975 4803 1162 4864; x_wconf 80' lang='lat' dir='ltr'><strong>estin</strong></span> <span class='ocrx_word' id='word_1_427' title='bbox 1211 4799 1460 4879; x_wconf 81' lang='lat' dir='ltr'><strong>pulvere</strong></span> <span class='ocrx_word' id='word_1_428' title='bbox 1517 4801 1730 4862; x_wconf 84' lang='lat' dir='ltr'><strong>anima</strong></span> <span class='ocrx_word' id='word_1_429' title='bbox 1788 4808 2026 4862; x_wconf 81' lang='lat' dir='ltr'><strong>nostra.</strong></span> <span class='ocrx_word' id='word_1_430' title='bbox 2081 4798 2165 4859; x_wconf 86' lang='lat' dir='ltr'><strong>Ita</strong></span> 
     </span>
    </p>
   </div>
   <div class='ocr_carea' id='block_1_66' title="bbox 521 4888 2162 4973">
    <p class='ocr_par' dir='ltr' id='par_1_66' title="bbox 521 4888 2162 4973">
     <span class='ocr_line' id='line_1_66' title="bbox 521 4888 2162 4973; baseline -0.005 -17"><span class='ocrx_word' id='word_1_431' title='bbox 521 4894 868 4973; x_wconf 87' lang='lat' dir='ltr'><strong>loquuntur,</strong></span> <span class='ocrx_word' id='word_1_432' title='bbox 903 4891 1003 4972; x_wconf 92' lang='lat' dir='ltr'><strong>qui</strong></span> <span class='ocrx_word' id='word_1_433' title='bbox 1037 4889 1273 4971; x_wconf 88' lang='lat' dir='ltr'><strong>depulsi</strong></span> <span class='ocrx_word' id='word_1_434' title='bbox 1302 4907 1334 4949; x_wconf 89' lang='lat' dir='ltr'><strong>a</strong></span> <span class='ocrx_word' id='word_1_435' title='bbox 1366 4908 1546 4951; x_wconf 88' lang='lat' dir='ltr'><strong>sensu</strong></span> <span class='ocrx_word' id='word_1_436' title='bbox 1583 4908 1791 4950; x_wconf 89' lang='lat' dir='ltr'><strong>eorum</strong></span> <span class='ocrx_word' id='word_1_437' title='bbox 1815 4908 1946 4970; x_wconf 62' lang='lat' dir='ltr'><strong>quae</strong></span> <span class='ocrx_word' id='word_1_438' title='bbox 1968 4888 2162 4951; x_wconf 90' lang='lat' dir='ltr'><strong>Chris-</strong></span> 
     </span>
    </p>
   </div>
   <div class='ocr_carea' id='block_1_67' title="bbox 535 4978 1947 5058">
    <p class='ocr_par' dir='ltr' id='par_1_67' title="bbox 535 4978 1947 5058">
     <span class='ocr_line' id='line_1_67' title="bbox 535 4978 1947 5058; baseline -0.001 -15"><span class='ocrx_word' id='word_1_439' title='bbox 535 4982 576 5044; x_wconf 86' lang='lat' dir='ltr'><strong>ti</strong></span> <span class='ocrx_word' id='word_1_440' title='bbox 601 4990 762 5057; x_wconf 92' lang='lat' dir='ltr'><strong>sunt,</strong></span> <span class='ocrx_word' id='word_1_441' title='bbox 797 4983 856 5042; x_wconf 92' lang='lat' dir='ltr'><strong>in</strong></span> <span class='ocrx_word' id='word_1_442' title='bbox 887 4998 1125 5042; x_wconf 90' lang='lat' dir='ltr'><strong>sensum</strong></span> <span class='ocrx_word' id='word_1_443' title='bbox 1159 4979 1462 5041; x_wconf 81' lang='lat' dir='ltr'><strong>carnalem</strong></span> <span class='ocrx_word' id='word_1_444' title='bbox 1497 4987 1634 5039; x_wconf 91' lang='lat' dir='ltr'><strong>sunt</strong></span> <span class='ocrx_word' id='word_1_445' title='bbox 1664 4978 1947 5058; x_wconf 90' lang='lat' dir='ltr'><strong>delapsi.]</strong></span> 
     </span>
    </p>
   </div>
   <div class='ocr_carea' id='block_1_68' title="bbox 607 5068 1738 5147">
    <p class='ocr_par' dir='ltr' id='par_1_68' title="bbox 607 5068 1738 5147">
     <span class='ocr_line' id='line_1_68' title="bbox 607 5068 1738 5147; baseline 0 -17"><span class='ocrx_word' id='word_1_446' title='bbox 607 5069 799 5147; x_wconf 87' lang='lat' dir='ltr'><strong>Deus,</strong></span> <span class='ocrx_word' id='word_1_447' title='bbox 834 5068 1087 5132; x_wconf 75' lang='lat' dir='ltr'><strong>auribus</strong></span> <span class='ocrx_word' id='word_1_448' title='bbox 1110 5069 1332 5130; x_wconf 83' lang='lat' dir='ltr'><strong>nostris</strong></span> <span class='ocrx_word' id='word_1_449' title='bbox 1361 5069 1738 5131; x_wconf 85' lang='lat' dir='ltr'><strong>audivimus.</strong></span> 
     </span>
    </p>
   </div>
   <div class='ocr_carea' id='block_1_69' title="bbox 613 5157 2168 5237">
    <p class='ocr_par' dir='ltr' id='par_1_69' title="bbox 613 5157 2168 5237">
     <span class='ocr_line' id='line_1_69' title="bbox 613 5157 2168 5237; baseline 0.001 -18"><span class='ocrx_word' id='word_1_450' title='bbox 613 5159 704 5223; x_wconf 82' lang='lat'><strong>10.</strong></span> <span class='ocrx_word' id='word_1_451' title='bbox 739 5159 914 5223; x_wconf 88' lang='lat' dir='ltr'><strong>Nunc</strong></span> <span class='ocrx_word' id='word_1_452' title='bbox 935 5167 1138 5221; x_wconf 81' lang='lat' dir='ltr'><strong>autem</strong></span> <span class='ocrx_word' id='word_1_453' title='bbox 1161 5157 1465 5237; x_wconf 85' lang='lat' dir='ltr'><strong>repulisti,</strong></span> <span class='ocrx_word' id='word_1_454' title='bbox 1494 5165 1551 5220; x_wconf 83' lang='lat' dir='ltr'><strong>et</strong></span> <span class='ocrx_word' id='word_1_455' title='bbox 1576 5157 1914 5235; x_wconf 82' lang='lat' dir='ltr'><strong>confudisti</strong></span> <span class='ocrx_word' id='word_1_456' title='bbox 1943 5176 2062 5220; x_wconf 86' lang='lat' dir='ltr'><strong>nos.</strong></span> <span class='ocrx_word' id='word_1_457' title='bbox 2091 5160 2168 5220; x_wconf 87' lang='lat' dir='ltr'><strong>Et</strong></span> 
     </span>
    </p>
   </div>
   <div class='ocr_carea' id='block_1_70' title="bbox 522 5248 2166 5330">
    <p class='ocr_par' dir='ltr' id='par_1_70' title="bbox 522 5248 2166 5330">
     <span class='ocr_line' id='line_1_70' title="bbox 522 5248 2166 5330; baseline -0.002 -17"><span class='ocrx_word' id='word_1_458' title='bbox 522 5268 643 5314; x_wconf 85' lang='lat' dir='ltr'><strong>nou</strong></span> <span class='ocrx_word' id='word_1_459' title='bbox 661 5250 1019 5330; x_wconf 78' lang='lat' dir='ltr'><strong>egredieris.</strong></span> <span class='ocrx_word' id='word_1_460' title='bbox 1030 5249 1289 5322; x_wconf 86' lang='lat' dir='ltr'><strong>Dcus,in</strong></span> <span class='ocrx_word' id='word_1_461' title='bbox 1303 5249 1633 5312; x_wconf 84' lang='lat' dir='ltr'><strong>virtutibus</strong></span> <span class='ocrx_word' id='word_1_462' title='bbox 1643 5248 2166 5326; x_wconf 85' lang='lat' dir='ltr'><strong>nostris.Olim,in-</strong></span> 
     </span>
    </p>
   </div>
   <div class='ocr_carea' id='block_1_71' title="bbox 523 5336 2170 5420">
    <p class='ocr_par' dir='ltr' id='par_1_71' title="bbox 523 5336 2170 5420">
     <span class='ocr_line' id='line_1_71' title="bbox 523 5336 2170 5420; baseline -0.001 -19"><span class='ocrx_word' id='word_1_463' title='bbox 523 5338 675 5420; x_wconf 92' lang='lat' dir='ltr'><strong>quit,</strong></span> <span class='ocrx_word' id='word_1_464' title='bbox 711 5357 830 5400; x_wconf 90' lang='lat' dir='ltr'><strong>una</strong></span> <span class='ocrx_word' id='word_1_465' title='bbox 859 5337 1172 5401; x_wconf 87' lang='lat' dir='ltr'><strong>nobiscum</strong></span> <span class='ocrx_word' id='word_1_466' title='bbox 1204 5338 1532 5418; x_wconf 81' lang='lat' dir='ltr'><strong>pugnabas.</strong></span> <span class='ocrx_word' id='word_1_467' title='bbox 1566 5336 1736 5399; x_wconf 91' lang='lat' dir='ltr'><strong>Nunc</strong></span> <span class='ocrx_word' id='word_1_468' title='bbox 1797 5348 1995 5401; x_wconf 87' lang='lat' dir='ltr'><strong>autem</strong></span> <span class='ocrx_word' id='word_1_469' title='bbox 2053 5355 2170 5400; x_wconf 89' lang='lat' dir='ltr'><strong>non</strong></span> 
     </span>
    </p>
   </div>
   <div class='ocr_carea' id='block_1_72' title="bbox 607 5496 1666 5578">
    <p class='ocr_par' dir='ltr' id='par_1_72' title="bbox 607 5496 1666 5578">
     <span class='ocr_line' id='line_1_72' title="bbox 607 5496 1666 5578; baseline 0.001 -19"><span class='ocrx_word' id='word_1_470' title='bbox 607 5497 662 5542; x_wconf 75' lang='grc' dir='ltr'><strong><em>η</em></strong></span> <span class='ocrx_word' id='word_1_471' title='bbox 692 5496 767 5560; x_wconf 86' lang='lat' dir='ltr'><strong>lV</strong></span> <span class='ocrx_word' id='word_1_472' title='bbox 796 5497 940 5578; x_wconf 81' lang='lat' dir='ltr'><strong>Reg.</strong></span> <span class='ocrx_word' id='word_1_473' title='bbox 978 5515 1094 5574; x_wconf 78' lang='grc' dir='ltr'><strong>ιιι,</strong></span> <span class='ocrx_word' id='word_1_474' title='bbox 1129 5497 1230 5561; x_wconf 89' lang='lat'><strong>33.</strong></span> <span class='ocrx_word' id='word_1_475' title='bbox 1317 5497 1370 5541; x_wconf 73' lang='grc' dir='ltr'><strong>ιε</strong></span> <span class='ocrx_word' id='word_1_476' title='bbox 1393 5496 1542 5561; x_wconf 88' lang='lat' dir='ltr'><strong>ibid.</strong></span> <span class='ocrx_word' id='word_1_477' title='bbox 1569 5497 1666 5560; x_wconf 80' lang='lat'><strong>35.</strong></span> 
     </span>
    </p>
   </div>
   <div class='ocr_carea' id='block_1_73' title="bbox 2534 1868 3888 1948">
    <p class='ocr_par' dir='ltr' id='par_1_73' title="bbox 2534 1868 3888 1948">
     <span class='ocr_line' id='line_1_73' title="bbox 2534 1868 3888 1948; baseline 0 -23"><span class='ocrx_word' id='word_1_478' title='bbox 2534 1870 2879 1948; x_wconf 76' lang='grc' dir='ltr'><strong>’Υπερασπιῶ</strong></span> <span class='ocrx_word' id='word_1_479' title='bbox 2946 1869 3073 1946; x_wconf 77' lang='grc' dir='ltr'><strong>ὑπὲρ</strong></span> <span class='ocrx_word' id='word_1_480' title='bbox 3143 1874 3242 1934; x_wconf 76' lang='grc' dir='ltr'><strong>τῆς</strong></span> <span class='ocrx_word' id='word_1_481' title='bbox 3329 1869 3537 1931; x_wconf 82' lang='grc' dir='ltr'><strong>πόλεως</strong></span> <span class='ocrx_word' id='word_1_482' title='bbox 3594 1868 3826 1944; x_wconf 71' lang='grc' dir='ltr'><strong>,ταύτης</strong></span> <span class='ocrx_word' id='word_1_483' title='bbox 3868 1912 3888 1925; x_wconf 89' lang='grc'><strong>.</strong></span> 
     </span>
    </p>
   </div>
   <div class='ocr_carea' id='block_1_74' title="bbox 2233 1956 3892 2036">
    <p class='ocr_par' dir='ltr' id='par_1_74' title="bbox 2233 1956 3892 2036">
     <span class='ocr_line' id='line_1_74' title="bbox 2233 1956 3892 2036; baseline -0.003 -21"><span class='ocrx_word' id='word_1_484' title='bbox 2233 1961 2371 2017; x_wconf 79' lang='grc' dir='ltr'><strong>Εἶτα</strong></span> <span class='ocrx_word' id='word_1_485' title='bbox 2417 1961 2512 2027; x_wconf 76' lang='grc' dir='ltr'><strong>τὴν</strong></span> <span class='ocrx_word' id='word_1_486' title='bbox 2561 1959 2882 2036; x_wconf 77' lang='grc' dir='ltr'><strong>ἐπαγγελίαν</strong></span> <span class='ocrx_word' id='word_1_487' title='bbox 2954 1957 3173 2031; x_wconf 71' lang='grc' dir='ltr'><strong>πληρῶν</strong></span> <span class='ocrx_word' id='word_1_488' title='bbox 3247 1959 3299 2013; x_wconf 81' lang='grc' dir='ltr'><strong>ἐν</strong></span> <span class='ocrx_word' id='word_1_489' title='bbox 3367 1965 3462 2030; x_wconf 84' lang='grc' dir='ltr'><strong>μιᾷ</strong></span> <span class='ocrx_word' id='word_1_490' title='bbox 3495 1959 3636 2016; x_wconf 82' lang='grc' dir='ltr'><strong>νυκτὶ</strong></span> <span class='ocrx_word' id='word_1_491' title='bbox 3686 1956 3892 2012; x_wconf 84' lang='grc' dir='ltr'><strong>ἐκοίτὸν</strong></span> 
     </span>
    </p>
   </div>
   <div class='ocr_carea' id='block_1_75' title="bbox 2233 2045 3886 2126">
    <p class='ocr_par' dir='ltr' id='par_1_75' title="bbox 2233 2045 3886 2126">
     <span class='ocr_line' id='line_1_75' title="bbox 2233 2045 3886 2126; baseline -0.002 -21"><span class='ocrx_word' id='word_1_492' title='bbox 2233 2047 2558 2125; x_wconf 77' lang='grc' dir='ltr'><strong>ὀγδοήκοντα</strong></span> <span class='ocrx_word' id='word_1_493' title='bbox 2620 2046 2773 2103; x_wconf 83' lang='grc' dir='ltr'><strong>πέντε</strong></span> <span class='ocrx_word' id='word_1_494' title='bbox 2832 2045 3082 2126; x_wconf 80' lang='grc' dir='ltr'><strong>χιλιάδας</strong></span> <span class='ocrx_word' id='word_1_495' title='bbox 3151 2045 3335 2102; x_wconf 76' lang='grc' dir='ltr'><strong>ἀνεῖλε</strong></span> <span class='ocrx_word' id='word_1_496' title='bbox 3390 2053 3494 2102; x_wconf 80' lang='grc' dir='ltr'><strong>τῶν</strong></span> <span class='ocrx_word' id='word_1_497' title='bbox 3557 2047 3886 2124; x_wconf 75' lang='grc' dir='ltr'><strong>Ἀσσυρίων.</strong></span> 
     </span>
    </p>
   </div>
   <div class='ocr_carea' id='block_1_76' title="bbox 2233 2133 3892 2214">
    <p class='ocr_par' dir='ltr' id='par_1_76' title="bbox 2233 2133 3892 2214">
     <span class='ocr_line' id='line_1_76' title="bbox 2233 2133 3892 2214; baseline -0.001 -22"><span class='ocrx_word' id='word_1_498' title='bbox 2233 2136 2337 2198; x_wconf 78' lang='grc' dir='ltr'><strong>Καὶ</strong></span> <span class='ocrx_word' id='word_1_499' title='bbox 2394 2137 2546 2193; x_wconf 72' lang='grc' dir='ltr'><strong>τοῦτο</strong></span> <span class='ocrx_word' id='word_1_500' title='bbox 2619 2137 2781 2192; x_wconf 88' lang='grc' dir='ltr'><strong>ἐστιν.</strong></span> <span class='ocrx_word' id='word_1_501' title='bbox 2863 2136 3093 2214; x_wconf 81' lang='grc' dir='ltr'><strong>Ἡμέρας</strong></span> <span class='ocrx_word' id='word_1_502' title='bbox 3151 2135 3446 2191; x_wconf 76' lang='grc' dir='ltr'><strong>ἐντελεῖται</strong></span> <span class='ocrx_word' id='word_1_503' title='bbox 3546 2133 3731 2211; x_wconf 79' lang='grc' dir='ltr'><strong>Κόριος</strong></span> <span class='ocrx_word' id='word_1_504' title='bbox 3824 2137 3892 2190; x_wconf 88' lang='grc' dir='ltr'><strong>τὸ</strong></span> 
     </span>
    </p>
   </div>
   <div class='ocr_carea' id='block_1_77' title="bbox 2231 2225 3888 2303">
    <p class='ocr_par' dir='ltr' id='par_1_77' title="bbox 2231 2225 3888 2303">
     <span class='ocr_line' id='line_1_77' title="bbox 2231 2225 3888 2303; baseline 0 -23"><span class='ocrx_word' id='word_1_505' title='bbox 2231 2225 2378 2288; x_wconf 76' lang='grc' dir='ltr'><strong>ἕλεος</strong></span> <span class='ocrx_word' id='word_1_506' title='bbox 2453 2230 2610 2284; x_wconf 79' lang='grc' dir='ltr'><strong>αὐτοῦ</strong></span> <span class='ocrx_word' id='word_1_507' title='bbox 2645 2273 2658 2286; x_wconf 89' lang='grc'><strong>,</strong></span> <span class='ocrx_word' id='word_1_508' title='bbox 2725 2225 3010 2303; x_wconf 78' lang='grc' dir='ltr'><strong>Προσευχὴ</strong></span> <span class='ocrx_word' id='word_1_509' title='bbox 3068 2230 3142 2298; x_wconf 83' lang='grc' dir='ltr'><strong>τῷ</strong></span> <span class='ocrx_word' id='word_1_510' title='bbox 3215 2232 3328 2299; x_wconf 85' lang='grc' dir='ltr'><strong>Θεῷ</strong></span> <span class='ocrx_word' id='word_1_511' title='bbox 3387 2228 3485 2289; x_wconf 79' lang='grc' dir='ltr'><strong>τῆς</strong></span> <span class='ocrx_word' id='word_1_512' title='bbox 3543 2228 3685 2293; x_wconf 77' lang='grc' dir='ltr'><strong>ζωῆς</strong></span> <span class='ocrx_word' id='word_1_513' title='bbox 3748 2244 3888 2297; x_wconf 89' lang='grc' dir='ltr'><strong>μου.</strong></span> 
     </span>
    </p>
   </div>
   <div class='ocr_carea' id='block_1_78' title="bbox 2233 2312 3893 2388">
    <p class='ocr_par' dir='ltr' id='par_1_78' title="bbox 2233 2312 3893 2388">
     <span class='ocr_line' id='line_1_78' title="bbox 2233 2312 3893 2388; baseline -0.001 -20"><span class='ocrx_word' id='word_1_514' title='bbox 2233 2315 2328 2375; x_wconf 77' lang='grc' dir='ltr'><strong>Ὠς</strong></span> <span class='ocrx_word' id='word_1_515' title='bbox 2384 2313 2486 2381; x_wconf 75' lang='grc' dir='ltr'><strong>ἤδη</strong></span> <span class='ocrx_word' id='word_1_516' title='bbox 2543 2315 2908 2376; x_wconf 84' lang='grc' dir='ltr'><strong>πεπιστευκὼς</strong></span> <span class='ocrx_word' id='word_1_517' title='bbox 2967 2316 3033 2368; x_wconf 77' lang='grc' dir='ltr'><strong>τὰ</strong></span> <span class='ocrx_word' id='word_1_518' title='bbox 3089 2326 3204 2376; x_wconf 90' lang='grc' dir='ltr'><strong>τοῖς</strong></span> <span class='ocrx_word' id='word_1_519' title='bbox 3256 2313 3554 2370; x_wconf 84' lang='grc' dir='ltr'><strong>πιστεύουσι</strong></span> <span class='ocrx_word' id='word_1_520' title='bbox 3611 2312 3893 2388; x_wconf 79' lang='grc' dir='ltr'><strong>πρέποντα</strong></span> 
     </span>
    </p>
   </div>
   <div class='ocr_carea' id='block_1_79' title="bbox 2235 2401 3890 2483">
    <p class='ocr_par' dir='ltr' id='par_1_79' title="bbox 2235 2401 3890 2483">
     <span class='ocr_line' id='line_1_79' title="bbox 2235 2401 3890 2483; baseline 0 -25"><span class='ocrx_word' id='word_1_521' title='bbox 2235 2403 2480 2483; x_wconf 80' lang='grc' dir='ltr'><strong>ἀναφέρει</strong></span> <span class='ocrx_word' id='word_1_522' title='bbox 2537 2402 2773 2481; x_wconf 61' lang='grc' dir='ltr'><strong>ῥήματα,</strong></span> <span class='ocrx_word' id='word_1_523' title='bbox 2835 2403 2977 2475; x_wconf 74' lang='grc' dir='ltr'><strong>αὖτῷ</strong></span> <span class='ocrx_word' id='word_1_524' title='bbox 3029 2403 3128 2468; x_wconf 77' lang='grc' dir='ltr'><strong>τὴν</strong></span> <span class='ocrx_word' id='word_1_525' title='bbox 3191 2404 3385 2457; x_wconf 71' lang='grc' dir='ltr'><strong>οἰκείαν</strong></span> <span class='ocrx_word' id='word_1_526' title='bbox 3443 2401 3890 2480; x_wconf 81' lang='grc' dir='ltr'><strong>ἆναγραφομενος</strong></span> 
     </span>
    </p>
   </div>
   <div class='ocr_carea' id='block_1_80' title="bbox 2236 2495 2400 2562">
    <p class='ocr_par' dir='ltr' id='par_1_80' title="bbox 2236 2495 2400 2562">
     <span class='ocr_line' id='line_1_80' title="bbox 2236 2495 2400 2562; baseline -0.006 0"><span class='ocrx_word' id='word_1_527' title='bbox 2236 2495 2400 2562; x_wconf 80' lang='grc' dir='ltr'><strong>ζωήν.</strong></span> 
     </span>
    </p>
   </div>
   <div class='ocr_carea' id='block_1_81' title="bbox 2317 2577 3891 2657">
    <p class='ocr_par' dir='ltr' id='par_1_81' title="bbox 2317 2577 3891 2657">
     <span class='ocr_line' id='line_1_81' title="bbox 2317 2577 3891 2657; baseline -0.003 -19"><span class='ocrx_word' id='word_1_528' title='bbox 2317 2581 2455 2657; x_wconf 85' lang='grc' dir='ltr'><strong>Ἐρῶ</strong></span> <span class='ocrx_word' id='word_1_529' title='bbox 2512 2588 2587 2655; x_wconf 84' lang='grc' dir='ltr'><strong>τῷ</strong></span> <span class='ocrx_word' id='word_1_530' title='bbox 2647 2587 2783 2654; x_wconf 85' lang='grc' dir='ltr'><strong>Θεῷ,</strong></span> <span class='ocrx_word' id='word_1_531' title='bbox 2818 2578 3191 2656; x_wconf 63' lang='grc' dir='ltr'><strong>Ἀντιλέίπτωρ</strong></span> <span class='ocrx_word' id='word_1_532' title='bbox 3252 2601 3356 2653; x_wconf 89' lang='grc' dir='ltr'><strong>μου</strong></span> <span class='ocrx_word' id='word_1_533' title='bbox 3415 2577 3891 2654; x_wconf 77' lang='grc' dir='ltr'><strong>ε’ί.Ἐιταναλαμ-</strong></span> 
     </span>
    </p>
   </div>
   <div class='ocr_carea' id='block_1_82' title="bbox 2235 2668 3886 2749">
    <p class='ocr_par' dir='ltr' id='par_1_82' title="bbox 2235 2668 3886 2749">
     <span class='ocr_line' id='line_1_82' title="bbox 2235 2668 3886 2749; baseline -0.001 -23"><span class='ocrx_word' id='word_1_534' title='bbox 2235 2669 2382 2728; x_wconf 78' lang='grc' dir='ltr'><strong>ϐάνει</strong></span> <span class='ocrx_word' id='word_1_535' title='bbox 2413 2673 2507 2738; x_wconf 67' lang='grc' dir='ltr'><strong>τὴν</strong></span> <span class='ocrx_word' id='word_1_536' title='bbox 2552 2672 2818 2749; x_wconf 79' lang='grc' dir='ltr'><strong>ἱκετηρίαν</strong></span> <span class='ocrx_word' id='word_1_537' title='bbox 2853 2671 2880 2726; x_wconf 84' lang='grc' dir='ltr'>ὁ</span> <span class='ocrx_word' id='word_1_538' title='bbox 2912 2672 3337 2746; x_wconf 84' lang='grc' dir='ltr'><strong>μεπαγινώσκων</strong></span> <span class='ocrx_word' id='word_1_539' title='bbox 3361 2668 3512 2742; x_wconf 86' lang='grc' dir='ltr'><strong>λαὸς,</strong></span> <span class='ocrx_word' id='word_1_540' title='bbox 3536 2671 3623 2725; x_wconf 65' lang='grc' dir='ltr'><strong>ἐπὶ</strong></span> <span class='ocrx_word' id='word_1_541' title='bbox 3682 2669 3886 2726; x_wconf 70' lang='grc' dir='ltr'><strong>πλεῖον</strong></span> 
     </span>
    </p>
   </div>
   <div class='ocr_carea' id='block_1_83' title="bbox 2236 2758 3257 2833">
    <p class='ocr_par' dir='ltr' id='par_1_83' title="bbox 2236 2758 3257 2833">
     <span class='ocr_line' id='line_1_83' title="bbox 2236 2758 3257 2833; baseline -0.005 -17"><span class='ocrx_word' id='word_1_542' title='bbox 2236 2759 2625 2833; x_wconf 75' lang='grc' dir='ltr'><strong>ἐκκαλούμενος</strong></span> <span class='ocrx_word' id='word_1_543' title='bbox 2672 2764 2744 2824; x_wconf 78' lang='grc' dir='ltr'><strong>εἱς</strong></span> <span class='ocrx_word' id='word_1_544' title='bbox 2779 2759 2926 2814; x_wconf 73' lang='grc' dir='ltr'><strong>ἔλεον</strong></span> <span class='ocrx_word' id='word_1_545' title='bbox 2969 2760 3057 2814; x_wconf 85' lang='grc' dir='ltr'><strong>τὸν</strong></span> <span class='ocrx_word' id='word_1_546' title='bbox 3104 2758 3257 2819; x_wconf 85' lang='grc' dir='ltr'><strong>Θεόν,</strong></span> 
     </span>
    </p>
   </div>
   <div class='ocr_carea' id='block_1_84' title="bbox 2482 2845 3645 2927">
    <p class='ocr_par' dir='ltr' id='par_1_84' title="bbox 2482 2845 3645 2927">
     <span class='ocr_line' id='line_1_84' title="bbox 2482 2845 3645 2927; baseline -0.003 -21"><span class='ocrx_word' id='word_1_547' title='bbox 2482 2856 2767 2906; x_wconf 80' lang='grc' dir='ltr'><strong>ΨΑΛΜΟΣ</strong></span> <span class='ocrx_word' id='word_1_548' title='bbox 2799 2857 2876 2923; x_wconf 77' lang='grc' dir='ltr'><strong>τῷ</strong></span> <span class='ocrx_word' id='word_1_549' title='bbox 2931 2845 3097 2903; x_wconf 69' lang='grc' dir='ltr'><strong>Δαυ³ιδ</strong></span> <span class='ocrx_word' id='word_1_550' title='bbox 3146 2847 3496 2927; x_wconf 75' lang='grc' dir='ltr'><strong>ἀνεπίγραφος</strong></span> <span class='ocrx_word' id='word_1_551' title='bbox 3543 2869 3645 2925; x_wconf 86' lang='grc' dir='ltr'><strong>παρ</strong></span> 
     </span>
    </p>
   </div>
   <div class='ocr_carea' id='block_1_85' title="bbox 2827 2935 3288 3015">
    <p class='ocr_par' dir='ltr' id='par_1_85' title="bbox 2827 2935 3288 3015">
     <span class='ocr_line' id='line_1_85' title="bbox 2827 2935 3288 3015; baseline -0.007 -21"><span class='ocrx_word' id='word_1_552' title='bbox 2827 2935 3111 3015; x_wconf 72' lang='grc' dir='ltr'><strong>Ἑϐραίοις.</strong></span> <span class='ocrx_word' id='word_1_553' title='bbox 3147 2937 3288 2992; x_wconf 74' lang='lat' dir='ltr'><strong>MB&#39;.</strong></span> 
     </span>
    </p>
   </div>
   <div class='ocr_carea' id='block_1_86' title="bbox 2781 3023 3486 3098">
    <p class='ocr_par' dir='ltr' id='par_1_86' title="bbox 2781 3023 3486 3098">
     <span class='ocr_line' id='line_1_86' title="bbox 2781 3023 3486 3098; baseline -0.003 -17"><span class='ocrx_word' id='word_1_554' title='bbox 2781 3029 2808 3082; x_wconf 89' lang='lat'><strong>6</strong></span> <span class='ocrx_word' id='word_1_555' title='bbox 2863 3028 3015 3098; x_wconf 83' lang='grc' dir='ltr'><strong>Θεὸς,</strong></span> <span class='ocrx_word' id='word_1_556' title='bbox 3071 3027 3158 3080; x_wconf 78' lang='grc' dir='ltr'><strong>καὶ</strong></span> <span class='ocrx_word' id='word_1_557' title='bbox 3227 3023 3438 3080; x_wconf 85' lang='grc' dir='ltr'><strong>δίκασον</strong></span> <span class='ocrx_word' id='word_1_558' title='bbox 3473 3072 3486 3085; x_wconf 88' lang='grc'><strong>.</strong></span> 
     </span>
    </p>
   </div>
   <div class='ocr_carea' id='block_1_87' title="bbox 2325 3024 3889 3105">
    <p class='ocr_par' dir='ltr' id='par_1_87' title="bbox 2325 3024 3889 3105">
     <span class='ocr_line' id='line_1_87' title="bbox 2325 3024 3889 3105; baseline -0.005 -22"><span class='ocrx_word' id='word_1_559' title='bbox 2325 3027 2518 3104; x_wconf 80' lang='grc' dir='ltr'><strong>Κρῖνόν</strong></span> <span class='ocrx_word' id='word_1_560' title='bbox 2577 3049 2638 3101; x_wconf 76' lang='grc' dir='ltr'><strong>με</strong></span> <span class='ocrx_word' id='word_1_561' title='bbox 2677 3075 2693 3105; x_wconf 92' lang='grc'><strong>,</strong></span> <span class='ocrx_word' id='word_1_562' title='bbox 2781 3029 2808 3082; x_wconf 88' lang='lat'><strong>6</strong></span> <span class='ocrx_word' id='word_1_563' title='bbox 2863 3028 3015 3098; x_wconf 82' lang='grc' dir='ltr'><strong>Θεὸς,</strong></span> <span class='ocrx_word' id='word_1_564' title='bbox 3071 3027 3158 3080; x_wconf 80' lang='grc' dir='ltr'><strong>καὶ</strong></span> <span class='ocrx_word' id='word_1_565' title='bbox 3227 3024 3438 3080; x_wconf 87' lang='grc' dir='ltr'><strong>δίκασον</strong></span> <span class='ocrx_word' id='word_1_566' title='bbox 3473 3072 3486 3085; x_wconf 89' lang='grc'><strong>.</strong></span> <span class='ocrx_word' id='word_1_567' title='bbox 3548 3025 3657 3090; x_wconf 82' lang='grc' dir='ltr'><strong>Τὴν</strong></span> <span class='ocrx_word' id='word_1_568' title='bbox 3716 3024 3889 3088; x_wconf 73' lang='grc' dir='ltr'><strong>αὐτὴν</strong></span> 
     </span>
    </p>
   </div>
   <div class='ocr_carea' id='block_1_88' title="bbox 2197 3113 3889 3198">
    <p class='ocr_par' dir='ltr' id='par_1_88' title="bbox 2197 3113 3889 3198">
     <span class='ocr_line' id='line_1_88' title="bbox 2197 3113 3889 3198; baseline -0.004 -26"><span class='ocrx_word' id='word_1_569' title='bbox 2197 3186 2216 3198; x_wconf 29' lang='grc' dir='ltr'>ἱ</span> <span class='ocrx_word' id='word_1_570' title='bbox 2242 3117 2485 3173; x_wconf 80' lang='grc' dir='ltr'><strong>ὑπόθεσιν</strong></span> <span class='ocrx_word' id='word_1_571' title='bbox 2517 3123 2593 3190; x_wconf 80' lang='grc' dir='ltr'><strong>τῷ</strong></span> <span class='ocrx_word' id='word_1_572' title='bbox 2624 3117 2794 3172; x_wconf 77' lang='grc' dir='ltr'><strong>ὀπίσω</strong></span> <span class='ocrx_word' id='word_1_573' title='bbox 2822 3117 2909 3170; x_wconf 75' lang='grc' dir='ltr'><strong>καί</strong></span> <span class='ocrx_word' id='word_1_574' title='bbox 2930 3117 2957 3170; x_wconf 91' lang='lat'><strong>6</strong></span> <span class='ocrx_word' id='word_1_575' title='bbox 2989 3116 3171 3192; x_wconf 84' lang='grc' dir='ltr'><strong>παρών</strong></span> <span class='ocrx_word' id='word_1_576' title='bbox 3217 3113 3340 3194; x_wconf 80' lang='grc' dir='ltr'><strong>ἔχει</strong></span> <span class='ocrx_word' id='word_1_577' title='bbox 3398 3117 3631 3189; x_wconf 78' lang='grc' dir='ltr'><strong>ψαλμός,</strong></span> <span class='ocrx_word' id='word_1_578' title='bbox 3695 3119 3889 3190; x_wconf 87' lang='grc' dir='ltr'><strong>Προσ-</strong></span> 
     </span>
    </p>
   </div>
   <div class='ocr_carea' id='block_1_89' title="bbox 509 3193 2219 3277">
    <p class='ocr_par' dir='ltr' id='par_1_89' title="bbox 509 3193 2219 3277">
     <span class='ocr_line' id='line_1_89' title="bbox 509 3193 2219 3277; baseline -0.006 -12"><span class='ocrx_word' id='word_1_579' title='bbox 509 3193 671 3265; x_wconf 85' lang='lat' dir='ltr'><strong>enim</strong></span> <span class='ocrx_word' id='word_1_580' title='bbox 694 3203 905 3264; x_wconf 89' lang='lat' dir='ltr'><strong>iterum</strong></span> <span class='ocrx_word' id='word_1_581' title='bbox 922 3198 1469 3263; x_wconf 64' lang='lat' dir='ltr'><strong>Israelitaasalutem</strong></span> <span class='ocrx_word' id='word_1_582' title='bbox 1496 3215 1601 3277; x_wconf 89' lang='lat' dir='ltr'><strong>per</strong></span> <span class='ocrx_word' id='word_1_583' title='bbox 1615 3197 1916 3259; x_wconf 85' lang='lat' dir='ltr'><strong>Christum</strong></span> <span class='ocrx_word' id='word_1_584' title='bbox 1934 3205 2158 3276; x_wconf 86' lang='lat' dir='ltr'><strong>partam</strong></span> <span class='ocrx_word' id='word_1_585' title='bbox 2181 3193 2219 3235; x_wconf 64' lang='grc' dir='ltr'>υ</span> 
     </span>
    </p>
   </div>
   <div class='ocr_carea' id='block_1_90' title="bbox 2246 3201 3892 3285">
    <p class='ocr_par' dir='ltr' id='par_1_90' title="bbox 2246 3201 3892 3285">
     <span class='ocr_line' id='line_1_90' title="bbox 2246 3201 3892 3285; baseline -0.002 -23"><span class='ocrx_word' id='word_1_586' title='bbox 2246 3206 2496 3285; x_wconf 85' lang='grc' dir='ltr'><strong>έρχονται</strong></span> <span class='ocrx_word' id='word_1_587' title='bbox 2529 3207 2627 3282; x_wconf 77' lang='grc' dir='ltr'><strong>γὰρ</strong></span> <span class='ocrx_word' id='word_1_588' title='bbox 2651 3204 2811 3261; x_wconf 85' lang='grc' dir='ltr'><strong>πάλιν</strong></span> <span class='ocrx_word' id='word_1_589' title='bbox 2839 3207 2884 3260; x_wconf 83' lang='grc' dir='ltr'><strong>οἱ</strong></span> <span class='ocrx_word' id='word_1_590' title='bbox 2933 3203 2983 3268; x_wconf 78' lang='grc' dir='ltr'><strong>ἐξ</strong></span> <span class='ocrx_word' id='word_1_591' title='bbox 3054 3202 3268 3279; x_wconf 80' lang='grc' dir='ltr'><strong>Ἰσραὴλ</strong></span> <span class='ocrx_word' id='word_1_592' title='bbox 3333 3204 3432 3270; x_wconf 74' lang='grc' dir='ltr'><strong>τὴν</strong></span> <span class='ocrx_word' id='word_1_593' title='bbox 3498 3201 3581 3258; x_wconf 80' lang='grc' dir='ltr'><strong>διά</strong></span> <span class='ocrx_word' id='word_1_594' title='bbox 3656 3210 3892 3280; x_wconf 81' lang='grc' dir='ltr'><strong>Χριστοῦ</strong></span> 
     </span>
    </p>
   </div>
   <div class='ocr_carea' id='block_1_91' title="bbox 2244 3289 3897 3372">
    <p class='ocr_par' dir='ltr' id='par_1_91' title="bbox 2244 3289 3897 3372">
     <span class='ocr_line' id='line_1_91' title="bbox 2244 3289 3897 3372; baseline -0.002 -23"><span class='ocrx_word' id='word_1_595' title='bbox 2244 3296 2512 3370; x_wconf 87' lang='grc' dir='ltr'><strong>σωτηρίαν</strong></span> <span class='ocrx_word' id='word_1_596' title='bbox 2571 3293 2927 3367; x_wconf 76' lang='grc' dir='ltr'><strong>ἐξαιτούμενοι</strong></span> <span class='ocrx_word' id='word_1_597' title='bbox 2967 3340 2980 3353; x_wconf 89' lang='grc'><strong>,</strong></span> <span class='ocrx_word' id='word_1_598' title='bbox 3061 3295 3154 3347; x_wconf 82' lang='grc' dir='ltr'><strong>Διὸ</strong></span> <span class='ocrx_word' id='word_1_599' title='bbox 3214 3313 3373 3372; x_wconf 71' lang='grc' dir='ltr'><strong>φησιν</strong></span> <span class='ocrx_word' id='word_1_600' title='bbox 3410 3309 3427 3326; x_wconf 76' lang='grc'>⁸</span> <span class='ocrx_word' id='word_1_601' title='bbox 3482 3289 3897 3355; x_wconf 79' lang='grc' dir='ltr'><strong>Ἐξαπόστειλον</strong></span> 
     </span>
    </p>
   </div>
   <div class='ocr_carea' id='block_1_92' title="bbox 2241 3379 3892 3462">
    <p class='ocr_par' dir='ltr' id='par_1_92' title="bbox 2241 3379 3892 3462">
     <span class='ocr_line' id='line_1_92' title="bbox 2241 3379 3892 3462; baseline -0.001 -24"><span class='ocrx_word' id='word_1_602' title='bbox 2241 3385 2304 3438; x_wconf 91' lang='grc' dir='ltr'><strong>τὸ</strong></span> <span class='ocrx_word' id='word_1_603' title='bbox 2373 3385 2484 3462; x_wconf 64' lang='lat' dir='ltr'><strong>(pili;</strong></span> <span class='ocrx_word' id='word_1_604' title='bbox 2544 3404 2637 3439; x_wconf 93' lang='grc' dir='ltr'><strong>σου</strong></span> <span class='ocrx_word' id='word_1_605' title='bbox 2693 3383 2780 3438; x_wconf 83' lang='grc' dir='ltr'><strong>καὶ</strong></span> <span class='ocrx_word' id='word_1_606' title='bbox 2852 3382 2947 3447; x_wconf 78' lang='grc' dir='ltr'><strong>τὴν</strong></span> <span class='ocrx_word' id='word_1_607' title='bbox 2998 3381 3248 3450; x_wconf 76' lang='grc' dir='ltr'><strong>ἀλήθειάν</strong></span> <span class='ocrx_word' id='word_1_608' title='bbox 3303 3403 3418 3438; x_wconf 87' lang='grc' dir='ltr'><strong>σου.</strong></span> <span class='ocrx_word' id='word_1_609' title='bbox 3479 3379 3641 3444; x_wconf 68' lang='grc' dir='ltr'><strong>Αὐτὸς</strong></span> <span class='ocrx_word' id='word_1_610' title='bbox 3669 3379 3770 3456; x_wconf 81' lang='grc' dir='ltr'><strong>γὰρ</strong></span> <span class='ocrx_word' id='word_1_611' title='bbox 3804 3382 3892 3436; x_wconf 83' lang='grc' dir='ltr'><strong>αὸ-</strong></span> 
     </span>
    </p>
   </div>
   <div class='ocr_carea' id='block_1_93' title="bbox 2243 3468 3896 3549">
    <p class='ocr_par' dir='ltr' id='par_1_93' title="bbox 2243 3468 3896 3549">
     <span class='ocr_line' id='line_1_93' title="bbox 2243 3468 3896 3549; baseline -0.004 -21"><span class='ocrx_word' id='word_1_612' title='bbox 2243 3473 2363 3533; x_wconf 81' lang='grc' dir='ltr'><strong>τοὺς</strong></span> <span class='ocrx_word' id='word_1_613' title='bbox 2398 3473 2484 3527; x_wconf 83' lang='grc' dir='ltr'><strong>καὶ</strong></span> <span class='ocrx_word' id='word_1_614' title='bbox 2515 3474 2585 3536; x_wconf 78' lang='grc' dir='ltr'><strong>εἷς</strong></span> <span class='ocrx_word' id='word_1_615' title='bbox 2629 3473 2690 3528; x_wconf 89' lang='grc' dir='ltr'><strong>τὸ</strong></span> <span class='ocrx_word' id='word_1_616' title='bbox 2720 3471 2871 3549; x_wconf 76' lang='grc' dir='ltr'><strong>ἅγιον</strong></span> <span class='ocrx_word' id='word_1_617' title='bbox 2902 3470 3023 3548; x_wconf 77' lang='grc' dir='ltr'><strong>ὅρος</strong></span> <span class='ocrx_word' id='word_1_618' title='bbox 3071 3471 3302 3548; x_wconf 73' lang='grc' dir='ltr'><strong>εἰσάγειν</strong></span> <span class='ocrx_word' id='word_1_619' title='bbox 3359 3468 3575 3548; x_wconf 77' lang='grc' dir='ltr'><strong>ἔμελλε,</strong></span> <span class='ocrx_word' id='word_1_620' title='bbox 3617 3468 3896 3524; x_wconf 83' lang='grc' dir='ltr'><strong>τουτέστιν</strong></span> 
     </span>
    </p>
   </div>
   <div class='ocr_carea' id='block_1_94' title="bbox 2247 3558 3899 3639">
    <p class='ocr_par' dir='ltr' id='par_1_94' title="bbox 2247 3558 3899 3639">
     <span class='ocr_line' id='line_1_94' title="bbox 2247 3558 3899 3639; baseline -0.002 -23"><span class='ocrx_word' id='word_1_621' title='bbox 2247 3562 2318 3623; x_wconf 84' lang='grc' dir='ltr'><strong>εἰς</strong></span> <span class='ocrx_word' id='word_1_622' title='bbox 2352 3561 2444 3616; x_wconf 76' lang='grc' dir='ltr'><strong>τὸν</strong></span> <span class='ocrx_word' id='word_1_623' title='bbox 2476 3560 2693 3639; x_wconf 74' lang='grc' dir='ltr'><strong>οὐρανὸν</strong></span> <span class='ocrx_word' id='word_1_624' title='bbox 2754 3562 2841 3615; x_wconf 83' lang='grc' dir='ltr'><strong>καὶ</strong></span> <span class='ocrx_word' id='word_1_625' title='bbox 2887 3562 2960 3622; x_wconf 75' lang='grc' dir='ltr'><strong>εἰς</strong></span> <span class='ocrx_word' id='word_1_626' title='bbox 3019 3561 3112 3622; x_wconf 86' lang='grc' dir='ltr'><strong>τὰς</strong></span> <span class='ocrx_word' id='word_1_627' title='bbox 3170 3558 3279 3616; x_wconf 80' lang='grc' dir='ltr'><strong>ἅνω</strong></span> <span class='ocrx_word' id='word_1_628' title='bbox 3337 3561 3526 3638; x_wconf 81' lang='grc' dir='ltr'><strong>μονὰς,</strong></span> <span class='ocrx_word' id='word_1_629' title='bbox 3584 3558 3752 3636; x_wconf 80' lang='grc' dir='ltr'><strong>ἅσπερ</strong></span> <span class='ocrx_word' id='word_1_630' title='bbox 3806 3561 3899 3614; x_wconf 85' lang='grc' dir='ltr'><strong>καὶ</strong></span> 
     </span>
    </p>
   </div>
   <div class='ocr_carea' id='block_1_95' title="bbox 2248 3649 3894 3725">
    <p class='ocr_par' dir='ltr' id='par_1_95' title="bbox 2248 3649 3894 3725">
     <span class='ocr_line' id='line_1_95' title="bbox 2248 3649 3894 3725; baseline -0.004 -19"><span class='ocrx_word' id='word_1_631' title='bbox 2248 3649 2578 3724; x_wconf 85' lang='grc' dir='ltr'><strong>σκηνώματα</strong></span> <span class='ocrx_word' id='word_1_632' title='bbox 2612 3651 2877 3724; x_wconf 82' lang='grc' dir='ltr'><strong>ὀ.ομάζει·</strong></span> <span class='ocrx_word' id='word_1_633' title='bbox 2917 3653 3002 3706; x_wconf 84' lang='grc' dir='ltr'><strong>καὶ</strong></span> <span class='ocrx_word' id='word_1_634' title='bbox 3048 3651 3120 3714; x_wconf 82' lang='grc' dir='ltr'><strong>εἰς</strong></span> <span class='ocrx_word' id='word_1_635' title='bbox 3149 3652 3212 3705; x_wconf 89' lang='grc' dir='ltr'><strong>τὸ</strong></span> <span class='ocrx_word' id='word_1_636' title='bbox 3257 3651 3451 3716; x_wconf 90' lang='grc' dir='ltr'><strong>νοητὸν</strong></span> <span class='ocrx_word' id='word_1_637' title='bbox 3494 3649 3894 3725; x_wconf 65' lang='grc' dir='ltr'><strong>θυσιαστήριονθ</strong></span> 
     </span>
    </p>
   </div>
   <div class='ocr_carea' id='block_1_96' title="bbox 2248 3737 3895 3816">
    <p class='ocr_par' dir='ltr' id='par_1_96' title="bbox 2248 3737 3895 3816">
     <span class='ocr_line' id='line_1_96' title="bbox 2248 3737 3895 3816; baseline -0.001 -22"><span class='ocrx_word' id='word_1_638' title='bbox 2248 3741 2334 3794; x_wconf 87' lang='grc' dir='ltr'><strong>καὶ</strong></span> <span class='ocrx_word' id='word_1_639' title='bbox 2396 3740 2552 3801; x_wconf 77' lang='grc' dir='ltr'><strong>αὐτὸς</strong></span> <span class='ocrx_word' id='word_1_640' title='bbox 2613 3743 2784 3797; x_wconf 75' lang='grc' dir='ltr'><strong>αὐτῶν</strong></span> <span class='ocrx_word' id='word_1_641' title='bbox 2846 3738 3067 3815; x_wconf 69' lang='grc' dir='ltr'><strong>ἔμελλεν</strong></span> <span class='ocrx_word' id='word_1_642' title='bbox 3136 3737 3425 3816; x_wconf 64' lang='grc' dir='ltr'><strong>εὖφραίνειν</strong></span> <span class='ocrx_word' id='word_1_643' title='bbox 3481 3739 3579 3803; x_wconf 77' lang='grc' dir='ltr'><strong>τὴν</strong></span> <span class='ocrx_word' id='word_1_644' title='bbox 3638 3737 3895 3803; x_wconf 80' lang='grc' dir='ltr'><strong>νεότητα.</strong></span> 
     </span>
    </p>
   </div>
   <div class='ocr_carea' id='block_1_97' title="bbox 2249 3822 3896 3906">
    <p class='ocr_par' dir='ltr' id='par_1_97' title="bbox 2249 3822 3896 3906">
     <span class='ocr_line' id='line_1_97' title="bbox 2249 3822 3896 3906; baseline -0.002 -22"><span class='ocrx_word' id='word_1_645' title='bbox 2249 3827 2488 3894; x_wconf 86' lang='grc' dir='ltr'><strong>Νεότητα</strong></span> <span class='ocrx_word' id='word_1_646' title='bbox 2520 3825 2572 3882; x_wconf 76' lang='grc' dir='ltr'><strong>δὲ</strong></span> <span class='ocrx_word' id='word_1_647' title='bbox 2605 3826 2764 3883; x_wconf 84' lang='grc' dir='ltr'><strong>καλεῖ</strong></span> <span class='ocrx_word' id='word_1_648' title='bbox 2789 3828 2890 3894; x_wconf 75' lang='grc' dir='ltr'><strong>τὴν</strong></span> <span class='ocrx_word' id='word_1_649' title='bbox 2943 3827 3294 3906; x_wconf 70' lang='grc' dir='ltr'><strong>εὐφροσύνην,</strong></span> <span class='ocrx_word' id='word_1_650' title='bbox 3350 3829 3450 3894; x_wconf 77' lang='grc' dir='ltr'><strong>τὴν</strong></span> <span class='ocrx_word' id='word_1_651' title='bbox 3495 3827 3584 3882; x_wconf 85' lang='grc' dir='ltr'><strong>καὶ</strong></span> <span class='ocrx_word' id='word_1_652' title='bbox 3641 3822 3896 3880; x_wconf 76' lang='grc' dir='ltr'><strong>ἄνανεου-</strong></span> 
     </span>
    </p>
   </div>
   <div class='ocr_carea' id='block_1_98' title="bbox 2247 3914 3899 3995">
    <p class='ocr_par' dir='ltr' id='par_1_98' title="bbox 2247 3914 3899 3995">
     <span class='ocr_line' id='line_1_98' title="bbox 2247 3914 3899 3995; baseline -0.001 -25"><span class='ocrx_word' id='word_1_653' title='bbox 2247 3917 2415 3990; x_wconf 80' lang='grc' dir='ltr'><strong>μένην</strong></span> <span class='ocrx_word' id='word_1_654' title='bbox 2459 3916 2632 3972; x_wconf 71' lang='grc' dir='ltr'><strong>αὐτῶν</strong></span> <span class='ocrx_word' id='word_1_655' title='bbox 2705 3917 2804 3982; x_wconf 77' lang='grc' dir='ltr'><strong>τὴν</strong></span> <span class='ocrx_word' id='word_1_656' title='bbox 2855 3915 3065 3995; x_wconf 65' lang='grc' dir='ltr'><strong>ψυχήν.</strong></span> <span class='ocrx_word' id='word_1_657' title='bbox 3134 3917 3226 3970; x_wconf 84' lang='grc' dir='ltr'><strong>Διὸ</strong></span> <span class='ocrx_word' id='word_1_658' title='bbox 3282 3916 3370 3971; x_wconf 80' lang='grc' dir='ltr'><strong>καὶ</strong></span> <span class='ocrx_word' id='word_1_659' title='bbox 3421 3914 3472 3970; x_wconf 88' lang='grc' dir='ltr'><strong>ἐν</strong></span> <span class='ocrx_word' id='word_1_660' title='bbox 3544 3914 3729 3989; x_wconf 78' lang='grc' dir='ltr'><strong>κιθάρᾳ</strong></span> <span class='ocrx_word' id='word_1_661' title='bbox 3785 3915 3899 3968; x_wconf 77' lang='grc' dir='ltr'><strong>ὺπ-</strong></span> 
     </span>
    </p>
   </div>
   <div class='ocr_carea' id='block_1_99' title="bbox 2247 4002 3903 4084">
    <p class='ocr_par' dir='ltr' id='par_1_99' title="bbox 2247 4002 3903 4084">
     <span class='ocr_line' id='line_1_99' title="bbox 2247 4002 3903 4084; baseline -0.001 -25"><span class='ocrx_word' id='word_1_662' title='bbox 2247 4013 2522 4083; x_wconf 83' lang='grc' dir='ltr'><strong>ισχοῦνται</strong></span> <span class='ocrx_word' id='word_1_663' title='bbox 2559 4010 2700 4079; x_wconf 77' lang='grc' dir='ltr'><strong>αὐτῷ</strong></span> <span class='ocrx_word' id='word_1_664' title='bbox 2747 4006 3058 4084; x_wconf 78' lang='grc' dir='ltr'><strong>προσφέρειν</strong></span> <span class='ocrx_word' id='word_1_665' title='bbox 3113 4007 3208 4071; x_wconf 71' lang='grc' dir='ltr'><strong>τὴν</strong></span> <span class='ocrx_word' id='word_1_666' title='bbox 3266 4002 3669 4082; x_wconf 78' lang='grc' dir='ltr'><strong>ἐξομολόγησιν.</strong></span> <span class='ocrx_word' id='word_1_667' title='bbox 3728 4004 3903 4059; x_wconf 69' lang='grc' dir='ltr'><strong>Κιθάο</strong></span> 
     </span>
    </p>
   </div>
   <div class='ocr_carea' id='block_1_100' title="bbox 2245 4091 3511 4172">
    <p class='ocr_par' dir='ltr' id='par_1_100' title="bbox 2245 4091 3511 4172">
     <span class='ocr_line' id='line_1_100' title="bbox 2245 4091 3511 4172; baseline -0.002 -22"><span class='ocrx_word' id='word_1_668' title='bbox 2245 4116 2337 4172; x_wconf 89' lang='grc' dir='ltr'><strong>ραν</strong></span> <span class='ocrx_word' id='word_1_669' title='bbox 2361 4092 2415 4150; x_wconf 75' lang='grc' dir='ltr'><strong>δὲ</strong></span> <span class='ocrx_word' id='word_1_670' title='bbox 2450 4093 2710 4158; x_wconf 84' lang='grc' dir='ltr'><strong>πολλάκις</strong></span> <span class='ocrx_word' id='word_1_671' title='bbox 2741 4097 2801 4150; x_wconf 88' lang='grc' dir='ltr'><strong>τὸ</strong></span> <span class='ocrx_word' id='word_1_672' title='bbox 2825 4100 2978 4169; x_wconf 84' lang='grc' dir='ltr'><strong>σῶμα</strong></span> <span class='ocrx_word' id='word_1_673' title='bbox 3010 4107 3155 4151; x_wconf 91' lang='grc' dir='ltr'><strong>νοεῖν</strong></span> <span class='ocrx_word' id='word_1_674' title='bbox 3184 4091 3511 4168; x_wconf 81' lang='grc' dir='ltr'><strong>ἐδιδάξαμεν,</strong></span> 
     </span>
    </p>
   </div>
   <div class='ocr_carea' id='block_1_101' title="bbox 2463 4181 3680 4258">
    <p class='ocr_par' dir='ltr' id='par_1_101' title="bbox 2463 4181 3680 4258">
     <span class='ocr_line' id='line_1_101' title="bbox 2463 4181 3680 4258; baseline -0.002 -18"><span class='ocrx_word' id='word_1_675' title='bbox 2463 4185 2546 4246; x_wconf 80' lang='grc' dir='ltr'><strong>Εἷς</strong></span> <span class='ocrx_word' id='word_1_676' title='bbox 2578 4186 2637 4239; x_wconf 79' lang='grc' dir='ltr'><strong>τὸ</strong></span> <span class='ocrx_word' id='word_1_677' title='bbox 2667 4181 2818 4248; x_wconf 78' lang='grc' dir='ltr'><strong>τέϐος</strong></span> <span class='ocrx_word' id='word_1_678' title='bbox 2850 4197 2965 4246; x_wconf 86' lang='grc' dir='ltr'><strong>τοῖς</strong></span> <span class='ocrx_word' id='word_1_679' title='bbox 2995 4186 3130 4248; x_wconf 79' lang='grc' dir='ltr'><strong>υἱοῖς</strong></span> <span class='ocrx_word' id='word_1_680' title='bbox 3179 4183 3313 4258; x_wconf 78' lang='grc' dir='ltr'><strong>Κορὲ</strong></span> <span class='ocrx_word' id='word_1_681' title='bbox 3347 4183 3420 4245; x_wconf 78' lang='grc' dir='ltr'><strong>είς</strong></span> <span class='ocrx_word' id='word_1_682' title='bbox 3453 4182 3680 4238; x_wconf 79' lang='grc' dir='ltr'><strong>σύνεσιν.</strong></span> 
     </span>
    </p>
   </div>
   <div class='ocr_carea' id='block_1_102' title="bbox 2849 4264 3304 4334">
    <p class='ocr_par' dir='ltr' id='par_1_102' title="bbox 2849 4264 3304 4334">
     <span class='ocr_line' id='line_1_102' title="bbox 2849 4264 3304 4334; baseline -0.002 -6"><span class='ocrx_word' id='word_1_683' title='bbox 2849 4279 3137 4331; x_wconf 52' lang='lat' dir='ltr'><strong>miluos</strong></span> <span class='ocrx_word' id='word_1_684' title='bbox 3169 4264 3304 4334; x_wconf 60' lang='grc' dir='ltr'><strong>ΜΓ,</strong></span> 
     </span>
    </p>
   </div>
   <div class='ocr_carea' id='block_1_103' title="bbox 2920 4362 3220 4426">
    <p class='ocr_par' dir='ltr' id='par_1_103' title="bbox 2920 4362 3220 4426">
     <span class='ocr_line' id='line_1_103' title="bbox 2920 4362 3220 4426; baseline -0.007 -6"><span class='ocrx_word' id='word_1_685' title='bbox 2920 4362 3220 4426; x_wconf 80' lang='grc' dir='ltr'><strong>’ΐπόθεσις.</strong></span> 
     </span>
    </p>
   </div>
   <div class='ocr_carea' id='block_1_104' title="bbox 2261 4449 3896 4530">
    <p class='ocr_par' dir='ltr' id='par_1_104' title="bbox 2261 4449 3896 4530">
     <span class='ocr_line' id='line_1_104' title="bbox 2261 4449 3896 4530; baseline -0.017 -7"><span class='ocrx_word' id='word_1_686' title='bbox 2261 4450 2388 4530; x_wconf 65' lang='grc' dir='ltr'><strong>[Κσιὶ</strong></span> <span class='ocrx_word' id='word_1_687' title='bbox 2420 4453 2495 4508; x_wconf 68' lang='grc' dir='ltr'><strong>ἔτι</strong></span> <span class='ocrx_word' id='word_1_688' title='bbox 2523 4455 2671 4516; x_wconf 68' lang='grc' dir='ltr'><strong>οὗτος</strong></span> <span class='ocrx_word' id='word_1_689' title='bbox 2702 4457 2799 4518; x_wconf 74' lang='grc' dir='ltr'><strong>τῆς</strong></span> <span class='ocrx_word' id='word_1_690' title='bbox 2833 4451 2996 4518; x_wconf 71' lang='grc' dir='ltr'><strong>αὔτῆς</strong></span> <span class='ocrx_word' id='word_1_691' title='bbox 3021 4450 3316 4514; x_wconf 79' lang='grc' dir='ltr'><strong>ὑποθέσεως</strong></span> <span class='ocrx_word' id='word_1_692' title='bbox 3351 4449 3538 4530; x_wconf 75' lang='grc' dir='ltr'><strong>ἔχεται</strong></span> <span class='ocrx_word' id='word_1_693' title='bbox 3566 4469 3576 4480; x_wconf 91' lang='grc'><strong>·</strong></span> <span class='ocrx_word' id='word_1_694' title='bbox 3630 4451 3721 4512; x_wconf 73' lang='grc' dir='ltr'><strong>τὰς</strong></span> <span class='ocrx_word' id='word_1_695' title='bbox 3782 4473 3896 4506; x_wconf 68' lang='grc' dir='ltr'><strong>πα-</strong></span> 
     </span>
    </p>
   </div>
   <div class='ocr_carea' id='block_1_105' title="bbox 2328 4538 3901 4620">
    <p class='ocr_par' dir='ltr' id='par_1_105' title="bbox 2328 4538 3901 4620">
     <span class='ocr_line' id='line_1_105' title="bbox 2328 4538 3901 4620; baseline -0.002 -23"><span class='ocrx_word' id='word_1_696' title='bbox 2328 4541 2484 4606; x_wconf 72' lang='grc' dir='ltr'><strong>λαιᾶς</strong></span> <span class='ocrx_word' id='word_1_697' title='bbox 2546 4543 2844 4620; x_wconf 72' lang='grc' dir='ltr'><strong>εὐεργεσίας</strong></span> <span class='ocrx_word' id='word_1_698' title='bbox 2903 4539 3291 4617; x_wconf 73' lang='grc' dir='ltr'><strong>διηγουμένων,</strong></span> <span class='ocrx_word' id='word_1_699' title='bbox 3355 4541 3442 4596; x_wconf 83' lang='grc' dir='ltr'><strong>καὶ</strong></span> <span class='ocrx_word' id='word_1_700' title='bbox 3493 4538 3901 4618; x_wconf 76' lang='grc' dir='ltr'><strong>προσληφθῆναι</strong></span> 
     </span>
    </p>
   </div>
   <div class='ocr_carea' id='block_1_106' title="bbox 2327 4627 3898 4708">
    <p class='ocr_par' dir='ltr' id='par_1_106' title="bbox 2327 4627 3898 4708">
     <span class='ocr_line' id='line_1_106' title="bbox 2327 4627 3898 4708; baseline -0.003 -22"><span class='ocrx_word' id='word_1_701' title='bbox 2327 4631 2610 4695; x_wconf 77' lang='grc' dir='ltr'><strong>ἀξιούντων</strong></span> <span class='ocrx_word' id='word_1_702' title='bbox 2634 4629 2718 4685; x_wconf 82' lang='grc' dir='ltr'><strong>διὰ</strong></span> <span class='ocrx_word' id='word_1_703' title='bbox 2746 4637 2840 4686; x_wconf 76' lang='grc' dir='ltr'><strong>τοῦ</strong></span> <span class='ocrx_word' id='word_1_704' title='bbox 2888 4631 3044 4685; x_wconf 78' lang='grc' dir='ltr'><strong>αὐτὸν</strong></span> <span class='ocrx_word' id='word_1_705' title='bbox 3098 4630 3476 4708; x_wconf 72' lang='grc' dir='ltr'><strong>ἐπιγράφεσθαι</strong></span> <span class='ocrx_word' id='word_1_706' title='bbox 3528 4628 3624 4695; x_wconf 78' lang='grc' dir='ltr'><strong>τήν</strong></span> <span class='ocrx_word' id='word_1_707' title='bbox 3679 4627 3898 4699; x_wconf 81' lang='grc' dir='ltr'><strong>ἐλπίδα,</strong></span> 
     </span>
    </p>
   </div>
   <div class='ocr_carea' id='block_1_107' title="bbox 2325 4717 3566 4796">
    <p class='ocr_par' dir='ltr' id='par_1_107' title="bbox 2325 4717 3566 4796">
     <span class='ocr_line' id='line_1_107' title="bbox 2325 4717 3566 4796; baseline 0.002 -22"><span class='ocrx_word' id='word_1_708' title='bbox 2325 4721 2410 4776; x_wconf 78' lang='grc' dir='ltr'><strong>καὶ</strong></span> <span class='ocrx_word' id='word_1_709' title='bbox 2441 4719 2525 4775; x_wconf 84' lang='grc' dir='ltr'><strong>ἐπὶ</strong></span> <span class='ocrx_word' id='word_1_710' title='bbox 2554 4726 2630 4792; x_wconf 81' lang='grc' dir='ltr'><strong>τῷ</strong></span> <span class='ocrx_word' id='word_1_711' title='bbox 2659 4719 2878 4792; x_wconf 75' lang='grc' dir='ltr'><strong>ὀνόματι</strong></span> <span class='ocrx_word' id='word_1_712' title='bbox 2906 4722 3063 4776; x_wconf 77' lang='grc' dir='ltr'><strong>αὐτοῦ</strong></span> <span class='ocrx_word' id='word_1_713' title='bbox 3093 4717 3566 4796; x_wconf 79' lang='grc' dir='ltr'><strong>ἐξομολογεῖσθαι.</strong></span> 
     </span>
    </p>
   </div>
   <div class='ocr_carea' id='block_1_108' title="bbox 2329 4805 3894 4887">
    <p class='ocr_par' dir='ltr' id='par_1_108' title="bbox 2329 4805 3894 4887">
     <span class='ocr_line' id='line_1_108' title="bbox 2329 4805 3894 4887; baseline -0.002 -23"><span class='ocrx_word' id='word_1_714' title='bbox 2329 4809 2692 4874; x_wconf 86' lang='grc' dir='ltr'><strong>Ἐταπεινώθη</strong></span> <span class='ocrx_word' id='word_1_715' title='bbox 2743 4809 2814 4870; x_wconf 82' lang='grc' dir='ltr'><strong>εἷς</strong></span> <span class='ocrx_word' id='word_1_716' title='bbox 2875 4814 3006 4887; x_wconf 78' lang='grc' dir='ltr'><strong>χοῦν</strong></span> <span class='ocrx_word' id='word_1_717' title='bbox 3071 4811 3102 4874; x_wconf 70' lang='grc' dir='ltr'>ἡ</span> <span class='ocrx_word' id='word_1_718' title='bbox 3165 4808 3338 4886; x_wconf 76' lang='grc' dir='ltr'><strong>ψυχή</strong></span> <span class='ocrx_word' id='word_1_719' title='bbox 3376 4807 3557 4882; x_wconf 71' lang='grc' dir='ltr'><strong>ἡμῶν.</strong></span> <span class='ocrx_word' id='word_1_720' title='bbox 3611 4805 3760 4864; x_wconf 61' lang='grc' dir='ltr'><strong>Οὕτω</strong></span> <span class='ocrx_word' id='word_1_721' title='bbox 3791 4830 3894 4887; x_wconf 74' lang='grc' dir='ltr'><strong>ερα-</strong></span> 
     </span>
    </p>
   </div>
   <div class='ocr_carea' id='block_1_109' title="bbox 2251 4896 3904 4976">
    <p class='ocr_par' dir='ltr' id='par_1_109' title="bbox 2251 4896 3904 4976">
     <span class='ocr_line' id='line_1_109' title="bbox 2251 4896 3904 4976; baseline 0.001 -24"><span class='ocrx_word' id='word_1_722' title='bbox 2251 4901 2328 4952; x_wconf 85' lang='grc' dir='ltr'><strong>σὶν</strong></span> <span class='ocrx_word' id='word_1_723' title='bbox 2389 4896 2591 4976; x_wconf 70' lang='grc' dir='ltr'><strong>ἐπειδὴ,</strong></span> <span class='ocrx_word' id='word_1_724' title='bbox 2645 4897 2988 4971; x_wconf 80' lang='grc' dir='ltr'><strong>ἀπωσάμενοι</strong></span> <span class='ocrx_word' id='word_1_725' title='bbox 3079 4910 3293 4976; x_wconf 76' lang='grc' dir='ltr'><strong>φρονεῖν</strong></span> <span class='ocrx_word' id='word_1_726' title='bbox 3352 4898 3418 4953; x_wconf 79' lang='grc' dir='ltr'><strong>τὰ</strong></span> <span class='ocrx_word' id='word_1_727' title='bbox 3500 4902 3766 4975; x_wconf 80' lang='grc' dir='ltr'><strong>Χριστοῦ,</strong></span> <span class='ocrx_word' id='word_1_728' title='bbox 3829 4899 3904 4962; x_wconf 74' lang='grc' dir='ltr'><strong>εἷς</strong></span> 
     </span>
    </p>
   </div>
   <div class='ocr_carea' id='block_1_110' title="bbox 2251 4983 3210 5067">
    <p class='ocr_par' dir='ltr' id='par_1_110' title="bbox 2251 4983 3210 5067">
     <span class='ocr_line' id='line_1_110' title="bbox 2251 4983 3210 5067; baseline -0.003 -26"><span class='ocrx_word' id='word_1_729' title='bbox 2251 5008 2499 5065; x_wconf 78' lang='grc' dir='ltr'><strong>φρονημα</strong></span> <span class='ocrx_word' id='word_1_730' title='bbox 2543 4989 2794 5064; x_wconf 75' lang='grc' dir='ltr'><strong>σαρκικὸν</strong></span> <span class='ocrx_word' id='word_1_731' title='bbox 2827 4983 3210 5067; x_wconf 81' lang='grc' dir='ltr'><strong>κατέστησαν,]</strong></span> 
     </span>
    </p>
   </div>
   <div class='ocr_carea' id='block_1_111' title="bbox 2334 5072 3555 5154">
    <p class='ocr_par' dir='ltr' id='par_1_111' title="bbox 2334 5072 3555 5154">
     <span class='ocr_line' id='line_1_111' title="bbox 2334 5072 3555 5154; baseline 0 -22"><span class='ocrx_word' id='word_1_732' title='bbox 2334 5072 2390 5132; x_wconf 84' lang='grc' dir='ltr'>Ὀ</span> <span class='ocrx_word' id='word_1_733' title='bbox 2426 5077 2636 5154; x_wconf 82' lang='grc' dir='ltr'><strong>Κύριος,</strong></span> <span class='ocrx_word' id='word_1_734' title='bbox 2669 5075 2722 5129; x_wconf 84' lang='grc' dir='ltr'><strong>ἐν</strong></span> <span class='ocrx_word' id='word_1_735' title='bbox 2745 5088 2862 5138; x_wconf 85' lang='grc' dir='ltr'><strong>τοῖς</strong></span> <span class='ocrx_word' id='word_1_736' title='bbox 2885 5074 3012 5130; x_wconf 86' lang='grc' dir='ltr'><strong>ὠσὶν</strong></span> <span class='ocrx_word' id='word_1_737' title='bbox 3044 5077 3196 5150; x_wconf 79' lang='grc' dir='ltr'><strong>ἡμῶν</strong></span> <span class='ocrx_word' id='word_1_738' title='bbox 3227 5075 3555 5149; x_wconf 82' lang='grc' dir='ltr'><strong>ἠκούσαμεν.</strong></span> 
     </span>
    </p>
   </div>
   <div class='ocr_carea' id='block_1_112' title="bbox 2337 5163 3899 5244">
    <p class='ocr_par' dir='ltr' id='par_1_112' title="bbox 2337 5163 3899 5244">
     <span class='ocr_line' id='line_1_112' title="bbox 2337 5163 3899 5244; baseline -0.001 -23"><span class='ocrx_word' id='word_1_739' title='bbox 2337 5163 2541 5221; x_wconf 83' lang='grc' dir='ltr'><strong>Νυνὶδέ</strong></span> <span class='ocrx_word' id='word_1_740' title='bbox 2600 5164 2825 5244; x_wconf 82' lang='grc' dir='ltr'><strong>ἀπώσω,</strong></span> <span class='ocrx_word' id='word_1_741' title='bbox 2884 5166 2971 5219; x_wconf 84' lang='grc' dir='ltr'><strong>καί</strong></span> <span class='ocrx_word' id='word_1_742' title='bbox 3025 5163 3369 5243; x_wconf 72' lang='grc' dir='ltr'><strong>κατῄσχυνας</strong></span> <span class='ocrx_word' id='word_1_743' title='bbox 3426 5166 3591 5238; x_wconf 81' lang='grc' dir='ltr'><strong>ἡμᾶς.</strong></span> <span class='ocrx_word' id='word_1_744' title='bbox 3657 5165 3753 5220; x_wconf 69' lang='grc' dir='ltr'><strong>Καὶ</strong></span> <span class='ocrx_word' id='word_1_745' title='bbox 3801 5166 3899 5219; x_wconf 74' lang='grc' dir='ltr'><strong>οὒκ</strong></span> 
     </span>
    </p>
   </div>
   <div class='ocr_carea' id='block_1_113' title="bbox 2253 5250 3893 5332">
    <p class='ocr_par' dir='ltr' id='par_1_113' title="bbox 2253 5250 3893 5332">
     <span class='ocr_line' id='line_1_113' title="bbox 2253 5250 3893 5332; baseline -0.001 -25"><span class='ocrx_word' id='word_1_746' title='bbox 2253 5251 2526 5332; x_wconf 80' lang='grc' dir='ltr'><strong>ἐξελεύσῃ,</strong></span> <span class='ocrx_word' id='word_1_747' title='bbox 2559 5255 2713 5328; x_wconf 81' lang='grc' dir='ltr'><strong>Θεὸς,</strong></span> <span class='ocrx_word' id='word_1_748' title='bbox 2743 5252 2798 5307; x_wconf 90' lang='grc' dir='ltr'><strong>ἐν</strong></span> <span class='ocrx_word' id='word_1_749' title='bbox 2829 5266 2949 5318; x_wconf 83' lang='grc' dir='ltr'><strong>ταῖς</strong></span> <span class='ocrx_word' id='word_1_750' title='bbox 2980 5250 3262 5327; x_wconf 79' lang='grc' dir='ltr'><strong>δυνάμεσιν</strong></span> <span class='ocrx_word' id='word_1_751' title='bbox 3307 5256 3486 5328; x_wconf 80' lang='grc' dir='ltr'><strong>ἡμῶν.</strong></span> <span class='ocrx_word' id='word_1_752' title='bbox 3549 5250 3746 5332; x_wconf 80' lang='grc' dir='ltr'><strong>Πάλαι,</strong></span> <span class='ocrx_word' id='word_1_753' title='bbox 3780 5275 3893 5330; x_wconf 69' lang='grc' dir='ltr'><strong>φης-</strong></span> 
     </span>
    </p>
   </div>
   <div class='ocr_carea' id='block_1_114' title="bbox 2255 5340 3895 5420">
    <p class='ocr_par' dir='ltr' id='par_1_114' title="bbox 2255 5340 3895 5420">
     <span class='ocr_line' id='line_1_114' title="bbox 2255 5340 3895 5420; baseline 0.001 -22"><span class='ocrx_word' id='word_1_754' title='bbox 2255 5343 2359 5420; x_wconf 80' lang='grc' dir='ltr'><strong>σὶν,</strong></span> <span class='ocrx_word' id='word_1_755' title='bbox 2387 5345 2824 5420; x_wconf 81' lang='grc' dir='ltr'><strong>συνεστρατήγεις</strong></span> <span class='ocrx_word' id='word_1_756' title='bbox 2854 5344 3013 5418; x_wconf 74' lang='grc' dir='ltr'><strong>ἡμλν·</strong></span> <span class='ocrx_word' id='word_1_757' title='bbox 3038 5348 3125 5396; x_wconf 82' lang='grc' dir='ltr'><strong>νῦν</strong></span> <span class='ocrx_word' id='word_1_758' title='bbox 3154 5341 3207 5398; x_wconf 74' lang='grc' dir='ltr'><strong>δὲ</strong></span> <span class='ocrx_word' id='word_1_759' title='bbox 3227 5344 3284 5400; x_wconf 76' lang='grc' dir='ltr'><strong>οὔ</strong></span> <span class='ocrx_word' id='word_1_760' title='bbox 3317 5344 3478 5417; x_wconf 57' lang='grc' dir='ltr'><strong>μόνον</strong></span> <span class='ocrx_word' id='word_1_761' title='bbox 3509 5345 3568 5400; x_wconf 82' lang='grc' dir='ltr'><strong>οὖ</strong></span> <span class='ocrx_word' id='word_1_762' title='bbox 3596 5340 3895 5419; x_wconf 77' lang='grc' dir='ltr'><strong>συνεξέρχῃ</strong></span> 
     </span>
    </p>
   </div>
   <div class='ocr_carea' id='block_1_115' title="bbox 2600 3293 2980 3367">
    <p class='ocr_par' dir='ltr' id='par_1_115' title="bbox 2600 3293 2980 3367">
     <span class='ocr_line' id='line_1_115' title="bbox 2600 3293 2980 3367; baseline -0.005 -19"><span class='ocrx_word' id='word_1_763' title='bbox 2600 3293 2927 3367; x_wconf 80' lang='grc' dir='ltr'><strong>Ξαιτούμενοι</strong></span> <span class='ocrx_word' id='word_1_764' title='bbox 2967 3340 2980 3353; x_wconf 89' lang='grc'><strong>,</strong></span> 
     </span>
    </p>
   </div>
   <div class='ocr_carea' id='block_1_116' title="bbox 611 5632 2302 5714">
    <p class='ocr_par' dir='ltr' id='par_1_116' title="bbox 611 5632 2302 5714">
     <span class='ocr_line' id='line_1_116' title="bbox 611 5632 2302 5714; baseline 0.004 -22"><span class='ocrx_word' id='word_1_765' title='bbox 611 5635 728 5714; x_wconf 62' lang='grc'><strong>(15)</strong></span> <span class='ocrx_word' id='word_1_766' title='bbox 763 5632 862 5695; x_wconf 78' lang='lat' dir='ltr'><strong>Est</strong></span> <span class='ocrx_word' id='word_1_767' title='bbox 896 5635 1208 5713; x_wconf 82' lang='lat' dir='ltr'><strong>explicatio</strong></span> <span class='ocrx_word' id='word_1_768' title='bbox 1244 5633 1445 5694; x_wconf 87' lang='lat' dir='ltr'><strong>brevis</strong></span> <span class='ocrx_word' id='word_1_769' title='bbox 1482 5633 1655 5694; x_wconf 91' lang='lat' dir='ltr'><strong>totius</strong></span> <span class='ocrx_word' id='word_1_770' title='bbox 1689 5635 1902 5714; x_wconf 85' lang='lat' dir='ltr'><strong>psalmi</strong></span> <span class='ocrx_word' id='word_1_771' title='bbox 1930 5635 2144 5698; x_wconf 74' lang='lat' dir='ltr'><strong>Iudico</strong></span> <span class='ocrx_word' id='word_1_772' title='bbox 2179 5653 2302 5707; x_wconf 83' lang='lat' dir='ltr'><strong>me.</strong></span> 
     </span>
    </p>
   </div>
  </div>
