  <div class='ocr_page' id='page_1' title='image "/cluster/home/n/w/nwhite01/storage/ocr_20150623/27/hvd.32044054272802/111.png"; bbox 0 0 4006 6204; ppageno 0'>
   <div class='ocr_carea' id='block_1_1' title="bbox 487 347 594 444">
    <p class='ocr_par' dir='ltr' id='par_1_1' title="bbox 487 347 594 444">
     <span class='ocr_line' id='line_1_1' title="bbox 487 347 594 444; baseline -0.009 0"><span class='ocrx_word' id='word_1_1' title='bbox 487 347 594 444; x_wconf 56' lang='lat' dir='ltr'><strong>in</strong></span> 
     </span>
    </p>
   </div>
   <div class='ocr_carea' id='block_1_2' title="bbox 484 605 2128 684">
    <p class='ocr_par' dir='ltr' id='par_1_2' title="bbox 484 605 2128 684">
     <span class='ocr_line' id='line_1_2' title="bbox 484 605 2128 684; baseline -0.003 -16"><span class='ocrx_word' id='word_1_2' title='bbox 484 607 865 681; x_wconf 76' lang='lat' dir='ltr'><strong>vit,decorem</strong></span> <span class='ocrx_word' id='word_1_3' title='bbox 892 607 1142 668; x_wconf 82' lang='lat' dir='ltr'><strong>indutus</strong></span> <span class='ocrx_word' id='word_1_4' title='bbox 1178 605 1542 684; x_wconf 83' lang='lat' dir='ltr'><strong>est,indutus</strong></span> <span class='ocrx_word' id='word_1_5' title='bbox 1569 613 1653 666; x_wconf 85' lang='lat' dir='ltr'><strong>est</strong></span> <span class='ocrx_word' id='word_1_6' title='bbox 1685 606 1981 668; x_wconf 75' lang='lat' dir='ltr'><strong>Dominus</strong></span> <span class='ocrx_word' id='word_1_7' title='bbox 2002 609 2128 667; x_wconf 82' lang='lat' dir='ltr'><strong>vir-</strong></span> 
     </span>
    </p>
   </div>
   <div class='ocr_carea' id='block_1_3' title="bbox 489 693 2133 774">
    <p class='ocr_par' dir='ltr' id='par_1_3' title="bbox 489 693 2133 774">
     <span class='ocr_line' id='line_1_3' title="bbox 489 693 2133 774; baseline -0.003 -16"><span class='ocrx_word' id='word_1_8' title='bbox 489 700 676 758; x_wconf 82' lang='lat' dir='ltr'><strong>tutem</strong></span> <span class='ocrx_word' id='word_1_9' title='bbox 725 704 778 756; x_wconf 81' lang='lat' dir='ltr'><strong>et</strong></span> <span class='ocrx_word' id='word_1_10' title='bbox 828 696 1159 774; x_wconf 70' lang='lat' dir='ltr'><strong>praecinxit</strong></span> <span class='ocrx_word' id='word_1_11' title='bbox 1203 713 1263 754; x_wconf 89' lang='lat' dir='ltr'><strong>se</strong></span> <span class='ocrx_word' id='word_1_12' title='bbox 1283 693 1359 756; x_wconf 66' lang='grc' dir='ltr'><strong>ε’.</strong></span> <span class='ocrx_word' id='word_1_13' title='bbox 1393 695 1600 756; x_wconf 72' lang='grc' dir='ltr'><strong>1811]ωο</strong></span> <span class='ocrx_word' id='word_1_14' title='bbox 1634 695 1808 772; x_wconf 78' lang='lat' dir='ltr'><strong>igitur</strong></span> <span class='ocrx_word' id='word_1_15' title='bbox 1858 695 2046 770; x_wconf 84' lang='lat' dir='ltr'><strong>gloria</strong></span> <span class='ocrx_word' id='word_1_16' title='bbox 2076 702 2133 756; x_wconf 87' lang='lat' dir='ltr'><strong>et</strong></span> 
     </span>
    </p>
   </div>
   <div class='ocr_carea' id='block_1_4' title="bbox 492 781 2133 863">
    <p class='ocr_par' dir='ltr' id='par_1_4' title="bbox 492 781 2133 863">
     <span class='ocr_line' id='line_1_4' title="bbox 492 781 2133 863; baseline -0.001 -19"><span class='ocrx_word' id='word_1_17' title='bbox 492 783 926 862; x_wconf 79' lang='lat' dir='ltr'><strong>magniﬁcentia</strong></span> <span class='ocrx_word' id='word_1_18' title='bbox 980 785 1134 863; x_wconf 89' lang='lat' dir='ltr'><strong>ejus,</strong></span> <span class='ocrx_word' id='word_1_19' title='bbox 1195 783 1336 844; x_wconf 82' lang='lat' dir='ltr'><strong>boni</strong></span> <span class='ocrx_word' id='word_1_20' title='bbox 1390 781 1563 844; x_wconf 88' lang='lat' dir='ltr'><strong>nobis</strong></span> <span class='ocrx_word' id='word_1_21' title='bbox 1620 782 1842 852; x_wconf 82' lang='lat' dir='ltr'><strong>odoris,</strong></span> <span class='ocrx_word' id='word_1_22' title='bbox 1906 783 2037 852; x_wconf 77' lang='lat' dir='ltr'><strong>fuit,</strong></span> <span class='ocrx_word' id='word_1_23' title='bbox 2077 793 2133 843; x_wconf 90' lang='lat' dir='ltr'><strong>et</strong></span> 
     </span>
    </p>
   </div>
   <div class='ocr_carea' id='block_1_5' title="bbox 491 871 2134 952">
    <p class='ocr_par' dir='ltr' id='par_1_5' title="bbox 491 871 2134 952">
     <span class='ocr_line' id='line_1_5' title="bbox 491 871 2134 952; baseline -0.001 -19"><span class='ocrx_word' id='word_1_24' title='bbox 491 873 658 951; x_wconf 87' lang='lat' dir='ltr'><strong>quasi</strong></span> <span class='ocrx_word' id='word_1_25' title='bbox 687 891 873 951; x_wconf 88' lang='lat' dir='ltr'><strong>genus</strong></span> <span class='ocrx_word' id='word_1_26' title='bbox 929 892 1106 934; x_wconf 88' lang='lat' dir='ltr'><strong>omne</strong></span> <span class='ocrx_word' id='word_1_27' title='bbox 1151 871 1519 933; x_wconf 86' lang='lat' dir='ltr'><strong>odoramenti</strong></span> <span class='ocrx_word' id='word_1_28' title='bbox 1572 879 1633 932; x_wconf 90' lang='lat' dir='ltr'><strong>et</strong></span> <span class='ocrx_word' id='word_1_29' title='bbox 1694 872 2134 952; x_wconf 84' lang='lat' dir='ltr'><strong>incensi,juxta</strong></span> 
     </span>
    </p>
   </div>
   <div class='ocr_carea' id='block_1_6' title="bbox 493 961 2135 1050">
    <p class='ocr_par' dir='ltr' id='par_1_6' title="bbox 493 961 2135 1050">
     <span class='ocr_line' id='line_1_6' title="bbox 493 961 2135 1050; baseline 0.001 -28"><span class='ocrx_word' id='word_1_30' title='bbox 493 962 637 1022; x_wconf 90' lang='lat' dir='ltr'><strong>illud</strong></span> <span class='ocrx_word' id='word_1_31' title='bbox 667 961 810 1023; x_wconf 86' lang='lat' dir='ltr'><strong>alibi</strong></span> <span class='ocrx_word' id='word_1_32' title='bbox 864 963 1132 1024; x_wconf 90' lang='lat' dir='ltr'><strong>dictum:</strong></span> <span class='ocrx_word' id='word_1_33' title='bbox 1200 961 1579 1038; x_wconf 74' lang='lat' dir='ltr'><strong>Unguentum</strong></span> <span class='ocrx_word' id='word_1_34' title='bbox 1610 962 1864 1050; x_wconf 63' lang='lat' dir='ltr'><strong>effusum</strong></span> <span class='ocrx_word' id='word_1_35' title='bbox 1915 979 2135 1023; x_wconf 80' lang='lat' dir='ltr'><strong>nomen</strong></span> 
     </span>
    </p>
   </div>
   <div class='ocr_carea' id='block_1_7' title="bbox 493 1050 2133 1128">
    <p class='ocr_par' dir='ltr' id='par_1_7' title="bbox 493 1050 2133 1128">
     <span class='ocr_line' id='line_1_7' title="bbox 493 1050 2133 1128; baseline 0 -16"><span class='ocrx_word' id='word_1_36' title='bbox 493 1050 744 1112; x_wconf 58' lang='lat' dir='ltr'><strong>tuum”:</strong></span> <span class='ocrx_word' id='word_1_37' title='bbox 773 1051 994 1112; x_wconf 86' lang='lat' dir='ltr'><strong>etillud</strong></span> <span class='ocrx_word' id='word_1_38' title='bbox 1025 1073 1038 1113; x_wconf 89' lang='lat'><strong><em>:</em></strong></span> <span class='ocrx_word' id='word_1_39' title='bbox 1073 1051 1142 1114; x_wconf 82' lang='lat' dir='ltr'><strong>In</strong></span> <span class='ocrx_word' id='word_1_40' title='bbox 1167 1052 1406 1111; x_wconf 79' lang='lat' dir='ltr'><strong>odorem</strong></span> <span class='ocrx_word' id='word_1_41' title='bbox 1433 1059 1878 1128; x_wconf 79' lang='lat' dir='ltr'><strong>unguentorum</strong></span> <span class='ocrx_word' id='word_1_42' title='bbox 1898 1058 2133 1112; x_wconf 83' lang='lat' dir='ltr'><strong>tuorum</strong></span> 
     </span>
    </p>
   </div>
   <div class='ocr_carea' id='block_1_8' title="bbox 493 1138 2137 1219">
    <p class='ocr_par' dir='ltr' id='par_1_8' title="bbox 493 1138 2137 1219">
     <span class='ocr_line' id='line_1_8' title="bbox 493 1138 2137 1219; baseline 0 -19"><span class='ocrx_word' id='word_1_43' title='bbox 493 1156 740 1200; x_wconf 79' lang='lat' dir='ltr'><strong>curram</strong></span> <span class='ocrx_word' id='word_1_44' title='bbox 765 1138 840 1202; x_wconf 66' lang='lat'><strong>9‘.</strong></span> <span class='ocrx_word' id='word_1_45' title='bbox 862 1140 980 1217; x_wconf 85' lang='lat' dir='ltr'><strong>(l6)</strong></span> <span class='ocrx_word' id='word_1_46' title='bbox 1003 1140 1316 1200; x_wconf 86' lang='lat' dir='ltr'><strong>Estautem</strong></span> <span class='ocrx_word' id='word_1_47' title='bbox 1344 1139 1678 1205; x_wconf 85' lang='lat' dir='ltr'><strong>stacte.sive</strong></span> <span class='ocrx_word' id='word_1_48' title='bbox 1698 1139 2137 1219; x_wconf 75' lang='lat' dir='ltr'><strong>gutta,myrrh:e</strong></span> 
     </span>
    </p>
   </div>
   <div class='ocr_carea' id='block_1_9' title="bbox 494 1226 2136 1308">
    <p class='ocr_par' dir='ltr' id='par_1_9' title="bbox 494 1226 2136 1308">
     <span class='ocr_line' id='line_1_9' title="bbox 494 1226 2136 1308; baseline 0 -20"><span class='ocrx_word' id='word_1_49' title='bbox 494 1246 678 1306; x_wconf 80' lang='lat' dir='ltr'><strong>genus</strong></span> <span class='ocrx_word' id='word_1_50' title='bbox 707 1229 1150 1292; x_wconf 70' lang='lat' dir='ltr'><strong>tenuissimum.</strong></span> <span class='ocrx_word' id='word_1_51' title='bbox 1184 1226 1327 1288; x_wconf 87' lang='lat' dir='ltr'><strong>Nam</strong></span> <span class='ocrx_word' id='word_1_52' title='bbox 1362 1229 1614 1288; x_wconf 88' lang='lat' dir='ltr'><strong>contrito</strong></span> <span class='ocrx_word' id='word_1_53' title='bbox 1647 1238 1932 1300; x_wconf 77' lang='lat' dir='ltr'><strong>aromate,</strong></span> <span class='ocrx_word' id='word_1_54' title='bbox 1967 1228 2136 1308; x_wconf 81' lang='lat' dir='ltr'><strong>quid-</strong></span> 
     </span>
    </p>
   </div>
   <div class='ocr_carea' id='block_1_10' title="bbox 495 1316 2132 1396">
    <p class='ocr_par' dir='ltr' id='par_1_10' title="bbox 495 1316 2132 1396">
     <span class='ocr_line' id='line_1_10' title="bbox 495 1316 2132 1396; baseline 0 -20"><span class='ocrx_word' id='word_1_55' title='bbox 495 1316 634 1396; x_wconf 92' lang='lat' dir='ltr'><strong>quid</strong></span> <span class='ocrx_word' id='word_1_56' title='bbox 670 1318 915 1378; x_wconf 84' lang='lat' dir='ltr'><strong>ﬂuidum</strong></span> <span class='ocrx_word' id='word_1_57' title='bbox 952 1319 1008 1378; x_wconf 90' lang='lat' dir='ltr'><strong>in</strong></span> <span class='ocrx_word' id='word_1_58' title='bbox 1035 1317 1137 1380; x_wconf 88' lang='lat' dir='ltr'><strong>illo</strong></span> <span class='ocrx_word' id='word_1_59' title='bbox 1165 1316 1420 1378; x_wconf 85' lang='lat' dir='ltr'><strong>habetur</strong></span> <span class='ocrx_word' id='word_1_60' title='bbox 1442 1317 1498 1376; x_wconf 93' lang='lat' dir='ltr'><strong>in</strong></span> <span class='ocrx_word' id='word_1_61' title='bbox 1523 1324 1746 1377; x_wconf 88' lang='lat' dir='ltr'><strong>stacten</strong></span> <span class='ocrx_word' id='word_1_62' title='bbox 1771 1317 1892 1378; x_wconf 84' lang='lat' dir='ltr'><strong>sive</strong></span> <span class='ocrx_word' id='word_1_63' title='bbox 1916 1326 2132 1396; x_wconf 79' lang='lat' dir='ltr'><strong>guttam</strong></span> 
     </span>
    </p>
   </div>
   <div class='ocr_carea' id='block_1_11' title="bbox 496 1404 2137 1486">
    <p class='ocr_par' dir='ltr' id='par_1_11' title="bbox 496 1404 2137 1486">
     <span class='ocr_line' id='line_1_11' title="bbox 496 1404 2137 1486; baseline 0.002 -21"><span class='ocrx_word' id='word_1_64' title='bbox 496 1404 810 1468; x_wconf 84' lang='lat' dir='ltr'><strong>dividitur:</strong></span> <span class='ocrx_word' id='word_1_65' title='bbox 874 1407 1028 1486; x_wconf 89' lang='lat' dir='ltr'><strong>quod</strong></span> <span class='ocrx_word' id='word_1_66' title='bbox 1090 1405 1351 1468; x_wconf 84' lang='lat' dir='ltr'><strong>crassius</strong></span> <span class='ocrx_word' id='word_1_67' title='bbox 1405 1404 1708 1466; x_wconf 87' lang='lat' dir='ltr'><strong>residuum</strong></span> <span class='ocrx_word' id='word_1_68' title='bbox 1750 1415 1859 1479; x_wconf 88' lang='lat' dir='ltr'><strong>est,</strong></span> <span class='ocrx_word' id='word_1_69' title='bbox 1898 1408 2137 1484; x_wconf 78' lang='lat' dir='ltr'><strong>myrrha</strong></span> 
     </span>
    </p>
   </div>
   <div class='ocr_carea' id='block_1_12' title="bbox 498 1495 2133 1568">
    <p class='ocr_par' dir='ltr' id='par_1_12' title="bbox 498 1495 2133 1568">
     <span class='ocr_line' id='line_1_12' title="bbox 498 1495 2133 1568; baseline 0.002 -16"><span class='ocrx_word' id='word_1_70' title='bbox 498 1504 758 1556; x_wconf 84' lang='lat' dir='ltr'><strong>vocatur.</strong></span> <span class='ocrx_word' id='word_1_71' title='bbox 819 1496 988 1558; x_wconf 87' lang='lat' dir='ltr'><strong>Casia</strong></span> <span class='ocrx_word' id='word_1_72' title='bbox 1041 1504 1235 1556; x_wconf 90' lang='lat' dir='ltr'><strong>autem</strong></span> <span class='ocrx_word' id='word_1_73' title='bbox 1301 1504 1389 1556; x_wconf 92' lang='lat' dir='ltr'><strong>est</strong></span> <span class='ocrx_word' id='word_1_74' title='bbox 1467 1503 1664 1556; x_wconf 83' lang='lat' dir='ltr'><strong>cortex</strong></span> <span class='ocrx_word' id='word_1_75' title='bbox 1725 1495 2133 1568; x_wconf 85' lang='lat' dir='ltr'><strong>tenuissimus,</strong></span> 
     </span>
    </p>
   </div>
   <div class='ocr_carea' id='block_1_13' title="bbox 499 1583 2132 1664">
    <p class='ocr_par' dir='ltr' id='par_1_13' title="bbox 499 1583 2132 1664">
     <span class='ocr_line' id='line_1_13' title="bbox 499 1583 2132 1664; baseline 0.001 -20"><span class='ocrx_word' id='word_1_76' title='bbox 499 1583 980 1659; x_wconf 85' lang='lat' dir='ltr'><strong>odoratissimua,</strong></span> <span class='ocrx_word' id='word_1_77' title='bbox 1016 1585 1116 1663; x_wconf 88' lang='lat' dir='ltr'><strong>qui</strong></span> <span class='ocrx_word' id='word_1_78' title='bbox 1178 1585 1407 1664; x_wconf 84' lang='lat' dir='ltr'><strong>ligneos</strong></span> <span class='ocrx_word' id='word_1_79' title='bbox 1457 1583 1729 1645; x_wconf 85' lang='lat' dir='ltr'><strong>surculos</strong></span> <span class='ocrx_word' id='word_1_80' title='bbox 1759 1585 2043 1644; x_wconf 78' lang='lat' dir='ltr'><strong>obtendit.</strong></span> <span class='ocrx_word' id='word_1_81' title='bbox 2083 1585 2132 1646; x_wconf 86' lang='lat' dir='ltr'><strong><em>A</em></strong></span> 
     </span>
    </p>
   </div>
   <div class='ocr_carea' id='block_1_14' title="bbox 499 1673 2135 1752">
    <p class='ocr_par' dir='ltr' id='par_1_14' title="bbox 499 1673 2135 1752">
     <span class='ocr_line' id='line_1_14' title="bbox 499 1673 2135 1752; baseline -0.001 -19"><span class='ocrx_word' id='word_1_82' title='bbox 499 1673 772 1734; x_wconf 84' lang='lat' dir='ltr'><strong>domibus</strong></span> <span class='ocrx_word' id='word_1_83' title='bbox 814 1673 1103 1736; x_wconf 78' lang='lat' dir='ltr'><strong>eburneis</strong></span> <span class='ocrx_word' id='word_1_84' title='bbox 1160 1691 1238 1736; x_wconf 78' lang='lat' dir='ltr'><strong>ea:</strong></span> <span class='ocrx_word' id='word_1_85' title='bbox 1290 1673 1509 1752; x_wconf 80' lang='lat' dir='ltr'><strong>quibus</strong></span> <span class='ocrx_word' id='word_1_86' title='bbox 1565 1673 2016 1736; x_wconf 71' lang='lat' dir='ltr'><strong>delectaverunt</strong></span> <span class='ocrx_word' id='word_1_87' title='bbox 2061 1682 2135 1735; x_wconf 87' lang='lat' dir='ltr'><strong>te.</strong></span> 
     </span>
    </p>
   </div>
   <div class='ocr_carea' id='block_1_15' title="bbox 511 1761 2143 1840">
    <p class='ocr_par' dir='ltr' id='par_1_15' title="bbox 511 1761 2143 1840">
     <span class='ocr_line' id='line_1_15' title="bbox 511 1761 2143 1840; baseline 0.001 -20"><span class='ocrx_word' id='word_1_88' title='bbox 511 1761 752 1834; x_wconf 86' lang='lat' dir='ltr'><strong>Domus,</strong></span> <span class='ocrx_word' id='word_1_89' title='bbox 811 1761 969 1823; x_wconf 66' lang='lat' dir='ltr'><strong>aedes</strong></span> <span class='ocrx_word' id='word_1_90' title='bbox 1043 1762 1369 1840; x_wconf 65' lang='lat' dir='ltr'><strong>splendidae</strong></span> <span class='ocrx_word' id='word_1_91' title='bbox 1427 1769 1483 1822; x_wconf 93' lang='lat' dir='ltr'><strong>et</strong></span> <span class='ocrx_word' id='word_1_92' title='bbox 1539 1761 1848 1840; x_wconf 87' lang='lat' dir='ltr'><strong>magniﬁce</strong></span> <span class='ocrx_word' id='word_1_93' title='bbox 1905 1770 2143 1824; x_wconf 66' lang='lat' dir='ltr'><strong>structae</strong></span> 
     </span>
    </p>
   </div>
   <div class='ocr_carea' id='block_1_16' title="bbox 500 1850 2142 1930">
    <p class='ocr_par' dir='ltr' id='par_1_16' title="bbox 500 1850 2142 1930">
     <span class='ocr_line' id='line_1_16' title="bbox 500 1850 2142 1930; baseline 0 -20"><span class='ocrx_word' id='word_1_94' title='bbox 500 1859 680 1925; x_wconf 88' lang='lat' dir='ltr'><strong>atque</strong></span> <span class='ocrx_word' id='word_1_95' title='bbox 715 1851 933 1930; x_wconf 87' lang='lat' dir='ltr'><strong>templa</strong></span> <span class='ocrx_word' id='word_1_96' title='bbox 958 1850 1257 1912; x_wconf 88' lang='lat' dir='ltr'><strong>dicuntur.</strong></span> <span class='ocrx_word' id='word_1_97' title='bbox 1293 1850 1602 1912; x_wconf 70' lang='lat' dir='ltr'><strong>Eburneas</strong></span> <span class='ocrx_word' id='word_1_98' title='bbox 1631 1859 1825 1910; x_wconf 91' lang='lat' dir='ltr'><strong>autem</strong></span> <span class='ocrx_word' id='word_1_99' title='bbox 1859 1851 2142 1920; x_wconf 84' lang='lat' dir='ltr'><strong>dicit,ceu</strong></span> 
     </span>
    </p>
   </div>
   <div class='ocr_carea' id='block_1_17' title="bbox 1265 348 3056 467">
    <p class='ocr_par' dir='ltr' id='par_1_17' title="bbox 1265 348 3056 467">
     <span class='ocr_line' id='line_1_17' title="bbox 1265 348 3056 467; baseline -0.004 -24"><span class='ocrx_word' id='word_1_100' title='bbox 1265 348 1331 443; x_wconf 78' lang='lat' dir='ltr'><strong>s.</strong></span> <span class='ocrx_word' id='word_1_101' title='bbox 1379 382 1800 444; x_wconf 78' lang='lat' dir='ltr'><strong>ATHANASII</strong></span> <span class='ocrx_word' id='word_1_102' title='bbox 1845 382 2010 443; x_wconf 72' lang='lat' dir='ltr'><strong>ore.</strong></span> <span class='ocrx_word' id='word_1_103' title='bbox 2059 381 2274 442; x_wconf 82' lang='lat' dir='ltr'><strong>PARS.</strong></span> <span class='ocrx_word' id='word_1_104' title='bbox 2317 382 2431 442; x_wconf 89' lang='lat' dir='ltr'><strong>III.</strong></span> <span class='ocrx_word' id='word_1_105' title='bbox 2479 413 2551 424; x_wconf 90' lang='lat'><strong>—</strong></span> <span class='ocrx_word' id='word_1_106' title='bbox 2588 377 3056 467; x_wconf 9' lang='lat' dir='ltr'><strong>,EXEGETICA.</strong></span> 
     </span>
    </p>
   </div>
   <div class='ocr_carea' id='block_1_18' title="bbox 483 509 2154 595">
    <p class='ocr_par' dir='ltr' id='par_1_18' title="bbox 483 512 2154 594">
     <span class='ocr_line' id='line_1_18' title="bbox 483 512 2154 594; baseline 0 -19"><span class='ocrx_word' id='word_1_107' title='bbox 483 512 1341 593; x_wconf 78' lang='lat' dir='ltr'><strong>magniﬁcentia,gloria,juxta</strong></span> <span class='ocrx_word' id='word_1_108' title='bbox 1370 513 1512 574; x_wconf 90' lang='lat' dir='ltr'><strong>illud</strong></span> <span class='ocrx_word' id='word_1_109' title='bbox 1540 533 1552 575; x_wconf 92' lang='lat'>:</span> <span class='ocrx_word' id='word_1_110' title='bbox 1594 513 1880 575; x_wconf 76' lang='lat' dir='ltr'><strong>Dominus</strong></span> <span class='ocrx_word' id='word_1_111' title='bbox 1910 532 2154 594; x_wconf 41' lang='lat' dir='ltr'><strong>regnor»</strong></span> 
     </span>
    </p>
   </div>
   <div class='ocr_carea' id='block_1_19' title="bbox 2254 509 3494 595">
    <p class='ocr_par' dir='ltr' id='par_1_19' title="bbox 2254 509 3494 595">
     <span class='ocr_line' id='line_1_19' title="bbox 2254 509 3494 595; baseline -0.006 -25"><span class='ocrx_word' id='word_1_112' title='bbox 2254 516 2425 595; x_wconf 61' lang='grc' dir='ltr'>ἀμεις,</span> <span class='ocrx_word' id='word_1_113' title='bbox 2483 513 2940 592; x_wconf 77' lang='grc' dir='ltr'><strong>μεγαλοπρέπεια,</strong></span> <span class='ocrx_word' id='word_1_114' title='bbox 2999 509 3142 590; x_wconf 81' lang='grc' dir='ltr'>δόξα,</span> <span class='ocrx_word' id='word_1_115' title='bbox 3195 510 3332 566; x_wconf 70' lang='grc' dir='ltr'>κατὰ</span> <span class='ocrx_word' id='word_1_116' title='bbox 3385 509 3444 564; x_wconf 88' lang='grc' dir='ltr'>τό</span> <span class='ocrx_word' id='word_1_117' title='bbox 3482 525 3494 538; x_wconf 86' lang='grc'>⁶</span> 
     </span>
    </p>
   </div>
   <div class='ocr_carea' id='block_1_20' title="bbox 3744 365 3880 432">
    <p class='ocr_par' dir='ltr' id='par_1_20' title="bbox 3744 365 3880 432">
     <span class='ocr_line' id='line_1_20' title="bbox 3744 365 3880 432; baseline -0.037 0"><span class='ocrx_word' id='word_1_118' title='bbox 3744 365 3880 432; x_wconf 78' lang='lat'><strong>212</strong></span> 
     </span>
    </p>
   </div>
   <div class='ocr_carea' id='block_1_21' title="bbox 3544 503 3871 580">
    <p class='ocr_par' dir='ltr' id='par_1_21' title="bbox 3544 503 3871 580">
     <span class='ocr_line' id='line_1_21' title="bbox 3544 503 3871 580; baseline -0.006 -15"><span class='ocrx_word' id='word_1_119' title='bbox 3544 503 3604 566; x_wconf 85' lang='grc' dir='ltr'>Ὀ</span> <span class='ocrx_word' id='word_1_120' title='bbox 3666 504 3871 580; x_wconf 74' lang='grc' dir='ltr'>Κύριος</span> 
     </span>
    </p>
   </div>
   <div class='ocr_carea' id='block_1_22' title="bbox 2215 593 3880 680">
    <p class='ocr_par' dir='ltr' id='par_1_22' title="bbox 2215 593 3880 680">
     <span class='ocr_line' id='line_1_22' title="bbox 2215 593 3880 680; baseline -0.007 -22"><span class='ocrx_word' id='word_1_121' title='bbox 2215 593 2548 660; x_wconf 81' lang='grc' dir='ltr'>ἐϐασίλευσεν</span> <span class='ocrx_word' id='word_1_122' title='bbox 2583 650 2599 676; x_wconf 87' lang='grc'><strong>,</strong></span> <span class='ocrx_word' id='word_1_123' title='bbox 2730 601 3041 680; x_wconf 75' lang='grc' dir='ltr'>εὐπρέπειαν</span> <span class='ocrx_word' id='word_1_124' title='bbox 3147 596 3422 654; x_wconf 80' lang='grc' dir='ltr'><strong>ἐνεδύσατο</strong></span> <span class='ocrx_word' id='word_1_125' title='bbox 3456 644 3472 675; x_wconf 90' lang='grc'><strong>,</strong></span> <span class='ocrx_word' id='word_1_126' title='bbox 3583 593 3880 650; x_wconf 70' lang='grc' dir='ltr'>ἐνεδύσατο</span> 
     </span>
    </p>
   </div>
   <div class='ocr_carea' id='block_1_23' title="bbox 2217 682 3880 770">
    <p class='ocr_par' dir='ltr' id='par_1_23' title="bbox 2217 682 3880 770">
     <span class='ocr_line' id='line_1_23' title="bbox 2217 682 3880 770; baseline -0.009 -20"><span class='ocrx_word' id='word_1_127' title='bbox 2217 696 2400 770; x_wconf 81' lang='grc' dir='ltr'>Κύριος</span> <span class='ocrx_word' id='word_1_128' title='bbox 2459 690 2679 767; x_wconf 86' lang='grc' dir='ltr'>δύναμιν</span> <span class='ocrx_word' id='word_1_129' title='bbox 2739 691 2825 746; x_wconf 78' lang='grc' dir='ltr'><strong>καὶ</strong></span> <span class='ocrx_word' id='word_1_130' title='bbox 2898 686 3485 766; x_wconf 75' lang='grc' dir='ltr'>περιεζώσατο.“Αύτη</span> <span class='ocrx_word' id='word_1_131' title='bbox 3549 683 3615 750; x_wconf 76' lang='grc' dir='ltr'>δὴ</span> <span class='ocrx_word' id='word_1_132' title='bbox 3672 684 3765 738; x_wconf 68' lang='grc' dir='ltr'><strong>οὖν</strong></span> <span class='ocrx_word' id='word_1_133' title='bbox 3835 682 3880 747; x_wconf 78' lang='grc' dir='ltr'><strong>ἦ</strong></span> 
     </span>
    </p>
   </div>
   <div class='ocr_carea' id='block_1_24' title="bbox 2213 771 3876 855">
    <p class='ocr_par' dir='ltr' id='par_1_24' title="bbox 2213 771 3876 855">
     <span class='ocr_line' id='line_1_24' title="bbox 2213 771 3876 855; baseline -0.007 -19"><span class='ocrx_word' id='word_1_134' title='bbox 2213 779 2334 846; x_wconf 78' lang='grc' dir='ltr'>δόξα</span> <span class='ocrx_word' id='word_1_135' title='bbox 2389 783 2547 839; x_wconf 76' lang='grc' dir='ltr'><strong>αὐτοῦ</strong></span> <span class='ocrx_word' id='word_1_136' title='bbox 2598 781 2685 836; x_wconf 84' lang='grc' dir='ltr'><strong>καὶ</strong></span> <span class='ocrx_word' id='word_1_137' title='bbox 2767 781 2796 846; x_wconf 72' lang='grc' dir='ltr'>ἦ</span> <span class='ocrx_word' id='word_1_138' title='bbox 2875 775 3310 855; x_wconf 65' lang='grc' dir='ltr'><strong>μεγαλοπρέπεια</strong></span> <span class='ocrx_word' id='word_1_139' title='bbox 3395 771 3593 840; x_wconf 76' lang='grc' dir='ltr'>εὒώδης</span> <span class='ocrx_word' id='word_1_140' title='bbox 3641 771 3876 849; x_wconf 84' lang='grc' dir='ltr'>γέγονεν</span> 
     </span>
    </p>
   </div>
   <div class='ocr_carea' id='block_1_25' title="bbox 2213 860 3883 941">
    <p class='ocr_par' dir='ltr' id='par_1_25' title="bbox 2213 860 3883 941">
     <span class='ocr_line' id='line_1_25' title="bbox 2213 860 3883 941; baseline -0.007 -16"><span class='ocrx_word' id='word_1_141' title='bbox 2213 872 2373 941; x_wconf 66' lang='grc' dir='ltr'>ημῖν,</span> <span class='ocrx_word' id='word_1_142' title='bbox 2435 871 2525 925; x_wconf 87' lang='grc' dir='ltr'><strong>καὶ</strong></span> <span class='ocrx_word' id='word_1_143' title='bbox 2578 870 2651 933; x_wconf 84' lang='grc' dir='ltr'>ὡς</span> <span class='ocrx_word' id='word_1_144' title='bbox 2708 867 2762 923; x_wconf 76' lang='grc' dir='ltr'>ἐν</span> <span class='ocrx_word' id='word_1_145' title='bbox 2805 866 2946 931; x_wconf 77' lang='grc' dir='ltr'>τάξει</span> <span class='ocrx_word' id='word_1_146' title='bbox 2997 865 3327 940; x_wconf 84' lang='grc' dir='ltr'>θυμιάματος</span> <span class='ocrx_word' id='word_1_147' title='bbox 3382 864 3577 926; x_wconf 76' lang='grc' dir='ltr'>παντὸς</span> <span class='ocrx_word' id='word_1_148' title='bbox 3638 860 3883 916; x_wconf 73' lang='grc' dir='ltr'>κατὰτὸ</span> 
     </span>
    </p>
   </div>
   <div class='ocr_carea' id='block_1_26' title="bbox 2215 950 3874 1037">
    <p class='ocr_par' dir='ltr' id='par_1_26' title="bbox 2215 950 3874 1037">
     <span class='ocr_line' id='line_1_26' title="bbox 2215 950 3874 1037; baseline -0.007 -23"><span class='ocrx_word' id='word_1_149' title='bbox 2215 957 2461 1037; x_wconf 78' lang='grc' dir='ltr'><strong>ἀλλαχοῦ</strong></span> <span class='ocrx_word' id='word_1_150' title='bbox 2518 957 2793 1036; x_wconf 76' lang='grc' dir='ltr'><strong>εἰρημένον</strong></span> <span class='ocrx_word' id='word_1_151' title='bbox 2829 973 2842 988; x_wconf 85' lang='grc'><strong>⁸</strong></span> <span class='ocrx_word' id='word_1_152' title='bbox 2905 955 3081 1032; x_wconf 84' lang='grc' dir='ltr'>Μύρον</span> <span class='ocrx_word' id='word_1_153' title='bbox 3135 953 3423 1010; x_wconf 66' lang='grc' dir='ltr'>ἓκκενωθέν</span> <span class='ocrx_word' id='word_1_154' title='bbox 3481 950 3649 1024; x_wconf 77' lang='grc' dir='ltr'>ὄνομα</span> <span class='ocrx_word' id='word_1_155' title='bbox 3727 972 3825 1005; x_wconf 85' lang='grc' dir='ltr'><strong>σου</strong></span> <span class='ocrx_word' id='word_1_156' title='bbox 3855 965 3874 980; x_wconf 83' lang='grc'><strong><em>⁸</em></strong></span> 
     </span>
    </p>
   </div>
   <div class='ocr_carea' id='block_1_27' title="bbox 2219 1037 3886 1122">
    <p class='ocr_par' dir='ltr' id='par_1_27' title="bbox 2219 1037 3886 1122">
     <span class='ocr_line' id='line_1_27' title="bbox 2219 1037 3886 1122; baseline -0.006 -20"><span class='ocrx_word' id='word_1_157' title='bbox 2219 1050 2304 1104; x_wconf 81' lang='grc' dir='ltr'><strong>καὶ</strong></span> <span class='ocrx_word' id='word_1_158' title='bbox 2347 1050 2430 1122; x_wconf 80' lang='grc' dir='ltr'><strong>τὸ,</strong></span> <span class='ocrx_word' id='word_1_159' title='bbox 2489 1049 2575 1110; x_wconf 87' lang='grc' dir='ltr'>Εἰς</span> <span class='ocrx_word' id='word_1_160' title='bbox 2647 1046 2822 1120; x_wconf 74' lang='grc' dir='ltr'>ὀσμην</span> <span class='ocrx_word' id='word_1_161' title='bbox 2887 1043 3104 1105; x_wconf 77' lang='grc' dir='ltr'>εῧωδίας</span> <span class='ocrx_word' id='word_1_162' title='bbox 3156 1065 3248 1098; x_wconf 92' lang='grc' dir='ltr'><strong>σου</strong></span> <span class='ocrx_word' id='word_1_163' title='bbox 3292 1041 3614 1120; x_wconf 74' lang='grc' dir='ltr'>δραμοῦμαι.</span> <span class='ocrx_word' id='word_1_164' title='bbox 3668 1037 3886 1095; x_wconf 72' lang='grc' dir='ltr'>’Ἔστιν</span> 
     </span>
    </p>
   </div>
   <div class='ocr_carea' id='block_1_28' title="bbox 2215 1127 3888 1210">
    <p class='ocr_par' dir='ltr' id='par_1_28' title="bbox 2215 1127 3888 1210">
     <span class='ocr_line' id='line_1_28' title="bbox 2215 1127 3888 1210; baseline -0.005 -17"><span class='ocrx_word' id='word_1_165' title='bbox 2215 1137 2252 1203; x_wconf 81' lang='grc' dir='ltr'><strong>ἦ</strong></span> <span class='ocrx_word' id='word_1_166' title='bbox 2297 1138 2500 1203; x_wconf 77' lang='grc' dir='ltr'>στακτὴ</span> <span class='ocrx_word' id='word_1_167' title='bbox 2546 1136 2783 1210; x_wconf 80' lang='grc' dir='ltr'><strong>σμύρνης</strong></span> <span class='ocrx_word' id='word_1_168' title='bbox 2827 1133 2974 1197; x_wconf 74' lang='grc' dir='ltr'>εἶδος</span> <span class='ocrx_word' id='word_1_169' title='bbox 3018 1132 3364 1188; x_wconf 87' lang='grc' dir='ltr'>λεπτότατον·</span> <span class='ocrx_word' id='word_1_170' title='bbox 3413 1127 3738 1192; x_wconf 76' lang='grc' dir='ltr'>ἑκθλιϐέντος</span> <span class='ocrx_word' id='word_1_171' title='bbox 3770 1129 3888 1204; x_wconf 78' lang='grc' dir='ltr'>γὰρ</span> 
     </span>
    </p>
   </div>
   <div class='ocr_carea' id='block_1_29' title="bbox 2219 1221 3885 1302">
    <p class='ocr_par' dir='ltr' id='par_1_29' title="bbox 2219 1221 3885 1302">
     <span class='ocr_line' id='line_1_29' title="bbox 2219 1221 3885 1302; baseline -0.006 -22"><span class='ocrx_word' id='word_1_172' title='bbox 2219 1225 2308 1282; x_wconf 74' lang='grc' dir='ltr'>τοῦ</span> <span class='ocrx_word' id='word_1_173' title='bbox 2336 1226 2639 1302; x_wconf 80' lang='grc' dir='ltr'>ἁρώματος,</span> <span class='ocrx_word' id='word_1_174' title='bbox 2679 1224 2801 1280; x_wconf 78' lang='grc' dir='ltr'>ὅσον</span> <span class='ocrx_word' id='word_1_175' title='bbox 2851 1224 2948 1296; x_wconf 75' lang='grc' dir='ltr'>μὲν</span> <span class='ocrx_word' id='word_1_176' title='bbox 3007 1223 3105 1300; x_wconf 75' lang='grc' dir='ltr'><strong>γὰρ</strong></span> <span class='ocrx_word' id='word_1_177' title='bbox 3149 1224 3308 1280; x_wconf 71' lang='grc' dir='ltr'>αὐτοῦ</span> <span class='ocrx_word' id='word_1_178' title='bbox 3350 1222 3501 1299; x_wconf 75' lang='grc' dir='ltr'>ῥυτὸν</span> <span class='ocrx_word' id='word_1_179' title='bbox 3530 1221 3602 1283; x_wconf 83' lang='grc' dir='ltr'>εἷς</span> <span class='ocrx_word' id='word_1_180' title='bbox 3634 1223 3885 1283; x_wconf 80' lang='grc' dir='ltr'>στακτὴν</span> 
     </span>
    </p>
   </div>
   <div class='ocr_carea' id='block_1_30' title="bbox 2217 1308 3883 1393">
    <p class='ocr_par' dir='ltr' id='par_1_30' title="bbox 2217 1308 3883 1393">
     <span class='ocr_line' id='line_1_30' title="bbox 2217 1308 3883 1393; baseline -0.006 -23"><span class='ocrx_word' id='word_1_181' title='bbox 2217 1314 2588 1393; x_wconf 78' lang='grc' dir='ltr'>ἂπομερίζεται</span> <span class='ocrx_word' id='word_1_182' title='bbox 2625 1333 2636 1347; x_wconf 87' lang='grc'><strong>·</strong></span> <span class='ocrx_word' id='word_1_183' title='bbox 2692 1314 2754 1369; x_wconf 83' lang='grc' dir='ltr'><strong>τὸ</strong></span> <span class='ocrx_word' id='word_1_184' title='bbox 2813 1311 2867 1367; x_wconf 79' lang='grc' dir='ltr'>δὲ</span> <span class='ocrx_word' id='word_1_185' title='bbox 2925 1311 3229 1390; x_wconf 80' lang='grc' dir='ltr'>παχύτερον</span> <span class='ocrx_word' id='word_1_186' title='bbox 3307 1309 3574 1380; x_wconf 81' lang='grc' dir='ltr'>ἆπομένον</span> <span class='ocrx_word' id='word_1_187' title='bbox 3664 1308 3883 1384; x_wconf 79' lang='grc' dir='ltr'>σμύρνα</span> 
     </span>
    </p>
   </div>
   <div class='ocr_carea' id='block_1_31' title="bbox 2219 1395 3885 1482">
    <p class='ocr_par' dir='ltr' id='par_1_31' title="bbox 2219 1395 3885 1482">
     <span class='ocr_line' id='line_1_31' title="bbox 2219 1395 3885 1482; baseline -0.006 -23"><span class='ocrx_word' id='word_1_188' title='bbox 2219 1405 2694 1482; x_wconf 83' lang='grc' dir='ltr'>προσαγορεύεται,</span> <span class='ocrx_word' id='word_1_189' title='bbox 2731 1402 2797 1459; x_wconf 82' lang='grc' dir='ltr'><strong><em>Ἠ</em></strong></span> <span class='ocrx_word' id='word_1_190' title='bbox 2841 1399 2896 1456; x_wconf 75' lang='grc' dir='ltr'>δὲ</span> <span class='ocrx_word' id='word_1_191' title='bbox 2927 1403 3086 1456; x_wconf 87' lang='grc' dir='ltr'>κασία</span> <span class='ocrx_word' id='word_1_192' title='bbox 3129 1399 3311 1480; x_wconf 74' lang='grc' dir='ltr'>φλοιός</span> <span class='ocrx_word' id='word_1_193' title='bbox 3363 1400 3442 1462; x_wconf 89' lang='grc' dir='ltr'><strong>τίς</strong></span> <span class='ocrx_word' id='word_1_194' title='bbox 3495 1399 3604 1454; x_wconf 75' lang='grc' dir='ltr'>ἐστι</span> <span class='ocrx_word' id='word_1_195' title='bbox 3662 1395 3885 1451; x_wconf 83' lang='grc' dir='ltr'>λεπτό-</span> 
     </span>
    </p>
   </div>
   <div class='ocr_carea' id='block_1_32' title="bbox 2217 1487 3877 1569">
    <p class='ocr_par' dir='ltr' id='par_1_32' title="bbox 2217 1487 3877 1569">
     <span class='ocr_line' id='line_1_32' title="bbox 2217 1487 3877 1569; baseline -0.005 -21"><span class='ocrx_word' id='word_1_196' title='bbox 2217 1514 2374 1557; x_wconf 90' lang='grc' dir='ltr'>τατος</span> <span class='ocrx_word' id='word_1_197' title='bbox 2431 1497 2518 1550; x_wconf 83' lang='grc' dir='ltr'><strong>καὶ</strong></span> <span class='ocrx_word' id='word_1_198' title='bbox 2573 1491 2799 1569; x_wconf 72' lang='grc' dir='ltr'>εὐώδης,</span> <span class='ocrx_word' id='word_1_199' title='bbox 2861 1487 3067 1556; x_wconf 84' lang='grc' dir='ltr'>ξυλωδη</span> <span class='ocrx_word' id='word_1_200' title='bbox 3152 1490 3330 1567; x_wconf 77' lang='grc' dir='ltr'>κάρφη</span> <span class='ocrx_word' id='word_1_201' title='bbox 3412 1487 3877 1564; x_wconf 81' lang='grc' dir='ltr'>περιτεινόμενος.</span> 
     </span>
    </p>
   </div>
   <div class='ocr_carea' id='block_1_33' title="bbox 2220 1577 3885 1660">
    <p class='ocr_par' dir='ltr' id='par_1_33' title="bbox 2220 1577 3885 1660">
     <span class='ocr_line' id='line_1_33' title="bbox 2220 1577 3885 1660; baseline -0.006 -22"><span class='ocrx_word' id='word_1_202' title='bbox 2220 1580 2356 1638; x_wconf 76' lang='grc' dir='ltr'><strong>Ἀπὸ</strong></span> <span class='ocrx_word' id='word_1_203' title='bbox 2426 1582 2627 1660; x_wconf 88' lang='grc' dir='ltr'>βαρέων</span> <span class='ocrx_word' id='word_1_204' title='bbox 2706 1580 3055 1657; x_wconf 65' lang='grc' dir='ltr'>ἐλεφαντίνων</span> <span class='ocrx_word' id='word_1_205' title='bbox 3125 1578 3176 1644; x_wconf 70' lang='grc' dir='ltr'><strong>ἐξ</strong></span> <span class='ocrx_word' id='word_1_206' title='bbox 3261 1580 3334 1636; x_wconf 81' lang='grc' dir='ltr'>ὧν</span> <span class='ocrx_word' id='word_1_207' title='bbox 3428 1577 3695 1657; x_wconf 75' lang='grc' dir='ltr'>ηὖφραναν</span> <span class='ocrx_word' id='word_1_208' title='bbox 3787 1595 3885 1635; x_wconf 81' lang='grc' dir='ltr'><strong>σε,</strong></span> 
     </span>
    </p>
   </div>
   <div class='ocr_carea' id='block_1_34' title="bbox 2222 1664 3889 1748">
    <p class='ocr_par' dir='ltr' id='par_1_34' title="bbox 2222 1664 3889 1748">
     <span class='ocr_line' id='line_1_34' title="bbox 2222 1664 3889 1748; baseline -0.004 -22"><span class='ocrx_word' id='word_1_209' title='bbox 2222 1672 2404 1748; x_wconf 75' lang='grc' dir='ltr'>Βάρεις</span> <span class='ocrx_word' id='word_1_210' title='bbox 2438 1671 2532 1745; x_wconf 80' lang='grc' dir='ltr'>μὲν</span> <span class='ocrx_word' id='word_1_211' title='bbox 2566 1673 2612 1727; x_wconf 76' lang='grc' dir='ltr'>οἱ</span> <span class='ocrx_word' id='word_1_212' title='bbox 2643 1668 2958 1732; x_wconf 69' lang='grc' dir='ltr'>πολυτελεῖς</span> <span class='ocrx_word' id='word_1_213' title='bbox 3017 1670 3106 1724; x_wconf 85' lang='grc' dir='ltr'><strong>καὶ</strong></span> <span class='ocrx_word' id='word_1_214' title='bbox 3164 1666 3415 1745; x_wconf 71' lang='grc' dir='ltr'>ἐξαίρετοι</span> <span class='ocrx_word' id='word_1_215' title='bbox 3440 1667 3610 1739; x_wconf 81' lang='grc' dir='ltr'>οἶκοι,</span> <span class='ocrx_word' id='word_1_216' title='bbox 3645 1664 3766 1732; x_wconf 69' lang='grc' dir='ltr'>ἤτοι</span> <span class='ocrx_word' id='word_1_217' title='bbox 3830 1667 3889 1720; x_wconf 74' lang='grc' dir='ltr'>οἱ</span> 
     </span>
    </p>
   </div>
   <div class='ocr_carea' id='block_1_35' title="bbox 2223 1754 3889 1838">
    <p class='ocr_par' dir='ltr' id='par_1_35' title="bbox 2223 1754 3889 1838">
     <span class='ocr_line' id='line_1_35' title="bbox 2223 1754 3889 1838; baseline -0.005 -23"><span class='ocrx_word' id='word_1_218' title='bbox 2223 1761 2358 1816; x_wconf 88' lang='grc' dir='ltr'>ναοί.</span> <span class='ocrx_word' id='word_1_219' title='bbox 2416 1759 2793 1838; x_wconf 58' lang='grc' dir='ltr'>Ἐλεφαντίνας</span> <span class='ocrx_word' id='word_1_220' title='bbox 2865 1755 2920 1812; x_wconf 79' lang='grc' dir='ltr'>δὲ</span> <span class='ocrx_word' id='word_1_221' title='bbox 2985 1757 3077 1818; x_wconf 79' lang='grc' dir='ltr'>τὰς</span> <span class='ocrx_word' id='word_1_222' title='bbox 3149 1756 3505 1831; x_wconf 78' lang='grc' dir='ltr'>ἀπεξεσμένας</span> <span class='ocrx_word' id='word_1_223' title='bbox 3565 1755 3718 1810; x_wconf 67' lang='grc' dir='ltr'>οἱονεὶ</span> <span class='ocrx_word' id='word_1_224' title='bbox 3788 1754 3889 1809; x_wconf 83' lang='grc' dir='ltr'><strong>καὶ</strong></span> 
     </span>
    </p>
   </div>
   <div class='ocr_carea' id='block_1_36' title="bbox 2226 1844 3888 1926">
    <p class='ocr_par' dir='ltr' id='par_1_36' title="bbox 2226 1844 3888 1926">
     <span class='ocr_line' id='line_1_36' title="bbox 2226 1844 3888 1926; baseline -0.004 -22"><span class='ocrx_word' id='word_1_225' title='bbox 2226 1846 2956 1926; x_wconf 77' lang='grc' dir='ltr'>περικαλλεστάτας,φησίν.</span> <span class='ocrx_word' id='word_1_226' title='bbox 3022 1847 3275 1908; x_wconf 72' lang='grc' dir='ltr'>Βασιλέας</span> <span class='ocrx_word' id='word_1_227' title='bbox 3335 1844 3388 1900; x_wconf 81' lang='grc' dir='ltr'>δὲ</span> <span class='ocrx_word' id='word_1_228' title='bbox 3449 1845 3691 1917; x_wconf 78' lang='grc' dir='ltr'>ὀνομάζει</span> <span class='ocrx_word' id='word_1_229' title='bbox 3749 1845 3888 1903; x_wconf 69' lang='grc' dir='ltr'>τοὺς</span> 
     </span>
    </p>
   </div>
   <div class='ocr_carea' id='block_1_37' title="bbox 502 1934 2154 2018">
    <p class='ocr_par' dir='ltr' id='par_1_37' title="bbox 502 1939 2143 2018">
     <span class='ocr_line' id='line_1_37' title="bbox 502 1939 2143 2018; baseline 0.001 -20"><span class='ocrx_word' id='word_1_230' title='bbox 502 1939 725 1999; x_wconf 80' lang='lat' dir='ltr'><strong>aﬂ‘aure</strong></span> <span class='ocrx_word' id='word_1_231' title='bbox 754 1939 1086 2001; x_wconf 85' lang='lat' dir='ltr'><strong>elaboratas</strong></span> <span class='ocrx_word' id='word_1_232' title='bbox 1135 1958 1201 1999; x_wconf 88' lang='lat' dir='ltr'><strong>ac</strong></span> <span class='ocrx_word' id='word_1_233' title='bbox 1255 1939 1706 2018; x_wconf 83' lang='lat' dir='ltr'><strong>pulcherrimas.</strong></span> <span class='ocrx_word' id='word_1_234' title='bbox 1746 1941 1937 2018; x_wconf 76' lang='lat' dir='ltr'><strong>Reges</strong></span> <span class='ocrx_word' id='word_1_235' title='bbox 1980 1949 2143 2000; x_wconf 82' lang='lat' dir='ltr'><strong>vocat</strong></span> 
     </span>
    </p>
   </div>
   <div class='ocr_carea' id='block_1_38' title="bbox 2254 1934 3885 2018">
    <p class='ocr_par' dir='ltr' id='par_1_38' title="bbox 2254 1934 3885 2014">
     <span class='ocr_line' id='line_1_38' title="bbox 2254 1934 3885 2014; baseline -0.002 -24"><span class='ocrx_word' id='word_1_236' title='bbox 2254 1944 2403 2014; x_wconf 76' lang='grc' dir='ltr'>ιγῐους</span> <span class='ocrx_word' id='word_1_237' title='bbox 2453 1936 2806 2006; x_wconf 80' lang='grc' dir='ltr'>ἀποστόλους,</span> <span class='ocrx_word' id='word_1_238' title='bbox 2865 1937 2918 1989; x_wconf 78' lang='grc' dir='ltr'>οἳ</span> <span class='ocrx_word' id='word_1_239' title='bbox 2975 1937 3064 1991; x_wconf 81' lang='grc' dir='ltr'><strong>καὶ</strong></span> <span class='ocrx_word' id='word_1_240' title='bbox 3133 1934 3574 2008; x_wconf 76' lang='grc' dir='ltr'>συμϐασιλεύουσι</span> <span class='ocrx_word' id='word_1_241' title='bbox 3623 1940 3693 2005; x_wconf 84' lang='grc' dir='ltr'>τῷ</span> <span class='ocrx_word' id='word_1_242' title='bbox 3738 1940 3885 2009; x_wconf 77' lang='grc' dir='ltr'>Χρι-</span> 
     </span>
    </p>
   </div>
   <div class='ocr_carea' id='block_1_39' title="bbox 506 2027 2138 2108">
    <p class='ocr_par' dir='ltr' id='par_1_39' title="bbox 506 2027 2138 2108">
     <span class='ocr_line' id='line_1_39' title="bbox 506 2027 2138 2108; baseline 0.001 -21"><span class='ocrx_word' id='word_1_243' title='bbox 506 2037 743 2089; x_wconf 89' lang='lat' dir='ltr'><strong>sanctos</strong></span> <span class='ocrx_word' id='word_1_244' title='bbox 774 2029 1077 2108; x_wconf 87' lang='lat' dir='ltr'><strong>apostolos</strong></span> <span class='ocrx_word' id='word_1_245' title='bbox 1107 2029 1207 2108; x_wconf 90' lang='lat' dir='ltr'><strong>qui</strong></span> <span class='ocrx_word' id='word_1_246' title='bbox 1240 2047 1358 2090; x_wconf 87' lang='lat' dir='ltr'><strong>una</strong></span> <span class='ocrx_word' id='word_1_247' title='bbox 1393 2048 1522 2089; x_wconf 89' lang='lat' dir='ltr'><strong>cum</strong></span> <span class='ocrx_word' id='word_1_248' title='bbox 1588 2027 1819 2090; x_wconf 84' lang='lat' dir='ltr'><strong>Christo</strong></span> <span class='ocrx_word' id='word_1_249' title='bbox 1869 2039 2138 2108; x_wconf 87' lang='lat' dir='ltr'><strong>regnant.</strong></span> 
     </span>
    </p>
   </div>
   <div class='ocr_carea' id='block_1_40' title="bbox 503 2117 2146 2198">
    <p class='ocr_par' dir='ltr' id='par_1_40' title="bbox 503 2117 2146 2198">
     <span class='ocr_line' id='line_1_40' title="bbox 503 2117 2146 2198; baseline -0.001 -20"><span class='ocrx_word' id='word_1_250' title='bbox 503 2117 683 2178; x_wconf 82' lang='lat' dir='ltr'><strong>Filias</strong></span> <span class='ocrx_word' id='word_1_251' title='bbox 710 2127 904 2179; x_wconf 90' lang='lat' dir='ltr'><strong>autem</strong></span> <span class='ocrx_word' id='word_1_252' title='bbox 941 2136 1171 2190; x_wconf 91' lang='lat' dir='ltr'><strong>eorum,</strong></span> <span class='ocrx_word' id='word_1_253' title='bbox 1202 2117 1432 2178; x_wconf 89' lang='lat' dir='ltr'><strong>animas</strong></span> <span class='ocrx_word' id='word_1_254' title='bbox 1463 2136 1596 2193; x_wconf 68' lang='lat' dir='ltr'><strong>qum</strong></span> <span class='ocrx_word' id='word_1_255' title='bbox 1654 2118 1913 2197; x_wconf 87' lang='lat' dir='ltr'><strong>ipsorum</strong></span> <span class='ocrx_word' id='word_1_256' title='bbox 1965 2136 2146 2198; x_wconf 85' lang='lat' dir='ltr'><strong>opera</strong></span> 
     </span>
    </p>
   </div>
   <div class='ocr_carea' id='block_1_41' title="bbox 505 2206 2147 2286">
    <p class='ocr_par' dir='ltr' id='par_1_41' title="bbox 505 2206 2147 2286">
     <span class='ocr_line' id='line_1_41' title="bbox 505 2206 2147 2286; baseline 0.001 -20"><span class='ocrx_word' id='word_1_257' title='bbox 505 2207 575 2266; x_wconf 87' lang='lat' dir='ltr'><strong>ad</strong></span> <span class='ocrx_word' id='word_1_258' title='bbox 612 2206 720 2268; x_wconf 87' lang='lat' dir='ltr'><strong>Dei</strong></span> <span class='ocrx_word' id='word_1_259' title='bbox 749 2206 1150 2285; x_wconf 81' lang='lat' dir='ltr'><strong>cognitionem</strong></span> <span class='ocrx_word' id='word_1_260' title='bbox 1211 2215 1576 2284; x_wconf 64' lang='lat' dir='ltr'><strong>regeneratus</strong></span> <span class='ocrx_word' id='word_1_261' title='bbox 1605 2215 1764 2279; x_wconf 90' lang='lat' dir='ltr'><strong>sunt,</strong></span> <span class='ocrx_word' id='word_1_262' title='bbox 1802 2225 1932 2286; x_wconf 69' lang='lat' dir='ltr'><strong>quaa</strong></span> <span class='ocrx_word' id='word_1_263' title='bbox 1968 2208 2147 2268; x_wconf 89' lang='lat' dir='ltr'><strong>corda</strong></span> 
     </span>
    </p>
   </div>
   <div class='ocr_carea' id='block_1_42' title="bbox 507 2294 2149 2374">
    <p class='ocr_par' dir='ltr' id='par_1_42' title="bbox 507 2294 2149 2374">
     <span class='ocr_line' id='line_1_42' title="bbox 507 2294 2149 2374; baseline 0.001 -19"><span class='ocrx_word' id='word_1_264' title='bbox 507 2315 612 2356; x_wconf 91' lang='lat' dir='ltr'><strong>sua</strong></span> <span class='ocrx_word' id='word_1_265' title='bbox 646 2297 700 2356; x_wconf 90' lang='lat' dir='ltr'><strong>in</strong></span> <span class='ocrx_word' id='word_1_266' title='bbox 737 2295 964 2374; x_wconf 85' lang='lat' dir='ltr'><strong>templa</strong></span> <span class='ocrx_word' id='word_1_267' title='bbox 1011 2295 1370 2357; x_wconf 87' lang='lat' dir='ltr'><strong>concinnant</strong></span> <span class='ocrx_word' id='word_1_268' title='bbox 1401 2294 1778 2357; x_wconf 88' lang='lat' dir='ltr'><strong>ornatissima</strong></span> <span class='ocrx_word' id='word_1_269' title='bbox 1815 2297 1872 2356; x_wconf 87' lang='lat' dir='ltr'><strong>in</strong></span> <span class='ocrx_word' id='word_1_270' title='bbox 1910 2297 2011 2358; x_wconf 88' lang='lat' dir='ltr'><strong>Dei</strong></span> <span class='ocrx_word' id='word_1_271' title='bbox 2048 2299 2149 2357; x_wconf 83' lang='lat' dir='ltr'><strong>ho-</strong></span> 
     </span>
    </p>
   </div>
   <div class='ocr_carea' id='block_1_43' title="bbox 509 2383 2148 2464">
    <p class='ocr_par' dir='ltr' id='par_1_43' title="bbox 509 2383 2148 2464">
     <span class='ocr_line' id='line_1_43' title="bbox 509 2383 2148 2464; baseline 0 -20"><span class='ocrx_word' id='word_1_272' title='bbox 509 2403 738 2458; x_wconf 84' lang='lat' dir='ltr'><strong>norem,</strong></span> <span class='ocrx_word' id='word_1_273' title='bbox 772 2393 948 2464; x_wconf 80' lang='lat' dir='ltr'><strong>atque</strong></span> <span class='ocrx_word' id='word_1_274' title='bbox 990 2385 1287 2446; x_wconf 87' lang='lat' dir='ltr'><strong>delectant</strong></span> <span class='ocrx_word' id='word_1_275' title='bbox 1312 2386 1530 2463; x_wconf 89' lang='lat' dir='ltr'><strong>ipsum.</strong></span> <span class='ocrx_word' id='word_1_276' title='bbox 1563 2383 1815 2446; x_wconf 87' lang='lat' dir='ltr'><strong>Perinde</strong></span> <span class='ocrx_word' id='word_1_277' title='bbox 1848 2385 2025 2462; x_wconf 77' lang='lat' dir='ltr'><strong>igitur</strong></span> <span class='ocrx_word' id='word_1_278' title='bbox 2057 2400 2148 2447; x_wconf 87' lang='lat' dir='ltr'><strong>est</strong></span> 
     </span>
    </p>
   </div>
   <div class='ocr_carea' id='block_1_44' title="bbox 508 2472 2148 2544">
    <p class='ocr_par' dir='ltr' id='par_1_44' title="bbox 508 2472 2148 2544">
     <span class='ocr_line' id='line_1_44' title="bbox 508 2472 2148 2544; baseline 0.001 -10"><span class='ocrx_word' id='word_1_279' title='bbox 508 2493 574 2534; x_wconf 88' lang='lat' dir='ltr'><strong>ac</strong></span> <span class='ocrx_word' id='word_1_280' title='bbox 612 2473 665 2533; x_wconf 77' lang='lat' dir='ltr'><strong>si</strong></span> <span class='ocrx_word' id='word_1_281' title='bbox 690 2473 911 2533; x_wconf 87' lang='lat' dir='ltr'><strong>diceret</strong></span> <span class='ocrx_word' id='word_1_282' title='bbox 941 2495 954 2534; x_wconf 87' lang='lat'><strong>:</strong></span> <span class='ocrx_word' id='word_1_283' title='bbox 989 2472 1411 2542; x_wconf 86' lang='lat' dir='ltr'><strong>Delectaberis,</strong></span> <span class='ocrx_word' id='word_1_284' title='bbox 1437 2491 1471 2532; x_wconf 92' lang='grc' dir='ltr'><strong>ο</strong></span> <span class='ocrx_word' id='word_1_285' title='bbox 1507 2473 1778 2544; x_wconf 83' lang='lat' dir='ltr'><strong>Domine,</strong></span> <span class='ocrx_word' id='word_1_286' title='bbox 1813 2493 1846 2534; x_wconf 89' lang='lat' dir='ltr'><strong>a</strong></span> <span class='ocrx_word' id='word_1_287' title='bbox 1871 2475 2148 2536; x_wconf 88' lang='lat' dir='ltr'><strong>domibus</strong></span> 
     </span>
    </p>
   </div>
   <div class='ocr_carea' id='block_1_45' title="bbox 509 2561 2148 2642">
    <p class='ocr_par' dir='ltr' id='par_1_45' title="bbox 509 2561 2148 2642">
     <span class='ocr_line' id='line_1_45' title="bbox 509 2561 2148 2642; baseline 0.001 -20"><span class='ocrx_word' id='word_1_288' title='bbox 509 2561 814 2641; x_wconf 85' lang='lat' dir='ltr'><strong>eburneis,</strong></span> <span class='ocrx_word' id='word_1_289' title='bbox 848 2579 993 2641; x_wconf 88' lang='lat' dir='ltr'><strong>quas</strong></span> <span class='ocrx_word' id='word_1_290' title='bbox 1054 2567 1115 2622; x_wconf 90' lang='lat' dir='ltr'><strong>in</strong></span> <span class='ocrx_word' id='word_1_291' title='bbox 1177 2562 1462 2622; x_wconf 88' lang='lat' dir='ltr'><strong>honorem</strong></span> <span class='ocrx_word' id='word_1_292' title='bbox 1519 2570 1681 2621; x_wconf 92' lang='lat' dir='ltr'><strong>tuum</strong></span> <span class='ocrx_word' id='word_1_293' title='bbox 1752 2562 1888 2624; x_wconf 61' lang='lat' dir='ltr'><strong>filia;</strong></span> <span class='ocrx_word' id='word_1_294' title='bbox 1945 2583 2148 2642; x_wconf 87' lang='lat' dir='ltr'><strong>regum</strong></span> 
     </span>
    </p>
   </div>
   <div class='ocr_carea' id='block_1_46' title="bbox 511 2649 2150 2726">
    <p class='ocr_par' dir='ltr' id='par_1_46' title="bbox 511 2649 2150 2726">
     <span class='ocr_line' id='line_1_46' title="bbox 511 2649 2150 2726; baseline 0.003 -18"><span class='ocrx_word' id='word_1_295' title='bbox 511 2650 896 2709; x_wconf 79' lang='lat' dir='ltr'><strong>adornarunt.</strong></span> <span class='ocrx_word' id='word_1_296' title='bbox 925 2651 1134 2712; x_wconf 79' lang='lat' dir='ltr'><strong>Astitit</strong></span> <span class='ocrx_word' id='word_1_297' title='bbox 1166 2651 1374 2726; x_wconf 84' lang='lat' dir='ltr'><strong>regina</strong></span> <span class='ocrx_word' id='word_1_298' title='bbox 1419 2649 1713 2711; x_wconf 71' lang='lat' dir='ltr'><strong>adewtris</strong></span> <span class='ocrx_word' id='word_1_299' title='bbox 1769 2653 1890 2712; x_wconf 89' lang='lat' dir='ltr'><strong>tuis</strong></span> <span class='ocrx_word' id='word_1_300' title='bbox 1936 2654 1999 2713; x_wconf 77' lang='lat' dir='ltr'><strong>in</strong></span> <span class='ocrx_word' id='word_1_301' title='bbox 2048 2670 2150 2713; x_wconf 83' lang='lat' dir='ltr'><strong>ve-</strong></span> 
     </span>
    </p>
   </div>
   <div class='ocr_carea' id='block_1_47' title="bbox 510 2737 2146 2818">
    <p class='ocr_par' dir='ltr' id='par_1_47' title="bbox 510 2737 2146 2818">
     <span class='ocr_line' id='line_1_47' title="bbox 510 2737 2146 2818; baseline 0.004 -20"><span class='ocrx_word' id='word_1_302' title='bbox 510 2740 657 2799; x_wconf 83' lang='lat' dir='ltr'><strong>slilu</strong></span> <span class='ocrx_word' id='word_1_303' title='bbox 715 2738 1031 2800; x_wconf 84' lang='lat' dir='ltr'><strong>deaurato.</strong></span> <span class='ocrx_word' id='word_1_304' title='bbox 1115 2737 1346 2818; x_wconf 83' lang='lat' dir='ltr'><strong>Regina</strong></span> <span class='ocrx_word' id='word_1_305' title='bbox 1406 2737 1652 2817; x_wconf 89' lang='lat' dir='ltr'><strong>quidem</strong></span> <span class='ocrx_word' id='word_1_306' title='bbox 1714 2739 1981 2801; x_wconf 88' lang='lat' dir='ltr'><strong>Ecclesia</strong></span> <span class='ocrx_word' id='word_1_307' title='bbox 2039 2749 2146 2806; x_wconf 87' lang='lat' dir='ltr'><strong>est.</strong></span> 
     </span>
    </p>
   </div>
   <div class='ocr_carea' id='block_1_48' title="bbox 513 2827 2150 2906">
    <p class='ocr_par' dir='ltr' id='par_1_48' title="bbox 513 2827 2150 2906">
     <span class='ocr_line' id='line_1_48' title="bbox 513 2827 2150 2906; baseline 0.002 -20"><span class='ocrx_word' id='word_1_308' title='bbox 513 2835 714 2905; x_wconf 88' lang='lat' dir='ltr'><strong>utpote</strong></span> <span class='ocrx_word' id='word_1_309' title='bbox 745 2827 869 2905; x_wconf 85' lang='lat' dir='ltr'><strong>regi</strong></span> <span class='ocrx_word' id='word_1_310' title='bbox 904 2845 1113 2902; x_wconf 86' lang='lat' dir='ltr'><strong>magno</strong></span> <span class='ocrx_word' id='word_1_311' title='bbox 1165 2827 1540 2906; x_wconf 89' lang='lat' dir='ltr'><strong>desponsata.</strong></span> <span class='ocrx_word' id='word_1_312' title='bbox 1577 2827 1897 2889; x_wconf 87' lang='lat' dir='ltr'><strong>Collocatio</strong></span> <span class='ocrx_word' id='word_1_313' title='bbox 1955 2839 2150 2890; x_wconf 90' lang='lat' dir='ltr'><strong>autem</strong></span> 
     </span>
    </p>
   </div>
   <div class='ocr_carea' id='block_1_49' title="bbox 513 2914 2153 2995">
    <p class='ocr_par' dir='ltr' id='par_1_49' title="bbox 513 2914 2153 2995">
     <span class='ocr_line' id='line_1_49' title="bbox 513 2914 2153 2995; baseline 0.002 -20"><span class='ocrx_word' id='word_1_314' title='bbox 513 2933 546 2975; x_wconf 94' lang='lat' dir='ltr'><strong>a</strong></span> <span class='ocrx_word' id='word_1_315' title='bbox 578 2914 821 2988; x_wconf 79' lang='lat' dir='ltr'><strong>dextris,</strong></span> <span class='ocrx_word' id='word_1_316' title='bbox 853 2915 1142 2976; x_wconf 88' lang='lat' dir='ltr'><strong>honorem</strong></span> <span class='ocrx_word' id='word_1_317' title='bbox 1175 2915 1465 2993; x_wconf 81' lang='lat' dir='ltr'><strong>signiﬁcat</strong></span> <span class='ocrx_word' id='word_1_318' title='bbox 1494 2934 1606 2995; x_wconf 82' lang='lat' dir='ltr'><strong>quo</strong></span> <span class='ocrx_word' id='word_1_319' title='bbox 1626 2917 1849 2978; x_wconf 77' lang='lat' dir='ltr'><strong>fruetur</strong></span> <span class='ocrx_word' id='word_1_320' title='bbox 1875 2919 1932 2977; x_wconf 90' lang='lat' dir='ltr'><strong>in</strong></span> <span class='ocrx_word' id='word_1_321' title='bbox 1962 2919 2153 2979; x_wconf 77' lang='lat' dir='ltr'><strong>futuro</strong></span> 
     </span>
    </p>
   </div>
   <div class='ocr_carea' id='block_1_50' title="bbox 515 3003 2201 3087">
    <p class='ocr_par' dir='ltr' id='par_1_50' title="bbox 515 3003 2201 3087">
     <span class='ocr_line' id='line_1_50' title="bbox 515 3003 2201 3087; baseline 0.001 -21"><span class='ocrx_word' id='word_1_322' title='bbox 515 3006 753 3066; x_wconf 75' lang='lat' dir='ltr'><strong>saeculo.</strong></span> <span class='ocrx_word' id='word_1_323' title='bbox 793 3003 1060 3066; x_wconf 87' lang='lat' dir='ltr'><strong>Vestitus</strong></span> <span class='ocrx_word' id='word_1_324' title='bbox 1090 3014 1286 3066; x_wconf 89' lang='lat' dir='ltr'><strong>autem</strong></span> <span class='ocrx_word' id='word_1_325' title='bbox 1318 3005 1608 3084; x_wconf 83' lang='lat' dir='ltr'><strong>pretiosus</strong></span> <span class='ocrx_word' id='word_1_326' title='bbox 1631 3008 1968 3078; x_wconf 79' lang='lat' dir='ltr'><strong>sunt,lides,</strong></span> <span class='ocrx_word' id='word_1_327' title='bbox 1992 3028 2151 3087; x_wconf 84' lang='lat' dir='ltr'><strong>spes,</strong></span> <span class='ocrx_word' id='word_1_328' title='bbox 2191 3013 2201 3021; x_wconf 86' lang='grc'><strong>”</strong></span> 
     </span>
    </p>
   </div>
   <div class='ocr_carea' id='block_1_51' title="bbox 515 3093 2153 3173">
    <p class='ocr_par' dir='ltr' id='par_1_51' title="bbox 515 3093 2153 3173">
     <span class='ocr_line' id='line_1_51' title="bbox 515 3093 2153 3173; baseline 0.001 -17"><span class='ocrx_word' id='word_1_329' title='bbox 515 3093 792 3156; x_wconf 76' lang='lat' dir='ltr'><strong>Charitas.</strong></span> <span class='ocrx_word' id='word_1_330' title='bbox 828 3093 946 3156; x_wconf 86' lang='lat' dir='ltr'><strong>Sed</strong></span> <span class='ocrx_word' id='word_1_331' title='bbox 977 3102 1036 3155; x_wconf 87' lang='lat' dir='ltr'><strong>et</strong></span> <span class='ocrx_word' id='word_1_332' title='bbox 1093 3093 1257 3155; x_wconf 84' lang='lat' dir='ltr'><strong>aliud</strong></span> <span class='ocrx_word' id='word_1_333' title='bbox 1308 3093 1681 3173; x_wconf 88' lang='lat' dir='ltr'><strong>splendidius</strong></span> <span class='ocrx_word' id='word_1_334' title='bbox 1741 3097 2153 3157; x_wconf 82' lang='lat' dir='ltr'><strong>vestimentum</strong></span> 
     </span>
    </p>
   </div>
   <div class='ocr_carea' id='block_1_52' title="bbox 2226 2024 3889 2105">
    <p class='ocr_par' dir='ltr' id='par_1_52' title="bbox 2226 2024 3889 2105">
     <span class='ocr_line' id='line_1_52' title="bbox 2226 2024 3889 2105; baseline -0.003 -21"><span class='ocrx_word' id='word_1_335' title='bbox 2226 2034 2356 2101; x_wconf 88' lang='grc' dir='ltr'><strong>στῷ.</strong></span> <span class='ocrx_word' id='word_1_336' title='bbox 2420 2028 2718 2105; x_wconf 85' lang='grc' dir='ltr'>Θυγατέρας</span> <span class='ocrx_word' id='word_1_337' title='bbox 2779 2025 2832 2082; x_wconf 82' lang='grc' dir='ltr'>δὲ</span> <span class='ocrx_word' id='word_1_338' title='bbox 2897 2030 3069 2084; x_wconf 74' lang='grc' dir='ltr'>αὐτῶν</span> <span class='ocrx_word' id='word_1_339' title='bbox 3132 2028 3227 2088; x_wconf 80' lang='grc' dir='ltr'><strong>τὰς</strong></span> <span class='ocrx_word' id='word_1_340' title='bbox 3271 2024 3338 2082; x_wconf 88' lang='grc' dir='ltr'><strong>δι’</strong></span> <span class='ocrx_word' id='word_1_341' title='bbox 3397 2030 3567 2084; x_wconf 66' lang='grc' dir='ltr'>αὐτῶν</span> <span class='ocrx_word' id='word_1_342' title='bbox 3619 2027 3691 2087; x_wconf 81' lang='grc' dir='ltr'><strong>είς</strong></span> <span class='ocrx_word' id='word_1_343' title='bbox 3751 2028 3889 2080; x_wconf 84' lang='grc' dir='ltr'>θεο-</span> 
     </span>
    </p>
   </div>
   <div class='ocr_carea' id='block_1_53' title="bbox 2225 2115 3886 2196">
    <p class='ocr_par' dir='ltr' id='par_1_53' title="bbox 2225 2115 3886 2196">
     <span class='ocr_line' id='line_1_53' title="bbox 2225 2115 3886 2196; baseline -0.002 -23"><span class='ocrx_word' id='word_1_344' title='bbox 2225 2118 2451 2196; x_wconf 81' lang='grc' dir='ltr'>γνωσίαν</span> <span class='ocrx_word' id='word_1_345' title='bbox 2503 2117 2998 2194; x_wconf 77' lang='grc' dir='ltr'>ἀναγεγεννημένας</span> <span class='ocrx_word' id='word_1_346' title='bbox 3064 2119 3268 2196; x_wconf 82' lang='grc' dir='ltr'>ψυχὰς,</span> <span class='ocrx_word' id='word_1_347' title='bbox 3331 2119 3389 2172; x_wconf 72' lang='grc' dir='ltr'>αἲ</span> <span class='ocrx_word' id='word_1_348' title='bbox 3433 2119 3521 2172; x_wconf 88' lang='grc' dir='ltr'><strong>καὶ</strong></span> <span class='ocrx_word' id='word_1_349' title='bbox 3571 2117 3722 2176; x_wconf 74' lang='grc' dir='ltr'>ναοὺς</span> <span class='ocrx_word' id='word_1_350' title='bbox 3783 2115 3886 2176; x_wconf 71' lang='grc' dir='ltr'>τὰς</span> 
     </span>
    </p>
   </div>
   <div class='ocr_carea' id='block_1_54' title="bbox 2230 2204 3882 2285">
    <p class='ocr_par' dir='ltr' id='par_1_54' title="bbox 2230 2204 3882 2285">
     <span class='ocr_line' id='line_1_54' title="bbox 2230 2204 3882 2285; baseline -0.004 -22"><span class='ocrx_word' id='word_1_351' title='bbox 2230 2208 2426 2263; x_wconf 73' lang='grc' dir='ltr'>ἑαυτῶν</span> <span class='ocrx_word' id='word_1_352' title='bbox 2483 2205 2696 2285; x_wconf 94' lang='grc' dir='ltr'>καρδίας</span> <span class='ocrx_word' id='word_1_353' title='bbox 2774 2204 3092 2264; x_wconf 80' lang='grc' dir='ltr'>ἀποτελοῦσι</span> <span class='ocrx_word' id='word_1_354' title='bbox 3174 2205 3716 2284; x_wconf 76' lang='grc' dir='ltr'>περικαλλεστάτους,</span> <span class='ocrx_word' id='word_1_355' title='bbox 3802 2205 3882 2265; x_wconf 84' lang='grc' dir='ltr'><strong>εἰς</strong></span> 
     </span>
    </p>
   </div>
   <div class='ocr_carea' id='block_1_55' title="bbox 2227 2294 3888 2372">
    <p class='ocr_par' dir='ltr' id='par_1_55' title="bbox 2227 2294 3888 2372">
     <span class='ocr_line' id='line_1_55' title="bbox 2227 2294 3888 2372; baseline -0.001 -20"><span class='ocrx_word' id='word_1_356' title='bbox 2227 2298 2389 2370; x_wconf 77' lang='grc' dir='ltr'>τιμὴν</span> <span class='ocrx_word' id='word_1_357' title='bbox 2419 2304 2511 2353; x_wconf 83' lang='grc' dir='ltr'>τοῦ</span> <span class='ocrx_word' id='word_1_358' title='bbox 2557 2295 2686 2352; x_wconf 87' lang='grc' dir='ltr'><strong>Θεοῦ</strong></span> <span class='ocrx_word' id='word_1_359' title='bbox 2729 2295 3105 2372; x_wconf 71' lang='grc' dir='ltr'>εὔφραινούσας</span> <span class='ocrx_word' id='word_1_360' title='bbox 3165 2295 3344 2356; x_wconf 74' lang='grc' dir='ltr'>αὐτόν,</span> <span class='ocrx_word' id='word_1_361' title='bbox 3394 2294 3632 2368; x_wconf 77' lang='grc' dir='ltr'>’Ὅμοιον</span> <span class='ocrx_word' id='word_1_362' title='bbox 3664 2294 3756 2350; x_wconf 72' lang='grc' dir='ltr'>οὖν</span> <span class='ocrx_word' id='word_1_363' title='bbox 3807 2296 3888 2353; x_wconf 76' lang='grc' dir='ltr'>ὡς</span> 
     </span>
    </p>
   </div>
   <div class='ocr_carea' id='block_1_56' title="bbox 2233 2381 3892 2463">
    <p class='ocr_par' dir='ltr' id='par_1_56' title="bbox 2233 2381 3892 2463">
     <span class='ocr_line' id='line_1_56' title="bbox 2233 2381 3892 2463; baseline -0.001 -23"><span class='ocrx_word' id='word_1_364' title='bbox 2233 2387 2275 2440; x_wconf 79' lang='grc' dir='ltr'><strong>εἰ</strong></span> <span class='ocrx_word' id='word_1_365' title='bbox 2316 2384 2450 2462; x_wconf 73' lang='grc' dir='ltr'>λέγῃ</span> <span class='ocrx_word' id='word_1_366' title='bbox 2481 2401 2495 2415; x_wconf 85' lang='grc'><strong><em>⁸</em></strong></span> <span class='ocrx_word' id='word_1_367' title='bbox 2566 2385 2934 2463; x_wconf 68' lang='grc' dir='ltr'>Εὐφρανθήσῃ,</span> <span class='ocrx_word' id='word_1_368' title='bbox 2983 2385 3169 2461; x_wconf 72' lang='grc' dir='ltr'>φησὶν,</span> <span class='ocrx_word' id='word_1_369' title='bbox 3216 2387 3260 2438; x_wconf 81' lang='grc' dir='ltr'>ὦ</span> <span class='ocrx_word' id='word_1_370' title='bbox 3314 2386 3578 2463; x_wconf 82' lang='grc' dir='ltr'>Δέσποτα,</span> <span class='ocrx_word' id='word_1_371' title='bbox 3638 2384 3744 2438; x_wconf 77' lang='grc' dir='ltr'><strong>ἀπὸ</strong></span> <span class='ocrx_word' id='word_1_372' title='bbox 3779 2381 3892 2458; x_wconf 78' lang='grc' dir='ltr'>βάσ-</span> 
     </span>
    </p>
   </div>
   <div class='ocr_carea' id='block_1_57' title="bbox 2232 2472 3891 2552">
    <p class='ocr_par' dir='ltr' id='par_1_57' title="bbox 2232 2472 3891 2552">
     <span class='ocr_line' id='line_1_57' title="bbox 2232 2472 3891 2552; baseline -0.004 -22"><span class='ocrx_word' id='word_1_373' title='bbox 2232 2496 2364 2552; x_wconf 81' lang='grc' dir='ltr'>ρεων</span> <span class='ocrx_word' id='word_1_374' title='bbox 2421 2473 2768 2551; x_wconf 73' lang='grc' dir='ltr'>ἐλεφαντίνων</span> <span class='ocrx_word' id='word_1_375' title='bbox 2832 2475 2906 2527; x_wconf 78' lang='grc' dir='ltr'>ὧν</span> <span class='ocrx_word' id='word_1_376' title='bbox 2965 2475 3365 2530; x_wconf 65' lang='grc' dir='ltr'>κατασιεύασαν</span> <span class='ocrx_word' id='word_1_377' title='bbox 3423 2475 3493 2538; x_wconf 83' lang='grc' dir='ltr'>εἷς</span> <span class='ocrx_word' id='word_1_378' title='bbox 3557 2474 3656 2539; x_wconf 72' lang='grc' dir='ltr'>σὴν</span> <span class='ocrx_word' id='word_1_379' title='bbox 3714 2472 3891 2546; x_wconf 79' lang='grc' dir='ltr'>τιμὴν</span> 
     </span>
    </p>
   </div>
   <div class='ocr_carea' id='block_1_58' title="bbox 2232 2561 3895 2639">
    <p class='ocr_par' dir='ltr' id='par_1_58' title="bbox 2232 2561 3895 2639">
     <span class='ocr_line' id='line_1_58' title="bbox 2232 2561 3895 2639; baseline -0.004 -18"><span class='ocrx_word' id='word_1_380' title='bbox 2232 2567 2282 2622; x_wconf 80' lang='grc' dir='ltr'>αἱ</span> <span class='ocrx_word' id='word_1_381' title='bbox 2342 2567 2446 2620; x_wconf 78' lang='grc' dir='ltr'><strong>των</strong></span> <span class='ocrx_word' id='word_1_382' title='bbox 2490 2562 2760 2639; x_wconf 73' lang='grc' dir='ltr'>βασιλέων·</span> <span class='ocrx_word' id='word_1_383' title='bbox 2806 2562 3110 2639; x_wconf 81' lang='grc' dir='ltr'>θυγατέρες,</span> <span class='ocrx_word' id='word_1_384' title='bbox 3176 2564 3422 2639; x_wconf 82' lang='grc' dir='ltr'>Παρέστη</span> <span class='ocrx_word' id='word_1_385' title='bbox 3484 2566 3517 2630; x_wconf 76' lang='grc' dir='ltr'>ἡ</span> <span class='ocrx_word' id='word_1_386' title='bbox 3599 2561 3895 2638; x_wconf 78' lang='grc' dir='ltr'>βασίλισσα</span> 
     </span>
    </p>
   </div>
   <div class='ocr_carea' id='block_1_59' title="bbox 2234 2650 3894 2732">
    <p class='ocr_par' dir='ltr' id='par_1_59' title="bbox 2234 2650 3894 2732">
     <span class='ocr_line' id='line_1_59' title="bbox 2234 2650 3894 2732; baseline -0.001 -24"><span class='ocrx_word' id='word_1_387' title='bbox 2234 2653 2294 2708; x_wconf 80' lang='grc' dir='ltr'>ἐκ</span> <span class='ocrx_word' id='word_1_388' title='bbox 2351 2652 2531 2719; x_wconf 76' lang='grc' dir='ltr'>δεξιῶν</span> <span class='ocrx_word' id='word_1_389' title='bbox 2609 2674 2702 2708; x_wconf 89' lang='grc' dir='ltr'><strong>σου</strong></span> <span class='ocrx_word' id='word_1_390' title='bbox 2759 2650 2813 2706; x_wconf 81' lang='grc' dir='ltr'>ἐν</span> <span class='ocrx_word' id='word_1_391' title='bbox 2892 2654 3167 2726; x_wconf 77' lang='grc' dir='ltr'>ἱματισμῷ</span> <span class='ocrx_word' id='word_1_392' title='bbox 3236 2650 3530 2732; x_wconf 78' lang='grc' dir='ltr'>διαχρύσῷ.</span> <span class='ocrx_word' id='word_1_393' title='bbox 3595 2650 3894 2707; x_wconf 83' lang='grc' dir='ltr'>Βασίλισσα</span> 
     </span>
    </p>
   </div>
   <div class='ocr_carea' id='block_1_60' title="bbox 2236 2739 3894 2819">
    <p class='ocr_par' dir='ltr' id='par_1_60' title="bbox 2236 2739 3894 2819">
     <span class='ocr_line' id='line_1_60' title="bbox 2236 2739 3894 2819; baseline -0.002 -21"><span class='ocrx_word' id='word_1_394' title='bbox 2236 2744 2331 2816; x_wconf 77' lang='grc' dir='ltr'>μὲν</span> <span class='ocrx_word' id='word_1_395' title='bbox 2390 2745 2426 2810; x_wconf 77' lang='grc' dir='ltr'><strong>ἡ</strong></span> <span class='ocrx_word' id='word_1_396' title='bbox 2484 2740 2800 2815; x_wconf 79' lang='grc' dir='ltr'>Ἐκκλησία,</span> <span class='ocrx_word' id='word_1_397' title='bbox 2863 2743 2934 2802; x_wconf 87' lang='grc' dir='ltr'>ὡς</span> <span class='ocrx_word' id='word_1_398' title='bbox 2982 2741 3160 2819; x_wconf 72' lang='grc' dir='ltr'>νύμερη</span> <span class='ocrx_word' id='word_1_399' title='bbox 3213 2741 3477 2818; x_wconf 82' lang='grc' dir='ltr'>γενομένη</span> <span class='ocrx_word' id='word_1_400' title='bbox 3526 2739 3894 2816; x_wconf 73' lang='grc' dir='ltr'>τοῦμεγαλου</span> 
     </span>
    </p>
   </div>
   <div class='ocr_carea' id='block_1_61' title="bbox 2236 2819 3896 2908">
    <p class='ocr_par' dir='ltr' id='par_1_61' title="bbox 2236 2828 3896 2908">
     <span class='ocr_line' id='line_1_61' title="bbox 2236 2828 3896 2908; baseline -0.002 -21"><span class='ocrx_word' id='word_1_401' title='bbox 2236 2830 2538 2908; x_wconf 85' lang='grc' dir='ltr'>βασιλέως⁶</span> <span class='ocrx_word' id='word_1_402' title='bbox 2693 2829 2747 2885; x_wconf 83' lang='grc' dir='ltr'>δὲ</span> <span class='ocrx_word' id='word_1_403' title='bbox 2808 2830 2990 2891; x_wconf 75' lang='grc' dir='ltr'>στάσις</span> <span class='ocrx_word' id='word_1_404' title='bbox 3123 2833 3184 2885; x_wconf 70' lang='lat' dir='ltr'><strong>&#39;ex</strong></span> <span class='ocrx_word' id='word_1_405' title='bbox 3227 2828 3407 2895; x_wconf 79' lang='grc' dir='ltr'>δεξιῶν</span> <span class='ocrx_word' id='word_1_406' title='bbox 3458 2831 3557 2897; x_wconf 75' lang='grc' dir='ltr'><strong>τὴν</strong></span> <span class='ocrx_word' id='word_1_407' title='bbox 3587 2830 3750 2904; x_wconf 74' lang='grc' dir='ltr'>τιμὴ-ο</span> <span class='ocrx_word' id='word_1_408' title='bbox 3788 2853 3896 2895; x_wconf 86' lang='grc' dir='ltr'>ση-</span> 
     </span>
    </p>
   </div>
   <div class='ocr_carea' id='block_1_62' title="bbox 2237 2917 3892 2994">
    <p class='ocr_par' dir='ltr' id='par_1_62' title="bbox 2237 2917 3892 2994">
     <span class='ocr_line' id='line_1_62' title="bbox 2237 2917 3892 2994; baseline -0.002 -18"><span class='ocrx_word' id='word_1_409' title='bbox 2237 2921 2408 2994; x_wconf 81' lang='grc' dir='ltr'>μαίνει</span> <span class='ocrx_word' id='word_1_410' title='bbox 2469 2921 2534 2988; x_wconf 78' lang='grc' dir='ltr'><strong>ἧς</strong></span> <span class='ocrx_word' id='word_1_411' title='bbox 2578 2920 2865 2976; x_wconf 77' lang='grc' dir='ltr'>ἀπολαύσει</span> <span class='ocrx_word' id='word_1_412' title='bbox 2923 2919 2975 2974; x_wconf 83' lang='grc' dir='ltr'>ἐν</span> <span class='ocrx_word' id='word_1_413' title='bbox 3032 2926 3106 2992; x_wconf 83' lang='grc' dir='ltr'>τῷ</span> <span class='ocrx_word' id='word_1_414' title='bbox 3150 2917 3399 2992; x_wconf 73' lang='grc' dir='ltr'>μέλλοντι</span> <span class='ocrx_word' id='word_1_415' title='bbox 3467 2921 3638 2974; x_wconf 83' lang='grc' dir='ltr'>αἰῶνι’</span> <span class='ocrx_word' id='word_1_416' title='bbox 3694 2922 3892 2992; x_wconf 83' lang='grc' dir='ltr'>ἱματι-</span> 
     </span>
    </p>
   </div>
   <div class='ocr_carea' id='block_1_63' title="bbox 2238 3007 3900 3086">
    <p class='ocr_par' dir='ltr' id='par_1_63' title="bbox 2238 3007 3900 3086">
     <span class='ocr_line' id='line_1_63' title="bbox 2238 3007 3900 3086; baseline -0.002 -21"><span class='ocrx_word' id='word_1_417' title='bbox 2238 3011 2370 3084; x_wconf 79' lang='grc' dir='ltr'>σμὸς</span> <span class='ocrx_word' id='word_1_418' title='bbox 2399 3009 2453 3064; x_wconf 80' lang='grc' dir='ltr'>δὲ</span> <span class='ocrx_word' id='word_1_419' title='bbox 2486 3010 2648 3076; x_wconf 75' lang='grc' dir='ltr'>αὐτῆς</span> <span class='ocrx_word' id='word_1_420' title='bbox 2694 3008 2934 3073; x_wconf 85' lang='grc' dir='ltr'>ποικίλος</span> <span class='ocrx_word' id='word_1_421' title='bbox 2992 3009 3186 3084; x_wconf 88' lang='grc' dir='ltr'>πίστις,</span> <span class='ocrx_word' id='word_1_422' title='bbox 3250 3008 3422 3086; x_wconf 80' lang='grc' dir='ltr'>ἐλπὶς,</span> <span class='ocrx_word' id='word_1_423' title='bbox 3470 3009 3656 3086; x_wconf 76' lang='grc' dir='ltr'>ἀγάπη</span> <span class='ocrx_word' id='word_1_424' title='bbox 3684 3023 3697 3036; x_wconf 89' lang='lat'>&#39;</span> <span class='ocrx_word' id='word_1_425' title='bbox 3766 3007 3900 3086; x_wconf 76' lang='grc' dir='ltr'>ἔχει</span> 
     </span>
    </p>
   </div>
   <div class='ocr_carea' id='block_1_64' title="bbox 2239 3096 3894 3177">
    <p class='ocr_par' dir='ltr' id='par_1_64' title="bbox 2239 3096 3894 3177">
     <span class='ocr_line' id='line_1_64' title="bbox 2239 3096 3894 3177; baseline 0.001 -24"><span class='ocrx_word' id='word_1_426' title='bbox 2239 3096 2294 3154; x_wconf 74' lang='grc' dir='ltr'>δὲ</span> <span class='ocrx_word' id='word_1_427' title='bbox 2349 3100 2438 3154; x_wconf 85' lang='grc' dir='ltr'><strong>καὶ</strong></span> <span class='ocrx_word' id='word_1_428' title='bbox 2467 3098 2642 3176; x_wconf 77' lang='grc' dir='ltr'>ἕτερον</span> <span class='ocrx_word' id='word_1_429' title='bbox 2692 3099 2902 3174; x_wconf 77' lang='grc' dir='ltr'>ἱμάτιον</span> <span class='ocrx_word' id='word_1_430' title='bbox 2949 3097 3340 3177; x_wconf 82' lang='grc' dir='ltr'>λαμπρότερον,</span> <span class='ocrx_word' id='word_1_431' title='bbox 3391 3101 3482 3153; x_wconf 80' lang='grc' dir='ltr'>τὸν</span> <span class='ocrx_word' id='word_1_432' title='bbox 3528 3099 3750 3171; x_wconf 76' lang='grc' dir='ltr'>Χριστὸν</span> <span class='ocrx_word' id='word_1_433' title='bbox 3787 3101 3894 3154; x_wconf 74' lang='grc' dir='ltr'><strong>αὖ·-</strong></span> 
     </span>
    </p>
   </div>
   <div class='ocr_carea' id='block_1_65' title="bbox 516 3180 2154 3265">
    <p class='ocr_par' dir='ltr' id='par_1_65' title="bbox 516 3180 2154 3263">
     <span class='ocr_line' id='line_1_65' title="bbox 516 3180 2154 3263; baseline 0.002 -20"><span class='ocrx_word' id='word_1_434' title='bbox 516 3182 717 3252; x_wconf 84' lang='lat' dir='ltr'><strong>habet,</strong></span> <span class='ocrx_word' id='word_1_435' title='bbox 753 3183 950 3262; x_wconf 87' lang='lat' dir='ltr'><strong>ipsum</strong></span> <span class='ocrx_word' id='word_1_436' title='bbox 976 3181 1206 3242; x_wconf 88' lang='lat' dir='ltr'><strong>scilicet</strong></span> <span class='ocrx_word' id='word_1_437' title='bbox 1237 3180 1558 3244; x_wconf 87' lang='lat' dir='ltr'><strong>Christum.</strong></span> <span class='ocrx_word' id='word_1_438' title='bbox 1596 3181 1953 3263; x_wconf 81' lang='lat' dir='ltr'><strong>Quicunque</strong></span> <span class='ocrx_word' id='word_1_439' title='bbox 1972 3186 2154 3259; x_wconf 87' lang='lat' dir='ltr'><strong>enim,</strong></span> 
     </span>
    </p>
   </div>
   <div class='ocr_carea' id='block_1_66' title="bbox 2254 3180 3890 3265">
    <p class='ocr_par' dir='ltr' id='par_1_66' title="bbox 2254 3183 3890 3265">
     <span class='ocr_line' id='line_1_66' title="bbox 2254 3183 3890 3265; baseline 0 -25"><span class='ocrx_word' id='word_1_440' title='bbox 2254 3187 2354 3247; x_wconf 72' lang='grc' dir='ltr'>τόν,</span> <span class='ocrx_word' id='word_1_441' title='bbox 2401 3185 2569 3243; x_wconf 86' lang='grc' dir='ltr'>’Ὀσοι</span> <span class='ocrx_word' id='word_1_442' title='bbox 2613 3186 2737 3263; x_wconf 82' lang='grc' dir='ltr'>γὰρ,</span> <span class='ocrx_word' id='word_1_443' title='bbox 2811 3187 2993 3265; x_wconf 69' lang='grc' dir='ltr'>φησὶν,</span> <span class='ocrx_word' id='word_1_444' title='bbox 3070 3187 3141 3246; x_wconf 84' lang='grc' dir='ltr'>εἰς</span> <span class='ocrx_word' id='word_1_445' title='bbox 3224 3189 3448 3264; x_wconf 74' lang='grc' dir='ltr'>Χριστὸν</span> <span class='ocrx_word' id='word_1_446' title='bbox 3508 3183 3890 3257; x_wconf 73' lang='grc' dir='ltr'>ἐϐαπτίσθητε,</span> 
     </span>
    </p>
   </div>
   <div class='ocr_carea' id='block_1_67' title="bbox 515 3269 2160 3350">
    <p class='ocr_par' dir='ltr' id='par_1_67' title="bbox 515 3269 2160 3350">
     <span class='ocr_line' id='line_1_67' title="bbox 515 3269 2160 3350; baseline 0.002 -18"><span class='ocrx_word' id='word_1_447' title='bbox 515 3271 625 3350; x_wconf 87' lang='lat' dir='ltr'><strong>ait,</strong></span> <span class='ocrx_word' id='word_1_448' title='bbox 659 3273 725 3332; x_wconf 84' lang='lat' dir='ltr'><strong>in</strong></span> <span class='ocrx_word' id='word_1_449' title='bbox 775 3269 1082 3334; x_wconf 76' lang='lat' dir='ltr'><strong>Christum</strong></span> <span class='ocrx_word' id='word_1_450' title='bbox 1144 3271 1446 3350; x_wconf 81' lang='lat' dir='ltr'><strong>baptizati</strong></span> <span class='ocrx_word' id='word_1_451' title='bbox 1502 3276 1664 3346; x_wconf 82' lang='lat' dir='ltr'><strong>estis,</strong></span> <span class='ocrx_word' id='word_1_452' title='bbox 1700 3270 2004 3335; x_wconf 64' lang='lat' dir='ltr'><strong>Christui:2</strong></span> <span class='ocrx_word' id='word_1_453' title='bbox 2060 3277 2160 3336; x_wconf 85' lang='lat' dir='ltr'><strong>in-</strong></span> 
     </span>
    </p>
   </div>
   <div class='ocr_carea' id='block_1_68' title="bbox 517 3357 1609 3430">
    <p class='ocr_par' dir='ltr' id='par_1_68' title="bbox 517 3357 1609 3430">
     <span class='ocr_line' id='line_1_68' title="bbox 517 3357 1609 3430; baseline -0.003 -9"><span class='ocrx_word' id='word_1_454' title='bbox 517 3358 736 3422; x_wconf 81' lang='lat' dir='ltr'><strong>duist-is</strong></span> <span class='ocrx_word' id='word_1_455' title='bbox 763 3357 840 3418; x_wconf 69' lang='grc'><strong>⁸⁵.</strong></span> <span class='ocrx_word' id='word_1_456' title='bbox 1597 3417 1609 3430; x_wconf 77' lang='grc'><strong>,</strong></span> 
     </span>
    </p>
   </div>
   <div class='ocr_carea' id='block_1_69' title="bbox 600 3447 2159 3528">
    <p class='ocr_par' dir='ltr' id='par_1_69' title="bbox 600 3447 2159 3528">
     <span class='ocr_line' id='line_1_69' title="bbox 600 3447 2159 3528; baseline 0.003 -19"><span class='ocrx_word' id='word_1_457' title='bbox 600 3450 700 3510; x_wconf 93' lang='grc'><strong>11.</strong></span> <span class='ocrx_word' id='word_1_458' title='bbox 735 3449 925 3526; x_wconf 80' lang='lat' dir='ltr'><strong>Audt,</strong></span> <span class='ocrx_word' id='word_1_459' title='bbox 961 3449 1120 3528; x_wconf 80' lang='lat' dir='ltr'><strong>filia,</strong></span> <span class='ocrx_word' id='word_1_460' title='bbox 1153 3457 1213 3510; x_wconf 85' lang='lat' dir='ltr'><strong>et</strong></span> <span class='ocrx_word' id='word_1_461' title='bbox 1244 3449 1405 3511; x_wconf 87' lang='lat' dir='ltr'><strong>vide.</strong></span> <span class='ocrx_word' id='word_1_462' title='bbox 1441 3447 1669 3511; x_wconf 81' lang='lat' dir='ltr'><strong>Rursus</strong></span> <span class='ocrx_word' id='word_1_463' title='bbox 1699 3468 1812 3511; x_wconf 91' lang='lat' dir='ltr'><strong>ceu</strong></span> <span class='ocrx_word' id='word_1_464' title='bbox 1845 3451 1916 3512; x_wconf 92' lang='lat' dir='ltr'><strong>ad</strong></span> <span class='ocrx_word' id='word_1_465' title='bbox 1950 3453 2159 3514; x_wconf 82' lang='lat' dir='ltr'><strong>Eccle-</strong></span> 
     </span>
    </p>
   </div>
   <div class='ocr_carea' id='block_1_70' title="bbox 521 3537 2162 3617">
    <p class='ocr_par' dir='ltr' id='par_1_70' title="bbox 521 3537 2162 3617">
     <span class='ocr_line' id='line_1_70' title="bbox 521 3537 2162 3617; baseline 0.002 -18"><span class='ocrx_word' id='word_1_466' title='bbox 521 3538 668 3600; x_wconf 86' lang='lat' dir='ltr'><strong>siam</strong></span> <span class='ocrx_word' id='word_1_467' title='bbox 702 3555 901 3598; x_wconf 88' lang='lat' dir='ltr'><strong>sermo</strong></span> <span class='ocrx_word' id='word_1_468' title='bbox 934 3547 1044 3599; x_wconf 91' lang='lat' dir='ltr'><strong>est.</strong></span> <span class='ocrx_word' id='word_1_469' title='bbox 1078 3539 1158 3597; x_wconf 84' lang='lat' dir='ltr'><strong>Et</strong></span> <span class='ocrx_word' id='word_1_470' title='bbox 1189 3537 1543 3600; x_wconf 79' lang='lat' dir='ltr'><strong>obliviscere</strong></span> <span class='ocrx_word' id='word_1_471' title='bbox 1591 3539 1878 3617; x_wconf 83' lang='lat' dir='ltr'><strong>populum</strong></span> <span class='ocrx_word' id='word_1_472' title='bbox 1911 3547 2075 3601; x_wconf 84' lang='lat' dir='ltr'><strong>tuum</strong></span> <span class='ocrx_word' id='word_1_473' title='bbox 2109 3548 2162 3602; x_wconf 80' lang='lat' dir='ltr'><strong>et</strong></span> 
     </span>
    </p>
   </div>
   <div class='ocr_carea' id='block_1_71' title="bbox 523 3626 2163 3706">
    <p class='ocr_par' dir='ltr' id='par_1_71' title="bbox 523 3626 2163 3706">
     <span class='ocr_line' id='line_1_71' title="bbox 523 3626 2163 3706; baseline 0.001 -18"><span class='ocrx_word' id='word_1_474' title='bbox 523 3628 768 3689; x_wconf 87' lang='lat' dir='ltr'><strong>domum</strong></span> <span class='ocrx_word' id='word_1_475' title='bbox 790 3628 991 3706; x_wconf 82' lang='lat' dir='ltr'><strong>patris</strong></span> <span class='ocrx_word' id='word_1_476' title='bbox 1025 3627 1138 3688; x_wconf 86' lang='lat' dir='ltr'><strong>tui.</strong></span> <span class='ocrx_word' id='word_1_477' title='bbox 1171 3627 1360 3687; x_wconf 89' lang='lat' dir='ltr'><strong>Nemo</strong></span> <span class='ocrx_word' id='word_1_478' title='bbox 1391 3626 1609 3706; x_wconf 91' lang='lat' dir='ltr'><strong>quippe</strong></span> <span class='ocrx_word' id='word_1_479' title='bbox 1642 3646 1822 3706; x_wconf 90' lang='lat' dir='ltr'><strong>purus</strong></span> <span class='ocrx_word' id='word_1_480' title='bbox 1852 3628 1922 3688; x_wconf 90' lang='lat' dir='ltr'><strong>ad</strong></span> <span class='ocrx_word' id='word_1_481' title='bbox 1949 3629 2163 3690; x_wconf 78' lang='lat' dir='ltr'><strong>Christi</strong></span> 
     </span>
    </p>
   </div>
   <div class='ocr_carea' id='block_1_72' title="bbox 525 3713 2166 3791">
    <p class='ocr_par' dir='ltr' id='par_1_72' title="bbox 525 3713 2166 3791">
     <span class='ocr_line' id='line_1_72' title="bbox 525 3713 2166 3791; baseline 0.001 -14"><span class='ocrx_word' id='word_1_482' title='bbox 525 3715 700 3777; x_wconf 86' lang='lat' dir='ltr'><strong>ﬁdem</strong></span> <span class='ocrx_word' id='word_1_483' title='bbox 734 3713 987 3787; x_wconf 83' lang='lat' dir='ltr'><strong>accedit,</strong></span> <span class='ocrx_word' id='word_1_484' title='bbox 1024 3713 1138 3774; x_wconf 87' lang='lat' dir='ltr'><strong>nisi</strong></span> <span class='ocrx_word' id='word_1_485' title='bbox 1173 3716 1605 3791; x_wconf 65' lang='lat' dir='ltr'><strong>praeteritorum</strong></span> <span class='ocrx_word' id='word_1_486' title='bbox 1633 3716 1918 3776; x_wconf 83' lang='lat' dir='ltr'><strong>malorum</strong></span> <span class='ocrx_word' id='word_1_487' title='bbox 1947 3737 2166 3778; x_wconf 74' lang='lat' dir='ltr'><strong>memo-</strong></span> 
     </span>
    </p>
   </div>
   <div class='ocr_carea' id='block_1_73' title="bbox 525 3803 2163 3883">
    <p class='ocr_par' dir='ltr' id='par_1_73' title="bbox 525 3803 2163 3883">
     <span class='ocr_line' id='line_1_73' title="bbox 525 3803 2163 3883; baseline 0.002 -19"><span class='ocrx_word' id='word_1_488' title='bbox 525 3805 673 3865; x_wconf 90' lang='lat' dir='ltr'><strong>riam</strong></span> <span class='ocrx_word' id='word_1_489' title='bbox 698 3805 942 3865; x_wconf 91' lang='lat' dir='ltr'><strong>omnino</strong></span> <span class='ocrx_word' id='word_1_490' title='bbox 973 3803 1498 3883; x_wconf 72' lang='grc' dir='ltr'>οὺοιθοι.1)οριι1υε</span> <span class='ocrx_word' id='word_1_491' title='bbox 1513 3811 1708 3865; x_wconf 89' lang='lat' dir='ltr'><strong>autem</strong></span> <span class='ocrx_word' id='word_1_492' title='bbox 1732 3805 2012 3865; x_wconf 66' lang='lat' dir='ltr'><strong>Ecclesia:</strong></span> <span class='ocrx_word' id='word_1_493' title='bbox 2025 3807 2163 3867; x_wconf 86' lang='lat' dir='ltr'><strong>olim</strong></span> 
     </span>
    </p>
   </div>
   <div class='ocr_carea' id='block_1_74' title="bbox 527 3891 2164 3973">
    <p class='ocr_par' dir='ltr' id='par_1_74' title="bbox 527 3891 2164 3973">
     <span class='ocr_line' id='line_1_74' title="bbox 527 3891 2164 3973; baseline 0 -18"><span class='ocrx_word' id='word_1_494' title='bbox 527 3904 699 3955; x_wconf 87' lang='lat' dir='ltr'><strong>erant</strong></span> <span class='ocrx_word' id='word_1_495' title='bbox 759 3892 1104 3954; x_wconf 64' lang='lat' dir='ltr'><strong>idololatria.</strong></span> <span class='ocrx_word' id='word_1_496' title='bbox 1163 3892 1386 3953; x_wconf 91' lang='lat' dir='ltr'><strong>Domus</strong></span> <span class='ocrx_word' id='word_1_497' title='bbox 1428 3901 1624 3952; x_wconf 84' lang='lat' dir='ltr'><strong>autem</strong></span> <span class='ocrx_word' id='word_1_498' title='bbox 1659 3891 1841 3971; x_wconf 87' lang='lat' dir='ltr'><strong>patris</strong></span> <span class='ocrx_word' id='word_1_499' title='bbox 1890 3895 2016 3973; x_wconf 88' lang='lat' dir='ltr'><strong>ejus</strong></span> <span class='ocrx_word' id='word_1_500' title='bbox 2068 3913 2164 3955; x_wconf 89' lang='lat' dir='ltr'><strong>sa-</strong></span> 
     </span>
    </p>
   </div>
   <div class='ocr_carea' id='block_1_75' title="bbox 532 3980 2171 4061">
    <p class='ocr_par' dir='ltr' id='par_1_75' title="bbox 532 3980 2171 4061">
     <span class='ocr_line' id='line_1_75' title="bbox 532 3980 2171 4061; baseline 0 -19"><span class='ocrx_word' id='word_1_501' title='bbox 532 3983 758 4061; x_wconf 84' lang='lat' dir='ltr'><strong>pientes</strong></span> <span class='ocrx_word' id='word_1_502' title='bbox 787 3980 1016 4060; x_wconf 65' lang='lat' dir='ltr'><strong>smculi,</strong></span> <span class='ocrx_word' id='word_1_503' title='bbox 1049 3980 1108 4040; x_wconf 89' lang='lat' dir='ltr'><strong>in</strong></span> <span class='ocrx_word' id='word_1_504' title='bbox 1142 3980 1360 4061; x_wconf 88' lang='lat' dir='ltr'><strong>quibus</strong></span> <span class='ocrx_word' id='word_1_505' title='bbox 1389 3981 1552 4060; x_wconf 90' lang='lat' dir='ltr'><strong>quasi</strong></span> <span class='ocrx_word' id='word_1_506' title='bbox 1585 3981 1644 4040; x_wconf 91' lang='lat' dir='ltr'><strong>in</strong></span> <span class='ocrx_word' id='word_1_507' title='bbox 1676 3981 1854 4042; x_wconf 88' lang='lat' dir='ltr'><strong>domo</strong></span> <span class='ocrx_word' id='word_1_508' title='bbox 1888 3983 2171 4044; x_wconf 87' lang='lat' dir='ltr'><strong>inhabitat</strong></span> 
     </span>
    </p>
   </div>
   <div class='ocr_carea' id='block_1_76' title="bbox 531 4067 2167 4151">
    <p class='ocr_par' dir='ltr' id='par_1_76' title="bbox 531 4067 2167 4151">
     <span class='ocr_line' id='line_1_76' title="bbox 531 4067 2167 4151; baseline -0.001 -19"><span class='ocrx_word' id='word_1_509' title='bbox 531 4069 799 4133; x_wconf 87' lang='lat' dir='ltr'><strong>Satanas.</strong></span> <span class='ocrx_word' id='word_1_510' title='bbox 831 4069 912 4132; x_wconf 85' lang='lat' dir='ltr'><strong>Et</strong></span> <span class='ocrx_word' id='word_1_511' title='bbox 934 4070 1068 4150; x_wconf 79' lang='lat' dir='ltr'><strong>ﬁlia</strong></span> <span class='ocrx_word' id='word_1_512' title='bbox 1105 4067 1248 4148; x_wconf 80' lang='lat' dir='ltr'><strong>Tyri</strong></span> <span class='ocrx_word' id='word_1_513' title='bbox 1278 4071 1343 4130; x_wconf 87' lang='lat' dir='ltr'><strong>in</strong></span> <span class='ocrx_word' id='word_1_514' title='bbox 1378 4068 1747 4131; x_wconf 84' lang='lat' dir='ltr'><strong>muneribus.</strong></span> <span class='ocrx_word' id='word_1_515' title='bbox 1789 4069 1876 4129; x_wconf 80' lang='lat' dir='ltr'><strong>Ab</strong></span> <span class='ocrx_word' id='word_1_516' title='bbox 1909 4090 2021 4130; x_wconf 88' lang='lat' dir='ltr'><strong>una</strong></span> <span class='ocrx_word' id='word_1_517' title='bbox 2051 4071 2167 4151; x_wconf 79' lang='lat' dir='ltr'><strong>Ty-</strong></span> 
     </span>
    </p>
   </div>
   <div class='ocr_carea' id='block_1_77' title="bbox 529 4157 2168 4237">
    <p class='ocr_par' dir='ltr' id='par_1_77' title="bbox 529 4157 2168 4237">
     <span class='ocr_line' id='line_1_77' title="bbox 529 4157 2168 4237; baseline 0.002 -16"><span class='ocrx_word' id='word_1_518' title='bbox 529 4161 758 4221; x_wconf 91' lang='lat' dir='ltr'><strong>riorum</strong></span> <span class='ocrx_word' id='word_1_519' title='bbox 820 4166 1016 4234; x_wconf 84' lang='lat' dir='ltr'><strong>gente,</strong></span> <span class='ocrx_word' id='word_1_520' title='bbox 1073 4157 1338 4236; x_wconf 81' lang='lat' dir='ltr'><strong>gentium</strong></span> <span class='ocrx_word' id='word_1_521' title='bbox 1417 4164 1781 4218; x_wconf 86' lang='lat' dir='ltr'><strong>vocationem</strong></span> <span class='ocrx_word' id='word_1_522' title='bbox 1853 4159 2168 4237; x_wconf 88' lang='lat' dir='ltr'><strong>signiﬁcat.</strong></span> 
     </span>
    </p>
   </div>
   <div class='ocr_carea' id='block_1_78' title="bbox 533 4246 2170 4328">
    <p class='ocr_par' dir='ltr' id='par_1_78' title="bbox 533 4246 2170 4328">
     <span class='ocr_line' id='line_1_78' title="bbox 533 4246 2170 4328; baseline 0.001 -18"><span class='ocrx_word' id='word_1_523' title='bbox 533 4248 744 4328; x_wconf 78' lang='lat' dir='ltr'><strong>Tyrios</strong></span> <span class='ocrx_word' id='word_1_524' title='bbox 789 4257 984 4308; x_wconf 88' lang='lat' dir='ltr'><strong>autem</strong></span> <span class='ocrx_word' id='word_1_525' title='bbox 1045 4247 1414 4324; x_wconf 81' lang='lat' dir='ltr'><strong>memoravit,</strong></span> <span class='ocrx_word' id='word_1_526' title='bbox 1453 4246 1590 4326; x_wconf 89' lang='lat' dir='ltr'><strong>quia</strong></span> <span class='ocrx_word' id='word_1_527' title='bbox 1646 4246 1754 4324; x_wconf 89' lang='lat' dir='ltr'><strong>ipsi</strong></span> <span class='ocrx_word' id='word_1_528' title='bbox 1801 4249 2170 4327; x_wconf 86' lang='lat' dir='ltr'><strong>potissimum</strong></span> 
     </span>
    </p>
   </div>
   <div class='ocr_carea' id='block_1_79' title="bbox 535 4335 1574 4418">
    <p class='ocr_par' dir='ltr' id='par_1_79' title="bbox 535 4335 1574 4418">
     <span class='ocr_line' id='line_1_79' title="bbox 535 4335 1574 4418; baseline -0.003 -21"><span class='ocrx_word' id='word_1_529' title='bbox 535 4337 648 4418; x_wconf 75' lang='lat' dir='ltr'><strong>piae</strong></span> <span class='ocrx_word' id='word_1_530' title='bbox 679 4335 1062 4398; x_wconf 89' lang='lat' dir='ltr'><strong>institutionis</strong></span> <span class='ocrx_word' id='word_1_531' title='bbox 1093 4336 1319 4397; x_wconf 90' lang='lat' dir='ltr'><strong>inimici</strong></span> <span class='ocrx_word' id='word_1_532' title='bbox 1349 4345 1574 4397; x_wconf 85' lang='lat' dir='ltr'><strong>essent.</strong></span> 
     </span>
    </p>
   </div>
   <div class='ocr_carea' id='block_1_80' title="bbox 622 4514 2174 4599">
    <p class='ocr_par' dir='ltr' id='par_1_80' title="bbox 622 4514 2174 4599">
     <span class='ocr_line' id='line_1_80' title="bbox 622 4514 2174 4599; baseline 0.003 -22"><span class='ocrx_word' id='word_1_533' title='bbox 622 4516 718 4579; x_wconf 89' lang='grc'><strong>13.</strong></span> <span class='ocrx_word' id='word_1_534' title='bbox 766 4514 1004 4578; x_wconf 79' lang='lat' dir='ltr'><strong>Vultum</strong></span> <span class='ocrx_word' id='word_1_535' title='bbox 1037 4524 1205 4578; x_wconf 85' lang='lat' dir='ltr'><strong>tuum</strong></span> <span class='ocrx_word' id='word_1_536' title='bbox 1225 4515 1706 4595; x_wconf 82' lang='lat' dir='ltr'><strong>deprecabuntur</strong></span> <span class='ocrx_word' id='word_1_537' title='bbox 1727 4519 1944 4580; x_wconf 85' lang='lat' dir='ltr'><strong>divites</strong></span> <span class='ocrx_word' id='word_1_538' title='bbox 1964 4519 2174 4599; x_wconf 83' lang='lat' dir='ltr'><strong>plebis.</strong></span> 
     </span>
    </p>
   </div>
   <div class='ocr_carea' id='block_1_81' title="bbox 539 4604 2176 4688">
    <p class='ocr_par' dir='ltr' id='par_1_81' title="bbox 539 4604 2176 4688">
     <span class='ocr_line' id='line_1_81' title="bbox 539 4604 2176 4688; baseline 0.001 -21"><span class='ocrx_word' id='word_1_539' title='bbox 539 4604 663 4667; x_wconf 86' lang='lat' dir='ltr'><strong>Hoc</strong></span> <span class='ocrx_word' id='word_1_540' title='bbox 688 4605 768 4665; x_wconf 89' lang='lat' dir='ltr'><strong>ait</strong></span> <span class='ocrx_word' id='word_1_541' title='bbox 816 4605 1195 4684; x_wconf 82' lang='lat' dir='ltr'><strong>Evangelium</strong></span> <span class='ocrx_word' id='word_1_542' title='bbox 1244 4605 1486 4684; x_wconf 82' lang='lat' dir='ltr'><strong>regibus</strong></span> <span class='ocrx_word' id='word_1_543' title='bbox 1537 4606 1887 4686; x_wconf 70' lang='lat' dir='ltr'><strong>praedicans,</strong></span> <span class='ocrx_word' id='word_1_544' title='bbox 1922 4619 1979 4668; x_wconf 84' lang='lat' dir='ltr'><strong>et</strong></span> <span class='ocrx_word' id='word_1_545' title='bbox 2027 4609 2176 4688; x_wconf 83' lang='lat' dir='ltr'><strong>apti-</strong></span> 
     </span>
    </p>
   </div>
   <div class='ocr_carea' id='block_1_82' title="bbox 545 4694 2177 4775">
    <p class='ocr_par' dir='ltr' id='par_1_82' title="bbox 545 4694 2177 4775">
     <span class='ocr_line' id='line_1_82' title="bbox 545 4694 2177 4775; baseline 0.005 -21"><span class='ocrx_word' id='word_1_546' title='bbox 545 4694 836 4756; x_wconf 90' lang='lat' dir='ltr'><strong>matibus:</strong></span> <span class='ocrx_word' id='word_1_547' title='bbox 873 4695 1070 4756; x_wconf 82' lang='lat' dir='ltr'><strong>Adora</strong></span> <span class='ocrx_word' id='word_1_548' title='bbox 1100 4694 1422 4757; x_wconf 83' lang='lat' dir='ltr'><strong>Ecclesiam</strong></span> <span class='ocrx_word' id='word_1_549' title='bbox 1483 4695 1606 4756; x_wconf 83' lang='lat' dir='ltr'><strong>sive</strong></span> <span class='ocrx_word' id='word_1_550' title='bbox 1656 4696 1784 4775; x_wconf 86' lang='lat' dir='ltr'><strong>ejus</strong></span> <span class='ocrx_word' id='word_1_551' title='bbox 1838 4699 2177 4762; x_wconf 80' lang='lat' dir='ltr'><strong>Dominum.</strong></span> 
     </span>
    </p>
   </div>
   <div class='ocr_carea' id='block_1_83' title="bbox 546 4783 2180 4864">
    <p class='ocr_par' dir='ltr' id='par_1_83' title="bbox 546 4783 2180 4864">
     <span class='ocr_line' id='line_1_83' title="bbox 546 4783 2180 4864; baseline 0.001 -17"><span class='ocrx_word' id='word_1_552' title='bbox 546 4783 766 4847; x_wconf 78' lang='lat' dir='ltr'><strong>Omnis</strong></span> <span class='ocrx_word' id='word_1_553' title='bbox 793 4783 992 4864; x_wconf 76' lang='lat' dir='ltr'><strong>gloria</strong></span> <span class='ocrx_word' id='word_1_554' title='bbox 1015 4783 1158 4863; x_wconf 68' lang='lat' dir='ltr'><strong>ﬁlice</strong></span> <span class='ocrx_word' id='word_1_555' title='bbox 1187 4785 1351 4862; x_wconf 86' lang='lat' dir='ltr'><strong>regis</strong></span> <span class='ocrx_word' id='word_1_556' title='bbox 1385 4784 1458 4844; x_wconf 83' lang='lat' dir='ltr'><strong>ab</strong></span> <span class='ocrx_word' id='word_1_557' title='bbox 1493 4785 1680 4859; x_wconf 81' lang='lat' dir='ltr'><strong>intus,</strong></span> <span class='ocrx_word' id='word_1_558' title='bbox 1711 4785 2049 4863; x_wconf 78' lang='lat' dir='ltr'><strong>inﬁmbriis</strong></span> <span class='ocrx_word' id='word_1_559' title='bbox 2069 4807 2180 4848; x_wconf 86' lang='lat' dir='ltr'><strong>au-</strong></span> 
     </span>
    </p>
   </div>
   <div class='ocr_carea' id='block_1_84' title="bbox 547 4872 2180 4956">
    <p class='ocr_par' dir='ltr' id='par_1_84' title="bbox 547 4872 2180 4956">
     <span class='ocr_line' id='line_1_84' title="bbox 547 4872 2180 4956; baseline 0.002 -22"><span class='ocrx_word' id='word_1_560' title='bbox 547 4875 685 4936; x_wconf 81' lang='lat' dir='ltr'><strong>reis.</strong></span> <span class='ocrx_word' id='word_1_561' title='bbox 722 4872 1006 4935; x_wconf 78' lang='lat' dir='ltr'><strong>Pietatem</strong></span> <span class='ocrx_word' id='word_1_562' title='bbox 1059 4891 1224 4946; x_wconf 84' lang='lat' dir='ltr'><strong>voce,</strong></span> <span class='ocrx_word' id='word_1_563' title='bbox 1271 4873 1347 4934; x_wconf 80' lang='lat' dir='ltr'><strong>ab</strong></span> <span class='ocrx_word' id='word_1_564' title='bbox 1395 4874 1583 4944; x_wconf 83' lang='lat' dir='ltr'><strong>intus,</strong></span> <span class='ocrx_word' id='word_1_565' title='bbox 1617 4873 1956 4951; x_wconf 87' lang='lat' dir='ltr'><strong>signiﬁcat:</strong></span> <span class='ocrx_word' id='word_1_566' title='bbox 2001 4877 2180 4956; x_wconf 87' lang='lat' dir='ltr'><strong>spiri-</strong></span> 
     </span>
    </p>
   </div>
   <div class='ocr_carea' id='block_1_85' title="bbox 550 4959 2183 5042">
    <p class='ocr_par' dir='ltr' id='par_1_85' title="bbox 550 4959 2183 5042">
     <span class='ocr_line' id='line_1_85' title="bbox 550 4959 2183 5042; baseline 0.002 -19"><span class='ocrx_word' id='word_1_567' title='bbox 550 4962 721 5024; x_wconf 80' lang='lat' dir='ltr'><strong>tualis</strong></span> <span class='ocrx_word' id='word_1_568' title='bbox 753 4979 1006 5042; x_wconf 88' lang='lat' dir='ltr'><strong>namque</strong></span> <span class='ocrx_word' id='word_1_569' title='bbox 1037 4971 1126 5023; x_wconf 88' lang='lat' dir='ltr'><strong>est</strong></span> <span class='ocrx_word' id='word_1_570' title='bbox 1153 4967 1394 5022; x_wconf 87' lang='lat' dir='ltr'><strong>ornatus</strong></span> <span class='ocrx_word' id='word_1_571' title='bbox 1419 4959 1724 5024; x_wconf 77' lang='lat' dir='ltr'><strong>Eccleaize.</strong></span> <span class='ocrx_word' id='word_1_572' title='bbox 1758 4961 2046 5026; x_wconf 89' lang='lat' dir='ltr'><strong>Fimbrias</strong></span> <span class='ocrx_word' id='word_1_573' title='bbox 2074 4985 2183 5026; x_wconf 86' lang='lat' dir='ltr'><strong>au-</strong></span> 
     </span>
    </p>
   </div>
   <div class='ocr_carea' id='block_1_86' title="bbox 552 5050 1764 5130">
    <p class='ocr_par' dir='ltr' id='par_1_86' title="bbox 552 5050 1764 5130">
     <span class='ocr_line' id='line_1_86' title="bbox 552 5050 1764 5130; baseline -0.002 -18"><span class='ocrx_word' id='word_1_574' title='bbox 552 5066 671 5112; x_wconf 87' lang='lat' dir='ltr'><strong>tem</strong></span> <span class='ocrx_word' id='word_1_575' title='bbox 707 5051 848 5112; x_wconf 90' lang='lat' dir='ltr'><strong>dicit</strong></span> <span class='ocrx_word' id='word_1_576' title='bbox 880 5050 1236 5130; x_wconf 89' lang='lat' dir='ltr'><strong>multiplices</strong></span> <span class='ocrx_word' id='word_1_577' title='bbox 1265 5050 1466 5130; x_wconf 90' lang='lat' dir='ltr'><strong>specie</strong></span> <span class='ocrx_word' id='word_1_578' title='bbox 1495 5050 1764 5112; x_wconf 80' lang='lat' dir='ltr'><strong>virtutes.</strong></span> 
     </span>
    </p>
   </div>
   <div class='ocr_carea' id='block_1_87' title="bbox 634 5231 2190 5310">
    <p class='ocr_par' dir='ltr' id='par_1_87' title="bbox 634 5231 2190 5310">
     <span class='ocr_line' id='line_1_87' title="bbox 634 5231 2190 5310; baseline 0.003 -17"><span class='ocrx_word' id='word_1_579' title='bbox 634 5232 732 5295; x_wconf 90' lang='grc'>15.</span> <span class='ocrx_word' id='word_1_580' title='bbox 769 5231 1306 5309; x_wconf 79' lang='lat' dir='ltr'><strong>Adducenturregi</strong></span> <span class='ocrx_word' id='word_1_581' title='bbox 1335 5231 1604 5308; x_wconf 88' lang='lat' dir='ltr'><strong>virgines</strong></span> <span class='ocrx_word' id='word_1_582' title='bbox 1623 5241 1752 5310; x_wconf 80' lang='lat' dir='ltr'><strong>post</strong></span> <span class='ocrx_word' id='word_1_583' title='bbox 1791 5250 1943 5294; x_wconf 86' lang='lat' dir='ltr'><strong>eam.</strong></span> <span class='ocrx_word' id='word_1_584' title='bbox 1984 5233 2190 5298; x_wconf 89' lang='lat' dir='ltr'><strong>Simile</strong></span> 
     </span>
    </p>
   </div>
   <div class='ocr_carea' id='block_1_88' title="bbox 555 5319 2188 5399">
    <p class='ocr_par' dir='ltr' id='par_1_88' title="bbox 555 5319 2188 5399">
     <span class='ocr_line' id='line_1_88' title="bbox 555 5319 2188 5399; baseline 0.001 -15"><span class='ocrx_word' id='word_1_585' title='bbox 555 5323 693 5384; x_wconf 86' lang='lat' dir='ltr'><strong>huic</strong></span> <span class='ocrx_word' id='word_1_586' title='bbox 720 5338 733 5382; x_wconf 92' lang='lat'>:</span> <span class='ocrx_word' id='word_1_587' title='bbox 760 5319 1104 5399; x_wconf 76' lang='lat' dir='ltr'><strong>Rupiemur</strong></span> <span class='ocrx_word' id='word_1_588' title='bbox 1155 5321 1220 5381; x_wconf 87' lang='lat' dir='ltr'><strong>in</strong></span> <span class='ocrx_word' id='word_1_589' title='bbox 1265 5320 1522 5382; x_wconf 84' lang='lat' dir='ltr'><strong>nubibus</strong></span> <span class='ocrx_word' id='word_1_590' title='bbox 1567 5319 1802 5382; x_wconf 84' lang='lat' dir='ltr'><strong>obviam</strong></span> <span class='ocrx_word' id='word_1_591' title='bbox 1836 5322 2093 5385; x_wconf 78' lang='lat' dir='ltr'><strong>Domino</strong></span> <span class='ocrx_word' id='word_1_592' title='bbox 2126 5333 2188 5386; x_wconf 80' lang='lat' dir='ltr'><strong>in</strong></span> 
     </span>
    </p>
   </div>
   <div class='ocr_carea' id='block_1_89' title="bbox 553 5407 2186 5488">
    <p class='ocr_par' dir='ltr' id='par_1_89' title="bbox 553 5407 2186 5488">
     <span class='ocr_line' id='line_1_89' title="bbox 553 5407 2186 5488; baseline 0.006 -18"><span class='ocrx_word' id='word_1_593' title='bbox 553 5429 699 5473; x_wconf 83' lang='lat' dir='ltr'><strong>aera</strong></span> <span class='ocrx_word' id='word_1_594' title='bbox 721 5407 778 5450; x_wconf 66' lang='grc' dir='ltr'>’δ</span> <span class='ocrx_word' id='word_1_595' title='bbox 824 5408 1076 5470; x_wconf 76' lang='lat' dir='ltr'><strong>Rursum</strong></span> <span class='ocrx_word' id='word_1_596' title='bbox 1112 5427 1216 5488; x_wconf 91' lang='lat' dir='ltr'><strong>per</strong></span> <span class='ocrx_word' id='word_1_597' title='bbox 1245 5407 1533 5487; x_wconf 83' lang='lat' dir='ltr'><strong>virginem</strong></span> <span class='ocrx_word' id='word_1_598' title='bbox 1565 5408 1890 5470; x_wconf 89' lang='lat' dir='ltr'><strong>Ecclesiam</strong></span> <span class='ocrx_word' id='word_1_599' title='bbox 1931 5411 2186 5480; x_wconf 80' lang='lat' dir='ltr'><strong>indicat:</strong></span> 
     </span>
    </p>
   </div>
   <div class='ocr_carea' id='block_1_90' title="bbox 2245 3272 2823 3352">
    <p class='ocr_par' dir='ltr' id='par_1_90' title="bbox 2245 3272 2823 3352">
     <span class='ocr_line' id='line_1_90' title="bbox 2245 3272 2823 3352; baseline -0.002 -22"><span class='ocrx_word' id='word_1_600' title='bbox 2245 3276 2466 3352; x_wconf 81' lang='grc' dir='ltr'>Χριστὸν</span> <span class='ocrx_word' id='word_1_601' title='bbox 2499 3272 2823 3334; x_wconf 72' lang='grc' dir='ltr'>ἐνεδύσασθε.</span> 
     </span>
    </p>
   </div>
   <div class='ocr_carea' id='block_1_91' title="bbox 2323 3449 3894 3531">
    <p class='ocr_par' dir='ltr' id='par_1_91' title="bbox 2323 3449 3894 3531">
     <span class='ocr_line' id='line_1_91' title="bbox 2323 3449 3894 3531; baseline 0 -23"><span class='ocrx_word' id='word_1_602' title='bbox 2323 3450 2613 3526; x_wconf 76' lang='grc' dir='ltr'>”Ακευσον,</span> <span class='ocrx_word' id='word_1_603' title='bbox 2662 3453 2907 3531; x_wconf 82' lang='grc' dir='ltr'><strong>θύγατερ⁹</strong></span> <span class='ocrx_word' id='word_1_604' title='bbox 2964 3454 3050 3509; x_wconf 84' lang='grc' dir='ltr'><strong>καὶ</strong></span> <span class='ocrx_word' id='word_1_605' title='bbox 3100 3449 3206 3512; x_wconf 72' lang='grc' dir='ltr'>ἴδε.</span> <span class='ocrx_word' id='word_1_606' title='bbox 3266 3449 3369 3513; x_wconf 88' lang='grc' dir='ltr'>Καὶ</span> <span class='ocrx_word' id='word_1_607' title='bbox 3413 3452 3571 3510; x_wconf 63' lang='grc' dir='ltr'>πάλιν</span> <span class='ocrx_word' id='word_1_608' title='bbox 3631 3457 3705 3516; x_wconf 81' lang='grc' dir='ltr'>ὡς</span> <span class='ocrx_word' id='word_1_609' title='bbox 3756 3457 3894 3531; x_wconf 76' lang='grc' dir='ltr'>πρὸς</span> 
     </span>
    </p>
   </div>
   <div class='ocr_carea' id='block_1_92' title="bbox 2243 3540 3899 3620">
    <p class='ocr_par' dir='ltr' id='par_1_92' title="bbox 2243 3540 3899 3620">
     <span class='ocr_line' id='line_1_92' title="bbox 2243 3540 3899 3620; baseline 0 -22"><span class='ocrx_word' id='word_1_610' title='bbox 2243 3543 2341 3608; x_wconf 74' lang='grc' dir='ltr'><strong>τὴν</strong></span> <span class='ocrx_word' id='word_1_611' title='bbox 2399 3541 2723 3609; x_wconf 83' lang='grc' dir='ltr'>Ἐκκλησίαν</span> <span class='ocrx_word' id='word_1_612' title='bbox 2775 3545 2802 3598; x_wconf 82' lang='grc' dir='ltr'><strong>ὁ</strong></span> <span class='ocrx_word' id='word_1_613' title='bbox 2863 3542 3025 3620; x_wconf 85' lang='grc' dir='ltr'>λόγος</span> <span class='ocrx_word' id='word_1_614' title='bbox 3085 3541 3261 3606; x_wconf 82' lang='grc' dir='ltr'>οὗτος.</span> <span class='ocrx_word' id='word_1_615' title='bbox 3329 3540 3433 3602; x_wconf 85' lang='grc' dir='ltr'><strong>Καὶ</strong></span> <span class='ocrx_word' id='word_1_616' title='bbox 3493 3542 3742 3602; x_wconf 63' lang='grc' dir='ltr'>ἐπιλάθου</span> <span class='ocrx_word' id='word_1_617' title='bbox 3802 3551 3899 3598; x_wconf 82' lang='grc' dir='ltr'>τοῦ</span> 
     </span>
    </p>
   </div>
   <div class='ocr_carea' id='block_1_93' title="bbox 2247 3629 3899 3704">
    <p class='ocr_par' dir='ltr' id='par_1_93' title="bbox 2247 3629 3899 3704">
     <span class='ocr_line' id='line_1_93' title="bbox 2247 3629 3899 3704; baseline -0.001 -17"><span class='ocrx_word' id='word_1_618' title='bbox 2247 3631 2376 3687; x_wconf 76' lang='grc' dir='ltr'>λαοῦ</span> <span class='ocrx_word' id='word_1_619' title='bbox 2433 3654 2526 3688; x_wconf 88' lang='grc' dir='ltr'><strong>σου</strong></span> <span class='ocrx_word' id='word_1_620' title='bbox 2582 3634 2670 3687; x_wconf 83' lang='grc' dir='ltr'><strong>καὶ</strong></span> <span class='ocrx_word' id='word_1_621' title='bbox 2728 3640 2819 3689; x_wconf 83' lang='grc' dir='ltr'>τοῦ</span> <span class='ocrx_word' id='word_1_622' title='bbox 2873 3632 3028 3688; x_wconf 69' lang='grc' dir='ltr'>οἴκου</span> <span class='ocrx_word' id='word_1_623' title='bbox 3082 3629 3174 3689; x_wconf 77' lang='grc' dir='ltr'>τοῦ</span> <span class='ocrx_word' id='word_1_624' title='bbox 3232 3633 3429 3704; x_wconf 87' lang='grc' dir='ltr'>πατρός</span> <span class='ocrx_word' id='word_1_625' title='bbox 3481 3655 3590 3690; x_wconf 63' lang='grc' dir='ltr'>σου.</span> <span class='ocrx_word' id='word_1_626' title='bbox 3661 3635 3766 3689; x_wconf 64' lang='grc' dir='ltr'><strong>Οὔκ</strong></span> <span class='ocrx_word' id='word_1_627' title='bbox 3835 3632 3899 3686; x_wconf 70' lang='grc' dir='ltr'><strong>ἂν</strong></span> 
     </span>
    </p>
   </div>
   <div class='ocr_carea' id='block_1_94' title="bbox 2247 3719 3897 3801">
    <p class='ocr_par' dir='ltr' id='par_1_94' title="bbox 2247 3719 3897 3801">
     <span class='ocr_line' id='line_1_94' title="bbox 2247 3719 3897 3801; baseline -0.001 -25"><span class='ocrx_word' id='word_1_628' title='bbox 2247 3721 2345 3798; x_wconf 86' lang='grc' dir='ltr'><strong>γάρ</strong></span> <span class='ocrx_word' id='word_1_629' title='bbox 2372 3743 2450 3784; x_wconf 87' lang='grc' dir='ltr'><strong>τις</strong></span> <span class='ocrx_word' id='word_1_630' title='bbox 2482 3723 2707 3799; x_wconf 79' lang='grc' dir='ltr'>καθαρὸς</span> <span class='ocrx_word' id='word_1_631' title='bbox 2765 3727 2832 3797; x_wconf 81' lang='grc' dir='ltr'>τῇ</span> <span class='ocrx_word' id='word_1_632' title='bbox 2886 3719 2971 3776; x_wconf 77' lang='grc' dir='ltr'><strong>διὰ</strong></span> <span class='ocrx_word' id='word_1_633' title='bbox 3019 3729 3245 3799; x_wconf 78' lang='grc' dir='ltr'>Χριστοῦ</span> <span class='ocrx_word' id='word_1_634' title='bbox 3290 3721 3646 3801; x_wconf 81' lang='grc' dir='ltr'>προσέρχεται</span> <span class='ocrx_word' id='word_1_635' title='bbox 3691 3723 3897 3797; x_wconf 80' lang='grc' dir='ltr'>πίστει,</span> 
     </span>
    </p>
   </div>
   <div class='ocr_carea' id='block_1_95' title="bbox 2251 3809 3900 3889">
    <p class='ocr_par' dir='ltr' id='par_1_95' title="bbox 2251 3809 3900 3889">
     <span class='ocr_line' id='line_1_95' title="bbox 2251 3809 3900 3889; baseline -0.001 -23"><span class='ocrx_word' id='word_1_636' title='bbox 2251 3811 2326 3877; x_wconf 66' lang='grc' dir='ltr'>μὴ</span> <span class='ocrx_word' id='word_1_637' title='bbox 2378 3809 2616 3875; x_wconf 79' lang='grc' dir='ltr'>παντελῆ</span> <span class='ocrx_word' id='word_1_638' title='bbox 2671 3809 2840 3880; x_wconf 77' lang='grc' dir='ltr'>λήθην</span> <span class='ocrx_word' id='word_1_639' title='bbox 2896 3810 3000 3866; x_wconf 79' lang='grc' dir='ltr'>τῶν</span> <span class='ocrx_word' id='word_1_640' title='bbox 3052 3809 3320 3889; x_wconf 78' lang='grc' dir='ltr'>προτέρων</span> <span class='ocrx_word' id='word_1_641' title='bbox 3365 3813 3728 3885; x_wconf 74' lang='grc' dir='ltr'>ποιησάμενος</span> <span class='ocrx_word' id='word_1_642' title='bbox 3789 3833 3900 3865; x_wconf 74' lang='grc' dir='ltr'>κασ-</span> 
     </span>
    </p>
   </div>
   <div class='ocr_carea' id='block_1_96' title="bbox 2251 3897 3898 3977">
    <p class='ocr_par' dir='ltr' id='par_1_96' title="bbox 2251 3897 3898 3977">
     <span class='ocr_line' id='line_1_96' title="bbox 2251 3897 3898 3977; baseline 0.002 -24"><span class='ocrx_word' id='word_1_643' title='bbox 2251 3903 2380 3957; x_wconf 83' lang='grc' dir='ltr'><strong>κῶν.</strong></span> <span class='ocrx_word' id='word_1_644' title='bbox 2419 3901 2558 3962; x_wconf 81' lang='grc' dir='ltr'>Λαὸς</span> <span class='ocrx_word' id='word_1_645' title='bbox 2589 3897 2644 3954; x_wconf 69' lang='grc' dir='ltr'>δὲ</span> <span class='ocrx_word' id='word_1_646' title='bbox 2687 3898 2850 3955; x_wconf 77' lang='grc' dir='ltr'>πάλαι</span> <span class='ocrx_word' id='word_1_647' title='bbox 2893 3905 3008 3965; x_wconf 76' lang='grc' dir='ltr'>τῆς</span> <span class='ocrx_word' id='word_1_648' title='bbox 3039 3897 3363 3966; x_wconf 83' lang='grc' dir='ltr'>Ἐκκλησίας</span> <span class='ocrx_word' id='word_1_649' title='bbox 3412 3902 3458 3955; x_wconf 78' lang='grc' dir='ltr'>οἱ</span> <span class='ocrx_word' id='word_1_650' title='bbox 3490 3899 3898 3977; x_wconf 79' lang='grc' dir='ltr'>εἰδωλολάτραι.</span> 
     </span>
    </p>
   </div>
   <div class='ocr_carea' id='block_1_97' title="bbox 2254 3986 3902 4068">
    <p class='ocr_par' dir='ltr' id='par_1_97' title="bbox 2254 3986 3902 4068">
     <span class='ocr_line' id='line_1_97' title="bbox 2254 3986 3902 4068; baseline -0.002 -22"><span class='ocrx_word' id='word_1_651' title='bbox 2254 3992 2420 4050; x_wconf 78' lang='grc' dir='ltr'>Οἷιιος</span> <span class='ocrx_word' id='word_1_652' title='bbox 2471 3986 2525 4043; x_wconf 79' lang='grc' dir='ltr'>δὲ</span> <span class='ocrx_word' id='word_1_653' title='bbox 2582 3995 2672 4044; x_wconf 78' lang='grc' dir='ltr'><strong>του</strong></span> <span class='ocrx_word' id='word_1_654' title='bbox 2721 3991 2917 4066; x_wconf 82' lang='grc' dir='ltr'>πατρὸς</span> <span class='ocrx_word' id='word_1_655' title='bbox 2967 3993 3151 4061; x_wconf 73' lang='grc' dir='ltr'>αὐτῆς,</span> <span class='ocrx_word' id='word_1_656' title='bbox 3201 3991 3248 4044; x_wconf 82' lang='grc' dir='ltr'>οἱ</span> <span class='ocrx_word' id='word_1_657' title='bbox 3293 3991 3444 4068; x_wconf 71' lang='grc' dir='ltr'>σοφοὶ</span> <span class='ocrx_word' id='word_1_658' title='bbox 3471 3998 3564 4046; x_wconf 81' lang='grc' dir='ltr'><strong>τοῦ</strong></span> <span class='ocrx_word' id='word_1_659' title='bbox 3595 3992 3809 4067; x_wconf 73' lang='grc' dir='ltr'>αἰῶνος,</span> <span class='ocrx_word' id='word_1_660' title='bbox 3846 3991 3902 4044; x_wconf 79' lang='grc' dir='ltr'>ἐν</span> 
     </span>
    </p>
   </div>
   <div class='ocr_carea' id='block_1_98' title="bbox 2254 4076 3902 4156">
    <p class='ocr_par' dir='ltr' id='par_1_98' title="bbox 2254 4076 3902 4156">
     <span class='ocr_line' id='line_1_98' title="bbox 2254 4076 3902 4156; baseline 0 -24"><span class='ocrx_word' id='word_1_661' title='bbox 2254 4077 2342 4141; x_wconf 72' lang='grc' dir='ltr'>οἷς</span> <span class='ocrx_word' id='word_1_662' title='bbox 2392 4091 2635 4134; x_wconf 76' lang='grc' dir='ltr'>κατοικεῖ</span> <span class='ocrx_word' id='word_1_663' title='bbox 2683 4077 2862 4156; x_wconf 83' lang='grc' dir='ltr'>ὥσπερ</span> <span class='ocrx_word' id='word_1_664' title='bbox 2905 4077 2957 4133; x_wconf 80' lang='grc' dir='ltr'>ἐν</span> <span class='ocrx_word' id='word_1_665' title='bbox 3006 4076 3182 4138; x_wconf 76' lang='grc' dir='ltr'>οἴκοις</span> <span class='ocrx_word' id='word_1_666' title='bbox 3234 4081 3261 4134; x_wconf 84' lang='grc' dir='ltr'>ὁ</span> <span class='ocrx_word' id='word_1_667' title='bbox 3307 4085 3570 4140; x_wconf 80' lang='grc' dir='ltr'>Σατανᾶς.</span> <span class='ocrx_word' id='word_1_668' title='bbox 3609 4081 3902 4155; x_wconf 70' lang='grc' dir='ltr'>Κιὶθυγά-</span> 
     </span>
    </p>
   </div>
   <div class='ocr_carea' id='block_1_99' title="bbox 2255 4165 3904 4246">
    <p class='ocr_par' dir='ltr' id='par_1_99' title="bbox 2255 4165 3904 4246">
     <span class='ocr_line' id='line_1_99' title="bbox 2255 4165 3904 4246; baseline 0.002 -24"><span class='ocrx_word' id='word_1_669' title='bbox 2255 4189 2354 4245; x_wconf 88' lang='grc' dir='ltr'><strong>τηρ</strong></span> <span class='ocrx_word' id='word_1_670' title='bbox 2416 4167 2580 4243; x_wconf 83' lang='grc' dir='ltr'>Τύρου</span> <span class='ocrx_word' id='word_1_671' title='bbox 2639 4170 2693 4222; x_wconf 74' lang='grc' dir='ltr'><strong>εν</strong></span> <span class='ocrx_word' id='word_1_672' title='bbox 2751 4165 2962 4244; x_wconf 85' lang='grc' dir='ltr'>δώροις.</span> <span class='ocrx_word' id='word_1_673' title='bbox 3013 4168 3148 4224; x_wconf 84' lang='grc' dir='ltr'><strong>Ἀπὸ</strong></span> <span class='ocrx_word' id='word_1_674' title='bbox 3207 4169 3323 4227; x_wconf 78' lang='grc' dir='ltr'>ἑνὸς</span> <span class='ocrx_word' id='word_1_675' title='bbox 3384 4168 3581 4246; x_wconf 78' lang='grc' dir='ltr'>ἔθνους,</span> <span class='ocrx_word' id='word_1_676' title='bbox 3643 4171 3733 4222; x_wconf 66' lang='grc' dir='ltr'>τοό</span> <span class='ocrx_word' id='word_1_677' title='bbox 3789 4177 3904 4226; x_wconf 83' lang='grc' dir='ltr'>Τυ-</span> 
     </span>
    </p>
   </div>
   <div class='ocr_carea' id='block_1_100' title="bbox 2257 4256 3906 4335">
    <p class='ocr_par' dir='ltr' id='par_1_100' title="bbox 2257 4256 3906 4335">
     <span class='ocr_line' id='line_1_100' title="bbox 2257 4256 3906 4335; baseline -0.002 -24"><span class='ocrx_word' id='word_1_678' title='bbox 2257 4257 2378 4331; x_wconf 88' lang='grc' dir='ltr'>ρίων</span> <span class='ocrx_word' id='word_1_679' title='bbox 2440 4258 2598 4335; x_wconf 54' lang='grc' dir='ltr'>τρημῖ,</span> <span class='ocrx_word' id='word_1_680' title='bbox 2677 4257 2774 4322; x_wconf 78' lang='grc' dir='ltr'><strong>τὴν</strong></span> <span class='ocrx_word' id='word_1_681' title='bbox 2833 4262 2938 4312; x_wconf 81' lang='grc' dir='ltr'><strong>τῶν</strong></span> <span class='ocrx_word' id='word_1_682' title='bbox 3017 4256 3176 4312; x_wconf 80' lang='grc' dir='ltr'>ἐθνῶν</span> <span class='ocrx_word' id='word_1_683' title='bbox 3239 4257 3428 4322; x_wconf 75' lang='grc' dir='ltr'>κλῆσιν</span> <span class='ocrx_word' id='word_1_684' title='bbox 3487 4257 3906 4330; x_wconf 83' lang='grc' dir='ltr'>κατασημαίνει,</span> 
     </span>
    </p>
   </div>
   <div class='ocr_carea' id='block_1_101' title="bbox 2258 4343 3906 4425">
    <p class='ocr_par' dir='ltr' id='par_1_101' title="bbox 2258 4343 3906 4425">
     <span class='ocr_line' id='line_1_101' title="bbox 2258 4343 3906 4425; baseline 0.001 -24"><span class='ocrx_word' id='word_1_685' title='bbox 2258 4347 2389 4409; x_wconf 82' lang='grc' dir='ltr'>Τοὺς</span> <span class='ocrx_word' id='word_1_686' title='bbox 2452 4346 2662 4423; x_wconf 85' lang='grc' dir='ltr'>Τυρίους</span> <span class='ocrx_word' id='word_1_687' title='bbox 2715 4343 2770 4400; x_wconf 81' lang='grc' dir='ltr'>δὲ</span> <span class='ocrx_word' id='word_1_688' title='bbox 2824 4347 3095 4425; x_wconf 83' lang='grc' dir='ltr'>ὠνόμασε,</span> <span class='ocrx_word' id='word_1_689' title='bbox 3159 4345 3243 4401; x_wconf 79' lang='grc' dir='ltr'>διὰ</span> <span class='ocrx_word' id='word_1_690' title='bbox 3302 4349 3364 4402; x_wconf 79' lang='grc' dir='ltr'><strong>τὸ</strong></span> <span class='ocrx_word' id='word_1_691' title='bbox 3424 4345 3655 4420; x_wconf 73' lang='grc' dir='ltr'>μάλιστα</span> <span class='ocrx_word' id='word_1_692' title='bbox 3711 4347 3906 4408; x_wconf 69' lang='grc' dir='ltr'>αότοὺς</span> 
     </span>
    </p>
   </div>
   <div class='ocr_carea' id='block_1_102' title="bbox 2201 4433 3475 4518">
    <p class='ocr_par' dir='ltr' id='par_1_102' title="bbox 2201 4433 3475 4518">
     <span class='ocr_line' id='line_1_102' title="bbox 2201 4433 3475 4518; baseline -0.001 -28"><span class='ocrx_word' id='word_1_693' title='bbox 2201 4435 2480 4518; x_wconf 70' lang='grc' dir='ltr'>οἰχθροὺς</span> <span class='ocrx_word' id='word_1_694' title='bbox 2508 4439 2644 4491; x_wconf 82' lang='grc' dir='ltr'>εἶναι</span> <span class='ocrx_word' id='word_1_695' title='bbox 2671 4437 2763 4492; x_wconf 80' lang='grc' dir='ltr'><strong>τοῦ</strong></span> <span class='ocrx_word' id='word_1_696' title='bbox 2792 4433 3030 4496; x_wconf 75' lang='grc' dir='ltr'>εὐσεϐοῦς</span> <span class='ocrx_word' id='word_1_697' title='bbox 3063 4433 3475 4509; x_wconf 66' lang='grc' dir='ltr'>πολιτεύματος,</span> 
     </span>
    </p>
   </div>
   <div class='ocr_carea' id='block_1_103' title="bbox 2343 4522 3906 4601">
    <p class='ocr_par' dir='ltr' id='par_1_103' title="bbox 2343 4522 3906 4601">
     <span class='ocr_line' id='line_1_103' title="bbox 2343 4522 3906 4601; baseline -0.001 -20"><span class='ocrx_word' id='word_1_698' title='bbox 2343 4527 2413 4582; x_wconf 84' lang='grc' dir='ltr'>Τὸ</span> <span class='ocrx_word' id='word_1_699' title='bbox 2521 4524 2804 4601; x_wconf 81' lang='grc' dir='ltr'>πρόσωπόν</span> <span class='ocrx_word' id='word_1_700' title='bbox 2908 4546 2999 4580; x_wconf 91' lang='grc' dir='ltr'><strong>σου</strong></span> <span class='ocrx_word' id='word_1_701' title='bbox 3107 4523 3496 4579; x_wconf 61' lang='grc' dir='ltr'>λιτανεύσοδσιν</span> <span class='ocrx_word' id='word_1_702' title='bbox 3598 4525 3645 4580; x_wconf 78' lang='grc' dir='ltr'>οἱ</span> <span class='ocrx_word' id='word_1_703' title='bbox 3730 4522 3906 4580; x_wconf 78' lang='grc' dir='ltr'>πλού-</span> 
     </span>
    </p>
   </div>
   <div class='ocr_carea' id='block_1_104' title="bbox 2264 4613 3904 4692">
    <p class='ocr_par' dir='ltr' id='par_1_104' title="bbox 2264 4613 3904 4692">
     <span class='ocr_line' id='line_1_104' title="bbox 2264 4613 3904 4692; baseline -0.002 -22"><span class='ocrx_word' id='word_1_704' title='bbox 2264 4635 2367 4670; x_wconf 87' lang='grc' dir='ltr'>σιοι</span> <span class='ocrx_word' id='word_1_705' title='bbox 2412 4614 2504 4670; x_wconf 70' lang='grc' dir='ltr'>τοῦ</span> <span class='ocrx_word' id='word_1_706' title='bbox 2563 4613 2714 4671; x_wconf 79' lang='grc' dir='ltr'><strong>λαοῦ.</strong></span> <span class='ocrx_word' id='word_1_707' title='bbox 2792 4615 2954 4670; x_wconf 76' lang='grc' dir='ltr'>Τοῦτό</span> <span class='ocrx_word' id='word_1_708' title='bbox 3038 4635 3200 4692; x_wconf 78' lang='grc' dir='ltr'>φησιν</span> <span class='ocrx_word' id='word_1_709' title='bbox 3271 4614 3738 4688; x_wconf 77' lang='grc' dir='ltr'>εὐαγγελιζόμενος</span> <span class='ocrx_word' id='word_1_710' title='bbox 3813 4617 3904 4668; x_wconf 83' lang='grc' dir='ltr'>καὶ</span> 
     </span>
    </p>
   </div>
   <div class='ocr_carea' id='block_1_105' title="bbox 2265 4701 3905 4779">
    <p class='ocr_par' dir='ltr' id='par_1_105' title="bbox 2265 4701 3905 4779">
     <span class='ocr_line' id='line_1_105' title="bbox 2265 4701 3905 4779; baseline -0.002 -20"><span class='ocrx_word' id='word_1_711' title='bbox 2265 4705 2447 4764; x_wconf 71' lang='grc' dir='ltr'>αὐτοὺς</span> <span class='ocrx_word' id='word_1_712' title='bbox 2481 4704 2599 4767; x_wconf 79' lang='grc' dir='ltr'>τοὺς</span> <span class='ocrx_word' id='word_1_713' title='bbox 2629 4701 2896 4778; x_wconf 80' lang='grc' dir='ltr'>βασιλεῖς,</span> <span class='ocrx_word' id='word_1_714' title='bbox 2951 4704 3037 4757; x_wconf 85' lang='grc' dir='ltr'><strong>καὶ</strong></span> <span class='ocrx_word' id='word_1_715' title='bbox 3081 4703 3202 4766; x_wconf 82' lang='grc' dir='ltr'>τοὺς</span> <span class='ocrx_word' id='word_1_716' title='bbox 3263 4703 3315 4756; x_wconf 81' lang='grc' dir='ltr'>ἐν</span> <span class='ocrx_word' id='word_1_717' title='bbox 3365 4703 3664 4779; x_wconf 78' lang='grc' dir='ltr'>ὑπεροχαῖς</span> <span class='ocrx_word' id='word_1_718' title='bbox 3695 4701 3850 4766; x_wconf 80' lang='grc' dir='ltr'>ὄντας</span> <span class='ocrx_word' id='word_1_719' title='bbox 3891 4724 3905 4737; x_wconf 86' lang='grc'><strong>·</strong></span> 
     </span>
    </p>
   </div>
   <div class='ocr_carea' id='block_1_106' title="bbox 2268 4790 3910 4871">
    <p class='ocr_par' dir='ltr' id='par_1_106' title="bbox 2268 4790 3910 4871">
     <span class='ocr_line' id='line_1_106' title="bbox 2268 4790 3910 4871; baseline 0 -23"><span class='ocrx_word' id='word_1_720' title='bbox 2268 4793 2636 4871; x_wconf 68' lang='grc' dir='ltr'>Προσιιύνησον</span> <span class='ocrx_word' id='word_1_721' title='bbox 2687 4794 2782 4858; x_wconf 73' lang='grc' dir='ltr'><strong>τὴν</strong></span> <span class='ocrx_word' id='word_1_722' title='bbox 2843 4791 3192 4870; x_wconf 65' lang='grc' dir='ltr'>Ἐκκλησίαν,</span> <span class='ocrx_word' id='word_1_723' title='bbox 3237 4790 3355 4858; x_wconf 70' lang='grc' dir='ltr'>ἤτοι</span> <span class='ocrx_word' id='word_1_724' title='bbox 3405 4796 3495 4846; x_wconf 77' lang='grc' dir='ltr'><strong>τὸν</strong></span> <span class='ocrx_word' id='word_1_725' title='bbox 3544 4792 3735 4858; x_wconf 73' lang='grc' dir='ltr'>ἑαυτῆς</span> <span class='ocrx_word' id='word_1_726' title='bbox 3797 4796 3910 4848; x_wconf 75' lang='grc' dir='ltr'><strong>Κύ-</strong></span> 
     </span>
    </p>
   </div>
   <div class='ocr_carea' id='block_1_107' title="bbox 2266 4878 3907 4961">
    <p class='ocr_par' dir='ltr' id='par_1_107' title="bbox 2266 4878 3907 4961">
     <span class='ocr_line' id='line_1_107' title="bbox 2266 4878 3907 4961; baseline -0.002 -23"><span class='ocrx_word' id='word_1_727' title='bbox 2266 4904 2398 4961; x_wconf 87' lang='grc' dir='ltr'>ριον,</span> <span class='ocrx_word' id='word_1_728' title='bbox 2455 4888 2604 4938; x_wconf 80' lang='grc' dir='ltr'>Πᾶσα</span> <span class='ocrx_word' id='word_1_729' title='bbox 2677 4885 2711 4948; x_wconf 76' lang='grc' dir='ltr'>ἡ</span> <span class='ocrx_word' id='word_1_730' title='bbox 2789 4878 2911 4946; x_wconf 79' lang='grc' dir='ltr'>δόξα</span> <span class='ocrx_word' id='word_1_731' title='bbox 2987 4882 3081 4948; x_wconf 78' lang='grc' dir='ltr'>τῆς</span> <span class='ocrx_word' id='word_1_732' title='bbox 3155 4882 3405 4958; x_wconf 78' lang='grc' dir='ltr'>θυγατρὸς</span> <span class='ocrx_word' id='word_1_733' title='bbox 3493 4888 3582 4936; x_wconf 74' lang='grc' dir='ltr'><strong>τοῦ</strong></span> <span class='ocrx_word' id='word_1_734' title='bbox 3639 4879 3907 4955; x_wconf 82' lang='grc' dir='ltr'>βασιλέως</span> 
     </span>
    </p>
   </div>
   <div class='ocr_carea' id='block_1_108' title="bbox 2269 4967 3907 5050">
    <p class='ocr_par' dir='ltr' id='par_1_108' title="bbox 2269 4967 3907 5050">
     <span class='ocr_line' id='line_1_108' title="bbox 2269 4967 3907 5050; baseline -0.002 -23"><span class='ocrx_word' id='word_1_735' title='bbox 2269 4971 2461 5028; x_wconf 72' lang='grc' dir='ltr'>ἔσωθεν</span> <span class='ocrx_word' id='word_1_736' title='bbox 2511 4971 2571 5027; x_wconf 74' lang='grc' dir='ltr'>ἐκ</span> <span class='ocrx_word' id='word_1_737' title='bbox 2627 4984 2952 5047; x_wconf 81' lang='grc' dir='ltr'>κροσσωτοῖς</span> <span class='ocrx_word' id='word_1_738' title='bbox 3028 4985 3276 5050; x_wconf 80' lang='grc' dir='ltr'>χρυσοῖς.</span> <span class='ocrx_word' id='word_1_739' title='bbox 3366 4971 3437 5026; x_wconf 83' lang='grc' dir='ltr'>Τὸ</span> <span class='ocrx_word' id='word_1_740' title='bbox 3495 4967 3703 5029; x_wconf 69' lang='grc' dir='ltr'>εὐσεϐὲς</span> <span class='ocrx_word' id='word_1_741' title='bbox 3763 4969 3907 5025; x_wconf 81' lang='grc' dir='ltr'>ἔσω-</span> 
     </span>
    </p>
   </div>
   <div class='ocr_carea' id='block_1_109' title="bbox 2269 5057 3909 5137">
    <p class='ocr_par' dir='ltr' id='par_1_109' title="bbox 2269 5057 3909 5137">
     <span class='ocr_line' id='line_1_109' title="bbox 2269 5057 3909 5137; baseline 0.001 -21"><span class='ocrx_word' id='word_1_742' title='bbox 2269 5065 2354 5118; x_wconf 89' lang='grc' dir='ltr'><strong>θεν</strong></span> <span class='ocrx_word' id='word_1_743' title='bbox 2413 5061 2676 5136; x_wconf 74' lang='grc' dir='ltr'>σημαίνει·</span> <span class='ocrx_word' id='word_1_744' title='bbox 2714 5063 2905 5126; x_wconf 82' lang='grc' dir='ltr'>νοητὸς</span> <span class='ocrx_word' id='word_1_745' title='bbox 2931 5063 3029 5137; x_wconf 79' lang='grc' dir='ltr'><strong>γὰρ</strong></span> <span class='ocrx_word' id='word_1_746' title='bbox 3069 5063 3096 5116; x_wconf 84' lang='grc' dir='ltr'>ὁ</span> <span class='ocrx_word' id='word_1_747' title='bbox 3127 5061 3326 5134; x_wconf 78' lang='grc' dir='ltr'>κόσμος</span> <span class='ocrx_word' id='word_1_748' title='bbox 3371 5060 3470 5124; x_wconf 74' lang='grc' dir='ltr'><strong>τῆς</strong></span> <span class='ocrx_word' id='word_1_749' title='bbox 3533 5057 3855 5124; x_wconf 73' lang='grc' dir='ltr'>Ἐκκλησίας</span> <span class='ocrx_word' id='word_1_750' title='bbox 3895 5075 3909 5087; x_wconf 86' lang='grc'><strong><em>⁸</em></strong></span> 
     </span>
    </p>
   </div>
   <div class='ocr_carea' id='block_1_110' title="bbox 2271 5149 3308 5229">
    <p class='ocr_par' dir='ltr' id='par_1_110' title="bbox 2271 5149 3308 5229">
     <span class='ocr_line' id='line_1_110' title="bbox 2271 5149 3308 5229; baseline 0.001 -22"><span class='ocrx_word' id='word_1_751' title='bbox 2271 5151 2526 5229; x_wconf 75' lang='grc' dir='ltr'>κροσσοὺς</span> <span class='ocrx_word' id='word_1_752' title='bbox 2557 5149 2612 5204; x_wconf 81' lang='grc' dir='ltr'>δὲ</span> <span class='ocrx_word' id='word_1_753' title='bbox 2642 5150 2736 5212; x_wconf 77' lang='grc' dir='ltr'>τὰς</span> <span class='ocrx_word' id='word_1_754' title='bbox 2768 5149 3067 5214; x_wconf 84' lang='grc' dir='ltr'>πολυειδεῖς</span> <span class='ocrx_word' id='word_1_755' title='bbox 3098 5149 3308 5224; x_wconf 71' lang='grc' dir='ltr'>ἆρετάς.</span> 
     </span>
    </p>
   </div>
   <div class='ocr_carea' id='block_1_111' title="bbox 2908 4546 2999 4580">
    <p class='ocr_par' dir='ltr' id='par_1_111' title="bbox 2908 4546 2999 4580">
     <span class='ocr_line' id='line_1_111' title="bbox 2908 4546 2999 4580; baseline 0 -1"><span class='ocrx_word' id='word_1_756' title='bbox 2908 4546 2999 4580; x_wconf 86' lang='grc' dir='ltr'><strong>σου</strong></span> 
     </span>
    </p>
   </div>
   <div class='ocr_carea' id='block_1_112' title="bbox 2353 5237 3912 5318">
    <p class='ocr_par' dir='ltr' id='par_1_112' title="bbox 2353 5237 3912 5318">
     <span class='ocr_line' id='line_1_112' title="bbox 2353 5237 3912 5318; baseline -0.003 -22"><span class='ocrx_word' id='word_1_757' title='bbox 2353 5240 2842 5318; x_wconf 74' lang='grc' dir='ltr'>’Λπενεχθήσονται</span> <span class='ocrx_word' id='word_1_758' title='bbox 2940 5245 3015 5312; x_wconf 85' lang='grc' dir='ltr'><strong>τῷ</strong></span> <span class='ocrx_word' id='word_1_759' title='bbox 3115 5237 3330 5312; x_wconf 83' lang='grc' dir='ltr'>βασιλεῖ</span> <span class='ocrx_word' id='word_1_760' title='bbox 3417 5237 3662 5315; x_wconf 77' lang='grc' dir='ltr'>παρθένοι</span> <span class='ocrx_word' id='word_1_761' title='bbox 3741 5238 3912 5292; x_wconf 80' lang='grc' dir='ltr'>ὀπίσω</span> 
     </span>
    </p>
   </div>
   <div class='ocr_carea' id='block_1_113' title="bbox 2276 5325 3910 5407">
    <p class='ocr_par' dir='ltr' id='par_1_113' title="bbox 2276 5325 3910 5407">
     <span class='ocr_line' id='line_1_113' title="bbox 2276 5325 3910 5407; baseline -0.005 -21"><span class='ocrx_word' id='word_1_762' title='bbox 2276 5330 2462 5395; x_wconf 70' lang='grc' dir='ltr'>αὐτῆς.</span> <span class='ocrx_word' id='word_1_763' title='bbox 2543 5327 2776 5403; x_wconf 80' lang='grc' dir='ltr'>’Ὁμοιον</span> <span class='ocrx_word' id='word_1_764' title='bbox 2847 5331 2930 5401; x_wconf 79' lang='grc' dir='ltr'>τὸ,</span> <span class='ocrx_word' id='word_1_765' title='bbox 3021 5326 3471 5407; x_wconf 79' lang='grc' dir='ltr'>Ἀρπαγησόμεθα</span> <span class='ocrx_word' id='word_1_766' title='bbox 3557 5326 3608 5380; x_wconf 78' lang='grc' dir='ltr'>ἐν</span> <span class='ocrx_word' id='word_1_767' title='bbox 3667 5325 3910 5404; x_wconf 72' lang='grc' dir='ltr'>νεφέλαις</span> 
     </span>
    </p>
   </div>
   <div class='ocr_carea' id='block_1_114' title="bbox 2276 5411 3912 5493">
    <p class='ocr_par' dir='ltr' id='par_1_114' title="bbox 2276 5411 3912 5493">
     <span class='ocr_line' id='line_1_114' title="bbox 2276 5411 3912 5493; baseline -0.004 -19"><span class='ocrx_word' id='word_1_768' title='bbox 2276 5423 2348 5484; x_wconf 82' lang='grc' dir='ltr'><strong>εἰς</strong></span> <span class='ocrx_word' id='word_1_769' title='bbox 2405 5419 2707 5484; x_wconf 71' lang='grc' dir='ltr'>ἀπάντησιν</span> <span class='ocrx_word' id='word_1_770' title='bbox 2765 5426 2856 5474; x_wconf 84' lang='grc' dir='ltr'>τοῦ</span> <span class='ocrx_word' id='word_1_771' title='bbox 2916 5415 3100 5493; x_wconf 82' lang='grc' dir='ltr'>Κυρίου</span> <span class='ocrx_word' id='word_1_772' title='bbox 3158 5419 3230 5479; x_wconf 77' lang='grc' dir='ltr'><strong>εἰς</strong></span> <span class='ocrx_word' id='word_1_773' title='bbox 3289 5415 3442 5493; x_wconf 81' lang='grc' dir='ltr'>ἀέρα.</span> <span class='ocrx_word' id='word_1_774' title='bbox 3509 5413 3673 5469; x_wconf 87' lang='grc' dir='ltr'>Πάλιν</span> <span class='ocrx_word' id='word_1_775' title='bbox 3714 5411 3769 5468; x_wconf 76' lang='grc' dir='ltr'>δὲ</span> <span class='ocrx_word' id='word_1_776' title='bbox 3829 5413 3912 5468; x_wconf 77' lang='grc' dir='ltr'><strong>δια</strong></span> 
     </span>
    </p>
   </div>
   <div class='ocr_carea' id='block_1_115' title="bbox 475 5565 2154 5695">
    <p class='ocr_par' dir='ltr' id='par_1_115' title="bbox 475 5565 2154 5695">
     <span class='ocr_line' id='line_1_115' title="bbox 475 5565 2154 5695; baseline 0.01 -72"><span class='ocrx_word' id='word_1_777' title='bbox 475 5565 875 5695; x_wconf 45' lang='grc' dir='ltr'><strong>[μικρῇ.</strong></span> <span class='ocrx_word' id='word_1_778' title='bbox 907 5583 1044 5648; x_wconf 80' lang='lat' dir='ltr'><strong>xcu,</strong></span> <span class='ocrx_word' id='word_1_779' title='bbox 1076 5569 1131 5627; x_wconf 87' lang='grc'>1.</span> <span class='ocrx_word' id='word_1_780' title='bbox 1219 5565 1458 5630; x_wconf 64' lang='lat' dir='ltr'><strong>“Cant.</strong></span> <span class='ocrx_word' id='word_1_781' title='bbox 1499 5585 1539 5648; x_wconf 88' lang='lat'><strong>1,</strong></span> <span class='ocrx_word' id='word_1_782' title='bbox 1576 5568 1635 5631; x_wconf 77' lang='lat'><strong>2.</strong></span> <span class='ocrx_word' id='word_1_783' title='bbox 1721 5565 1778 5610; x_wconf 76' lang='grc'><strong>⁸⁸</strong></span> <span class='ocrx_word' id='word_1_784' title='bbox 1804 5567 1954 5630; x_wconf 88' lang='lat' dir='ltr'><strong>ibid.</strong></span> <span class='ocrx_word' id='word_1_785' title='bbox 1993 5573 2050 5636; x_wconf 88' lang='lat'><strong>3.</strong></span> <span class='ocrx_word' id='word_1_786' title='bbox 2137 5574 2154 5617; x_wconf 84' lang='grc'>¹</span> 
     </span>
    </p>
   </div>
   <div class='ocr_carea' id='block_1_116' title="bbox 2254 5565 3306 5695">
    <p class='ocr_par' dir='ltr' id='par_1_116' title="bbox 2254 5573 3306 5656">
     <span class='ocr_line' id='line_1_116' title="bbox 2254 5573 3306 5656; baseline -0.003 -18"><span class='ocrx_word' id='word_1_787' title='bbox 2254 5578 2404 5642; x_wconf 79' lang='lat' dir='ltr'><strong>:alat.</strong></span> <span class='ocrx_word' id='word_1_788' title='bbox 2431 5595 2519 5654; x_wconf 82' lang='lat' dir='ltr'><strong>tu,</strong></span> <span class='ocrx_word' id='word_1_789' title='bbox 2555 5577 2652 5640; x_wconf 78' lang='lat' dir='ltr'><strong>t7.</strong></span> <span class='ocrx_word' id='word_1_790' title='bbox 2736 5575 2842 5638; x_wconf 70' lang='lat'><strong>&#39;51</strong></span> <span class='ocrx_word' id='word_1_791' title='bbox 2872 5575 3081 5637; x_wconf 86' lang='lat' dir='ltr'><strong>Thess.</strong></span> <span class='ocrx_word' id='word_1_792' title='bbox 3105 5590 3186 5656; x_wconf 83' lang='lat' dir='ltr'><strong>tv,</strong></span> <span class='ocrx_word' id='word_1_793' title='bbox 3215 5573 3306 5636; x_wconf 82' lang='grc'><strong>16.</strong></span> 
     </span>
    </p>
   </div>
   <div class='ocr_carea' id='block_1_117' title="bbox 893 5723 2194 5802">
    <p class='ocr_par' dir='ltr' id='par_1_117' title="bbox 893 5723 2194 5802">
     <span class='ocr_line' id='line_1_117' title="bbox 893 5723 2194 5802; baseline 0.008 -11"><span class='ocrx_word' id='word_1_794' title='bbox 893 5727 1030 5793; x_wconf 82' lang='lat' dir='ltr'><strong>aliis</strong></span> <span class='ocrx_word' id='word_1_795' title='bbox 1060 5727 1284 5790; x_wconf 85' lang='lat' dir='ltr'><strong>catenis</strong></span> <span class='ocrx_word' id='word_1_796' title='bbox 1313 5727 1439 5790; x_wconf 74' lang='lat' dir='ltr'><strong>haec</strong></span> <span class='ocrx_word' id='word_1_797' title='bbox 1469 5723 1672 5789; x_wconf 84' lang='lat' dir='ltr'><strong>Basilii</strong></span> <span class='ocrx_word' id='word_1_798' title='bbox 1722 5743 1856 5791; x_wconf 76' lang='lat' dir='ltr'><strong>esse</strong></span> <span class='ocrx_word' id='word_1_799' title='bbox 1889 5729 2194 5802; x_wconf 88' lang='lat' dir='ltr'><strong>dicuntur.</strong></span> 
     </span>
    </p>
   </div>
  </div>
