4006 6204
431 259 546 320 215

514 395 636 456 Aut
690 399 923 454 montes
974 391 1283 467 daemones
1311 390 1480 466 dicit,
1514 399 1612 472 qui
1654 390 1792 453 olim
1853 395 2135 460 excelsiA

435 501 505 544 ac
542 481 848 560 conspicui
881 487 1078 556 erant,
1099 499 1167 542 ac
1187 480 1438 560 proinde
1470 484 1773 547 montibus
1801 487 2076 566 similes]

517 573 576 633 4.
617 571 967 634 Sonuerunt
1017 579 1072 632 et
1117 569 1380 633 turbatae
1427 580 1571 634 sunt
1619 592 1791 655 aqua
1845 596 2074 641 eorum.

436 663 637 742 Aquas
668 661 767 722 hic
799 660 945 721 dicit
998 660 1434 722 multitudinem
1484 665 1864 745 populorum,
1927 685 2078 742 quos

439 749 870 830 praedicationis
901 751 1123 810 novitas
1146 749 1523 829 perturbavit.
1558 751 1921 818 Conturbati
1933 763 2079 818 sunt

438 847 662 901 montes
695 840 756 900 in
775 839 1144 916 fortitudine
1191 841 1342 919 ejus.
1399 839 1526 921 Vis,
1560 843 1774 923 inquit,
1811 845 1938 924 ejus
1975 845 2077 924 qui

441 926 872 1008 praedicabatur
917 927 1184 1006 impuros
1230 927 1532 990 daemones
1562 937 1900 1006 commovit,
1933 933 2074 995 olim

436 1015 726 1096 superbos
749 1024 806 1077 et
838 1015 1214 1095 conspicuos,
1243 1024 1421 1097 atqne
1440 1017 1576 1080 ideo
1596 1021 1894 1083 montibus
1913 1023 2072 1084 simi-

439 1105 526 1168 les
557 1105 772 1166 dictos.

518 1194 576 1254 5.
618 1192 929 1256 Fluminis
978 1195 1233 1274 impetus
1265 1194 1576 1274 laetiﬁcari:
1604 1198 1905 1260 civitatem
1943 1201 2074 1262 Dei.

436 1282 684 1345 Flumen
744 1283 1148 1361 evangelicum
1196 1283 1440 1346 verbum
1489 1286 1768 1366 appellat,
1796 1288 1950 1366 quod
1973 1289 2073 1350 lae-

437 1373 619 1435 tiﬁcat
701 1372 1053 1435 Ecclesiam.
1127 1372 1548 1452 Sanetiﬁcavit
1621 1377 2078 1439 tabernaculum

435 1480 609 1525 suum
640 1461 1010 1524 Altissimus.
1047 1461 1298 1524 Sanctus
1327 1462 1486 1524 enim
1521 1471 1608 1525 est
1636 1465 1739 1544 qui
1767 1466 1824 1526 in
1856 1467 2080 1528 sanctis

436 1551 782 1638 requiescit,
806 1551 1080 1613 habitans
1111 1553 1170 1614 in
1202 1553 1420 1613 sanctis
1451 1553 1865 1634 requiescit,id
1899 1565 1988 1616 est
2019 1556 2076 1617 in

437 1639 770 1703 Eccclesia.

515 1727 574 1788 6.
619 1727 782 1804 Deus
823 1727 887 1787 in
920 1725 1116 1787 medio
1145 1727 1294 1804 eius,
1339 1734 1397 1789 et
1441 1745 1565 1790 non
1594 1729 2080 1800 commovebitur,
2110 1717 2145 1764 Β

436 1815 495 1877 in
532 1815 729 1877 medio
758 1813 1042 1875 Ecclesiae
1063 1813 1362 1878 videlicet.
1397 1816 1728 1894 Adjuvabit
1755 1837 1883 1879 eam
1923 1818 2083 1880 Deus

437 1922 619 1967 mane
666 1903 937 1965 diliculo.
973 1903 1035 1965 Μ
1059 1903 1142 1964 ait
1183 1903 1338 1983 quod
1370 1904 1629 1966 declinet
1658 1906 1980 1968 diluculum
2008 1908 2078 1968 ad

441 1994 812 2056 matutinum.
850 1992 996 2055 Illud
1031 2001 1225 2054 autem
1262 2013 1276 2053 :
1313 1995 1628 2073 adjuvobit
1655 2015 1816 2075 eum,
1871 2015 2077 2075 perso-

441 2099 573 2144 nam
630 2079 913 2142 Ecclesiae
971 2080 1232 2160 respicit,
1287 2100 1463 2161 quam
1507 2083 1603 2145 hic
1649 2084 2078 2163 repraesentant

437 2170 711 2250 apostoli,
744 2178 796 2230 et
830 2169 932 2244 qui
967 2187 1074 2250 per
1102 2171 1545 2234 successionem
1574 2174 1706 2252 ejus
1738 2183 1874 2235 sunt
1921 2193 2076 2248 prce-

440 2260 601 2333 fecti,
650 2277 799 2338 quos
832 2259 1100 2338 impense
1142 2258 1404 2330 roborat,
1441 2270 1502 2322 ut
1531 2263 1758 2341 possint
1789 2263 2075 2342 praedica-

443 2348 564 2410 toni
594 2365 835 2426 operam
872 2363 1112 2408 navare.

518 2438 577 2500 7.
605 2435 990 2499 Conturbatae
1019 2443 1158 2498 sunt
1187 2444 1393 2517 gentes
1423 2444 1478 2500 et
1507 2439 1801 2502 inclinato
1824 2448 1965 2503 sunt
1985 2460 2081 2502 re-

444 2544 589 2605 gna.
626 2527 1054 2602 Pugnaverunt
1101 2525 1370 2605 quidem,
1406 2525 1512 2606 ait,
1546 2537 1757 2606 gentes
1803 2529 2084 2591 adversus

445 2615 796 2692 Ecclesiam;
831 2612 936 2674 sed
967 2621 1160 2674 tamen
1195 2633 1402 2676 eorum
1429 2634 1600 2694 reges
1631 2617 1890 2680 inclinati
1924 2628 2082 2698 sunt,

442 2705 501 2765 id
527 2711 616 2765 est
645 2708 933 2780 superati,
965 2710 1022 2762 et
1050 2708 1212 2782 terga
1245 2703 1565 2778 dederunt;
1599 2724 1798 2767 verum
1847 2716 2078 2786 postrev

445 2812 540 2854 mo
571 2803 630 2852 et
655 2790 767 2871 ipsi
798 2789 1032 2857 Christo
1063 2790 1355 2852 cervicem
1389 2794 1720 2857 submisere
1753 2796 1903 2858 Dicit
1923 2798 2079 2856 enim

441 2879 767 2945 Ecclesiam
789 2879 1070 2940 celeriter
1093 2888 1496 2942 constructum
1520 2883 1588 2943 iri
1620 2884 1692 2943 ab
1723 2884 1796 2944 iis
1826 2886 1923 2963 qui
1953 2905 2078 2945 eam

442 2965 922 3032 diruerant.Nam
957 2968 1378 3047 pulcherrimis
1398 2987 1525 3032 eam
1559 2971 1732 3032 donis
1762 2987 1995 3034 auctam
2023 2976 2080 3034 iu

1198 256 1256 316 S.
1307 255 1730 317 ATHANASII
1773 255 1936 316 OPP.
1989 251 2196 314 PARS.
2248 251 2360 312 III.
2409 282 2485 293 —
2531 249 2989 312 EXEGETICA.

3674 242 3832 308 216

2237 386 2322 445 ’Ἢ
2371 385 2470 465 ὅρη
2529 385 2622 442 τοῦ
2678 383 2928 459 δαίμονάς
2982 405 3149 462 φησι,
3194 383 3317 443 τοὺς
3363 381 3528 440 πάλαι
3556 381 3826 457 ὑψηλοὺς

2158 478 2246 533 καὶ
2279 486 2614 554 περιφανεῖς,
2649 473 2736 530 καὶ
2766 472 2911 550 ὄρεσι
2953 469 3037 530 διὰ
3068 473 3220 529 τοῦτο
3263 471 3702 550 ὁμοιουμένους.]

2240 562 2510 645 ’Ἢχησαν
2581 564 2672 619 καὶ
2746 560 3115 640 ἐταράχθησαν
3201 561 3268 617 τὰ
3351 558 3513 617 ὕδατα
3597 564 3815 622 αὖτῶν.

2159 650 2373 708 ’Ὗδατα
2430 651 2484 708 ἐν
2541 651 2743 714 τούτοις
2801 651 2867 706 τὰ
2923 648 3102 719 πλήθη
3163 654 3345 728 φησὶν,
3409 649 3441 704 ἂι
3469 653 3556 708 καὶ
3587 653 3833 708 συνετοὶ⁹

2160 740 2278 821 ραξε
2305 742 2365 798 τὸ
2395 740 2539 807 ξένον
2569 747 2662 798 τοῦ
2717 739 3080 817 κηρύγματος.
3135 735 3545 818 Ἐταράχθησαν
3587 743 3652 798 τὰ
3706 740 3828 818 ὅρη

2159 831 2214 886 ἐν
2254 837 2322 906 τῇ
2368 832 2708 909 Αραταιὸτητι
2760 827 2940 890 αὐτοῦ.
2997 826 3060 884 Ἠ
3111 830 3291 908 ἰσχὺς,
3343 831 3493 907 φησὶ,
3553 838 3643 886 τοῦ
3697 852 3827 896 κη-

2159 920 2474 997 ρυττομένου
2529 918 2802 975 κατέσεισε
2832 918 2953 980 τοὺς
2991 917 3312 998 ἀκαθάρτους
3371 915 3619 992 δαίμονας
3677 923 3826 982 τοὺς

2160 1007 2324 1064 πάλαι
2381 1007 2619 1083 ὑψηλοὺς
2673 1007 2763 1063 καὶ
2818 1019 3151 1086 περιφανεῖς,
3214 1008 3303 1065 καὶ
3359 1006 3501 1086 ὅρεσι
3533 1008 3619 1064 διὰ
3647 1014 3830 1064 τοῦτο

2164 1095 2553 1171 ὡμοιομένους.

2241 1195 2343 1244 Τοῦ
2408 1193 2652 1261 ποταμοῦ
2733 1187 3020 1265 ὁρμήματα
3096 1187 3426 1265 εὐφραίνουσι
3508 1187 3604 1255 τὴν
3699 1187 3822 1243 πόα

2162 1273 2243 1330 λιν
2291 1275 2383 1332 τοῦ
2428 1282 2580 1336 Θεοῦ.
2635 1277 2883 1349 Ποταμὸν
2946 1276 3037 1330 τὸν
3081 1274 3424 1353 εῦαγγελικὸν
3484 1274 3641 1352 λόγον
3685 1298 3815 1354 φη·-

2161 1365 2265 1442 σὶν,
2302 1362 2360 1427 ὅς
2405 1365 2490 1420 καὶ
2521 1364 2782 1444 εὐφραίνει
2813 1364 2910 1430 τὴν
2942 1361 3289 1431 Ἐκκλησίαν.
3328 1364 3546 1439 Ἥγίασε
3571 1367 3629 1420 τὸ
3660 1366 3815 1432 σκήο

2162 1475 2314 1528 νωμα
2361 1454 2518 1510 αὐτοῦ
2576 1454 2604 1509 ὀ
2653 1449 2947 1528 ”ι⁸ψιστος.
2999 1450 3198 1530 ’Ἄγιος
3244 1455 3343 1532 γὰρ
3375 1453 3515 1509 ἐστιν
3548 1453 3602 1508 ἐν
3632 1454 3818 1530 ἁγίοις

2162 1540 2588 1621 ἀναπαυόμενος,
2653 1544 3000 1606 κατασκηνῶν
3057 1544 3114 1597 ιν
3183 1544 3374 1620 ἆγίοις’
3445 1542 3556 1610 ἥτις
3599 1543 3747 1598 ἐστὶν
3793 1541 3826 1606 ἦ

2168 1628 2372 1694 Ἐκκλη
2380 1632 2487 1688 σὶα.

2247 1717 2308 1776 Ὀ
2371 1720 2501 1783 Θεὸς
2554 1719 2607 1775 ἐν
2666 1719 2813 1794 μέσῷ
2866 1719 3056 1796 αὑτῆς,
3110 1721 3223 1793 καὶ¹
3256 1721 3314 1776 οὗ
3372 1718 3758 1786 σαλευθτίσεται
3804 1763 3822 1790 ,

2164 1809 2262 1871 τῆς
2336 1805 2656 1874 Ἐιικλησίας
2722 1807 2990 1875 δηλονόνι.
3081 1809 3337 1878 Βοηθήσει
3411 1813 3545 1884 αὗτῇ
3594 1811 3620 1864 ὁ
3675 1809 3823 1870 Θεὸς

2165 1897 2224 1952 τὸ
2287 1898 2414 1972 πρὸς
2477 1899 2644 1973 πρωί.
2707 1899 2777 1954 Τὸ
2824 1903 2999 1952 νεῦσαι
3061 1902 3204 1974 πρωί
3257 1901 3371 1973 περὶ
3446 1901 3538 1954 τὸν
3599 1896 3821 1974 ὄρθρον.

2166 1985 2236 2041 Τὸ
2267 1985 2388 2061 γὰρ,
2435 1986 2690 2061 βοηθήσει
2777 1987 2933 2061 αὐτῇ,
2994 1989 3082 2042 καὶ
3139 1987 3355 2045 ἐνταῦθα
3413 1986 3473 2042 τὸ
3520 1989 3826 2056 πρόσωπον

2163 2073 2259 2140 τῆς
2291 2072 2612 2140 Ἐκιιλησίας
2671 2077 2914 2140 νοηθετεν
2967 2075 3029 2130 ἄν
3087 2079 3134 2131 οἱ
3187 2075 3326 2152 ἅγιοι
3376 2075 3687 2148 ἀπόστολοι,
3725 2079 3827 2131 καὶ

2161 2164 2208 2218 οἱ
2235 2164 2371 2221 κατὰ
2401 2161 2655 2241 διαδοχὴν
2685 2164 2973 2240 ἡγούμενοι
3006 2165 3191 2238 αὐτῆς,
3227 2167 3314 2228 οὓς
3343 2167 3428 2221 καὶ
3471 2178 3648 2241 νευροτ
3678 2188 3814 2220 συν-

2159 2254 2327 2314 τόνως
2376 2253 2502 2322 πρὸς
2572 2253 2632 2308 τὸ
2684 2250 2924 2308 δύνασθαι
2991 2251 3469 2329 ἀντιλαμϐάνεσθαι
3498 2263 3590 2310 τοῦ
3633 2257 3821 2332 κηρύ-

2162 2362 2392 2415 γματος.

2246 2427 2651 2509 Ἐταράχθησαν
2726 2429 2844 2497 ἔθνη
2882 2479 2895 2503 ,
2975 2429 3184 2488 ἔκλιναν
3275 2433 3542 2508 βασιλεϊα.
3610 2431 3820 2492 ·Ἐπο-

2168 2517 2409 2593 λέμησαν
2440 2519 2559 2598 μὶν,
2614 2522 2794 2597 φησὶν,
2845 2522 2981 2575 κατὰ
3018 2523 3115 2586 τῆς
3181 2519 3498 2588 Ἐκκλησίας
3555 2526 3618 2578 τὰ
3659 2523 3819 2591 ἔθνη·

2167 2606 2287 2663 ἀλλ’
2348 2605 2495 2683 ὅμως
2550 2606 2759 2664 ἔκλιναν
2805 2609 2976 2664 αὐτῶν
3027 2611 3072 2665 οἱ
3104 2609 3369 2688 βασιλεῖς,
3405 2612 3670 2668 τουτέστιν
3700 2617 3822 2682 ἥτ-

2168 2719 2355 2763 τηνται
2388 2698 2474 2753 καὶ
2506 2699 2848 2776 πεφεύγασιν’
2885 2696 3007 2754 ἀλλ’
3026 2697 3239 2776 ὕστερον
3275 2699 3517 2775 ἔκαμψαν
3549 2704 3632 2757 καὶ
3668 2703 3826 2760 αὒτοί

2165 2792 2240 2858 τῷ
2277 2793 2482 2861 Χριστῷ
2526 2785 2749 2864 αὒχὲνα.
2815 2786 2968 2862 Λέγει
3037 2787 3158 2865 γὰρ,
3214 2787 3293 2843 ὅτι
3339 2791 3479 2869 ταχὺ
3511 2789 3818 2863 οἰκοδομη-

2165 2873 2303 2951 θῆσῃ
2333 2875 2418 2952 ὑφ’
2466 2877 2539 2929 ὧν
2593 2874 2920 2949 καθῃρέθης.
2967 2873 3236 2951 ’Ὗψιισαν
3269 2880 3364 2953 γὰρ
3421 2881 3517 2946 τὴν
3567 2879 3822 2946 Ἐκκλη-

2167 2965 2307 3031 σίαν,
2359 2962 2647 3040 παγκάλως
2710 2962 2851 3040 δῶρα
2894 2965 3305 3042 προσφέροιτες.
3361 2964 3582 3024 ’Ἔδωκε
3621 2972 3830 3046 φωνὴν

444 3057 696 3120 sublime
721 3054 1260 3118 extulerunt.Dedit
1291 3075 1486 3119 verem
1509 3078 1683 3121 suam
1716 3061 2077 3140 Altissimus,

2196 3055 2324 3108 ,ὒτοῦ
2377 3054 2404 3108 ὁ
2458 3049 2754 3129 ”Υψιστος,
2793 3053 2878 3108 καὶ
2909 3053 3165 3120 ἐσαλεύθη
3215 3056 3248 3120 ἡ
3310 3061 3404 3130 γῆ.
3469 3055 3526 3112 Ὀ
3589 3060 3827 3134 Χριστὸς

448 3155 502 3209 et
534 3152 690 3207 mota
714 3151 799 3207 est
823 3144 1295 3206 terra.Christus
1326 3146 1555 3208 scilicet
1576 3149 1634 3209 in
1656 3168 1859 3211 cruce.
1881 3147 2084 3211 Vocem

447 3252 648 3307 suam,
681 3233 1083 3311 evangelicum
1116 3233 1347 3296 scilicet
1367 3238 1800 3299 sermonem.Si
1837 3257 2088 3319 namque

447 3324 643 3384 anima
671 3321 977 3383 rationalis
1006 3341 1207 3383 vocem
1241 3323 1475 3385 Domini
1507 3326 1783 3390 audierit.
1819 3345 2083 3387 commo-

448 3410 972 3492 vetur,transitque
1002 3410 1075 3472 ab
1110 3410 1490 3490 improbitate
1511 3413 1583 3475 ad
1617 3414 1890 3475 virtutem
1927 3425 1985 3477 et
2017 3416 2088 3476 ab

450 3499 783 3580 ignorantia
803 3500 873 3560 ad
899 3499 1005 3560 Dei
1039 3499 1331 3561 notitiam.

531 3593 591 3649 8.
627 3588 925 3666 Dominus
956 3593 1247 3650 virtutum
1276 3588 1608 3670 nobiscum,
1642 3604 1945 3672 susceptor
1975 3612 2087 3655 no-

453 3689 578 3740 ster
627 3677 788 3738 Deus
834 3677 1030 3740 Jacob.
1065 3676 1382 3739 Victoriam
1443 3678 1725 3742 adversus
1753 3682 2091 3758 spirituales

455 3767 660 3828 hostes
711 3774 935 3846 partam
986 3765 1101 3844 ipsi
1155 3765 1407 3827 Domino
1445 3767 1685 3828 ascribit
1752 3767 2092 3848 Opportune

459 3865 654 3917 autem
687 3853 784 3915 hic
823 3853 1029 3916 Jacobi
1062 3855 1283 3914 mentio
1310 3853 1560 3916 habetur
1590 3857 1664 3918 ob
1698 3858 1910 3918 luctam
1959 3880 2090 3921 cum

463 3962 532 4006 eo
563 3941 848 4006 habitam.

543 4033 604 4095 9.
643 4031 856 4093 Venite
885 4038 943 4092 et
964 4031 1160 4092 videte
1186 4047 1375 4111 opera
1401 4033 1529 4105 Dei,
1564 4051 1699 4113 quae
1727 4056 1873 4116 post:
1886 4041 1932 4098 it
1954 4056 2093 4116 pro-

467 4123 638 4202 digia
686 4138 868 4199 super
923 4126 1151 4182 terram
1229 4122 1441 4182 Pacem
1499 4123 1918 4198 praedicatione
1983 4127 2097 4186 ini-

469 4219 586 4272 tam
637 4208 950 4288 signiﬁcat,
988 4225 1122 4267 cum
1168 4207 1247 4268 ait
1277 4206 1498 4269 bellum
1545 4229 1721 4271 omne
1750 4211 1810 4272 in
1854 4223 2006 4274 terra
2032 4216 2102 4274 {i-

473 4317 609 4360 nem
640 4296 938 4359 habuisse.
984 4295 1275 4375 Prodigia
1309 4305 1504 4358 autem
1565 4299 1708 4359 dicit
1745 4304 2108 4364 cessationes

473 4397 531 4452 et
581 4385 1078 4466 compressiones.
1127 4382 1374 4446 Cessare
1405 4384 1540 4447 fecit
1591 4388 1747 4448 enim
1781 4385 2423 4464 oinne‘bel-Dkuobs.

474 4479 619 4540 lum.

554 4565 882 4630 10.Arcum
915 4571 1181 4627 conteret
1211 4573 1264 4626 et
1285 4563 1624 4644 confringet
1656 4582 1917 4633 urmo.et
1937 4579 2110 4631 scuta

474 4655 776 4720 comburet
819 4655 970 4735 igni.
1023 4659 1267 4726 Arcum,
1318 4653 1499 4714 telum
1547 4663 1604 4714 et
1663 4667 1920 4733 scutum,
1973 4677 2107 4736 pes-

476 4747 694 4809 simum
727 4741 990 4804 indicant
1043 4748 1282 4811 statum,
1339 4750 1398 4802 et
1448 4760 1752 4821 perversas
1803 4747 2108 4822 rogitatio-

472 4853 602 4898 nes.

554 4925 653 4984 tt.
702 4919 910 4983 Vacate
962 4927 1016 4981 et
1066 4920 1267 4982 videte
1315 4920 1609 4997 quoniam
1640 4937 1745 4998 ego
1774 4938 1904 4982 smn
1937 4923 2110 4985 Deus.

479 5011 607 5076 Nisi
638 5009 772 5090 quis
795 5009 950 5069 enim
979 5009 1334 5069 mundanam
1367 5026 1606 5071 omnem
1636 5028 1836 5070 curam
1874 5011 2114 5090 abjiciat

481 5118 598 5162 non
632 5103 823 5178 potest
853 5115 1026 5158 nosse
1057 5095 1270 5159 Deum.
1308 5098 1626 5159 Vacatione
1659 5099 1815 5158 enim
1852 5119 1999 5177 opus
2031 5111 2118 5161 est

482 5189 553 5252 ad
589 5189 690 5248 Dei
716 5186 1138 5265 cognitionem.
1159 5185 1500 5250 Exattabor
1524 5188 1589 5248 in
1616 5187 1917 5264 gentibus,
1944 5193 2116 5250 errat-

484 5276 659 5341 tabor
680 5276 747 5337 in
774 5272 1420 5338 terra.Przedicationis
1441 5275 1723 5336 adversus
1745 5295 1950 5339 omnes
1969 5298 2117 5356 gen-

491 5376 578 5429 tes
609 5364 905 5425 victoriam
935 5364 1083 5444 ipsis
1115 5364 1445 5444 pollicetur.

570 5454 667 5517 12.
705 5453 993 5516 Dominus
1025 5456 1326 5517 virtutum
1343 5453 1990 5535 nobiscum,susceptor
2017 5476 2120 5519 no-

2168 3143 2254 3197 ἷεπὶ
2315 3143 2561 3214 σταυροῦ.
2649 3141 2840 3206 Φωνὴν
2903 3143 3060 3197 αὐτοῦ
3112 3142 3202 3197 τὸν
3254 3143 3595 3220 εὒαγγελικὸν
3651 3145 3826 3221 λόγον

2171 3229 2351 3309 φησίν.
2387 3226 2511 3285 Ἐἶεν
2545 3229 2642 3306 γὰρ
2675 3229 2875 3305 ἀκούσῃ
2935 3231 3114 3308 φωνὴν
3166 3233 3349 3308 Κυρίου
3410 3235 3562 3312 ψυχὴ
3591 3233 3819 3309 λογική,

2173 3319 2447 3375 σαλεύεται
2481 3317 2868 3391 μεταϐαίνουσα
2897 3319 3002 3374 ἀπὸ
3033 3321 3219 3384 κακίας
3252 3322 3322 3386 εἷς
3346 3321 3558 3399 ἂρετὴν,
3591 3325 3677 3377 καὶ
3707 3323 3821 3380 ἀπὸ

2174 3409 2438 3486 ἆγνωςίας
2483 3408 2554 3470 είς
2605 3408 2887 3486 ἐπίγνωσιν
2937 3415 3091 3467 Θεοῦ.

2259 3592 2441 3669 Κύριος
2523 3591 2629 3645 τῶν
2701 3587 2969 3662 δυνάμεων
3054 3591 3170 3665 μεθ’
3228 3595 3410 3672 ἡμῶν,
3470 3594 3818 3673 ἆνειλήπτωρ

2174 3682 2328 3753 ἡμῶν
2387 3682 2414 3735 ὁ
2474 3680 2600 3742 Θεὸς
2676 3676 2888 3741 ’[ακώὸ,
2948 3681 3056 3746 Τὴν
3111 3681 3262 3748 νίκην
3335 3684 3431 3748 τὴν
3520 3685 3819 3760 γενομένην

2175 3766 2311 3822 κατὰ
2340 3771 2444 3821 τῶν
2473 3771 2678 3830 νοητῶν
2707 3767 2914 3843 ὶχθρῶν
2946 3770 3086 3840 αὐτῷ
3135 3775 3210 3842 τῷ
3273 3772 3440 3846 Κυρίῳ
3480 3772 3812 3837 ἀνατίθησιν.

2180 3857 2445 3930 Εὖκαιρως
2489 3851 2542 3908 δὲ
2572 3860 2664 3908 τοῦ
2706 3853 2894 3910 Ἰακὼδ
2920 3858 2952 3923 ἡ
2987 3855 3172 3930 μνήμη
3222 3855 3305 3915 διὰ
3357 3861 3455 3924 τὴν
3512 3859 3671 3915 πάλιν
3715 3863 3820 3928 τὴν

2178 3941 2470 4022 γενομένην
2516 3944 2643 4019 πρὸς
2697 3945 2853 3998 αυτόν
2864 3992 2875 4004 ,

2270 4042 2427 4089 Δεῦτε
2484 4032 2570 4086 καὶ
2626 4028 2767 4086 ἴδετε
2818 4033 2882 4086 τὰ
2942 4031 3067 4109 ἔργα
3126 4043 3216 4090 τοῦ
3272 4043 3424 4108 Θεοῦ,
3464 4037 3495 4091 ἂ
3539 4037 3682 4094 ἔθετο
3724 4041 3816 4094 τε-

2187 4143 2317 4202 ρατα
2359 4123 2446 4176 ὶπὶ
2497 4125 2595 4186 τῆν
2648 4125 2773 4195 γῆς.
2829 4121 2935 4188 Τὴν
2981 4123 3272 4199 γενομένην
3303 4124 3388 4181 διὰ
3415 4133 3506 4182 τοῦ
3536 4133 3822 4203 κηρυγμα-

2185 4232 2275 4275 τος
2333 4210 2544 4285 εἰρήνην
2589 4211 2974 4284 κατασημαίνει
3005 4256 3022 4279 ,
3097 4209 3180 4266 διὰ
3234 4220 3323 4268 τοῦ
3383 4216 3550 4270 πάντα
3586 4217 3826 4291 πόλεμον

2189 4300 2363 4376 λέγειν
2421 4301 2714 4354 πεπαῦσθαι
2800 4299 2904 4354 ἀπὸ
2954 4299 3050 4365 τῆς
3124 4306 3251 4375 γῆς.
3315 4303 3515 4380 Τέρατα
3572 4302 3626 4358 δὲ
3703 4309 3824 4370 τοὺς

2520 4387 2632 4455 ἤτοι
2691 4389 2784 4447 τὰς
2843 4390 3239 4467 καταργήσεις,
3300 4399 3457 4470 φησίν
3515 4397 3825 4472 κατήργηςε

2189 4479 2288 4557 γὰρ
2317 4479 2486 4534 πάντα
2512 4477 2748 4552 πόλεμον
2759 4524 2773 4539 ,

2271 4567 2431 4632 Τὸξον
2503 4569 2791 4645 συντρίψει,
2843 4569 2925 4624 καὶ
2983 4568 3257 4625 σδνθλάσει
3311 4571 3472 4626 ὅπλον
3510 4623 3522 4644 ,
3585 4576 3670 4629 καὶ
3727 4578 3824 4629 θυ-

2194 4658 2341 4737 ρεοὺς
2374 4657 2694 4714 κατακαύσει
2753 4657 2804 4713 ἐν
2866 4658 3008 4734 πυρί.
3075 4657 3228 4724 Τόξον
3275 4668 3362 4716 νῦν
3391 4663 3477 4716 καὶ
3526 4663 3585 4718 τὸ
3633 4662 3826 4742 ὅπλον,

2194 4747 2280 4801 καὶ
2331 4747 2358 4800 ὃ
2414 4747 2594 4823 θυρεὸς
2654 4746 2973 4802 κατάστασιν
3059 4768 3340 4827 χειριστην
3402 4750 3675 4830 σημαίνει,
3739 4756 3831 4808 καὶ

2195 4833 2480 4911 λογισμοὺς
2531 4835 2790 4910 πονηρούς
2802 4884 2815 4898 .

2277 4924 2618 5003 Σχολάσατε,
2671 4926 2756 4980 καὶ
2818 4931 3010 5002 γνῶτε,
3071 4924 3151 4980 ὅτι
3183 4925 3290 5003 ἐγώ
3335 4929 3440 5001 εἶμι
3499 4929 3527 4982 ὁ
3568 4927 3722 4991 Θεός.
3775 4932 3835 4986 Ei

2198 5016 2274 5089 μὴ
2317 5016 2415 5091 γὰρ
2444 5035 2524 5077 τις
2565 5017 2739 5080 πάσης
2799 5022 3061 5086 κοσμικῆς
3104 5014 3368 5093 φροντίδος
3402 5016 3619 5092 γένηταὶ
3648 5017 3830 5084 ἐκτὸς,

2200 5108 2259 5162 οὒ
2291 5102 2501 5160 δύναται
2534 5111 2728 5181 γνῶναι
2759 5106 2850 5159 τὸν
2873 5104 3026 5162 Θεόν.
3060 5103 3274 5184 Σχολῆς
3321 5106 3419 5183 γὰρ
3474 5106 3630 5184 χρεία
3701 5111 3832 5184 πρὸς

2200 5195 2260 5250 τὸ
2320 5195 2512 5268 γνῶναι
2569 5195 2660 5248 τὸν
2719 5191 2870 5254 Θεόν,
2925 5191 3307 5269 ἰ’ψωθήσομαι
3363 5195 3417 5250 ἐν
3449 5209 3563 5257 to”:
3609 5193 3836 5274 ἔθνεσιν,

2201 5283 2551 5357 ὖψωθήσομαι
2583 5282 2637 5337 ἐν
2667 5283 2734 5357 τῇ
2763 5288 2856 5358 γῇ.
2891 5284 3000 5348 Τὴν
3030 5281 3375 5359 ἐπικράτησιδ
3417 5293 3508 5340 τοῦ
3551 5286 3836 5362 κηρύγμα-

2201 5394 2292 5436 τος
2319 5372 2418 5438 τὴν
2449 5373 2585 5428 κατὰ
2614 5377 2718 5427 τῶν
2747 5374 2909 5428 ἒθνὼν
2939 5370 3122 5432 αὐτοῖς
3161 5371 3564 5449 ἐπαγγέλλεται.

2288 5461 2471 5542 Κύριος
2531 5460 2634 5518 τῶν
2708 5458 2978 5536 δυνάμεων
3062 5459 3176 5536 μεθ’
3233 5462 3388 5536 ἡμῶν
3421 5509 3436 5534 ,
3497 5461 3838 5542 ἀντιλήπτωρ
