4006 6204
433 344 550 408 219

560 483 614 546 1.
647 480 912 546 PSALM
923 479 1023 543 US
1051 482 1295 552 cantici.
1320 480 1466 560 ﬁliis
1491 481 1666 556 Core,
1699 477 1963 540 secunda

975 569 1248 633 Sabbati.
1281 569 1388 632 XL
1407 569 1537 630 νιι.

1023 661 1067 720 Α
1081 667 1488 736 rgumentum.

433 749 540 811 Hic
565 766 801 828 quoque
831 747 1095 826 psalmus
1124 767 1193 809 ex
1231 766 1486 828 persona
1547 754 1881 808 sanctorum
1936 763 2082 826 apo-

515 839 800 900 stolorum
861 837 1114 917 canitur,
1159 837 1526 899 narrantium
1585 836 1926 898 vexationes
2007 833 2084 895 ob

517 927 1004 1009 praedicationem
1035 927 1252 1000 illatas,
1279 935 1338 988 et
1364 926 1639 988 victorias
1659 927 1731 986 de
1763 925 1835 986 iis
1867 934 2081 1005 partas.

517 1016 575 1078 2.
612 1015 860 1093 Magnus
883 1015 1175 1077 Dominus
1197 1022 1250 1078 et
1281 1014 1615 1077 laudabilis
1645 1016 1829 1076 nimis
1855 1016 1918 1076 in
1940 1018 2082 1077 civi-

437 1112 560 1168 tate
608 1105 718 1166 Dei
745 1111 968 1178 nostri,
1004 1107 1072 1166 in
1099 1114 1296 1167 monte
1322 1113 1530 1168 sancto
1569 1107 1718 1184 ejus.
1785 1106 1920 1167 Non
1964 1107 2084 1180 jam

436 1201 496 1255 in
523 1194 672 1272 sola,
709 1194 921 1274 inquit,
955 1193 1181 1274 Judaaa,
1211 1194 1315 1256 sed
1351 1194 1412 1254 in
1444 1202 1643 1254 monte
1665 1199 1897 1254 sancto.
1930 1191 2088 1254 Mon-

441 1293 558 1345 tem
591 1290 786 1344 autem
824 1283 919 1344 hic
952 1282 1094 1344 dicit
1122 1282 1470 1358 Ecclesium,
1513 1281 1589 1343 ob
1636 1280 1953 1344 sublimem
2012 1281 2087 1344 de

436 1371 557 1434 Deo
589 1372 944 1435 doctrinam.

518 1460 576 1524 3.
613 1459 946 1522 Fundatur
973 1460 1376 1522 exsultatione
1397 1463 1700 1523 uniuersa
1728 1469 1923 1520 terra.
1965 1458 2085 1520 Ex-

435 1549 646 1623 tendit,
682 1550 896 1630 inquit,
932 1549 1387 1612 exsultationem
1425 1567 1532 1625 per
1560 1567 1800 1610 omnem
1834 1557 2087 1620 terram;

439 1657 575 1699 nam
607 1639 667 1700 in
702 1659 941 1701 omnem
1005 1649 1223 1702 terram
1285 1639 1545 1718 pervasit
1594 1637 1905 1700 exsultatio
1958 1638 2088 1716 ejus

443 1727 964 1808 manifestatiouis,
999 1737 1057 1790 et
1081 1729 1322 1808 gratiam
1357 1727 1638 1789 dilatavit.
1673 1727 1905 1789 Montes
1935 1726 2088 1788 Sion

1231 344 1291 406 S.
1338 343 1760 406 ATHANASII
1805 341 1970 404 OPP.
2017 343 2231 404 PARS.
2282 343 2392 404 III.
2444 373 2515 388 —
2563 339 3022 404 EXEGETICA.

3695 339 3833 404 220

2389 482 2675 533 ΨΑΔΜΟΣ
2708 473 2846 550 ᾠδῆς
2893 489 3010 538 τοῖς
3041 477 3179 540 υἱοτς
3217 475 3346 554 Κορέ
3377 473 3592 544 δευτέρα

2769 562 3069 623 Σαϐϐάτου.
3115 572 3202 621 ΜΖ
3217 554 3228 572 ’

2834 654 3109 718 ’Υπόθεσις
3124 703 3136 716 ,

2172 745 2267 801 Καὶ
2298 747 2447 808 οὗτος
2479 742 2656 817 ᾅδεται
2690 746 2717 799 ὁ
2749 742 2964 818 ψαλμὸς
3007 743 3112 799 ἀπὸ
3169 741 3456 822 προσώπου
3498 743 3603 798 τῶν
3650 745 3834 821 ἀγιων

2168 833 2524 912 ἀποστόλων,
2601 831 2966 910 διηγοῦμένων
3066 834 3186 894 τοὺς
3268 831 3352 890 διὰ
3439 832 3499 888 τό
3569 834 3834 910 κήρυγμα

2247 925 2532 1002 διωγμοὺς,
2569 927 2655 980 καὶ
2685 927 2777 988 τὰς
2819 925 2966 988 νίκας
2997 927 3088 989 τὰς
3117 925 3201 981 ἐπὶ
3256 927 3455 981 τούτων
3511 925 3828 1002 γινομένας.

2252 1014 2427 1091 Μέγας
2489 1014 2671 1092 Κύριος
2731 1015 2816 1069 καὶ
2873 1016 3072 1079 αίνετὸς
3143 1014 3338 1092 σφόδρα
3397 1016 3451 1069 ἒν
3513 1011 3664 1068 πόλει
3717 1019 3822 1068 τοῦ

2171 1110 2302 1159 Θεοῦ
2337 1106 2510 1181 ἡμῶν,
2573 1103 2626 1158 ἐν
2687 1102 2794 1180 ὄρει
2853 1103 2986 1178 ἁγίῳ
3075 1103 3254 1161 αὺτοῦ.
3310 1102 3416 1159 Οὔκ
3476 1101 3576 1174 ἔτι,
3635 1104 3831 1180 φησὶν,

2168 1191 2252 1248 ἐπὶ
2296 1192 2394 1258 τὴν
2426 1189 2679 1248 ἰουδαὶαν
2722 1192 2917 1266 μόνην,
2991 1191 3127 1247 ἀλλὰ
3185 1192 3272 1246 γαὶ
3318 1191 3403 1246 ἐπὶ
3461 1191 3520 1245 τὸ
3590 1190 3703 1267 ὄρος
3767 1193 3836 1247 τὰ

2167 1281 2516 1358 ἡγιασμένον.
2551 1279 2732 1350 ’Ὂροσ
2761 1280 2814 1336 δὲ
2866 1280 3084 1339 ἐνταῦθα
3128 1282 3225 1348 τὴν
3299 1278 3620 1344 Ἐκκλησίαν
3669 1281 3832 1357 φησὶ,

2167 1369 2250 1426 διὰ
2281 1373 2339 1427 τὸ
2371 1368 2573 1446 ὒψηλὸν
2597 1377 2703 1427 τῶν
2732 1373 2848 1447 περὶ
2875 1379 3007 1428 Θεοῦ
3037 1369 3340 1448 δογμάτων,

2253 1462 2474 1538 Εύρίζων
2531 1458 2890 1535 ἀγαλλιάματι
2944 1460 3121 1525 πάσης
3195 1464 3290 1525 τῆς
3353 1457 3476 1534 γῆς,
3540 1455 3825 1535 Ἐξέτεινε,

2170 1551 2320 1628 φησὶ,
2354 1551 2415 1605 τὸ
2447 1548 2748 1626 ἆγαλλίιμα
2783 1548 2866 1604 ἐπὶ
2920 1551 3093 1614 πάσης
3161 1550 3255 1614 τῆς
3315 1552 3440 1624 γῆς·
3499 1545 3601 1608 εἷς’
3640 1551 3824 1601 πᾶσαν

2170 1640 2269 1716 γὰρ
2299 1639 2396 1706 τὴν
2427 1643 2529 1716 γῆν
2560 1641 2620 1693 τὸ
2652 1637 2956 1716 ἀγαλλίαμα
2991 1638 3084 1704 τῆς
3145 1639 3304 1693 αὑτοῦ
3373 1637 3678 1714 θεοφανείας
3737 1638 3833 1692 καὶ

2169 1730 2268 1794 την
2331 1729 2490 1806 χάριν
2541 1726 2846 1782 ὲπλσίτονεν.
2933 1725 3082 1804 ’Ὀρη
3143 1728 3282 1781 Σιὼν
3333 1726 3397 1780 τᾶι
3477 1724 3675 1800 πλευρᾶ
3733 1731 3836 1779 τοῦ

441 1817 633 1878 latera
664 1817 975 1897 aquilonis
1003 1816 1329 1913 Jerusalem
1368 1817 1440 1877 ad
1477 1815 1784 1913 meridiem
1820 1815 1932 1913 sita
1965 1825 2084 1876 cst:

2194 1815 2351 1894 ιοῤῥᾶ,
2417 1815 2476 1871 Ἠ
2509 1814 2990 1893 μὲνἸερουσαλὴμ
3060 1815 3113 1869 ἐν
3170 1821 3246 1888 τῷ
3305 1816 3441 1882 νότῳ
3503 1827 3699 1890 κεῖται,
3762 1814 3834 1868 τὰ

441 1913 648 1984 gentes
678 1907 748 1966 ad
783 1908 1147 1985 aquilonem.
1181 1903 1470 1980 Quoniam
1503 1914 1698 1967 autem
1729 1904 1941 1979 Judaei,
1991 1912 2086 1964 ul.-

441 2003 578 2075 pote
607 1995 714 2056 soli
749 2005 1009 2058 montem
1042 1994 1186 2056 Sion
1217 1995 1548 2058 incolentes
1581 1995 1889 2073 magniﬁce
1945 2012 2089 2055 sen-

445 2082 699 2159 tiebant,
735 2084 833 2146 hic
886 2083 1221 2146 ostenditur
1275 2083 1418 2146 Sion
1476 2102 1606 2146 esse
1658 2080 1864 2163 gentes
1918 2101 2092 2144 evan-

443 2171 697 2250 gelicum
731 2190 1072 2234 sermonem
1105 2173 1494 2254 excipientes.
1528 2171 1671 2233 Nam
1705 2173 1896 2234 Sionis
1919 2173 2091 2232 sedes

445 2269 534 2322 est
579 2261 774 2323 boreas
828 2263 1152 2337 climatus,
1222 2263 1322 2342 qui
1382 2262 1580 2323 boreae
1653 2261 1926 2322 climatus
1987 2279 2092 2340 per

445 2350 632 2411 latera
658 2351 1026 2430 signiﬁcatur
1062 2371 1075 2414 :
1111 2371 1243 2412 nam
1281 2351 1381 2412 ubi
1408 2351 1680 2414 dicturus
1711 2358 1836 2412 erat
1887 2350 2087 2412 boreae

447 2439 743 2514 climatus,
781 2439 964 2502 latera
995 2441 1290 2518 aquilonis
1322 2441 1487 2502 dixit.
1521 2440 1591 2501 Et
1631 2444 1792 2520 prius
1847 2440 2088 2520 quidem

449 2527 669 2589 Paulus
691 2528 798 2592 fuit
828 2529 1012 2591 latera
1042 2530 1362 2610 aquilonis,
1394 2549 1576 2608 aquo
1618 2530 1892 2590 universa
1941 2529 2093 2589 mala

453 2635 564 2696 per
591 2617 793 2678 orbem
848 2619 1337 2697 conﬂagrarunt;
1384 2621 1506 2698 jam
1567 2635 1709 2679 vero
1759 2617 1950 2678 factus
2007 2626 2098 2678 est

453 2713 687 2768 montes
715 2704 876 2783 Sion,
914 2707 1138 2769 habens
1169 2707 1230 2768 in
1253 2725 1385 2769 sese
1409 2708 1743 2788 loquentem
1769 2707 2093 2784 Christum,

453 2795 553 2874 qui
586 2796 750 2858 venit
781 2815 850 2857 ex
907 2796 1049 2858 Sion
1083 2795 1158 2871 ω,
1221 2805 1280 2857 et
1329 2797 1546 2857 avertit
1599 2794 1965 2874 impietatem
2027 2813 2098 2855 ex

448 2883 631 2946 Jacob
661 2882 735 2948 ³⁵.
764 2883 998 2948 Civitas
1024 2885 1208 2965 Regis
1240 2891 1463 2962 magni.
1499 2885 1634 2946 Haec
1685 2884 1865 2944 latera
1920 2883 2096 2960 aqui-

453 2972 630 3051 lonis,
665 2973 765 3046 ait,
797 2973 920 3035 sive
952 2981 1184 3052 gentes,
1223 2974 1430 3036 civitas
1475 2975 1616 3054 jure
1670 2981 1976 3051 vocentur,
2036 2972 2096 3033 in

453 3062 670 3143 quibus
705 3065 859 3126 Deus
890 3064 1243 3144 intelligitur
1273 3064 1347 3124 iis
1403 3062 1756 3144 patrocinari
1787 3070 1846 3124 et
1915 3081 2018 3122 eos
2064 3081 2100 3124 a

454 3151 882 3214 tentationibus
916 3154 1173 3232 eripere.

533 3243 595 3302 4.
658 3241 817 3302 Deus
866 3245 929 3302 in
988 3241 1267 3303 domibus
1310 3246 1437 3316 eius
1478 3247 1878 3317 cognoscitur,
1964 3258 2099 3302 cum

453 3323 712 3400 suscipit
741 3339 898 3383 eam.
934 3321 1157 3383 Domus
1186 3321 1227 3384 ii
1259 3321 1477 3384 fuerint
1507 3321 1610 3402 qui
1634 3320 1831 3398 magni
1853 3328 1911 3382 et
1944 3339 2099 3400 prie-

457 3410 776 3471 stantiores
807 3413 866 3471 in
899 3411 1134 3472 civitate
1167 3411 1272 3474 Dei
1303 3422 1457 3473 sunt.

537 3587 699 3648 5-7.
757 3590 1063 3663 Quoniam
1115 3609 1246 3651 (cce
1301 3607 1475 3670 reges
1529 3597 1706 3650 terra?
1751 3590 2103 3667 congregati

458 3684 617 3737 sunt.
653 3676 881 3738 Bellum
915 3680 1198 3758 apostolis
1236 3678 1311 3740 ob
1369 3678 1583 3741 Christi
1619 3679 2098 3758 praedicationem

458 3782 492 3824 a
521 3764 759 3843 regibus
788 3769 1052 3844 gentium
1086 3767 1334 3842 illatum,
1396 3769 1518 3828 sive
1573 3766 1646 3828 ab
1695 3766 2097 3846 inaspectabi-

460 3852 618 3914 libus
642 3854 1012 3916 daemonibus
1042 3856 1146 3935 qui
1177 3856 1317 3916 olim
1375 3855 1724 3934 regnabant,
1786 3873 2096 3934 compres-

459 3960 588 4002 sum
620 3951 679 4003 et
707 3943 1002 4006 sublatum
1034 3945 1163 4006 iuit.
1207 3944 1330 4023 Ipsi
1358 3946 1626 4006 videntes
1676 3947 1758 4006 sic
1809 3945 2102 4005 admirati

457 4038 625 4094 sunt.
685 4034 962 4113 Stupore,
1000 4033 1215 4109 inquit,
1274 4033 1463 4093 aﬂ'ecti
1517 4042 1573 4094 et
1632 4033 1882 4110 perculsi
1940 4041 2096 4106 sunt,

455 4117 742 4181 auxilium
800 4133 1116 4183 cernentes
1173 4120 1393 4182 sanctis
1449 4140 1483 4181 a
1531 4121 1651 4182 Deo
1731 4120 2098 4200 praestitum.

461 4208 821 4272 Conturbati
849 4220 1010 4279 sunt,
1064 4213 1340 4272 commoti
1393 4217 1556 4288 sunt,
1611 4218 1837 4272 tremor
1880 4228 2098 4290 oppre-

457 4295 668 4359 hendit
698 4317 821 4373 eos,
857 4300 1093 4362 Etenim
1139 4300 1477 4379 praestantia
1521 4299 1753 4359 virtutis
1811 4301 1940 4378 ejus
1996 4299 2096 4380 qui

457 4387 873 4466 salutemipsis
905 4388 1165 4469 parabat,
1201 4390 1257 4449 in
1291 4387 1744 4450 admiratienem
1775 4397 1829 4449 et
1888 4397 2094 4469 stupo-

457 4492 585 4536 rem
609 4478 868 4556 conjecit
897 4496 1020 4538 eos.

541 4565 602 4627 8.
633 4567 707 4628 In
749 4567 970 4644 spiritu
997 4565 1332 4628 vehementi
1359 4573 1627 4628 conteres
1660 4586 1842 4630 naves
1902 4567 2100 4629 Thar-

460 4657 566 4716 sis.
600 4655 860 4717 Navibus
891 4655 1162 4735 Tharsis,
1197 4664 1402 4735 utpote
1427 4655 1700 4734 pretiosis
1730 4657 2104 4737 copiosisque

464 4744 766 4805 mercibus
818 4744 1148 4818 instructis,
1209 4762 1379 4823 reges
1449 4753 1778 4824 comparat.
1853 4745 2106 4825 Spiritus

456 4841 654 4894 autem
713 4835 1040 4894 vehemens
1073 4883 1087 4907 ,
1153 4854 1269 4914 quo
1331 4832 1608 4894 contrivit
1658 4835 1812 4907 illos,
1866 4837 2104 4898 virtutes

461 4921 750 5000 quasdam
818 4923 1111 5001 intelligas
1187 4921 1402 5003 quibus
1470 4923 1756 4984 adversus
1830 4925 2106 4988 inimicos

459 5009 865 5091 apostolorum
900 5011 1220 5073 dimicavit.

539 5119 600 5179 6.
635 5101 804 5164 Sicut
828 5101 1184 5174 audivimes,
1221 5103 1307 5163 ita
1337 5110 1393 5163 et
1426 5102 1713 5165 vidimus.
1751 5103 1966 5176 Quam,
2002 5105 2098 5165 in-

463 5191 611 5270 quit,
639 5191 958 5270 promisisti
987 5190 1181 5269 nobis,
1232 5191 1506 5270 Domine,
1535 5193 1811 5264 salutem,
1839 5212 1966 5254 eam
1995 5213 2102 5272 per

461 5298 642 5358 opera
663 5279 932 5340 vidimus.
961 5279 1033 5340 In
1055 5282 1302 5342 civitate
1326 5281 1561 5341 Domini
1587 5284 1984 5354 virtutum,in
2018 5288 2101 5346 ci-

463 5370 646 5430 vitate
665 5370 776 5430 Dei
800 5368 1323 5446 nostri.Signiﬁcat
1345 5389 1461 5449 quo
1487 5370 1616 5434 loco
1642 5371 2097 5451 promissionem

464 5457 768 5538 impletam
795 5456 1324 5520 viderint.Ubinam
1349 5460 1690 5532 auteui,nisi
1712 5460 1773 5520 in
1809 5459 2094 5541 Ecclesia,

543 5613 597 5658 3‘
625 5618 776 5680 Psal.
838 5633 960 5692 xm,
997 5624 1052 5681 7.
1137 5619 1192 5664 ⁸⁵
1230 5619 1381 5683 Psal.
1413 5619 1731 5692 uxxxvﬂ.

2172 1905 2225 1960 δὲ
2256 1905 2378 1970 ἔθνη
2402 1905 2455 1959 έν
2517 1914 2590 1978 τῴ
2897 1903 3114 1970 Ἐπειδὴ
3165 1901 3219 1958 δὲ
3278 1903 3417 1979 μέγα
3472 1901 3718 1978 ἔφρόνουν
3781 1906 3834 1958 οἱ

2174 1994 2419 2052 Ἰουδαῖοι
2463 1997 2536 2056 ὡς
2574 1996 2727 2067 μόνοι
2771 1995 2868 2061 τὴν
2927 1995 3067 2048 Σιὼν
3141 1993 3424 2064 οἰκοῦντες,
3497 1989 3752 2046 δείκνυσιν
3803 1993 3833 2046 ὁ

2173 2082 2356 2162 λόγος,
2389 2085 2468 2139 ὄτι
2501 2085 2639 2138 Σιὼν
2693 2086 2804 2138 ἔστι
2863 2083 2927 2139 τὰ
2979 2081 3097 2156 ἔρνη
3155 2082 3221 2136 τὰ
3280 2078 3678 2157 παραδεξάμενα
3737 2080 3835 2134 τὸν

2173 2171 2516 2248 εύαγγελικὸν
2562 2172 2742 2249 λόγον,
2792 2173 2864 2228 Τὸ
2924 2171 3022 2248 γὰρ
3069 2168 3334 2248 ἑδραίωμα
3404 2173 3502 2234 τῆς
3575 2169 3710 2224 Σιὼν
3770 2169 3835 2222 τὸ

2171 2261 2336 2335 κλίμα
2358 2262 2468 2318 ἐστὶ
2497 2269 2588 2317 τοῦ
2619 2261 2800 2340 βοῤῥᾷ,
2839 2259 2964 2334 ὅπερ
2992 2259 3158 2333 κλίμα
3211 2266 3304 2314 τοῦ
3360 2256 3442 2312 διὰ
3498 2263 3602 2313 τῶν
3659 2255 3831 2312 πλευ-

2169 2357 2272 2428 ρῶν
2303 2351 2552 2415 δηλοῦται
2858 2350 2971 2404 ἀντὶ
3021 2349 3118 2424 γὰρ
3177 2355 3267 2402 τοῦ
3325 2348 3496 2402 εἰπεῖν
3565 2347 3624 2402 τὸ
3668 2345 3841 2420 κλίμα

2169 2446 2261 2494 τοῦ
2303 2437 2482 2516 βοῤῥᾷ,
2516 2439 2580 2494 τὰ
2611 2437 2810 2512 πλευρὰ
2840 2436 3056 2515 εἴρηκεν
3105 2438 3360 2513 Πρότερον
3397 2436 3490 2510 μέν
3524 2436 3589 2503 ἧν
3621 2437 3648 2490 ὃ
3682 2437 3837 2490 Παῦ-

2173 2527 2262 2589 λος
2324 2527 2522 2605 πλευρίι
2578 2529 2672 2583 τοῦ
2725 2525 2908 2604 βοῤῥᾶ,
2975 2525 3056 2604 ἐφ’
3109 2527 3169 2580 οὗ
3221 2524 3471 2590 ἐξεκαύθη
3529 2525 3704 2580 πάντα
3768 2523 3838 2579 τὰ

2177 2619 2314 2672 κακὰ
2347 2617 2431 2672 ἐπὶ
2482 2623 2582 2682 τῆς
2619 2621 2742 2693 γῆς·
2809 2625 2896 2674 νῦν
2946 2613 3000 2669 δ⁶ε
3035 2615 3251 2690 γέγονεν
3301 2614 3398 2688 ὄρη
3462 2614 3624 2686 Σιὼν,
3686 2611 3808 2691 ἔχω

2179 2706 2233 2761 ἐν
2265 2707 2433 2779 ἐαυτῷ
2464 2709 2554 2762 τὸν
2579 2704 2840 2762 λαλοῦντα
2891 2704 3139 2774 Χριστὸν,
3176 2705 3265 2757 τὸν
3320 2701 3539 2757 ἐλθόντα
3581 2702 3640 2757 ὲκ
3691 2703 3837 2758 Σιὼν

2179 2799 2266 2849 καὶ
2331 2794 2742 2871 ἀποστρέψαντα
2813 2789 3058 2847 ἀσέϐειαν
3110 2790 3215 2845 ἀπὸ
3277 2788 3491 2850 Ἰακώϐ.
3553 2789 3616 2845 Ἥ
3675 2789 3836 2854 πόλις

2178 2890 2270 2938 τοῦ
2300 2881 2562 2958 βασιλέως
2625 2891 2718 2940 τοῦ
2776 2878 3037 2958 μεγάλου.
3085 2878 3283 2952 Ταῦτα,
3344 2881 3495 2958 φησὶ,
3529 2880 3592 2933 τὰ
3633 2877 3838 2955 πλευρα

2179 2980 2271 3029 τοῦ
2301 2970 2485 3050 βοῤῥᾶ,
2518 2970 2635 3037 ἤτοι
2668 2971 2730 3026 τὰ
2763 2969 2910 3041 ἔθνη,
2946 2971 2976 3036 ἡ
3010 2966 3164 3030 πόλις
3219 2966 3470 3033 κληθεῖεν
3503 2970 3587 3046 ἂν,
3645 2969 3700 3023 ἓν
3739 2968 3834 3030 οἷς

2180 3060 2495 3136 γινώσκεται
2543 3063 2569 3115 ὁ
2603 3061 2730 3122 Θεὸς
2763 3054 3285 3131 ἀντιλαμϐανόμενος
3344 3059 3431 3112 καὶ
3491 3057 3670 3126 σώζων
3730 3058 3836 3112 αύ-

2181 3151 2302 3213 τεὺς
2334 3150 2396 3205 ἐκ
2438 3155 2543 3204 τῶν
2573 3155 2906 3226 πειρασμῶν.

2265 3239 2324 3296 Ὀ
2349 3241 2476 3303 Θεὸς
2511 3237 2562 3294 ἐν
2616 3249 2740 3300 ταῖς
2797 3237 3008 3313 βάρεσιν
3061 3239 3232 3302 πῦτῆς
3292 3234 3636 3312 γινώσκεται,
3697 3235 3839 3289 ὃταν

2183 3325 2641 3400 ἁντιλαμϐάνηται
2709 3327 2869 3392 αὐτῆς
2906 3372 2920 3385 .
2991 3326 3050 3380 Αἱ
3113 3324 3292 3399 βάρεις
3345 3326 3390 3379 οἱ
3449 3322 3680 3401 μεγάλοι
3745 3323 3840 3378 καὶ

2185 3415 2434 3492 ἐξαίρετοι
2465 3418 2562 3482 τῆς
2603 3423 2695 3470 τοῦ
2729 3422 2858 3471 Θεοῦ
2903 3412 3114 3475 πόλεως
3170 3415 3214 3468 οἱ
3250 3411 3304 3466 ἐν
3356 3413 3486 3487 αύτῇ
3533 3411 3839 3490 ὑπερέχον·-

2185 3527 2268 3568 τες
2312 3506 2424 3560 εἷεν
2457 3504 2540 3563 ἂν.

2266 3591 2400 3651 "Ott
2445 3592 2553 3649 ἰδοὺ
2615 3595 2660 3649 οἳ
2713 3591 2958 3668 βασιλεῖς
3018 3596 3114 3657 τῆς
3169 3596 3270 3668 γῆς
3335 3591 3706 3668 συνήχθησαν,
3779 3585 3836 3645 Ὀ

2185 3684 2422 3758 πόλεμος
2455 3682 2487 3738 ὅ
2512 3685 2646 3738 κατὰ
2699 3688 2804 3737 τῶν
2828 3679 3143 3737 ἀποστόλων
3202 3679 3287 3735 διὰ
3342 3681 3402 3735 τό
3432 3681 3676 3754 κήρυγμα
3733 3698 3837 3754 γε-

2187 3771 2403 3846 νόμενος
2432 3775 2532 3826 ὑπὸ
2563 3779 2666 3827 τῶν
2711 3775 2974 3836 αἰσθητῶν
3033 3769 3298 3845 βασιλέων
3358 3769 3461 3824 τῶν
3508 3767 3690 3844 ἐθνῶν,
3746 3768 3838 3821 καὶ

2187 3860 2293 3931 μὴν
2319 3863 2402 3916 καὶ
2457 3863 2560 3917 τῶν
2606 3861 2842 3932 ἀοράτων
2887 3858 3149 3932 δαιμόνων
3190 3865 3295 3914 τῶν
3362 3856 3524 3913 πάλαι
3584 3853 3837 3930 βασιλευ-

2185 3947 2375 4024 όντων,
2448 3949 2655 4014 διελύθη
2715 3953 2801 4004 καὶ
2872 3949 3132 4026 ἠφανίσθη
3194 3949 3347 4003 Αύτοὶ
3415 3945 3614 4007 ἰδόντες
3671 3942 3839 4010 οὕτως

2584 4039 3044 4116 Κατεπλάγησαν,
3103 4038 3232 4116 φησὶ
3279 4084 3294 4114 ,
3379 4038 3462 4091 καὶ
3546 4033 3840 4098 ἐξέστησαν

2184 4131 2282 4196 τὴν
2312 4129 2605 4204 γενομένην
2655 4131 2901 4204 βοήθειαν
2959 4127 3100 4205 παρὰ
3159 4128 3252 4181 τοῦ
3307 4131 3438 4182 Θεοῦ
3487 4139 3604 4184 τοῖς
3662 4122 3836 4196 ἁγίοις

2181 4222 2493 4293 θεωροῦντες
2531 4263 2542 4275 .
2631 4217 3076 4294 Ἐταράχθησαν,
3162 4214 3518 4279 ὲσαλεύθησαν
3555 4260 3571 4290 ,
3634 4210 3834 4287 τρόμος

2182 4305 2468 4362 ἐπελάϐετο
2545 4307 2730 4367 αὒτούς
2764 4351 2777 4363 .
2875 4303 2940 4361 Ἠ
3001 4305 3100 4380 γαρ
3158 4299 3427 4379 ὑπερϐολὴ
3497 4299 3591 4367 τῆς
3643 4298 3836 4376 ἰσχύος

2179 4396 2272 4452 τοῦ
2302 4397 2583 4468 σώζοντος,
2615 4398 2674 4452 τὸ
2726 4399 2898 4470 θαῦμα
2962 4399 3138 4454 αὐτοῖς
3201 4393 3289 4448 καὶ
3346 4391 3444 4457 τὴν
3501 4385 3837 4453 κατάπληξιν

2185 4037 2504 4114 ἑθαύμασαν,

2125 4492 2166 4542 D
2185 4485 2485 4564 εἴργασται.

2266 4575 2353 4630 Ἐν
2406 4575 2664 4648 πνεύματι
2750 4574 2903 4649 βιαίορ
2980 4571 3276 4644 συντρίψεις
3357 4566 3525 4624 πλοτα
3611 4569 3834 4642 θαρσεῒς

2188 4664 2394 4727 Πλοίοις
2434 4671 2683 4741 Θαρσεῖς,
2747 4664 2900 4718 οἱονεὶ
2943 4659 3248 4734 πολυτίμοις
3315 4660 3401 4714 καὶ
3449 4655 3828 4732 πολυφόρτοις,

2185 4755 2309 4818 τοὺς
2355 4751 2597 4829 βασιλεῖς
2647 4752 2973 4831 παρεικάζει.
3040 4756 3249 4822 Πνεῦμα
3303 4747 3355 4802 δὲ
3403 4747 3593 4822 βίαιον,
3655 4743 3724 4798 δι’
3776 4745 3840 4798 οὗ

2190 4843 2372 4906 αὖτοὺς
2403 4841 2701 4921 συνέτριψε,
2737 4842 2944 4910 νοήσεις
2980 4840 3122 4898 τινὰς
3157 4837 3399 4912 δυνάμεις
3451 4834 3515 4890 δι’
3578 4837 3652 4888 ὧν
3712 4834 3835 4896 τοὺς

2188 4932 2406 5010 ἐχθροὺς
2439 4937 2543 4985 τῶν
2574 4927 2886 4986 ἀποστόλων
2919 4925 3357 5000 κατεπολέμησεν

2267 5107 2508 5184 Καθάπερ
2576 5105 2877 5175 ἠκούσαμεν
2955 5102 3121 5164 οὕτως
3165 5100 3378 5175 εἴδομεν
3415 5149 3427 5161 ,
3481 5098 3596 5155 ’Ἢν
3654 5099 3836 5172 ἐπηγ-

2182 5197 2365 5275 γείλω,
2400 5197 2582 5274 φησὶν,
2629 5193 2673 5248 ὦ
2708 5193 2972 5266 Δέσποτα,
3007 5192 3282 5267 πωτηρίαν
3339 5191 3496 5262 ἡμῖν.
3534 5188 3731 5251 ταύτην
3765 5182 3837 5240 δι’

2182 5287 2349 5364 ἔργων
2415 5282 2720 5358 τεθεάμεθα.
2773 5279 2862 5338 Ἐν
2921 5281 3072 5338 πόλει
3131 5280 3322 5346 Κυρίου
3378 5283 3480 5333 τῶν
3538 5277 3836 5350 δυνάμεων,

2183 5376 2235 5431 ἒν
2298 5375 2450 5431 πόλει
2509 5383 2599 5429 τοῦ
2658 5370 2790 5426 Θεοῦ
2859 5371 3012 5444 ἡμῶν
3047 5418 3060 5431 ,
3123 5367 3309 5426 ’Ὀπον
3365 5368 3462 5434 τὴν
3515 5364 3837 5443 ἐπαγγελίαν

2183 5465 2324 5522 εῖόον
2359 5463 2728 5532 πληρωθεϊσαν
2762 5461 3033 5534 σημαίνει,
3073 5466 3180 5519 Ποῦ
3211 5456 3265 5514 δὲ
3303 5458 3332 5528 ἢ
3385 5457 3438 5512 ἂν
3461 5462 3528 5534 τῇ
3588 5453 3833 5521 Ἐκκλη-
