4006 6204
404 298 520 362 223
1192 304 1253 367 S.
1300 309 1725 376 ATHANASII
1768 311 1935 372 OPP.
1981 310 2195 373 PARS.
2241 311 2351 372 III.
2405 344 2468 355 -—
2520 311 2972 375 EXEGETICA.

481 438 539 497 1.
567 432 644 495 1η
673 433 860 513 ﬁnem
888 434 1034 515 ﬁliis
1058 434 1229 498 Core.
1270 439 1414 505 PSA
1430 440 1643 508 LMUS
1671 442 1957 506 XLVIII.

2309 444 2395 506 Εἰς
2428 442 2580 510 τέλος
2610 458 2731 508 τοῖς
2760 446 2897 509 υἱοῖς
2924 445 3088 525 Κορέ.
3122 450 3411 504 ΨΔΔΜΟΣ
3444 446 3587 511 MH’.

979 530 1454 611 Argumentum.
2796 534 3094 598 ’rudecate.

403 618 546 692 Quae
575 620 944 711 addivinum
1000 622 1255 686 tribunal
1314 628 1614 707 pertinent
1663 631 1776 696 hoc
1823 631 2038 711 psalmo

2136 622 2230 676 Διὰ
2290 629 2382 678 τοῦ
2426 623 2685 701 παρόντος
2717 622 2933 697 ψαλμοῦ
2963 625 3028 679 τὰ
3058 625 3176 700 περὶ
3216 630 3308 680 τοῦ
3339 625 3477 681 θείου
3504 622 3782 691 δικαστη-

485 707 776 798 omnibus
810 710 1157 774 hominibus
1206 716 1623 798 praedicantur,
1656 707 1890 782 necnon
1920 720 2038 782 dies

2210 711 2319 789 ρίου
2375 726 2495 774 τοῖς
2553 718 2710 768 πᾶσιν
2793 711 3088 790 ἀνθρώποις
3158 714 3496 789 κηρύττεται,
3576 716 3662 770 καὶ
3743 715 3784 782 ἡ

486 797 591 859 illa
611 816 727 876 qua
759 797 916 861 Deus
946 801 1182 863 condita
1215 805 1415 867 omnia
1442 807 1516 868 ad
1540 797 1836 886 judicium
1864 808 2038 871 addu-

2208 800 2382 877 ἡμέρα
2420 800 2625 873 ἐκείνη,
2672 798 2789 857 καθ’
2840 801 2905 868 ἢν
2963 800 3072 866 ἄξει
3102 804 3129 857 ὁ
3169 803 3297 867 Θεὸς
3340 808 3442 858 πᾶν
3472 802 3534 859 τὸ
3563 804 3789 878 ποίημα

485 894 597 949 cet.
626 889 902 949 Fortasse
922 906 1057 978 vero
1096 891 1201 952 ﬁlii
1229 894 1382 953 Core
1411 896 1811 975 apostolorum
1848 915 2038 978 perso-

2209 890 2281 948 εἱς
2315 890 2497 959 κρίσιν.
2537 886 2771 968 ’Ἐχοιεν
2817 886 2859 943 δ’
2904 888 2967 944 ἂν
2997 892 3043 945 οἱ
3072 891 3173 947 υἱοὶ
3211 891 3344 968 Κορὲ
3386 889 3492 946 τῶν
3534 890 3790 978 ἄποστόέ

484 993 622 1037 nam
656 985 866 1054 gerant
894 977 995 1057 qui
1029 981 1328 1059 mysteriis
1357 981 1562 1046 orbem
1594 976 1920 1049 initiarunt.

2208 976 2316 1031 λων
2345 979 2407 1033 τὸ
2438 979 2745 1057 πρόσωπον,
2801 978 2906 1033 τῶν
2954 979 3498 1057 μυσταγωγησάντων
3556 981 3652 1048 τὴν
3681 977 3785 1037 ὑπ’

2210 1068 2453 1126 οὐρανόν.

2212 1088 2453 1143 ουρανον,

2212 1152 2501 1212 Ἀκούσατε
2586 1156 2771 1229 ταῦτα,
2851 1158 3024 1214 πάντα
3104 1157 3173 1212 τά
3228 1156 3375 1224 ἔθνη,
3448 1157 3787 1214 ἐνωτίσασθε

2127 1244 2319 1307 πάντες
2380 1248 2428 1301 οἱ
2500 1252 2867 1310 κατοικοῦντες
2952 1248 3053 1313 την
3128 1245 3470 1322 οἰκουμένην.
3545 1244 3789 1323 ’Ὥσπερ

2125 1332 2211 1390 ἐπὶ
2260 1336 2496 1413 σωτηρίᾳ
2554 1342 2657 1391 πᾶν
2722 1357 2875 1413 γενος
2951 1335 3241 1413 ἀνθρώπων
3291 1334 3618 1415 παρακαλεῖ,
3675 1338 3787 1392 τὸν

2126 1424 2282 1481 αῦτὸν
2313 1424 2506 1500 τρόπον
2554 1425 2641 1479 καὶ
2692 1424 2777 1480 ἐπὶ
2826 1422 3166 1480 διδασκαλίαν
3214 1429 3307 1490 τῆς
3351 1427 3492 1488 θείας
3547 1424 3799 1502 κρίσεως

3650 313 3782 377 224

480 1152 540 1215 2.
569 1153 793 1215 Audite
811 1154 957 1244 liceo,
983 1174 1198 1220 omnes
1219 1167 1444 1237 gentes,
1465 1164 1716 1225 auribus
1727 1166 2041 1244 percipite,

402 1259 609 1303 omnes
658 1244 767 1322 qui
820 1242 1114 1306 habitatis
1173 1249 1397 1311 orbem.
1452 1248 1623 1314 Sicut
1671 1242 1748 1313 ad
1797 1242 2044 1314 salutem

404 1336 593 1393 totum
646 1331 975 1393 humanum
1026 1353 1215 1413 genus
1264 1348 1455 1414 vocat,
1489 1339 1702 1401 eodem
1736 1341 1912 1402 modo
1971 1343 2044 1404 ad

400 1419 734 1481 doctrinam
809 1421 987 1483 divini
1055 1424 1292 1502 judicii,
1352 1447 1471 1489 una
1545 1447 1755 1491 omnes
1840 1448 2041 1491 sermo

402 1517 635 1571 evocat.
2126 1513 2259 1586 ὁμοῦ
2290 1512 2490 1576 πάντας
2524 1515 2552 1568 ὁ
2575 1511 2735 1590 λόγος
2767 1512 3138 1571 ἀνακαλεῖται.

480 1600 540 1661 3.
567 1597 805 1679 Quique
847 1602 1175 1679 terrigenae
1189 1611 1248 1664 et
1276 1604 1395 1682 ﬁlii
1415 1606 2038 1687 hominum.Terrige-

2205 1600 2272 1657 Οἵ
2331 1622 2389 1656 τε
2441 1614 2693 1678 γηγενεῖς
2741 1602 2829 1657 καὶ
2885 1602 2983 1657 υἱοὶ
3051 1608 3156 1657 τῶν
3220 1602 3534 1677 ἀνθρώπων,
3589 1607 3784 1677 Γηγε-

401 1705 509 1747 nas
541 1696 708 1749 vocat
728 1687 1082 1764 agrestiores
1105 1691 1378 1754 homines
1408 1694 1947 1774 barbarosque,qui
1979 1696 2038 1757 in

2136 1701 2238 1753 νετς
2265 1689 2361 1763 μὲν
2416 1691 2534 1753 τοὺς
2589 1690 2903 1767 βαρυτέρους
2947 1696 3052 1746 τῶν
3084 1690 3374 1769 ἀνθρώπιον
3427 1690 3587 1746 καλεῖ
3637 1691 3776 1752 τοὺς

401 1775 655 1836 desertis
686 1776 971 1852 habitant,
1000 1797 1194 1860 neque
1225 1781 1455 1859 legibus
1486 1784 1675 1844 cultos
1703 1805 1720 1855 ;
1754 1784 1905 1845 ﬁlios
1928 1786 2038 1846 ho-

2136 1776 2437 1857 Ξαρϐάρους,
2470 1778 2559 1835 καὶ
2588 1779 2642 1833 ἰν
2702 1780 2948 1855 ἐρημίαις
2993 1781 3289 1858 οἰκοῦντας,
3349 1780 3436 1835 καὶ
3490 1780 3568 1852 μὴ
3613 1779 3782 1851 νομί-

404 1864 631 1925 minum
661 1865 804 1926 dicit
826 1885 931 1927 eos
951 1867 1051 1947 qui
1076 1869 1488 1933 humaniorem
1522 1873 1743 1935 ducunt
1774 1872 1906 1935 vitta
1936 1893 2036 1936 ra-

2136 1888 2238 1929 εως
2270 1866 2713 1941 πολιτευομένους
2752 1886 2765 1898 ·
2821 1869 2963 1929 υἱοὺς
2995 1866 3050 1923 δὲ
3097 1870 3385 1946 ἀνθρώπων
3444 1869 3568 1931 τοὺς
3624 1869 3781 1940 ἡμε-

404 1953 629 2015 tionem
659 1963 716 2015 et
748 1954 978 2032 legibus
1010 1967 1242 2037 parent.

480 2133 538 2194 4.
570 2132 657 2195 0s
686 2149 883 2194 meum
914 2132 1197 2214 loquetur
1220 2136 1607 2215 sapientiam.
1639 2137 2038 2210 Quemadmo-

402 2220 541 2281 dum
576 2239 685 2282 ceu
705 2222 779 2283 in
836 2223 1028 2285 varios
1062 2224 1304 2286 ordines
1357 2225 1657 2287 distribuit
1711 2228 2038 2306 auditores,

399 2308 484 2371 ita
509 2318 566 2370 et
596 2310 934 2372 doctrinam
965 2330 1131 2373 suam
1165 2312 1225 2372 in
1258 2313 1463 2376 modos
1486 2314 1792 2393 distinguit
1821 2315 2037 2379 varios.

400 2398 634 2460 Chorus
663 2408 861 2462 autem
913 2400 1273 2479 apostolicus
1323 2410 1412 2461 est
1442 2404 1539 2482 qui
1587 2404 1711 2465 haec
1755 2404 2038 2485 loquitur,

398 2496 455 2548 et
484 2488 588 2564 qui
618 2489 678 2549 in
737 2507 841 2550 ore
895 2490 1197 2552 Christum
1245 2490 1441 2569 habet,
1477 2494 1576 2571 qui
1610 2500 1699 2552 est
1750 2493 2041 2573 sapientia

400 2574 607 2639 Patris.
644 2579 862 2657 Utpote
887 2579 1063 2656 igitur
1095 2577 1389 2640 Christum
1442 2580 1501 2640 in
1534 2598 1637 2642 ore
1668 2580 1949 2653 ferentes,
1985 2591 2045 2642 et

400 2683 535 2724 eum
630 2683 870 2746 semper
945 2676 1142 2728 mente
1218 2678 1520 2730 versantes
1593 2670 2039 2747 intelligentiam

400 2752 770 2814 obtinebant.
807 2757 889 2815 Ita
920 2765 1114 2817 autem
1152 2775 1321 2817 mens
1346 2775 1553 2818 eorum
1586 2759 1659 2819 ad
1695 2759 2037 2837 intelligen-

398 2842 538 2902 tiam
571 2851 739 2904 acutn
775 2853 836 2906 et
893 2846 1168 2924 expedita
1199 2855 1346 2920 erat,
1385 2856 1445 2909 ut
1494 2847 1669 2908 etiam
1730 2847 2040 2926 parabolas

397 2932 717 2993 Salvatoris
750 2933 808 2995 in
844 2935 1184 3011 Evangeliis
1236 2936 1564 3015 descriptas
1609 2936 2034 3017 intelligerent.

398 3020 797 3094 Quamobrem
837 3042 970 3083 cum
1003 3022 1232 3085 diceret
1266 3025 1536 3087 Christus
1564 3023 1653 3085 33:
1706 3025 2037 3088 lntellemi-

393 3116 501 3171 slis
531 3110 655 3171 hac
679 3113 885 3172 omnia
913 3112 941 3172 ?
973 3113 1249 3174 dicebant
1285 3114 1339 3174 ei
1369 3135 1380 3175 :
1420 3114 1649 3176 Etiam.
2056 3146 2098 3196 (ς

477 3199 538 3261 5.
574 3197 888 3261 Inclinabo
919 3202 984 3261 in
1015 3201 1372 3279 parabolam
1423 3221 1637 3265 aurem
1668 3222 1879 3267 meam.
1918 3207 2035 3281 Ego

398 3287 663 3367 quidem,
688 3296 791 3367 ait,
828 3299 1138 3368 postquam
1175 3299 1435 3350 mentem
1468 3310 1659 3352 meam
1692 3292 1824 3353 acui
1847 3293 1917 3353 ad
1943 3294 2035 3353 in-

399 3376 782 3454 telligentiam
837 3377 1254 3457 paruholarum
1305 3378 1645 3460 Salvatoris,
1683 3382 1740 3441 in
1772 3381 1842 3443 iis
1874 3401 2035 3443 com-

398 3464 761 3543 prehensam
794 3468 1148 3529 sententiam
1202 3470 1435 3548 assequi
1493 3471 1673 3548 potui.
1715 3469 1790 3529 lis
1839 3479 2035 3532 autem

401 3561 497 3634 qui
529 3554 589 3615 id
618 3574 794 3633 agere
823 3556 897 3616 ob
931 3557 1233 3618 infantiam
1295 3577 1412 3618 non
1459 3562 1650 3618 valent
1675 3560 1935 3638 aperiam
1969 3578 2038 3620 ea

403 3662 535 3723 qua:
555 3644 757 3707 clausa
808 3655 965 3718 sunt,
1000 3655 1059 3707 et
1105 3646 1474 3725 problemata
1506 3648 1816 3726 explicabo
1866 3656 2042 3728 atque

402 3733 729 3810 parabolas.
763 3733 901 3795 Haec
938 3745 1133 3795 autem
1171 3753 1276 3813 per
1301 3736 1642 3814 psalterium
1677 3738 1797 3799 sive
1827 3756 2042 3817 corpus

400 3840 597 3881 meum
628 3822 911 3896 efﬁciam,
946 3824 1101 3902 quod
1152 3824 1321 3898 quasi
1363 3843 1649 3902 organum
1687 3835 1952 3905 resonat,
1984 3835 2044 3887 et

403 3927 518 3988 quo
550 3911 747 3972 anima
789 3930 919 3973 mea
950 3913 1021 3972 ad
1081 3913 1360 3990 hymnum
1422 3917 1668 3973 vertitur
1710 3917 2033 3976 concinen'

403 3997 569 4078 dum,
633 4018 739 4079 per
796 4001 1059 4078 singulos
1112 4019 1348 4075 sensus,
1407 4002 1675 4063 membra
1725 4016 2037 4084 partesque

400 4087 762 4164 peritissime
799 4099 972 4151 mota.

481 4182 539 4239 6.
573 4178 702 4239 Cur
727 4178 943 4240 timebo
968 4180 1031 4240 in
1063 4179 1164 4240 die
1192 4182 1356 4243 maia
1383 4178 1409 4239 .9
1438 4177 1591 4240 Hinc
1622 4179 2037 4258 orditur,post~

2121 1956 2353 2033 ρωτέραν
2415 1954 2687 2012 πολιτείαν
2733 1956 3187 2035 μετερχομένους,
3241 1958 3326 2011 καὶ
3386 1958 3570 2030 νόμοις
3627 1954 3781 2012 διοι-

2122 2044 2415 2118 κουμένους
2427 2092 2440 2106 .

2206 2138 2277 2192 Τὸ
2336 2136 2509 2206 στόμα
2567 2156 2669 2208 μου
2710 2131 2938 2203 λαλήσει
2997 2134 3204 2214 σοφίαν.
3266 2130 3490 2211 "usus?
3535 2134 3609 2194 είς
3638 2133 3783 2212 τάγ-

2125 2245 2268 2297 ματα
2333 2222 2563 2279 πλεῐστο.
2618 2225 2740 2284 τοὺς
2786 2223 3048 2298 ἀκροατὰς
3096 2221 3315 2300 διεῖλεν,
3352 2222 3518 2285 οὕτως
3552 2223 3639 2277 καὶ
3668 2223 3785 2288 τὴν

2124 2314 2282 2370 αὐτοῦ
2328 2310 2661 2368 διδασκαλίαν
2742 2314 2815 2373 είς
2895 2312 3121 2387 τρόπους
3177 2311 3408 2389 ἀφορίζει
3469 2309 3779 2389 δὶαφόρους.

2124 2399 2184 2459 Ὀ
2229 2403 2394 2480 χορὸς
2426 2400 2480 2457 δέ
2519 2401 2660 2456 ἐστιν
2717 2402 2745 2457 ὁ
2796 2400 3154 2462 ἀποστολικὸς
3187 2403 3213 2456 ὁ
3260 2410 3424 2458 ταῦτα
3466 2400 3777 2478 φθεγγόμε-

2124 2512 2236 2569 νος,
2270 2492 2356 2545 καὶ
2386 2490 2471 2545 ἐπὶ
2515 2492 2775 2564 στόματος
2830 2489 2997 2569 φέρων
3040 2491 3132 2545 τὸν
3195 2491 3439 2567 Χριστὸν,
3476 2489 3533 2552 ὃς
3565 2488 3704 2545 ἐστιν
3739 2490 3783 2557 ἦ

2123 2581 2279 2657 σοφία
2311 2582 2400 2634 τοῦ
2424 2582 2648 2655 Πατρός,
2686 2576 2827 2633 ”Ατε
2859 2577 2924 2644 δὴ
2964 2581 3051 2635 οὖν
3079 2579 3168 2634 τόν
3219 2579 3441 2653 Χριστὸν
3496 2578 3580 2633 ἐπὶ
3638 2578 3781 2634 στό-

2124 2690 2287 2743 ματος
2331 2668 2602 2747 φέροντες,
2648 2669 2734 2723 καὶ
2785 2671 2968 2724 τοῦτον
3019 2669 3092 2729 εἷς
3139 2674 3260 2721 νοῦν
3311 2666 3391 2721 ἀεὶ
3428 2665 3775 2738 ἐκμελετῶν-

2123 2779 2232 2835 τες,
2289 2759 2496 2814 σύνεσιν
2568 2762 2751 2836 εἶχον.
2817 2757 2967 2814 Οὕτω
3024 2755 3079 2811 δὲ
3133 2760 3304 2814 αἰγτῶν
3365 2756 3601 2825 ἡκόνητο
3633 2759 3776 2833 πρὸς

2123 2848 2329 2902 σύνεσιν
2386 2849 2413 2903 ὁ
2459 2855 2600 2915 νοῦς,
2633 2848 2705 2909 ὡς
2736 2847 2825 2901 καὶ
2870 2846 2962 2909 τὰς
3011 2842 3318 2922 παραϐολὰς
3377 2846 3468 2898 τοῦ
3512 2849 3773 2919 Σωτῆρος

2122 2937 2215 2998 τὰς
2265 2935 2322 2991 ἐν
2379 2948 2497 2997 τοῖς
2559 2935 2898 3011 Εὖαγγελίοις
2930 2934 3224 3012 φερομένας
3256 2931 3511 2989 συνιέναι.
3546 2935 3640 2988 Διὸ
3668 2932 3777 2988 λέ-

3038 3021 3309 3088 Συνήιιατε
3340 3028 3505 3077 ταῦτα
3535 3021 3711 3077 πάντα
3755 3041 3773 3088 ;

2120 3046 2307 3100 γοντος
2342 3026 2527 3087 αὐτοῖς
2560 3031 2654 3079 τοῦ
2706 3030 2932 3101 Χριστοῦ
2965 3043 2977 3055 ·
3038 3026 3309 3088 Συνήκατε
3340 3028 3505 3077 ταῦτα
3535 3026 3711 3077 πάντα
3755 3041 3775 3101 ς

2123 3112 2306 3190 ἔλεγον
2336 3116 2478 3187 αὑτῷ
2515 3136 2525 3148 ⁸
2562 3114 2682 3173 Ναί,

2209 3202 2378 3261 Κλινῶ
2434 3205 2505 3267 εἰς
2558 3199 2866 3271 παραϐολὴν
2946 3202 3005 3256 τὸ
3064 3200 3154 3263 οὖς
3218 3221 3342 3274 μου,
3429 3196 3575 3276 Ἐγὼ
3643 3200 3774 3279 μὲν,

2121 3294 2300 3370 φησὶν,
2362 3291 2628 3359 ὰκονήσας
2688 3292 2778 3346 τὸν
2832 3290 3062 3365 ἐμαυτοῦ
3114 3296 3232 3346 νοῦν
3276 3290 3350 3351 εἰς
3401 3289 3606 3363 σύνεσιν
3663 3294 3776 3345 τῶν

2121 3382 2398 3459 σοτηρίων
2472 3378 2811 3457 παραϐολῶν,
2870 3378 3158 3453 δεδύνημαι
3219 3377 3646 3446 επακολουθῆσαι
3695 3378 3771 3446 τῆ

2121 3471 2386 3549 φερομένῃ
2448 3471 2627 3531 αὐτοῖς
2660 3467 2862 3540 διανοίᾷ
2899 3484 2911 3497 ·
2947 3481 3064 3531 τοῖς
3113 3465 3166 3522 δὲ
3220 3471 3296 3541 μὴ
3327 3474 3486 3523 τοῦτο
3516 3468 3775 3544 πράττειν

2121 3557 2428 3631 δυναμένοις
2480 3557 2563 3613 διὰ
2586 3559 2889 3624 νηπιότητα
2923 3556 3113 3621 ἀνοίξω
3143 3557 3207 3612 τὰ
3245 3555 3622 3635 κεκλεισμένα,
3683 3562 3775 3617 καὶ

2123 3646 2438 3725 διασαφῆσω
2472 3648 2530 3702 τὰ
2583 3644 2937 3723 προϐλήματα
2990 3646 3077 3700 καὶ
3134 3646 3227 3709 τὰς
3271 3641 3603 3723 παραϐολάς.
3674 3655 3752 3701 Κα

2125 3743 2286 3793 ταῦτα
2319 3736 2498 3813 πράξω
2526 3734 2609 3791 διὰ
2639 3742 2729 3790 τοῦ
2760 3735 2989 3795 ἐμαυτοῦ
3044 3733 3367 3812 ψαλτηρίου,
3423 3736 3513 3789 τοῦ
3569 3733 3768 3807 σώμα-

2122 3849 2213 3889 τος
2260 3824 2489 3905 δηλαδὴ,
2543 3826 2766 3903 ὀργάνου
2820 3823 2968 3890 δίκην
3022 3824 3382 3903 ἰπηχοῦντος,
3415 3821 3483 3878 δι’
3533 3826 3594 3878 οῦ
3636 3825 3769 3899 πρὸς

2122 3914 2283 3989 ὕμνον
2314 3914 2561 3977 τρέπεται
2592 3917 2625 3980 ἠ
2659 3914 2837 3991 ψυχὴ,
2895 3912 2961 3967 δι’
3013 3913 3237 3968 ἑκάστου
3281 3912 3621 3989 αἰσθητηρίου
3681 3906 3772 3967 καὶ

2123 4003 2314 4079 μέλους
2345 4005 2430 4060 καὶ
2462 4003 2648 4081 μέρους
2682 4002 3052 4073 ἐπιστημόνως
3086 4001 3396 4076 κινουμένη.

2202 4180 2327 4238 "Iv:
2381 4184 2429 4236 τί
2486 4180 2746 4259 φοϐοῦμαι
2805 4180 2858 4235 ἐν
2913 4180 3087 4258 ὴμέρᾳ
3171 4185 3429 4258 πονηρᾷς
3492 4178 3765 4235 Ἐντεῦθεν

398 4283 577 4341 quam
615 4267 871 4345 priorem
929 4268 1216 4329 doctrinm
1252 4276 1475 4349 partem
1508 4286 1616 4329 ceu
1651 4267 1713 4329 in
1747 4272 2035 4347 protemio

2136 4270 2367 4349 ἔρχεται,
2428 4275 2523 4337 τῆς
2576 4268 2912 4332 διδασκαλίας
2942 4271 3008 4325 τα
3038 4276 3221 4337 πρῶτα
3253 4272 3325 4333 ὡς
3359 4269 3411 4324 ἐν
3459 4268 3764 4345 προοιμίοις

399 4355 704 4435 expendit.
740 4355 984 4418 Orditur
1013 4365 1208 4418 autem
1237 4375 1342 4436 per
1386 4356 1939 4433 interrogationem,
1975 4365 2037 4417 ut

2136 4359 2467 4426 ῖιαλαλήσας.
2505 4357 2785 4436 ’Ἂρχεται
2818 4357 2871 4414 δὲ
2899 4356 3017 4414 κατ’
3052 4358 3337 4436 ἓρώτησιν,
3378 4358 3473 4413 ’ἕνα
3516 4359 3602 4412 καὶ
3633 4357 3770 4412 ἁπό-

398 4446 850 4523 responsionem
876 4446 1151 4526 accipiat.
1182 4447 1316 4506 Haec
1355 4454 1550 4506 autem
1586 4455 1676 4506 est
1703 4446 2038 4525 interroga-

2136 4471 2296 4527 ερισιν
2354 4446 2526 4507 λάϐοι.
2593 4447 2651 4504 Ὀ
2710 4446 2764 4503 δὲ
2820 4447 3075 4524 ἆρώτησίς
3136 4447 3275 4502 ἐστιν
3338 4447 3515 4511 αὕτη·
3557 4445 3684 4502 ’Ἰνα
3716 4448 3769 4503 τί

399 4533 505 4595 tio.
555 4534 676 4596 Cur
705 4534 919 4597 timebo
943 4535 1119 4595 ?nam
1143 4536 1215 4596 ad
1236 4553 1437 4595 vocem
1465 4534 1706 4605 timebo,
1732 4541 2037 4615 interpun-

2136 4536 2427 4617 ροϐοῦμαι,
2480 4537 2644 4614 μέλρι
2690 4538 2789 4613 γὰρ
2832 4545 2924 4592 τοῦ
2967 4534 3228 4614 φοϐοῦμαι
3288 4534 3372 4591 δεῖ
3425 4534 3617 4606 στίξαι,
3673 4534 3769 4591 ’ἕνα

401 4623 682 4698 gendum,
709 4633 771 4684 ut
789 4624 992 4686 isthmc
1014 4624 1091 4685 sit
1116 4623 1427 4685 sententia.
1454 4624 1516 4686 Si
1534 4623 1668 4703 quis
1691 4625 2035 4702 interrogat,

2136 4631 2159 4703 ᾗ
2203 4628 2237 4694 ἡ
2264 4624 2467 4681 διάνοια
2498 4626 2631 4691 αὕτη
2664 4645 2677 4659 ⁸
2729 4626 2792 4682 Εἴ
2825 4647 2904 4687 τις
2936 4625 3127 4703 ἕρωτᾷ,
3162 4627 3345 4703 φησὶν,
3379 4624 3508 4681 ’Ἵνα
3556 4625 3605 4678 τί
3662 4646 3769 4700 φο-

401 4711 615 4792 inquit,
648 4712 771 4774 Cur
802 4715 1013 4774 timebo
1038 4713 1067 4771 τ’
1090 4712 1291 4776 volens
1319 4732 1351 4770 ιι
1377 4730 1469 4773 me
1499 4729 1733 4772 causam
1768 4712 2038 4773 ediscere

2136 4714 2364 4794 ἕοῦμαις
2416 4715 2514 4781 τὴν
2572 4716 2739 4769 αὶτίαν
2795 4715 2961 4770 θέλων
3047 4719 3242 4791 γνῶναι
3311 4711 3436 4789 παρ’
3496 4712 3624 4786 ἐμοῦ
3669 4718 3770 4779 τῆς

401 4802 529 4879 ejus
562 4820 678 4879 qua
710 4820 970 4880 occupor
1014 4802 1371 4873 aﬂlictionis,
1403 4820 1538 4861 cum
1573 4801 1787 4863 ﬁducia
1816 4800 2037 4880 audiat,

2136 4805 2453 4882 τυνεχοῦσης
2507 4825 2573 4876 με
2653 4803 2903 4879 ἀγωνίας,
2964 4802 3204 4859 ἀκουέτω
3259 4804 3395 4876 μετὰ
3445 4799 3764 4881 παρῤησίας,

400 4908 530 4951 esse
558 4891 814 4970 aliquam
869 4891 1025 4951 diem
1082 4891 1317 4968 malam,
1353 4908 1526 4970 quam
1561 4908 1669 4969 ego
1704 4897 1863 4951 metu
1898 4909 2034 4968 per-

2136 4898 2191 4960 ῖος
2237 4894 2376 4948 ἔσ.ιν
2420 4892 2588 4967 ἡμέρα
2620 4894 2853 4971 πονηρὰ,
2892 4886 2957 4959 ἣν
3010 4894 3163 4953 αὐτὸς
3218 4893 3442 4971 φρίττων
3474 4889 3765 4970 φοϐοῦμαι.

396 4979 595 5041 culsus
628 4981 1009 5041 exhorresco.
1033 4979 1400 5041 Exhorresco
1435 4977 1950 5059 autem,quoniam
1974 4980 2034 5038 in

2136 4984 2326 5049 bpituo
2383 4980 2459 5051 δὲ,
2522 4980 2602 5035 ὅτι
2655 4981 2707 5036 ἐν
2766 4982 2942 5057 ἰκεινῃ
2986 4986 3053 5055 τῇ
3100 4981 3275 5052 ἡμέρᾳ
3324 4982 3357 5046 ἡ
3415 4979 3607 5053 ἀνομία
3667 4979 3768 5045 τῆς

398 5068 499 5128 illa
521 5069 613 5128 die
633 5070 937 5146 iniquitas
960 5068 1232 5143 calcanei
1261 5073 1381 5130 mei
1409 5068 1804 5129 circumdabit
1832 5084 1949 5146 me,
1974 5067 2035 5129 id

2136 5072 2347 5149 ττέρνης
2392 5093 2492 5144 μου
2550 5070 2812 5126 κυκλώσει
2874 5092 2965 5144 με,
3023 5070 3295 5125 τουτέστιν
3350 5071 3385 5136 ἡ
3418 5069 3765 5146 παρεκτροπὴ

399 5158 773 5218 estdeﬂexio
828 5176 859 5217 a
910 5158 1107 5219 divina
1151 5159 1404 5237 via.qua
1464 5175 1571 5236 per
1628 5156 1875 5234 hujusce
1907 5156 2037 5219 vitae

2136 5163 2216 5226 τῆς
2247 5160 2387 5221 θείας
2420 5157 2558 5231 ὁδοῦ,
2593 5158 2660 5225 ἢν
2715 5160 3011 5230 πεποίημαι
3064 5158 3199 5213 κατᾶ
3258 5158 3348 5211 τὸν
3403 5157 3538 5232 βίον,
3603 5176 3797 5231 περι-.

399 5244 842 5307 distractionem
877 5256 931 5306 et
967 5246 1280 5319 fallaciam,
1316 5246 1572 5306 divinam
1620 5244 1810 5323 legem
1835 5257 2033 5307 trans-

2136 5253 2353 5321 τπασμῷ
2384 5248 2469 5301 καὶ
2515 5247 2694 5322 ἀπάτῃ
2748 5249 2837 5302 τὸν
2887 5250 3031 5302 θετον
3064 5243 3302 5321 παραϐάς
3363 5246 3547 5319 νόμον.
3608 5243 3766 5310 Αὕτη

396 5353 635 5412 gressus
666 5354 817 5397 sum.
853 5334 1053 5397 lsthaec
1106 5338 1283 5415 igitur
1334 5336 1627 5414 impietas,
1662 5332 1877 5413 inquit,
1912 5335 2035 5395 cir-

2136 5337 2207 5393 ιῦν
2264 5338 2297 5402 ἡ
2331 5335 2543 5391 ἀσέϐεια
2576 5335 2836 5391 κυκλώσει
2880 5356 2968 5409 με,
3006 5335 3165 5414 φησίν
3197 5350 3210 5363 ⁸
3260 5334 3375 5388 ἀντὶ
3432 5341 3545 5409 τοῦ,
3600 5339 3767 5410 Περι-

399 5423 1854 5503 ουωιιοὺίιιηο;‹ιιιειείι1ἰοοιεῦίτοιιιηείειοιιιιηο
1886 5424 2040 5485 mala
2120 5426 2373 5495 στήσεται
2418 5446 2486 5499 με
2543 5427 2607 5480 τὰ
2668 5423 2793 5503 ἔργα
2850 5426 2916 5480 τὰ
2971 5423 3183 5501 πονηρά
3238 5422 3269 5477 ἃ
3332 5425 3616 5503 πέπραχα,
3670 5444 3769 5482 κυ-

480 5594 533 5641 38
565 5595 770 5660 Matth.
803 5615 927 5673 xm,
960 5599 1063 5664 51.
