4006 6204
476 291 594 356 227
1178 247 1185 254 ’
1263 293 1322 357 s.
1371 294 1790 358 ATHANASII
1837 293 2000 358 ore.
2049 293 2264 357 PARS.
2311 294 2420 356 III.
2470 329 2543 340 -
2592 294 3052 362 EXEGETICA.
3760 300 3893 367 228

565 433 661 490 13.
694 424 776 491 Et
806 423 978 492 homo
993 445 1123 491 cum
1155 432 1217 490 in
1240 432 1470 493 honore
1492 441 1639 491 esset
1666 447 1789 490 non
1807 429 2113 490 intellexit

2311 435 2405 489 Καὶ
2463 429 2736 509 ἅνθρωπος
2789 433 2844 487 ἐν
2899 440 3032 510 τιμῇ
3088 435 3157 491 ὢν
3221 437 3280 493 οὔ
3337 439 3554 506 συνῆκε,
3593 443 3664 497 Τὸ
3689 442 3884 497 σῗτιυν

480 521 620 593 Qua;
648 539 824 582 causa
853 522 1032 582 fuerit
1059 522 1217 598 quod
1245 522 1354 601 ipsi
1387 541 1456 583 eo
1491 523 1640 602 lapsi
1671 522 1789 581 sint
1821 529 1885 582 ut
1915 521 2030 581 alte
2053 519 2114 580 de

2222 526 2300 576 τοῦ
2332 519 2583 577 ἐκπεσεῖν
2618 521 2806 586 αὐτοὺς
2849 525 2921 586 εἷς
2969 526 3029 579 τὸ
3081 524 3220 602 μέγα
3277 540 3494 605 φρονεῖν
3539 529 3604 584 τὰ
3675 533 3882 606 σαρκὸς

476 630 542 672 se
570 612 876 675 sentirent.
907 612 1219 674 ennuntiat
1247 612 1659 694 ille,videlicet
1691 611 1888 672 carnis
1911 629 2114 671 concu.

2222 609 2592 683 ἐπιθδμήματα
2649 609 2815 686 λέγει.
2881 612 3047 668 Τοῦτο
3105 611 3158 667 δὲ
3209 614 3319 670 ἐστι
3375 618 3435 672 τὸ
3506 619 3582 691 μὴ
3639 620 3882 676 συνιέναι

473 700 797 779 piscentiaa.
835 701 959 761 Hoc
992 711 1188 762 autem
1221 714 1312 762 est
1343 704 1630 763 honorem
1678 702 1983 781 proprium
2008 708 2114 760 non

2222 699 2308 765 τὴν
2339 700 2496 773 τιμὴν
2540 701 2733 778 αὑτῶν,
2777 700 2857 754 ὅτι
2890 697 2954 767 δὴ
2987 700 3104 757 κατ’
3137 705 3314 760 εἰκόνα
3356 707 3672 772 πεποίηνται
3703 716 3885 765 Θεοῦν

470 789 825 866 intelligere,
866 790 1021 869 quod
1056 790 1286 850 scilicet
1316 791 1388 850 ad
1451 791 1775 869 imaginem
1834 788 1938 850 Dei
1993 788 2114 849 facti

2222 786 2440 861 Ὀμοίως
2487 788 2540 842 δὲ
2571 801 2686 850 τοῖς
2718 790 2936 856 κτήνεσι
2967 804 3082 853 τοῖς
3117 793 3364 861 ἀνοήτοις
3399 800 3502 871 γῆν
3552 797 3717 852 οἰκεῖν
3752 798 3885 853 ἀντὶ

471 879 612 939 sint.
650 877 740 938 Ad
776 877 1226 938 similitudinem
1276 888 1470 940 autem
1499 881 1911 954 jumentorum
1979 877 2114 936 insi-

2222 875 2317 931 ιῶν
2349 879 2597 955 οὐρανίων
2642 880 2854 942 σκηνῶν
2884 878 3307 954 κατηλλάξαντο,
3367 885 3454 939 καὶ
3501 884 3693 962 τάφους
3755 886 3883 942 ἁντῗ

471 966 786 1045 pientium,
850 984 971 1046 prae
1022 966 1373 1028 .ccelestibus
1459 965 1860 1028 tabernaculis
1919 975 2114 1026 terran

2222 970 2315 1030 τῆς
2346 987 2486 1043 παρα
2511 971 2642 1022 Θεοῦ
2676 971 2842 1036 ζωῆς.

466 1055 737 1116 incolere
773 1055 1149 1135 delegerunt,
1188 1065 1245 1116 et
1277 1057 1555 1136 sepulcra
1583 1074 1618 1116 ει
1643 1058 1764 1118 Deo
1797 1056 2140 1117 conceden-

471 1142 561 1205 dae
590 1145 725 1204 vitae
783 1145 1196 1223 praztulerunt.

550 1233 645 1294 14.
681 1232 830 1295 Haec
858 1235 958 1295 via
977 1233 1233 1296 illorum
1262 1233 1612 1297 scandalum
1638 1239 1812 1312 ipsis.
1846 1231 2012 1294 Viam
2036 1232 2114 1292 di-

2291 1233 2432 1299 Αὕτη
2479 1234 2513 1305 ᾖ
2575 1230 2694 1294 ὁδὸς
2754 1235 2924 1290 αὖτῶν
2983 1234 3271 1292 σκανδαλον
3327 1239 3508 1300 αὐτοῖς
3547 1287 3561 1301 ,
3621 1238 3773 1297 Ὀδὸν
3831 1253 3874 1318 ἡ

467 1321 855 1383 vinaalitterze
912 1324 1206 1403 cujusque
1266 1323 1527 1383 hominis
1589 1323 1764 1384 vitam
1822 1321 2114 1402 appellare

2222 1325 2316 1380 lsi:
2375 1322 2554 1399 Γραφὴ
2615 1321 2707 1375 τὸν
2751 1321 2977 1378 ἑκάστου
3029 1325 3147 1399 βίον
3203 1323 3318 1380 οἶδε
3364 1325 3578 1399 καλεῖν,
3637 1331 3720 1383 καὶ
3775 1332 3876 1385 τὸν

467 1420 930 1485 consueverunt,
970 1422 1030 1473 et
1102 1414 1231 1473 vitae
1285 1412 1594 1473 hominum
1657 1422 1915 1491 tempus.
1961 1413 2114 1470 Hanc

2222 1414 2431 1469 ἑκάστου
2477 1415 2578 1474 τῆς
2629 1415 2771 1479 ζωῆς
2847 1412 3062 1490 χρόνον.
3127 1415 3334 1480 Ταύτην
3384 1418 3496 1488 οὖν,
3558 1420 3708 1494 φησὶ,
3769 1420 3872 1485 τὴ,

466 1519 633 1580 ergo,
669 1503 772 1577 ait,
807 1519 1076 1582 asperam
1117 1513 1174 1561 et
1203 1501 1473 1562 odiosam
1507 1501 1680 1562 vitam
1722 1499 1947 1581 paravit
1977 1499 2114 1577 illis1

2222 1501 2325 1558 »δὸν
2370 1500 2638 1580 τραχεῖαν
2669 1501 2754 1554 καὶ
2805 1500 2999 1578 ἐχθρὰν
3057 1504 3444 1560 κατεσκεύασεν
3509 1509 3715 1579 αὐτοῖς,
3773 1507 3873 1563 ἅτε

466 1593 602 1672 quia
634 1599 860 1651 rectum
896 1591 1042 1652 nihil
1104 1593 1419 1654 sentirent.
1452 1591 1568 1653 Sed
1628 1591 1865 1671 quando
1925 1589 1985 1649 in
2021 1589 2114 1648 illa

2222 1592 2373 1657 ιηδὲν
2431 1590 2571 1653 εὒθές
2623 1591 3040 1668 πεφρονηκότες.
3100 1590 3252 1646 ’Δλλ’
3309 1591 3396 1649 ὅτε
3442 1594 3541 1666 μὲν
3598 1595 3872 1672 προσέκο-

466 1680 871 1760 profecerunt,
900 1687 1023 1740 tum
1058 1681 1337 1741 scandala
1372 1699 1446 1741 ne
1477 1679 1818 1742 sentiebant
1847 1678 2113 1758 quidem.

2222 1703 2335 1738 ττον
2365 1683 2421 1735 εν
2451 1682 2606 1757 αὐτῇ,
2669 1686 2765 1736 οὒκ
2811 1680 3104 1754 ᾐσθάνοντο
3150 1683 3258 1736 τῶν
3310 1679 3641 1746 σκανδάλων,
3716 1692 3874 1740 Mrta

466 1771 684 1831 Postea
719 1787 851 1830 vero
884 1771 1079 1832 inore
1103 1788 1211 1832 suo
1240 1769 1713 1849 complacebunt,
1741 1767 2111 1858 quasidicat,

2222 1772 2255 1828 ῖᾶ
2329 1774 2491 1826 ταῦτα
2578 1770 2632 1824 ἐν
2717 1775 2793 1841 τῷ
2871 1770 3096 1845 στόματι
3179 1772 3348 1827 αὐτῶν
3434 1771 3808 1842 εὖδοκήσουσιν
3849 1829 3868 1858 ’

467 1857 921 1920 (lontitebuntur
946 1858 1360 1938 pmnitentiam
1385 1857 1817 1938 agentes,quod
1837 1857 1895 1917 in
1915 1857 2114 1935 hujus-

2222 1865 2311 1919 ιντὶ
2340 1871 2458 1942 τοῦ,
2510 1859 2916 1942 Ομολογιὶσουσι
2967 1862 3390 1942 μετανοήσαντες
3463 1861 3545 1942 ἐφ’
3590 1863 3679 1925 οἷς
3737 1857 3868 1920 τοιὲ

464 1947 626 2008 modi
657 1948 748 2007 via
780 1937 1139 2008 incesserint
1173 1963 1188 2022 ;
1223 1947 1326 2008 sed
1386 1947 1622 2027 quando
1656 1937 1774 2007 non
1805 1945 1919 2008 erit
1965 1946 2114 2006 ultra

2222 1943 2362 2008 ιύτην
2394 1940 2626 1996 ὥδευσαν
2656 1937 2856 2014 τρίϐον,
2891 1939 2977 1996 ὅτε
3011 1944 3116 2020 οὐχ
3167 1940 3339 2004 ἕξουσι
3400 1937 3514 2006 τῆς
3574 1945 3870 2017 μετανοίας

464 2037 832 2116 paenitentia:
861 2049 1130 2117 tempus.

2222 2032 2387 2108 ιαιρόν
2401 2077 2411 2087 .

545 2129 642 2191 15.
673 2129 844 2192 Sicut
879 2114 1013 2193 oves
1042 2136 1109 2191 in
1158 2128 1404 2208 inferno
1432 2128 1617 2209 positi
1647 2138 1808 2190 sunt.
1871 2127 2114 2199 Quando

2282 2121 2376 2184 Ὠς
2430 2116 2666 2196 πρόϐατα
2724 2118 2778 2172 ἐι
2827 2114 2928 2192 ᾅδῃ
2995 2117 3192 2178 ἔθεντο.
3230 2119 3450 2188 Ἐπειδὴ
3509 2123 3604 2178 οὒκ
3652 2121 3864 2189 ἠθέλη-

463 2219 785 2280 noluerunt
817 2219 926 2280 sub
960 2219 1118 2280 bono
1169 2206 1403 2298 pastore
1433 2206 1634 2295 agere
1666 2217 1818 2279 :‘sed
1877 2217 2114 2294 repulso

2222 2232 2294 2266 ταν
2327 2211 2429 2264 ὑπὸ
2459 2209 2550 2264 τὸν
2582 2209 2776 2285 ἀγαθὸν
2807 2206 2951 2262 εἶναι
2983 2209 3239 2284 ποιμένα,
3294 2209 3430 2266 ἀλλὰ
3501 2212 3597 2278 τὴν
3658 2211 3870 2268 ἑαυτῶν

464 2308 721 2381 honore,
757 2308 1005 2389 perinde
1035 2297 1214 2389 atque
1239 2308 1511 2386 jumenta
1541 2325 1793 2387 corpore
1853 2306 2114 2385 corrupti

2222 2301 2360 2374 τιμὴν
2419 2298 2804 2372 ἀπωσάμενοι,
2881 2297 3269 2376 παραπλησίως
3347 2313 3464 2363 τοῖς
3522 2299 3738 2366 κτήνεσι
3798 2302 3869 2355 τὰ

463 2405 600 2457 sunt
633 2416 649 2461 :
684 2385 904 2458 idcirco
940 2385 1152 2477 pecora
1201 2385 1422 2458 interni
1474 2385 1669 2458 etfecti
1728 2403 1886 2469 sunt,
1929 2394 2009 2454 ita
2057 2403 2114 2453 ut

2222 2392 2423 2465 πώματα
2456 2385 2828 2466 διεφθάρησαν⁸
2873 2387 3040 2461 ταύτῃ
3085 2409 3167 2444 τοι
3231 2390 3316 2443 καὶ
3386 2389 3662 2466 θρέμματα
3703 2410 3870 2466 γεγο-

463 2487 702 2546 demum
738 2474 953 2566 pastor
969 2505 1172 2547 eorum
1207 2486 1281 2547 ad
1315 2504 1534 2566 pascua
1564 2504 1668 2547 sua
1705 2485 1956 2546 abducat
1987 2501 2113 2558 eos,

2222 2502 2346 2535 ιασιν
2379 2475 2526 2549 ᾅδου,
2572 2478 2644 2538 ὡς
2676 2474 2863 2530 λοιπὸν
2923 2478 3078 2532 αὐτὸν
3134 2479 3482 2551 ποιμαίνοντα
3542 2482 3725 2540 αὐτοὺς
3787 2480 3866 2541 εἰς

462 2573 632 2647 alios,
693 2562 935 2656 quidem
1016 2576 1077 2636 in
1128 2562 1330 2653 ignem
1407 2583 1749 2648 aeternum;
1831 2573 1964 2635 illos
2041 2591 2113 2634 eo

2222 2571 2290 2631 τὰς
2315 2572 2471 2626 αὐτοῦ
2515 2566 2679 2640 νομὰς
2736 2562 2978 2634 ἀπάξειν,
3034 2566 3155 2628 τοὺς
3229 2567 3324 2640 μὲν
3386 2569 3457 2632 εἷς
3517 2569 3577 2623 τὸ
3647 2575 3750 2647 πῦρ
3799 2573 3867 2626 τὸ

464 2664 563 2723 ubi
592 2652 765 2724 ﬂetus
795 2673 853 2726 et
885 2665 1112 2725 stridor
1152 2652 1442 2739 dentium,
1506 2664 1655 2726 alios
1715 2664 1773 2723 in
1835 2662 2113 2724 tenebras

2222 2660 2430 2736 ιῖώνιον,
2463 2652 2668 2718 τοὺςδέ
2699 2653 2829 2709 ὅπου
2873 2657 2900 2710 ὸ
2977 2653 3240 2730 κλαυθμὸς
3287 2659 3372 2712 καὶ
3443 2658 3675 2736 βρυγμὸς
3752 2667 3866 2715 τῶν

462 2758 810 2816 exteriores.

2222 2750 2449 2819 .δὸντων,
2485 2745 2606 2809 τοὺς
2638 2742 2692 2798 δὲ
2722 2745 2794 2807 εἰς
2823 2745 2884 2798 τὸ
2916 2744 3108 2806 σκότος
3147 2747 3207 2799 τὸ
3239 2744 3511 2825 ἐξώτερον,
3590 2786 3602 2795 .

545 2847 1024 2926 ΑάῙίοίιιῦαηίει
1055 2848 1399 2911 Barbarus.
1436 2850 1729 2911 Caeterum
1756 2849 1924 2927 juxta
1955 2847 2374 2928 Symmachum
2414 2863 2427 2904 :
2460 2837 2598 2900 Haec
2644 2837 2734 2928 via
2789 2835 3031 2928 illorum
3062 2835 3400 2928 dementiae,
3430 2839 3598 2918 ipsis,
3636 2846 3864 2919 posteri

461 2949 597 2997 vero
629 2925 864 2996 illorum
899 2955 1243 2998 sermonem
1283 2937 1621 3015 probabunt
1655 2955 1669 2998 :
1708 2925 1825 2996 non
1853 2925 2017 2998 enini
2055 2937 2262 3018 primis
2294 2940 2382 2995 sat
2422 2929 2532 2990 fuit
2563 2931 2642 2987 uti
2672 2925 2991 3018 dementiae
3028 2926 3142 3004 via,
3182 2926 3300 2988 nisi
3327 2927 3504 2988 etiam
3557 2930 3866 3009 pernicio-

460 3042 590 3095 sum
625 3025 878 3105 posteris
907 3027 1247 3106 exemplum
1280 3014 1415 3088 lacti
1448 3026 1645 3087 simile
1700 3025 1771 3086 ad
1806 3027 1897 3087 sui
1931 3014 2322 3088 imitationem
2380 3017 2644 3082 studium
2682 3014 2799 3077 illis
2848 3014 3286 3093 relinquerent,
3343 3027 3407 3077 ut
3457 3027 3516 3078 et
3542 3019 3765 3097 posteri
3801 3021 3864 3081 in

464 3133 696 3176 morum
729 3133 971 3175 suorum
1001 3114 1092 3175 via
1115 3115 1228 3176 sibi
1254 3116 1583 3196 placerent,
1622 3123 1680 3174 et
1709 3114 1844 3175 illos
1876 3115 2210 3177 imitatione
2243 3114 2672 3188 sequerentur.

542 3204 620 3266 Et
634 3204 1117 3266 dominabuntur
1147 3222 1358 3266 eorum
1364 3205 1532 3282 justi
1547 3207 1612 3264 in
1637 3205 1960 3266 matutino.
1986 3206 2114 3266 Non

2281 3201 2384 3263 Καὶ
2439 3196 2931 3274 κατακυριεύσουσιν
3003 3198 3175 3250 αοτῶν
3237 3200 3283 3252 οἱ
3338 3199 3507 3260 εὖθεϊς
3564 3200 3624 3254 τὸ
3685 3202 3860 3276 πρωῒ.

461 3293 729 3367 ulterius,
764 3293 1269 3372 quemadmodum
1302 3295 1360 3356 in
1393 3295 1500 3354 hac
1525 3292 1641 3353 vita
1696 3312 1831 3353 cum
1887 3303 2109 3373 essent,

457 3383 741 3444 adversus
774 3382 903 3461 pios
937 3382 1212 3444 homines
1251 3382 1607 3462 insurgunt;
1645 3399 1848 3442 verum
1910 3390 2118 3443 contra

459 3471 564 3552 qui
599 3471 881 3531 matutino
913 3480 1182 3549 tempore
1213 3471 1438 3548 dignati
1471 3480 1608 3532 sunt
1639 3480 1700 3533 et
1736 3489 1886 3531 novo
1931 3471 2115 3530 lumi-

459 3578 558 3640 ne,
593 3558 792 3639 impiis
824 3559 1229 3639 imperabunt.
1269 3563 1345 3624 Et
1371 3561 1684 3622 auxilium
1709 3577 1921 3622 eorum
1951 3566 2118 3622 vete—

458 3647 654 3702 rascet
685 3641 750 3701 in
800 3641 1072 3720 inferno,
1132 3650 1249 3705 etc.
1311 3641 1528 3717 Omne,
1565 3640 1780 3721 inquit,
1835 3640 2119 3702 auxilium

459 3747 689 3803 eorum,
723 3729 1165 3790 soilicetvirtus
1197 3749 1376 3810 quam
1407 3729 1756 3792 obtinebant
1788 3747 1858 3789 ex
1907 3729 2116 3806 gloria,

463 3829 658 3880 morte
703 3818 1086 3882 dissolvetur.
1159 3821 1308 3883 [liud
1364 3820 1547 3882 enim.
1611 3825 1950 3898 veterascet,
2015 3835 2119 3898 pro

459 3910 720 3969 solvetur
750 3913 1007 3987 positum
1039 3918 1151 3974 est.

539 3997 638 4060 16.
687 3996 1110 4060 Verumtamen
1142 4001 1302 4060 Deus
1329 3999 1578 4061 redimet
1607 4002 1884 4059 animam
1917 4015 2118 4058 meam

457 4085 536 4146 de
567 4103 756 4148 manu
786 4087 996 4168 inferi,
1027 4106 1163 4150 cum
1193 4089 1486 4167 acceperit
1533 4106 1646 4147 me.
1697 4086 1837 4161 Mei,
1901 4087 2112 4168 inquit,

457 4174 537 4236 ita
569 4175 870 4255 loquentis
901 4176 1160 4238 animam
1193 4177 1454 4239 redimet
1501 4176 1682 4250 Deus,
1752 4185 1816 4236 ut
1866 4194 1942 4237 ne
1999 4195 2116 4237 una

456 4263 789 4326 abducetur
821 4264 944 4340 illa,
980 4275 1038 4327 et
1068 4267 1384 4335 deseratur
1412 4286 1546 4329 cum
1599 4265 1810 4327 ovibus
1866 4264 2110 4328 inferni.

541 4444 639 4506 17.
675 4443 762 4507 Ne
795 4446 1071 4508 timueris
1091 4463 1231 4508 cum
1263 4446 1426 4508 dives
1454 4446 1650 4526 factus
1679 4444 1870 4523 fuerit
1909 4443 2104 4505 homo.

2277 4453 2360 4517 Μή
2426 4446 2608 4530 φοϐοῦ,

456 4535 602 4596 Cum
629 4532 938 4613 didiceris,
971 4534 1072 4612 ait,
1109 4536 1209 4617 qui
1272 4535 1404 4596 ﬁnis
1463 4535 1575 4596 erit
1632 4532 1978 4613 impiorum,
2042 4551 2116 4593 ne

458 4620 664 4684 beatos
695 4624 984 4704 praedices
1008 4644 1110 4686 eos
1135 4626 1236 4705 qui
1260 4627 1317 4687 in
1342 4623 1458 4686 vita
1506 4623 1721 4685 divites
1751 4633 1812 4684 et
1846 4621 2114 4703 opulenti

455 4720 617 4787 sunt,
644 4731 763 4773 non
780 4713 988 4774 timeas
1013 4715 1182 4793 quasi
1207 4713 1371 4774 omni
1404 4731 1510 4791 spe
1559 4711 1946 4782 interclusus,
2001 4728 2112 4770 nec

455 4811 520 4863 ut
552 4807 775 4880 magnis
835 4801 1079 4863 orbatus
1141 4802 1447 4884 praesentis
1503 4801 1636 4862 vita),
1681 4800 1875 4876 bonis,
1911 4799 2111 4862 animo

459 4891 728 4953 deﬁcias.
755 4889 946 4952 Probe
967 4891 1120 4952 nosti
1149 4892 1286 4973 quia
1311 4903 1369 4954 te
1390 4899 1694 4972 exspectat
1715 4889 2047 4968 redemptio
2077 4907 2111 4949 a

460 4988 650 5041 morte
671 4989 730 5042 et
750 4981 868 5042 vita
890 4987 1128 5042 esti-ma.
1158 4983 1268 5053 Qui
1293 4990 1488 5043 autem
1515 4999 1544 5040 a
1575 4980 1776 5041 multis
1819 4978 2109 5060 praedica-

2201 3292 2388 3351 Οῦκέτι
2451 3289 2630 3363 ὥσπερ
2688 3285 2741 3339 ἂν
2799 3289 2876 3340 τῶ
2940 3283 3161 3361 παρόντι
3210 3287 3308 3362 βίῳ
3374 3286 3542 3351 ὄντες.
3596 3287 3863 3352 κατεξαν-

2202 3382 2438 3438 ιστανται
2487 3378 2592 3432 τῶν
2665 3370 2913 3430 εὐσεϐῶν·
2972 3373 3274 3430 τούναντίον
3317 3373 3372 3430 δὲ
3429 3377 3475 3432 οἱ
3531 3382 3622 3432 τοῦ
3675 3377 3870 3454 καιροῦ

2200 3477 2300 3538 τῆς
2331 3471 2546 3546 πρωῖας
2578 3463 2887 3528 ἀξιωθέντες
2917 3464 3004 3519 καῖ
3035 3472 3128 3521 τοῦ
3159 3463 3274 3519 νέου
3318 3465 3493 3543 φωτὸς
3551 3472 3655 3520 τῶν
3723 3465 3864 3521 ἀσε-

2202 3557 2308 3615 ϐῶν
2367 3553 2831 3631 κατακυριεύσουσι
2866 3599 2881 3615 .
2963 3552 3068 3614 Καὶ
3135 3557 3169 3623 ἡ
3227 3554 3444 3628 βοήθεια
3502 3553 3672 3610 αὐτῶν
3742 3578 3863 3610 πα-

2203 3648 2556 3716 λαιωθήσεται
2614 3643 2668 3698 ἐν
2729 3647 2806 3715 τῷ
3050 3648 3222 3721 [Ιᾱὶσα³
3286 3645 3466 3722 φησὶν,
3516 3645 3551 3711 ἡ
3635 3644 3862 3719 βοήθει,ι

2203 3739 2396 3810 αὐτῶν,
2433 3733 2552 3802 ἤτοι
2588 3734 2616 3799 ἡ
2648 3733 2803 3811 ἰσχύς
2836 3731 2902 3799 ἢν
2945 3731 3109 3810 ἔσχον
3141 3731 3201 3788 ἐκ
3229 3736 3329 3799 τῆς
3389 3730 3566 3804 δόξης,
3630 3736 3706 3787 τῶ
3761 3737 3867 3788 θα-

2201 3827 2343 3901 νάτῳ
2415 3821 2806 3889 διαλδθιίσεται,
2884 3829 2954 3879 Τὸ
3010 3823 3109 3899 γὰρ
3153 3871 3169 3897 ,
3233 3819 3686 3895 παλοιωθνῖσεται,
3743 3822 3870 3878 ἀντὶ

2200 3938 2318 3991 του,
2351 3912 2742 3984 διαλυθήσεται,
2775 3910 3028 3972 τέθειται,

2284 4003 2428 4072 Πλὴν
2505 4004 2533 4058 ὁ
2593 4002 2721 4064 Θεὸς
2782 3999 3107 4078 λυτρώσεται
3161 3999 3295 4067 ,τὴν
3369 4003 3556 4081 ψυχὴν
3623 4022 3725 4075 μου
3801 4000 3868 4057 ἐκ

2200 4096 2382 4174 χειρὸς
2432 4091 2575 4166 ᾅδου,
2640 4089 2764 4146 ὅταν
2818 4087 3065 4164 λαμϐάνῃ
3126 4110 3191 4163 με
3228 4131 3244 4148 .
3300 4088 3490 4164 Ἐμοῦ,
3557 4092 3704 4168 φησὶ,
3770 4097 3867 4147 τοῦ

2198 4191 2361 4240 ταῦτα
2405 4181 2652 4258 λέγοντος
2698 4179 3018 4257 λυτρώσεται
3050 4181 3076 4234 ὁ
3122 4179 3254 4242 Θεὸς
3289 4179 3385 4245 τὴν
3449 4179 3657 4258 ψυχὴν,
3721 4182 3862 4256 πρὸς

2197 4273 2258 4328 τὸ
2318 4272 2394 4348 μὴ
2453 4268 2861 4348 συναπαχθῆναι
2922 4267 3125 4348 αὐτὴν,
3184 4268 3271 4323 καὶ
3321 4266 3665 4346 ἐρημωθῆναι
3723 4270 3869 4344 μετὰ

2197 4368 2300 4417 τῶν
2345 4369 2437 4418 τοῦ
2467 4358 2592 4418 ἅδου
2622 4355 2927 4436 προϐάτων.

2701 4445 2825 4502 ὅταν
2909 4445 3188 4523 πλουτήσῃ
3259 4445 3559 4523 ἅνθρωπος.
3632 4448 3852 4519 Μαθὼν,

2199 4540 2380 4619 φησὶν,
2417 4542 2532 4595 οἷον
2577 4535 2730 4592 ἔσται
2770 4541 2875 4592 τῶν
2906 4534 3113 4592 ἀσεϐῶν
3142 4537 3204 4591 τὸ
3258 4534 3434 4608 τέλος,
3500 4536 3578 4611 μὴ
3638 4539 3869 4612 μακαρία

2199 4652 2295 4704 σῃς
2324 4629 2442 4691 τούς
2486 4626 2538 4682 ἐν
2571 4633 2646 4700 τῷ
2702 4625 2801 4701 βίῳ
2849 4624 3228 4698 πλουτοῦντας,
3291 4623 3424 4693 μηδὲ
3483 4627 3720 4704 φοϐηθῇς
3784 4627 3864 4688 ὡς

2199 4719 2374 4785 πάσης
2407 4713 2894 4789 ἀποκεκλεισμένος
2944 4713 3175 4789 ἐλπίδος,
3240 4715 3316 4789 μὴ
3388 4713 3592 4791 ἀὼμῇς
3677 4711 3730 4767 δὲ
3789 4715 3868 4778 ὡς

2198 4805 2446 4886 μεγάλων
2505 4805 2717 4882 ἀγαθῶν
2775 4809 2881 4859 τῶν
2935 4805 3214 4882 παρόντων
3283 4801 3634 4880 ἑστερημένος
3671 4849 3683 4862 .
3795 4803 3869 4859 Εῦ

2197 4900 2336 4971 ἴσθι,
2379 4895 2460 4951 ὅτι
2495 4895 2553 4949 σὲ
2614 4893 2712 4966 μὲν
2786 4893 3056 4971 περιμένει
3113 4894 3148 4960 ἡ
3209 4892 3269 4949 ἐκ
3324 4891 3548 4948 θανάτου
3604 4890 3868 4960 λύτρωσις

2194 4985 2280 5040 καὶ
2309 4985 2343 5051 ἡ
2378 4985 2584 5044 αὶώνιος
2614 4982 2750 5052 ζωή
2786 4981 2814 5035 ὁ
2845 4980 2898 5036 δὲ
2949 4982 3091 5049 παρά
3148 4993 3266 5042 τοῖς
3323 4977 3552 5042 πολλοις
3609 4977 3865 5052 εὐδαιμο-

459 5077 555 5129 tur
584 5070 659 5129 ob
696 5068 933 5129 divitias
963 5070 1354 5152 gloriamque,
1389 5076 1447 5130 et
1470 5069 1545 5130 ob
1577 5068 1736 5130 illam
1765 5068 1920 5130 falso
1955 5086 2108 5128 nun-

2226 5074 2462 5148 ιζόμενος
2494 5071 2578 5128 διὰ
2607 5077 2836 5126 πλοῦτον
2869 5072 2952 5126 κοὶ
2981 5069 3154 5143 δόξαν,
3201 5070 3284 5125 καὶ
3341 5067 3426 5123 διὰ
3482 5068 3580 5134 τήν
3643 5067 3866 5142 ψευδώ-

456 5167 726 5238 cupatam
759 5158 1145 5237 sapientiam,
1180 5161 1325 5221 nihil
1359 5159 1489 5239 plus
1533 5157 1797 5231 habebit,
1855 5157 2112 5218 nudatus

2224 5185 2358 5237 υμον
2385 5163 2592 5240 σοφίαν,
2627 5157 2773 5215 οὐδὲν
2825 5157 2987 5214 πλέον
3031 5158 3156 5223 ἕξει*
3233 5158 3428 5236 γυμνὸς
3500 5156 3600 5233 γὰρ
3644 5156 3870 5212 πάντων

454 5246 675 5327 quippe
705 5246 1007 5323 omnibus,
1045 5267 1080 5310 a
1109 5256 1239 5311 vita:
1270 5249 1441 5311 bonis
1475 5247 1827 5328 abripietur.

2222 5253 2576 5330 ιπαχθήσεται
2610 5247 2717 5304 τῶν
2740 5258 2838 5325 ,τοῦ
2867 5248 3004 5323 βίου.

538 5341 629 5396 48.
668 5335 976 5411 Quoniam
1000 5356 1136 5401 cum
1169 5339 1476 5401 interierit
1508 5354 1632 5398 non
1661 5343 1852 5398 sumet
1882 5336 2112 5405 omnia,

2282 5337 2413 5397 ”Οτι
2475 5340 2568 5395 οὐκ
2629 5337 2682 5392 ἐν
2744 5343 2821 5410 τῷ
2874 5338 3232 5408 ἀποθνήσκειν
3291 5335 3443 5392 αῦτὸι
3499 5332 3734 5407 λήψεται
3795 5337 3868 5393 τὰ

455 5422 578 5487 Hoc
609 5425 802 5486 solum
835 5424 1016 5509 lucri,
1051 5428 1157 5506 ait,
1189 5447 1224 5491 a
1255 5428 1472 5491 divitiis
1501 5424 1810 5506 accepisse
1839 5423 2049 5486 vident
2089 5445 2114 5487 υ

2222 5429 2397 5489 πάντα.
2422 5430 2611 5507 Τοῦτο,
2642 5425 2792 5504 φησὶ,
2841 5427 3003 5500 μόνον
3049 5425 3226 5491 ἔδοξαν
3282 5421 3569 5504 κερδαίνειν
3613 5424 3661 5478 oi
3715 5423 3863 5521 ἅθεοι
