4006 6204
431 322 535 389 231

1211 321 1271 384 S.
1320 317 1738 385 ATIIANASII
1784 323 1948 390 OPP,
2007 321 2222 385 PARS.
2273 322 2380 383 IlI.
2429 355 2508 366 —-
2555 322 3009 386 EXEGETICA.

3696 319 3823 385 232

431 459 702 520 Christus
735 465 932 518 autem
968 455 1125 518 Deus
1151 457 1249 536 sit,
1293 455 1434 516 illud
1477 473 1620 516 sane
1655 455 1906 535 dictum,
1939 474 2073 517 ma-

2167 454 2283 519 στός
2315 458 2443 518 Θεὸς
2475 454 2610 533 ἐστι,
2647 455 2916 534 ἐμφανῶς,
2955 454 3053 533 ἄρα
3086 457 3182 522 τὴν
3232 457 3408 531 σάρκα
3440 454 3658 535 Evilat]

427 549 669 626 iii/“este.
707 565 946 607 carnem
984 545 1268 606 declarat.
1300 545 1326 623 ]

513 637 571 698 3.
613 639 768 696 Deus
801 635 1121 712 manifeste
1152 631 1510 695 veniet.Non
1543 635 1698 694 enim
1729 633 1976 712 perinde
2000 641 2080 693 at-

433 743 550 806 que
571 726 630 786 in
647 723 842 800 primo
866 723 1123 783 adventu
1164 721 1465 798 incognito
1492 721 1722 800 Veniet;
1751 723 1852 781 sed
1877 730 1938 780 ut
1959 721 2084 800 ipse

432 821 511 874 ait
541 835 554 875 :
591 814 747 873 sicut
775 811 974 874 fuluur
1007 809 1166 885 quod
1194 809 1395 870 omnia
1429 810 1638 888 implet
1666 819 1738 869 ati
1763 811 1990 870 oriente
2011 810 2082 870 ad

433 901 832 962 occidentem.
865 899 1023 959 Deus
1048 905 1263 960 noster
1285 906 1342 958 et
1383 916 1504 959 non
1527 899 1731 958 silebit
1781 897 1908 958 Non
1932 899 2085 958 sicut

431 985 1126 1069 ante,inquit,silebat,et
1147 987 1302 1046 nihil
1317 985 2083 1065 agebatcontraimpios,ita

435 1089 571 1139 tunc
593 1076 844 1154 erithii
857 1077 907 1136 is
926 1077 991 1135 in
1015 1084 1341 1152 conspectu
1357 1075 1484 1153 ejus
1501 1075 1867 1136 exardesret.
1903 1074 2081 1151 Ignis,

434 1176 496 1227 ut
514 1174 756 1246 propter
778 1164 1146 1242 impietatem
1188 1172 1488 1224 merentes
1515 1164 1707 1222 tradat
1731 1163 2085 1224 comburen.

431 1256 558 1316 dos:
587 1254 785 1313 simile
801 1262 997 1312 autem
1021 1252 1166 1312 illud
1203 1252 1319 1313 ειη
1349 1261 1659 1330 conspectu
1679 1251 1846 1312 illius
1871 1252 2071 1312 volve»

432 1348 612 1405 batur
635 1344 860 1421 ﬂuvius
884 1349 1096 1422 igneus
1148 1339 1286 1402 Haac
1312 1344 1434 1420 ipsa
1460 1341 1751 1402 mirabilia
1771 1361 1917 1402 sane
1936 1342 2080 1403 vidit

439 1433 643 1496 Daniel
664 1428 737 1494 ⁸6.
761 1430 1021 1492 Flavius
1047 1431 1624 1510 enim,inquit,ignis
1639 1431 1985 1492 votrebatur
2015 1437 2077 1490 in.

437 1529 747 1600 conspectu
770 1519 1176 1599 ejuszthronus
1195 1521 1322 1598 ejus
1333 1520 1583 1599 ﬂamma
1599 1522 1936 1594 ignis,rotw
1957 1521 2084 1599 ejus

435 1611 600 1692 ignis
641 1627 948 1671 accensus.
976 1607 1130 1687 Ignis
1160 1618 1379 1682 autem,
1415 1608 1735 1669 autlumen
1760 1627 1828 1668 ex
1859 1627 1930 1669 ao
1966 1628 2079 1668 ma-

431 1717 580 1760 nans
612 1698 943 1776 signiﬁcat;
973 1715 1105 1756 nam
1128 1696 1351 1757 Christi
1372 1697 1772 1775 cognitionem
1803 1698 2084 1776 praecedit

433 1787 636 1848 lumen
654 1785 1165 1865 spirituale,cujus
1179 1786 1365 1863 tigura
1384 1796 1474 1844 est
1496 1783 2084 1865 columnaignisquae

435 1875 718 1938 Israelem
752 1883 922 1935 nocte
940 1874 1230 1952 ducebat;
1257 1882 1358 1934 aut
1384 1872 1608 1932 indicat
1626 1890 1733 1933 nos
1755 1874 1917 1933 omni
1941 1893 2080 1952 pec-

430 1975 696 2026 catorum
727 1981 951 2043 genere
1003 1963 1245 2040 frigidos
1277 1980 1311 2022 a
1340 1962 1644 2023 Salvatore
1675 1979 1966 2022 accensos
2001 1964 2078 2023 ad

433 2053 694 2114 studium
720 2052 914 2112 omnis
928 2051 1092 2112 boni.
1123 2051 1280 2126 lgnis
1299 2068 1441 2110 vero
1463 2050 1564 2110 ille
1589 2069 1698 2110 ceu
1731 2051 2076 2130 spiritualis,

428 2143 622 2203 sancti
651 2141 912 2220 Spiritus
945 2140 1454 2219 participationem
1509 2139 1759 2198 inducit.
1794 2141 1889 2200 Ait
1919 2141 2075 2201 enim

429 2232 570 2293 ille:
607 2230 828 2309 Ignem
879 2230 1018 2290 veni
1049 2235 1288 2289 mittere
1317 2230 1379 2288 in
1417 2235 1637 2288 terram
1659 2225 1734 2288 4⁷.
1771 2226 2073 2308 Siquidem

428 2319 648 2400 spiritu
683 2318 946 2379 viventes
989 2317 1183 2378 οπεοιὶ
1209 2335 1414 2376 sumus
1445 2326 1735 2396 quotquot
1767 2317 1865 2376 tali
1896 2317 2080 2393 gratia

431 2405 658 2486 dignati
691 2425 919 2467 sumus.
954 2405 1350 2476 Quamobrem
1379 2405 1435 2464 in
1467 2405 1630 2464 omni
1663 2405 1924 2483 Spiritus
1952 2424 2080 2483 gra.

433 2497 512 2557 tia
540 2494 695 2574 ignis
749 2493 1146 2554 manifestatio
1180 2512 1293 2553 una
1342 2492 1680 2561 inducitur;
1719 2493 2082 2572 baptizamur

435 2584 593 2646 enim
632 2587 686 2642 in
721 2583 957 2644 Christo
979 2583 1308 2642 secundum
1337 2578 1584 2642 Joannis
1615 2597 1824 2641 vocem
1859 2584 1918 2642 in
1950 2583 2079 2662 Spi-

436 2679 551 2732 ritn
588 2679 792 2733 sancto
825 2680 883 2730 et
916 2672 1074 2747 igne.
1124 2669 1226 2730 Ait
1276 2669 1416 2731 item
1471 2670 1898 2749 prophetarum
1943 2670 2082 2746 qui-

433 2761 568 2822 dam
592 2757 680 2820 ‘3:
714 2759 848 2839 Ipse
880 2754 1215 2838 egreditur
1271 2760 1452 2838 quasi
1505 2758 1674 2836 ignis
1719 2758 1996 2838 conﬂans
2031 2767 2086 2821 et

430 2855 612 2930 quasi
635 2848 822 2909 herba
847 2847 1188 2925 fullonum:
1235 2855 1292 2908 et
1339 2847 1668 2908 descendet
1706 2849 1976 2924 con/laus
2027 2847 2085 2910 et

423 2955 694 3019 purgans
724 2954 831 2998 ceu
863 2955 1082 2997 aurum
1111 2945 1169 2996 et
1199 2945 1547 3014 argentum.
1587 2935 1838 2998 Omnem
1855 2938 2076 3016 quippe

429 3027 719 3088 maculam
751 3027 809 3086 in
844 3025 1015 3086 nobis
1046 3025 1329 3086 tabefacit
1359 3024 1618 3104 Spiritus
1651 3032 1838 3086 sancti
1869 3027 2070 3088 virtus.

427 3115 542 3178 Sed
579 3115 726 3176 nihil
763 3115 979 3194 profuit
1007 3117 1324 3193 Synagugaa
1355 3115 1718 3195 Judaaoruin,
1753 3115 1892 3190 quia
1938 3133 2073 3191 gra-

2244 544 2305 599 Ὀ
2341 545 2469 607 Θεὸς
2529 543 2776 623 ἐμφανῶς
2801 541 2937 609 ἥξει.
2977 546 3048 601 υῦ
3096 545 3195 622 γὰρ
3248 544 3383 600 κατὰ
3446 544 3541 610 τὴν
3616 545 3824 620 προτέ-

2165 633 2573 710 ραντπαρουσίαν
2629 631 2957 698 λεληθότως·
3010 631 3129 688 ἀλλ’
3175 639 3247 698 ὡς
3302 632 3458 693 αὐτός
3519 655 3704 711 φησιν,
3741 637 3824 694 ὡς

2165 722 2410 800 ἀστραπὴ
2468 721 2740 796 πληροῦσα
2801 720 2905 776 ἀπὸ
2962 721 3236 777 ἀνατολῶν
3293 722 3392 780 ἕως
3469 719 3701 796 δυσμῶν,
3760 721 3830 777 Ὀ

2168 818 2296 873 Θεος
2381 812 2536 883 ἡμῶν
2592 813 2681 865 καὶ
2739 812 2799 865 οὗ
2855 813 3370 886 παρασιωπήσεται’
3448 811 3564 887 ΟΒχ
3636 810 3830 887 ὥσπερ

2163 901 2224 953 τὸ
2257 898 2534 977 πρότερον,
2581 899 2731 975 φησὶ,
2772 897 2976 954 ἐσιώπα
3037 913 3151 960 τοῖς
3227 896 3490 970 ἀσεόὲσιν,
3547 897 3682 954 οὕτω
3731 899 3832 953 καὶ

2166 988 2285 1041 τότε
2323 1034 2335 1046 ,
2401 992 2506 1064 Πῦρ
2577 987 2802 1042 ἐνώπιον
2862 991 3021 1044 αὐτοῦ
3078 989 3420 1056 καυθήσεται.
3485 993 3587 1062 Πύρ
3623 1034 3638 1062 ,
3712 987 3816 1041 ἵνα

2167 1076 2286 1137 τοὺς
2333 1075 2498 1139 ἀξίους
2542 1074 2624 1132 διὰ
2658 1077 2753 1141 τὴν
2798 1073 3042 1131 ἀσέϐειαν
3093 1078 3261 1130 α·ἶ›τ;ἰ›ν
3287 1073 3527 1152 παραδῷ,
3565 1073 3815 1148 ’Ὅμοιον

2167 1161 2221 1218 δὲ
2291 1164 2400 1236 τό,
2456 1164 2802 1244 ’Ἒμπροισθεν
2875 1169 3030 1220 αὐτοῦ
3104 1164 3252 1219 εἷλκε
3335 1166 3575 1238 ποταμὸς
3647 1165 3826 1242 πυρός

2169 1251 2376 1330 Σφόδρα
2409 1263 2573 1310 ταῦτα
2608 1255 2696 1308 καὶ
2722 1256 2748 1308 ὁ
2781 1253 3045 1329 μακάριος
3106 1253 3356 1308 ἐθεάσατο
3416 1253 3640 1320 Ant-1').
3701 1259 3819 1308 [1ο⁹

2159 1344 2327 1414 ταμὸς
2373 1342 2492 1419 γὰρ,
2569 1343 2720 1420 φησὶ,
2786 1342 2948 1419 πυρὸς
3010 1342 3196 1398 εἷλκεν
3271 1342 3562 1416 ἔμπροσθεν
3633 1342 3790 1397 αὐτοῦ

2165 1434 2190 1486 ὁ
2247 1431 2424 1507 θρόνος
2485 1435 2642 1487 αὒτοῦ
2703 1429 2832 1509 φλὸξ
2914 1433 3100 1506 πυρός·
3167 1432 3213 1485 οἱ
3265 1431 3452 1508 τροχοὶ
3511 1433 3665 1487 αὺτοῦ
3714 1436 3825 1506 πῦρ

2165 1518 2380 1598 φλέγον.
2449 1517 2811 1597 (Corderius
2852 1524 2990 1587 sic.)
3018 1522 3087 1576 Τὸ
3228 1527 3328 1595 πῦρ
3390 1519 3425 1585 ἢ
3479 1518 3538 1573 τό
3569 1525 3680 1596 φῶς
3717 1540 3817 1583 ση-

2167 1608 2338 1682 μαίνει
2383 1609 2443 1663 τὸ
2472 1607 2524 1671 ἒξ
2573 1607 2750 1664 αὒτοῦ·
2786 1613 2883 1673 τῆς
2915 1610 3014 1685 γὰρ
3045 1607 3296 1684 γνώσεως
3327 1615 3420 1663 τοῦ
3461 1614 3685 1682 Χριστοῦ
3751 1608 3821 1661 τὸ

2166 1694 2250 1750 δια
2320 1697 2548 1757 πίστεως
2623 1699 2838 1772 ἡγεῖται
2904 1703 3013 1771 φῶς
3074 1698 3291 1765 νοητὸν,
3343 1697 3402 1751 οὗ
3458 1697 3618 1754 τύπος
3652 1699 3678 1750 ὁ
3725 1702 3827 1750 τοῦ

2167 1783 2384 1861 Ἰσρασὶελ
2413 1784 2466 1838 ὲν
2498 1786 2640 1842 νοκτὶ
2671 1785 3122 1861 καγηγησάμενος
3155 1785 3342 1847 στῦλος
3394 1784 3577 1861 πυρός·
3639 1784 3674 1849 ἢ
3738 1785 3826 1839 ὃτι

2168 1875 2285 1935 τοὺς
2337 1871 2747 1948 ἀπεψυγμένους
2805 1873 2951 1946 ἡμᾶς
2997 1874 3068 1932 εἰς
3127 1872 3339 1928 ἃπασαν
3398 1873 3658 1949 ἁμαρτίαν
3717 1872 3823 1925 ἀν-

2164 1961 2502 2037 εζωπύρησεν
2533 1964 2560 2016 ὁ
2594 1963 2785 2038 Σωτὴρ
2830 1963 2904 2024 εὶς
2978 1963 3270 2037 προθυμίαν
3340 1963 3536 2016 παντὸς
3587 1961 3812 2036 ἀγαθοῦ

2164 2056 2263 2127 πῦρ
2306 2049 2486 2127 ὥσπερ
2530 2052 2723 2114 νοητὸν
2753 2051 2854 2116 τὴν
2901 2052 2993 2106 τοῦ
3036 2049 3186 2125 ἂὶγίου
3240 2056 3542 2124 Πνευματος
3602 2047 3818 2122 μέθεξιν

3088 2144 3196 2216 Πῦρ
3249 2137 3408 2214 ἦλθον
3473 2137 3662 2214 βαλεῖν
3720 2137 3810 2192 ἐπὶ

2160 2228 2256 2291 τὴν
2289 2227 2412 2302 γῆν
2471 2227 2768 2302 γεγόναμεν
2817 2229 2916 2304 γὰρ
2965 2234 3038 2300 τῷ
3124 2228 3383 2301 πνεύματι
3425 2232 3639 2298 ζῶντες,
3694 2225 3814 2280 ὅσοι

2161 2320 2257 2381 τῆς
2311 2317 2556 2380 τοιαύτης
2588 2314 2854 2388 ἠξιώμεθα
2889 2317 3134 2394 χάριτος.
3194 2317 3290 2370 Διά
3345 2317 3428 2371 καὶ
3481 2319 3534 2370 ἓν
3593 2319 3661 2389 τῇ
3718 2322 3818 2370 τοῦ

2163 2404 2313 2480 ἀγιου
2345 2405 2650 2477 Πνεύματος
2695 2405 2876 2482 χάριτι
2956 2407 3114 2482 πυρὸς
3178 2403 3410 2472 δήλωσις
3473 2403 3814 2481 συνεισφέρε-

2161 2507 2269 2548 ται·
2305 2489 2662 2566 ϐαπτιζόμεθα
2690 2495 2789 2570 γὰρ
2845 2493 2900 2548 ἂν
2959 2497 3171 2569 Χριστῷ
3223 2495 3355 2548 κατά
3407 2495 3506 2559 τὴν
3563 2491 3815 2548 Ἰωάννου

2165 2581 2344 2659 φωνὴν
2378 2580 2431 2634 ἐν
2456 2582 2720 2655 υνεύματι
2752 2583 2886 2658 ἁγιῳ
2935 2583 3019 2637 καὶ
3078 2583 3220 2655 πυρί.
3285 2580 3442 2661 ’Ἔφη
3503 2578 3556 2635 δέ
3586 2602 3668 2643 τις
3726 2582 3816 2636 καὶ

2166 2671 2271 2724 τῶν
2301 2673 2590 2746 προφητῶν
2625 2685 2638 2699 ⁸
2727 2669 2806 2724 ὅτι
2888 2673 3054 2733 Αὐτὸς
3157 2671 3502 2744 ἒκπορεύεται
3572 2672 3641 2733 ὡς
3710 2677 3819 2746 πῦρ

2167 2761 2569 2837 χωνευτηρίου,
2629 2760 2716 2814 καὶ
2786 2761 2858 2821 ὡς
2911 2759 3017 2815 πόα
3066 2759 3368 2815 πλυνόντων
3407 2776 3419 2788 ·
3496 2760 3583 2814 καὶ
3675 2761 3817 2814 καθ-

2162 2135 2430 2212 ἐμϐαλών.
2496 2136 2651 2216 ’Ἔφη
2713 2148 2838 2215 γοῦν
2893 2139 2973 2194 ὅτι
3010 2160 3024 2173 ’

2169 2863 2330 2906 ιεΐται
2419 2851 2672 2928 χωνεύων
2755 2853 2838 2906 καὶ
2917 2853 3214 2928 καθαρίζων
3310 2852 3382 2915 ὡς
3452 2853 3514 2906 τὸ
3567 2850 3821 2928 ἀργύριον

2159 2942 2246 2994 καὶ
2300 2941 2536 3018 χρυσίον.
2608 2937 2856 3008 Ἐκτήκει
2916 2941 3015 3017 γὰρ
3059 2940 3267 2994 ἅπαντα
3330 2939 3493 3016 ῥύπον
3562 2939 3614 2994 ἒν
3674 2940 3820 3012 ἡμῖν

2157 3030 2190 3095 ἡ
2233 3049 2324 3084 του
2351 3029 2503 3104 ἅγῖου
2575 3029 2880 3102 Πνεύματος
2945 3027 3182 3094 δύναμις,
3247 3026 3402 3083 Ἀλλ’
3449 3025 3594 3084 οὐδὲν
3635 3026 3820 3092 ὤνησε

2158 3118 2255 3182 τὴν
2285 3115 2546 3173 Ἰουδαίων
2608 3119 2954 3195 Συναγωγὴν,
3017 3117 3096 3171 ὅτι
3157 3117 3236 3189 μὴ
3288 3118 3386 3182 τὴν
3415 3117 3576 3194 χάριν
3623 3136 3816 3192 προσ-

426 3206 564 3267 tiam
598 3223 713 3265 non
747 3204 1149 3282 admiserunt,
1185 3203 1259 3263 de
1294 3201 1516 3279 quibus
1548 3205 1702 3282 apud
1763 3205 2078 3265 .leremiam

2187 3204 2197 3222 ί
2511 3206 2526 3226 \
2565 3207 2589 3225 ν
2662 3205 2675 3224 9
2743 3203 2758 3227 ’
2924 3208 2934 3226 1
3127 3205 3142 3224 \
3402 3205 3411 3224 '
3533 3202 3546 3225 ν
3571 3203 3642 3226 ηΡΙ

2167 3227 2385 3283 ηκαντο,
2412 3225 2527 3283 περι
2552 3228 2625 3259 ων
2659 3225 2712 3260 εν
2765 3215 2971 3282 ιερεμιᾳ
3019 3228 3176 3283 φηςιν
3226 3206 3253 3260 ὁ
3313 3212 3466 3268 Θεος.
3551 3203 3809 3268 ιιςελειπε

427 3296 573 3358 dicit
602 3296 758 3356 Deus
787 3292 844 3336 ‘9
881 3315 894 3356 :
933 3296 1153 3373 Defecit
1205 3293 1502 3374 conﬂator
1559 3295 1639 3356 ab
1699 3295 2085 3373 igne,defecit

415 3385 764 3468 plumbum.
833 3385 904 3446 In
966 3401 1196 3445 vanum
1286 3387 1674 3462 argentarius
1755 3395 2080 3463 argentum

425 3480 667 3556 signat:
703 3471 962 3534 malitia:
991 3489 1202 3533 eorum
1234 3490 1354 3533 non
1387 3473 1706 3550 labefacta?
1745 3480 1915 3532 sunt.

505 3574 563 3634 4.
606 3571 932 3633 Advocabit
955 3574 1176 3632 coetum
1193 3569 1699 3633 desursum.0lim
1723 3571 1823 3651 qui
1849 3572 2078 3630 interra

426 3659 722 3735 degebant
748 3669 945 3740 partes
975 3659 1240 3739 vulpium
1276 3669 1465 3734 erant,
1499 3669 1561 3719 ut
1607 3660 1668 3719 in
1701 3659 1953 3720 Psalmis
1984 3657 2073 3740 dio

425 3754 586 3803 ctum
623 3749 713 3802 est
737 3739 817 3811 5°,
857 3741 1124 3820 impuros
1153 3739 1416 3800 colentes
1475 3740 1738 3818 spiritus,
1772 3750 1829 3798 et
1858 3740 1916 3798 in
1949 3739 2074 3799 sin-

425 3830 582 3910 gulis
601 3830 746 3889 locis
767 3828 955 3889 Deum
999 3830 1406 3889 existimantes
1446 3847 1575 3888 esse
1610 3829 1666 3889 id
1701 3829 1856 3906 quod
1891 3847 2075 3908 appa-

426 3917 617 3980 rebat.
646 3917 761 3980 Sed
789 3918 887 3977 ubi
914 3918 1191 3996 apparuit
1223 3915 1827 3990 Salvator,illustravit
1846 3935 1952 3977 nos
1977 3934 2075 3978 ve-

433 4026 498 4069 ra
525 4007 630 4068 Dei
667 4005 1024 4084 cognitionis
1072 4006 1230 4079 luce,
1266 4005 1500 4065 reduxit
1550 4005 1706 4082 quod
1755 4016 2073 4081 erraverat,

431 4095 892 4174 obligavitquod
925 4093 1366 4169 inﬁrinabatur;
1401 4101 1604 4173 utpote
1637 4102 1834 4173 pastor
1866 4096 2076 4171 bonus,

3725 3295 3815 3354 Εἷς

3721 3383 3814 3438 αὖ·

2979 3292 3213 3359 ἐξέλειπε

2874 3385 3234 3464 ἆργυροκοπεῖ
3269 3401 3284 3414 ⁸

2165 3294 2408 3373 φυσητηρ
2494 3294 2598 3348 ἀπὸ
2681 3296 2867 3372 πυρὸς,
2979 3292 3213 3359 ἐξέλειπε
3317 3290 3567 3368 μόλιϐδος
3605 3338 3616 3351 .

2163 3387 2314 3440 κενὸν
2399 3383 2766 3460 ἀργυροκόπος
2874 3385 3234 3460 ἆργυροκοπεῖ
3269 3401 3284 3414 ⁸
3379 3383 3622 3460 πονηρίαι

2161 3479 2266 3528 τῶν
2295 3475 2388 3530 οὒκ
2422 3473 2690 3538 ἑτάκησαν
2701 3519 2713 3534 ,

2241 3561 2661 3638 Προσκαλέσεται
2753 3562 2842 3616 τὸν
2927 3560 3142 3639 οὖρανὸν
3213 3560 3344 3622 ἅνω.
3404 3560 3811 3640 (σοι’άενίιιε.)

2161 3650 2332 3707 Πάλαι
2364 3651 2460 3724 μὲν
2494 3652 2540 3706 οἱ
2573 3650 2658 3705 ἐπὶ
2717 3649 2818 3726 γῆς
2880 3647 3088 3728 μερίδες
3150 3654 3296 3718 ἦσαν
3350 3649 3669 3722 ἀλωπέκων,
3733 3654 3813 3714 ὡς

2160 3741 2214 3796 ἐν
2259 3747 2513 3813 Ψατμοῒς
2558 3741 2659 3795 πού
2720 3760 2872 3815 φησι.
2929 3751 3047 3802 τοῖς
3107 3739 3422 3816 ἀκαθάρτοις
3470 3737 3815 3816 λατρεύοντες

2159 3829 2447 3906 πνεύμασι,
2510 3829 2595 3882 καί
2646 3829 2784 3882 κατὰ
2837 3827 3004 3882 τόπον
3061 3826 3284 3882 ἕκαστον
3338 3828 3468 3882 Θεὸν
3523 3827 3813 3903 ἡγούμενοι

2158 3919 2218 3972 τὸ
2248 3914 2455 3976 δοκοῦν.
2489 3913 2638 3972 Ἀλλ’
2671 3916 2943 3994 ἐπιφανεὶς
2990 3916 3017 3969 ὁ
3049 3916 3264 3992 Σωτὴρ,
3298 3913 3628 3990 ἐνήστραψεν
3670 3917 3813 3989 ἡμῖν

2159 4010 2257 4071 τῆς
2293 4004 2517 4070 ἀληθοῦς
2544 4005 2861 4082 θεογνωσίας
2907 4006 2964 4058 τὸ
3024 4008 3160 4082 φῶς,
3219 4002 3512 4081 ἐπέστρεψε
3569 4003 3630 4058 τὰ
3703 4024 3813 4058 πε-

2165 4093 2523 4166 πλανημένον,
2596 4090 2853 4158 κατέδησε
2912 4093 2971 4147 τὸ
3027 4090 3397 4169 ἠρῥωστηκὸς,
3473 4093 3543 4153 ὡς
3604 4093 3812 4166 ποιμὴν

431 4185 586 4245 feras
620 4183 850 4263 expulit
881 4185 954 4244 ab
999 4183 1136 4244 ovili
1167 4187 1362 4242 ovium
1389 4202 1404 4257 ;
1436 4182 1823 4242 sanctificavit
1849 4184 2079 4263 spiritu,

2167 4184 2356 4259 ἀγαθὸς
2417 4180 2719 4248 ἀπεσόὸησε
2775 4182 2897 4244 τοὺς
2956 4184 3118 4258 θῆρας
3189 4202 3289 4246 της
3363 4186 3470 4235 τῶν
3529 4177 3810 4256 πρυόάτων

433 4273 684 4334 munivit
709 4271 1023 4333 virtutibus
1074 4270 1382 4350 angelicis,
1410 4270 1716 4332 constituit
1746 4290 1953 4332 omnes
1981 4283 2079 4353 qui

2167 4270 2350 4338 αὐλῇς
2385 4271 2572 4348 ἡγίασε
2631 4271 2914 4348 πνεύματι,
2973 4268 3305 4348 ἠσφαλίσατο
3356 4268 3639 4344 δυνάμεσιν
3708 4268 3819 4347 ἀγ-

430 4364 677 4424 interra
737 4361 906 4424 fuere
956 4370 1194 4422 sanctos
1261 4361 1680 4439 mysteriorum
1732 4360 2079 4423 initiatores.

2167 4359 2438 4438 γελικαῐς,
2472 4357 2732 4425 ἐπέστησε
2762 4361 2881 4418 τοὺς
2935 4358 3033 4413 ἀνὰ
3093 4364 3267 4413 πᾶσαν
3317 4358 3415 4423 τὴν
3464 4359 3568 4434 γῆν
3637 4357 3820 4436 ἁγίους

429 4453 758 4516 Advocabit
780 4451 981 4528 igitur,
1007 4448 1222 4530 inquit,
1251 4448 1496 4526 angelos
1529 4449 1628 4529 qui
1659 4450 1719 4509 in
1738 4450 1902 4512 uelis
1924 4459 2079 4531 sunt,

2170 4448 2572 4525 μυσταγωγούς.
2609 4447 3033 4526 Προσκαλὲσεται
3096 4446 3294 4525 τοίνυν,
3354 4447 3508 4525 φησὶ,
3579 4447 3700 4509 τοὺς
3761 4446 3822 4502 ἐν

433 4549 491 4602 et
520 4560 622 4602 eos
647 4541 746 4620 qui
775 4541 834 4600 in
867 4548 1026 4601 terra
1059 4540 1130 4600 ad
1174 4540 1570 4619 apostolatum
1607 4538 1805 4600 allecti
1833 4548 1992 4619 sunt,
2025 4550 2079 4600 ut

2168 4537 2410 4610 οὐρανοῖς
2466 4535 2749 4615 ἀγγέλους,
2826 4538 2912 4592 καὶ
2969 4536 3092 4597 τοὺς
3170 4533 3570 4611 εξειλεγμένους
3630 4537 3685 4589 ὲν
3739 4539 3817 4610 γῇ

431 4628 777 4691 discernant
797 4628 1080 4708 populum
1103 4628 1312 4706 ipsius.
1352 4629 1504 4690 Nam
1540 4627 1791 4706 apostoli
1825 4646 1927 4688 eos
1959 4629 2079 4708 qui-

2167 4627 2656 4704 πρὸς-ἀποστολὴν,
2691 4627 2830 4684 ὥστε
2861 4630 2952 4683 τὸν
3009 4625 3139 4681 λαὸν
3197 4627 3353 4681 αὐτοῦ
3405 4623 3694 4703 διακρῖναι,
3753 4626 3818 4680 Οί

432 4718 568 4780 dem
603 4718 699 4797 qui
752 4719 1270 4797 obtemperarunt,
1307 4715 1429 4776 Deo
1479 4715 1773 4797 obtulere,
1810 4717 2079 4778 inﬁdeles

2167 4719 2266 4795 γὰρ
2317 4715 2604 4773 ἀπόστολοι
2659 4717 2779 4778 τοὺς
2855 4717 2951 4791 μὲν
3023 4713 3368 4787 πειθομένους
3437 4729 3820 4792 προστνεγκαν

431 4815 629 4868 autem
662 4803 895 4866 Satanas
933 4804 1342 4883 transmisere,
1367 4812 1588 4865 tantum
1618 4823 1738 4865 non
1770 4804 2076 4867 dicentes:

431 4893 759 4957 Abscedite
790 4894 970 4972 igitur
996 4894 1067 4955 ad
1105 4893 1298 4953 lucem
1333 4892 1487 4968 ignis
1518 4892 1715 4970 vestri,
1737 4901 1795 4954 et
1823 4897 1895 4956 ad
1920 4895 2083 4956 ﬂam-

435 5003 589 5047 mam
621 5001 737 5062 qua
767 4982 1060 5044 combusti
1095 4982 1260 5044 estis.
1303 4982 1525 5044 Judaeis
1559 4986 1754 5063 itaque
1781 5002 1899 5044 non
1943 5002 2079 5047 cre-

434 5071 714 5134 dentibus
746 5072 974 5133 aiunt5‘
1006 5090 1020 5134 :
1056 5070 1222 5134 Vobis
1265 5071 1576 5151 oportebat
1617 5075 1890 5152 primum
1915 5073 2083 5154 loqui

429 5161 653 5218 verbum
684 5161 776 5217 Dei
802 5180 821 5218 :
851 5161 943 5218 sed
970 5161 1231 5232 quoniam
1265 5161 1529 5231 repetiui:
1552 5161 1716 5225 illud,
1749 5171 1796 5216 et
1829 5162 2082 5236 indigno;

433 5261 520 5301 vos
538 5245 800 5317 judicati:
827 5253 1039 5302 aeterna:
1066 5245 1208 5310 vitai,
1243 5261 1358 5302 ecce
1385 5246 1751 5303 convertimur
1780 5247 1851 5301 ad
1878 5257 2076 5321 gentes.

435 5329 605 5403 Quod
665 5343 865 5392 autem
919 5331 1335 5412 mysteriorum
1392 5330 1910 5410 dispensatoribus
1984 5355 2080 5396 eo-

434 5435 694 5496 rumque
722 5421 1032 5502 discipulis
1051 5420 1244 5499 angeli
1263 5419 1917 5496 auxiliantur,declarat
1935 5425 2082 5488 Pau-

2163 4813 2240 4881 τῷ
2289 4813 2446 4879 Θεῷ,
2509 4805 2868 4869 ἀπιστοῦντας
2921 4803 2977 4859 δὲ
3034 4810 3111 4876 τῷ
3168 4808 3378 4874 Σατανᾷ
3436 4803 3817 4881 παρέπεμψαν,

2163 4897 2452 4974 μονονουχῖ
2482 4894 2750 4972 λέγοντες·
2824 4893 3112 4972 Πορεύεσθε
3167 4891 3280 4970 οὗν,
3335 4893 3488 4969 φησί,
3552 4898 3626 4964 τῷ
3684 4892 3822 4970 quiti

2162 4992 2254 5041 τοῦ
2295 4985 2457 5053 πυρὸς
2515 4986 2661 5058 ὑμῶν
2731 4986 2818 5040 καὶ
2877 4988 2945 5058 τῇ
2996 4979 3153 5060 φλογὶ
3206 4982 3242 5047 ἦ
3301 4976 3629 5044 ἑξεκαύσατε.
3688 4982 3821 5044 Τοῖς

2163 5071 2580 5151 γοῦνίουδαίοις
2613 5071 2896 5128 ἀπιστοῦσί
2947 5084 3126 5149 φασινο
3179 5066 3343 5142 ’Υμῒν
3402 5069 3468 5135 ἧν
3519 5068 3819 5145 ἀναγκαῖον

2163 5169 2370 5236 πρῶτον
2456 5159 2688 5228 λαλῆσαι
2775 5161 2864 5216 τὸν
2952 5158 3114 5234 λόγον
3192 5165 3282 5214 τοῦ
3367 5163 3497 5212 Θεοὸ
3531 5171 3544 5185 ⁶
3634 5153 3820 5222 ἕπειδὴ

2165 5249 2217 5306 δὲ
2286 5251 2584 5306 ἀπωθεῖσθε
2638 5251 2817 5323 αὐτὸν,
2909 5247 2998 5304 καὶ
3073 5243 3314 5310 ἀναξίους
3389 5245 3604 5309 ἑαυτοὺς
3697 5244 3820 5321 κρί-

2165 5362 2279 5397 νετε
2364 5344 2464 5407 τῆς
2519 5341 2728 5396 αἰωνίου
2796 5343 2938 5409 ζωῆς
2976 5383 2989 5410 ,
3063 5331 3171 5389 ἰδοὺ
3227 5333 3554 5412 στρεφόμεθα
3602 5336 3678 5399 εἰς
3742 5333 3818 5388 τᾶ

2166 5433 2312 5497 ἔθνη,
2376 5427 2509 5486 ’Ὅτι
2563 5427 2618 5484 δὲ
2689 5439 2812 5490 τοῦς
2873 5429 3280 5504 μυσταγωγοῦσι
3333 5423 3422 5478 καὶ
3480 5435 3598 5486 τοῖς
3646 5425 3823 5480 αὐτῶν

515 5575 570 5667 ⁴ξ⁵
598 5576 748 5667 Dan.
783 5580 1006 5667 vu_,‘10.
1093 5581 1143 5623 4⁷
1173 5581 1314 5642 Luc.
1351 5595 1455 5660 xu,
1490 5579 1591 5641 49.
1675 5576 1731 5621 ⁸⁸
1756 5581 2001 5650 Malach.
2057 5605 2073 5648 ι

2179 5586 2240 5664 2,
2297 5587 2355 5652 3.
2442 5587 2505 5637 49
2535 5589 2760 5652 Jerem.
2793 5603 2874 5664 v1,
2900 5585 3002 5667 28,
3032 5580 3133 5643 29.
3216 5576 3283 5632 ω
3309 5578 3472 5646 Psal.
3504 5595 3650 5662 uti,
3704 5580 3776 5642 Ii
3801 5628 3816 5644 .

431 5652 486 5700 ιι
517 5659 654 5720 Act.
677 5674 806 5736 nu,
839 5652 941 5725 4'6.

132 5765 1006 6092 [Χ
