4006 6204
519 341 635 409 235

1323 342 1382 408 S.
1431 342 1855 409 ATHANASII
1903 344 2068 407 OPP.
2115 343 2306 407 PARS
2353 339 2453 406 lli.
2502 380 2576 393 —
2628 339 3081 409 EXEGETICA.

3760 349 3868 414 236

494 479 1158 560 cepturum.Superﬂua
1184 480 1341 542 enim
1374 479 1522 541 mihi
1547 481 1748 542 omnia
1775 480 2107 553 sunt.Quan

2233 482 2330 560 γάρ
2362 504 2452 555 μοι
2501 483 2694 554 πᾴντα·
2759 480 2942 549 ἐπειδὴ
3001 483 3088 539 καὶ
3146 485 3211 540 τὰ
3268 483 3323 540 ἐν
3371 485 3556 564 ἀγροῖς
3615 488 3869 563 νεμόμενα

494 569 818 650 doquidem
854 576 912 630 et
941 588 1076 646 qua:
1126 569 1185 631 in
1238 570 1392 648 agris
1424 577 1748 650 pascuntur
1791 569 2136 644 animantia,

491 657 993 740 boves,jumenta,
1022 659 1295 720 volucres
1324 659 1552 734 cmli,et
1576 659 1954 739 pulchritudo
1987 659 2135 738 agri,

491 750 690 809 omnia
741 767 871 809 mea
921 757 1082 828 sunt,
1135 757 1190 808 et
1223 748 1434 810 horum
1497 747 1640 809 nihil
1697 765 1864 825 egeo.
1918 746 2140 819 Quodsi

489 837 728 917 quando
750 837 889 898 mihi
926 838 1250 898 necessilas
1272 836 1425 898 foret
1445 836 1860 906 alimenti,non
1894 837 1970 898 ita
2002 856 2138 916 ege-

490 928 740 1005 nus'ego
764 945 920 1005 sum,
958 933 1020 986 ut
1071 944 1104 985 a
1153 934 1209 986 te
1245 925 1382 987 talia
1435 926 1778 1004 postulem:
1835 927 1998 986 Meus
2051 935 2136 987 est

487 1017 648 1075 enim
680 1013 844 1075 orbis
871 1022 1056 1075 terra:
1084 1012 1160 1076 ⁵7.
1193 1012 1307 1074 Sed
1343 1031 1613 1093 quamam
1635 1021 1800 1093 grata
1821 1015 1964 1075 mihi
1997 1015 2136 1075 olfe-

488 1121 587 1164 res
618 1102 962 1166 sacriﬁcia?
1014 1103 1276 1179 laudem,
1331 1102 1652 1182 canticum,
1686 1103 1948 1163 divinum
2000 1121 2132 1165 ser-

492 1211 751 1253 monem.
791 1190 934 1254 Cum
968 1201 1168 1253 autem
1233 1192 1355 1252 haec
1415 1191 1781 1270 impleveris,
1821 1199 1940 1252 tum
1973 1211 2039 1252 ac
2091 1193 2139 1252 si

491 1281 684 1359 legem
720 1281 1036 1360 implesses
1089 1280 1374 1352 divinam,
1433 1280 1774 1341 mercedem
1833 1280 2134 1359 accipies;

489 1380 553 1432 ut
585 1389 716 1430 cum
753 1368 1593 1444 invocaveris,exaudiaris.Et
1620 1369 1930 1430 declarans
1959 1388 2136 1449 quem

489 1460 771 1538 populum
804 1457 1162 1538 alloquatur,
1197 1459 1394 1520 intulit
1434 1481 1447 1521 :
1484 1458 1702 1530 Israel,
1761 1466 1818 1519 et
1851 1459 2136 1537 testiﬁca-

493 1547 597 1608 bor
628 1547 759 1608 tibi.
793 1545 1014 1608 Exinde
1055 1566 1194 1608 vero
1248 1567 1420 1609 suum
1454 1547 1718 1608 ostendit
1747 1547 2086 1610 Domininm
2118 1570 2130 1606 :

487 1636 647 1698 Deus
679 1637 836 1698 Deus
863 1644 1004 1698 tuus
1033 1655 1139 1718 ego
1162 1655 1319 1712 sum,
1358 1638 1458 1716 qui
1493 1645 1546 1696 te
1580 1635 1918 1716 (Egyptiaca
1948 1655 2034 1697 se:
2055 1636 2133 1697 vi-

492 1733 615 1785 tute
643 1725 908 1804 liberavi,
944 1727 1045 1804 qui
1086 1744 1247 1787 mare
1301 1727 1358 1786 in
1412 1727 1563 1786 viam
1596 1724 1758 1798 dedi,
1792 1725 1892 1805 qui
1921 1726 1980 1786 in
2018 1727 2128 1786 de-

2222 575 2332 640 ζῶα
2360 571 2481 646 βόες
2541 572 2631 628 καὶ
2679 572 2876 645 κτήνη,
2933 573 3019 628 καὶ
3089 573 3158 640 τη
3211 575 3426 630 πετεινὰ
3485 582 3578 632 τοῦ
3634 581 3866 656 οὐρανοῦ,

2223 661 2372 727 καὶὴ
2405 661 2670 738 ὼραιότης
2701 662 2794 715 τοῦ
2824 659 3008 740 ἀγροῦ,
3059 663 3230 720 πάντα
3289 663 3394 738 ἐμὰ
3450 667 3733 744 τυγχάνει,
3789 673 3868 726 καὶ

2222 747 2470 813 ἀνενδεὴς
2501 751 2698 810 παντὸς
2729 749 2978 828 ὑπάρχω,
3019 752 3074 806 ΕΞ
3106 748 3160 806 δὲ
3190 753 3278 808 καὶ
3307 763 3475 832 χρεϊα
3505 777 3594 827 μοι
3657 754 3864 832 γένοιτό

2223 859 2352 893 ποτε
2397 843 2618 918 τροφῆς,
2667 838 2772 918 οὐχ
2803 838 2970 902 οὕτως
3001 838 3182 908 ἐνδεης
3214 840 3345 920 ἐγὼ,
3377 845 3448 907 ὡς
3481 845 3623 920 παρὰ
3654 851 3749 901 σοῦ
3806 848 3866 901 τὰ

2220 935 2433 983 τοιαῦτα
2497 930 2687 985 αἰτεῖν
2719 928 2865 1004 Ἐμὴ
2921 931 3020 1008 γάρ
3063 931 3203 987 ἐστιν
3262 935 3295 999 ἡ
3356 931 3662 1008 οἰκουμένη,
3714 936 3866 991 Τίνας

2219 1016 2273 1072 δέ
2315 1040 2403 1090 μοι
2436 1031 2727 1093 προσηνεῖς
2785 1019 2958 1082 θύσεις
3007 1023 3238 1094 θυαιας;
3298 1023 3395 1088 τὴν
3472 1021 3706 1100 αἴνεσιν,
3782 1022 3866 1077 τὸν

2219 1105 2402 1185 ὕμνον,
2437 1107 2536 1172 τὴν
2567 1106 2863 1184 θεολογίαν.
2903 1105 3123 1176 Ἐπειδὴ
3180 1107 3235 1164 δὲ
3297 1119 3460 1169 ταῦτα
3546 1110 3862 1190 πληρώσεις,

2225 1197 2283 1250 τὸ
2314 1203 2603 1261 τηνικαῦτα
2649 1198 2722 1259 ὡς
2756 1195 2816 1250 ἂν
2849 1197 3009 1270 νόμον
3068 1196 3359 1277 πληρώσας
3415 1203 3560 1256 θετον
3611 1199 3863 1257 ἀντίδοσιν

2223 1283 2376 1358 λήψῃ
2421 1285 2481 1340 τὸ
2553 1283 2977 1358 ἐπικαλούμενος
3034 1288 3458 1354 εἷσακουσθῆναι.
3517 1292 3613 1346 Καὶ
3667 1288 3864 1354 δεικνὺς

2224 1374 2357 1449 πρὸς
2389 1387 2550 1430 ποῖον
2581 1373 2712 1430 λαὸν
2754 1372 3077 1452 διαλέγεται,
3126 1375 3422 1454 ἐπήγαγεν·
3489 1379 3728 1457 Ἰσραὴλ,
3783 1382 3863 1434 καὶ

2223 1461 2646 1541 διαμαρτύρομαί
2717 1485 2800 1520 σοι
2840 1506 2852 1520 .
2945 1469 3079 1521 Εἶτα
3179 1467 3279 1532 τὴν
3372 1468 3566 1524 οἰκείαν
3641 1466 3862 1524 δείκνυσι

2220 1547 2551 1607 δεσποτείαν
2613 1551 2673 1610 Ὀ
2737 1555 2866 1614 Θεὸς
2925 1555 2951 1608 6
3008 1554 3136 1616 Θεός
3197 1553 3288 1610 σού
3347 1559 3452 1628 εἶμι
3522 1557 3655 1634 ἐγὼ,
3692 1560 3719 1612 6
3767 1563 3862 1624 τῆς

2219 1639 2588 1717 Αἰγυπτιακῆς
2619 1663 2677 1696 σε
2710 1639 2958 1705 δουλείας·
2982 1640 3356 1722 ἐλευθερώσας,
3418 1647 3445 1700 6
3501 1645 3599 1712 τὴν
3662 1643 3860 1701 θάλατ-

2215 1751 2310 1784 ταν
2341 1730 2459 1786 ὁδὸν
2488 1729 2895 1809 δωρησάμενος,
2929 1734 2955 1786 6
2999 1735 3053 1786 ἓν
3085 1731 3271 1810 ἐρήμῳ
3320 1731 3622 1812 διαθρέψας,
3684 1737 3711 1790 6
3773 1737 3863 1790 τὸν

489 1823 647 1875 serto
669 1814 947 1894 enutrivi,
981 1816 1080 1894 qui
1104 1834 1234 1876 eam
1267 1815 1376 1878 tibi
1410 1815 1602 1893 legem
1634 1814 1793 1874 dedi.
1856 1817 1998 1876 Nam
2055 1833 2116 1876 ne

2213 1820 2374 1891 νόμον
2433 1819 2640 1876 ἐκεῖνόν
2699 1843 2779 1876 σοι
2855 1818 3119 1885 δεδωκώς.
3194 1823 3282 1889 Μὴ
3338 1824 3436 1900 γὰρ
3485 1822 3549 1889 δὴ
3580 1823 3743 1880 ἄλλον
3798 1846 3861 1898 με

490 1904 672 1964 alium
700 1922 793 1966 me
825 1905 1218 1983 legislaturem
1269 1903 1722 1977 existimaveris,
1751 1921 2006 1965 cernens
2036 1905 2125 1965 le-

487 2012 561 2073 gu
574 2013 624 2055 m
650 1994 1076 2056 diversitatem.

572 2084 764 2163 [Deus
800 2083 958 2144 Deus
988 2091 1147 2146 tuus.
1186 2082 1248 2147 ld
1295 2092 1406 2162 est,
1461 2084 1558 2163 qui
1595 2101 1804 2161 magna
1847 2083 2132 2144 miracula

486 2172 560 2235 ab
581 2174 748 2235 initio
783 2191 968 2252 usque
1000 2173 1072 2234 ad
1098 2175 1211 2236 hoc
1241 2181 1476 2253 tempus
1505 2175 1710 2251 generi
1736 2181 1938 2235 vestro
1969 2172 2131 2233 exhi-

488 2263 663 2340 buit.]

567 2358 600 2413 8
651 2351 789 2414 Non
821 2353 889 2414 in
941 2351 1266 2429 sacriﬁciis
1301 2352 1420 2412 tuis
1451 2369 1716 2426 arguam
1759 2358 1834 2413 te.
1888 2351 2126 2432 Nequa-

486 2447 662 2518 quam
715 2448 770 2502 te
819 2439 1195 2519 negligentiae
1225 2439 1285 2499 in
1331 2441 1659 2501 cderendis
1691 2440 2001 2501 sacrificiis
2025 2459 2124 2501 ar-

485 2549 596 2608 guo
636 2550 647 2590 :
681 2529 781 2590 illa
812 2548 1066 2609 namque
1097 2529 1274 2590 offers
1300 2529 1581 2604 assidue;
1610 2529 1714 2591 sed
1751 2530 2024 2609 pracipio
2050 2549 2123 2590 ne

486 2618 652 2680 hisce
674 2618 962 2699 justitiam
988 2616 1469 2679 circumscribas.

571 2709 662 2772 16.
725 2709 1043 2769 Peccatori
1095 2713 1298 2768 autem
1355 2708 1512 2768 dixit
1565 2706 1771 2769 Deus:
1809 2707 2003 2782 Quare
2059 2715 2120 2770 tu

481 2815 735 2860 enarras
756 2798 1029 2876 justitias
1061 2813 1220 2857 meas
1236 2801 1263 2856 ?
1283 2793 1662 2856 Peccatorem
1686 2795 1796 2856 hoc
1831 2796 1961 2856 loco
1987 2816 2123 2876 pro-

486 2888 875 2967 mulgatorem
940 2885 1274 2946 divinarum
1331 2883 1770 2964 Scripturarum
1823 2884 1989 2946 dicit.
2027 2884 2123 2947 Si-

488 2977 626 3040 mile
651 2985 844 3037 autem
881 2983 969 3036 est
1007 2976 1146 3036 huic
1167 2974 1322 3035 dicto
1350 2997 1361 3030 :
1399 2973 1536 3036 Non
1565 2978 1832 3055 specioso
1874 2977 2007 3035 laus
2037 2985 2124 3036 est

487 3070 552 3130 in
583 3084 685 3129 ore
711 3067 1047 3147 peccatoris
1077 3063 1151 3127 ⁵⁸.
1188 3061 1250 3126 Si
1301 3081 1558 3144 namque
1599 3064 1796 3125 omnia
1831 3074 2124 3144 praecepta

480 3155 935 3236 transgreditur,
985 3163 1042 3216 et
1094 3153 1259 3214 omni
1291 3152 1532 3213 malitiae
1562 3153 1782 3232 studet,
1815 3161 1872 3214 et
1923 3153 2124 3231 lingua

474 3215 935 3318 utiturodolosa:
976 3263 1082 3304 cur
1136 3251 1339 3323 postea
1383 3241 1614 3303 divinas
1676 3215 1902 3302 litteras
1931 3242 1989 3302 in
2009 3215 2183 3304 prec

470 3334 649 3397 habet
679 3333 710 3394 εν

548 3427 647 3485 21.
685 3423 1074 3486 Existimasti
1105 3422 1337 3500 inique,
1375 3420 1541 3501 quod
1571 3436 1679 3482 ero
1735 3424 1828 3480 tui
1870 3422 2111 3482 similis.

470 3515 627 3579 Olim
660 3513 1038 3594 quidem,ait,
1073 3511 1172 3572 diu
1205 3510 1473 3582 toleravi,
1509 3509 1612 3570 sed
1648 3527 1765 3570 non
1793 3509 1916 3587 jam
1953 3509 2010 3568 id
2041 3510 2117 3570 l'a-

468 3605 618 3666 ciam
660 3625 674 3664 :
713 3605 769 3663 in
805 3602 1066 3664 medium
1102 3606 1258 3662 enim
1296 3600 1379 3660 tui
1430 3599 1720 3678 arguendi
1753 3617 1930 3660 causa
1959 3596 2108 3660 alie;

466 3713 589 3755 ram
625 3701 867 3774 peccata
897 3699 1017 3765 tua,
1053 3709 1186 3767 quae
1219 3699 1279 3750 tu
1312 3689 1555 3768 quidem
1582 3687 1964 3749 existimabas
1992 3706 2108 3748 non

467 3783 624 3843 ultra
656 3781 966 3854 exsistere,
1018 3797 1211 3859 neque
1270 3781 1328 3838 in
1385 3777 1720 3855 cujuspiam
1757 3777 2107 3836 memoriam

464 3881 713 3932 ventura
745 3888 897 3930 esse.
940 3869 1060 3946 Ego
1116 3885 1255 3929 vero
1319 3876 1522 3946 utpote
1573 3865 1728 3928 Deus
1786 3866 1858 3925 ad
1915 3865 2108 3927 lucem

465 3960 790 4040 producam
827 3958 944 4032 illa,
981 3966 1156 4037 atque
1205 3963 1579 4036 apponentur
1631 3954 1690 4014 in
1723 3964 2108 4034 conspectum

462 4057 654 4109 tuum.
689 4049 893 4126 Neque
924 4045 1289 4106 nbsconda'm
1315 4043 1817 4124 quemadmodum
1845 4051 1903 4104 tu
1937 4044 2105 4124 facis,

461 4159 571 4201 nec
601 4139 815 4201 similis
846 4141 930 4199 tui
961 4156 1079 4198 ero.
1123 4136 1451 4198 Prodncam
1482 4135 1624 4194 item
1659 4134 1784 4214 illa,
1821 4144 1881 4196 ut
1913 4135 2103 4214 palam

457 4229 683 4291 faciens
714 4228 943 4308 pudore
969 4237 1024 4287 te
1055 4227 1332 4287 amciam.
1366 4226 1637 4302 Arguam
1672 4232 1809 4297 te,et
1827 4232 2096 4286 statuam

457 4329 678 4382 contra
709 4320 934 4396 [aciem
969 4325 1128 4377 tuum
1157 4321 1402 4396 peccata
1433 4323 1563 4375 tua.

534 4410 632 4470 ΘΞ.
648 4407 977 4486 Intelligite
998 4407 1262 4485 hccc,qui
1283 4405 1716 4466 obliviscimini
1741 4405 1951 4464 Deum.
1986 4403 2093 4466 Ut-

456 4508 590 4579 pote
620 4497 908 4570 clemens,
946 4504 1074 4576 post
1106 4493 1581 4572 increpationein
1616 4492 2090 4553 adhortationem

2218 1907 2514 1981 νομοθέτην
2573 1911 2843 1988 νομίσῃς,
2919 1915 3026 1964 τῶν
3112 1910 3290 1984 νόμων
3362 1913 3495 1988 ὁρῶν
3595 1914 3654 1969 τὸ
3738 1911 3857 1968 διά-

2215 2017 2397 2075 φορον,

2296 2085 2378 2162 1³0
2412 2087 2542 2151 Θεὸς
2574 2089 2601 2142 6
2634 2089 2762 2152 Θεός
2819 2110 2934 2145 σου.
3003 2088 3304 2167 Τουτέστιν,
3369 2091 3396 2144 'o
3463 2089 3674 2168 μεγάλα
3725 2094 3859 2146 θαυ-

2214 2175 2382 2248 μάσια
2413 2174 2651 2252 ἀρχῆθεν
2699 2175 2862 2256 μέχρι
2903 2176 2991 2232 τοῦ
3020 2183 3106 2232 νῦν
3147 2183 3223 2250 τῷ
3296 2175 3436 2253 γένει
3489 2180 3636 2254 ὑμῶν
3689 2178 3859 2236 ένδειο

2209 2261 2489 2342 ﬁnitimam]

2294 2353 2401 2410 Οὒκ
2449 2353 2534 2410 ἐπὶ
2585 2367 2708 2417 ταῐς
2789 2357 2986 2418 θυσίαις
3080 2379 3172 2413 σου
3256 2357 3451 2435 ἐλέγξω
3538 2379 3594 2413 σε
3647 2404 3663 2419 .
3753 2360 3862 2416 Ούκ

2213 2441 2464 2516 ἆμέλειάν
2495 2465 2603 2522 σοι,
2637 2449 2822 2522 φησιν,
2876 2444 3087 2522 ἐγκαλῶ
3115 2449 3327 2502 θυσιῶν·
3391 2447 3698 2526 προσφέρεις
3757 2451 3859 2526 γὰρ

2212 2533 2402 2594 ταύτας
2463 2529 2723 2598 διηνεκῶς
2761 2553 2773 2568 ο
2831 2531 2969 2589 ἀλλὰ
3022 2535 3100 2610 μὴ
3167 2536 3382 2598 ταύταις
3437 2537 3704 2613 ὁρίσασθαι
3757 2538 3861 2604 τὴν

2209 2617 2547 2686 δικαιοσόνην
2589 2624 2899 2700 παρεγγυὼ.

2287 2716 2373 2782 Τῷ
2442 2707 2488 2764 δὲ
2569 2709 2870 2789 ἆμαρτωλῷ
2938 2715 3091 2768 εἶπεν
3147 2715 3174 2768 6
3238 2713 3366 2777 Θεός
3400 2729 3414 2742 ⁹
3499 2713 3626 2771 ’Ἵνα
3671 2719 3718 2769 τί
3797 2717 3858 2770 σὺ

2207 2796 2433 2876 ἑκδιηγῇ
2491 2799 2555 2854 τὰ
2607 2797 2942 2871 δικαιώματά
2990 2823 3147 2876 μους
3228 2801 3576 2880 Ἀμαρτωλὸν
3633 2803 3859 2861 ἐνταῦθα

2210 2890 2300 2942 τὸν
2331 2889 2622 2963 νομοθέτην
2647 2893 2754 2944 τῶν
2797 2889 2949 2944 θείων
3003 2893 3222 2970 Γραῳιῖη
3254 2913 3439 2970 φησιν.
3503 2891 3742 2968 ’Ὅμοιον
3801 2893 3858 2949 δί

2210 2983 2286 3049 τῷ
2330 2977 2612 3053 εἰρημένῳ·
2677 2979 2791 3058 Οὐχ
2851 2980 3052 3058 ὡραῖος
3116 2980 3269 3044 αἶνος
3301 2979 3355 3035 έν
3385 2982 3616 3054 στόματι
3675 2983 3854 3061 ἆμαρ-

2208 3064 2404 3127 τωλοῦ.
2455 3068 2511 3122 Εἰ
2571 3069 2669 3144 γὰρ
2729 3068 2900 3127 πάσας
2974 3066 3284 3146 παραϐαίνει
3333 3069 3424 3135 τὰς
3483 3069 3698 3136 ἐντολὰς
3769 3075 3858 3129 καὶ

2208 3159 2383 3209 πᾶσαν
2430 3154 2728 3222 ἐπιτηδεύει
2772 3158 2982 3236 κακίαν,
3046 3159 3134 3214 καὶ
3193 3156 3369 3214 δολίαν
3427 3158 3707 3216 ἀποδίδωσι
3753 3165 3856 3228 τὴν

2206 3242 2478 3320 γλῶσσαν·
2549 3247 2599 3300 τί
2685 3247 2770 3302 καὶ
2831 3247 2923 3310 τὰς
2985 3247 3126 3308 θείας
3198 3246 3284 3304 ἐπὶ
3362 3249 3623 3324 στόματος
3705 3251 3858 3329 φέρει

2206 3335 2414 3412 Γραφξίς
2447 3351 2462 3406 ;

2285 3419 2574 3480 ’Υπέλαϐες
2661 3421 2890 3495 ἀνομίαν
2921 3469 2942 3504 ,
3003 3422 3083 3480 ὅτι
3161 3424 3385 3506 ἔσομαί.
3453 3448 3538 3483 σοι
3617 3427 3803 3500 ὅμοιος
3840 3478 3855 3490 ,

2204 3510 2375 3568 Πάλαι
2409 3512 2528 3587 μὲν,
2578 3513 2761 3591 φησὶν,
2808 3512 3251 3596 ἔμακροθύμησα,
3306 3514 3431 3572 ἀλλ’
3464 3518 3522 3573 οὗ
3551 3519 3631 3572 νῦν
3692 3519 3856 3576 τοῦτο

2197 3604 2430 3671 ποιήσω’
2494 3604 2822 3680 παραστήσω
2852 3603 2952 3680 γὰρ
3002 3605 3079 3668 είς
3132 3606 3222 3661 τὸν
3272 3606 3412 3662 κατὰ
3469 3613 3564 3662 σοῦ
3617 3605 3852 3688 ἔλεγχον

2194 3692 2260 3746 τὰ
2292 3692 2358 3746 σὰ
2389 3692 2772 3768 ἁμαρτήματα,
2821 3692 2858 3747 ἅ
2909 3691 2974 3760 δὴ
3037 3698 3098 3748 σὺ
3163 3693 3260 3768 μὲν
3320 3692 3580 3756 ὑπέλαϐες
3651 3697 3853 3770 μηκέτι

2193 3780 2504 3859 ὑφεστάναι,
2539 3777 2675 3855 μηδὲ
2707 3782 2779 3842 εἷς
2826 3783 3048 3856 μνήμην
3082 3781 3228 3849 ἥξειν
3278 3783 3448 3846 τινός·
3518 3783 3624 3860 ἐγὼ
3671 3783 3725 3840 δὲ
3771 3788 3849 3850 ὡς

2196 3871 2326 3931 Θεὸς
2384 3870 2457 3931 εἰς
2517 3872 2633 3946 φὼς
2685 3867 2944 3947 παράξω,
3004 3872 3092 3927 καὶ
3145 3873 3557 3950 προτεθήσονται
3615 3872 3850 3930 ἐνώπιόν

2195 3979 2310 4015 σου.
2347 3958 2407 4013 οὗ
2467 3957 2716 4034 κρύπτων
2777 3957 2958 4037 ὥσπερ
3016 3959 3101 4039 σὺ,
3163 3961 3250 4016 καὶ
3311 3960 3661 4035 ὡμοιωμένος
3729 3983 3842 4025 σοι,

2194 4046 2416 4125 Παράξω
2445 4046 2500 4103 δὲ
2535 4047 2692 4126 αὗτὰ,
2721 4045 2867 4110 ὅπως
2925 4048 3057 4104 αὐτὰ
3087 4051 3175 4104 καὶ
3232 4050 3500 4126 γνωρίζων
3575 4051 3845 4130 αἰσχύνην

2189 4135 2468 4216 καταχέω.
2525 4134 2758 4213 Ἐλὲγξω
2785 4157 2870 4210 σε,
2929 4138 3018 4192 καὶ
3091 4139 3420 4216 παραστήσω
3477 4140 3612 4196 κατὰ
3667 4144 3844 4209 πρόσ-

2187 4229 2332 4280 ωπόν
2365 4247 2458 4282 σου
2483 4226 2575 4288 τὰς
2609 4225 2865 4304 ἁμαρτίας
2909 4247 3026 4289 σου,

2260 4405 2450 4460 Σύνετε
2500 4402 2565 4470 δὴ
2617 4409 2804 4483 ταῦτα,
2863 4407 2905 4458 ο⁵
2967 4403 3443 4481 ἐπιλανθανόμενοι
3500 4415 3594 4463 τοῦ
3653 4416 3812 4470 Θεοῦ.

2181 4492 2273 4554 Ὠς
2331 4492 2699 4572 φιλάνθρωπος
2792 4494 2928 4567 μετὰ
2981 4494 3072 4548 τὸν
3133 4492 3363 4574 ἔλεγχον
3433 4494 3674 4575 ¹ἐπιφέρει
3742 4519 3814 4554 κα

451 4575 832 4667 adjicit,dans
857 4575 1819 4666 paenitentia:locum.lntelligite,
1852 4600 1944 4641 me
1976 4600 2093 4642 non

2211 4584 2510 4660 rapaivectv,
2557 4583 2838 4656 μετανοίας
2868 4582 3030 4639 τόπον
3085 4581 3276 4648 διδούς.
3338 4585 3550 4663 Σύνετε,
3615 4585 3692 4642 ὅτι
3750 4589 3834 4661 μὴ

453 4676 587 4738 ideo
622 4677 824 4737 tandiu
863 4675 1124 4736 tolerare
1172 4672 1328 4752 quod
1382 4674 1456 4733 de
1487 4670 1857 4732 facinoribus
1885 4679 2096 4731 vestris

451 4764 876 4845 gaudeam,sed
904 4772 965 4823 ut
997 4762 1130 4822 dem
1169 4761 1533 4842 poenitentia:
1564 4760 1783 4822 locum.
1820 4759 2096 4841 Alioquin

451 4855 786 4935 abripitnos
802 4853 1190 4930 iniquus,sive
1209 4848 2092 4929 iniquitas,uemineliberante.

452 4944 656 5024 Eripio
685 4943 846 5005 enim
881 4960 984 5002 eos
1019 4941 1140 5021 qui
1189 4939 1531 5016 intelligunt
1561 4948 1618 5000 et
1655 4957 1688 4999 a
1721 4938 1891 5000 malis
1931 4938 2096 4999 desio

450 5043 639 5113 stunt,
674 5042 845 5112 atque
878 5031 1082 5092 dicunt
1109 5051 1120 5091 :
1160 5028 1393 5105 Iniuste
1423 5029 1682 5108 egimus,
1710 5029 2096 5108 iniquitatem

447 5121 910 5200 fecimus,impie
941 5125 1170 5199 egimus
1192 5116 1263 5179 59.
1299 5120 1450 5180 Nam
1480 5116 1582 5196 qui
1605 5115 1801 5177 adhuc
1835 5119 1895 5176 in
1930 5116 2097 5176 malis

449 5219 715 5272 versatur
742 5209 1016 5271 conﬁteri
1052 5226 1166 5268 non
1202 5205 1518 5287 potesLNe
1540 5205 1785 5284 quando
1814 5206 2017 5283 rapiat
2039 5212 2096 5266 et

447 5303 567 5362 non
591 5301 674 5362 sit
694 5301 797 5378 qui
817 5296 1159 5379 eripiat.Ne
1183 5294 1902 5377 quando,inquit,auferat
1925 5312 2084 5355 mors

442 5391 729 5461 animam,
759 5388 1169 5470 paenitentiam
1217 5385 1414 5464 agite;
1467 5401 1644 5445 nemo
1677 5386 1834 5447 enim
1871 5393 1960 5444 est
1984 5384 2081 5464 qui

443 5479 657 5560 eripiat
686 5497 790 5541 eos
818 5478 918 5560 qui
953 5486 1192 5559 propter
1211 5482 1456 5554 peccata
1479 5473 1538 5534 in
1561 5472 1797 5534 inferno
1811 5473 2082 5535 conclusi

519 5642 568 5683 ⁵⁷
598 5659 749 5703 vers.
789 5639 885 5713 12.
972 5642 1026 5684 δεῖ
1063 5635 1244 5702 Eccli.
1282 5653 1377 5711 xv,
1403 5635 1464 5694 9.
1560 5632 1612 5676 5°
1642 5632 1691 5695 ll
1720 5635 1910 5695 Paral.
1950 5652 2026 5716 vi,
2056 5593 2162 5698 .37.

2182 4673 2386 4750 χαίρων
2427 4685 2546 4733 τοῖς
2575 4669 2660 4750 ὐφ’
2693 4672 2843 4745 ὑμῶν
2875 4671 3184 4749 γενομένοις
3236 4676 3582 4750 μακροθυμιῖ»⁸
3640 4678 3830 4755 καιρὸν

2179 4759 2231 4815 δὲ
2267 4761 2546 4836 μετανοίας
2591 4758 2783 4824 διδούς.
2818 4761 2874 4816 Εἰ
2904 4759 2958 4815 δὲ
3005 4761 3365 4840 μὴ,“ἆρπάζει
3407 4761 3550 4837 ἡμᾶς
3613 4766 3640 4818 6
3699 4763 3831 4821 ἄνο-

2182 4871 2282 4920 μος
2319 4897 2335 4929 ,
2396 4848 2556 4928 ἤγουν
2613 4850 2649 4915 ³η
2719 4849 2914 4923 ἀνομία
2945 4896 2961 4922 ,
3017 4848 3244 4924 μηδενὸς
3310 4853 3453 4927 ἡμᾶς
3521 4853 3776 4928 ῥυομένου
3815 4903 3830 4917 ,

2185 4936 2402 5012 Ῥύομαι
2432 4939 2530 5018 γὰρ
2565 4939 2684 5001 τοὺς
2726 4945 2973 5001 νοοῦντας
3032 4941 3086 4994 οἱ
3147 4945 3326 4996 κακῶν
3372 4941 3494 5021 είσι,
3550 4943 3638 4998 καὶ
3685 4965 3828 4999 παυ-

2186 5027 2442 5100 σαμένοος
2499 5028 2585 5083 καὶ
2642 5025 2915 5104 λέγοντας.
2986 5023 3406 5108 Ἠνομήσομεν,
3465 5027 3827 5107 ἠδικήσαμεν,

2181 5114 2522 5190 ἠσεϐήσαμεν
2557 5165 2570 5178 ,
2647 5115 2718 5172 Οὐ
2796 5115 2897 5194 γὰρ
2981 5113 3124 5172 ἔστιν
3210 5116 3649 5198 ἐξομολογεῖσθαι
3733 5123 3828 5177 τὸν

2179 5205 2254 5262 ἔτι
2290 5209 2350 5262 τὸ
2381 5208 2546 5262 κακὸν
2577 5205 2907 5284 ἐνεργοῦντα,
2959 5206 3046 5272 Μή
3103 5227 3231 5264 ποτε
3289 5208 3531 5290 ἁρπάσῃ,
3587 5211 3678 5266 καὶ
3749 5213 3828 5286 μὴ

2176 5295 2567 5374 ᾒὸρυόμενοξ,
2624 5297 2711 5364 Μή
2785 5313 2939 5372 ποτε,
3002 5297 3184 5373 φησίν,
3239 5295 3504 5365 ἀπέληται
3561 5298 3660 5366 τὴν
3719 5304 3827 5374 ψυ.

2176 5387 2285 5466 χὴν
2330 5391 2357 5442 6
2387 5388 2633 5460 θάνατος,
2669 5385 3056 5462 μετανοήσατε·
3091 5384 3188 5443 οὐκ
3221 5385 3330 5444 ἔστι
3377 5388 3478 5466 γὰρ
3525 5390 3563 5443 6
3619 5387 3822 5466 ῥυόμε-

2176 5497 2261 5540 νος
2311 5476 2434 5538 τοὺς
2493 5476 2546 5532 ὲν
2605 5473 2728 5549 ᾅδου
2799 5470 3257 5550 κατειλημμένους
3314 5489 3440 5541 ταῖς
3494 5478 3804 5557 ἁμαρτίαις,
