4006 6204
494 302 608 366 243

492 526 817 587 humanum
839 544 1026 605 genus
1048 544 1226 587 omne
1258 526 1535 589 refertur.
1562 525 1848 589 Laetitiam
1884 530 2129 608 quidem

490 615 786 687 salutaris,
820 615 1138 677 adventum
1193 615 1430 677 Domini
1476 624 1663 695 vocat,
1707 616 1873 695 juxta
1924 619 2068 680 illud
2101 638 2133 679 a

492 701 786 784 Symeone
816 703 1035 765 dictum
1066 704 1121 747 ⁸³
1153 726 1166 766 :
1202 706 1365 781 Quia
1394 704 1681 766 viderunt
1708 705 1870 767 oculi
1893 710 2011 768 mei
2042 728 2135 768 sa—

492 792 689 855 (utare
709 800 902 854 tuum.
939 791 1123 874 Rogat
1152 802 1348 856 autem
1386 802 1449 853 ut
1479 793 1642 856 illius
1667 795 1968 873 particeps
1996 798 2131 859 elﬁ-
2158 857 2167 865 ,

490 882 702 944 ciatur.
735 884 815 943 Et
836 884 1061 961 spiritu
1109 882 1447 964 prmcipali
1478 883 1769 963 conﬁrma
1793 902 1903 946 me.
1944 886 2131 959 Quem

488 980 718 1033 rectum
761 970 1036 1050 superius
1089 973 1317 1034 vocavit
1368 971 1667 1052 spiritum,
1703 973 1801 1034 hic
1833 975 2131 1057 principa-

488 1058 606 1119 lem
644 1069 834 1122 vocat.

576 1150 669 1210 l5.
698 1148 933 1213 Docebo
956 1153 1197 1231 iniquos
1213 1153 1343 1213 vias
1366 1153 1877 1232 tuas.Postquam,
1911 1152 2125 1235 inquit,

489 1257 585 1300 me
613 1257 647 1300 a
677 1248 921 1319 peccato
969 1240 1339 1316 liberaveris,
1403 1241 1597 1301 statim
1632 1240 1779 1303 mihi
1828 1244 2127 1304 concedas

486 1328 771 1406 Spiritum
807 1337 1075 1391 sanctum
1111 1336 1304 1389 tuum.
1335 1328 1503 1390 Tunc
1542 1339 1740 1391 autem
1771 1333 2122 1410 praevarica-

486 1426 649 1479 tores
667 1418 900 1479 docebo
932 1418 1214 1481 incedere
1246 1421 1369 1481 vias
1397 1428 1549 1481 tu’as.

569 1508 667 1571 16.
701 1507 922 1569 Libera
958 1526 1052 1569 me
1078 1511 1153 1570 de
1177 1511 1603 1589 sanguinibus,
1645 1510 1800 1571 Deus
1848 1509 2005 1572 Deus
2023 1530 2125 1573 sa-

489 1600 634 1659 lutis
658 1616 826 1659 meat.
860 1596 1117 1659 Rursum
1180 1617 1286 1679 pro
1331 1598 1494 1661 caede
1539 1599 1697 1663 Uria).
1732 1601 2127 1680 supplicatio-

487 1704 621 1748 nem
653 1687 849 1766 aii‘ert,
883 1695 942 1747 ut
988 1686 1184 1768 aliquo
1218 1688 1391 1750 modo
1439 1706 1507 1749 ex
1535 1689 1665 1768 ejus
1691 1690 2020 1768 pollutione
2051 1690 2126 1753 li-

1307 306 1366 367 S.
1416 305 1832 366 ATHANASII
1876 307 2037 367 OPP.
2090 308 2280 369 PARS
2322 306 2403 370 III
2476 344 2550 355 -——
2600 303 3048 372 EXEGETICA.

581 439 672 499 14.
707 436 921 500 Redde
948 439 1100 499 mihi
1133 440 1412 500 lmtitiam
1431 438 1732 500 salutaris
1763 441 1876 500 tui.
1904 437 2030 503 Hoc
2060 443 2129 501 ad
2157 454 2194 499 Α

3732 305 3852 367 944

2301 443 2531 508 Ἀπόδος
2578 467 2667 520 μοι
2724 445 2823 511 τὴν
2878 440 3194 520 ἀγαλλίασιν
3250 450 3343 500 τοῦ
3392 443 3652 519 σωτηρίου
3719 464 3837 499 σου.

2220 534 2305 597 Εἰς
2336 534 2477 590 ἅπαν
2514 536 2575 590 τὸ
2617 537 2720 588 τῶν
2752 531 3038 606 ἀνθρώπων
3081 531 3233 607 γένος
3265 532 3597 611 ἀνα-ρέοεται.
3645 530 3849 606 Ἀγαλ-

2216 618 2386 678 λίασιν
2418 624 2515 694 μὲν
2564 622 2826 700 σωτηρίου
2871 621 2970 687 τὴν
3028 621 3312 695 παρουσίαν
3361 628 3452 677 τοῦ
3506 621 3690 697 Κυρίου
3738 643 3849 696 φη-

2217 712 2289 789 σὶ,
2323 714 2459 767 κατά
2489 714 2548 768 τὸ
2599 711 2875 789 εἰρημένον
2937 712 3035 766 ὕπὸ
3084 712 3176 765 τοῦ
3219 710 3436 772 Συμεών
3471 727 3485 741 ·
3541 708 3679 767 ’Ὅτι
3712 708 3852 766 εἶδον

2217 803 2263 855 οἱ
2322 799 2586 879 ὀφθαλμοί
2642 821 2746 875 μου
2821 800 2881 855 τὸ
2965 800 3228 875 σωτήριόν
3302 821 3396 854 σου
3430 817 3443 830 '
3524 799 3737 877 εύγεται
3796 797 3851 854 δὲ

2215 891 2303 944 καὶ
2356 889 2509 951 αὐτὸς
2535 891 2693 945 αὐτοῦ
2746 885 3095 962 μεταλαϐεῖν.
3175 889 3270 946 Καὶ
3326 889 3585 962 πνεύματι
3643 890 3851 965 ἡγεμο-

2216 983 2347 1049 νικῷ
2403 978 2646 1055 στήριξόν
2696 999 2785 1051 με.
2864 974 3049 1054 ’Ὅπερ
3121 980 3273 1033 εἷπεν
3341 977 3588 1054 ἀνωτέρω
3647 977 3853 1050 πνεῦμα

2216 1066 2384 1140 εύθὲς,
2412 1067 2630 1124 ἐνταῦθα
2659 1068 2983 1145 ἡγεμονικὸν
3012 1066 3195 1129 καλεῖ,

2296 1155 2517 1230 Διδᾶξω,
2578 1156 2809 1230 ἀνόμους
2902 1156 2995 1217 τάξ
3072 1153 3219 1212 ὁδούς
3299 1178 3414 1218 σου,
3475 1154 3692 1222 Ἐπειδὴ
3761 1156 3847 1221 ἂν,

2211 1248 2362 1323 φησὶ,
2394 1245 2683 1322 ῥυσάμενός
2729 1266 2794 1320 με
2853 1248 2949 1312 τῆς
3010 1244 3292 1324 ἁμαρτίας,
3341 1247 3483 1307 αὖθις
3533 1243 3727 1317 ἰπιδῷς
3775 1266 3842 1311 με

2210 1336 2271 1389 τὸ
2302 1337 2394 1390 σὸν
2424 1335 2574 1411 ἅγιον
2623 1341 2857 1408 Πνεῦμα.
2886 1340 3016 1391 Τότε
3065 1332 3129 1400 δὴ
3174 1332 3332 1389 πάλιν
3391 1335 3485 1396 τὰς
3545 1335 3640 1395 σάς
3699 1334 3843 1395 ὀδοὺς

2210 1421 2440 1497 βαδίζειν
2462 1421 2649 1489 διδάξω
2679 1424 2797 1482 τοὺς
2830 1420 3272 1501 παραϐαίνοντας.

2293 1514 2469 1570 Ῥῦσαί
2554 1535 2620 1588 με
2705 1512 2757 1578 ἐξ
2837 1513 3099 1586 αἱμάτων,
3161 1517 3188 1569 δ
3261 1516 3389 1576 Θεὸς
3446 1518 3473 1570 ὁ
3550 1517 3679 1577 Θεὸς
3748 1521 3847 1579 τῆς

2216 1605 2481 1681 σωτηρίας
2541 1626 2664 1672 μου,
2721 1601 2886 1658 Πάλιν
2942 1605 3213 1679 ἱκετηρίαν
3262 1603 3393 1683 ὑπὲρ
3450 1613 3540 1661 to":
3582 1612 3673 1661 τοῦ
3744 1608 3853 1662 Οὐ-

2213 1694 2322 1770 ρίου
2383 1693 2543 1771 φόνου
2589 1695 2809 1765 τίθεται,
2870 1693 3016 1756 ὅπως
3076 1692 3138 1747 ἃν
3182 1694 3390 1769 ῥυσθείη
3448 1704 3541 1751 τοῦ
3596 1693 3647 1757 ἐξ
3702 1696 3859 1749 αύτοῦ

484 1776 728 1838 beretur
760 1797 772 1832 :
809 1779 896 1836 vel
935 1766 1153 1857 potius,
1179 1777 1252 1840 de
1280 1766 1707 1865 sanguini—bus.
1744 1779 1802 1839 id
1829 1786 1919 1841 est
1948 1780 2025 1841 de
2042 1799 2124 1841 sa-

2228 1790 2473 1856 ιιασμοῦ,
2533 1782 2568 1849 ἢ
2627 1783 2854 1859 μᾶλλον,
2910 1782 2961 1847 ἐξ
3014 1783 3277 1855 αἱμάτων,
3348 1789 3454 1837 τῶν
3506 1781 3574 1838 δι’
3620 1783 3852 1854 αἵματος

486 1865 731 1927 criﬁciis
762 1883 869 1945 per
897 1866 1251 1945 sanguinem
1284 1858 1479 1941 iactis,
1514 1876 1578 1928 ut
1606 1868 1872 1931 indicant
1905 1887 2038 1945 quas
2068 1870 2127 1929 in

486 1956 712 2036 psalmo
746 1955 1191 2034 subsequuntur
1222 1958 1307 2017 sic
1339 1979 1352 2017 :
1415 1956 1721 2032 Quoniam
1752 1960 1808 2019 si
1839 1959 2129 2021 voluisses

482 2045 869 2121 sacriﬁcium,
904 2044 1196 2106 dedissem
1235 2047 1468 2125 utique,
1514 2054 1630 2109 etc.
1692 2047 1765 2109 Et
1796 2050 2127 2111 exsultabit

486 2134 712 2211 lingua
742 2151 873 2196 mea
892 2135 1203 2210 justitiam
1233 2143 1426 2197 tuam.
1457 2135 1582 2198 Hoc
1614 2135 2002 2216 Symmachus
2043 2141 2128 2200 sic

481 2222 912 2302 interpretatus
941 2232 1029 2285 est
1064 2244 1077 2286 :
1113 2225 1422 2304 Loquetur
1462 2225 1676 2304 lingua
1711 2245 1847 2288 mea
1880 2231 2125 2289 miseri.-

481 2312 751 2375 cordiam
782 2319 947 2373 tuam
980 2330 994 2374 :
1030 2330 1403 2393 nequaquam
1450 2316 1608 2375 enim
1637 2315 1843 2376 tacebo
1877 2335 2009 2377 cum
2035 2336 2103 2377 ve

484 2402 642 2464 niam
668 2402 787 2462 sim
812 2411 1193 2476 consecutus,
1234 2402 1338 2464 sed
1371 2403 1649 2466 laudibus
1683 2414 1743 2466 te
1776 2424 2123 2486 prosequar.

482 2502 540 2554 et
570 2490 862 2553 beneﬁcia
895 2499 997 2551 tua
1021 2492 1522 2555 commemorabo.
1560 2492 1894 2573 Siquidem,
1926 2496 2121 2558 ait.le-

481 2580 635 2659 galia
692 2580 987 2643 sacrificia
1034 2583 1340 2662 respuisti,
1376 2579 1657 2661 quoniam
1714 2602 1830 2645 non
1879 2594 2127 2663 possunt

481 2681 725 2756 peccata
745 2673 1049 2735 dimittere
1075 2692 1088 2734 :
1116 2674 1251 2736 ideo
1279 2674 1336 2736 id
1372 2676 1528 2755 quod
1552 2675 1753 2755 diligis
1774 2675 1957 2738 obtuli
1991 2677 2119 2739 tibi.

477 2762 604 2826 Hoc
631 2770 826 2824 autem
858 2772 949 2826 est
985 2764 1143 2845 quod
1180 2781 1289 2844 per
1315 2765 1717 2843 pmnitentiam
1751 2774 1808 2826 et
1838 2785 1943 2827 cor
1972 2786 2121 2828 con-

477 2852 682 2913 tritum
706 2852 976 2915 oﬂ'ertur.

553 2941 654 3005 20.
684 2940 956 3021 Benigne
986 2943 1112 3019 fac,
1152 2941 1428 3014 Domine,
1489 2944 1554 3003 in
1613 2943 1767 3005 bona
1816 2943 2123 3007 voluntate

2211 1875 2422 1937 θσσιῶν,
2476 1873 2548 1934 ὡς
2591 1872 2657 1926 τὰ
2711 1870 3019 1948 ἐπαγόμενα
3076 1878 3167 1927 τοῦ
3240 1870 3456 1946 ψαλμοῦ
3506 1870 3850 1928 διαδείκνυσιν

2212 1959 2450 2023 εἱπόντος
2487 1979 2501 1993 ⁸
2590 1958 2748 2037 ”Οτι,
2844 1962 2888 2015 εἷ
2980 1959 3251 2027 ἠθέλησας
3340 1961 3519 2016 θυσίαν
3554 2005 3570 2033 ,
3677 1959 3850 2017 ἔδωκα

2211 2048 2272 2103 ἂν
2326 2047 2478 2127 (20),
2550 2051 2637 2107 καὶ
2689 2050 2755 2105 τὰ
2822 2049 2965 2117 ἑξῆς.
3045 2048 3462 2126 Ἀγαλλιάσεται
3540 2054 3573 2116 ἡ
3632 2049 3852 2126 γλῶσσά

2212 2161 2313 2213 μου
2397 2139 2491 2206 τὴν
2576 2136 2913 2204 δικαιοσύνην
2998 2161 3108 2195 σου.
3201 2146 3365 2196 Τεῡτο
3448 2142 3474 2195 ό
3549 2140 3847 2219 Σύμμαχος

2837 2229 3160 2298 Διαλαλήσει
3221 2230 3252 2297 ἧ
3315 2229 3532 2306 γλῶσσά
3592 2252 3692 2304 μου
3746 2231 3849 2295 τὴν

2862 2318 2921 2373 ού
2994 2320 3093 2396 γάρ
3155 2321 3363 2395 σιγήσω
3432 2320 3526 2386 τῆς
3606 2319 3845 2396 ἀφέσεως

2212 2228 2375 2294 ούτως
2431 2230 2729 2306 ἡρμήνευσε
2764 2246 2778 2261 ·

2212 2317 2579 2392 ἐλεημοσύνην
2652 2340 2745 2375 σου
2779 2336 2793 2351 ⁸

2214 2405 2540 2479 ἀπολαύσας,
2602 2406 2719 2463 ἀλλ’
2771 2410 2945 2481 ὑμνῶν
2998 2428 3056 2462 σε
3114 2404 3402 2463 διατελέσω
3452 2410 3538 2463 καὶ
3588 2410 3681 2470 τὰς
3747 2410 3845 2472 σάς

2211 2493 2560 2571 διηγούμενος
2618 2496 2871 2574 χάριτας.
2934 2493 3153 2561 Ἐπειδὴ
3215 2496 3307 2559 τὰς
3368 2496 3420 2551 iv
3472 2498 3641 2573 νόμῳ,
3689 2499 3843 2574 φησὶ,

2210 2586 2508 2662 παρῃτήσω
2546 2585 2748 2657 θυσίας,
2791 2585 2851 2640 οὒ
2886 2585 2983 2660 γὰρ
3011 2583 3253 2640 δύνανται
3285 2585 3494 2665 ἀφιέναι
3539 2587 3794 2662 ἁμαρτίας
3832 2602 3844 2615 ·

2207 2675 2391 2730 τούτου
2460 2677 2620 2755 χάριν
2667 2675 2733 2742 ἢν
2807 2675 3095 2751 ἠγάπησάς
3156 2696 3236 2731 σοι
3287 2678 3652 2753 προσήνεγκα.
3703 2676 3850 2741 Αὕτη

2206 2761 2259 2819 δέ
2330 2763 2472 2819 ἐστιν
2522 2767 2555 2833 ἡ
2608 2763 2692 2820 διά
2760 2765 3051 2847 μετανσίας
3112 2766 3201 2820 καὶ
3254 2763 3467 2841 καρδίας
3526 2786 3853 2842 συντετριμο

2207 2853 2398 2929 μένης.

2288 2942 2594 3019 ⁹Αγάθυνον,
2655 2940 2836 3020 Κύριε,
2900 2944 2953 2998 ἑν
3029 2948 3095 3019 τῇ
3174 2942 3379 3014 εὐδοκία
3451 2965 3544 3002 σου
3596 2951 3693 3009 την
3745 2952 3848 2999 Σι-

476 3039 586 3093 tua
613 3030 784 3095 Sion.
816 3028 959 3092 Sion
978 3030 1077 3093 hic
1105 3037 1278 3092 vocat
1296 3030 1652 3093 Ecclesiam.
1686 3032 1938 3105 Quando
1960 3035 2117 3093 enim

2228 3033 2298 3091 ὃν.
2339 3032 2478 3087 Σιὼν
2532 3032 2751 3088 ἐνταῦθα
2794 3035 2891 3097 τὴν
2947 3031 3272 3099 Ἐκκλησίαν
3314 3034 3496 3111 φησίν,
3554 3042 3690 3089 Οταν
3746 3035 3853 3109 γὰρ

474 3121 599 3182 Deo
622 3118 781 3181 Patri
813 3118 1040 3200 placuit
1070 3120 1271 3182 omnia
1330 3123 1388 3182 in
1442 3120 1588 3183 Filio
1648 3138 1756 3183 suo
1804 3140 2117 3201 renovare,

2228 3117 2499 3187 ιύδόκησεν
2564 3123 2590 3176 ὁ
2655 3122 2784 3185 Θεὸς
2850 3122 2938 3177 καὶ
3016 3121 3194 3186 Πατὴρ
3266 3119 3727 3198 ἀνακεφαλαιῶσαι
3782 3123 3853 3177 τά

477 3217 617 3270 tunc
646 3220 708 3269 et
738 3207 892 3270 bona
926 3208 1209 3271 Ecclesiae
1238 3226 1360 3273 suae
1393 3209 1692 3289 pollicitus
1715 3219 1827 3271 est.
1862 3211 1946 3274 Et
1966 3213 2118 3273 aedi-

473 3298 736 3378 ﬁcentur
756 3303 921 3359 muri
939 3295 1309 3360 Jerusalem.
1341 3300 1542 3361 Muros
1571 3299 1928 3369 Jerusalem.
1953 3318 2123 3362 sanc-

478 3395 568 3449 tos
599 3386 704 3464 ait,
730 3404 1038 3449 sacrorum
1070 3386 1400 3460 ministros,
1458 3388 1561 3467 qui
1593 3389 1866 3449 muniunt
1908 3390 2119 3451 Eccle-

474 3494 624 3540 siam
658 3494 810 3556 ejus.

557 3655 627 3716 Ἦ
646 3700 660 3715 .
696 3652 861 3715 Tunc
886 3652 1232 3733 acceptabts
1251 3654 1612 3733 sacriﬁcium
1644 3656 1909 3727 iustitiae.
1944 3659 2113 3735 Cum,

483 3744 698 3823 inquit,
732 3740 1027 3803 beneficia
1057 3739 1223 3802 Sinni
1245 3742 1567 3815 tribues,et
1596 3743 1865 3804 aediﬁcati
1899 3744 2119 3804 fuerint

483 3831 638 3894 muri
661 3830 1171 3910 lerusalem,tunc
1203 3830 1532 3891 oﬂ'erentur
1546 3832 1987 3901 sacriticia,non
2012 3850 2119 3911 per

481 3918 966 3999 sanguinem,sed
983 3918 1451 3999 justitiaa,laudis
1474 3919 2115 3983 scilicet.0blationem

482 4017 539 4072 et
567 4008 940 4082 holocausta,
954 4006 1203 4087 justitiaa
1224 4007 1455 4091 scilicet
1471 4016 1530 4069 et
1554 4008 1853 4069 incruenti
1884 4010 2116 4072 sacriﬁ-

482 4096 582 4159 cii.
621 4094 789 4158 Tunc
808 4097 1127 4174 imponent
1144 4112 1331 4174 super
1362 4096 1565 4159 altare
1594 4104 1765 4157 tuum
1787 4096 2029 4158 vitulos.
2052 4096 2122 4158 Et

483 4183 913 4266 ipsos(vitulosi
944 4183 1211 4262 justitiaa,
1249 4192 1314 4244 ut
1344 4184 1462 4245 sint
1491 4186 1693 4245 omnia
1718 4184 1983 4263 justitiaa,
2020 4188 2116 4245 Sa-

2204 3211 2375 3266 πάντα
2396 3210 2451 3265 ἓν
2480 3213 2557 3284 τῷ
2592 3212 2696 3282 Υἱῷ
2726 3210 2908 3279 αὗτοῦ,
2969 3212 3087 3266 τότε
3138 3212 3225 3265 καὶ
3280 3211 3373 3270 τάς
3434 3211 3630 3287 ἀγαθάς
3688 3211 3855 3265 αὐτοῦ

2202 3304 2269 3374 τῇ
2300 3297 2593 3370 Ἐκκλησία
2644 3301 2803 3354 αύτοῦ
2870 3297 3091 3355 δέδωκεν
3149 3298 3491 3376 ἐπαγγελίας.
3552 3300 3647 3357 Καὶ
3705 3302 3853 3354 οἰκο-

2203 3386 2490 3462 δομηθήτω
2546 3388 2611 3443 τά
2681 3388 2841 3468 τείχη
2914 3388 3286 3465 Ἰερουσαλήμ.
3346 3389 3514 3468 Τείχη
3574 3386 3847 3465 Ἰερουσα-

2202 3477 2314 3551 λὴμ
2364 3478 2488 3540 τοὺς
2543 3478 2721 3555 ἁγίους
2784 3479 2943 3556 φησὶν
3000 3479 3302 3557 ἱερουργοὺς
3360 3478 3483 3541 τούς
3546 3480 3844 3556 περιφράτ-

2204 3588 2388 3628 τοντας
2419 3567 2515 3633 τὴν
2539 3564 2865 3633 Ἐκκλησίαν
2897 3570 3079 3628 αύτοιῖι⁸

2283 3656 2413 3713 Τότε
2509 3652 2811 3722 εὗδοκήσεις
2919 3657 3101 3711 θυσίαν
3185 3647 3579 3720 δικαιοσύνης,’
3634 3654 3846 3725 "Otum,

2202 3745 2383 3822 φησὶν,
2433 3744 2716 3820 ἀγαθυνεῐς
2764 3744 2860 3810 τὴν
2916 3745 3055 3800 Σιὼν
3086 3745 3171 3799 καὶ
3216 3741 3540 3812 οἰκοδομηθῆ
3577 3744 3637 3797 τά
3678 3745 3845 3820 τείχη

2204 3830 2574 3910 Ἰερουσαλὴμ,
2649 3833 2768 3888 τότε
2852 3829 2917 3898 δὴ
2977 3832 3097 3887 τότε
3161 3834 3248 3887 καὶ
3298 3832 3682 3911 ἀνεχθήτονται
3743 3834 3844 3887 θυ-

2202 3921 2330 3993 σίαι,
2370 3922 2472 4000 οόχ
2520 3924 2568 3991 αἱ
2609 3918 2676 3975 δι’
2733 3921 2996 3993 αἱμάτων,
3032 3918 3153 3976 ἀλλ’
3206 3922 3256 3976 αἱ
3307 3934 3429 3981 ταῖς
3474 3919 3847 3987 δικαιοσύνης,

2204 4012 2253 4064 αἱ
2284 4015 2383 4074 τῆς
2418 4010 2663 4075 αἱνὲσεως
2715 4008 2978 4075 δηλονότι
3036 4007 3333 4080 Ἀναοοράν
3388 4011 3474 4065 καὶ
3528 4009 3841 4065 ὀ)οκαυτώ-

2204 4120 2367 4176 ματα,
2401 4100 2489 4155 καὶ
2518 4098 2648 4154 αύτά
2691 4098 2756 4154 τά
2812 4104 2910 4164 τῆς
2969 4096 3305 4164 δικαιοσύνης
3336 4101 3425 4155 καὶ
3458 4097 3520 4153 τά
3552 4103 3650 4163 τῆς
3683 4098 3851 4153 ἀναι-

2204 4188 2407 4261 μάκτου
2467 4188 2643 4247 θυσίας
2699 4185 2883 4252 δηλοῖ.
2956 4186 3087 4244 Τότε
3161 4189 3457 4244 ἀνοίσουσιν
3517 4187 3601 4242 ἐπὶ
3646 4188 3706 4241 τὸ
3751 4192 3852 4243 θ)-

481 4270 1067 4344 criﬁcia,oblationes
1090 4271 1716 4351 justitiaa,holocausta
1734 4275 2000 4352 justitiae,
2030 4274 2119 4333 vi—

2228 4276 2508 4353 τιαστὴριόν
2585 4297 2678 4333 σου
2756 4277 3019 4355 μόσχους.
3092 4279 3186 4335 Καὶ
3238 4279 3426 4341 αὐτοὺς
3478 4275 3851 4349 δικαιοσύνης,

485 4363 590 4425 ιιιΙὶ
616 4362 883 4442 justitiai.

805 4450 925 4513 Hic
952 4450 1171 4513 desinit
1200 4450 1421 4529 Daniel
1459 4452 1791 4513 Barbarus.

487 4639 537 4693 1.
579 4631 648 4693 In
677 4631 879 4710 ﬁnem,
910 4627 1250 4692 intellectus
1311 4629 1528 4692 David.
1582 4629 1735 4692 Cum
1765 4632 1929 4693 venit
1966 4630 2152 4692 Doec.

564 4721 871 4784 Idumwus
914 4727 975 4781 et
1021 4720 1338 4782 nuntiavit
1368 4717 1544 4780 Sauli
1568 4736 1582 4781 :
1625 4718 1793 4781 Venit
1832 4719 2023 4780 David
2056 4722 2117 4780 in

558 4812 798 4874 domum
819 4806 1184 4870 Abimelech.
1211 4807 1316 4869 LI.

1073 4996 1543 5076 Argumentum.

479 5087 729 5165 Quando
753 5086 898 5166 fugit
915 5082 1097 5146 David
1134 5103 1169 5146 a
1210 5083 1357 5147 facie
1380 5082 1575 5147 Saulis
1595 5084 1656 5145 in
1688 5084 1929 5147 domum
1965 5084 2115 5146 Abi-

558 5175 892 5240 melech.ac
906 5174 981 5236 de
1000 5172 1642 5254 panibussacerdotum
1663 5173 2117 5255 comedit,acce-

559 5265 766 5348 pitquc
796 5263 982 5328 Golim
1008 5262 1293 5342 gladium,
1314 5261 1645 5323 abscedens
1665 5263 1956 5345 quispiam
1993 5281 2117 5324 rem

562 5353 852 5417 nuntiavit
873 5352 1034 5415 Sauli
1057 5350 1145 5411 ϐνι.
1178 5351 1317 5413 Erat
1334 5359 1533 5413 autem
1554 5350 1601 5411 is
1624 5354 1786 5415 Doec
1808 5350 1991 5433 Syrus
2022 5352 2122 5433 qui

558 5476 790 5540 33Luc.
824 5491 889 5546 ιι,
926 5472 1027 5536 30.
1109 5472 1166 5518 ⁸⁸
1196 5475 1221 5538 I
1252 5474 1400 5553 Reg.
1428 5489 1555 5549 xxx,
1594 5471 1755 5537 l-lO.

2147 4351 2342 4421 οῶστε
2400 4366 2542 4421 εἶναι
2628 4366 2801 4422 πάντα
2881 4363 3239 4439 δικαιοσύνης,
3297 4368 3497 4433 θυσίας,
3576 4368 3851 4445 ἀναφορὰς

2206 4457 2564 4530 δικαιοσύνης,
2651 4454 3069 4531 ὁλοκαυτώματα
3148 4456 3519 4534 δικαιοσύνης,
3598 4458 3851 4535 μόσχους

2207 4544 2543 4613 δικαιοσύνης
2554 4588 2565 4603 .

2210 4638 2292 4699 Εἰς
2325 4637 2387 4691 τὸ
2446 4635 2622 4714 τέλος,
2683 4638 2941 4698 συνέσεως
3028 4640 3105 4709 τῷ
3186 4636 3373 4713 Δαυίδ,
3437 4637 3491 4691 ὲν
3542 4642 3617 4708 τῷ
3668 4635 3852 4693 ἐλθεῖν

2290 4726 2433 4793 Δοὴκ
2489 4724 2594 4780 τῶν
2654 4722 2954 4799 Ἰδουματον
3016 4727 3105 4781 καὶ
3165 4725 3480 4803 ἀναγγεῖλαι
3540 4733 3615 4799 τῷ
3668 4724 3853 4780 Σαοὺλ

2284 4816 2373 4869 καὶ
2424 4818 2592 4869 εἰπεῖν
2673 4816 2815 4882 αύτῴ
2850 4833 2863 4847 ·
2950 4804 3105 4870 Ἦλθε
3190 4813 3355 4869 Δαυ³ιδ
3415 4816 3483 4879 εἰς
3541 4817 3631 4870 τὸν
3688 4818 3855 4871 οἷκον

2283 4900 2600 4981 Ἀϐιμέλεχ.
2638 4901 2768 4964 NA’.

2874 4991 2888 5012 ’
2899 4993 3174 5055 Υπόθεσις,

2201 5085 2387 5141 Ἠνίκα
2418 5081 2573 5163 ἔφσγε
2613 5082 2777 5140 Δαυίδ
2811 5082 2913 5138 ἀπὸ
2966 5082 3254 5159 προσώπου
3304 5082 3500 5160 Σαοὺλ,
3558 5084 3643 5139 καὶ
3699 5106 3851 5139 κατ-

2282 5175 2431 5252 ήχθη
2487 5174 2690 5251 φεύγων
2779 5177 2931 5228 οἶκον
3008 5168 3331 5251 Ἀϐιμέλεχ,
3392 5179 3497 5227 τῶν
3554 5194 3609 5228 τε
3672 5172 3857 5244 ἄρτων

2285 5261 2391 5317 τῶν
2446 5262 2625 5339 ἱερέων
2670 5262 2941 5339 ἐγεύσατο,
2976 5262 3072 5329 τήν
3120 5281 3176 5315 τε
3220 5260 3482 5337 ῥομφαίαν
3516 5269 3606 5316 τοῦ
3652 5260 3857 5316 Γολιαθ

2287 5349 2569 5408 δέδεκταιο
2646 5350 2886 5406 ἀπελθων
2958 5370 3037 5411 τις
3115 5349 3444 5427 ἀπαγγέλλει
3526 5358 3689 5407 ταῦτα
3773 5357 3860 5424 τῷ

563 5582 683 5665 (‘20)
705 5582 850 5647 Cod.
886 5581 1165 5646 Ambros.
1200 5580 1399 5655 habet,
1448 5583 1508 5638 At
1542 5581 1594 5637 ἐν
1654 5583 1802 5658 νόμῳ
1851 5584 2018 5638 θυσίαι
2078 5586 2124 5640 οἱ

2228 5588 2429 5639 όνανται
2481 5581 2687 5662 ἀφιέναι
2745 5581 3033 5658 ἁμαρτίας.
3082 5576 3223 5651 Qum
3254 5577 3553 5641 sententia
3584 5578 3851 5640 inferius

478 5664 792 5747 repetitur.
