4006 6204
500 375 613 439 247

1292 380 1353 443 S.
1400 382 1821 444 ATHANASII
1870 385 2011 445 OPP
2088 383 2278 444 PARS
2324 384 2428 444 llI.
2478 417 2552 427 —
2598 384 3057 446 EXEGETICA.

3769 381 3906 444 248

511 516 680 578 modi
714 532 998 594 passurus
1034 536 1117 579 es.
1165 518 1325 581 Ecce
1378 517 1555 587 homo
1608 521 1717 600 qui
1774 536 1899 583 non
1953 520 2146 599 posuit

2258 519 2422 595 (εσίαν
2469 519 2687 578 τοιαῦτά
2714 541 2807 576 σου
2838 519 3071 599 πάσχειν
3131 518 3443 594 μέλλοντος,
3506 519 3638 577 Ἰδοὺ
3684 521 3903 599 ἄνθρωο

506 604 697 668 Deum
731 609 1077 687 adjutorem
1097 626 1296 688 suum,
1326 608 1433 669 sed
1460 611 1726 684 speravit
1758 610 1824 670 in
1875 610 2155 670 multitu-

2252 630 2347 671 πος
2434 609 2492 671 ὃς
2564 609 2659 665 οὐκ
2738 607 2882 664 ἶθετο
2949 611 3040 665 τὸν
3096 610 3226 664 Θεὸν
3299 610 3494 685 βοηθὸν
3554 610 3711 667 αὒτοῦ
3770 609 3904 667 ἀλλ’

516 695 663 757 dine
684 696 1038 758 divitiarum
1080 714 1356 779 suarum.
1419 695 1623 757 Maluit
1676 698 1832 758 enim
1896 698 2146 778 proditor

2258 696 2551 764 ἑπήλπισεν
2630 696 2715 752 ἐπὶ
2787 704 2864 770 τῷ
2939 695 3129 767 πλήθει
3207 704 3299 753 τοῦ
3375 698 3603 755 πλούτου
3682 701 3843 757 αὒτοῦ
3883 746 3896 758 .

503 801 721 845 aurum
754 784 1056 864 accipere,
1096 804 1269 865 quam
1305 784 1637 865 adjutorem
1671 786 1894 847 habere
1923 785 2151 848 Jesum.

506 871 590 933 Et
610 873 936 952 praevaluit
966 876 1033 935 in
1067 876 1514 946 vanitatesua;
1568 874 1736 953 quasi
1787 875 1947 936 dicat
2009 894 2021 936 :
2089 875 2156 935 Et

501 980 721 1025 vanum
756 982 861 1026 cor
890 983 1060 1025 suum
1097 965 1351 1044 implere
1383 964 1591 1043 potuit,
1627 982 1824 1046 neque
1854 966 2151 1046 paeniten-

507 1052 588 1113 tia
618 1053 835 1115 ductus
867 1055 1048 1114 ﬁnem
1082 1054 1226 1115 fecit
1266 1053 1606 1131 impietatis.

587 1232 733 1315 [Sed
784 1232 1057 1315 speravit
1084 1233 1150 1315 in
1184 1230 1594 1295 multitudine
1618 1234 1978 1296 divitiarum
1999 1251 2148 1295 sua-

505 1311 666 1375 rum.
701 1312 958 1375 Pulchre
991 1311 1228 1372 divitias
1289 1320 1342 1372 et
1402 1320 1787 1392 potestatem,
1837 1316 2149 1374 vanitatem

506 1404 750 1474 vocavit,
786 1401 1116 1463 secundum
1153 1418 1354 1461 veram
1406 1402 1495 1462 rei
1554 1410 1823 1463 naturam
1891 1421 1903 1463 :
1957 1422 2151 1483 neque

507 1492 669 1554 enim
698 1493 890 1553 Doeco
924 1489 1295 1569 profuerunt,
1330 1508 1526 1570 neque
1565 1491 1850 1570 Assyriis,
1911 1492 2149 1572 quando

505 1581 680 1643 unius
711 1578 909 1659 angeli
941 1578 1196 1642 adventu
1227 1578 1573 1660 interempti
1605 1588 1739 1641 sunt
1770 1598 1841 1641 ac
1869 1580 2147 1660 insepulti

495 1670 865 1750 jacueruntJ

584 1757 827 1837 tO.Ego
849 1766 1055 1819 autem
1068 1759 1216 1820 sicut
1235 1756 1395 1820 oliva
1408 1759 1731 1838 fructifera
1748 1809 1752 1813 .
1773 1759 1968 1820 Floret
1982 1778 2141 1820 nam-

500 1869 616 1931 que
639 1864 882 1927 semper
902 1865 1110 1909 eorum
1131 1846 1320 1925 gloria
1337 1848 1437 1927 qui
1459 1848 1716 1910 credunt
1733 1848 1792 1909 iu
1815 1848 2140 1911 Christum.
2171 1845 2207 1893 Β

503 1940 777 2017 [Fructus
801 1944 1009 1998 autem
1033 1936 1302 2015 Spiritus
1330 1943 1437 2011 est,
1468 1937 1760 2009 charitas,
1821 1940 2142 2017 gaudium,

500 2026 1023 2109 paxﬁ7,etc.Hunc
1045 2024 1243 2105 itaque
1268 2025 1522 2086 fructum
1565 2044 1697 2087 cum
1731 2026 1791 2087 in
1815 2027 2011 2105 seipso
2034 2027 2142 2088 lia-

502 2118 673 2181 beret
693 2124 931 2178 sanctus
954 2114 1055 2175 ille
1077 2114 1409 2187 vir,aiebat:
1439 2114 1790 2190 Egoautem
1803 2117 1959 2177 sicut
1984 2115 2146 2178 oliva

498 2206 872 2284 fructifera;
905 2203 1073 2265 olivas
1101 2210 1298 2264 autem
1330 2203 1653 2265 fructifera:
1705 2221 1770 2265 se
1818 2213 2141 2284 comparat,

503 2296 641 2377 quia
669 2312 804 2356 cum
837 2291 1257 2354 misericordia
1290 2292 1348 2352 in
1382 2292 1514 2373 ipso
1549 2298 1833 2355 consistat
1867 2302 1924 2354 et
1948 2295 2142 2354 domi-

500 2391 700 2461 netur,
718 2401 786 2445 ex
811 2382 1201 2462 consequenti
1218 2381 1857 2463 haerebantetreliqua:
1876 2385 2137 2445 virtutes.

500 2472 725 2544 Eodem
760 2488 1005 2552 prorsus
1023 2470 1198 2532 modo
1231 2480 1288 2531 et
1320 2470 1536 2533 Jobum
1559 2472 1811 2551 virilem,
1846 2482 1905 2533 et
1972 2475 2143 2535 .Iose-

502 2562 685 2640 phum
719 2567 1181 2638 temperantem,
1214 2566 1608 2642 cmterosque,
1635 2578 1702 2625 ex
1728 2561 1941 2622 virtute
1966 2562 2024 2622 in
2051 2563 2145 2641 ip-

503 2651 585 2711 sis
616 2648 925 2711 obtinente
952 2665 1021 2710 ac
1054 2646 1399 2710 dominante
1435 2653 1975 2730 nuncupaverunt]
1999 2649 2145 2729 Spe-

501 2739 642 2801 rovi
670 2742 736 2798 in
767 2737 1190 2799 misericordia
1217 2738 1333 2799 Dei
1361 2743 1429 2798 in
1458 2745 1777 2800 aeternum.
1809 2738 2146 2801 Misericor-

504 2827 662 2890 diam
712 2825 820 2888 Dei
879 2825 1095 2887 divinae
1153 2825 1481 2906 Scripturaa
1538 2828 1853 2891 Dominum
1913 2837 2145 2908 vocant,

501 2916 641 2998 quia
682 2933 789 2996 per
822 2933 955 2975 cum
1006 2913 1181 2977 nobis
1231 2914 1646 2977 misericordia
1698 2935 1979 2979 concessa
2035 2926 2145 2979 est.

504 3005 722 3070 Omnia
752 3002 913 3065 enim
933 3002 994 3065 in
1016 3008 1215 3082 seipso
1248 3004 1595 3067 instauravit
1616 3016 1673 3066 et
1705 3007 2023 3085 reparavit.

588 3097 613 3156 1
633 3096 652 3158 1
669 3093 773 3156 ,Εἰ
790 3090 1147 3173 exspectabo
1167 3110 1399 3155 nomen
1426 3099 1914 3175 tuum,quoniam
1933 3096 2151 3157 bonum

2242 784 2521 861 Ἠγᾶπ-ς,σε
2546 786 2645 863 γὰρ
2677 787 2898 865 χρυσίον
2959 785 3162 858 μᾶλλον
3196 788 3223 842 ὀ
3298 786 3559 861 προδότης
3607 787 3819 864 λαϐεῖν,
3861 792 3897 856 ἧ

2239 874 2434 948 βοηθὸν
2467 873 2616 954 ἔχειν
2658 876 2750 931 τὸν
2810 875 3039 940 Ἰησοῦν.
3091 878 3186 933 Καὶ
3254 874 3618 950 ἐνεδυναμώθη
3684 878 3769 934 ἐπὶ
3824 885 3898 955 τῇ

2240 971 2560 1036 ματαιότητι
2652 968 2833 1022 αὖτοῦ.
2882 960 3023 1020 Ἀντὶ
3089 972 3209 1022 ποῦ’
3271 962 3374 1025 Καὶ
3426 966 3671 1045 ἓνίσχυσε
3733 966 3891 1033 πλη-

2238 1057 2404 1126 ρῶσαι
2461 1052 2560 1118 τὴν
2591 1052 2820 1125 ματαίαν
2846 1055 3005 1112 αὐτοῦ
3042 1051 3279 1133 καρδίαν,
3360 1058 3422 1111 οὗ
3495 1054 3891 1130 μεταμεληθεὶς

2236 1138 2330 1206 τῆς
2365 1137 2609 1203 ἀσεϐείας
2640 1139 2928 1203 ἐπαύσατο.
3208 1154 3210 1156 ⁷

2317 1224 2491 1309 [Ἀλλ’
2550 1227 2843 1297 ἐπήλπισεν
2927 1228 3010 1285 ἐπὶ
3079 1235 3156 1302 τῷ
3193 1230 3389 1301 πλήθει
3477 1234 3569 1288 τοῦ
3651 1233 3889 1290 πλούτου

2235 1316 2416 1375 αὖτοῦ.
2496 1316 2685 1381 Καλῶς
2739 1316 2791 1372 δὲ
2850 1320 2939 1373 τὸν
3003 1316 3225 1374 πλοῦτον
3284 1321 3371 1375 καὶ
3426 1321 3526 1387 τήν
3576 1320 3889 1378 δυναστειαν

2235 1408 2571 1479 ματαιότητα
2604 1406 2857 1462 ἐκάλεσεν
2889 1408 2994 1462 ἀπὸ
3048 1414 3140 1463 τοῦ
3195 1411 3528 1486 πράγματος*
3593 1410 3709 1467 οῧτε
3780 1416 3888 1489 γὰρ

2232 1495 2323 1549 τὸν
2386 1496 2548 1562 Δωὴκ
2598 1495 2837 1571 ὤνησαν,
2915 1496 3035 1553 οὔτε
3114 1497 3442 1577 Ἀσσυρίους,
3524 1500 3683 1557 ὁπότε
3762 1503 3884 1564 ἐνὸς

2232 1582 2461 1661 ἀγγέλου
2537 1586 2792 1662 παρουσία
2866 1586 3050 1650 αὐτοὺς

2231 1670 2435 1728 ἔκειντο
2466 1672 2487 1753 ]
3046 1747 3051 1753 ⁸

2312 1761 2455 1839 Ἐγὼ
2516 1761 2571 1819 δὲ
2630 1764 2759 1820 ὡσεί
2808 1763 2957 1821 ἐλαία
3014 1765 3381 1844 κατάκαρπος.
3448 1766 3722 1832 ’Δειθαλὴς
3774 1770 3881 1843 γὰρ

2230 1853 2333 1906 τῶν
2406 1854 2760 1909 πιστευόντων
2794 1856 2868 1916 εἷς
2906 1856 3129 1931 Χριστὸν
3173 1857 3205 1922 ἡ
3238 1854 3383 1919 δόξα.
3424 1853 3504 1931 ΓΘ
3555 1854 3607 1911 δὲ
3666 1859 3877 1934 καρπὸς

2230 1946 2320 1995 τοῦ
2380 1942 2688 2015 Πνεύματός
2743 1942 2887 1999 ἐστιν
2973 1944 3179 2021 ἀγάπη,
3246 1946 3414 2022 χαρά,
3504 1947 3710 2021 εἰρήνη,
3784 1949 3879 2001 καὶ

2229 2029 2294 2082 τὰ
2322 2027 2465 2094 ἑξῆς.
2519 2038 2712 2087 Τοῦτον
2744 2032 2918 2087 τοίνυν
2950 2034 3037 2088 τὸν
3090 2034 3289 2109 καρπὸν
3334 2031 3477 2111 ἔχων
3531 2036 3587 2088 ἓν
3629 2036 3796 2106 ἐαυτῷ
3850 2038 3879 2089 ὁ

2229 2118 2378 2193 ἅγιος
2442 2117 2625 2196 ἔλεγεν
2660 2136 2674 2149 °
2738 2121 2883 2197 Ἐγὼ
2951 2118 3006 2175 δὲ
3064 2123 3191 2176 ὡσεὶ
3251 2120 3403 2177 ἐλαία
3478 2124 3815 2197 κατάκαρπος
3856 2141 3867 2152 '

2230 2205 2376 2279 ἐλαίᾳ
2408 2206 2461 2263 δὲ
2494 2210 2818 2286 κατακάρπῳ
2868 2211 3052 2283 ὁμοιοῖ
3103 2208 3311 2280 ἑαυτὸν,
3375 2210 3580 2288 ἐπειδὴ,
3637 2210 3874 2286 ἐλεημο-

2230 2296 2392 2361 σύνης
2426 2297 2817 2374 ἐπικρατούσης
2851 2296 2904 2353 ἐν
2967 2302 3131 2375 αὐτῷ,
3194 2298 3492 2356 ἀκολούθως
3550 2300 3764 2355 ε’ἶποντο
3825 2304 3879 2355 αἶ

2229 2382 2409 2439 λοιπαὶ
2485 2383 2665 2459 ἀρεταί
2701 2432 2714 2446 .
2776 2384 2925 2443 Οὕτω
2982 2387 3069 2442 καὶ
3126 2388 3215 2441 τὸν
3275 2384 3393 2443 Ἰὼϐ
3448 2387 3687 2465 ἀνδρεῖον
3746 2390 3871 2463 μὲν,

2229 2473 2317 2527 καὶ
2387 2473 2478 2529 τὸν
2548 2470 2749 2552 Ἰωσὴφ
2823 2474 3091 2553 σώφρονα,
3166 2477 3254 2530 καὶ
3322 2478 3442 2537 τοὺς
3494 2476 3708 2541 λοιποὺς
3768 2480 3879 2533 ἀπὸ

2228 2564 2324 2628 τῆς
2418 2561 2808 2639 ὶπικρατούσης
2909 2563 3100 2639 ἀρετῆς
3182 2564 3529 2634 ὀνομάζοντες
3626 2570 3875 2643 αὖτοὺς.]

2229 2645 2485 2706 ’Ἢλπισα
2540 2650 2623 2707 ἐπὶ
2681 2653 2741 2707 τὸ
2799 2649 2947 2716 ἔλεος
3008 2661 3102 2710 τοῦ
3161 2655 3290 2709 Θεοῦ
3341 2655 3412 2715 εἰς
3508 2657 3595 2710 τὸν
3650 2658 3813 2711 αἰῶνα
3859 2704 3873 2715 .

2229 2738 2429 2804 ’Ἔλεος
2490 2749 2582 2797 τοῦ
2639 2748 2773 2799 Θεοῦ
2830 2745 2879 2797 αἱ
2936 2744 3077 2798 θεῖαι
3164 2746 3363 2820 Γραφαὶ
3432 2746 3745 2817 ὀνομάζουσι
3789 2750 3877 2801 τὸν

2234 2829 2440 2905 Κύριον,
2495 2828 2581 2888 διὰ
2624 2831 2683 2886 τὸ
2716 2830 2956 2907 γενέσθαι
3005 2833 3143 2904 ἡμῖν
3203 2829 3269 2886 δι’
3328 2835 3482 2889 αὖτοῦ
3542 2833 3703 2898 ἔλεος·
3772 2839 3875 2891 αν-

2228 2916 2659 2996 εκεφαλαιώσοτο
2709 2919 2809 2996 γὰρ
2866 2920 2920 2973 ἓν
2987 2918 3158 2993 ἑαυτῷ
3227 2921 3286 2975 τὺ
3360 2922 3528 2977 πάντα
3559 2970 3574 3000 ,
3633 2926 3719 2979 καὶ
3780 2925 3843 2978 ἂν

2229 3006 2608 3086 εστοιχείωστν
2619 3050 2634 3066 .

2308 3092 2413 3155 Καί
2474 3097 2724 3169 ὑπομενῶ
2781 3098 2842 3152 τὸ
2892 3098 3059 3171 ὄνομά
3127 3119 3253 3175 σου,
3316 3097 3397 3153 ὅτι
3455 3104 3692 3179 χρηστὸν
3750 3104 3876 3158 ἐναν

3140 1586 3415 1643 ἀπέκτεινε
3446 1635 3462 1659 ,
3535 1591 3619 1645 καὶ
3685 1588 3880 1669 ἄταφοι

502 3191 589 3245 est
603 3185 998 3261 inconspectu
1009 3188 1366 3245 sanctorum
1387 3189 1652 3247 tuorum.
1675 3186 1739 3247 ln
1763 3184 2004 3246 nomine
2031 3195 2146 3265 tuo,

2258 3186 2345 3240 ῖίον
2402 3190 2506 3241 τῶν
2556 3188 2713 3242 ὁσίων
2788 3208 2903 3245 σου.
2977 3185 3067 3245 Ἐν
3126 3193 3203 3259 τῷ
3273 3188 3490 3261 ὀνόματί
3548 3212 3659 3260 σου,
3714 3197 3872 3269 φησὶ,

501 3271 731 3353 inquit,
762 3270 1034 3333 ﬁduciam
1068 3269 1327 3345 habebo,
1362 3281 1542 3353 atque
1571 3291 1701 3333 eam
1736 3273 1795 3334 in
1828 3285 2151 3352 conspectu

499 3360 770 3423 omnium
822 3367 1170 3421 sanctorum
1233 3368 1470 3420 tuorum
1527 3359 1893 3421 annuntiabo
1931 3408 1944 3422 .

501 3449 659 3511 enim
697 3447 842 3509 mihi
870 3446 1017 3509 illud
1047 3446 1382 3525 jucundum
1415 3460 1604 3529 atque
1638 3448 1882 3513 bonum.

508 3538 659 3601 1.1n
678 3539 859 3617 ﬁnem
898 3556 1005 3618 pro
1024 3537 1292 3601 Maeleth
1339 3538 1683 3602 intellectus
1735 3539 1978 3604 Davidi.
2023 3541 2151 3604 LII-

1089 3631 1556 3707 Argumentum.

501 3713 675 3776 Hunc
696 3716 857 3777 canit
884 3717 1173 3795 psalmum
1198 3716 1256 3777 in
1271 3717 1517 3793 gratiam
1536 3719 1937 3798 apostolorum
1953 3720 2142 3801 chori,

503 3807 601 3881 qui
630 3812 689 3865 et
709 3804 1168 3867 crediderantin
1189 3804 1490 3867 Christum
1544 3824 1558 3870 :
1622 3808 1720 3887 qui
1771 3809 2139 3873 exsultabant

584 3901 645 3954 et
700 3890 1068 3954 laetabantur.
1124 3893 1377 3954 Macleth
1409 3912 1543 3955 vero
1588 3896 1915 3975 explicatur
1941 3899 2161 3963 chorus

588 3981 714 4043 sive
743 3982 974 4043 charea.
1006 3978 1357 4043 Necessario
1387 3993 1588 4044 autem
1640 4002 1708 4044 ea
1758 4004 1889 4065 quze
1938 3986 2153 4050 Christi

586 4070 1060 4131 incarnationem
1096 4081 1530 4146 praecesserunt
1554 4072 1843 4147 enuntiat,
1881 4077 2150 4138 ntdecla-

584 4167 676 4221 ret
699 4176 828 4239 qua
850 4158 926 4219 sit
946 4159 1236 4220 adventus
1258 4160 1389 4239 ejus
1411 4161 1653 4222 utilitas.
1692 4161 2011 4224 Sciendum
2037 4185 2147 4225 au-

587 4257 704 4311 tem
722 4256 1027 4328 est,totum
1060 4246 1357 4309 decimum
1392 4250 1626 4311 tertium
1660 4251 1949 4330 psalmum
1983 4272 2147 4316 eam-

545 4338 681 4400 dem
696 4336 1056 4399 sententiam
1070 4337 1656 4420 babere,iisdemque
1672 4340 2148 4405 fermeomnibus

583 4425 784 4488 verbis
813 4433 1116 4499 constare,
1152 4425 1233 4487 ita
1262 4436 1326 4489 ut
1354 4426 1396 4488 ii
1448 4429 1548 4509 qui
1591 4427 2143 4509 interpretationem

586 4514 764 4595 hujus
786 4516 1168 4596 perquirunt,
1194 4535 1263 4578 ex
1282 4516 1383 4578 illo
1411 4535 1541 4579 eam
1555 4530 1760 4599 aperte
1774 4528 2137 4582 mutuemur.
2185 4550 2217 4599 ρ

584 4603 645 4667 2.
668 4605 841 4666 Dixit
872 4606 1173 4685 insipiens
1192 4608 1258 4667 in
1280 4606 1457 4668 corde
1475 4624 1584 4668 suo
1609 4628 1622 4670 :
1654 4605 1784 4669 Non
1804 4615 1893 4671 est
1917 4611 2147 4673 Deus...

505 4693 663 4755 Deus
683 4692 754 4755 de
777 4694 922 4754 calo
937 4696 1252 4774 prospexit
1280 4712 1468 4774 super
1485 4696 1643 4775 ﬁlios
1665 4698 1995 4759 hominum.
2010 4699 2157 4773 Quia

504 4780 692 4869 Deum
726 4800 846 4843 non
882 4783 1314 4863 cogitaverunt,
1379 4785 1639 4846 humana
1698 4790 2149 4869 inspectantem,

497 4868 866 4950 judicantem
895 4870 1341 4952 judiciojusto,
1365 4891 1433 4934 ac
1459 4873 1756 4935 nefarium
1789 4894 1937 4954 opus
1969 4868 2154 4956 quod-

507 4976 743 5039 cunque
767 4968 1145 5022 coercentem
1183 4981 1197 5021 :
1228 4960 1362 5023 ideo
1386 4960 1544 5024 Deus
1574 4961 1649 5024 de
1684 4962 1832 5024 creto
1869 4982 2152 5045 prospex-

2237 3276 2433 3352 σχοίην
2462 3276 2802 3355 πεποίθησιν,
2835 3278 2923 3331 καὶ
2984 3277 3179 3343 ταύτην
3236 3279 3468 3334 ἒναντίον
3513 3280 3723 3334 πάντων
3768 3285 3880 3337 τῶν

2032 3363 2156 3423 Erit
2240 3368 2347 3419 σῶν
2404 3363 2564 3439 ἁγίων
2621 3362 2913 3442 ἑξαγγελῶ.
2972 3363 3172 3421 ’Ἔσται
3231 3366 3331 3443 γάρ
3389 3389 3479 3439 μοι
3538 3369 3595 3423 τὸ
3653 3378 3877 3447 πρᾶγμα

2242 3452 2479 3530 χρηστόν
2510 3474 2565 3509 τε
2588 3453 2674 3509 καί
2702 3454 2919 3530 ἀγαθόν.

2246 3541 2331 3602 Εἷς
2381 3540 2534 3604 τέλος
2582 3542 2709 3619 ὑπὲρ
2760 3542 2964 3601 Μαελέθ
3023 3542 3279 3606 συνέσεως
3330 3550 3406 3616 τῷ
3482 3545 3663 3605 Δαυίδ.
3736 3550 3843 3605 NB’
3864 3598 3873 3606 .

2906 3630 3144 3689 ’Υπόθεσι
3154 3655 3179 3695 ς
3190 3676 3202 3690 .

2232 3713 2391 3789 ’ᾊδει
2424 3720 2512 3775 τὸν
2543 3720 2776 3794 παρόντα
2796 3720 2924 3794 ὺπέρ
2953 3727 3046 3777 τοῦ
3076 3727 3244 3800 χοροῦ
3271 3728 3373 3776 τῶν
3425 3723 3737 3780 ἀποστόλων
3770 3731 3857 3782 καὶ

2306 3808 2697 3863 πιστευσάντων
2728 3810 2803 3869 εἷς
2829 3808 3074 3885 Χριστόν·
3128 3809 3181 3865 ο“’ί
3242 3811 3329 3864 καὶ
3378 3810 3714 3888 ἠγαλλιιῦντο
3784 3805 3881 3871 καὶ

2322 3895 2694 3975 ηὔφραίνοντο.
2754 3896 2960 3953 Μαελὲθ
3007 3895 3059 3952 δέ
3107 3900 3451 3975 ἒρμηνεύεται
3499 3904 3703 3980 χορὸς,
3751 3903 3873 3969 ἦτον

2322 3984 2532 4063 χορεία,
2580 3985 2906 4062 Ἀναγκαίως
2957 3984 3008 4040 δὲ
3041 3986 3106 4041 τὰ
3152 3989 3253 4064 πρὸ
3284 3992 3383 4053 τῆς
3443 3991 3725 4066 παρουσίας
3788 4002 3881 4047 τοῦ

2316 4069 2505 4149 Κυρίου
2535 4071 2703 4151 λέγει,
2748 4073 2839 4131 ἵνα
2869 4072 3010 4141 δείξη
3070 4075 3168 4141 ὅση
3230 4080 3328 4141 τῆς
3386 4080 3669 4154 παρουσίας
3726 4084 3879 4159 ὠφε-

2314 4159 2454 4220 λεια.
2480 4159 2677 4219 ’ἰστέον
2703 4158 2782 4230 δὲ,
2815 4164 2885 4223 ὡς
2917 4164 3004 4218 καὶ
3035 4163 3132 4230 τὴν
3191 4165 3352 4230 αὒτὴν
3404 4164 3637 4222 διάνοιαν
3698 4176 3881 4224 πᾶσαν

2314 4250 2340 4303 ὁ
2371 4247 2799 4327 τρισκαιδέκατος
2860 4250 3073 4324 ψαλμὸς
3127 4255 3387 4331 περιέχει,
3441 4256 3528 4309 καὶ
3572 4257 3660 4321 τὰς
3713 4258 3882 4315 αὐτὰς

2312 4335 2447 4403 λέξει
2500 4336 2692 4416 σχεδὸν
2731 4338 2936 4403 ἁπάςας
2974 4356 2989 4370 ⁸
3042 4340 3178 4396 ὥστε
3238 4341 3288 4405 ἐξ
3369 4343 3564 4401 ἐκείνου
3649 4348 3879 4423 φανερὸν

2311 4428 2546 4505 γενέσθαι
2590 4440 2706 4491 τοῖς
2745 4427 3054 4497 ἓπεζητοῡσι
3085 4431 3178 4496 τὴν
3210 4431 3511 4506 ἑρμηνείαν.

2324 4604 2490 4661 Εἶπεν
2549 4602 2726 4682 ἄφρων
2783 4604 2837 4658 ἐν
2890 4602 3075 4677 καρδίᾳ
3108 4606 3285 4665 cat-3:013.
3340 4612 3445 4664 Οὐκ
3502 4608 3611 4663 ἔστι
3666 4608 3876 4672 ϐιός...

2241 4693 2299 4751 '0
2359 4695 2487 4756 Θεὸς
2558 4691 2618 4747 ἐκ
2695 4702 2787 4750 τοῦ
2830 4696 3048 4768 οὗρανοῦ
3107 4692 3348 4770 διέκυψε-δ
3412 4698 3495 4753 ἐπὶ
3555 4697 3675 4759 τοὺς
3732 4698 3880 4760 υἱοὺς

2240 4790 2343 4839 τῶν
2402 4781 2713 4853 ἀνθρώπων,
2774 4779 3002 4847 Ἐπειδὴ
3062 4784 3138 4855 μὴ
3191 4783 3534 4861 λογισάμενοι
3585 4787 3673 4839 τὸν
3745 4788 3881 4840 Θεὸν

2236 4871 2503 4949 ἐρορῶντα
2529 4870 2593 4926 τὰ
2642 4869 2964 4947 ἀνθρώπινα,
3031 4872 3270 4948 κρίνοντο
3323 4876 3491 4950 κρίσει
3552 4872 3751 4944 δικαίᾳ,
3782 4876 3877 4928 καὶ

2234 4968 2407 5017 πᾶσαν
2437 4958 2840 5035 ἀθεμιτουργίαν
2900 4957 3174 5037 ε’ίργοντα,
3207 4963 3392 5019 τούτου
3427 4964 3587 5041 χάριν
3653 4971 3681 5016 ὸ
3741 4964 3877 5021 Θεὸς

508 5048 620 5109 xit.
654 5047 717 5109 Id
748 5048 908 5109 enim
936 5059 1139 5129 aperte
1188 5049 1427 5112 Domini
1479 5051 1552 5113 ad
1604 5052 1879 5114 homines
1932 5044 2146 5116 transi-

2258 5072 2295 5105 ηκ
2326 5054 2418 5105 τοῦ
2447 5048 2666 5123 οὖρανοῦ
2726 5044 2962 5120 διέκοψε.
3028 5056 3191 5105 Τοῦτο
3251 5054 3349 5128 γὰρ
3408 5051 3588 5128 σαφῶς
3646 5050 3743 5115 τὴν
3806 5051 3880 5114 εἷς

510 5145 631 5198 tum
668 5136 983 5216 signiﬁcat.

586 5226 646 5288 4.
656 5224 878 5289 Omnes
892 5227 1558 5303 declinaverunt,simul
1569 5232 1820 5295 inutiles
1828 5233 1978 5310 facti
1993 5241 2156 5314 sunt,

507 5315 855 5395 nonestqui
874 5315 1063 5394 faciat
1090 5317 1331 5400 bonum,
1366 5336 1489 5381 non
1519 5328 1608 5381 est
1631 5338 1820 5400 usque
1846 5322 1925 5383 ad
1940 5340 2153 5384 unum.

501 5401 635 5467 Non
659 5402 1041 5484 hyperbolice
1068 5406 1227 5469 dicta
1248 5416 1385 5469 sunt
1404 5408 1613 5471 isthmc
1639 5430 1655 5481 ;
1679 5399 1827 5473 nihil
1854 5410 2012 5470 enim
2042 5411 2146 5490 hy-

2258 5414 2343 5469 ιῶς
2401 5410 2564 5460 ταῦτα
2617 5399 2831 5478 εἴρηται
2867 5419 2880 5436 ⁸

2236 5137 2539 5214 ἀνθρώπους
2559 5142 2651 5191 τοῦ
2681 5132 2876 5212 Κυρίου
2904 5134 3134 5213 πάροδον
3159 5142 3430 5213 σημαίνει,

2327 5226 2526 5288 Πάντες
2628 5222 2940 5292 ὲξέκλινανν
3000 5224 3114 5299 ἅμα
3169 5227 3543 5305 ἠχρειωθησαν
3614 5227 3708 5281 οὒκ
3764 5227 3881 5281 ἔστι

2241 5322 2408 5373 πηιάη
2477 5314 2693 5391 ἀγαθὸν,
2737 5315 2832 5370 οὒκ
2891 5310 3031 5367 ἔστιν
3088 5313 3189 5378 ἕως
3235 5318 3375 5379 ἑνός,
3408 5319 3523 5396 Οὒχ
3588 5313 3874 5393 ὑπερϐολιο

2952 5400 3097 5457 οὐδὲν
3148 5406 3252 5482 γὰρ
3299 5404 3691 5483 ὑπερϐολικῶς,
3754 5402 3879 5477 μετ’

507 5492 835 5574 perbolice,
872 5494 977 5555 sed
1010 5514 1143 5557 cum
1212 5496 1454 5560 veritate
1503 5498 1702 5562 omnia
1730 5499 1790 5561 in
1842 5498 2146 5581 Scriptura

2258 5494 2480 5563 ιληθείας
2512 5490 2565 5547 δὲ
2595 5490 2769 5547 πάντα
2822 5490 2962 5570 παρά
3016 5493 3084 5568 τῇ
3133 5499 3315 5574 Γραφῇ
3372 5492 3608 5573 εἴρηται.
3670 5496 3878 5555 Πάντες

583 5652 646 5702 6⁷
676 5650 860 5717 Galat.
887 5654 1083 5735 v,|22.
