4006 6204
485 280 592 343 251

1275 292 1334 352 S.
1383 294 1806 358 ATHANASII
1851 299 2019 360 OPP.
2062 298 2277 366 PARS.
2327 307 2436 369 III.
2486 341 2557 351 —
2605 310 3061 376 EXEGETICA.

3731 320 3852 384 252

480 416 653 522 effort
682 419 1414 529 supplicationem-rogans
1443 428 1675 491 admitti
1705 429 1859 529 illas:
1896 433 1986 494 Ne
2016 432 2117 529 de-

2212 440 2400 529 ιρόρους
2429 445 2655 509 ἱκετείας
2714 448 2996 526 προσφέρει
3065 446 3318 529 δεχθῆναι
3377 453 3570 516 ταύτας
3627 453 3852 511 ἀντιευι-

481 505 976 598 spi‘cias,inquit,
1040 523 1133 574 me
1183 515 1648 598 supplicantem,
1683 520 1787 581 sed
1835 519 2127 585 benevolo

485 595 687 656 animo
717 597 962 662 intende
995 603 1162 672 mihi,
1196 613 1255 664 et
1296 605 1581 668 auxilium
1622 595 1838 672 tribue.

566 685 624 749 3.
662 686 1069 753 Contristatus
1113 710 1243 754 sum
1291 695 1356 756 in
1409 697 1853 759 exercitatione
1882 715 2040 772 mea,
2073 707 2128 762 et

482 777 878 869 conturbatus
905 797 1058 840 sum.
1105 782 1413 846 Anxietate
1445 803 1701 866 namque
1728 786 1939 865 plenus
1970 797 2124 869 erat,

485 864 690 954 videns
721 867 1098 948 iniquitatem
1125 871 1182 933 in
1210 871 1574 936 Salvatorem
1595 864 2124 954 admissam,quam

483 952 697 1014 exinde
721 955 896 1017 docet
926 958 1018 1020 his
1052 960 1290 1022 verbis:
1328 966 1372 1024 Α
1414 981 1552 1026 voce
1582 965 1825 1025 inimici
1854 971 1910 1025 et
1940 952 1979 1026 ιι
2001 965 2118 1028 ινιτ

485 1040 792 1106 bulatione
856 1052 1205 1124 peccatoris.
1265 1049 1470 1113 Totius
1545 1060 1742 1113 autem
1810 1054 2125 1114 sententiae

481 1147 648 1192 mens
679 1132 808 1194 haec
838 1143 926 1196 est
955 1156 968 1198 :
1001 1135 1281 1217 Respice,
1317 1159 1542 1218 quaeso,
1585 1159 1762 1220 quam
1797 1141 2121 1202 contrista-

483 1226 576 1309 tus
601 1237 754 1294 sum,
785 1240 960 1300 quam
1013 1225 1313 1302 turbatus,
1348 1247 1539 1309 quam.
1560 1228 1988 1291 exercitatione
2019 1248 2121 1290 re-

484 1308 677 1384 pletus
705 1327 839 1371 sum
866 1332 882 1371 :
914 1312 1126 1395 hisque
1157 1308 1434 1378 admissis
1480 1317 1688 1380 exaudi
1723 1335 1839 1379 me.

560 1398 619 1456 4.
649 1398 698 1458 7.
723 1399 1019 1474 Quoniam
1044 1404 1498 1468 declinaverunt
1517 1408 1586 1468 in
1617 1423 1713 1467 me
1743 1408 2122 1486 iniquitates.

480 1487 866 1564 Quaecunque
912 1492 1070 1552 enim
1133 1494 1417 1556 adversus
1462 1494 1822 1556 Salvatorem
1877 1497 2122 1558 accide-

479 1585 641 1646 runt,
672 1576 743 1637 ad
802 1597 969 1641 suam
1019 1587 1147 1661 ipse
1202 1602 1518 1664 personam
1577 1584 1787 1646 refert.
1844 1583 2001 1666 [Haec
2062 1585 2121 1646 in

2210 527 2339 592 λῶν.
2369 533 2456 599 Μὴ
2485 532 2706 611 παρίδῃς
2738 537 2838 612 γὰρ
2869 557 2958 610 με,
2995 527 3558 616 φησὶ,“ποτνιώμενον.
3599 542 3722 599 ἀλλ’
3752 548 3847 602 sis-

2209 625 2384 692 μενῶς
2415 645 2504 694 μοι
2539 623 2800 702 πρόσχες,
2835 626 2923 680 καὶ
2952 627 3052 693 τὴν
3083 628 3332 702 βοήθειαν
3361 629 3574 708 ὄρεξον,

2291 707 2593 801 Ἐλυτιήθην
2679 713 2730 770 ἐν
2813 719 2880 780 τῆ
2967 713 3256 797 ἀδολεσχίᾳ
3315 707 3439 797 μου,
3503 725 3590 777 καί
3649 723 3851 801 ἐταρᾶ-

2207 801 2369 877 χθην.
2405 798 2745 880 Ἀμηχανίας
2775 803 2878 879 φὰρ
2908 801 3226 884 ἐπληροῦτο,
3287 806 3497 882 βλέπων
3556 811 3654 876 τὴν
3709 798 3851 870 κατὰ

2207 899 2299 948 τοῦ
2331 892 2579 972 Σωτῆρος
2612 894 2896 970 γινομένην
2917 900 3284 972 παρανομίαν,
3347 901 3414 967 ἧν
3472 905 3555 957 καὶ
3613 901 3851 961 διδάσκει

2207 977 2393 1053 ἐφεξῆς
2424 969 2632 1058 λέγων,
2681 983 2818 1039 Ἀπ’)
2877 969 3057 1062 φωνῆς
3135 987 3326 1066 ἐχθροῦ
3386 991 3468 1045 καί
3559 991 3663 1048 ἀπὸ
3723 993 3848 1050 θλί-

2207 1072 2351 1142 ψεως
2411 1070 2746 1146 ἁμαρτωλοῦ.
2812 1072 2869 1130 Ὀ
2929 1072 2983 1128 δὲ
3045 1081 3149 1131 πᾶν
3211 1079 3328 1139 νοῦς
3390 1080 3563 1145 οὗτοςθ
3599 1082 3849 1160 Πρόσχες

2207 1155 2702 1250 ὅπωλςᾲέλυπήθην,
2766 1160 2912 1250 ὅπως
2969 1162 3293 1245 ἐταράχθην,
3356 1166 3503 1231 ὅπως
3555 1155 3853 1250 ἀδολεσχίᾳ

2208 1245 2568 1322 πεπλήρωμαι
2603 1264 2616 1278 ⁸
2683 1247 3072 1324 ἆποδεξαίμενός
3127 1274 3184 1308 τε
3240 1261 3405 1312 ταῦτα

2209 1355 2331 1408 μου,

3443 1304 3459 1335 ,
3539 1258 3851 1316 εἰσάκουσόν

2290 1423 2422 1480 ’Ὅτι
2481 1425 2746 1490 ἐξέκλιναν
2802 1427 2886 1484 ἐπ’
2947 1430 3040 1503 ἐμὲ
3103 1433 3334 1506 ανομίαι,
3390 1436 3568 1491 Πάντα
3626 1438 3726 1513 γὰρ
3781 1439 3853 1492 τὰ

2205 1514 2337 1574 κατὰ
2367 1521 2460 1569 τοῦ
2490 1520 2740 1594 Σωτῆρος
2773 1517 3040 1591 συμϐάντα
3088 1542 3216 1598 προς
3275 1522 3334 1577 τὰ
3394 1526 3591 1581 οἰκεῖον
3649 1526 3848 1605 ἀνα-ρέα

2204 1623 2280 1678 ρει
2312 1602 2618 1677 πρόσωπον.
2685 1605 2805 1680 [Διά
2850 1610 3204 1679 μνησικακίαν
3262 1633 3353 1681 μοι
3412 1619 3577 1668 ταῦτα
3636 1602 3851 1670 ἐποίουν

481 1667 1051 1780 meperpetraLbant.
1100 1670 1174 1731 ob
1222 1673 1399 1735 illatae
1442 1675 1688 1780 jactura;
1740 1674 2116 1754 memoi'iam,

2212 1667 2491 1769 τεχθέϊσαν
2523 1692 2572 1757 ἐξ
2605 1667 2768 1772 ὀργῆς
2800 1667 3017 1773 ἀλόγου.
3063 1697 3226 1761 Κότος
3379 1667 3850 1780 ἐπίμονοςῄδργτξδ

480 1769 549 1813 ex
584 1752 976 1820 irrationabili
1037 1760 1125 1821 ira
1181 1770 1542 1824 manentem.
1605 1761 1696 1822 lra
1758 1752 2117 1840 permanens

480 1844 776 1866 ε-μῌλμ
895 1865 899 1866 ν
992 1857 1004 1866 ,
1171 1853 1213 1866 ..
1535 1852 1548 1866 .
1912 1852 1934 1866 η
2066 1852 2077 1862 .

2267 1752 2304 1769 ρ.
2560 1752 2571 1757 -
2637 1752 2762 1772 ι...
2915 1752 2924 1773 ,
3180 1752 3224 1761 ἡ.
3291 1752 3317 1767 ν,
3382 1752 3556 1772 ----,--,

2212 1781 2304 1836 Διὰ
2333 1781 2528 1847 ταύτην
2559 1780 2614 1837 δὲ
2645 1789 2742 1846 τὴν
2772 1785 2935 1839 αἰτίαν
2992 1783 3235 1862 περιδεὴς
3295 1789 3556 1866 ἐγενόμην

477 1844 788 1905 iracundia
843 1857 1105 1911 vocatur.
1171 1853 1252 1914 Ea
1315 1869 1456 1912 vero
1516 1852 1590 1912 de
1667 1868 1848 1913 causa
1907 1852 2120 1913 formi-

479 1929 721 1994 dolosus
745 1946 1116 2018 eram,atque
1143 1940 1440 2012 turbatus,
1467 1951 1553 2024 ut,
1581 1942 1902 2016 mortejam
1928 1940 2123 2001 immi-

481 2030 684 2095 nente,
720 2031 897 2105 atque
930 2026 989 2087 in
1025 2035 1242 2089 tantam
1292 2030 1475 2090 animi
1522 2032 2030 2089 concertationem
2066 2041 2124 2089 et

481 2109 862 2174 formidinem
885 2115 1162 2196 incidi,ut
1183 2135 1258 2178 ne
1271 2118 1506 2179 radium
1528 2117 1767 2198 quidem
1793 2117 1944 2176 lucis
1965 2117 2122 2178 vide-

485 2215 640 2278 rem,
675 2201 780 2262 sed
815 2202 873 2263 in
911 2203 1176 2266 tenebris
1205 2205 1488 2285 degerem
1521 2224 1534 2268 :
1571 2205 1968 2285 putabamque
2002 2225 2122 2265 om-

479 2293 641 2347 nium
663 2307 863 2350 rerum
891 2293 1172 2371 optimam
1204 2312 1336 2356 esse
1361 2301 1584 2374 fugam,
1603 2313 1673 2357 ac
1694 2293 1972 2373 rogabam
1995 2293 2120 2355 dari

479 2376 623 2436 mihi
655 2378 780 2438 alas
833 2381 1105 2443 avolandi
1151 2401 1351 2456 causa,
1387 2393 1451 2444 ut
1497 2383 1639 2445 alibi
1691 2384 2119 2463 quiescerem]

475 2463 593 2526 Cor
621 2484 818 2530 meum
852 2473 1279 2534 conturbatum
1336 2480 1424 2534 est
1479 2479 1544 2534 in
1597 2490 1711 2541 me,
1743 2480 1801 2532 et
1859 2472 2118 2548 formido

473 2557 690 2617 mortis
714 2560 924 2622 cecidit
944 2579 1128 2640 super
1159 2579 1273 2624 me.
1311 2561 1469 2622 Ecce
1501 2579 1606 2623 cor
1639 2579 1863 2638 meum,
1901 2560 2111 2639 inquit.

474 2643 674 2704 omnia
707 2663 834 2708 mea
864 2648 1146 2710 interiora
1175 2656 1418 2712 evertit:
1455 2650 1576 2710 imo
1624 2649 1802 2712 etiam
1858 2648 2116 2724 fonnido

472 2735 686 2795 mortis
707 2737 918 2799 cecidit
942 2755 1130 2810 super
1160 2756 1272 2799 me.
1307 2737 1604 2800 Nimirum
1637 2739 1749 2799 hoc
1791 2735 1865 2796 de
1912 2733 2116 2798 Salva-

473 2820 618 2881 toris
643 2834 829 2886 morte
858 2827 960 2905 ait,
993 2826 1069 2887 ob
1097 2845 1274 2907 quam
1337 2827 1656 2889 formidine
1709 2827 1922 2905 plenus
1974 2828 2117 2887 Pro-

475 2909 648 2986 pheta
680 2922 831 2991 erat,
863 2913 1122 2976 humana
1146 2925 1453 2996 permotus
1485 2916 1842 2993 cogitatione
1868 2934 1882 2975 :
1913 2925 2013 2977 aut
2041 2919 2117 2979 de

479 3006 671 3060 morte
699 3001 1058 3083 animarum,
1091 3022 1238 3084 quas
1266 3022 1372 3084 per
1403 3006 1527 3066 haec
1556 3004 1819 3066 facinora
1874 3008 1937 3071 in
1989 3015 2113 3069 exi-

473 3089 618 3151 tium
650 3109 825 3153 ruere
846 3091 1104 3153 futurum
1139 3104 1283 3154 erat.
1319 3091 1434 3155 Sed
1468 3093 1644 3154 etiam
1677 3096 1856 3156 timor
1905 3107 1964 3158 et
1988 3106 2117 3158 tre-

474 3197 606 3242 mor
629 3180 989 3258 Prophetam
1024 3180 1236 3243 invasit
1286 3189 1628 3243 cernentem
1679 3182 1958 3246 dilectum
2013 3184 2118 3248 Dei

474 3270 596 3330 haec
617 3268 692 3330 ab
723 3268 922 3348 impiis
949 3271 1070 3349 pati
1098 3291 1112 3349 ;
1140 3277 1535 3332 contexerant
1557 3279 1755 3332 autem
1787 3291 1923 3333 eum
1960 3282 2116 3336 tene-

474 3359 620 3431 brae,
647 3359 784 3438 quia
813 3357 1048 3419 scilicet
1075 3357 1340 3419 tenebris
1371 3359 1550 3437 digna
1584 3372 1785 3420 essent
1826 3380 1958 3441 quas
2004 3365 2112 3424 ad-

471 3464 676 3508 versus
707 3447 1072 3510 Salvatorem
1101 3455 1326 3526 patrata
1345 3457 1504 3510 sunt.
1532 3447 1760 3510 Exinde
1791 3467 1930 3513 vero
1951 3453 2116 3532 quasi

470 3535 798 3597 relictusin
834 3535 1032 3596 medio
1077 3554 1279 3598 eorum
1331 3537 1434 3613 qui
1487 3537 1614 3598 haec
1656 3549 1924 3619 agerent,
1955 3540 2118 3602 nullo

470 3624 678 3685 relicto
710 3625 913 3703 eiiugii
977 3625 1128 3698 loco,
1165 3643 1276 3687 nec
1308 3645 1425 3706 quo
1474 3627 1804 3690 declinaret
1853 3647 1888 3689 a
1935 3630 2118 3694 tantis

473 3713 644 3775 malis
673 3714 929 3792 habens,
966 3721 1244 3794 precatur
1292 3732 1357 3776 se
1385 3713 1701 3777 sublimem
1756 3717 1906 3796 rapi,
1941 3727 2118 3798 atque

469 3801 658 3863 instar
685 3801 814 3862 avis
847 3821 953 3880 per
979 3820 1180 3863 aerem
1212 3805 1471 3864 avolare.

547 3893 607 3953 9.
637 3890 1080 3967 Exspectabam
1113 3893 1299 3952 Deum
1348 3894 1458 3971 qui
1502 3897 1739 3956 salvum
1761 3914 1854 3956 me
1872 3899 2044 3973 fecit.
2081 3915 2120 3958 α

468 3979 994 4058 pusittanimitate
1028 3981 1280 4059 spiritus
1331 3989 1388 4042 et
1429 3989 1808 4062 tempestate.
1845 3983 2109 4062 Tempe-

476 4075 692 4128 statem
725 4077 894 4128 vocat
927 4068 1198 4130 dolorem
1247 4067 1364 4130 sibi
1422 4088 1529 4150 per
1559 4073 1894 4150 passionem
1953 4073 2113 4135 obia-

479 4167 624 4220 tum.

555 4249 652 4311 10.
681 4249 977 4322 Quoniam
1007 4247 1132 4309 vidi
1165 4249 1545 4328 iniquitatem
1577 4257 1636 4310 et
1673 4252 2110 4314 contradictio-

473 4355 607 4399 nem
642 4321 1000 4399 incivitate.
1050 4321 1287 4398 Causas.
1333 4337 1578 4418 apponit
1627 4357 1733 4399 cur
1773 4357 1873 4400 eas
1906 4358 2113 4420 preces
2140 4321 2178 4370 ί)

472 4426 710 4487 fuderit.

559 4517 757 4577 13-15.
787 4517 1088 4588 Quoniam
1108 4519 1164 4578 si
1188 4516 1479 4578 inimicus
1498 4517 1919 4580 maledixisset
1939 4521 2112 4594 mihi,

471 4606 896 4666 sustinuissem
921 4608 1150 4685 utique.
1179 4604 1316 4666 Haec
1345 4606 1418 4666 ad
1455 4625 1770 4685 personam
1800 4608 2118 4686 proditoris

466 4693 604 4772 jure
626 4692 983 4754 referantur.
1005 4695 1084 4754 'l'u
1102 4696 1454 4774 vero,homo
1465 4697 1938 4775 unanimis,dua:
1949 4717 2111 4761 meus

472 4791 527 4846 et
555 4793 735 4846 notus
763 4802 946 4846 meus.
985 4785 1164 4857 Quasi
1195 4784 1372 4857 dicat,
1398 4787 1444 4846 A
1479 4805 1572 4847 me
1607 4789 1724 4847 dux
1759 4789 2113 4849 constitutus

475 4871 748 4945 es',Judas
769 4872 1020 4934 scilicet.
1035 4875 1157 4948 ()ui
1167 4876 1356 4935 simul
1366 4891 1596 4945 mecum
1620 4874 1822 4937 dulces
1836 4877 2113 4957 cupiebas

474 4963 654 5024 cibos.
690 4962 948 5024 Perinde
977 4972 1065 5023 est
1089 4981 1158 5025 ac
1217 4964 1269 5024 si
1313 4962 1542 5024 diceret
1575 4982 1592 5024 :
1625 4962 1908 5042 Ejusdem
1957 4983 2114 5045 saepe

477 5069 699 5114 mensae
727 5069 976 5112 consors
1005 5051 1186 5114 fuisti.
1224 5053 1299 5112 In
1330 5053 1508 5113 domo
1537 5053 1642 5112 Dei
1668 5051 2116 5117 ambulavimus

473 5157 609 5203 cum
649 5140 1114 5202 consensu.Hoc
1164 5141 1248 5202 ait
1293 5140 1432 5221 quia
1492 5158 1650 5219 saepe
1709 5159 1844 5201 cum
1894 5142 1995 5203 illo
2059 5146 2112 5205 in

473 5229 757 5307 templum
790 5241 1191 5291 concesserat.

554 5321 651 5380 16.
693 5317 899 5379 Veniat
920 5336 1084 5381 mors
1103 5338 1283 5398 super
1307 5319 1532 5399 ittos,et
1553 5320 1916 5384 descendant
1938 5328 2002 5384 in
2022 5327 2115 5386 in.-

470 5414 706 5482 [ernum
724 5408 1516 5490 viventes.Quandoquidem
1533 5408 1851 5471 noluerunt
1864 5419 1919 5471 te
1934 5412 2111 5474 vitam

471 5495 911 5576 accipere,ideo
938 5516 1098 5560 mors
1113 5497 1370 5579 excipiet
1395 5515 1521 5560 eos.
1557 5495 1709 5558 Illud
1729 5505 1926 5561 autem
1955 5522 1968 5559 :
1993 5502 2111 5564 De-

470 5583 727 5642 scendunt
757 5586 814 5641 iu
833 5588 1112 5658 infernum
1141 5589 1393 5656 viventes,
1417 5588 1551 5660 quia
1578 5586 1842 5645 videlicet
1869 5592 2112 5649 scientes

557 5711 642 5786 (1)
671 5707 822 5773 Vide
852 5712 1154 5776 Onomast.
1190 5712 1260 5775 ad
1292 5729 1498 5774 vocem
1533 5709 1862 5789 Ἀγαπητός.

3613 1814 3698 1847 και
3754 1814 3852 1848 τε-

2203 1869 2554 1944 ταραγμένος,
2578 1873 2650 1934 ὡς
2681 1872 2990 1938 ἐπιστάντος
3023 1897 3112 1946 μοι
3150 1875 3252 1943 ἤδη
3303 1886 3394 1935 τοῦ
3451 1879 3697 1950 θανάτου,
3759 1882 3857 1936 καὶ

2205 1959 2435 2024 τοσαύτη
2469 1983 2558 2016 nov.
2590 1959 2750 2027 ἦλθεν
2779 1961 2979 2038 ἀγωνία
3007 1964 3094 2019 καὶ
3126 1962 3312 2038 φόϐος,
3366 1969 3438 2030 ὣς
3470 1966 3608 2040 μηδὲ
3665 1967 3851 2026 δοκεῖν

2203 2047 2304 2112 τὴν
2333 2047 2524 2104 ἀκτῖνα
2555 2051 2779 2128 φαίνειν,
2813 2049 2932 2106 ἀλλ’
2964 2050 3259 2110 ἓσκοτίσθαι
3288 2073 3300 2084 °
3366 2058 3449 2111 καί
3507 2056 3847 2135 ἐλογισάμην

2206 2137 2302 2202 τὴν
2358 2138 2526 2215 φυγὴν
2558 2159 2694 2201 ειναι
2727 2140 2939 2194 πάντων
2967 2141 3189 2214 ἀμείνω,
3225 2145 3312 2198 καὶ
3364 2146 3621 2225 ηὖχόμην
3681 2147 3848 2225 γινέ-

2208 2227 2324 2280 σθαι
2382 2249 2472 2299 μοι
2505 2229 2764 2305 πτέρυγας
2796 2228 2880 2284 ἐπὶ
2937 2236 3013 2303 τῷ
3071 2235 3397 2304 μεταστῆναι
3455 2236 3542 2291 καὶ
3597 2235 3852 2315 ἀλλαχοῦ

2204 2315 2588 2396 καταπαῦσαι.]
2647 2316 2709 2372 Ἦ
2742 2317 2923 2394 καρδία
2954 2341 3054 2391 μου
3111 2319 3382 2402 ἐταράχθη
3441 2324 3496 2379 ἐν
3554 2328 3694 2402 ἐμοὶ,
3755 2331 3848 2384 καὶ

2206 2400 2369 2458 δειλία
2427 2406 2652 2462 θανάτου
2719 2408 2973 2462 ἐπέπεσεν
3031 2406 3117 2464 ἐπ’
3175 2400 3311 2482 ἐμὲ,
3368 2410 3502 2469 Ἰδοὺ
3572 2416 3604 2480 ἡ
3658 2400 3851 2492 καρδία

2200 2514 2324 2570 μου,
2358 2496 2508 2572 φησὶ,
2543 2493 2814 2572 διέστρεψε
2849 2498 2910 2552 τὰ
2951 2495 3095 2552 ἔνδον
3151 2519 3275 2570 μου·
3339 2500 3476 2556 ἀλλὰ
3531 2505 3614 2558 καὶ
3675 2503 3850 2562 δειλία

2199 2583 2418 2638 θανάτου
2477 2583 2734 2640 ἐπέπεσέν
2791 2585 2878 2641 ἐπ’
2933 2585 3258 2659 ἐμέ.³Ἠτοι
3317 2588 3370 2645 δὲ
3427 2593 3520 2647 τοῦ
3577 2597 3850 2669 σωτηρίου

2199 2672 2422 2760 θανάτου
2453 2671 2619 2748 λέγει,
2653 2674 2736 2752 ἐφ’
2775 2676 2819 2749 ᾦ
2877 2673 3070 2737 δειλίας
3117 2679 3143 2731 ὁ
3205 2681 3486 2758 Προφήτης
3546 2680 3854 2760 ἐπληροῦτο

2201 2759 2508 2835 ἀνθρωπινῳ
2541 2761 2785 2838 λογισμῷ
2833 2765 3165 2839 κινούμενος·
3235 2766 3270 2833 ἢ
3329 2775 3419 2823 τοῦ
3493 2769 3596 2825 τῶν
3646 2774 3853 2848 ψυχῶν

2199 2849 2442 2922 θανάτου,
2475 2856 2582 2904 τῶν
2629 2851 2955 2908 ἀπόλλυσθαι
3017 2854 3322 2927 μελλόντων
3379 2855 3459 2912 διὰ
3503 2859 3568 2914 τὰ
3620 2868 3849 2917 τοιαῦτα

2199 2935 2541 3011 τολμήματα.
2577 2939 2744 2996 Ἀλλὰ
2773 2939 2933 3019 φόϐος
2965 2945 3051 2998 καὶ
3082 2945 3276 3020 τρόμος
3330 2945 3554 3003 ἐπέπεσε
3585 2956 3662 3022 τῷ
3695 2957 3848 3027 Προ-

2135 3045 2175 3094 c
2199 3026 2342 3104 φῆτῃ
2372 3029 2559 3104 ὁρῶντι
2592 3031 2682 3084 τὸν
2705 3031 2982 3107 ἀγαπητὸν
3017 3031 3140 3112 (gl)
3173 3041 3269 3090 τοῦ
3301 3041 3432 3094 θεοῦ
3462 3044 3676 3093 τοιαῦτα
3736 3026 3848 3095 ὕπὸ

2199 3122 2304 3171 τῶν
2334 3114 2536 3172 ἀσεϐῶν
2568 3119 2872 3198 πάσχοντα,
2913 3120 3133 3198 ἔκρυπτε
3190 3120 3245 3177 δὲ
3304 3126 3460 3179 αυτὸν
3515 3125 3726 3200 σκότος,
3765 3129 3850 3192 ὡς

2199 3204 2260 3260 ἂν
2319 3206 2508 3262 σκότου
2566 3206 2777 3274 ἀληθῶς
2809 3207 2924 3273 ἄξια
2955 3211 3022 3265 τα
3063 3213 3199 3267 κατὰ
3228 3219 3320 3269 τοῦ
3382 3215 3632 3291 Σωτῆρος
3697 3213 3848 3292 δρώ-

2199 3315 2353 3367 μενα,
2401 3296 2558 3373 Εἶτα,
2593 3297 2771 3375 ὥσπερ
2794 3296 3128 3377 ἀπολειφθεὶς
3191 3304 3243 3356 ‘ca
3307 3302 3456 3376 μέσῳ
3511 3309 3617 3358 τῶν
3674 3313 3847 3362 ταῦτα

2198 3382 2461 3460 δρώντων.
2502 3386 2641 3458 μήτε
2673 3387 2794 3460 μίαν
2841 3408 2895 3441 τε
2955 3386 3097 3468 ἔχων
3150 3389 3454 3468 ἀποφυγὴν,
3517 3391 3652 3465 μηδέ
3711 3392 3844 3452 ὅποι

2199 3471 2380 3536 κλίνας
2405 3473 2586 3529 ἑαυτὸν
2617 3474 2769 3538 ἐκτὸς
2801 3482 2906 3530 τῶν
2938 3483 3116 3531 κακῶν
3165 3478 3395 3559 γένοιτο,
3457 3480 3675 3559 εὔχεται
3733 3504 3844 3554 με·

2200 3563 2394 3638 τέωρος
2460 3563 2770 3642 ἐπαρθῆναι,
2836 3567 2923 3620 καὶ
2976 3569 3173 3632 πτηνὸς
3232 3570 3516 3645 γενόμενος
3563 3568 3630 3625 δι’
3687 3571 3845 3648 ἀέρος

2207 3651 2458 3731 ἐκφυγεῖν
2469 3701 2481 3712 ,

2287 3908 2697 3988 Ιιὸοσεδεχόμην
2767 3915 2854 3968 τάν
2911 3916 3039 3968 Θεὸν
3109 3917 3347 3986 σώζοντᾶ
3405 3939 3473 3990 με
3503 3961 3516 3985 ,
3565 3916 3667 3972 ὰπὸ
3716 3917 3843 3973 ὀλισ-

2197 3999 2461 4075 γοψυχίας
2549 4002 2635 4055 καὶ
2696 3999 2798 4056 ἀπὸ
2841 4001 3163 4078 καταιγίδος.
3229 3999 3524 4080 Καταιγίδα
3593 4006 3846 4078 ὀνομάζει

2199 4088 2296 4152 τὴν
2326 4084 2409 4143 διὰ
2441 4096 2532 4144 τοῦ
2561 4091 2754 4152 πάθους
2789 4091 2930 4165 αὒτῳ
2961 4090 3230 4166 συμϐᾶσαν
3263 4091 3464 4159 λύπην.

2277 4263 2410 4320 "Ott
2453 4264 2596 4321 εἶδον
2650 4267 2873 4340 ἀνομίαν
2929 4272 3014 4323 καὶ
3054 4269 3358 4347 ἀντιλογίαν
3417 4273 3471 4326 ἐν
3535 4277 3602 4347 τῇ
3664 4272 3841 4331 πόλει.

2201 4354 2379 4408 Αίτίαν
2411 4356 2718 4431 παροτίθησι
2764 4354 2830 4411 δι’
2859 4356 2922 4421 ἤν
2982 4361 3066 4414 καὶ
3120 4359 3218 4426 τήν
3276 4361 3582 4440 προσευχὴν
3639 4359 3843 4431 ἐποιή-

2202 4463 2354 4503 σατο,

2282 4528 2438 4595 ”Οτι,
2475 4535 2519 4586 εἰ
2568 4532 2758 4611 ἐχθρός
2793 4533 3024 4591 ὠνείδισέ
3080 4559 3170 4609 με,
3223 4539 3499 4614 ὑπήνεγκα
3554 4539 3638 4599 ἂν,
3689 4547 3836 4595 Ταῦ-

2201 4643 2264 4676 τα
2297 4622 2371 4684 εἰς
2401 4628 2686 4697 πρόσωπον
2715 4632 2807 4680 τοῦ
2835 4626 3092 4701 προδότου
3133 4624 3432 4705 ἀναφέρουὲ
3481 4626 3544 4682 ἂν
3590 4625 3831 4692 δικαίως,

2199 4712 2268 4765 Σὺ
2317 4707 2395 4779 δὲ,
2443 4711 2679 4787 ἄνθρωπε
2737 4713 2991 4794 ἰσόψυχε,
3043 4717 3265 4793 ἡγεμών
3323 4737 3420 4790 μου
3486 4719 3572 4772 καὶ
3629 4718 3841 4793 γ-’ωστέ

2194 4820 2318 4875 μου,
2359 4797 2499 4856 Ἀντὶ
2531 4808 2647 4879 τοῦ,
2684 4804 3022 4869 Κατεστάθης
3053 4805 3272 4878 ἡγεμὼν
3300 4804 3388 4860 ὑπ’
3425 4804 3572 4879 ἐμοῦ.
3620 4808 3648 4861 ὁ
3690 4805 3837 4861 Ἰού-

2195 4886 2287 4950 δας
2319 4886 2586 4954 δηλονότι,
2645 4889 2753 4952 "Oc
2814 4891 2899 4948 ἐπὶ
2955 4895 3014 4948 τὸ
3072 4894 3197 4949 αὐτό
3255 4891 3543 4970 ἐγλύκανάς
3593 4916 3683 4968 μοι
3716 4893 3842 4950 ἐδὲ-

2198 4997 2395 5049 σματα,
2433 4975 2668 5051 ’Ὅμοιον
2698 4981 2827 5035 ὡσεὶ
2854 4980 3024 5058 λέγοι·
3061 4989 3168 5047 Τῆς
3215 4984 3376 5047 αὐτῆς
3406 4983 3667 5059 τραπέζης
3699 4983 3842 5039 πολ-

2198 5063 2349 5128 λάκις
2381 5066 2698 5138 ἠξιωμένος.
2767 5068 2859 5126 Ἐν
2915 5079 2991 5125 τω
3046 5069 3184 5144 οἴκῳ
3233 5079 3326 5127 τοῦ
3382 5078 3512 5126 Θεοῦ
3541 5071 3838 5146 ἐπορεύθη-

2200 5175 2295 5227 μεν
2359 5159 2412 5212 ἐν
2471 5159 2712 5230 ὁμονοίᾳ,
2774 5161 2936 5214 Τοῦτό
2995 5182 3125 5236 φησι
3177 5158 3261 5215 διὰ
3321 5163 3380 5216 τὸ
3433 5159 3844 5226 συνεληλυθέναι

2201 5245 2342 5316 αὒτῷ
2371 5245 2628 5310 πολλάκις
2661 5250 2732 5309 εἷς
2765 5248 2825 5302 τὸ
2855 5249 3024 5325 ἱερόν.

2280 5330 2528 5390 ’Ἒλθέτω
2577 5333 2641 5402 δή
2695 5337 2916 5400 θάνατος
2975 5336 3058 5393 ἐπ’
3095 5341 3303 5413 αὐτοὺς,
3372 5341 3459 5395 καὶ
3515 5338 3843 5408 καταόήτω-

2196 5443 2291 5479 σαν
2322 5426 2396 5486 εἰς
2447 5422 2573 5495 ᾅδου
2616 5432 2832 5497 ζῶντες.
2891 5424 3112 5495 Ἐπειδὴ
3156 5429 3250 5487 οὒκ
3319 5428 3576 5495 ὶθέλησάν
3623 5449 3682 5486 σε
3738 5429 3842 5496 τὴν

2196 5512 2337 5582 ζωὴν
2396 5511 2824 5592 παραδέξασθαι,
2879 5516 3046 5592 ταύτῃ
3097 5540 3181 5576 τοι
3259 5517 3485 5583 θάνατος
3545 5515 3837 5584 διαδέξεται

2197 5601 2403 5664 αὖτοὺς,
2467 5607 2535 5660 Τὸ
2585 5602 2660 5675 δὲ,
2735 5603 3127 5675 Καταϐήτωσαν
3183 5610 3253 5671 είς
3302 5607 3422 5681 ᾅδω
3479 5614 3699 5681 ζῶντες,
3754 5609 3838 5664 ὅτι
