  <div class='ocr_page' id='page_1' title='image "/cluster/home/n/w/nwhite01/storage/ocr_20150623/27/hvd.32044054272802/135.png"; bbox 0 0 4006 6204; ppageno 0'>
   <div class='ocr_carea' id='block_1_1' title="bbox 479 371 595 438">
    <p class='ocr_par' dir='ltr' id='par_1_1' title="bbox 479 371 595 438">
     <span class='ocr_line' id='line_1_1' title="bbox 479 371 595 438; baseline 0 0"><span class='ocrx_word' id='word_1_1' title='bbox 479 371 595 438; x_wconf 71' lang='grc'><strong>259</strong></span> 
     </span>
    </p>
   </div>
   <div class='ocr_carea' id='block_1_2' title="bbox 484 692 2125 773">
    <p class='ocr_par' dir='ltr' id='par_1_2' title="bbox 484 692 2125 773">
     <span class='ocr_line' id='line_1_2' title="bbox 484 692 2125 773; baseline 0.002 -22"><span class='ocrx_word' id='word_1_2' title='bbox 484 692 687 753; x_wconf 75' lang='lat' dir='ltr'><strong>{actori</strong></span> <span class='ocrx_word' id='word_1_3' title='bbox 720 693 1170 756; x_wconf 78' lang='lat' dir='ltr'><strong>reddamMisit</strong></span> <span class='ocrx_word' id='word_1_4' title='bbox 1191 694 1265 754; x_wconf 85' lang='lat' dir='ltr'><strong>de</strong></span> <span class='ocrx_word' id='word_1_5' title='bbox 1292 694 1435 773; x_wconf 71' lang='lat' dir='ltr'><strong>caelo</strong></span> <span class='ocrx_word' id='word_1_6' title='bbox 1458 702 1512 755; x_wconf 84' lang='lat' dir='ltr'><strong>et</strong></span> <span class='ocrx_word' id='word_1_7' title='bbox 1545 694 1826 756; x_wconf 73' lang='lat' dir='ltr'><strong>liberavit</strong></span> <span class='ocrx_word' id='word_1_8' title='bbox 1855 712 1945 756; x_wconf 88' lang='lat' dir='ltr'><strong>me</strong></span> <span class='ocrx_word' id='word_1_9' title='bbox 2002 694 2125 755; x_wconf 90' lang='lat' dir='ltr'><strong>Do-</strong></span> 
     </span>
    </p>
   </div>
   <div class='ocr_carea' id='block_1_3' title="bbox 484 780 2122 863">
    <p class='ocr_par' dir='ltr' id='par_1_3' title="bbox 484 780 2122 863">
     <span class='ocr_line' id='line_1_3' title="bbox 484 780 2122 863; baseline 0.002 -23"><span class='ocrx_word' id='word_1_10' title='bbox 484 780 626 840; x_wconf 88' lang='lat' dir='ltr'><strong>mini</strong></span> <span class='ocrx_word' id='word_1_11' title='bbox 658 780 969 841; x_wconf 80' lang='lat' dir='ltr'><strong>adventum</strong></span> <span class='ocrx_word' id='word_1_12' title='bbox 995 793 1199 860; x_wconf 90' lang='lat' dir='ltr'><strong>aperte</strong></span> <span class='ocrx_word' id='word_1_13' title='bbox 1245 783 1546 861; x_wconf 66' lang='lat' dir='ltr'><strong>praedicat.</strong></span> <span class='ocrx_word' id='word_1_14' title='bbox 1595 782 1773 844; x_wconf 82' lang='lat' dir='ltr'><strong>Dedit</strong></span> <span class='ocrx_word' id='word_1_15' title='bbox 1804 785 1871 844; x_wconf 84' lang='lat' dir='ltr'><strong>in</strong></span> <span class='ocrx_word' id='word_1_16' title='bbox 1903 801 2122 863; x_wconf 79' lang='lat' dir='ltr'><strong>oppro-</strong></span> 
     </span>
    </p>
   </div>
   <div class='ocr_carea' id='block_1_4' title="bbox 480 868 2121 949">
    <p class='ocr_par' dir='ltr' id='par_1_4' title="bbox 480 868 2121 949">
     <span class='ocr_line' id='line_1_4' title="bbox 480 868 2121 949; baseline 0.002 -20"><span class='ocrx_word' id='word_1_17' title='bbox 480 869 676 929; x_wconf 83' lang='lat' dir='ltr'><strong>brium</strong></span> <span class='ocrx_word' id='word_1_18' title='bbox 700 868 1125 931; x_wconf 86' lang='lat' dir='ltr'><strong>coneuleantes</strong></span> <span class='ocrx_word' id='word_1_19' title='bbox 1149 871 1623 949; x_wconf 86' lang='lat' dir='ltr'><strong>me.Spirituales</strong></span> <span class='ocrx_word' id='word_1_20' title='bbox 1641 870 1916 932; x_wconf 80' lang='lat' dir='ltr'><strong>videlicet</strong></span> <span class='ocrx_word' id='word_1_21' title='bbox 1939 881 1991 933; x_wconf 90' lang='lat' dir='ltr'><strong>el</strong></span> <span class='ocrx_word' id='word_1_22' title='bbox 2022 872 2121 933; x_wconf 87' lang='lat' dir='ltr'><strong>ad-</strong></span> 
     </span>
    </p>
   </div>
   <div class='ocr_carea' id='block_1_5' title="bbox 480 955 2123 1038">
    <p class='ocr_par' dir='ltr' id='par_1_5' title="bbox 480 955 2123 1038">
     <span class='ocr_line' id='line_1_5' title="bbox 480 955 2123 1038; baseline 0.004 -25"><span class='ocrx_word' id='word_1_23' title='bbox 480 955 763 1019; x_wconf 80' lang='lat' dir='ltr'><strong>versarias</strong></span> <span class='ocrx_word' id='word_1_24' title='bbox 786 958 1535 1036; x_wconf 85' lang='lat' dir='ltr'><strong>potestates.[Benelicium</strong></span> <span class='ocrx_word' id='word_1_25' title='bbox 1561 978 1701 1037; x_wconf 85' lang='lat' dir='ltr'><strong>ergo</strong></span> <span class='ocrx_word' id='word_1_26' title='bbox 1737 960 2022 1038; x_wconf 58' lang='lat' dir='ltr'><strong>praebeas,</strong></span> <span class='ocrx_word' id='word_1_27' title='bbox 2062 969 2123 1020; x_wconf 90' lang='lat' dir='ltr'><strong>ut</strong></span> 
     </span>
    </p>
   </div>
   <div class='ocr_carea' id='block_1_6' title="bbox 482 1045 2120 1121">
    <p class='ocr_par' dir='ltr' id='par_1_6' title="bbox 482 1045 2120 1121">
     <span class='ocr_line' id='line_1_6' title="bbox 482 1045 2120 1121; baseline 0.003 -16"><span class='ocrx_word' id='word_1_28' title='bbox 482 1046 886 1107; x_wconf 84' lang='lat' dir='ltr'><strong>mihifacultas</strong></span> <span class='ocrx_word' id='word_1_29' title='bbox 909 1045 984 1106; x_wconf 92' lang='lat' dir='ltr'><strong>sit</strong></span> <span class='ocrx_word' id='word_1_30' title='bbox 1008 1047 1248 1109; x_wconf 85' lang='lat' dir='ltr'><strong>dicendi</strong></span> <span class='ocrx_word' id='word_1_31' title='bbox 1293 1048 1749 1121; x_wconf 84' lang='lat' dir='ltr'><strong>cumfacultate,</strong></span> <span class='ocrx_word' id='word_1_32' title='bbox 1783 1059 1838 1109; x_wconf 92' lang='lat' dir='ltr'><strong>te</strong></span> <span class='ocrx_word' id='word_1_33' title='bbox 1871 1050 1945 1110; x_wconf 88' lang='lat' dir='ltr'><strong>de</strong></span> <span class='ocrx_word' id='word_1_34' title='bbox 1972 1049 2120 1110; x_wconf 77' lang='lat' dir='ltr'><strong>cmlo</strong></span> 
     </span>
    </p>
   </div>
   <div class='ocr_carea' id='block_1_7' title="bbox 480 1136 2119 1216">
    <p class='ocr_par' dir='ltr' id='par_1_7' title="bbox 480 1136 2119 1216">
     <span class='ocr_line' id='line_1_7' title="bbox 480 1136 2119 1216; baseline 0.004 -23"><span class='ocrx_word' id='word_1_35' title='bbox 480 1144 680 1195; x_wconf 85' lang='lat' dir='ltr'><strong>nostra</strong></span> <span class='ocrx_word' id='word_1_36' title='bbox 706 1136 1049 1213; x_wconf 83' lang='lat' dir='ltr'><strong>respicere:</strong></span> <span class='ocrx_word' id='word_1_37' title='bbox 1098 1144 1157 1196; x_wconf 89' lang='lat' dir='ltr'><strong>et</strong></span> <span class='ocrx_word' id='word_1_38' title='bbox 1201 1148 1400 1197; x_wconf 82' lang='lat' dir='ltr'><strong>nostra</strong></span> <span class='ocrx_word' id='word_1_39' title='bbox 1440 1137 1682 1216; x_wconf 85' lang='lat' dir='ltr'><strong>quidem</strong></span> <span class='ocrx_word' id='word_1_40' title='bbox 1722 1139 2027 1199; x_wconf 77' lang='lat' dir='ltr'><strong>meliorem</strong></span> <span class='ocrx_word' id='word_1_41' title='bbox 2058 1138 2119 1199; x_wconf 91' lang='lat' dir='ltr'><strong>in</strong></span> 
     </span>
    </p>
   </div>
   <div class='ocr_carea' id='block_1_8' title="bbox 391 1220 2117 1301">
    <p class='ocr_par' dir='ltr' id='par_1_8' title="bbox 391 1220 2117 1301">
     <span class='ocr_line' id='line_1_8' title="bbox 391 1220 2117 1301; baseline 0.003 -20"><span class='ocrx_word' id='word_1_42' title='bbox 391 1298 393 1301; x_wconf 19' lang='grc' dir='ltr'>ι</span> <span class='ocrx_word' id='word_1_43' title='bbox 477 1220 882 1283; x_wconf 73' lang='lat' dir='ltr'><strong>conditionem</strong></span> <span class='ocrx_word' id='word_1_44' title='bbox 909 1222 1257 1295; x_wconf 82' lang='lat' dir='ltr'><strong>deduxisse,</strong></span> <span class='ocrx_word' id='word_1_45' title='bbox 1295 1244 1391 1287; x_wconf 87' lang='lat' dir='ltr'><strong>res</strong></span> <span class='ocrx_word' id='word_1_46' title='bbox 1416 1234 1612 1286; x_wconf 88' lang='lat' dir='ltr'><strong>autem</strong></span> <span class='ocrx_word' id='word_1_47' title='bbox 1638 1226 2117 1287; x_wconf 78' lang='lat' dir='ltr'><strong>adversariorum</strong></span> 
     </span>
    </p>
   </div>
   <div class='ocr_carea' id='block_1_9' title="bbox 478 1310 2120 1395">
    <p class='ocr_par' dir='ltr' id='par_1_9' title="bbox 478 1310 2120 1395">
     <span class='ocr_line' id='line_1_9' title="bbox 478 1310 2120 1395; baseline 0.002 -24"><span class='ocrx_word' id='word_1_48' title='bbox 478 1319 685 1372; x_wconf 90' lang='lat' dir='ltr'><strong>contra</strong></span> <span class='ocrx_word' id='word_1_49' title='bbox 705 1311 764 1370; x_wconf 90' lang='lat' dir='ltr'><strong>in</strong></span> <span class='ocrx_word' id='word_1_50' title='bbox 782 1310 1168 1391; x_wconf 85' lang='lat' dir='ltr'><strong>opprobrium</strong></span> <span class='ocrx_word' id='word_1_51' title='bbox 1190 1313 1622 1375; x_wconf 85' lang='lat' dir='ltr'><strong>detulisse.Aut</strong></span> <span class='ocrx_word' id='word_1_52' title='bbox 1639 1314 1713 1375; x_wconf 91' lang='lat' dir='ltr'><strong>de</strong></span> <span class='ocrx_word' id='word_1_53' title='bbox 1731 1315 1917 1374; x_wconf 88' lang='lat' dir='ltr'><strong>salute</strong></span> <span class='ocrx_word' id='word_1_54' title='bbox 1936 1316 2120 1395; x_wconf 87' lang='lat' dir='ltr'><strong>loqui-</strong></span> 
     </span>
    </p>
   </div>
   <div class='ocr_carea' id='block_1_10' title="bbox 478 1403 2117 1483">
    <p class='ocr_par' dir='ltr' id='par_1_10' title="bbox 478 1403 2117 1483">
     <span class='ocr_line' id='line_1_10' title="bbox 478 1403 2117 1483; baseline 0.002 -23"><span class='ocrx_word' id='word_1_55' title='bbox 478 1411 778 1480; x_wconf 87' lang='lat' dir='ltr'><strong>tur,quam</strong></span> <span class='ocrx_word' id='word_1_56' title='bbox 800 1410 1156 1461; x_wconf 87' lang='lat' dir='ltr'><strong>consecutus</strong></span> <span class='ocrx_word' id='word_1_57' title='bbox 1179 1412 1266 1463; x_wconf 89' lang='lat' dir='ltr'><strong>est</strong></span> <span class='ocrx_word' id='word_1_58' title='bbox 1290 1404 1349 1462; x_wconf 92' lang='lat' dir='ltr'><strong>in</strong></span> <span class='ocrx_word' id='word_1_59' title='bbox 1370 1403 1655 1483; x_wconf 81' lang='lat' dir='ltr'><strong>spelunca</strong></span> <span class='ocrx_word' id='word_1_60' title='bbox 1683 1424 1694 1464; x_wconf 90' lang='lat'>:</span> <span class='ocrx_word' id='word_1_61' title='bbox 1737 1404 1976 1482; x_wconf 82' lang='lat' dir='ltr'><strong>quando</strong></span> <span class='ocrx_word' id='word_1_62' title='bbox 2002 1404 2117 1464; x_wconf 86' lang='lat' dir='ltr'><strong>ini-</strong></span> 
     </span>
    </p>
   </div>
   <div class='ocr_carea' id='block_1_11' title="bbox 479 1487 2122 1572">
    <p class='ocr_par' dir='ltr' id='par_1_11' title="bbox 479 1487 2122 1572">
     <span class='ocr_line' id='line_1_11' title="bbox 479 1487 2122 1572; baseline 0.004 -26"><span class='ocrx_word' id='word_1_63' title='bbox 479 1487 695 1548; x_wconf 93' lang='lat' dir='ltr'><strong>micum</strong></span> <span class='ocrx_word' id='word_1_64' title='bbox 712 1506 884 1548; x_wconf 89' lang='lat' dir='ltr'><strong>suum</strong></span> <span class='ocrx_word' id='word_1_65' title='bbox 901 1488 962 1549; x_wconf 88' lang='lat' dir='ltr'><strong>in</strong></span> <span class='ocrx_word' id='word_1_66' title='bbox 980 1498 1328 1568; x_wconf 87' lang='lat' dir='ltr'><strong>potestatem</strong></span> <span class='ocrx_word' id='word_1_67' title='bbox 1351 1492 1705 1571; x_wconf 84' lang='lat' dir='ltr'><strong>accepit,cui</strong></span> <span class='ocrx_word' id='word_1_68' title='bbox 1719 1491 1895 1552; x_wconf 90' lang='lat' dir='ltr'><strong>etiam</strong></span> <span class='ocrx_word' id='word_1_69' title='bbox 1916 1510 2122 1572; x_wconf 87' lang='lat' dir='ltr'><strong>peper-</strong></span> 
     </span>
    </p>
   </div>
   <div class='ocr_carea' id='block_1_12' title="bbox 479 1576 2119 1660">
    <p class='ocr_par' dir='ltr' id='par_1_12' title="bbox 479 1576 2119 1660">
     <span class='ocr_line' id='line_1_12' title="bbox 479 1576 2119 1660; baseline 0.002 -23"><span class='ocrx_word' id='word_1_70' title='bbox 479 1576 751 1650; x_wconf 88' lang='lat' dir='ltr'><strong>cit.Quod</strong></span> <span class='ocrx_word' id='word_1_71' title='bbox 773 1578 1012 1657; x_wconf 86' lang='lat' dir='ltr'><strong>quidem</strong></span> <span class='ocrx_word' id='word_1_72' title='bbox 1039 1578 1099 1639; x_wconf 92' lang='lat' dir='ltr'><strong>in</strong></span> <span class='ocrx_word' id='word_1_73' title='bbox 1122 1582 1543 1642; x_wconf 84' lang='lat' dir='ltr'><strong>contumeliam</strong></span> <span class='ocrx_word' id='word_1_74' title='bbox 1560 1581 1739 1642; x_wconf 91' lang='lat' dir='ltr'><strong>vertit</strong></span> <span class='ocrx_word' id='word_1_75' title='bbox 1760 1581 1814 1640; x_wconf 93' lang='lat' dir='ltr'><strong>ei</strong></span> <span class='ocrx_word' id='word_1_76' title='bbox 1838 1581 1937 1660; x_wconf 90' lang='lat' dir='ltr'><strong>qui</strong></span> <span class='ocrx_word' id='word_1_77' title='bbox 1966 1581 2119 1659; x_wconf 84' lang='lat' dir='ltr'><strong>peri-</strong></span> 
     </span>
    </p>
   </div>
   <div class='ocr_carea' id='block_1_13' title="bbox 477 1667 2113 1747">
    <p class='ocr_par' dir='ltr' id='par_1_13' title="bbox 477 1667 2113 1747">
     <span class='ocr_line' id='line_1_13' title="bbox 477 1667 2113 1747; baseline 0.001 -21"><span class='ocrx_word' id='word_1_78' title='bbox 477 1667 674 1727; x_wconf 80' lang='lat' dir='ltr'><strong>culum</strong></span> <span class='ocrx_word' id='word_1_79' title='bbox 691 1667 1110 1747; x_wconf 81' lang='lat' dir='ltr'><strong>evasit,utpote</strong></span> <span class='ocrx_word' id='word_1_80' title='bbox 1129 1670 1227 1747; x_wconf 84' lang='lat' dir='ltr'><strong>qui</strong></span> <span class='ocrx_word' id='word_1_81' title='bbox 1246 1671 1529 1731; x_wconf 79' lang='lat' dir='ltr'><strong>servatori</strong></span> <span class='ocrx_word' id='word_1_82' title='bbox 1543 1688 1650 1730; x_wconf 92' lang='lat' dir='ltr'><strong>suo</strong></span> <span class='ocrx_word' id='word_1_83' title='bbox 1668 1668 1916 1729; x_wconf 84' lang='lat' dir='ltr'><strong>insidias</strong></span> <span class='ocrx_word' id='word_1_84' title='bbox 1929 1678 2091 1728; x_wconf 90' lang='lat' dir='ltr'><strong>strue</strong></span> <span class='ocrx_word' id='word_1_85' title='bbox 2108 1704 2113 1709; x_wconf 28' lang='grc' dir='ltr'><strong>ι</strong></span> 
     </span>
    </p>
   </div>
   <div class='ocr_carea' id='block_1_14' title="bbox 472 1756 2176 1844">
    <p class='ocr_par' dir='ltr' id='par_1_14' title="bbox 472 1756 2176 1844">
     <span class='ocr_line' id='line_1_14' title="bbox 472 1756 2176 1844; baseline 0.002 -27"><span class='ocrx_word' id='word_1_86' title='bbox 472 1756 620 1835; x_wconf 55' lang='grc' dir='ltr'>τοι]</span> <span class='ocrx_word' id='word_1_87' title='bbox 641 1756 810 1820; x_wconf 81' lang='lat' dir='ltr'><strong>Misit</strong></span> <span class='ocrx_word' id='word_1_88' title='bbox 833 1757 991 1818; x_wconf 87' lang='lat' dir='ltr'><strong>Deus</strong></span> <span class='ocrx_word' id='word_1_89' title='bbox 1011 1759 1497 1820; x_wconf 83' lang='lat' dir='ltr'><strong>misericordiam</strong></span> <span class='ocrx_word' id='word_1_90' title='bbox 1520 1776 1697 1821; x_wconf 86' lang='lat' dir='ltr'><strong>suam</strong></span> <span class='ocrx_word' id='word_1_91' title='bbox 1720 1767 1781 1819; x_wconf 82' lang='lat' dir='ltr'><strong>et</strong></span> <span class='ocrx_word' id='word_1_92' title='bbox 1800 1758 2117 1820; x_wconf 70' lang='lat' dir='ltr'><strong>veritatem</strong></span> <span class='ocrx_word' id='word_1_93' title='bbox 2142 1795 2176 1844; x_wconf 75' lang='grc' dir='ltr'><strong>Β</strong></span> 
     </span>
    </p>
   </div>
   <div class='ocr_carea' id='block_1_15' title="bbox 472 1844 2003 1911">
    <p class='ocr_par' dir='ltr' id='par_1_15' title="bbox 472 1844 2003 1911">
     <span class='ocr_line' id='line_1_15' title="bbox 472 1844 2003 1911; baseline 0.001 -5"><span class='ocrx_word' id='word_1_94' title='bbox 472 1862 668 1906; x_wconf 84' lang='lat' dir='ltr'><strong>suam.</strong></span> <span class='ocrx_word' id='word_1_95' title='bbox 704 1844 1118 1907; x_wconf 86' lang='lat' dir='ltr'><strong>Misericordia</strong></span> <span class='ocrx_word' id='word_1_96' title='bbox 1145 1858 1201 1907; x_wconf 90' lang='lat' dir='ltr'><strong>et</strong></span> <span class='ocrx_word' id='word_1_97' title='bbox 1221 1847 1434 1908; x_wconf 88' lang='lat' dir='ltr'><strong>veritas</strong></span> <span class='ocrx_word' id='word_1_98' title='bbox 1466 1849 1657 1911; x_wconf 84' lang='lat' dir='ltr'><strong>Patris</strong></span> <span class='ocrx_word' id='word_1_99' title='bbox 1686 1846 1870 1909; x_wconf 86' lang='lat' dir='ltr'><strong>Filius</strong></span> <span class='ocrx_word' id='word_1_100' title='bbox 1891 1855 2003 1908; x_wconf 88' lang='lat' dir='ltr'><strong>est.</strong></span> 
     </span>
    </p>
   </div>
   <div class='ocr_carea' id='block_1_16' title="bbox 553 1934 2111 2013">
    <p class='ocr_par' dir='ltr' id='par_1_16' title="bbox 553 1934 2111 2013">
     <span class='ocr_line' id='line_1_16' title="bbox 553 1934 2111 2013; baseline 0.003 -20"><span class='ocrx_word' id='word_1_101' title='bbox 553 1936 608 1993; x_wconf 78' lang='grc'><strong>5.</strong></span> <span class='ocrx_word' id='word_1_102' title='bbox 649 1934 723 1994; x_wconf 85' lang='lat' dir='ltr'><strong>Et</strong></span> <span class='ocrx_word' id='word_1_103' title='bbox 747 1936 974 2012; x_wconf 69' lang='lat' dir='ltr'><strong>eripuit</strong></span> <span class='ocrx_word' id='word_1_104' title='bbox 1005 1938 1270 2013; x_wconf 69' lang='lat' dir='ltr'><strong>animum</strong></span> <span class='ocrx_word' id='word_1_105' title='bbox 1319 1955 1515 1999; x_wconf 87' lang='lat' dir='ltr'><strong>meam</strong></span> <span class='ocrx_word' id='word_1_106' title='bbox 1547 1938 1618 1998; x_wconf 84' lang='lat' dir='ltr'><strong>de</strong></span> <span class='ocrx_word' id='word_1_107' title='bbox 1646 1938 1846 1997; x_wconf 87' lang='lat' dir='ltr'><strong>medio</strong></span> <span class='ocrx_word' id='word_1_108' title='bbox 1876 1936 2111 1998; x_wconf 86' lang='lat' dir='ltr'><strong>catulo-</strong></span> 
     </span>
    </p>
   </div>
   <div class='ocr_carea' id='block_1_17' title="bbox 472 2022 2112 2103">
    <p class='ocr_par' dir='ltr' id='par_1_17' title="bbox 472 2022 2112 2103">
     <span class='ocr_line' id='line_1_17' title="bbox 472 2022 2112 2103; baseline -0.001 -18"><span class='ocrx_word' id='word_1_109' title='bbox 472 2032 596 2085; x_wconf 88' lang='lat' dir='ltr'><strong>tum</strong></span> <span class='ocrx_word' id='word_1_110' title='bbox 647 2022 909 2086; x_wconf 82' lang='lat' dir='ltr'><strong>leonum.</strong></span> <span class='ocrx_word' id='word_1_111' title='bbox 944 2023 1200 2103; x_wconf 86' lang='lat' dir='ltr'><strong>[Medius</strong></span> <span class='ocrx_word' id='word_1_112' title='bbox 1229 2025 1461 2087; x_wconf 85' lang='lat' dir='ltr'><strong>scilicet</strong></span> <span class='ocrx_word' id='word_1_113' title='bbox 1484 2026 1726 2086; x_wconf 90' lang='lat' dir='ltr'><strong>relictus</strong></span> <span class='ocrx_word' id='word_1_114' title='bbox 1756 2025 1916 2085; x_wconf 86' lang='lat' dir='ltr'><strong>inter</strong></span> <span class='ocrx_word' id='word_1_115' title='bbox 1945 2034 2112 2085; x_wconf 88' lang='lat' dir='ltr'><strong>catu-</strong></span> 
     </span>
    </p>
   </div>
   <div class='ocr_carea' id='block_1_18' title="bbox 471 2112 2108 2194">
    <p class='ocr_par' dir='ltr' id='par_1_18' title="bbox 471 2112 2108 2194">
     <span class='ocr_line' id='line_1_18' title="bbox 471 2112 2108 2194; baseline 0.002 -22"><span class='ocrx_word' id='word_1_116' title='bbox 471 2112 558 2173; x_wconf 91' lang='lat' dir='ltr'><strong>los</strong></span> <span class='ocrx_word' id='word_1_117' title='bbox 614 2112 855 2173; x_wconf 90' lang='lat' dir='ltr'><strong>leonum</strong></span> <span class='ocrx_word' id='word_1_118' title='bbox 901 2114 1305 2194; x_wconf 74' lang='lat' dir='ltr'><strong>Gethzeorum,</strong></span> <span class='ocrx_word' id='word_1_119' title='bbox 1360 2133 1578 2194; x_wconf 90' lang='lat' dir='ltr'><strong>nempe</strong></span> <span class='ocrx_word' id='word_1_120' title='bbox 1608 2112 2108 2189; x_wconf 61' lang='lat' dir='ltr'><strong>alienigenarum.</strong></span> 
     </span>
    </p>
   </div>
   <div class='ocr_carea' id='block_1_19' title="bbox 469 2201 2109 2283">
    <p class='ocr_par' dir='ltr' id='par_1_19' title="bbox 469 2201 2109 2283">
     <span class='ocr_line' id='line_1_19' title="bbox 469 2201 2109 2283; baseline -0.001 -19"><span class='ocrx_word' id='word_1_121' title='bbox 469 2206 587 2264; x_wconf 85' lang='lat' dir='ltr'><strong>Aut</strong></span> <span class='ocrx_word' id='word_1_122' title='bbox 617 2211 901 2282; x_wconf 87' lang='lat' dir='ltr'><strong>quantum</strong></span> <span class='ocrx_word' id='word_1_123' title='bbox 936 2221 1036 2281; x_wconf 88' lang='lat' dir='ltr'><strong>per</strong></span> <span class='ocrx_word' id='word_1_124' title='bbox 1065 2221 1159 2264; x_wconf 89' lang='lat' dir='ltr'><strong>me</strong></span> <span class='ocrx_word' id='word_1_125' title='bbox 1187 2204 1372 2283; x_wconf 83' lang='lat' dir='ltr'><strong>stetit,</strong></span> <span class='ocrx_word' id='word_1_126' title='bbox 1402 2222 1470 2264; x_wconf 81' lang='lat' dir='ltr'><strong>ex</strong></span> <span class='ocrx_word' id='word_1_127' title='bbox 1504 2204 1763 2263; x_wconf 89' lang='lat' dir='ltr'><strong>humana</strong></span> <span class='ocrx_word' id='word_1_128' title='bbox 1809 2201 2109 2281; x_wconf 91' lang='lat' dir='ltr'><strong>impietate</strong></span> 
     </span>
    </p>
   </div>
   <div class='ocr_carea' id='block_1_20' title="bbox 468 2289 2108 2370">
    <p class='ocr_par' dir='ltr' id='par_1_20' title="bbox 468 2289 2108 2370">
     <span class='ocr_line' id='line_1_20' title="bbox 468 2289 2108 2370; baseline 0.001 -20"><span class='ocrx_word' id='word_1_129' title='bbox 468 2289 722 2352; x_wconf 84' lang='lat' dir='ltr'><strong>dormivi</strong></span> <span class='ocrx_word' id='word_1_130' title='bbox 779 2290 1193 2354; x_wconf 82' lang='lat' dir='ltr'><strong>conturbatus.</strong></span> <span class='ocrx_word' id='word_1_131' title='bbox 1255 2290 1477 2354; x_wconf 84' lang='lat' dir='ltr'><strong>Verum</strong></span> <span class='ocrx_word' id='word_1_132' title='bbox 1522 2290 1893 2370; x_wconf 83' lang='lat' dir='ltr'><strong>Altissimus,</strong></span> <span class='ocrx_word' id='word_1_133' title='bbox 1927 2295 2108 2352; x_wconf 89' lang='lat' dir='ltr'><strong>misso</strong></span> 
     </span>
    </p>
   </div>
   <div class='ocr_carea' id='block_1_21' title="bbox 467 2376 2109 2459">
    <p class='ocr_par' dir='ltr' id='par_1_21' title="bbox 467 2376 2109 2459">
     <span class='ocr_line' id='line_1_21' title="bbox 467 2376 2109 2459; baseline 0.001 -20"><span class='ocrx_word' id='word_1_134' title='bbox 467 2379 665 2442; x_wconf 88' lang='lat' dir='ltr'><strong>Verbo</strong></span> <span class='ocrx_word' id='word_1_135' title='bbox 697 2376 1108 2450; x_wconf 85' lang='lat' dir='ltr'><strong>suo,liberavit</strong></span> <span class='ocrx_word' id='word_1_136' title='bbox 1140 2381 1397 2442; x_wconf 87' lang='lat' dir='ltr'><strong>animam</strong></span> <span class='ocrx_word' id='word_1_137' title='bbox 1425 2399 1641 2459; x_wconf 87' lang='lat' dir='ltr'><strong>meam,</strong></span> <span class='ocrx_word' id='word_1_138' title='bbox 1667 2380 1748 2441; x_wconf 93' lang='lat' dir='ltr'><strong>ita</strong></span> <span class='ocrx_word' id='word_1_139' title='bbox 1770 2389 1832 2440; x_wconf 87' lang='lat' dir='ltr'><strong>ut</strong></span> <span class='ocrx_word' id='word_1_140' title='bbox 1857 2398 1927 2441; x_wconf 83' lang='lat' dir='ltr'><strong>ex</strong></span> <span class='ocrx_word' id='word_1_141' title='bbox 1950 2389 2109 2440; x_wconf 80' lang='lat' dir='ltr'><strong>catu-</strong></span> 
     </span>
    </p>
   </div>
   <div class='ocr_carea' id='block_1_22' title="bbox 467 2469 2109 2541">
    <p class='ocr_par' dir='ltr' id='par_1_22' title="bbox 467 2469 2109 2541">
     <span class='ocr_line' id='line_1_22' title="bbox 467 2469 2109 2541; baseline 0 -11"><span class='ocrx_word' id='word_1_142' title='bbox 467 2469 657 2530; x_wconf 79' lang='lat' dir='ltr'><strong>lorum</strong></span> <span class='ocrx_word' id='word_1_143' title='bbox 695 2470 934 2529; x_wconf 88' lang='lat' dir='ltr'><strong>leonum</strong></span> <span class='ocrx_word' id='word_1_144' title='bbox 976 2470 1234 2531; x_wconf 82' lang='lat' dir='ltr'><strong>tumultu</strong></span> <span class='ocrx_word' id='word_1_145' title='bbox 1266 2470 1413 2531; x_wconf 86' lang='lat' dir='ltr'><strong>nihil</strong></span> <span class='ocrx_word' id='word_1_146' title='bbox 1438 2470 1577 2531; x_wconf 68' lang='lat' dir='ltr'><strong>lazsa</strong></span> <span class='ocrx_word' id='word_1_147' title='bbox 1604 2469 1994 2541; x_wconf 70' lang='lat' dir='ltr'><strong>sit.Quaenam</strong></span> <span class='ocrx_word' id='word_1_148' title='bbox 2017 2470 2109 2530; x_wconf 76' lang='lat' dir='ltr'><strong>hze</strong></span> 
     </span>
    </p>
   </div>
   <div class='ocr_carea' id='block_1_23' title="bbox 465 2556 2108 2639">
    <p class='ocr_par' dir='ltr' id='par_1_23' title="bbox 465 2556 2108 2639">
     <span class='ocr_line' id='line_1_23' title="bbox 465 2556 2108 2639; baseline -0.001 -21"><span class='ocrx_word' id='word_1_149' title='bbox 465 2556 638 2618; x_wconf 77' lang='lat' dir='ltr'><strong>ferae?</strong></span> <span class='ocrx_word' id='word_1_150' title='bbox 664 2559 817 2619; x_wconf 84' lang='lat' dir='ltr'><strong>forte</strong></span> <span class='ocrx_word' id='word_1_151' title='bbox 835 2558 941 2618; x_wconf 83' lang='lat' dir='ltr'><strong>ﬁlii</strong></span> <span class='ocrx_word' id='word_1_152' title='bbox 973 2558 1279 2619; x_wconf 87' lang='lat' dir='ltr'><strong>hominum</strong></span> <span class='ocrx_word' id='word_1_153' title='bbox 1311 2558 1571 2620; x_wconf 84' lang='lat' dir='ltr'><strong>fuerint:</strong></span> <span class='ocrx_word' id='word_1_154' title='bbox 1607 2577 1859 2639; x_wconf 89' lang='lat' dir='ltr'><strong>quorum</strong></span> <span class='ocrx_word' id='word_1_155' title='bbox 1895 2559 2108 2619; x_wconf 81' lang='lat' dir='ltr'><strong>dentes</strong></span> 
     </span>
    </p>
   </div>
   <div class='ocr_carea' id='block_1_24' title="bbox 463 2646 2105 2726">
    <p class='ocr_par' dir='ltr' id='par_1_24' title="bbox 463 2646 2105 2726">
     <span class='ocr_line' id='line_1_24' title="bbox 463 2646 2105 2726; baseline -0.001 -18"><span class='ocrx_word' id='word_1_156' title='bbox 463 2657 523 2708; x_wconf 80' lang='lat' dir='ltr'><strong>et</strong></span> <span class='ocrx_word' id='word_1_157' title='bbox 549 2648 798 2707; x_wconf 80' lang='lat' dir='ltr'><strong>consilia</strong></span> <span class='ocrx_word' id='word_1_158' title='bbox 837 2656 972 2707; x_wconf 90' lang='lat' dir='ltr'><strong>sunt</strong></span> <span class='ocrx_word' id='word_1_159' title='bbox 1007 2665 1213 2726; x_wconf 87' lang='lat' dir='ltr'><strong>arma;</strong></span> <span class='ocrx_word' id='word_1_160' title='bbox 1260 2667 1330 2708; x_wconf 90' lang='lat' dir='ltr'><strong>ac</strong></span> <span class='ocrx_word' id='word_1_161' title='bbox 1361 2648 1410 2708; x_wconf 93' lang='lat' dir='ltr'><strong>si</strong></span> <span class='ocrx_word' id='word_1_162' title='bbox 1442 2647 1693 2726; x_wconf 88' lang='lat' dir='ltr'><strong>diceret,</strong></span> <span class='ocrx_word' id='word_1_163' title='bbox 1730 2646 1794 2707; x_wconf 89' lang='lat' dir='ltr'><strong>In</strong></span> <span class='ocrx_word' id='word_1_164' title='bbox 1824 2647 2105 2707; x_wconf 90' lang='lat' dir='ltr'><strong>omnibus</strong></span> 
     </span>
    </p>
   </div>
   <div class='ocr_carea' id='block_1_25' title="bbox 465 2733 2105 2814">
    <p class='ocr_par' dir='ltr' id='par_1_25' title="bbox 465 2733 2105 2814">
     <span class='ocr_line' id='line_1_25' title="bbox 465 2733 2105 2814; baseline -0.001 -17"><span class='ocrx_word' id='word_1_165' title='bbox 465 2736 735 2797; x_wconf 87' lang='lat' dir='ltr'><strong>damnosi</strong></span> <span class='ocrx_word' id='word_1_166' title='bbox 768 2743 927 2797; x_wconf 88' lang='lat' dir='ltr'><strong>sunt.</strong></span> <span class='ocrx_word' id='word_1_167' title='bbox 986 2733 1153 2797; x_wconf 88' lang='lat' dir='ltr'><strong>Sicut</strong></span> <span class='ocrx_word' id='word_1_168' title='bbox 1210 2739 1371 2797; x_wconf 91' lang='lat' dir='ltr'><strong>enim</strong></span> <span class='ocrx_word' id='word_1_169' title='bbox 1430 2737 1659 2814; x_wconf 83' lang='lat' dir='ltr'><strong>gladius</strong></span> <span class='ocrx_word' id='word_1_170' title='bbox 1689 2744 1898 2797; x_wconf 89' lang='lat' dir='ltr'><strong>acutus</strong></span> <span class='ocrx_word' id='word_1_171' title='bbox 1930 2736 2105 2796; x_wconf 86' lang='lat' dir='ltr'><strong>facile</strong></span> 
     </span>
    </p>
   </div>
   <div class='ocr_carea' id='block_1_26' title="bbox 467 2823 2106 2905">
    <p class='ocr_par' dir='ltr' id='par_1_26' title="bbox 467 2823 2106 2905">
     <span class='ocr_line' id='line_1_26' title="bbox 467 2823 2106 2905; baseline -0.002 -19"><span class='ocrx_word' id='word_1_172' title='bbox 467 2824 821 2905; x_wconf 87' lang='lat' dir='ltr'><strong>perimit,sic</strong></span> <span class='ocrx_word' id='word_1_173' title='bbox 853 2833 909 2884; x_wconf 86' lang='lat' dir='ltr'><strong>et</strong></span> <span class='ocrx_word' id='word_1_174' title='bbox 939 2825 1138 2903; x_wconf 79' lang='lat' dir='ltr'><strong>lingua</strong></span> <span class='ocrx_word' id='word_1_175' title='bbox 1193 2834 1493 2886; x_wconf 89' lang='lat' dir='ltr'><strong>attenuata</strong></span> <span class='ocrx_word' id='word_1_176' title='bbox 1524 2834 1582 2886; x_wconf 88' lang='lat' dir='ltr'><strong>et</strong></span> <span class='ocrx_word' id='word_1_177' title='bbox 1613 2834 1783 2885; x_wconf 87' lang='lat' dir='ltr'><strong>acuta</strong></span> <span class='ocrx_word' id='word_1_178' title='bbox 1813 2823 2106 2884; x_wconf 81' lang='lat' dir='ltr'><strong>obtrecta-</strong></span> 
     </span>
    </p>
   </div>
   <div class='ocr_carea' id='block_1_27' title="bbox 466 2913 2102 2994">
    <p class='ocr_par' dir='ltr' id='par_1_27' title="bbox 466 2913 2102 2994">
     <span class='ocr_line' id='line_1_27' title="bbox 466 2913 2102 2994; baseline -0.001 -20"><span class='ocrx_word' id='word_1_179' title='bbox 466 2913 727 2975; x_wconf 83' lang='lat' dir='ltr'><strong>tionibus</strong></span> <span class='ocrx_word' id='word_1_180' title='bbox 770 2913 1098 2994; x_wconf 69' lang='lat' dir='ltr'><strong>in&#39;erticit.]</strong></span> <span class='ocrx_word' id='word_1_181' title='bbox 1143 2915 1489 2978; x_wconf 84' lang='lat' dir='ltr'><strong>Catulorum</strong></span> <span class='ocrx_word' id='word_1_182' title='bbox 1547 2916 1782 2975; x_wconf 89' lang='lat' dir='ltr'><strong>leonum</strong></span> <span class='ocrx_word' id='word_1_183' title='bbox 1816 2913 2102 2993; x_wconf 90' lang='lat' dir='ltr'><strong>spiritua-</strong></span> 
     </span>
    </p>
   </div>
   <div class='ocr_carea' id='block_1_28' title="bbox 462 3002 2099 3082">
    <p class='ocr_par' dir='ltr' id='par_1_28' title="bbox 462 3002 2099 3082">
     <span class='ocr_line' id='line_1_28' title="bbox 462 3002 2099 3082; baseline -0.001 -19"><span class='ocrx_word' id='word_1_184' title='bbox 462 3002 607 3063; x_wconf 89' lang='lat' dir='ltr'><strong>lium</strong></span> <span class='ocrx_word' id='word_1_185' title='bbox 638 3002 935 3064; x_wconf 81' lang='lat' dir='ltr'><strong>videlicet.</strong></span> <span class='ocrx_word' id='word_1_186' title='bbox 954 3003 1222 3066; x_wconf 83' lang='lat' dir='ltr'><strong>Dormivi</strong></span> <span class='ocrx_word' id='word_1_187' title='bbox 1242 3002 1983 3082; x_wconf 64' lang='lat' dir='ltr'><strong>conturbatusﬂuoniam,</strong></span> <span class='ocrx_word' id='word_1_188' title='bbox 2006 3004 2099 3062; x_wconf 88' lang='lat' dir='ltr'><strong>in-</strong></span> 
     </span>
    </p>
   </div>
   <div class='ocr_carea' id='block_1_29' title="bbox 461 3090 2099 3172">
    <p class='ocr_par' dir='ltr' id='par_1_29' title="bbox 461 3090 2099 3172">
     <span class='ocr_line' id='line_1_29' title="bbox 461 3090 2099 3172; baseline -0.001 -20"><span class='ocrx_word' id='word_1_189' title='bbox 461 3091 611 3172; x_wconf 77' lang='lat' dir='ltr'><strong>quit,</strong></span> <span class='ocrx_word' id='word_1_190' title='bbox 646 3100 886 3171; x_wconf 89' lang='lat' dir='ltr'><strong>ereptus</strong></span> <span class='ocrx_word' id='word_1_191' title='bbox 937 3110 1068 3153; x_wconf 91' lang='lat' dir='ltr'><strong>sum</strong></span> <span class='ocrx_word' id='word_1_192' title='bbox 1120 3110 1153 3152; x_wconf 87' lang='lat' dir='ltr'><strong>a</strong></span> <span class='ocrx_word' id='word_1_193' title='bbox 1184 3090 1592 3171; x_wconf 89' lang='lat' dir='ltr'><strong>spiritualibus</strong></span> <span class='ocrx_word' id='word_1_194' title='bbox 1624 3092 1797 3152; x_wconf 88' lang='lat' dir='ltr'><strong>catuli</strong></span> <span class='ocrx_word' id='word_1_195' title='bbox 1833 3090 2099 3163; x_wconf 88' lang='lat' dir='ltr'><strong>leonum,</strong></span> 
     </span>
    </p>
   </div>
   <div class='ocr_carea' id='block_1_30' title="bbox 458 3180 2100 3262">
    <p class='ocr_par' dir='ltr' id='par_1_30' title="bbox 458 3180 2100 3262">
     <span class='ocr_line' id='line_1_30' title="bbox 458 3180 2100 3262; baseline 0.001 -22"><span class='ocrx_word' id='word_1_196' title='bbox 458 3183 591 3243; x_wconf 88' lang='lat' dir='ltr'><strong>ideo</strong></span> <span class='ocrx_word' id='word_1_197' title='bbox 624 3182 839 3262; x_wconf 87' lang='lat' dir='ltr'><strong>inquit,</strong></span> <span class='ocrx_word' id='word_1_198' title='bbox 871 3180 1268 3262; x_wconf 87' lang='lat' dir='ltr'><strong>requiescam,</strong></span> <span class='ocrx_word' id='word_1_199' title='bbox 1306 3181 1535 3242; x_wconf 88' lang='lat' dir='ltr'><strong>etiamsi</strong></span> <span class='ocrx_word' id='word_1_200' title='bbox 1569 3181 1711 3241; x_wconf 92' lang='lat' dir='ltr'><strong>olim</strong></span> <span class='ocrx_word' id='word_1_201' title='bbox 1742 3180 1816 3242; x_wconf 91' lang='lat' dir='ltr'><strong>ab</strong></span> <span class='ocrx_word' id='word_1_202' title='bbox 1850 3181 1922 3241; x_wconf 90' lang='lat' dir='ltr'><strong>iis</strong></span> <span class='ocrx_word' id='word_1_203' title='bbox 1952 3200 2100 3241; x_wconf 88' lang='lat' dir='ltr'><strong>con-</strong></span> 
     </span>
    </p>
   </div>
   <div class='ocr_carea' id='block_1_31' title="bbox 460 3270 2099 3341">
    <p class='ocr_par' dir='ltr' id='par_1_31' title="bbox 460 3270 2099 3341">
     <span class='ocr_line' id='line_1_31' title="bbox 460 3270 2099 3341; baseline -0.004 -5"><span class='ocrx_word' id='word_1_204' title='bbox 460 3271 731 3336; x_wconf 80' lang='lat' dir='ltr'><strong>turbatus</strong></span> <span class='ocrx_word' id='word_1_205' title='bbox 760 3288 919 3330; x_wconf 91' lang='lat' dir='ltr'><strong>sum.</strong></span> <span class='ocrx_word' id='word_1_206' title='bbox 957 3270 1107 3331; x_wconf 78' lang='lat' dir='ltr'><strong>Filii</strong></span> <span class='ocrx_word' id='word_1_207' title='bbox 1139 3271 1481 3341; x_wconf 80' lang='lat' dir='ltr'><strong>hominum,</strong></span> <span class='ocrx_word' id='word_1_208' title='bbox 1514 3270 1721 3331; x_wconf 78' lang='lat' dir='ltr'><strong>dentes</strong></span> <span class='ocrx_word' id='word_1_209' title='bbox 1747 3287 1958 3331; x_wconf 88' lang='lat' dir='ltr'><strong>eorum</strong></span> <span class='ocrx_word' id='word_1_210' title='bbox 1992 3288 2099 3330; x_wconf 86' lang='lat' dir='ltr'><strong>ar-</strong></span> 
     </span>
    </p>
   </div>
   <div class='ocr_carea' id='block_1_32' title="bbox 457 3357 2100 3437">
    <p class='ocr_par' dir='ltr' id='par_1_32' title="bbox 457 3357 2100 3437">
     <span class='ocr_line' id='line_1_32' title="bbox 457 3357 2100 3437; baseline -0.001 -17"><span class='ocrx_word' id='word_1_211' title='bbox 457 3378 553 3420; x_wconf 84' lang='lat' dir='ltr'><strong>ma</strong></span> <span class='ocrx_word' id='word_1_212' title='bbox 576 3368 630 3421; x_wconf 89' lang='lat' dir='ltr'><strong>et</strong></span> <span class='ocrx_word' id='word_1_213' title='bbox 659 3364 919 3437; x_wconf 71' lang='lat' dir='ltr'><strong>sagitta.</strong></span> <span class='ocrx_word' id='word_1_214' title='bbox 953 3357 1034 3418; x_wconf 89' lang='lat' dir='ltr'><strong>Ea</strong></span> <span class='ocrx_word' id='word_1_215' title='bbox 1083 3358 1421 3437; x_wconf 74' lang='lat' dir='ltr'><strong>significans</strong></span> <span class='ocrx_word' id='word_1_216' title='bbox 1474 3376 1609 3437; x_wconf 69' lang='lat' dir='ltr'><strong>quae</strong></span> <span class='ocrx_word' id='word_1_217' title='bbox 1658 3367 1929 3437; x_wconf 88' lang='lat' dir='ltr'><strong>tempore</strong></span> <span class='ocrx_word' id='word_1_218' title='bbox 1960 3376 2100 3437; x_wconf 83' lang='lat' dir='ltr'><strong>pas—</strong></span> 
     </span>
    </p>
   </div>
   <div class='ocr_carea' id='block_1_33' title="bbox 457 3446 2099 3526">
    <p class='ocr_par' dir='ltr' id='par_1_33' title="bbox 457 3446 2099 3526">
     <span class='ocr_line' id='line_1_33' title="bbox 457 3446 2099 3526; baseline -0.001 -18"><span class='ocrx_word' id='word_1_219' title='bbox 457 3448 644 3509; x_wconf 86' lang='lat' dir='ltr'><strong>sionis</strong></span> <span class='ocrx_word' id='word_1_220' title='bbox 677 3447 930 3508; x_wconf 90' lang='lat' dir='ltr'><strong>Domino</strong></span> <span class='ocrx_word' id='word_1_221' title='bbox 963 3448 1368 3526; x_wconf 85' lang='lat' dir='ltr'><strong>contigerunt,</strong></span> <span class='ocrx_word' id='word_1_222' title='bbox 1394 3467 1527 3508; x_wconf 91' lang='lat' dir='ltr'><strong>cum</strong></span> <span class='ocrx_word' id='word_1_223' title='bbox 1570 3446 1644 3508; x_wconf 88' lang='lat' dir='ltr'><strong>ad</strong></span> <span class='ocrx_word' id='word_1_224' title='bbox 1690 3447 1939 3507; x_wconf 89' lang='lat' dir='ltr'><strong>Pilatum</strong></span> <span class='ocrx_word' id='word_1_225' title='bbox 1975 3446 2099 3508; x_wconf 92' lang='lat' dir='ltr'><strong>cla-</strong></span> 
     </span>
    </p>
   </div>
   <div class='ocr_carea' id='block_1_34' title="bbox 424 3535 2098 3610">
    <p class='ocr_par' dir='ltr' id='par_1_34' title="bbox 424 3535 2098 3610">
     <span class='ocr_line' id='line_1_34' title="bbox 424 3535 2098 3610; baseline -0.001 -11"><span class='ocrx_word' id='word_1_226' title='bbox 424 3536 914 3599; x_wconf 72' lang='lat' dir='ltr'><strong>‘mabantludtei</strong></span> <span class='ocrx_word' id='word_1_227' title='bbox 969 3538 1256 3598; x_wconf 87' lang='lat' dir='ltr'><strong>adversus</strong></span> <span class='ocrx_word' id='word_1_228' title='bbox 1315 3536 1670 3597; x_wconf 87' lang='lat' dir='ltr'><strong>Christum:</strong></span> <span class='ocrx_word' id='word_1_229' title='bbox 1726 3535 1908 3609; x_wconf 84' lang='lat' dir='ltr'><strong>Tolle,</strong></span> <span class='ocrx_word' id='word_1_230' title='bbox 1935 3535 2098 3610; x_wconf 82' lang='lat' dir='ltr'><strong>tolle,</strong></span> 
     </span>
    </p>
   </div>
   <div class='ocr_carea' id='block_1_35' title="bbox 456 3624 2098 3706">
    <p class='ocr_par' dir='ltr' id='par_1_35' title="bbox 456 3624 2098 3706">
     <span class='ocr_line' id='line_1_35' title="bbox 456 3624 2098 3706; baseline -0.001 -18"><span class='ocrx_word' id='word_1_231' title='bbox 456 3626 744 3706; x_wconf 76' lang='lat' dir='ltr'><strong>cruciﬁge</strong></span> <span class='ocrx_word' id='word_1_232' title='bbox 774 3644 905 3688; x_wconf 85' lang='lat' dir='ltr'><strong>eum</strong></span> <span class='ocrx_word' id='word_1_233' title='bbox 932 3626 995 3676; x_wconf 84' lang='lat'><strong>79</strong></span> <span class='ocrx_word' id='word_1_234' title='bbox 1021 3647 1037 3702; x_wconf 88' lang='lat'><strong>;</strong></span> <span class='ocrx_word' id='word_1_235' title='bbox 1070 3636 1130 3687; x_wconf 92' lang='lat' dir='ltr'><strong>et</strong></span> <span class='ocrx_word' id='word_1_236' title='bbox 1162 3646 1175 3686; x_wconf 90' lang='lat'><strong>:</strong></span> <span class='ocrx_word' id='word_1_237' title='bbox 1212 3626 1287 3687; x_wconf 90' lang='lat' dir='ltr'><strong>Si</strong></span> <span class='ocrx_word' id='word_1_238' title='bbox 1334 3644 1458 3687; x_wconf 79' lang='lat' dir='ltr'><strong>non</strong></span> <span class='ocrx_word' id='word_1_239' title='bbox 1497 3633 1646 3687; x_wconf 82' lang='lat' dir='ltr'><strong>esset</strong></span> <span class='ocrx_word' id='word_1_240' title='bbox 1674 3625 1774 3686; x_wconf 88' lang='lat' dir='ltr'><strong>hie</strong></span> <span class='ocrx_word' id='word_1_241' title='bbox 1805 3624 2098 3702; x_wconf 82' lang='lat' dir='ltr'><strong>malefac-</strong></span> 
     </span>
    </p>
   </div>
   <div class='ocr_carea' id='block_1_36' title="bbox 455 3713 1640 3786">
    <p class='ocr_par' dir='ltr' id='par_1_36' title="bbox 455 3713 1640 3786">
     <span class='ocr_line' id='line_1_36' title="bbox 455 3713 1640 3786; baseline -0.003 -11"><span class='ocrx_word' id='word_1_242' title='bbox 455 3724 572 3786; x_wconf 84' lang='lat' dir='ltr'><strong>tor,</strong></span> <span class='ocrx_word' id='word_1_243' title='bbox 606 3732 729 3776; x_wconf 86' lang='lat' dir='ltr'><strong>non</strong></span> <span class='ocrx_word' id='word_1_244' title='bbox 761 3713 872 3776; x_wconf 82' lang='lat' dir='ltr'><strong>tibi</strong></span> <span class='ocrx_word' id='word_1_245' title='bbox 894 3716 1354 3777; x_wconf 81' lang='lat' dir='ltr'><strong>tradidissemus</strong></span> <span class='ocrx_word' id='word_1_246' title='bbox 1384 3732 1523 3776; x_wconf 87' lang='lat' dir='ltr'><strong>eum</strong></span> <span class='ocrx_word' id='word_1_247' title='bbox 1557 3714 1640 3771; x_wconf 89' lang='lat'><strong>80.</strong></span> 
     </span>
    </p>
   </div>
   <div class='ocr_carea' id='block_1_37' title="bbox 535 3803 2099 3885">
    <p class='ocr_par' dir='ltr' id='par_1_37' title="bbox 535 3803 2099 3885">
     <span class='ocr_line' id='line_1_37' title="bbox 535 3803 2099 3885; baseline -0.001 -18"><span class='ocrx_word' id='word_1_248' title='bbox 535 3806 592 3867; x_wconf 88' lang='grc'><strong>6.</strong></span> <span class='ocrx_word' id='word_1_249' title='bbox 630 3803 929 3865; x_wconf 74' lang='lat' dir='ltr'><strong>Exaltare</strong></span> <span class='ocrx_word' id='word_1_250' title='bbox 951 3823 1132 3884; x_wconf 82' lang='lat' dir='ltr'><strong>super</strong></span> <span class='ocrx_word' id='word_1_251' title='bbox 1154 3804 1357 3885; x_wconf 70' lang='lat' dir='ltr'><strong>caios,</strong></span> <span class='ocrx_word' id='word_1_252' title='bbox 1389 3805 1635 3883; x_wconf 86' lang='lat' dir='ltr'><strong>Deus,et</strong></span> <span class='ocrx_word' id='word_1_253' title='bbox 1662 3820 1843 3881; x_wconf 81' lang='lat' dir='ltr'><strong>super</strong></span> <span class='ocrx_word' id='word_1_254' title='bbox 1872 3812 2099 3865; x_wconf 82' lang='lat' dir='ltr'><strong>terram</strong></span> 
     </span>
    </p>
   </div>
   <div class='ocr_carea' id='block_1_38' title="bbox 451 3892 2097 3973">
    <p class='ocr_par' dir='ltr' id='par_1_38' title="bbox 451 3892 2097 3973">
     <span class='ocr_line' id='line_1_38' title="bbox 451 3892 2097 3973; baseline 0.001 -20"><span class='ocrx_word' id='word_1_255' title='bbox 451 3893 656 3973; x_wconf 79' lang='lat' dir='ltr'><strong>gloria</strong></span> <span class='ocrx_word' id='word_1_256' title='bbox 679 3892 1088 3970; x_wconf 87' lang='lat' dir='ltr'><strong>tua.Etiamsi,</strong></span> <span class='ocrx_word' id='word_1_257' title='bbox 1120 3894 1637 3972; x_wconf 87' lang='lat' dir='ltr'><strong>inquit,demisisti</strong></span> <span class='ocrx_word' id='word_1_258' title='bbox 1667 3895 1921 3973; x_wconf 91' lang='lat' dir='ltr'><strong>teipsum</strong></span> <span class='ocrx_word' id='word_1_259' title='bbox 1956 3911 2097 3973; x_wconf 89' lang='lat' dir='ltr'><strong>pro-</strong></span> 
     </span>
    </p>
   </div>
   <div class='ocr_carea' id='block_1_39' title="bbox 452 3981 2093 4069">
    <p class='ocr_par' dir='ltr' id='par_1_39' title="bbox 452 3981 2093 4069">
     <span class='ocr_line' id='line_1_39' title="bbox 452 3981 2093 4069; baseline 0 -26"><span class='ocrx_word' id='word_1_260' title='bbox 452 3990 585 4069; x_wconf 73' lang='lat' dir='ltr'><strong>pter</strong></span> <span class='ocrx_word' id='word_1_261' title='bbox 616 3991 878 4041; x_wconf 89' lang='lat' dir='ltr'><strong>nostram</strong></span> <span class='ocrx_word' id='word_1_262' title='bbox 913 3985 1167 4059; x_wconf 70' lang='lat' dir='ltr'><strong>salutpm</strong></span> <span class='ocrx_word' id='word_1_263' title='bbox 1202 3983 1274 4041; x_wconf 90' lang='lat' dir='ltr'><strong>ad</strong></span> <span class='ocrx_word' id='word_1_264' title='bbox 1305 3981 1695 4043; x_wconf 88' lang='lat' dir='ltr'><strong>voluntariam</strong></span> <span class='ocrx_word' id='word_1_265' title='bbox 1733 3981 2093 4043; x_wconf 86' lang='lat' dir='ltr'><strong>exinanitio-</strong></span> 
     </span>
    </p>
   </div>
   <div class='ocr_carea' id='block_1_40' title="bbox 456 4069 2090 4150">
    <p class='ocr_par' dir='ltr' id='par_1_40' title="bbox 456 4069 2090 4150">
     <span class='ocr_line' id='line_1_40' title="bbox 456 4069 2090 4150; baseline -0.005 -13"><span class='ocrx_word' id='word_1_266' title='bbox 456 4090 592 4136; x_wconf 91' lang='lat' dir='ltr'><strong>nem</strong></span> <span class='ocrx_word' id='word_1_267' title='bbox 625 4080 684 4133; x_wconf 88' lang='lat' dir='ltr'><strong>et</strong></span> <span class='ocrx_word' id='word_1_268' title='bbox 713 4069 900 4131; x_wconf 87' lang='lat' dir='ltr'><strong>factus</strong></span> <span class='ocrx_word' id='word_1_269' title='bbox 931 4089 995 4132; x_wconf 93' lang='lat' dir='ltr'><strong>es</strong></span> <span class='ocrx_word' id='word_1_270' title='bbox 1044 4069 1331 4131; x_wconf 85' lang='lat' dir='ltr'><strong>obediens</strong></span> <span class='ocrx_word' id='word_1_271' title='bbox 1378 4088 1566 4150; x_wconf 89' lang='lat' dir='ltr'><strong>usque</strong></span> <span class='ocrx_word' id='word_1_272' title='bbox 1596 4072 1667 4132; x_wconf 87' lang='lat' dir='ltr'><strong>ad</strong></span> <span class='ocrx_word' id='word_1_273' title='bbox 1700 4082 1956 4132; x_wconf 87' lang='lat' dir='ltr'><strong>mortem</strong></span> <span class='ocrx_word' id='word_1_274' title='bbox 1989 4070 2038 4112; x_wconf 71' lang='grc'><strong>81</strong></span> <span class='ocrx_word' id='word_1_275' title='bbox 2077 4092 2090 4135; x_wconf 90' lang='grc'>;</span> 
     </span>
    </p>
   </div>
   <div class='ocr_carea' id='block_1_41' title="bbox 455 4158 2091 4238">
    <p class='ocr_par' dir='ltr' id='par_1_41' title="bbox 455 4158 2091 4238">
     <span class='ocr_line' id='line_1_41' title="bbox 455 4158 2091 4238; baseline -0.003 -12"><span class='ocrx_word' id='word_1_276' title='bbox 455 4164 561 4226; x_wconf 79' lang='lat' dir='ltr'><strong>sed</strong></span> <span class='ocrx_word' id='word_1_277' title='bbox 597 4177 830 4223; x_wconf 88' lang='lat' dir='ltr'><strong>rursum</strong></span> <span class='ocrx_word' id='word_1_278' title='bbox 862 4158 1168 4221; x_wconf 87' lang='lat' dir='ltr'><strong>ascendito</strong></span> <span class='ocrx_word' id='word_1_279' title='bbox 1199 4159 1271 4218; x_wconf 88' lang='lat' dir='ltr'><strong>ad</strong></span> <span class='ocrx_word' id='word_1_280' title='bbox 1305 4159 1512 4232; x_wconf 65' lang='lat' dir='ltr'><strong>caelos,</strong></span> <span class='ocrx_word' id='word_1_281' title='bbox 1546 4164 1683 4238; x_wconf 86' lang='lat' dir='ltr'><strong>quia</strong></span> <span class='ocrx_word' id='word_1_282' title='bbox 1713 4178 1845 4220; x_wconf 91' lang='lat' dir='ltr'><strong>cum</strong></span> <span class='ocrx_word' id='word_1_283' title='bbox 1879 4178 2091 4221; x_wconf 71' lang='lat' dir='ltr'><strong>ascen~</strong></span> 
     </span>
    </p>
   </div>
   <div class='ocr_carea' id='block_1_42' title="bbox 452 4247 1748 4328">
    <p class='ocr_par' dir='ltr' id='par_1_42' title="bbox 452 4247 1748 4328">
     <span class='ocr_line' id='line_1_42' title="bbox 452 4247 1748 4328; baseline -0.005 -14"><span class='ocrx_word' id='word_1_284' title='bbox 452 4252 615 4314; x_wconf 83' lang='lat' dir='ltr'><strong>deris</strong></span> <span class='ocrx_word' id='word_1_285' title='bbox 648 4259 828 4311; x_wconf 88' lang='lat' dir='ltr'><strong>totam</strong></span> <span class='ocrx_word' id='word_1_286' title='bbox 855 4258 1073 4311; x_wconf 87' lang='lat' dir='ltr'><strong>terram</strong></span> <span class='ocrx_word' id='word_1_287' title='bbox 1106 4248 1293 4326; x_wconf 87' lang='lat' dir='ltr'><strong>gloria</strong></span> <span class='ocrx_word' id='word_1_288' title='bbox 1324 4266 1433 4308; x_wconf 90' lang='lat' dir='ltr'><strong>sua</strong></span> <span class='ocrx_word' id='word_1_289' title='bbox 1462 4247 1748 4328; x_wconf 88' lang='lat' dir='ltr'><strong>replebis.</strong></span> 
     </span>
    </p>
   </div>
   <div class='ocr_carea' id='block_1_43' title="bbox 1263 370 3047 482">
    <p class='ocr_par' dir='ltr' id='par_1_43' title="bbox 1263 370 3047 482">
     <span class='ocr_line' id='line_1_43' title="bbox 1263 370 3047 482; baseline -0.001 -42"><span class='ocrx_word' id='word_1_290' title='bbox 1263 380 1323 443; x_wconf 91' lang='lat' dir='ltr'><strong>S.</strong></span> <span class='ocrx_word' id='word_1_291' title='bbox 1373 376 1794 441; x_wconf 83' lang='lat' dir='ltr'><strong>ATHANASII</strong></span> <span class='ocrx_word' id='word_1_292' title='bbox 1840 378 2003 441; x_wconf 91' lang='lat' dir='ltr'><strong>OPP.</strong></span> <span class='ocrx_word' id='word_1_293' title='bbox 2050 376 2261 442; x_wconf 84' lang='lat' dir='ltr'><strong>PARS.</strong></span> <span class='ocrx_word' id='word_1_294' title='bbox 2311 372 2420 443; x_wconf 89' lang='lat' dir='ltr'><strong>III.</strong></span> <span class='ocrx_word' id='word_1_295' title='bbox 2473 416 2542 482; x_wconf 47' lang='grc' dir='ltr'><strong>οτ-</strong></span> <span class='ocrx_word' id='word_1_296' title='bbox 2599 370 3047 443; x_wconf 79' lang='lat' dir='ltr'><strong>EXEGETICA.</strong></span> 
     </span>
    </p>
   </div>
   <div class='ocr_carea' id='block_1_44' title="bbox 567 504 2187 591">
    <p class='ocr_par' dir='ltr' id='par_1_44' title="bbox 567 504 2187 591">
     <span class='ocr_line' id='line_1_44' title="bbox 567 504 2187 591; baseline -0.001 -20"><span class='ocrx_word' id='word_1_297' title='bbox 567 504 925 573; x_wconf 70' lang='lat' dir='ltr'><strong>3.61amabo</strong></span> <span class='ocrx_word' id='word_1_298' title='bbox 943 514 1027 574; x_wconf 89' lang='lat' dir='ltr'><strong>ad</strong></span> <span class='ocrx_word' id='word_1_299' title='bbox 1052 512 1250 574; x_wconf 87' lang='lat' dir='ltr'><strong>Deum</strong></span> <span class='ocrx_word' id='word_1_300' title='bbox 1267 513 1661 591; x_wconf 84' lang='lat' dir='ltr'><strong>altissimum,</strong></span> <span class='ocrx_word' id='word_1_301' title='bbox 1696 511 1876 573; x_wconf 87' lang='lat' dir='ltr'><strong>Deum</strong></span> <span class='ocrx_word' id='word_1_302' title='bbox 1898 516 2003 590; x_wconf 84' lang='lat' dir='ltr'><strong>qui</strong></span> <span class='ocrx_word' id='word_1_303' title='bbox 2024 512 2126 574; x_wconf 90' lang='lat' dir='ltr'><strong>be-</strong></span> <span class='ocrx_word' id='word_1_304' title='bbox 2150 522 2187 570; x_wconf 71' lang='grc' dir='ltr'><strong>Α</strong></span> 
     </span>
    </p>
   </div>
   <div class='ocr_carea' id='block_1_45' title="bbox 483 600 2128 681">
    <p class='ocr_par' dir='ltr' id='par_1_45' title="bbox 483 600 2128 681">
     <span class='ocr_line' id='line_1_45' title="bbox 483 600 2128 681; baseline 0.001 -20"><span class='ocrx_word' id='word_1_305' title='bbox 483 602 699 678; x_wconf 77' lang='lat' dir='ltr'><strong>nrfecit</strong></span> <span class='ocrx_word' id='word_1_306' title='bbox 716 600 1263 669; x_wconf 75' lang='lat' dir='ltr'><strong>milii.Conﬁtebor,</strong></span> <span class='ocrx_word' id='word_1_307' title='bbox 1279 602 1559 681; x_wconf 90' lang='lat' dir='ltr'><strong>inquit,et</strong></span> <span class='ocrx_word' id='word_1_308' title='bbox 1579 601 1799 680; x_wconf 86' lang='lat' dir='ltr'><strong>gratias</strong></span> <span class='ocrx_word' id='word_1_309' title='bbox 1818 602 1921 662; x_wconf 82' lang='lat' dir='ltr'><strong>tibi</strong></span> <span class='ocrx_word' id='word_1_310' title='bbox 1948 602 2128 663; x_wconf 91' lang='lat' dir='ltr'><strong>bene-</strong></span> 
     </span>
    </p>
   </div>
   <div class='ocr_carea' id='block_1_46' title="bbox 3722 371 3841 443">
    <p class='ocr_par' dir='ltr' id='par_1_46' title="bbox 3722 371 3841 443">
     <span class='ocr_line' id='line_1_46' title="bbox 3722 371 3841 443; baseline 0.008 -1"><span class='ocrx_word' id='word_1_311' title='bbox 3722 371 3841 443; x_wconf 58' lang='lat'><strong>2’60</strong></span> 
     </span>
    </p>
   </div>
   <div class='ocr_carea' id='block_1_47' title="bbox 2293 511 3848 593">
    <p class='ocr_par' dir='ltr' id='par_1_47' title="bbox 2293 511 3848 593">
     <span class='ocr_line' id='line_1_47' title="bbox 2293 511 3848 593; baseline 0 -24"><span class='ocrx_word' id='word_1_312' title='bbox 2293 511 2627 591; x_wconf 76' lang='grc' dir='ltr'>Κεκράξομαι</span> <span class='ocrx_word' id='word_1_313' title='bbox 2712 517 2842 592; x_wconf 79' lang='grc' dir='ltr'>πρὸς</span> <span class='ocrx_word' id='word_1_314' title='bbox 2928 516 3018 571; x_wconf 80' lang='grc' dir='ltr'>τὸν</span> <span class='ocrx_word' id='word_1_315' title='bbox 3106 517 3236 571; x_wconf 78' lang='grc' dir='ltr'>Θεὸν</span> <span class='ocrx_word' id='word_1_316' title='bbox 3290 516 3379 570; x_wconf 78' lang='grc' dir='ltr'><strong>τὸν</strong></span> <span class='ocrx_word' id='word_1_317' title='bbox 3438 514 3681 593; x_wconf 69' lang='grc' dir='ltr'>ὕψιστον,</span> <span class='ocrx_word' id='word_1_318' title='bbox 3754 518 3848 571; x_wconf 69' lang='grc' dir='ltr'>τὸν</span> 
     </span>
    </p>
   </div>
   <div class='ocr_carea' id='block_1_48' title="bbox 2211 602 3852 683">
    <p class='ocr_par' dir='ltr' id='par_1_48' title="bbox 2211 602 3852 683">
     <span class='ocr_line' id='line_1_48' title="bbox 2211 602 3852 683; baseline 0.001 -26"><span class='ocrx_word' id='word_1_319' title='bbox 2211 608 2338 658; x_wconf 84' lang='grc' dir='ltr'>Θεὸν</span> <span class='ocrx_word' id='word_1_320' title='bbox 2406 607 2494 659; x_wconf 72' lang='grc' dir='ltr'>τὸν</span> <span class='ocrx_word' id='word_1_321' title='bbox 2560 604 2981 680; x_wconf 74' lang='grc' dir='ltr'>εὖεργετήσαντά</span> <span class='ocrx_word' id='word_1_322' title='bbox 3037 624 3125 675; x_wconf 76' lang='grc' dir='ltr'><strong>με,</strong></span> <span class='ocrx_word' id='word_1_323' title='bbox 3184 602 3852 683; x_wconf 65' lang='grc' dir='ltr'>Ἐξομολογήσομαι,φη-</span> 
     </span>
    </p>
   </div>
   <div class='ocr_carea' id='block_1_49' title="bbox 2210 693 3847 772">
    <p class='ocr_par' dir='ltr' id='par_1_49' title="bbox 2210 693 3847 772">
     <span class='ocr_line' id='line_1_49' title="bbox 2210 693 3847 772; baseline 0.002 -27"><span class='ocrx_word' id='word_1_324' title='bbox 2210 694 2282 763; x_wconf 82' lang='grc' dir='ltr'><strong>σὶ,</strong></span> <span class='ocrx_word' id='word_1_325' title='bbox 2336 697 2421 747; x_wconf 73' lang='grc' dir='ltr'>καὶ</span> <span class='ocrx_word' id='word_1_326' title='bbox 2464 693 2802 772; x_wconf 72' lang='grc' dir='ltr'>εὐχαριστίας</span> <span class='ocrx_word' id='word_1_327' title='bbox 2858 693 3108 761; x_wconf 79' lang='grc' dir='ltr'>ἀναθήσω</span> <span class='ocrx_word' id='word_1_328' title='bbox 3161 714 3243 747; x_wconf 80' lang='grc' dir='ltr'><strong>σοι</strong></span> <span class='ocrx_word' id='word_1_329' title='bbox 3276 701 3353 766; x_wconf 76' lang='grc' dir='ltr'>τῷ</span> <span class='ocrx_word' id='word_1_330' title='bbox 3412 693 3657 769; x_wconf 68' lang='grc' dir='ltr'>εὐεργέτῃ</span> <span class='ocrx_word' id='word_1_331' title='bbox 3719 717 3847 768; x_wconf 59' lang='lat' dir='ltr'><strong>pos.</strong></span> 
     </span>
    </p>
   </div>
   <div class='ocr_carea' id='block_1_50' title="bbox 2210 779 3855 860">
    <p class='ocr_par' dir='ltr' id='par_1_50' title="bbox 2210 779 3855 860">
     <span class='ocr_line' id='line_1_50' title="bbox 2210 779 3855 860; baseline 0 -24"><span class='ocrx_word' id='word_1_332' title='bbox 2210 779 2614 844; x_wconf 71' lang='grc' dir='ltr'>Ἐξαπέστειλεν</span> <span class='ocrx_word' id='word_1_333' title='bbox 2663 782 2715 846; x_wconf 79' lang='grc' dir='ltr'>ἐξ</span> <span class='ocrx_word' id='word_1_334' title='bbox 2792 782 3030 859; x_wconf 70' lang='grc' dir='ltr'>οὒρανοῦ,</span> <span class='ocrx_word' id='word_1_335' title='bbox 3095 784 3178 837; x_wconf 80' lang='grc' dir='ltr'><strong>καὶ</strong></span> <span class='ocrx_word' id='word_1_336' title='bbox 3234 781 3402 838; x_wconf 83' lang='grc' dir='ltr'>’ἐσωσὲ</span> <span class='ocrx_word' id='word_1_337' title='bbox 3485 804 3573 854; x_wconf 82' lang='grc' dir='ltr'><strong>με.</strong></span> <span class='ocrx_word' id='word_1_338' title='bbox 3660 783 3855 860; x_wconf 72' lang='grc' dir='ltr'>Σαφῶς</span> 
     </span>
    </p>
   </div>
   <div class='ocr_carea' id='block_1_51' title="bbox 2208 868 3853 947">
    <p class='ocr_par' dir='ltr' id='par_1_51' title="bbox 2208 868 3853 947">
     <span class='ocr_line' id='line_1_51' title="bbox 2208 868 3853 947; baseline 0.003 -26"><span class='ocrx_word' id='word_1_339' title='bbox 2208 869 2303 937; x_wconf 70' lang='grc' dir='ltr'><strong>τήν</strong></span> <span class='ocrx_word' id='word_1_340' title='bbox 2347 870 2566 928; x_wconf 77' lang='grc' dir='ltr'>κάθοδον</span> <span class='ocrx_word' id='word_1_341' title='bbox 2620 882 2713 929; x_wconf 79' lang='grc' dir='ltr'>τοῦ</span> <span class='ocrx_word' id='word_1_342' title='bbox 2762 869 2954 947; x_wconf 79' lang='grc' dir='ltr'>Κυρίου</span> <span class='ocrx_word' id='word_1_343' title='bbox 3009 872 3283 947; x_wconf 76' lang='grc' dir='ltr'>κηρύσσει,</span> <span class='ocrx_word' id='word_1_344' title='bbox 3319 868 3570 926; x_wconf 73' lang='grc' dir='ltr'>’Ἔδωκεν</span> <span class='ocrx_word' id='word_1_345' title='bbox 3601 872 3673 933; x_wconf 80' lang='grc' dir='ltr'>εἷς</span> <span class='ocrx_word' id='word_1_346' title='bbox 3705 872 3853 926; x_wconf 80' lang='grc' dir='ltr'>ὄνει-</span> 
     </span>
    </p>
   </div>
   <div class='ocr_carea' id='block_1_52' title="bbox 2204 956 3853 1033">
    <p class='ocr_par' dir='ltr' id='par_1_52' title="bbox 2204 956 3853 1033">
     <span class='ocr_line' id='line_1_52' title="bbox 2204 956 3853 1033; baseline 0.001 -20"><span class='ocrx_word' id='word_1_347' title='bbox 2204 956 2290 1021; x_wconf 85' lang='grc' dir='ltr'><strong>δος</strong></span> <span class='ocrx_word' id='word_1_348' title='bbox 2361 960 2482 1024; x_wconf 77' lang='grc' dir='ltr'>τοὺς</span> <span class='ocrx_word' id='word_1_349' title='bbox 2540 961 2975 1024; x_wconf 78' lang='grc' dir='ltr'>καταπατοοντάς</span> <span class='ocrx_word' id='word_1_350' title='bbox 3024 981 3117 1033; x_wconf 84' lang='grc' dir='ltr'><strong>με.</strong></span> <span class='ocrx_word' id='word_1_351' title='bbox 3180 963 3284 1022; x_wconf 74' lang='grc' dir='ltr'><strong>Τὰς</strong></span> <span class='ocrx_word' id='word_1_352' title='bbox 3353 961 3546 1025; x_wconf 74' lang='grc' dir='ltr'>νοητὰς</span> <span class='ocrx_word' id='word_1_353' title='bbox 3600 958 3853 1024; x_wconf 70' lang='grc' dir='ltr'>δηλονότι</span> 
     </span>
    </p>
   </div>
   <div class='ocr_carea' id='block_1_53' title="bbox 2203 1046 3850 1130">
    <p class='ocr_par' dir='ltr' id='par_1_53' title="bbox 2203 1046 3850 1130">
     <span class='ocr_line' id='line_1_53' title="bbox 2203 1046 3850 1130; baseline 0.001 -28"><span class='ocrx_word' id='word_1_354' title='bbox 2203 1050 2290 1103; x_wconf 88' lang='grc' dir='ltr'><strong>καὶ</strong></span> <span class='ocrx_word' id='word_1_355' title='bbox 2348 1048 2716 1123; x_wconf 77' lang='grc' dir='ltr'><strong>ἀντικειμένας</strong></span> <span class='ocrx_word' id='word_1_356' title='bbox 2747 1050 3014 1122; x_wconf 77' lang='grc' dir='ltr'>δυνάμεις,</span> <span class='ocrx_word' id='word_1_357' title='bbox 3050 1046 3364 1130; x_wconf 69' lang='grc' dir='ltr'>ίΠαράσχου</span> <span class='ocrx_word' id='word_1_358' title='bbox 3426 1057 3513 1105; x_wconf 81' lang='grc' dir='ltr'>οὖν</span> <span class='ocrx_word' id='word_1_359' title='bbox 3561 1050 3656 1114; x_wconf 76' lang='grc' dir='ltr'>τὴν</span> <span class='ocrx_word' id='word_1_360' title='bbox 3689 1052 3850 1124; x_wconf 68' lang='grc' dir='ltr'>εὔερ-</span> 
     </span>
    </p>
   </div>
   <div class='ocr_carea' id='block_1_54' title="bbox 2204 1137 3852 1215">
    <p class='ocr_par' dir='ltr' id='par_1_54' title="bbox 2204 1137 3852 1215">
     <span class='ocr_line' id='line_1_54' title="bbox 2204 1137 3852 1215; baseline 0.001 -24"><span class='ocrx_word' id='word_1_361' title='bbox 2204 1138 2405 1213; x_wconf 81' lang='grc' dir='ltr'>γεσίαν,</span> <span class='ocrx_word' id='word_1_362' title='bbox 2462 1137 2553 1192; x_wconf 68' lang='grc' dir='ltr'>’ἕνα</span> <span class='ocrx_word' id='word_1_363' title='bbox 2613 1137 2703 1214; x_wconf 76' lang='grc' dir='ltr'><strong>ἐξῇ</strong></span> <span class='ocrx_word' id='word_1_364' title='bbox 2762 1162 2853 1213; x_wconf 81' lang='grc' dir='ltr'><strong>μοι</strong></span> <span class='ocrx_word' id='word_1_365' title='bbox 2912 1139 3088 1214; x_wconf 76' lang='grc' dir='ltr'>λέγειν</span> <span class='ocrx_word' id='word_1_366' title='bbox 3134 1141 3270 1201; x_wconf 77' lang='grc' dir='ltr'>μετὰ</span> <span class='ocrx_word' id='word_1_367' title='bbox 3322 1137 3637 1215; x_wconf 71' lang='grc' dir='ltr'>παρρησίας,</span> <span class='ocrx_word' id='word_1_368' title='bbox 3677 1138 3758 1193; x_wconf 77' lang='grc' dir='ltr'><strong>ὅτι</strong></span> <span class='ocrx_word' id='word_1_369' title='bbox 3795 1138 3852 1203; x_wconf 74' lang='grc' dir='ltr'><strong>ἐξ</strong></span> 
     </span>
    </p>
   </div>
   <div class='ocr_carea' id='block_1_55' title="bbox 2202 1225 3852 1304">
    <p class='ocr_par' dir='ltr' id='par_1_55' title="bbox 2202 1225 3852 1304">
     <span class='ocr_line' id='line_1_55' title="bbox 2202 1225 3852 1304; baseline 0.001 -25"><span class='ocrx_word' id='word_1_370' title='bbox 2202 1229 2419 1302; x_wconf 70' lang='grc' dir='ltr'>οὖρανοῦ</span> <span class='ocrx_word' id='word_1_371' title='bbox 2465 1225 2672 1288; x_wconf 73' lang='grc' dir='ltr'>ἐπεῖδες</span> <span class='ocrx_word' id='word_1_372' title='bbox 2704 1229 2768 1282; x_wconf 76' lang='grc' dir='ltr'><strong>τὰ</strong></span> <span class='ocrx_word' id='word_1_373' title='bbox 2797 1225 2911 1282; x_wconf 85' lang='grc' dir='ltr'>καθ’</span> <span class='ocrx_word' id='word_1_374' title='bbox 2954 1230 3093 1301; x_wconf 78' lang='grc' dir='ltr'>ἡμᾶς</span> <span class='ocrx_word' id='word_1_375' title='bbox 3129 1250 3142 1262; x_wconf 89' lang='grc'><strong>·</strong></span> <span class='ocrx_word' id='word_1_376' title='bbox 3192 1230 3279 1283; x_wconf 84' lang='grc' dir='ltr'><strong>καὶ</strong></span> <span class='ocrx_word' id='word_1_377' title='bbox 3338 1230 3410 1285; x_wconf 80' lang='grc' dir='ltr'>τὰ</span> <span class='ocrx_word' id='word_1_378' title='bbox 3470 1229 3566 1301; x_wconf 71' lang='grc' dir='ltr'><strong>μὲν</strong></span> <span class='ocrx_word' id='word_1_379' title='bbox 3607 1229 3852 1304; x_wconf 72' lang='grc' dir='ltr'>ἡμέτερα</span> 
     </span>
    </p>
   </div>
   <div class='ocr_carea' id='block_1_56' title="bbox 2202 1312 3850 1395">
    <p class='ocr_par' dir='ltr' id='par_1_56' title="bbox 2202 1312 3850 1395">
     <span class='ocr_line' id='line_1_56' title="bbox 2202 1312 3850 1395; baseline 0.001 -26"><span class='ocrx_word' id='word_1_380' title='bbox 2202 1312 2508 1393; x_wconf 71' lang='grc' dir='ltr'>διωρθώσω,</span> <span class='ocrx_word' id='word_1_381' title='bbox 2558 1320 2623 1371; x_wconf 74' lang='grc' dir='ltr'>τὰ</span> <span class='ocrx_word' id='word_1_382' title='bbox 2649 1315 2701 1370; x_wconf 79' lang='grc' dir='ltr'><strong>δὲ</strong></span> <span class='ocrx_word' id='word_1_383' title='bbox 2733 1324 2838 1371; x_wconf 80' lang='grc' dir='ltr'>τῶν</span> <span class='ocrx_word' id='word_1_384' title='bbox 2871 1318 3077 1395; x_wconf 76' lang='grc' dir='ltr'>ἐχθρῶν</span> <span class='ocrx_word' id='word_1_385' title='bbox 3102 1320 3229 1393; x_wconf 78' lang='grc' dir='ltr'>πρὸς</span> <span class='ocrx_word' id='word_1_386' title='bbox 3262 1316 3579 1390; x_wconf 79' lang='grc' dir='ltr'><strong>ὀνειδισμὸν</strong></span> <span class='ocrx_word' id='word_1_387' title='bbox 3621 1316 3850 1393; x_wconf 75' lang='grc' dir='ltr'>ἤγαγες.</span> 
     </span>
    </p>
   </div>
   <div class='ocr_carea' id='block_1_57' title="bbox 2204 1401 3853 1484">
    <p class='ocr_par' dir='ltr' id='par_1_57' title="bbox 2204 1401 3853 1484">
     <span class='ocr_line' id='line_1_57' title="bbox 2204 1401 3853 1484; baseline 0.001 -26"><span class='ocrx_word' id='word_1_388' title='bbox 2204 1401 2289 1458; x_wconf 83' lang='grc' dir='ltr'><strong>’Ἡ</strong></span> <span class='ocrx_word' id='word_1_389' title='bbox 2334 1402 2398 1469; x_wconf 79' lang='grc' dir='ltr'>δὴ</span> <span class='ocrx_word' id='word_1_390' title='bbox 2432 1408 2528 1470; x_wconf 72' lang='grc' dir='ltr'><strong>τὴν</strong></span> <span class='ocrx_word' id='word_1_391' title='bbox 2559 1406 2822 1481; x_wconf 78' lang='grc' dir='ltr'><strong>σωτηρίαν</strong></span> <span class='ocrx_word' id='word_1_392' title='bbox 2866 1408 3051 1484; x_wconf 63' lang='grc' dir='ltr'>φησὶν,</span> <span class='ocrx_word' id='word_1_393' title='bbox 3110 1406 3144 1481; x_wconf 74' lang='grc' dir='ltr'><strong>ᾖ</strong></span> <span class='ocrx_word' id='word_1_394' title='bbox 3199 1404 3377 1471; x_wconf 74' lang='grc' dir='ltr'>ἒσώθη</span> <span class='ocrx_word' id='word_1_395' title='bbox 3410 1406 3462 1459; x_wconf 81' lang='grc' dir='ltr'>ὲν</span> <span class='ocrx_word' id='word_1_396' title='bbox 3494 1412 3569 1477; x_wconf 83' lang='grc' dir='ltr'><strong>τῷ</strong></span> <span class='ocrx_word' id='word_1_397' title='bbox 3599 1405 3853 1478; x_wconf 81' lang='grc' dir='ltr'>σπηλαίῳ</span> 
     </span>
    </p>
   </div>
   <div class='ocr_carea' id='block_1_58' title="bbox 2202 1492 3850 1574">
    <p class='ocr_par' dir='ltr' id='par_1_58' title="bbox 2202 1492 3850 1574">
     <span class='ocr_line' id='line_1_58' title="bbox 2202 1492 3850 1574; baseline 0.005 -26"><span class='ocrx_word' id='word_1_398' title='bbox 2202 1495 2287 1549; x_wconf 78' lang='grc' dir='ltr'>ὅτε</span> <span class='ocrx_word' id='word_1_399' title='bbox 2313 1494 2514 1567; x_wconf 85' lang='grc' dir='ltr'>μᾶλλον</span> <span class='ocrx_word' id='word_1_400' title='bbox 2544 1495 2851 1558; x_wconf 76' lang='grc' dir='ltr'>ὑπεξούσιον</span> <span class='ocrx_word' id='word_1_401' title='bbox 2886 1492 3040 1550; x_wconf 60' lang='grc' dir='ltr'>ίλαϐε</span> <span class='ocrx_word' id='word_1_402' title='bbox 3077 1498 3166 1550; x_wconf 82' lang='grc' dir='ltr'>τὸν</span> <span class='ocrx_word' id='word_1_403' title='bbox 3202 1495 3418 1574; x_wconf 80' lang='grc' dir='ltr'>ἐχθρὸν,</span> <span class='ocrx_word' id='word_1_404' title='bbox 3481 1497 3524 1549; x_wconf 84' lang='grc' dir='ltr'>εἷ</span> <span class='ocrx_word' id='word_1_405' title='bbox 3572 1493 3626 1550; x_wconf 83' lang='grc' dir='ltr'><strong>δὲ</strong></span> <span class='ocrx_word' id='word_1_406' title='bbox 3662 1492 3850 1572; x_wconf 60' lang='lat'><strong>(23&#39;),</strong></span> 
     </span>
    </p>
   </div>
   <div class='ocr_carea' id='block_1_59' title="bbox 2202 1581 3851 1657">
    <p class='ocr_par' dir='ltr' id='par_1_59' title="bbox 2202 1581 3851 1657">
     <span class='ocr_line' id='line_1_59' title="bbox 2202 1581 3851 1657; baseline -0.001 -19"><span class='ocrx_word' id='word_1_407' title='bbox 2202 1583 2467 1644; x_wconf 64' lang='grc' dir='ltr'>ἐφείσατο.</span> <span class='ocrx_word' id='word_1_408' title='bbox 2515 1594 2554 1641; x_wconf 86' lang='grc'>0</span> <span class='ocrx_word' id='word_1_409' title='bbox 2585 1582 2650 1649; x_wconf 71' lang='grc' dir='ltr'>δὴ</span> <span class='ocrx_word' id='word_1_410' title='bbox 2680 1586 2768 1639; x_wconf 82' lang='grc' dir='ltr'>καὶ</span> <span class='ocrx_word' id='word_1_411' title='bbox 2798 1581 2995 1645; x_wconf 66' lang='grc' dir='ltr'>ὄνειεος</span> <span class='ocrx_word' id='word_1_412' title='bbox 3024 1587 3093 1650; x_wconf 75' lang='grc' dir='ltr'>ἦν</span> <span class='ocrx_word' id='word_1_413' title='bbox 3126 1591 3201 1657; x_wconf 84' lang='grc' dir='ltr'>τῷ</span> <span class='ocrx_word' id='word_1_414' title='bbox 3247 1585 3593 1657; x_wconf 75' lang='grc' dir='ltr'>σεσωσμὲνῳ,</span> <span class='ocrx_word' id='word_1_415' title='bbox 3628 1585 3700 1646; x_wconf 85' lang='grc' dir='ltr'>ὡς</span> <span class='ocrx_word' id='word_1_416' title='bbox 3734 1584 3851 1657; x_wconf 70' lang='grc' dir='ltr'><strong>μά-</strong></span> 
     </span>
    </p>
   </div>
   <div class='ocr_carea' id='block_1_60' title="bbox 2200 1669 3852 1749">
    <p class='ocr_par' dir='ltr' id='par_1_60' title="bbox 2200 1669 3852 1749">
     <span class='ocr_line' id='line_1_60' title="bbox 2200 1669 3852 1749; baseline 0.001 -24"><span class='ocrx_word' id='word_1_417' title='bbox 2200 1693 2299 1738; x_wconf 86' lang='grc' dir='ltr'><strong>την</strong></span> <span class='ocrx_word' id='word_1_418' title='bbox 2361 1669 2751 1728; x_wconf 78' lang='grc' dir='ltr'>ἐπιϐουλεύοντι</span> <span class='ocrx_word' id='word_1_419' title='bbox 2838 1676 2913 1746; x_wconf 84' lang='grc' dir='ltr'>τῷ</span> <span class='ocrx_word' id='word_1_420' title='bbox 3001 1673 3255 1749; x_wconf 57' lang='grc' dir='ltr'>Σωτῆρι.)</span> <span class='ocrx_word' id='word_1_421' title='bbox 3336 1672 3731 1736; x_wconf 75' lang='grc' dir='ltr'>Ἐξύπὲστειλεν</span> <span class='ocrx_word' id='word_1_422' title='bbox 3824 1675 3852 1726; x_wconf 80' lang='grc' dir='ltr'>ὁ</span> 
     </span>
    </p>
   </div>
   <div class='ocr_carea' id='block_1_61' title="bbox 2202 1759 3852 1829">
    <p class='ocr_par' dir='ltr' id='par_1_61' title="bbox 2202 1759 3852 1829">
     <span class='ocr_line' id='line_1_61' title="bbox 2202 1759 3852 1829; baseline 0.001 -16"><span class='ocrx_word' id='word_1_423' title='bbox 2202 1761 2331 1821; x_wconf 83' lang='grc' dir='ltr'><strong>Θεὸς</strong></span> <span class='ocrx_word' id='word_1_424' title='bbox 2405 1763 2467 1815; x_wconf 83' lang='grc' dir='ltr'>τὸ</span> <span class='ocrx_word' id='word_1_425' title='bbox 2541 1759 2686 1823; x_wconf 83' lang='grc' dir='ltr'>ἔλεος</span> <span class='ocrx_word' id='word_1_426' title='bbox 2764 1760 2919 1817; x_wconf 72' lang='grc' dir='ltr'>αὒτού</span> <span class='ocrx_word' id='word_1_427' title='bbox 2991 1764 3078 1816; x_wconf 86' lang='grc' dir='ltr'><strong>καὶ</strong></span> <span class='ocrx_word' id='word_1_428' title='bbox 3144 1764 3244 1826; x_wconf 77' lang='grc' dir='ltr'>τὴν</span> <span class='ocrx_word' id='word_1_429' title='bbox 3320 1759 3570 1829; x_wconf 78' lang='grc' dir='ltr'>ἀλήθειαν</span> <span class='ocrx_word' id='word_1_430' title='bbox 3661 1763 3852 1821; x_wconf 65' lang='grc' dir='ltr'>αὑτοῦ.</span> 
     </span>
    </p>
   </div>
   <div class='ocr_carea' id='block_1_62' title="bbox 2198 1846 3361 1927">
    <p class='ocr_par' dir='ltr' id='par_1_62' title="bbox 2198 1846 3361 1927">
     <span class='ocr_line' id='line_1_62' title="bbox 2198 1846 3361 1927; baseline 0 -22"><span class='ocrx_word' id='word_1_431' title='bbox 2198 1846 2403 1913; x_wconf 79' lang='grc' dir='ltr'>’Ἔλεος</span> <span class='ocrx_word' id='word_1_432' title='bbox 2433 1852 2520 1905; x_wconf 85' lang='grc' dir='ltr'><strong>καὶ</strong></span> <span class='ocrx_word' id='word_1_433' title='bbox 2550 1848 2771 1917; x_wconf 62' lang='grc' dir='ltr'>ἀλήθεια</span> <span class='ocrx_word' id='word_1_434' title='bbox 2800 1857 2892 1905; x_wconf 75' lang='grc' dir='ltr'>τοῦ</span> <span class='ocrx_word' id='word_1_435' title='bbox 2918 1853 3121 1927; x_wconf 83' lang='grc' dir='ltr'>Πατρὸς</span> <span class='ocrx_word' id='word_1_436' title='bbox 3153 1853 3179 1904; x_wconf 81' lang='grc' dir='ltr'>ὸ</span> <span class='ocrx_word' id='word_1_437' title='bbox 3216 1849 3361 1912; x_wconf 76' lang='grc' dir='ltr'>Υἱός,</span> 
     </span>
    </p>
   </div>
   <div class='ocr_carea' id='block_1_63' title="bbox 2284 1937 3855 2017">
    <p class='ocr_par' dir='ltr' id='par_1_63' title="bbox 2284 1937 3855 2017">
     <span class='ocr_line' id='line_1_63' title="bbox 2284 1937 3855 2017; baseline 0.001 -25"><span class='ocrx_word' id='word_1_438' title='bbox 2284 1940 2378 1993; x_wconf 81' lang='grc' dir='ltr'><strong>Καὶ</strong></span> <span class='ocrx_word' id='word_1_439' title='bbox 2458 1937 2707 2015; x_wconf 77' lang='grc' dir='ltr'>ἐρρύσατο</span> <span class='ocrx_word' id='word_1_440' title='bbox 2782 1940 2880 2005; x_wconf 80' lang='grc' dir='ltr'><strong>τὴν</strong></span> <span class='ocrx_word' id='word_1_441' title='bbox 2950 1938 3134 2017; x_wconf 78' lang='grc' dir='ltr'>ψυχήν</span> <span class='ocrx_word' id='word_1_442' title='bbox 3192 1960 3295 2012; x_wconf 78' lang='grc' dir='ltr'>μου</span> <span class='ocrx_word' id='word_1_443' title='bbox 3356 1939 3416 1993; x_wconf 76' lang='grc' dir='ltr'>ἐκ</span> <span class='ocrx_word' id='word_1_444' title='bbox 3481 1939 3645 2011; x_wconf 78' lang='grc' dir='ltr'>μέσου</span> <span class='ocrx_word' id='word_1_445' title='bbox 3715 1941 3855 1993; x_wconf 81' lang='grc' dir='ltr'>σκύ-</span> 
     </span>
    </p>
   </div>
   <div class='ocr_carea' id='block_1_64' title="bbox 2200 2025 3852 2105">
    <p class='ocr_par' dir='ltr' id='par_1_64' title="bbox 2200 2025 3852 2105">
     <span class='ocr_line' id='line_1_64' title="bbox 2200 2025 3852 2105; baseline 0.002 -26"><span class='ocrx_word' id='word_1_446' title='bbox 2200 2047 2366 2096; x_wconf 84' lang='grc' dir='ltr'>μνων.</span> <span class='ocrx_word' id='word_1_447' title='bbox 2401 2026 2604 2105; x_wconf 72' lang='grc' dir='ltr'><strong>[Μέσας</strong></span> <span class='ocrx_word' id='word_1_448' title='bbox 2649 2025 2709 2093; x_wconf 67' lang='grc' dir='ltr'>δὴ</span> <span class='ocrx_word' id='word_1_449' title='bbox 2738 2026 3069 2103; x_wconf 72' lang='grc' dir='ltr'>ἀπολειφθεὶς</span> <span class='ocrx_word' id='word_1_450' title='bbox 3128 2028 3377 2100; x_wconf 74' lang='grc' dir='ltr'>σκύμνων</span> <span class='ocrx_word' id='word_1_451' title='bbox 3423 2033 3529 2082; x_wconf 80' lang='grc' dir='ltr'>τῶν</span> <span class='ocrx_word' id='word_1_452' title='bbox 3585 2032 3686 2092; x_wconf 79' lang='grc' dir='ltr'>τῆς</span> <span class='ocrx_word' id='word_1_453' title='bbox 3752 2028 3852 2083; x_wconf 76' lang='grc' dir='ltr'>Γέθ</span> 
     </span>
    </p>
   </div>
   <div class='ocr_carea' id='block_1_65' title="bbox 2198 2113 3841 2193">
    <p class='ocr_par' dir='ltr' id='par_1_65' title="bbox 2198 2113 3841 2193">
     <span class='ocr_line' id='line_1_65' title="bbox 2198 2113 3841 2193; baseline 0 -24"><span class='ocrx_word' id='word_1_454' title='bbox 2198 2113 2529 2192; x_wconf 72' lang='grc' dir='ltr'>ἀλλοφύλων.</span> <span class='ocrx_word' id='word_1_455' title='bbox 2592 2113 2677 2170; x_wconf 78' lang='grc' dir='ltr'>’Ἠ</span> <span class='ocrx_word' id='word_1_456' title='bbox 2736 2116 2796 2169; x_wconf 83' lang='grc' dir='ltr'>τὸ</span> <span class='ocrx_word' id='word_1_457' title='bbox 2839 2113 2963 2170; x_wconf 80' lang='grc' dir='ltr'>ὅσον</span> <span class='ocrx_word' id='word_1_458' title='bbox 3022 2113 3109 2171; x_wconf 78' lang='grc' dir='ltr'><strong>ἐπ’</strong></span> <span class='ocrx_word' id='word_1_459' title='bbox 3165 2116 3285 2189; x_wconf 67' lang='grc' dir='ltr'><strong>ὶμὲ,</strong></span> <span class='ocrx_word' id='word_1_460' title='bbox 3320 2118 3406 2171; x_wconf 81' lang='grc' dir='ltr'>καὶ</span> <span class='ocrx_word' id='word_1_461' title='bbox 3437 2121 3502 2189; x_wconf 76' lang='grc' dir='ltr'><strong>τῇ</strong></span> <span class='ocrx_word' id='word_1_462' title='bbox 3534 2114 3841 2193; x_wconf 68' lang='grc' dir='ltr'>ἀνθρωπίνη</span> 
     </span>
    </p>
   </div>
   <div class='ocr_carea' id='block_1_66' title="bbox 2193 2201 3844 2283">
    <p class='ocr_par' dir='ltr' id='par_1_66' title="bbox 2193 2201 3844 2283">
     <span class='ocr_line' id='line_1_66' title="bbox 2193 2201 3844 2283; baseline 0.001 -25"><span class='ocrx_word' id='word_1_463' title='bbox 2193 2201 2408 2275; x_wconf 79' lang='grc' dir='ltr'>ἀσεϐείᾳ</span> <span class='ocrx_word' id='word_1_464' title='bbox 2462 2204 2755 2276; x_wconf 77' lang='grc' dir='ltr'>ὲκοιμήθην</span> <span class='ocrx_word' id='word_1_465' title='bbox 2787 2204 3207 2281; x_wconf 71' lang='grc' dir='ltr'>τεταραγμένος,</span> <span class='ocrx_word' id='word_1_466' title='bbox 3266 2204 3415 2260; x_wconf 82' lang='grc' dir='ltr'>Ἀλλ’</span> <span class='ocrx_word' id='word_1_467' title='bbox 3461 2207 3487 2259; x_wconf 86' lang='grc' dir='ltr'>ὁ</span> <span class='ocrx_word' id='word_1_468' title='bbox 3535 2203 3844 2283; x_wconf 52' lang='lat' dir='ltr'><strong>&quot;rutilatae,</strong></span> 
     </span>
    </p>
   </div>
   <div class='ocr_carea' id='block_1_67' title="bbox 2191 2293 3851 2372">
    <p class='ocr_par' dir='ltr' id='par_1_67' title="bbox 2191 2293 3851 2372">
     <span class='ocr_line' id='line_1_67' title="bbox 2191 2293 3851 2372; baseline 0 -25"><span class='ocrx_word' id='word_1_469' title='bbox 2191 2294 2280 2347; x_wconf 86' lang='grc' dir='ltr'>τὸν</span> <span class='ocrx_word' id='word_1_470' title='bbox 2334 2293 2503 2368; x_wconf 73' lang='grc' dir='ltr'>Λόγον</span> <span class='ocrx_word' id='word_1_471' title='bbox 2558 2295 2713 2350; x_wconf 68' lang='grc' dir='ltr'><strong>αὖτοῦ</strong></span> <span class='ocrx_word' id='word_1_472' title='bbox 2770 2293 3119 2367; x_wconf 75' lang='grc' dir='ltr'><strong>ἀποστείλας,</strong></span> <span class='ocrx_word' id='word_1_473' title='bbox 3180 2293 3429 2369; x_wconf 77' lang='grc' dir='ltr'>ὲῤῥύσατο</span> <span class='ocrx_word' id='word_1_474' title='bbox 3492 2294 3587 2359; x_wconf 75' lang='grc' dir='ltr'>τὴν</span> <span class='ocrx_word' id='word_1_475' title='bbox 3650 2296 3851 2372; x_wconf 75' lang='grc' dir='ltr'>ψυχήν</span> 
     </span>
    </p>
   </div>
   <div class='ocr_carea' id='block_1_68' title="bbox 2191 2379 3849 2460">
    <p class='ocr_par' dir='ltr' id='par_1_68' title="bbox 2191 2379 3849 2460">
     <span class='ocr_line' id='line_1_68' title="bbox 2191 2379 3849 2460; baseline 0 -24"><span class='ocrx_word' id='word_1_476' title='bbox 2191 2402 2315 2454; x_wconf 61' lang='grc' dir='ltr'><strong>μου,</strong></span> <span class='ocrx_word' id='word_1_477' title='bbox 2377 2382 2447 2445; x_wconf 82' lang='grc' dir='ltr'>ὡς</span> <span class='ocrx_word' id='word_1_478' title='bbox 2506 2379 2673 2453; x_wconf 75' lang='grc' dir='ltr'>μηδὲν</span> <span class='ocrx_word' id='word_1_479' title='bbox 2727 2382 2887 2448; x_wconf 68' lang='grc' dir='ltr'>αὐτὴν</span> <span class='ocrx_word' id='word_1_480' title='bbox 2931 2382 2990 2437; x_wconf 82' lang='grc' dir='ltr'>ἐκ</span> <span class='ocrx_word' id='word_1_481' title='bbox 3048 2387 3149 2448; x_wconf 80' lang='grc' dir='ltr'>τῆς</span> <span class='ocrx_word' id='word_1_482' title='bbox 3186 2382 3424 2460; x_wconf 75' lang='grc' dir='ltr'>ταραχῆς</span> <span class='ocrx_word' id='word_1_483' title='bbox 3457 2384 3561 2437; x_wconf 79' lang='grc' dir='ltr'>τῶν</span> <span class='ocrx_word' id='word_1_484' title='bbox 3591 2382 3849 2454; x_wconf 75' lang='grc' dir='ltr'>σκύμνων</span> 
     </span>
    </p>
   </div>
   <div class='ocr_carea' id='block_1_69' title="bbox 2189 2467 3847 2548">
    <p class='ocr_par' dir='ltr' id='par_1_69' title="bbox 2189 2467 3847 2548">
     <span class='ocr_line' id='line_1_69' title="bbox 2189 2467 3847 2548; baseline 0.002 -25"><span class='ocrx_word' id='word_1_485' title='bbox 2189 2467 2474 2545; x_wconf 74' lang='grc' dir='ltr'>βλαϐῆναι.</span> <span class='ocrx_word' id='word_1_486' title='bbox 2513 2470 2635 2526; x_wconf 84' lang='grc' dir='ltr'>Τίνα</span> <span class='ocrx_word' id='word_1_487' title='bbox 2664 2467 2717 2524; x_wconf 82' lang='grc' dir='ltr'><em>δὲ</em></span> <span class='ocrx_word' id='word_1_488' title='bbox 2747 2474 2813 2525; x_wconf 76' lang='grc' dir='ltr'>τά</span> <span class='ocrx_word' id='word_1_489' title='bbox 2841 2472 2995 2548; x_wconf 83' lang='grc' dir='ltr'>θηρία</span> <span class='ocrx_word' id='word_1_490' title='bbox 3052 2481 3216 2528; x_wconf 81' lang='grc' dir='ltr'>ταῦτα</span> <span class='ocrx_word' id='word_1_491' title='bbox 3255 2490 3271 2538; x_wconf 75' lang='grc' dir='ltr'><strong>ς</strong></span> <span class='ocrx_word' id='word_1_492' title='bbox 3317 2472 3419 2528; x_wconf 82' lang='grc' dir='ltr'>υἱοὶ</span> <span class='ocrx_word' id='word_1_493' title='bbox 3478 2475 3584 2526; x_wconf 83' lang='grc' dir='ltr'>τῶν</span> <span class='ocrx_word' id='word_1_494' title='bbox 3628 2469 3847 2545; x_wconf 76' lang='grc' dir='ltr'>ἀνθρώ-</span> 
     </span>
    </p>
   </div>
   <div class='ocr_carea' id='block_1_70' title="bbox 2188 2556 3848 2633">
    <p class='ocr_par' dir='ltr' id='par_1_70' title="bbox 2188 2556 3848 2633">
     <span class='ocr_line' id='line_1_70' title="bbox 2188 2556 3848 2633; baseline 0.001 -20"><span class='ocrx_word' id='word_1_495' title='bbox 2188 2579 2303 2613; x_wconf 85' lang='grc' dir='ltr'><strong>πων</strong></span> <span class='ocrx_word' id='word_1_496' title='bbox 2335 2559 2460 2613; x_wconf 79' lang='grc' dir='ltr'>εἱσὶν</span> <span class='ocrx_word' id='word_1_497' title='bbox 2522 2556 2582 2611; x_wconf 74' lang='grc' dir='ltr'><strong>ἄν</strong></span> <span class='ocrx_word' id='word_1_498' title='bbox 2618 2573 2630 2586; x_wconf 91' lang='grc'><strong>·</strong></span> <span class='ocrx_word' id='word_1_499' title='bbox 2696 2561 2741 2614; x_wconf 77' lang='grc' dir='ltr'>οἱ</span> <span class='ocrx_word' id='word_1_500' title='bbox 2794 2556 3003 2622; x_wconf 82' lang='grc' dir='ltr'>ὀδόντες</span> <span class='ocrx_word' id='word_1_501' title='bbox 3034 2558 3174 2615; x_wconf 81' lang='grc' dir='ltr'>ὅπλα</span> <span class='ocrx_word' id='word_1_502' title='bbox 3204 2562 3289 2614; x_wconf 83' lang='grc' dir='ltr'><strong>καὶ</strong></span> <span class='ocrx_word' id='word_1_503' title='bbox 3336 2561 3387 2614; x_wconf 76' lang='grc' dir='ltr'>αἱ</span> <span class='ocrx_word' id='word_1_504' title='bbox 3448 2557 3632 2633; x_wconf 77' lang='grc' dir='ltr'>βουλαί</span> <span class='ocrx_word' id='word_1_505' title='bbox 3668 2577 3683 2592; x_wconf 74' lang='grc' dir='ltr'><strong>ο</strong></span> <span class='ocrx_word' id='word_1_506' title='bbox 3724 2560 3848 2614; x_wconf 77' lang='grc' dir='ltr'>ἀντὶ</span> 
     </span>
    </p>
   </div>
   <div class='ocr_carea' id='block_1_71' title="bbox 2188 2645 3842 2725">
    <p class='ocr_par' dir='ltr' id='par_1_71' title="bbox 2188 2645 3842 2725">
     <span class='ocr_line' id='line_1_71' title="bbox 2188 2645 3842 2725; baseline 0.001 -24"><span class='ocrx_word' id='word_1_507' title='bbox 2188 2656 2302 2720; x_wconf 81' lang='grc' dir='ltr'>τοῦ,</span> <span class='ocrx_word' id='word_1_508' title='bbox 2350 2645 2634 2722; x_wconf 86' lang='grc' dir='ltr'>βλαπτικοί</span> <span class='ocrx_word' id='word_1_509' title='bbox 2671 2649 2768 2702; x_wconf 82' lang='grc' dir='ltr'>εἱσι</span> <span class='ocrx_word' id='word_1_510' title='bbox 2822 2646 2911 2704; x_wconf 79' lang='grc' dir='ltr'>διὰ</span> <span class='ocrx_word' id='word_1_511' title='bbox 2967 2649 3198 2709; x_wconf 74' lang='grc' dir='ltr'>πάντων,</span> <span class='ocrx_word' id='word_1_512' title='bbox 3238 2647 3463 2724; x_wconf 58' lang='lat' dir='ltr'><strong>&quot;usus?</strong></span> <span class='ocrx_word' id='word_1_513' title='bbox 3494 2650 3527 2715; x_wconf 81' lang='grc' dir='ltr'><strong>ἡ</strong></span> <span class='ocrx_word' id='word_1_514' title='bbox 3560 2648 3842 2725; x_wconf 68' lang='grc' dir='ltr'>μάχαιρα,</span> 
     </span>
    </p>
   </div>
   <div class='ocr_carea' id='block_1_72' title="bbox 2189 2733 3843 2814">
    <p class='ocr_par' dir='ltr' id='par_1_72' title="bbox 2189 2733 3843 2814">
     <span class='ocr_line' id='line_1_72' title="bbox 2189 2733 3843 2814; baseline 0.001 -26"><span class='ocrx_word' id='word_1_515' title='bbox 2189 2734 2501 2808; x_wconf 70' lang='grc' dir='ltr'>ἡκονημένη</span> <span class='ocrx_word' id='word_1_516' title='bbox 2533 2737 2685 2810; x_wconf 78' lang='grc' dir='ltr'>οὖσα,</span> <span class='ocrx_word' id='word_1_517' title='bbox 2718 2733 2905 2809; x_wconf 80' lang='grc' dir='ltr'>ῥαδίως</span> <span class='ocrx_word' id='word_1_518' title='bbox 2939 2737 3170 2814; x_wconf 77' lang='grc' dir='ltr'>ἀναιρεῖ,</span> <span class='ocrx_word' id='word_1_519' title='bbox 3206 2735 3344 2791; x_wconf 72' lang='grc' dir='ltr'>οὕτω</span> <span class='ocrx_word' id='word_1_520' title='bbox 3378 2738 3466 2791; x_wconf 78' lang='grc' dir='ltr'><strong>γαὶ</strong></span> <span class='ocrx_word' id='word_1_521' title='bbox 3519 2737 3553 2802; x_wconf 80' lang='grc' dir='ltr'><strong>ἡ</strong></span> <span class='ocrx_word' id='word_1_522' title='bbox 3584 2735 3843 2812; x_wconf 79' lang='grc' dir='ltr'>γλῶσσα,</span> 
     </span>
    </p>
   </div>
   <div class='ocr_carea' id='block_1_73' title="bbox 2186 2823 3848 2904">
    <p class='ocr_par' dir='ltr' id='par_1_73' title="bbox 2186 2823 3848 2904">
     <span class='ocr_line' id='line_1_73' title="bbox 2186 2823 3848 2904; baseline 0 -26"><span class='ocrx_word' id='word_1_523' title='bbox 2186 2823 2494 2900; x_wconf 80' lang='grc' dir='ltr'>τετηγμένη</span> <span class='ocrx_word' id='word_1_524' title='bbox 2538 2834 2691 2898; x_wconf 78' lang='grc' dir='ltr'>οὐσα,</span> <span class='ocrx_word' id='word_1_525' title='bbox 2718 2838 2837 2889; x_wconf 77' lang='grc' dir='ltr'>ταῖς</span> <span class='ocrx_word' id='word_1_526' title='bbox 2881 2824 3238 2904; x_wconf 80' lang='grc' dir='ltr'>καταλαλιαϊς</span> <span class='ocrx_word' id='word_1_527' title='bbox 3277 2823 3549 2904; x_wconf 57' lang='grc' dir='ltr'>ἀναιρεῖ]</span> <span class='ocrx_word' id='word_1_528' title='bbox 3581 2826 3848 2899; x_wconf 49' lang='lat' dir='ltr'><strong>smpti...</strong></span> 
     </span>
    </p>
   </div>
   <div class='ocr_carea' id='block_1_74' title="bbox 2186 2902 3847 2991">
    <p class='ocr_par' dir='ltr' id='par_1_74' title="bbox 2186 2902 3847 2991">
     <span class='ocr_line' id='line_1_74' title="bbox 2186 2902 3847 2991; baseline 0.002 -25"><span class='ocrx_word' id='word_1_529' title='bbox 2186 2920 2292 2967; x_wconf 83' lang='grc' dir='ltr'>τὼν</span> <span class='ocrx_word' id='word_1_530' title='bbox 2369 2919 2574 2977; x_wconf 81' lang='grc' dir='ltr'>νοητῶν</span> <span class='ocrx_word' id='word_1_531' title='bbox 2656 2910 2925 2977; x_wconf 76' lang='grc' dir='ltr'>δηλονότι.</span> <span class='ocrx_word' id='word_1_532' title='bbox 3006 2902 3347 2984; x_wconf 65' lang='grc' dir='ltr'>Ἐκοιμήθην</span> <span class='ocrx_word' id='word_1_533' title='bbox 3424 2902 3847 2991; x_wconf 76' lang='grc' dir='ltr'>τεταραγμένος.</span> 
     </span>
    </p>
   </div>
   <div class='ocr_carea' id='block_1_75' title="bbox 2190 2999 3846 3079">
    <p class='ocr_par' dir='ltr' id='par_1_75' title="bbox 2190 2999 3846 3079">
     <span class='ocr_line' id='line_1_75' title="bbox 2190 2999 3846 3079; baseline -0.001 -23"><span class='ocrx_word' id='word_1_534' title='bbox 2190 2999 2410 3066; x_wconf 78' lang='grc' dir='ltr'>Ἐπειδὴ</span> <span class='ocrx_word' id='word_1_535' title='bbox 2466 2999 2735 3077; x_wconf 51' lang='lat' dir='ltr'><strong>speicum,</strong></span> <span class='ocrx_word' id='word_1_536' title='bbox 2802 3005 2984 3079; x_wconf 66' lang='grc' dir='ltr'>φησὶν,</span> <span class='ocrx_word' id='word_1_537' title='bbox 3045 3002 3104 3056; x_wconf 81' lang='grc' dir='ltr'>ὲκ</span> <span class='ocrx_word' id='word_1_538' title='bbox 3163 3006 3266 3056; x_wconf 81' lang='grc' dir='ltr'>τῶν</span> <span class='ocrx_word' id='word_1_539' title='bbox 3328 3008 3538 3067; x_wconf 82' lang='grc' dir='ltr'>νοητῶν</span> <span class='ocrx_word' id='word_1_540' title='bbox 3569 3004 3846 3075; x_wconf 62' lang='grc' dir='ltr'>σκύμνων,</span> 
     </span>
    </p>
   </div>
   <div class='ocr_carea' id='block_1_76' title="bbox 2188 3090 3845 3168">
    <p class='ocr_par' dir='ltr' id='par_1_76' title="bbox 2188 3090 3845 3168">
     <span class='ocr_line' id='line_1_76' title="bbox 2188 3090 3845 3168; baseline 0.002 -24"><span class='ocrx_word' id='word_1_541' title='bbox 2188 3091 2372 3145; x_wconf 79' lang='grc' dir='ltr'>τούτου</span> <span class='ocrx_word' id='word_1_542' title='bbox 2429 3090 2585 3168; x_wconf 63' lang='grc' dir='ltr'>χάριν</span> <span class='ocrx_word' id='word_1_543' title='bbox 2629 3092 2715 3145; x_wconf 85' lang='grc' dir='ltr'>καὶ</span> <span class='ocrx_word' id='word_1_544' title='bbox 2761 3090 3157 3166; x_wconf 74' lang='grc' dir='ltr'>ἂναπαύσομαι,</span> <span class='ocrx_word' id='word_1_545' title='bbox 3193 3094 3365 3146; x_wconf 71' lang='grc' dir='ltr'>καίτοι</span> <span class='ocrx_word' id='word_1_546' title='bbox 3414 3090 3578 3145; x_wconf 64' lang='grc' dir='ltr'>παλαι</span> <span class='ocrx_word' id='word_1_547' title='bbox 3609 3090 3698 3145; x_wconf 77' lang='grc' dir='ltr'><strong>ὑπ’</strong></span> <span class='ocrx_word' id='word_1_548' title='bbox 3737 3096 3845 3150; x_wconf 75' lang='grc' dir='ltr'><strong>αὖ·</strong></span> 
     </span>
    </p>
   </div>
   <div class='ocr_carea' id='block_1_77' title="bbox 2187 3177 3845 3257">
    <p class='ocr_par' dir='ltr' id='par_1_77' title="bbox 2187 3177 3845 3257">
     <span class='ocr_line' id='line_1_77' title="bbox 2187 3177 3845 3257; baseline 0.002 -25"><span class='ocrx_word' id='word_1_549' title='bbox 2187 3184 2291 3233; x_wconf 82' lang='grc' dir='ltr'>τῶν</span> <span class='ocrx_word' id='word_1_550' title='bbox 2340 3181 2752 3255; x_wconf 79' lang='grc' dir='ltr'>ταραττόμενος.</span> <span class='ocrx_word' id='word_1_551' title='bbox 2814 3180 2922 3234; x_wconf 80' lang='grc' dir='ltr'>Υἱοὶ</span> <span class='ocrx_word' id='word_1_552' title='bbox 2979 3179 3293 3257; x_wconf 80' lang='grc' dir='ltr'>ἀνθρώπων,</span> <span class='ocrx_word' id='word_1_553' title='bbox 3351 3182 3398 3233; x_wconf 76' lang='grc' dir='ltr'>οἱ</span> <span class='ocrx_word' id='word_1_554' title='bbox 3468 3177 3675 3242; x_wconf 70' lang='grc' dir='ltr'>ἰοδόντες</span> <span class='ocrx_word' id='word_1_555' title='bbox 3736 3180 3845 3235; x_wconf 75' lang='grc' dir='ltr'><strong>αὗ-</strong></span> 
     </span>
    </p>
   </div>
   <div class='ocr_carea' id='block_1_78' title="bbox 2185 3265 3843 3345">
    <p class='ocr_par' dir='ltr' id='par_1_78' title="bbox 2185 3265 3843 3345">
     <span class='ocr_line' id='line_1_78' title="bbox 2185 3265 3843 3345; baseline 0.002 -24"><span class='ocrx_word' id='word_1_556' title='bbox 2185 3273 2290 3321; x_wconf 84' lang='grc' dir='ltr'>τῶν</span> <span class='ocrx_word' id='word_1_557' title='bbox 2331 3265 2471 3321; x_wconf 77' lang='grc' dir='ltr'>ὅπλα</span> <span class='ocrx_word' id='word_1_558' title='bbox 2525 3269 2612 3322; x_wconf 83' lang='grc' dir='ltr'><strong>καὶ</strong></span> <span class='ocrx_word' id='word_1_559' title='bbox 2663 3267 2817 3341; x_wconf 73' lang='grc' dir='ltr'>βέλη.</span> <span class='ocrx_word' id='word_1_560' title='bbox 2868 3268 3040 3329; x_wconf 77' lang='grc' dir='ltr'>Ταῦτᾶ</span> <span class='ocrx_word' id='word_1_561' title='bbox 3106 3290 3233 3345; x_wconf 79' lang='grc' dir='ltr'>φησι</span> <span class='ocrx_word' id='word_1_562' title='bbox 3296 3270 3713 3340; x_wconf 82' lang='grc' dir='ltr'>κατασημαίνων</span> <span class='ocrx_word' id='word_1_563' title='bbox 3774 3272 3843 3325; x_wconf 72' lang='grc' dir='ltr'>τὰ</span> 
     </span>
    </p>
   </div>
   <div class='ocr_carea' id='block_1_79' title="bbox 2184 3354 3843 3435">
    <p class='ocr_par' dir='ltr' id='par_1_79' title="bbox 2184 3354 3843 3435">
     <span class='ocr_line' id='line_1_79' title="bbox 2184 3354 3843 3435; baseline 0 -24"><span class='ocrx_word' id='word_1_564' title='bbox 2184 3362 2260 3429; x_wconf 81' lang='grc' dir='ltr'><strong>τῷ</strong></span> <span class='ocrx_word' id='word_1_565' title='bbox 2318 3360 2520 3431; x_wconf 82' lang='grc' dir='ltr'>Σωιῆρι</span> <span class='ocrx_word' id='word_1_566' title='bbox 2565 3354 2838 3429; x_wconf 72' lang='grc' dir='ltr'>συμϐάντα</span> <span class='ocrx_word' id='word_1_567' title='bbox 2895 3358 3026 3411; x_wconf 85' lang='grc' dir='ltr'>κατὰ</span> <span class='ocrx_word' id='word_1_568' title='bbox 3078 3359 3169 3412; x_wconf 83' lang='grc' dir='ltr'>τὸν</span> <span class='ocrx_word' id='word_1_569' title='bbox 3228 3364 3320 3413; x_wconf 82' lang='grc' dir='ltr'>σοῦ</span> <span class='ocrx_word' id='word_1_570' title='bbox 3374 3358 3566 3418; x_wconf 77' lang='grc' dir='ltr'>πάθους</span> <span class='ocrx_word' id='word_1_571' title='bbox 3617 3360 3843 3435; x_wconf 63' lang='grc' dir='ltr'>καιρὸν,</span> 
     </span>
    </p>
   </div>
   <div class='ocr_carea' id='block_1_80' title="bbox 2182 3444 3843 3524">
    <p class='ocr_par' dir='ltr' id='par_1_80' title="bbox 2182 3444 3843 3524">
     <span class='ocr_line' id='line_1_80' title="bbox 2182 3444 3843 3524; baseline 0.002 -25"><span class='ocrx_word' id='word_1_572' title='bbox 2182 3445 2338 3511; x_wconf 83' lang='grc' dir='ltr'>ἡνίκα</span> <span class='ocrx_word' id='word_1_573' title='bbox 2396 3446 2526 3521; x_wconf 84' lang='grc' dir='ltr'>πρὸς</span> <span class='ocrx_word' id='word_1_574' title='bbox 2591 3444 2816 3501; x_wconf 81' lang='grc' dir='ltr'>Πιλᾶτον</span> <span class='ocrx_word' id='word_1_575' title='bbox 2875 3444 3090 3520; x_wconf 75' lang='grc' dir='ltr'>ἔκραζον</span> <span class='ocrx_word' id='word_1_576' title='bbox 3137 3448 3182 3501; x_wconf 86' lang='grc' dir='ltr'>οἱ</span> <span class='ocrx_word' id='word_1_577' title='bbox 3226 3444 3479 3501; x_wconf 75' lang='grc' dir='ltr'>Ἰουδαῖοι</span> <span class='ocrx_word' id='word_1_578' title='bbox 3514 3448 3649 3502; x_wconf 84' lang='grc' dir='ltr'>κατὰ</span> <span class='ocrx_word' id='word_1_579' title='bbox 3694 3454 3843 3524; x_wconf 76' lang='grc' dir='ltr'>Χρι-</span> 
     </span>
    </p>
   </div>
   <div class='ocr_carea' id='block_1_81' title="bbox 2184 3527 3829 3613">
    <p class='ocr_par' dir='ltr' id='par_1_81' title="bbox 2184 3527 3829 3613">
     <span class='ocr_line' id='line_1_81' title="bbox 2184 3527 3829 3613; baseline 0.002 -25"><span class='ocrx_word' id='word_1_580' title='bbox 2184 3539 2306 3588; x_wconf 79' lang='grc' dir='ltr'>στοῦ</span> <span class='ocrx_word' id='word_1_581' title='bbox 2363 3534 2447 3604; x_wconf 78' lang='grc' dir='ltr'><strong>τὸ,</strong></span> <span class='ocrx_word' id='word_1_582' title='bbox 2535 3527 2709 3612; x_wconf 72' lang='grc' dir='ltr'>Ἆρον,</span> <span class='ocrx_word' id='word_1_583' title='bbox 2770 3534 2917 3611; x_wconf 80' lang='grc' dir='ltr'>ἆρον,</span> <span class='ocrx_word' id='word_1_584' title='bbox 2992 3535 3297 3604; x_wconf 75' lang='grc' dir='ltr'>σταύρωσον</span> <span class='ocrx_word' id='word_1_585' title='bbox 3361 3534 3543 3613; x_wconf 71' lang='grc' dir='ltr'>αὐτόν,</span> <span class='ocrx_word' id='word_1_586' title='bbox 3590 3537 3680 3590; x_wconf 86' lang='grc' dir='ltr'>καὶ</span> <span class='ocrx_word' id='word_1_587' title='bbox 3742 3534 3829 3591; x_wconf 82' lang='grc' dir='ltr'><strong>ὅτι</strong></span> 
     </span>
    </p>
   </div>
   <div class='ocr_carea' id='block_1_82' title="bbox 2186 3622 3827 3702">
    <p class='ocr_par' dir='ltr' id='par_1_82' title="bbox 2186 3622 3827 3702">
     <span class='ocr_line' id='line_1_82' title="bbox 2186 3622 3827 3702; baseline 0.002 -25"><span class='ocrx_word' id='word_1_588' title='bbox 2186 3624 2242 3678; x_wconf 79' lang='grc' dir='ltr'>Εἰ</span> <span class='ocrx_word' id='word_1_589' title='bbox 2286 3622 2363 3695; x_wconf 63' lang='grc' dir='ltr'><strong>μὴ</strong></span> <span class='ocrx_word' id='word_1_590' title='bbox 2416 3625 2481 3688; x_wconf 80' lang='grc' dir='ltr'>ἦν</span> <span class='ocrx_word' id='word_1_591' title='bbox 2546 3628 2697 3686; x_wconf 78' lang='grc' dir='ltr'>οὗτος</span> <span class='ocrx_word' id='word_1_592' title='bbox 2783 3632 3098 3700; x_wconf 82' lang='grc' dir='ltr'>κακοῦργος,</span> <span class='ocrx_word' id='word_1_593' title='bbox 3158 3626 3252 3680; x_wconf 71' lang='grc' dir='ltr'><strong>οὒκ</strong></span> <span class='ocrx_word' id='word_1_594' title='bbox 3306 3624 3367 3677; x_wconf 80' lang='grc' dir='ltr'><strong>ἂν</strong></span> <span class='ocrx_word' id='word_1_595' title='bbox 3432 3645 3512 3679; x_wconf 91' lang='grc' dir='ltr'><strong>σοι</strong></span> <span class='ocrx_word' id='word_1_596' title='bbox 3575 3622 3827 3702; x_wconf 78' lang='grc' dir='ltr'>παρεδώ-</span> 
     </span>
    </p>
   </div>
   <div class='ocr_carea' id='block_1_83' title="bbox 2184 3710 2564 3785">
    <p class='ocr_par' dir='ltr' id='par_1_83' title="bbox 2184 3710 2564 3785">
     <span class='ocr_line' id='line_1_83' title="bbox 2184 3710 2564 3785; baseline -0.008 -19"><span class='ocrx_word' id='word_1_597' title='bbox 2184 3731 2351 3785; x_wconf 82' lang='grc' dir='ltr'>καμεν</span> <span class='ocrx_word' id='word_1_598' title='bbox 2382 3710 2564 3772; x_wconf 70' lang='grc' dir='ltr'>αὐτόν,</span> 
     </span>
    </p>
   </div>
   <div class='ocr_carea' id='block_1_84' title="bbox 2263 3799 3831 3877">
    <p class='ocr_par' dir='ltr' id='par_1_84' title="bbox 2263 3799 3831 3877">
     <span class='ocr_line' id='line_1_84' title="bbox 2263 3799 3831 3877; baseline 0.003 -24"><span class='ocrx_word' id='word_1_599' title='bbox 2263 3799 2536 3873; x_wconf 80' lang='grc' dir='ltr'>’Υψώθητι</span> <span class='ocrx_word' id='word_1_600' title='bbox 2597 3800 2686 3854; x_wconf 71' lang='grc' dir='ltr'><strong>ἐπὶ</strong></span> <span class='ocrx_word' id='word_1_601' title='bbox 2735 3801 2856 3862; x_wconf 71' lang='grc' dir='ltr'>τεὺς</span> <span class='ocrx_word' id='word_1_602' title='bbox 2918 3800 3188 3877; x_wconf 72' lang='grc' dir='ltr'><strong>οὗρανοὺς²</strong></span> <span class='ocrx_word' id='word_1_603' title='bbox 3251 3803 3278 3856; x_wconf 87' lang='grc' dir='ltr'><strong>ὁ</strong></span> <span class='ocrx_word' id='word_1_604' title='bbox 3351 3803 3503 3871; x_wconf 79' lang='grc' dir='ltr'>θεὸς,</span> <span class='ocrx_word' id='word_1_605' title='bbox 3579 3803 3665 3856; x_wconf 83' lang='grc' dir='ltr'><strong>καὶ</strong></span> <span class='ocrx_word' id='word_1_606' title='bbox 3739 3802 3831 3857; x_wconf 63' lang='grc' dir='ltr'><strong>ἐπὶ</strong></span> 
     </span>
    </p>
   </div>
   <div class='ocr_carea' id='block_1_85' title="bbox 2182 3885 3830 3969">
    <p class='ocr_par' dir='ltr' id='par_1_85' title="bbox 2182 3885 3830 3969">
     <span class='ocr_line' id='line_1_85' title="bbox 2182 3885 3830 3969; baseline 0.001 -26"><span class='ocrx_word' id='word_1_607' title='bbox 2182 3894 2353 3943; x_wconf 81' lang='grc' dir='ltr'>πᾶσαν</span> <span class='ocrx_word' id='word_1_608' title='bbox 2402 3888 2500 3953; x_wconf 62' lang='grc' dir='ltr'>τὴν</span> <span class='ocrx_word' id='word_1_609' title='bbox 2546 3888 2647 3965; x_wconf 74' lang='grc' dir='ltr'><strong>γῆν</strong></span> <span class='ocrx_word' id='word_1_610' title='bbox 2708 3890 2740 3954; x_wconf 79' lang='grc' dir='ltr'>ἡ</span> <span class='ocrx_word' id='word_1_611' title='bbox 2798 3885 2920 3953; x_wconf 64' lang='grc' dir='ltr'>δόξα</span> <span class='ocrx_word' id='word_1_612' title='bbox 2965 3910 3081 3950; x_wconf 86' lang='grc' dir='ltr'>σου,</span> <span class='ocrx_word' id='word_1_613' title='bbox 3141 3891 3196 3945; x_wconf 81' lang='grc' dir='ltr'><strong>Εἰ</strong></span> <span class='ocrx_word' id='word_1_614' title='bbox 3238 3890 3324 3944; x_wconf 87' lang='grc' dir='ltr'><strong>καὶ</strong></span> <span class='ocrx_word' id='word_1_615' title='bbox 3387 3890 3647 3966; x_wconf 73' lang='grc' dir='ltr'>καθῆκας,</span> <span class='ocrx_word' id='word_1_616' title='bbox 3707 3913 3830 3969; x_wconf 69' lang='grc' dir='ltr'>φη-</span> 
     </span>
    </p>
   </div>
   <div class='ocr_carea' id='block_1_86' title="bbox 2181 3975 3831 4055">
    <p class='ocr_par' dir='ltr' id='par_1_86' title="bbox 2181 3975 3831 4055">
     <span class='ocr_line' id='line_1_86' title="bbox 2181 3975 3831 4055; baseline 0.002 -24"><span class='ocrx_word' id='word_1_617' title='bbox 2181 3979 2282 4050; x_wconf 76' lang='grc' dir='ltr'><strong>σὶν⁹</strong></span> <span class='ocrx_word' id='word_1_618' title='bbox 2345 3977 2529 4033; x_wconf 76' lang='grc' dir='ltr'>ἑαυτὸν</span> <span class='ocrx_word' id='word_1_619' title='bbox 2568 3975 2653 4031; x_wconf 78' lang='grc' dir='ltr'><strong>διὰ</strong></span> <span class='ocrx_word' id='word_1_620' title='bbox 2697 3978 2793 4045; x_wconf 83' lang='grc' dir='ltr'><strong>τὴν</strong></span> <span class='ocrx_word' id='word_1_621' title='bbox 2837 3978 3099 4054; x_wconf 74' lang='grc' dir='ltr'>ἡμετέραν</span> <span class='ocrx_word' id='word_1_622' title='bbox 3152 3978 3417 4055; x_wconf 70' lang='grc' dir='ltr'>σωτηρίαν</span> <span class='ocrx_word' id='word_1_623' title='bbox 3448 3979 3519 4041; x_wconf 76' lang='grc' dir='ltr'><strong>εἰς</strong></span> <span class='ocrx_word' id='word_1_624' title='bbox 3579 3977 3831 4036; x_wconf 73' lang='grc' dir='ltr'>ἑκούσιον</span> 
     </span>
    </p>
   </div>
   <div class='ocr_carea' id='block_1_87' title="bbox 2180 4066 3832 4144">
    <p class='ocr_par' dir='ltr' id='par_1_87' title="bbox 2180 4066 3832 4144">
     <span class='ocr_line' id='line_1_87' title="bbox 2180 4066 3832 4144; baseline 0.002 -24"><span class='ocrx_word' id='word_1_625' title='bbox 2180 4066 2425 4144; x_wconf 67' lang='grc' dir='ltr'>κένωσιν,</span> <span class='ocrx_word' id='word_1_626' title='bbox 2488 4067 2574 4122; x_wconf 85' lang='grc' dir='ltr'><strong>καὶ</strong></span> <span class='ocrx_word' id='word_1_627' title='bbox 2632 4066 2856 4143; x_wconf 82' lang='grc' dir='ltr'>γέγονας</span> <span class='ocrx_word' id='word_1_628' title='bbox 2915 4068 3151 4135; x_wconf 80' lang='grc' dir='ltr'>ὑπήκοος</span> <span class='ocrx_word' id='word_1_629' title='bbox 3205 4067 3367 4144; x_wconf 76' lang='grc' dir='ltr'>μέχρι</span> <span class='ocrx_word' id='word_1_630' title='bbox 3409 4067 3652 4140; x_wconf 78' lang='grc' dir='ltr'>θανάτου,</span> <span class='ocrx_word' id='word_1_631' title='bbox 3684 4066 3832 4123; x_wconf 74' lang='grc' dir='ltr'><strong>ἀλλὰ</strong></span> 
     </span>
    </p>
   </div>
   <div class='ocr_carea' id='block_1_88' title="bbox 2179 4153 3831 4233">
    <p class='ocr_par' dir='ltr' id='par_1_88' title="bbox 2179 4153 3831 4233">
     <span class='ocr_line' id='line_1_88' title="bbox 2179 4153 3831 4233; baseline 0.001 -23"><span class='ocrx_word' id='word_1_632' title='bbox 2179 4156 2267 4210; x_wconf 87' lang='grc' dir='ltr'>καὶ</span> <span class='ocrx_word' id='word_1_633' title='bbox 2326 4154 2486 4209; x_wconf 84' lang='grc' dir='ltr'>πάλιν</span> <span class='ocrx_word' id='word_1_634' title='bbox 2548 4153 2728 4210; x_wconf 81' lang='grc' dir='ltr'>ἄνελθε</span> <span class='ocrx_word' id='word_1_635' title='bbox 2774 4156 2847 4218; x_wconf 78' lang='grc' dir='ltr'><strong>εἰς</strong></span> <span class='ocrx_word' id='word_1_636' title='bbox 2878 4155 3148 4233; x_wconf 71' lang='grc' dir='ltr'><strong>οἰιρανοὺς²</strong></span> <span class='ocrx_word' id='word_1_637' title='bbox 3184 4154 3265 4210; x_wconf 72' lang='grc' dir='ltr'><strong>ὅτι</strong></span> <span class='ocrx_word' id='word_1_638' title='bbox 3311 4157 3398 4210; x_wconf 84' lang='grc' dir='ltr'>καὶ</span> <span class='ocrx_word' id='word_1_639' title='bbox 3449 4153 3675 4209; x_wconf 86' lang='grc' dir='ltr'>ἀνελθὼν</span> <span class='ocrx_word' id='word_1_640' title='bbox 3726 4156 3831 4223; x_wconf 74' lang='grc' dir='ltr'>τῆς</span> 
     </span>
    </p>
   </div>
   <div class='ocr_carea' id='block_1_89' title="bbox 2180 4240 3314 4320">
    <p class='ocr_par' dir='ltr' id='par_1_89' title="bbox 2180 4240 3314 4320">
     <span class='ocr_line' id='line_1_89' title="bbox 2180 4240 3314 4320; baseline -0.012 -13"><span class='ocrx_word' id='word_1_641' title='bbox 2180 4247 2278 4310; x_wconf 78' lang='grc' dir='ltr'><strong>σῆς</strong></span> <span class='ocrx_word' id='word_1_642' title='bbox 2331 4240 2481 4309; x_wconf 76' lang='grc' dir='ltr'>δυξης</span> <span class='ocrx_word' id='word_1_643' title='bbox 2513 4241 2819 4320; x_wconf 79' lang='grc' dir='ltr'>πληρώσεις</span> <span class='ocrx_word' id='word_1_644' title='bbox 2851 4250 3023 4299; x_wconf 80' lang='grc' dir='ltr'>πᾶσαν</span> <span class='ocrx_word' id='word_1_645' title='bbox 3056 4244 3152 4309; x_wconf 74' lang='grc' dir='ltr'>τὴν</span> <span class='ocrx_word' id='word_1_646' title='bbox 3184 4248 3314 4320; x_wconf 77' lang='grc' dir='ltr'><strong>γῆν,</strong></span> 
     </span>
    </p>
   </div>
   <div class='ocr_carea' id='block_1_90' title="bbox 534 4329 2105 4419">
    <p class='ocr_par' dir='ltr' id='par_1_90' title="bbox 534 4337 2093 4419">
     <span class='ocr_line' id='line_1_90' title="bbox 534 4337 2093 4419; baseline -0.006 -13"><span class='ocrx_word' id='word_1_647' title='bbox 534 4341 910 4419; x_wconf 79' lang='lat' dir='ltr'><strong>7.Laqueum</strong></span> <span class='ocrx_word' id='word_1_648' title='bbox 930 4346 1312 4419; x_wconf 83' lang='lat' dir='ltr'><strong>paraverunt</strong></span> <span class='ocrx_word' id='word_1_649' title='bbox 1343 4337 1598 4416; x_wconf 83' lang='lat' dir='ltr'><strong>pedibus</strong></span> <span class='ocrx_word' id='word_1_650' title='bbox 1616 4340 1790 4401; x_wconf 87' lang='lat' dir='ltr'><strong>meis.</strong></span> <span class='ocrx_word' id='word_1_651' title='bbox 1820 4339 1958 4412; x_wconf 87' lang='lat' dir='ltr'><strong>Eos,</strong></span> <span class='ocrx_word' id='word_1_652' title='bbox 1991 4339 2093 4411; x_wconf 81' lang='lat' dir='ltr'><strong>ait,</strong></span> 
     </span>
    </p>
   </div>
   <div class='ocr_carea' id='block_1_91' title="bbox 2199 4329 3829 4419">
    <p class='ocr_par' dir='ltr' id='par_1_91' title="bbox 2268 4329 3829 4408">
     <span class='ocr_line' id='line_1_91' title="bbox 2268 4329 3829 4408; baseline 0.001 -22"><span class='ocrx_word' id='word_1_653' title='bbox 2268 4329 2466 4408; x_wconf 84' lang='grc' dir='ltr'>Παγίδα</span> <span class='ocrx_word' id='word_1_654' title='bbox 2525 4334 2825 4406; x_wconf 80' lang='grc' dir='ltr'>ἡτοίμασαν</span> <span class='ocrx_word' id='word_1_655' title='bbox 2895 4345 3012 4391; x_wconf 77' lang='grc' dir='ltr'>τοῖς</span> <span class='ocrx_word' id='word_1_656' title='bbox 3065 4335 3217 4387; x_wconf 83' lang='grc' dir='ltr'>’ποσί</span> <span class='ocrx_word' id='word_1_657' title='bbox 3288 4353 3410 4405; x_wconf 77' lang='grc' dir='ltr'><strong>μου.</strong></span> <span class='ocrx_word' id='word_1_658' title='bbox 3474 4332 3600 4395; x_wconf 80' lang='grc' dir='ltr'>Τοὺς</span> <span class='ocrx_word' id='word_1_659' title='bbox 3645 4351 3829 4387; x_wconf 85' lang='grc' dir='ltr'>κατα-</span> 
     </span>
    </p>
   </div>
   <div class='ocr_carea' id='block_1_92' title="bbox 453 4426 2096 4510">
    <p class='ocr_par' dir='ltr' id='par_1_92' title="bbox 453 4426 2096 4510">
     <span class='ocr_line' id='line_1_92' title="bbox 453 4426 2096 4510; baseline -0.004 -17"><span class='ocrx_word' id='word_1_660' title='bbox 453 4433 558 4510; x_wconf 89' lang='lat' dir='ltr'><strong>qui</strong></span> <span class='ocrx_word' id='word_1_661' title='bbox 590 4450 684 4492; x_wconf 90' lang='lat' dir='ltr'><strong>me</strong></span> <span class='ocrx_word' id='word_1_662' title='bbox 719 4428 948 4509; x_wconf 89' lang='lat' dir='ltr'><strong>laqueis</strong></span> <span class='ocrx_word' id='word_1_663' title='bbox 980 4426 1363 4507; x_wconf 87' lang='lat' dir='ltr'><strong>dejiciebant,</strong></span> <span class='ocrx_word' id='word_1_664' title='bbox 1396 4426 1619 4487; x_wconf 89' lang='lat' dir='ltr'><strong>curasti</strong></span> <span class='ocrx_word' id='word_1_665' title='bbox 1658 4438 1722 4487; x_wconf 87' lang='lat' dir='ltr'><strong>ut</strong></span> <span class='ocrx_word' id='word_1_666' title='bbox 1753 4426 1813 4487; x_wconf 94' lang='lat' dir='ltr'><strong>in</strong></span> <span class='ocrx_word' id='word_1_667' title='bbox 1865 4427 2096 4487; x_wconf 82' lang='lat' dir='ltr'><strong>foveam</strong></span> 
     </span>
    </p>
   </div>
   <div class='ocr_carea' id='block_1_93' title="bbox 454 4515 2100 4602">
    <p class='ocr_par' dir='ltr' id='par_1_93' title="bbox 454 4515 2100 4602">
     <span class='ocr_line' id='line_1_93' title="bbox 454 4515 2100 4602; baseline -0.003 -21"><span class='ocrx_word' id='word_1_668' title='bbox 454 4540 632 4602; x_wconf 86' lang='lat' dir='ltr'><strong>quam</strong></span> <span class='ocrx_word' id='word_1_669' title='bbox 690 4519 961 4580; x_wconf 77' lang='lat' dir='ltr'><strong>iecerunt</strong></span> <span class='ocrx_word' id='word_1_670' title='bbox 1018 4516 1379 4580; x_wconf 88' lang='lat' dir='ltr'><strong>inciderent.</strong></span> <span class='ocrx_word' id='word_1_671' title='bbox 1436 4515 1832 4587; x_wconf 86' lang='lat' dir='ltr'><strong>Quamobrem</strong></span> <span class='ocrx_word' id='word_1_672' title='bbox 1893 4516 2000 4576; x_wconf 87' lang='lat' dir='ltr'><strong>hac</strong></span> <span class='ocrx_word' id='word_1_673' title='bbox 2032 4534 2100 4576; x_wconf 92' lang='lat' dir='ltr'><strong>re</strong></span> 
     </span>
    </p>
   </div>
   <div class='ocr_carea' id='block_1_94' title="bbox 453 4606 1639 4690">
    <p class='ocr_par' dir='ltr' id='par_1_94' title="bbox 453 4606 1639 4690">
     <span class='ocr_line' id='line_1_94' title="bbox 453 4606 1639 4690; baseline -0.003 -20"><span class='ocrx_word' id='word_1_674' title='bbox 453 4611 744 4690; x_wconf 83' lang='lat' dir='ltr'><strong>praeclare</strong></span> <span class='ocrx_word' id='word_1_675' title='bbox 774 4614 903 4669; x_wconf 86' lang='lat' dir='ltr'><strong>acta</strong></span> <span class='ocrx_word' id='word_1_676' title='bbox 927 4625 1110 4686; x_wconf 90' lang='lat' dir='ltr'><strong>super</strong></span> <span class='ocrx_word' id='word_1_677' title='bbox 1141 4606 1324 4667; x_wconf 75' lang='lat' dir='ltr'><strong>cmlos</strong></span> <span class='ocrx_word' id='word_1_678' title='bbox 1354 4606 1639 4667; x_wconf 80' lang='lat' dir='ltr'><strong>exaltare.</strong></span> 
     </span>
    </p>
   </div>
   <div class='ocr_carea' id='block_1_95' title="bbox 532 4695 2092 4774">
    <p class='ocr_par' dir='ltr' id='par_1_95' title="bbox 532 4695 2092 4774">
     <span class='ocr_line' id='line_1_95' title="bbox 532 4695 2092 4774; baseline -0.004 -15"><span class='ocrx_word' id='word_1_679' title='bbox 532 4705 593 4759; x_wconf 90' lang='lat'><strong>8.</strong></span> <span class='ocrx_word' id='word_1_680' title='bbox 606 4699 899 4761; x_wconf 85' lang='lat' dir='ltr'><strong>Paratum</strong></span> <span class='ocrx_word' id='word_1_681' title='bbox 916 4714 1252 4774; x_wconf 78' lang='lat' dir='ltr'><strong>cormeum,</strong></span> <span class='ocrx_word' id='word_1_682' title='bbox 1265 4695 1745 4774; x_wconf 84' lang='lat' dir='ltr'><strong>Deus,paratum</strong></span> <span class='ocrx_word' id='word_1_683' title='bbox 1760 4709 1868 4755; x_wconf 85' lang='lat' dir='ltr'><strong>cor</strong></span> <span class='ocrx_word' id='word_1_684' title='bbox 1880 4710 2092 4754; x_wconf 87' lang='lat' dir='ltr'><strong>meum.</strong></span> 
     </span>
    </p>
   </div>
   <div class='ocr_carea' id='block_1_96' title="bbox 451 4785 2095 4866">
    <p class='ocr_par' dir='ltr' id='par_1_96' title="bbox 451 4785 2095 4866">
     <span class='ocr_line' id='line_1_96' title="bbox 451 4785 2095 4866; baseline -0.006 -14"><span class='ocrx_word' id='word_1_685' title='bbox 451 4790 646 4863; x_wconf 78' lang='lat' dir='ltr'><strong>ROgat</strong></span> <span class='ocrx_word' id='word_1_686' title='bbox 674 4787 790 4848; x_wconf 90' lang='lat' dir='ltr'><strong>sibi</strong></span> <span class='ocrx_word' id='word_1_687' title='bbox 810 4785 1243 4866; x_wconf 88' lang='lat' dir='ltr'><strong>dariSpiritum</strong></span> <span class='ocrx_word' id='word_1_688' title='bbox 1269 4793 1752 4863; x_wconf 86' lang='lat' dir='ltr'><strong>sanctum_quem</strong></span> <span class='ocrx_word' id='word_1_689' title='bbox 1777 4787 2095 4843; x_wconf 89' lang='lat' dir='ltr'><strong>missurum</strong></span> 
     </span>
    </p>
   </div>
   <div class='ocr_carea' id='block_1_97' title="bbox 452 4872 2095 4953">
    <p class='ocr_par' dir='ltr' id='par_1_97' title="bbox 452 4872 2095 4953">
     <span class='ocr_line' id='line_1_97' title="bbox 452 4872 2095 4953; baseline -0.002 -16"><span class='ocrx_word' id='word_1_690' title='bbox 452 4895 516 4938; x_wconf 88' lang='lat' dir='ltr'><strong>se</strong></span> <span class='ocrx_word' id='word_1_691' title='bbox 549 4878 607 4937; x_wconf 90' lang='lat' dir='ltr'><strong>in</strong></span> <span class='ocrx_word' id='word_1_692' title='bbox 637 4876 853 4939; x_wconf 62' lang='lat' dir='ltr'><strong>caelum</strong></span> <span class='ocrx_word' id='word_1_693' title='bbox 888 4874 1224 4937; x_wconf 89' lang='lat' dir='ltr'><strong>ascendens</strong></span> <span class='ocrx_word' id='word_1_694' title='bbox 1253 4872 1610 4952; x_wconf 89' lang='lat' dir='ltr'><strong>Unigenitus</strong></span> <span class='ocrx_word' id='word_1_695' title='bbox 1648 4872 1951 4953; x_wconf 84' lang='lat' dir='ltr'><strong>pollicitus</strong></span> <span class='ocrx_word' id='word_1_696' title='bbox 1982 4879 2095 4953; x_wconf 91' lang='lat' dir='ltr'><strong>est,</strong></span> 
     </span>
    </p>
   </div>
   <div class='ocr_carea' id='block_1_98' title="bbox 453 4960 2093 5045">
    <p class='ocr_par' dir='ltr' id='par_1_98' title="bbox 453 4960 2093 5045">
     <span class='ocr_line' id='line_1_98' title="bbox 453 4960 2093 5045; baseline -0.003 -18"><span class='ocrx_word' id='word_1_697' title='bbox 453 4974 722 5045; x_wconf 85' lang='lat' dir='ltr'><strong>paratum</strong></span> <span class='ocrx_word' id='word_1_698' title='bbox 745 4984 877 5027; x_wconf 84' lang='lat' dir='ltr'><strong>esse</strong></span> <span class='ocrx_word' id='word_1_699' title='bbox 901 4983 1004 5026; x_wconf 94' lang='lat' dir='ltr'><strong>cor</strong></span> <span class='ocrx_word' id='word_1_700' title='bbox 1021 4983 1195 5026; x_wconf 89' lang='lat' dir='ltr'><strong>suum</strong></span> <span class='ocrx_word' id='word_1_701' title='bbox 1218 4964 1384 5024; x_wconf 87' lang='lat' dir='ltr'><strong>aiens</strong></span> <span class='ocrx_word' id='word_1_702' title='bbox 1404 4962 1476 5023; x_wconf 88' lang='lat' dir='ltr'><strong>ad</strong></span> <span class='ocrx_word' id='word_1_703' title='bbox 1497 4981 1632 5023; x_wconf 88' lang='lat' dir='ltr'><strong>eum</strong></span> <span class='ocrx_word' id='word_1_704' title='bbox 1654 4960 2093 5041; x_wconf 87' lang='lat' dir='ltr'><strong>recipiendum.</strong></span> 
     </span>
    </p>
   </div>
   <div class='ocr_carea' id='block_1_99' title="bbox 530 5050 2095 5135">
    <p class='ocr_par' dir='ltr' id='par_1_99' title="bbox 530 5050 2095 5135">
     <span class='ocr_line' id='line_1_99' title="bbox 530 5050 2095 5135; baseline -0.003 -20"><span class='ocrx_word' id='word_1_705' title='bbox 530 5054 1111 5135; x_wconf 72' lang='lat' dir='ltr'><strong>9.Ea!surge,gloria</strong></span> <span class='ocrx_word' id='word_1_706' title='bbox 1138 5070 1294 5114; x_wconf 88' lang='lat' dir='ltr'><strong>mea.</strong></span> <span class='ocrx_word' id='word_1_707' title='bbox 1324 5052 1584 5114; x_wconf 87' lang='lat' dir='ltr'><strong>Gloriam</strong></span> <span class='ocrx_word' id='word_1_708' title='bbox 1619 5069 1787 5112; x_wconf 89' lang='lat' dir='ltr'><strong>suam</strong></span> <span class='ocrx_word' id='word_1_709' title='bbox 1820 5050 2095 5131; x_wconf 89' lang='lat' dir='ltr'><strong>spiritum</strong></span> 
     </span>
    </p>
   </div>
   <div class='ocr_carea' id='block_1_100' title="bbox 452 5140 2097 5224">
    <p class='ocr_par' dir='ltr' id='par_1_100' title="bbox 452 5140 2097 5224">
     <span class='ocr_line' id='line_1_100' title="bbox 452 5140 2097 5224; baseline -0.002 -19"><span class='ocrx_word' id='word_1_710' title='bbox 452 5143 869 5224; x_wconf 84' lang='lat' dir='ltr'><strong>propheticum</strong></span> <span class='ocrx_word' id='word_1_711' title='bbox 894 5142 1174 5222; x_wconf 89' lang='lat' dir='ltr'><strong>appellat.</strong></span> <span class='ocrx_word' id='word_1_712' title='bbox 1208 5140 1513 5223; x_wconf 73' lang='lat' dir='ltr'><strong>Exsurge,</strong></span> <span class='ocrx_word' id='word_1_713' title='bbox 1540 5141 1901 5220; x_wconf 82' lang='lat' dir='ltr'><strong>psalterium</strong></span> <span class='ocrx_word' id='word_1_714' title='bbox 1926 5148 1978 5201; x_wconf 81' lang='lat' dir='ltr'><strong>et</strong></span> <span class='ocrx_word' id='word_1_715' title='bbox 2007 5142 2097 5202; x_wconf 81' lang='lat' dir='ltr'><strong>ci-</strong></span> 
     </span>
    </p>
   </div>
   <div class='ocr_carea' id='block_1_101' title="bbox 452 5229 2103 5304">
    <p class='ocr_par' dir='ltr' id='par_1_101' title="bbox 452 5229 2103 5304">
     <span class='ocr_line' id='line_1_101' title="bbox 452 5229 2103 5304; baseline -0.003 -9"><span class='ocrx_word' id='word_1_716' title='bbox 452 5235 651 5295; x_wconf 83' lang='lat' dir='ltr'><strong>thara.</strong></span> <span class='ocrx_word' id='word_1_717' title='bbox 688 5231 1045 5294; x_wconf 70' lang='lat' dir='ltr'><strong>Psalterium</strong></span> <span class='ocrx_word' id='word_1_718' title='bbox 1092 5231 1239 5292; x_wconf 90' lang='lat' dir='ltr'><strong>dicit</strong></span> <span class='ocrx_word' id='word_1_719' title='bbox 1286 5233 1570 5304; x_wconf 90' lang='lat' dir='ltr'><strong>animam,</strong></span> <span class='ocrx_word' id='word_1_720' title='bbox 1614 5229 1901 5291; x_wconf 90' lang='lat' dir='ltr'><strong>citharam</strong></span> <span class='ocrx_word' id='word_1_721' title='bbox 1934 5238 2103 5290; x_wconf 85' lang='lat' dir='ltr'><strong>vocat</strong></span> 
     </span>
    </p>
   </div>
   <div class='ocr_carea' id='block_1_102' title="bbox 450 5318 2099 5402">
    <p class='ocr_par' dir='ltr' id='par_1_102' title="bbox 450 5318 2099 5402">
     <span class='ocr_line' id='line_1_102' title="bbox 450 5318 2099 5402; baseline -0.003 -19"><span class='ocrx_word' id='word_1_722' title='bbox 450 5320 1057 5402; x_wconf 79' lang='lat' dir='ltr'><strong>corpus.Ea:surgam</strong></span> <span class='ocrx_word' id='word_1_723' title='bbox 1079 5318 1656 5399; x_wconf 85' lang='lat' dir='ltr'><strong>diluculo.Quando,</strong></span> <span class='ocrx_word' id='word_1_724' title='bbox 1676 5318 1888 5399; x_wconf 87' lang='lat' dir='ltr'><strong>inquit,</strong></span> <span class='ocrx_word' id='word_1_725' title='bbox 1917 5318 2099 5397; x_wconf 88' lang='lat' dir='ltr'><strong>spiri-</strong></span> 
     </span>
    </p>
   </div>
   <div class='ocr_carea' id='block_1_103' title="bbox 448 5408 2097 5489">
    <p class='ocr_par' dir='ltr' id='par_1_103' title="bbox 448 5408 2097 5489">
     <span class='ocr_line' id='line_1_103' title="bbox 448 5408 2097 5489; baseline 0 -18"><span class='ocrx_word' id='word_1_726' title='bbox 448 5414 666 5473; x_wconf 87' lang='lat' dir='ltr'><strong>tualem</strong></span> <span class='ocrx_word' id='word_1_727' title='bbox 699 5410 895 5471; x_wconf 88' lang='lat' dir='ltr'><strong>lucem</strong></span> <span class='ocrx_word' id='word_1_728' title='bbox 926 5409 1205 5487; x_wconf 87' lang='lat' dir='ltr'><strong>sentiam,</strong></span> <span class='ocrx_word' id='word_1_729' title='bbox 1240 5427 1553 5489; x_wconf 86' lang='lat' dir='ltr'><strong>exsurgam</strong></span> <span class='ocrx_word' id='word_1_730' title='bbox 1596 5409 1669 5470; x_wconf 91' lang='lat' dir='ltr'><strong>ad</strong></span> <span class='ocrx_word' id='word_1_731' title='bbox 1705 5408 2097 5471; x_wconf 87' lang='lat' dir='ltr'><strong>cantandum.</strong></span> 
     </span>
    </p>
   </div>
   <div class='ocr_carea' id='block_1_104' title="bbox 526 5626 1745 5704">
    <p class='ocr_par' dir='ltr' id='par_1_104' title="bbox 526 5626 1745 5704">
     <span class='ocr_line' id='line_1_104' title="bbox 526 5626 1745 5704; baseline 0.003 -22"><span class='ocrx_word' id='word_1_732' title='bbox 526 5630 587 5671; x_wconf 72' lang='grc' dir='ltr'><strong>ῖυ</strong></span> <span class='ocrx_word' id='word_1_733' title='bbox 619 5629 783 5685; x_wconf 75' lang='lat' dir='ltr'><strong>toan.</strong></span> <span class='ocrx_word' id='word_1_734' title='bbox 820 5643 936 5704; x_wconf 69' lang='grc' dir='ltr'><strong>ιιι,</strong></span> <span class='ocrx_word' id='word_1_735' title='bbox 970 5631 1069 5689; x_wconf 82' lang='grc'><strong>15.</strong></span> <span class='ocrx_word' id='word_1_736' title='bbox 1154 5628 1218 5677; x_wconf 85' lang='grc'><strong>80</strong></span> <span class='ocrx_word' id='word_1_737' title='bbox 1245 5626 1417 5689; x_wconf 80' lang='lat' dir='ltr'><strong>Joan.</strong></span> <span class='ocrx_word' id='word_1_738' title='bbox 1446 5643 1610 5699; x_wconf 81' lang='lat' dir='ltr'><strong>xvm,</strong></span> <span class='ocrx_word' id='word_1_739' title='bbox 1648 5626 1745 5686; x_wconf 87' lang='lat'><strong>30.</strong></span> 
     </span>
    </p>
   </div>
   <div class='ocr_carea' id='block_1_105' title="bbox 526 5754 1531 5835">
    <p class='ocr_par' dir='ltr' id='par_1_105' title="bbox 526 5754 1531 5835">
     <span class='ocr_line' id='line_1_105' title="bbox 526 5754 1531 5835; baseline 0.005 -19"><span class='ocrx_word' id='word_1_740' title='bbox 526 5754 678 5835; x_wconf 58' lang='lat'><strong>(23&#39;)</strong></span> <span class='ocrx_word' id='word_1_741' title='bbox 715 5760 767 5814; x_wconf 74' lang='grc' dir='ltr'><strong>Εἰ</strong></span> <span class='ocrx_word' id='word_1_742' title='bbox 797 5757 876 5820; x_wconf 68' lang='grc' dir='ltr'><strong>δά.</strong></span> <span class='ocrx_word' id='word_1_743' title='bbox 913 5760 1092 5824; x_wconf 83' lang='lat' dir='ltr'><strong>Forte</strong></span> <span class='ocrx_word' id='word_1_744' title='bbox 1124 5773 1183 5821; x_wconf 83' lang='grc' dir='ltr'>οὐ</span> <span class='ocrx_word' id='word_1_745' title='bbox 1213 5770 1323 5827; x_wconf 79' lang='grc' dir='ltr'>καί.</span> <span class='ocrx_word' id='word_1_746' title='bbox 1359 5764 1531 5826; x_wconf 77' lang='lat' dir='ltr'><strong>EDIT.</strong></span> 
     </span>
    </p>
   </div>
   <div class='ocr_carea' id='block_1_106' title="bbox 2180 4417 3837 4500">
    <p class='ocr_par' dir='ltr' id='par_1_106' title="bbox 2180 4417 3837 4500">
     <span class='ocr_line' id='line_1_106' title="bbox 2180 4417 3837 4500; baseline 0.001 -26"><span class='ocrx_word' id='word_1_747' title='bbox 2180 4417 2473 4484; x_wconf 70' lang='grc' dir='ltr'>ϐάλλοντας</span> <span class='ocrx_word' id='word_1_748' title='bbox 2522 4442 2614 4499; x_wconf 70' lang='grc' dir='ltr'><strong>με,</strong></span> <span class='ocrx_word' id='word_1_749' title='bbox 2646 4422 2797 4500; x_wconf 75' lang='grc' dir='ltr'>φησὶ,</span> <span class='ocrx_word' id='word_1_750' title='bbox 2844 4419 2927 4476; x_wconf 75' lang='grc' dir='ltr'><strong>διὰ</strong></span> <span class='ocrx_word' id='word_1_751' title='bbox 2976 4426 3080 4476; x_wconf 82' lang='grc' dir='ltr'>τῶν</span> <span class='ocrx_word' id='word_1_752' title='bbox 3124 4420 3362 4499; x_wconf 81' lang='grc' dir='ltr'>παγίδων</span> <span class='ocrx_word' id='word_1_753' title='bbox 3424 4422 3837 4499; x_wconf 78' lang='grc' dir='ltr'>παρεσκεύασας</span> 
     </span>
    </p>
   </div>
   <div class='ocr_carea' id='block_1_107' title="bbox 2181 4507 3839 4587">
    <p class='ocr_par' dir='ltr' id='par_1_107' title="bbox 2181 4507 3839 4587">
     <span class='ocr_line' id='line_1_107' title="bbox 2181 4507 3839 4587; baseline 0.001 -23"><span class='ocrx_word' id='word_1_754' title='bbox 2181 4512 2253 4572; x_wconf 80' lang='grc' dir='ltr'><strong>εἰς</strong></span> <span class='ocrx_word' id='word_1_755' title='bbox 2286 4510 2441 4566; x_wconf 66' lang='grc' dir='ltr'>αὐτὸν</span> <span class='ocrx_word' id='word_1_756' title='bbox 2474 4511 2529 4564; x_wconf 91' lang='grc' dir='ltr'>ὃν</span> <span class='ocrx_word' id='word_1_757' title='bbox 2561 4508 2760 4586; x_wconf 75' lang='grc' dir='ltr'>ὤρυξαν</span> <span class='ocrx_word' id='word_1_758' title='bbox 2789 4511 2973 4587; x_wconf 79' lang='grc' dir='ltr'>βόθρον</span> <span class='ocrx_word' id='word_1_759' title='bbox 3032 4508 3313 4583; x_wconf 73' lang='grc' dir='ltr'>ἐμπεσεῖν,</span> <span class='ocrx_word' id='word_1_760' title='bbox 3350 4511 3442 4565; x_wconf 81' lang='grc' dir='ltr'><strong>Διὸ</strong></span> <span class='ocrx_word' id='word_1_761' title='bbox 3480 4507 3546 4575; x_wconf 74' lang='grc' dir='ltr'><strong>δὴ</strong></span> <span class='ocrx_word' id='word_1_762' title='bbox 3579 4510 3665 4563; x_wconf 81' lang='grc' dir='ltr'><strong>καὶ</strong></span> <span class='ocrx_word' id='word_1_763' title='bbox 3695 4517 3839 4565; x_wconf 81' lang='grc' dir='ltr'><strong>ταῦ-</strong></span> 
     </span>
    </p>
   </div>
   <div class='ocr_carea' id='block_1_108' title="bbox 2181 4598 3459 4675">
    <p class='ocr_par' dir='ltr' id='par_1_108' title="bbox 2181 4598 3459 4675">
     <span class='ocr_line' id='line_1_108' title="bbox 2181 4598 3459 4675; baseline 0 -22"><span class='ocrx_word' id='word_1_764' title='bbox 2181 4621 2245 4653; x_wconf 88' lang='grc' dir='ltr'><strong>τα</strong></span> <span class='ocrx_word' id='word_1_765' title='bbox 2274 4599 2614 4675; x_wconf 81' lang='grc' dir='ltr'>κατορθώσας</span> <span class='ocrx_word' id='word_1_766' title='bbox 2646 4598 2729 4653; x_wconf 80' lang='grc' dir='ltr'><strong>ἐπὶ</strong></span> <span class='ocrx_word' id='word_1_767' title='bbox 2760 4600 2880 4661; x_wconf 80' lang='grc' dir='ltr'>τοὺς</span> <span class='ocrx_word' id='word_1_768' title='bbox 2915 4598 3162 4675; x_wconf 73' lang='grc' dir='ltr'>οὐρανοὺς</span> <span class='ocrx_word' id='word_1_769' title='bbox 3191 4598 3459 4673; x_wconf 78' lang='grc' dir='ltr'>ὑψώθητι.</span> 
     </span>
    </p>
   </div>
   <div class='ocr_carea' id='block_1_109' title="bbox 2261 4681 3838 4765">
    <p class='ocr_par' dir='ltr' id='par_1_109' title="bbox 2261 4681 3838 4765">
     <span class='ocr_line' id='line_1_109' title="bbox 2261 4681 3838 4765; baseline -0.002 -21"><span class='ocrx_word' id='word_1_770' title='bbox 2261 4687 2489 4763; x_wconf 79' lang='grc' dir='ltr'>Ἐτοίμη</span> <span class='ocrx_word' id='word_1_771' title='bbox 2544 4690 2577 4754; x_wconf 81' lang='grc' dir='ltr'><strong>ἡ</strong></span> <span class='ocrx_word' id='word_1_772' title='bbox 2622 4681 2810 4765; x_wconf 74' lang='grc' dir='ltr'>καρδία</span> <span class='ocrx_word' id='word_1_773' title='bbox 2861 4708 2982 4762; x_wconf 75' lang='grc' dir='ltr'><strong>μοι)²</strong></span> <span class='ocrx_word' id='word_1_774' title='bbox 3045 4690 3071 4742; x_wconf 85' lang='grc' dir='ltr'>ὁ</span> <span class='ocrx_word' id='word_1_775' title='bbox 3134 4688 3286 4760; x_wconf 78' lang='grc' dir='ltr'>Θεὸς,</span> <span class='ocrx_word' id='word_1_776' title='bbox 3342 4687 3542 4761; x_wconf 80' lang='grc' dir='ltr'>ἡτοίμη</span> <span class='ocrx_word' id='word_1_777' title='bbox 3581 4685 3838 4763; x_wconf 68' lang='grc' dir='ltr'>ἣκαρδία</span> 
     </span>
    </p>
   </div>
   <div class='ocr_carea' id='block_1_110' title="bbox 2181 4773 3836 4853">
    <p class='ocr_par' dir='ltr' id='par_1_110' title="bbox 2181 4773 3836 4853">
     <span class='ocr_line' id='line_1_110' title="bbox 2181 4773 3836 4853; baseline -0.002 -20"><span class='ocrx_word' id='word_1_778' title='bbox 2181 4799 2307 4852; x_wconf 79' lang='grc' dir='ltr'>μου.</span> <span class='ocrx_word' id='word_1_779' title='bbox 2343 4775 2655 4844; x_wconf 81' lang='grc' dir='ltr'>Παρακαλεῖ</span> <span class='ocrx_word' id='word_1_780' title='bbox 2685 4774 2924 4840; x_wconf 74' lang='grc' dir='ltr'>δέξασθαι</span> <span class='ocrx_word' id='word_1_781' title='bbox 2956 4777 3017 4831; x_wconf 70' lang='grc' dir='ltr'><strong>τὸ</strong></span> <span class='ocrx_word' id='word_1_782' title='bbox 3052 4782 3262 4849; x_wconf 71' lang='grc' dir='ltr'>Πνεῦμα</span> <span class='ocrx_word' id='word_1_783' title='bbox 3296 4798 3355 4831; x_wconf 75' lang='grc' dir='ltr'><strong>το</strong></span> <span class='ocrx_word' id='word_1_784' title='bbox 3385 4775 3559 4853; x_wconf 74' lang='grc' dir='ltr'>ἅγιον,</span> <span class='ocrx_word' id='word_1_785' title='bbox 3593 4775 3620 4831; x_wconf 81' lang='grc' dir='ltr'>δ</span> <span class='ocrx_word' id='word_1_786' title='bbox 3644 4773 3836 4852; x_wconf 70' lang='grc' dir='ltr'>ἕπητ-</span> 
     </span>
    </p>
   </div>
   <div class='ocr_carea' id='block_1_111' title="bbox 2182 4865 3837 4945">
    <p class='ocr_par' dir='ltr' id='par_1_111' title="bbox 2182 4865 3837 4945">
     <span class='ocr_line' id='line_1_111' title="bbox 2182 4865 3837 4945; baseline -0.002 -23"><span class='ocrx_word' id='word_1_787' title='bbox 2182 4865 2397 4943; x_wconf 85' lang='grc' dir='ltr'>γείλατο</span> <span class='ocrx_word' id='word_1_788' title='bbox 2440 4866 2799 4945; x_wconf 79' lang='grc' dir='ltr'>ἀνερχόμενος</span> <span class='ocrx_word' id='word_1_789' title='bbox 2844 4865 3076 4939; x_wconf 74' lang='grc' dir='ltr'>πέμψειν</span> <span class='ocrx_word' id='word_1_790' title='bbox 3117 4868 3144 4921; x_wconf 87' lang='grc' dir='ltr'><strong>ὁ</strong></span> <span class='ocrx_word' id='word_1_791' title='bbox 3204 4865 3532 4941; x_wconf 67' lang='grc' dir='ltr'>Μονογενὴς,</span> <span class='ocrx_word' id='word_1_792' title='bbox 3592 4866 3837 4938; x_wconf 74' lang='grc' dir='ltr'>ᾐτοίμην</span> 
     </span>
    </p>
   </div>
   <div class='ocr_carea' id='block_1_112' title="bbox 2183 4950 3829 5033">
    <p class='ocr_par' dir='ltr' id='par_1_112' title="bbox 2183 4950 3829 5033">
     <span class='ocr_line' id='line_1_112' title="bbox 2183 4950 3829 5033; baseline 0.001 -23"><span class='ocrx_word' id='word_1_793' title='bbox 2183 4957 2255 5020; x_wconf 75' lang='grc' dir='ltr'>εἷς</span> <span class='ocrx_word' id='word_1_794' title='bbox 2298 4957 2358 5010; x_wconf 76' lang='grc' dir='ltr'><strong>το</strong></span> <span class='ocrx_word' id='word_1_795' title='bbox 2391 4952 2629 5019; x_wconf 76' lang='grc' dir='ltr'>δέξασθαι</span> <span class='ocrx_word' id='word_1_796' title='bbox 2662 4953 2833 5033; x_wconf 82' lang='grc' dir='ltr'>λέγων</span> <span class='ocrx_word' id='word_1_797' title='bbox 2856 4954 3170 5033; x_wconf 68' lang='grc' dir='ltr'>γεγενῆσθαι</span> <span class='ocrx_word' id='word_1_798' title='bbox 3202 4955 3300 5020; x_wconf 78' lang='grc' dir='ltr'>τὴν</span> <span class='ocrx_word' id='word_1_799' title='bbox 3349 4954 3536 5012; x_wconf 72' lang='grc' dir='ltr'>ἑαυτοῦ</span> <span class='ocrx_word' id='word_1_800' title='bbox 3585 4950 3829 5031; x_wconf 80' lang='grc' dir='ltr'>καρδίαν.</span> 
     </span>
    </p>
   </div>
   <div class='ocr_carea' id='block_1_113' title="bbox 2265 5041 3835 5122">
    <p class='ocr_par' dir='ltr' id='par_1_113' title="bbox 2265 5041 3835 5122">
     <span class='ocr_line' id='line_1_113' title="bbox 2265 5041 3835 5122; baseline -0.003 -21"><span class='ocrx_word' id='word_1_801' title='bbox 2265 5043 2624 5122; x_wconf 75' lang='grc' dir='ltr'>Ἐξεγὲρθητι,</span> <span class='ocrx_word' id='word_1_802' title='bbox 2686 5046 2720 5111; x_wconf 76' lang='grc' dir='ltr'>ἡ</span> <span class='ocrx_word' id='word_1_803' title='bbox 2766 5041 2888 5109; x_wconf 79' lang='grc' dir='ltr'>δόξα</span> <span class='ocrx_word' id='word_1_804' title='bbox 2949 5064 3071 5117; x_wconf 72' lang='grc' dir='ltr'><strong>μου.</strong></span> <span class='ocrx_word' id='word_1_805' title='bbox 3113 5042 3278 5108; x_wconf 78' lang='grc' dir='ltr'>Δόξαν</span> <span class='ocrx_word' id='word_1_806' title='bbox 3309 5042 3495 5100; x_wconf 70' lang='grc' dir='ltr'>ἑαυτοῦ</span> <span class='ocrx_word' id='word_1_807' title='bbox 3550 5043 3614 5097; x_wconf 80' lang='grc' dir='ltr'>τὸ</span> <span class='ocrx_word' id='word_1_808' title='bbox 3658 5045 3835 5098; x_wconf 76' lang='grc' dir='ltr'>πνεῦ-</span> 
     </span>
    </p>
   </div>
   <div class='ocr_carea' id='block_1_114' title="bbox 2184 5128 3837 5212">
    <p class='ocr_par' dir='ltr' id='par_1_114' title="bbox 2184 5128 3837 5212">
     <span class='ocr_line' id='line_1_114' title="bbox 2184 5128 3837 5212; baseline -0.002 -23"><span class='ocrx_word' id='word_1_809' title='bbox 2184 5157 2259 5211; x_wconf 82' lang='grc' dir='ltr'>μα</span> <span class='ocrx_word' id='word_1_810' title='bbox 2323 5136 2383 5188; x_wconf 84' lang='grc' dir='ltr'>τὸ</span> <span class='ocrx_word' id='word_1_811' title='bbox 2444 5134 2772 5211; x_wconf 75' lang='grc' dir='ltr'>προφητικόν</span> <span class='ocrx_word' id='word_1_812' title='bbox 2828 5154 3017 5212; x_wconf 74' lang='grc' dir='ltr'>φησιν.</span> <span class='ocrx_word' id='word_1_813' title='bbox 3098 5130 3451 5210; x_wconf 51' lang='grc' dir='ltr'><strong>ἰ-ξῖςεγιὶᾥητι³</strong></span> <span class='ocrx_word' id='word_1_814' title='bbox 3529 5128 3837 5209; x_wconf 75' lang='grc' dir='ltr'>ψαλτήριον</span> 
     </span>
    </p>
   </div>
   <div class='ocr_carea' id='block_1_115' title="bbox 2183 5218 3837 5300">
    <p class='ocr_par' dir='ltr' id='par_1_115' title="bbox 2183 5218 3837 5300">
     <span class='ocr_line' id='line_1_115' title="bbox 2183 5218 3837 5300; baseline -0.003 -19"><span class='ocrx_word' id='word_1_815' title='bbox 2183 5224 2271 5281; x_wconf 87' lang='grc' dir='ltr'>καὶ</span> <span class='ocrx_word' id='word_1_816' title='bbox 2300 5222 2509 5296; x_wconf 76' lang='grc' dir='ltr'>κιθάρα.</span> <span class='ocrx_word' id='word_1_817' title='bbox 2547 5219 2855 5299; x_wconf 79' lang='grc' dir='ltr'>Ψαλτήριον</span> <span class='ocrx_word' id='word_1_818' title='bbox 2905 5221 3000 5296; x_wconf 81' lang='grc' dir='ltr'><strong>μὲν</strong></span> <span class='ocrx_word' id='word_1_819' title='bbox 3047 5222 3147 5288; x_wconf 77' lang='grc' dir='ltr'>τὴν</span> <span class='ocrx_word' id='word_1_820' title='bbox 3173 5222 3358 5300; x_wconf 68' lang='grc' dir='ltr'>ψυχήν</span> <span class='ocrx_word' id='word_1_821' title='bbox 3393 5240 3549 5298; x_wconf 66' lang='grc' dir='ltr'><strong>φησι³</strong></span> <span class='ocrx_word' id='word_1_822' title='bbox 3608 5218 3837 5298; x_wconf 68' lang='grc' dir='ltr'>κιθάραν</span> 
     </span>
    </p>
   </div>
   <div class='ocr_carea' id='block_1_116' title="bbox 2184 5305 3835 5387">
    <p class='ocr_par' dir='ltr' id='par_1_116' title="bbox 2184 5305 3835 5387">
     <span class='ocr_line' id='line_1_116' title="bbox 2184 5305 3835 5387; baseline -0.004 -19"><span class='ocrx_word' id='word_1_823' title='bbox 2184 5311 2237 5368; x_wconf 77' lang='grc' dir='ltr'>δὲ</span> <span class='ocrx_word' id='word_1_824' title='bbox 2295 5314 2355 5368; x_wconf 84' lang='grc' dir='ltr'>τὸ</span> <span class='ocrx_word' id='word_1_825' title='bbox 2413 5309 2569 5385; x_wconf 84' lang='grc' dir='ltr'>σώμα</span> <span class='ocrx_word' id='word_1_826' title='bbox 2627 5309 2806 5372; x_wconf 77' lang='grc' dir='ltr'>καλεῖ,</span> <span class='ocrx_word' id='word_1_827' title='bbox 2873 5308 3321 5387; x_wconf 69' lang='grc' dir='ltr'>Ἐξεγερθήσομαι</span> <span class='ocrx_word' id='word_1_828' title='bbox 3371 5306 3580 5385; x_wconf 74' lang='grc' dir='ltr'>ὄρθρου.</span> <span class='ocrx_word' id='word_1_829' title='bbox 3617 5305 3707 5365; x_wconf 78' lang='grc' dir='ltr'>Ἐν</span> <span class='ocrx_word' id='word_1_830' title='bbox 3744 5311 3835 5363; x_wconf 76' lang='grc' dir='ltr'><strong>αἷ-</strong></span> 
     </span>
    </p>
   </div>
   <div class='ocr_carea' id='block_1_117' title="bbox 2186 5398 3841 5481">
    <p class='ocr_par' dir='ltr' id='par_1_117' title="bbox 2186 5398 3841 5479">
     <span class='ocr_line' id='line_1_117' title="bbox 2186 5398 3841 5479; baseline -0.002 -22"><span class='ocrx_word' id='word_1_831' title='bbox 2186 5403 2392 5479; x_wconf 55' lang='lat' dir='ltr'><strong>ali/pet,</strong></span> <span class='ocrx_word' id='word_1_832' title='bbox 2444 5404 2592 5479; x_wconf 56' lang='grc' dir='ltr'>φησι,</span> <span class='ocrx_word' id='word_1_833' title='bbox 2656 5408 2744 5455; x_wconf 68' lang='grc' dir='ltr'>τοῦ</span> <span class='ocrx_word' id='word_1_834' title='bbox 2791 5408 2980 5465; x_wconf 77' lang='grc' dir='ltr'>νοητοῦ</span> <span class='ocrx_word' id='word_1_835' title='bbox 3038 5402 3212 5477; x_wconf 76' lang='grc' dir='ltr'>φωτὸς</span> <span class='ocrx_word' id='word_1_836' title='bbox 3284 5398 3569 5475; x_wconf 74' lang='grc' dir='ltr'>γενόμενος</span> <span class='ocrx_word' id='word_1_837' title='bbox 3632 5398 3717 5453; x_wconf 80' lang='grc' dir='ltr'><strong>ἐπὶ</strong></span> <span class='ocrx_word' id='word_1_838' title='bbox 3774 5401 3841 5453; x_wconf 60' lang='grc' dir='ltr'>τὸ</span> 
     </span>
    </p>
   </div>
   <div class='ocr_carea' id='block_1_118' title="bbox 2184 5490 2841 5568">
    <p class='ocr_par' dir='ltr' id='par_1_118' title="bbox 2184 5490 2841 5568">
     <span class='ocr_line' id='line_1_118' title="bbox 2184 5490 2841 5568; baseline -0.006 -20"><span class='ocrx_word' id='word_1_839' title='bbox 2184 5496 2370 5566; x_wconf 71' lang='grc' dir='ltr'>ὑμνεῖν</span> <span class='ocrx_word' id='word_1_840' title='bbox 2402 5490 2813 5568; x_wconf 76' lang='grc' dir='ltr'>ὲξεγερθήσομαι</span> <span class='ocrx_word' id='word_1_841' title='bbox 2827 5536 2841 5551; x_wconf 92' lang='grc'><em>,</em></span> 
     </span>
    </p>
   </div>
   <div class='ocr_carea' id='block_1_119' title="bbox 1833 5620 2470 5703">
    <p class='ocr_par' dir='ltr' id='par_1_119' title="bbox 1833 5620 2470 5703">
     <span class='ocr_line' id='line_1_119' title="bbox 1833 5620 2470 5703; baseline -0.003 -20"><span class='ocrx_word' id='word_1_842' title='bbox 1833 5626 1885 5673; x_wconf 81' lang='grc'><strong>8¹</strong></span> <span class='ocrx_word' id='word_1_843' title='bbox 1917 5623 2183 5703; x_wconf 90' lang='lat' dir='ltr'><strong>Philipp.</strong></span> <span class='ocrx_word' id='word_1_844' title='bbox 2217 5621 2376 5701; x_wconf 68' lang='lat' dir='ltr'><strong>n.7,</strong></span> <span class='ocrx_word' id='word_1_845' title='bbox 2411 5620 2470 5682; x_wconf 91' lang='lat'><strong>8.</strong></span> 
     </span>
    </p>
   </div>
  </div>
