4006 6204
477 316 592 416 §75

1264 352 1328 416 S.
1374 354 1800 417 ATHANASII
1843 356 2011 418 OPP.
2057 355 2272 420 PARS.
2315 356 2426 419 III.
2477 388 2547 400 -—
2594 352 3053 418 EXEGETICA.

3731 355 3858 420 276

558 484 877 548 Salvatoris
907 483 1299 546 oeconomiam
1334 485 1439 547 toti
1467 485 1675 563 generi
1708 486 1972 549 humano
2014 489 2112 551 fu-

2278 490 2363 564 ριὰ
2393 490 2492 558 τῆς
2525 496 2618 546 τοῦ
2650 493 2904 567 Σωτῆρος
2927 488 3228 564 οἰκονομίας
3260 491 3417 546 παντῖ
3448 493 3523 564 τῷ
3580 496 3684 546 τῶν
3741 489 3852 545 ἆν-

559 587 774 654 turam,
827 575 1320 656 eversionemque
1385 574 1778 654 spiritualium
1837 577 2120 640 inimico-

560 685 691 727 rum
722 685 738 740 ;
767 665 1366 744 adhortationemque
1397 665 1622 726 inducit
1651 685 1767 746 qua
1793 686 1826 727 a
1878 684 2118 747 peccato

561 754 834 816 homines
865 762 1234 833 avertantur,
1267 753 1596 834 subjiciens
1643 774 1715 817 ea
1767 775 1898 838 qum
1949 758 2116 837 judi-

559 844 716 908 cium
748 843 856 905 Dei
887 852 1176 923 spectant.

559 935 619 1010 2,
635 937 695 998 3.
711 932 929 995 Nonne
943 933 1062 994 Deo
1076 932 1339 1010 subjecta
1352 937 1467 996 erit
1484 937 1694 997 anima
1716 942 1882 998 mea?
1895 936 2119 1000 Etiam-

480 1027 554 1098 si,
588 1023 802 1104 inquit,
837 1035 1133 1084 commota
1164 1041 1248 1099 es,
1285 1043 1318 1084 ο
1348 1029 1545 1085 anima
1595 1044 1746 1106 mea,
1783 1037 1841 1088 et
1869 1046 1904 1088 a
1966 1038 2118 1092 statu

481 1114 712 1176 virtutis
730 1113 914 1192 lapsa,
943 1113 1047 1174 sed
1077 1111 1325 1174 Domino
1354 1113 1622 1193 subjecta
1645 1125 1795 1178 esto.
1821 1117 1966 1190 Quia
1991 1119 2119 1196 ipse

482 1205 584 1266 tibi
621 1201 1113 1283 patrocinabitur,
1145 1211 1203 1263 et
1231 1203 1450 1264 salvam
1483 1212 1540 1265 te
1564 1205 1741 1267 faciet
1770 1219 1834 1268 ut
1872 1228 1948 1271 ne
1974 1210 2120 1270 ultra

481 1296 931 1358 commovearis.
965 1290 1118 1353 Nam
1152 1301 1207 1354 et
1235 1295 1360 1372 ipse
1386 1295 1544 1356 Deus
1575 1313 1765 1360 meus.
1799 1297 2034 1360 Etenim
2068 1306 2128 1362 et

480 1385 611 1466 ipse
641 1385 892 1446 salutem
929 1382 1148 1442 tribuet
1175 1383 1226 1442 ei
1259 1383 1360 1462 qui
1405 1402 1438 1444 a
1487 1385 1653 1447 vobis
1686 1386 1867 1449 laesus
1899 1399 2009 1463 est,
2069 1398 2126 1451 et

485 1493 730 1554 prorsus
770 1492 803 1534 a
833 1479 1026 1532 vestra
1053 1472 1435 1551 improbitate
1461 1473 1756 1538 liberabit.

566 1567 623 1626 4.
663 1565 980 1642 Quousque
1010 1564 1253 1624 irruitis
1285 1565 1351 1625 in
1407 1563 1707 1628 hominem
1736 1573 1764 1629 ἲ
1821 1566 2127 1631 Occla‘mat

485 1662 692 1716 contra
721 1652 1090 1714 adversarias
1137 1659 1500 1730 potestates:
1539 1661 1680 1730 quia
1739 1657 1797 1717 in
1861 1659 2127 1720 hominis

487 1753 754 1805 naturam
788 1743 858 1804 ad
890 1741 1106 1803 malum
1143 1759 1500 1821 propensam
1551 1744 1812 1825 irrnunt,
1873 1767 2004 1828 quae
2057 1767 2129 1809 ea

487 1833 740 1894 naturali
775 1831 1120 1892 inﬁrmitate
1150 1829 1364 1891 similis
1395 1839 1485 1894 est
1513 1836 1744 1912 parieti
1805 1837 2122 1913 inclinato,

487 1923 682 1985 ruinae
707 1923 1012 2001 proximo,
1047 1927 1102 1980 et
1128 1925 1407 1982 maceriae
1437 1923 1720 2002 depulsae.

563 2105 623 2164 5.
646 2102 1062 2162 Verumtamen
1082 2102 1350 2179 pretium
1376 2118 1574 2163 meum
1596 2105 2012 2183 cogitaverunt
2038 2126 2131 2170 re-

485 2191 953 2272 pellere.Parum
972 2190 1130 2249 enim
1145 2187 1486 2270 abfuitquin
1509 2191 1638 2270 ipsa
1661 2193 1711 2252 vi
1730 2195 2126 2259 ratiocinandi

485 2301 593 2342 nos
623 2279 930 2361 privarint,
971 2279 1537 2368 cogentesiadorare
1571 2281 1727 2360 ligna
1757 2292 1816 2344 et
1874 2285 2126 2368 lapides,

484 2383 547 2432 ut
565 2371 866 2432 diceretur
887 2369 962 2428 de
1000 2367 1170 2428 nobis
1197 2385 1208 2429 :
1247 2367 1444 2430 Homo
1472 2386 1610 2431 eum
1629 2374 1694 2431 in
1718 2373 1951 2436 honore
1973 2367 2130 2439 esset

484 2479 602 2524 non
624 2456 1440 2547 intellex‘it96.Cucurrerunt
1456 2464 1523 2520 in
1544 2461 1674 2522 siti.
1697 2461 1886 2540 Hunc,
1909 2464 2123 2547 inquit,

484 2568 722 2612 cursum
753 2565 1019 2610 emensae
1049 2555 1186 2610 sunt
1208 2546 1563 2609 adversariae
1587 2556 1931 2630 potestates,
1957 2546 2128 2636 quasi

484 2644 754 2701 sitientes
785 2646 847 2698 ut
877 2655 974 2699 me
1005 2637 1308 2718 privarent
1338 2636 1688 2700 honoribus.
1724 2639 1846 2704 Ore
1895 2659 2004 2704 suo
2033 2644 2129 2706 be-

484 2726 842 2792 nedicebant
872 2725 1138 2788 et'corde
1193 2743 1304 2787 suo
1345 2725 1807 2791 maledicebant.
1867 2729 1990 2793 Hoc
2049 2733 2130 2794 ait

483 2817 622 2900 quia
654 2816 852 2878 dulcia
884 2823 941 2876 et
969 2821 1137 2895 grata
1182 2813 1357 2876 nobis
1420 2813 1833 2895 subjicientes,
1895 2840 2004 2901 per
2062 2841 2132 2885 ea

485 2925 595 2969 uos
625 2905 1064 2968 maledictionis
1096 2903 1251 2967 ﬁlios
1282 2905 1575 2969 efﬁciunt.

565 2999 625 3076 7,
664 2996 724 3059 8.
756 2994 1181 3057 Verumtamen
1225 2993 1344 3056 Deo
1385 2993 1653 3075 subjecta
1714 3008 1863 3073 esto,
1915 3003 2128 3064 anima

2285 580 2509 658 θρώπων
2539 578 2682 657 γένει
2713 577 2976 653 ἐσομένην
3036 576 3316 658 λύτρωσιν,
3362 580 3450 636 καὶ
3499 585 3604 636 τῶν
3646 585 3861 646 νοητῶν

2286 669 2494 748 ἐχθρῶν
2523 669 2627 735 τὴν
2655 666 2982 746 ἂνατροπήνο
3036 669 3126 724 καὶ
3181 670 3487 747 παραίνεσιν
3542 668 3860 745 ἀποτροπὴν

2284 759 2470 824 κακίας
2513 757 2869 836 περιέχουσαν
2941 769 3058 820 τοῖς
3142 759 3435 836 ἀνθρώποις
3492 757 3711 836 εἷσέγει,
3787 758 3866 813 τὰ

2282 849 2400 925 περί
2429 853 2527 914 τῆς
2559 847 2782 926 κρίσεως
2814 847 2996 910 αὐτοῖς
3026 847 3405 922 ὑποτιθέμενος
3434 856 3528 906 τοῦ
3559 855 3712 907 Θεοῦ.

2283 937 2421 1017 Οὐχὶ
2477 937 2553 1011 τῷ
2608 940 2724 1010 Θεῷ
2770 937 3167 1015 ὓποταγήσεται
3246 939 3281 1005 ἡ
3359 941 3512 1016 ψυχή
3584 957 3735 1017 μους
3802 939 3869 996 εὶ

2203 1028 2290 1083 καὶ
2333 1025 2673 1100 σεσάλευσαι,
2707 1029 2859 1104 φησί,
2890 1030 2936 1080 ὦ
2962 1027 3118 1105 ψυχὴ
3167 1029 3256 1082 καὶ
3327 1033 3429 1094 τῆς
3491 1026 3607 1083 κατ’
3658 1026 3862 1105 ἀρετὴν

2201 1113 2456 1180 εξὲπεσας
2492 1116 2757 1188 στάσεως,
2819 1111 2941 1169 ἀλλ’
2997 1115 3292 1194 ὓποτάγηθι
3344 1123 3422 1190 τῷ
3480 1116 3668 1194 Κυρίῳ.
3717 1113 3868 1174 ’Ὅτι

2206 1203 2270 1269 δὴ
2297 1205 2452 1270 αὐτός
2484 1226 2576 1261 σου
2611 1205 2697 1260 καὶ
2729 1201 3107 1284 ἀντιλήψεται,
3155 1207 3242 1261 καὶ
3274 1206 3433 1262 σώσει
3490 1213 3578 1262 τοῦ
3640 1207 3716 1278 μὴ
3771 1204 3866 1260 ἐπὶ

2206 1294 2400 1351 πλεῖον
2486 1293 2830 1354 σαλεύεσθαι,
2894 1293 2991 1350 Καὶ
3031 1295 3133 1373 γὰρ
3189 1295 3345 1356 αὐτὸς
3399 1296 3526 1362 Θεός
3574 1320 3697 1370 μου.
3759 1296 3871 1353 Καὶ

2209 1385 2309 1463 γὰρ
2378 1384 2534 1447 αὐτὸς
2590 1382 2811 1462 παρέξει
2857 1398 2956 1460 ταν
3007 1385 3272 1462 σωτηρίαν
3329 1384 3655 1460 ἀδικουμένῳ
3731 1384 3870 1460 παρ’

2210 1475 2382 1548 ὑμῶν,
2419 1473 2506 1529 καὶ
2533 1470 2826 1536 ἀπαλλάξει
2859 1473 3072 1536 πάντως
3114 1475 3266 1549 ὑμῶν
3296 1475 3391 1542 τῆς
3421 1476 3745 1556 μοχθηρίας.

2289 1560 2447 1626 ’Ἕως
2504 1561 2634 1618 πότε
2688 1562 2978 1619 ἐπιτίθεσθε
3037 1562 3124 1619 ἐπ’
3186 1562 3507 1645 ἅνθρωπον;
3565 1571 3682 1622 Τῶν
3716 1565 3872 1620 ἄντι-

2207 1651 2466 1727 κειμένων
2498 1650 2770 1726 δυνάμεων
2803 1649 3062 1725 καταϐοᾷο
3099 1651 3181 1708 ὅτι
3225 1651 3290 1721 δὴ
3322 1653 3592 1726 νενευκυῖα
3649 1656 3718 1719 τῆ
3765 1661 3871 1709 τοῦ

2209 1741 2483 1819 ἀνθρώπου
2561 1742 2710 1821 φύσει
2804 1741 2888 1798 ἐπὶ
2973 1743 3038 1798 τὰ
3106 1744 3314 1820 πονηρὰ
3376 1742 3710 1822 ἐπιτίθενται,
3771 1743 3872 1798 καὶ

2211 1831 2370 1906 ὁμοίᾳ
2398 1852 2512 1894 πως
2547 1829 2678 1907 οῧσῃ
2710 1829 2794 1886 διὰ
2851 1831 2950 1898 τὴν
3008 1831 3239 1910 φυσικὴν
3298 1831 3565 1892 ἀσθένειαν
3623 1832 3870 1888 κλίναντι

2210 1921 2382 1999 τοίχῳ
2426 1921 2514 1976 καὶ
2542 1921 2893 1977 καταπίπτειν
2957 1919 3244 1996 μέλλοντι,
3301 1923 3388 1978 καὶ
3444 1927 3671 2000 φραγμῷ
3726 1922 3866 1976 ἀνα-

2211 2010 2564 2087 τετραμμένῳ
2576 2055 2587 2068 .

2297 2097 2444 2165 Πλὴν
2507 2099 2603 2164 τὴν
2690 2098 2855 2174 τιμὴν
2915 2120 3014 2174 μου
3101 2095 3473 2156 ἐϐουλεύσαντο
3549 2100 3868 2156 ἀπώσασθαι

2215 2190 2386 2245 Μόνον
2422 2189 2544 2268 οὐχὶ
2565 2189 2665 2267 γὰρ
2695 2184 2779 2244 καί
2814 2187 2971 2246 αὐτοῦ
3004 2195 3096 2245 τοῦ
3147 2187 3365 2266 λογικοῦ
3427 2191 3568 2265 ἡμᾶς
3627 2189 3872 2246 ἀπεστέ-

2212 2301 2404 2358 ρησαν,
2458 2275 2583 2342 ξύλα
2656 2279 2742 2334 καί.
2802 2275 2980 2342 λὶθους
3062 2277 3460 2355 ἀναγκάσαντες
3519 2292 3869 2356 προσκυνεῖν,

2211 2370 2285 2431 ὡς
2317 2369 2402 2425 καὶ
2427 2366 2672 2444 λέγεσθαι
2699 2370 2818 2446 περὶ
2861 2367 3040 2443 ἡμῶν,
3101 2367 3183 2424 ὅτι
3243 2366 3593 2447 ’Ἀνθρωπος
3627 2369 3680 2424 ἐν
3730 2374 3874 2444 τιμῇ

2209 2458 2282 2514 ὥν
2336 2459 2396 2514 οῦ
2448 2461 2696 2523 συνῆκεν.
2750 2454 3011 2536 Ἐδραμον
3076 2456 3130 2513 ἐν
3195 2454 3359 2533 δὶψει.
3424 2467 3617 2517 Τοῦτον
3701 2459 3868 2539 φησὶ,

2209 2547 2302 2602 τὸν
2331 2544 2524 2625 δρόμον
2554 2544 2772 2625 ἔτρεχον
2831 2547 2884 2602 αἱ
2929 2546 3286 2620 ἆντικείμεναι
3346 2545 3615 2620 δυνάμεις,
3679 2548 3870 2621 διψῶ-

2209 2656 2297 2692 σαι
2327 2641 2420 2692 τοῦ
2451 2635 2812 2712 ἀποστερῆσαί
2842 2657 2910 2710 με
2939 2641 3038 2711 τῂς
3088 2640 3277 2710 τιμῆς.
3334 2643 3420 2710 Τῷ
3478 2635 3701 2711 στόματι
3759 2636 3872 2692 αῦ-

2214 2731 2319 2782 τῶν
2380 2724 2645 2802 ηὖλόγουν
2679 2773 2694 2798 ,
2757 2725 2844 2781 καὶ
2895 2723 2962 2800 τῇ
3021 2723 3206 2804 καρδίᾳ
3277 2726 3444 2782 αὐτῶν
3521 2727 3866 2802 κατηρὼντο,

2213 2814 2377 2873 Τοῦεό
2409 2836 2592 2894 φησιν,
2624 2813 2838 2893 ἐπειδὴ,
2868 2814 2934 2870 τὰ
2964 2811 3090 2883 ἡδέα
3119 2816 3254 2890 ἡμῖν
3307 2813 3718 2890 ὑποϐάλλοντες,
3786 2814 3868 2872 δι’

2212 2903 2384 2960 σῦτῶν
2408 2904 2643 2981 κατάρας
2671 2905 2816 2978 ἡμᾶς
2847 2904 3201 2984 ἀποφαίνουσι
3232 2905 3416 2968 τέκνα,

2293 2991 2440 3060 Πλὴν
2494 2999 2570 3066 τῷ
2629 2998 2745 3066 Θεῷ
2799 2994 3116 3074 ὑποτάγηθι,
3172 2995 3205 3062 ἡ
3279 2996 3436 3074 ψυχή
3495 3018 3622 3070 μου.
3686 2995 3873 3052 Πάλιν

485 3105 639 3150 mea.
669 3085 926 3146 Rursum
959 3083 1218 3145 animam
1235 3083 1582 3164 alloquitur,
1603 3085 1675 3146 ad
1699 3087 2126 3169 subjectionem

2236 3088 2285 3159 τῇ
2313 3087 2469 3163 ψυχῇ
2498 3080 2822 3162 διαλέγεται,
2873 3085 2974 3150 τὴν
3044 3085 3317 3162 ὑποταγὴν
3357 3087 3520 3154 αὐτῆς
3578 3086 3676 3154 τὴν
3734 3087 3877 3164 πρὸς

487 3197 628 3258 erga
661 3179 849 3240 Deum
882 3175 1222 3237 cobortans.
1254 3172 1528 3237 Declarat
1571 3185 1768 3238 autem
1830 3181 2161 3258 magnitu-.

489 3267 692 3329 dinem
723 3265 1145 3338 tentationum,
1180 3263 1449 3345 illudque
1479 3267 1742 3346 Apostoli
1766 3269 1908 3329 ait97
1934 3288 1947 3333 :
1975 3272 2136 3345 Quo-

489 3358 655 3419 niam
687 3372 810 3417 non
839 3355 997 3416 sinet
1024 3370 1128 3416 vos
1159 3359 1382 3416 tentari
1398 3372 1579 3435 super
1607 3357 1673 3438 id
1701 3359 1860 3436 quod
1881 3366 2133 3438 potestis

488 3447 816 3509 sustinere.
843 3446 917 3505 In
947 3443 1068 3505 Deo
1097 3441 1373 3514 salutare
1403 3462 1600 3508 meum
1630 3456 1691 3508 et
1714 3449 1921 3528 gloria
1975 3469 2130 3514 mea.

491 3536 558 3599 In
593 3554 664 3596 eo
694 3552 863 3616 spem
894 3532 1104 3594 salutis
1135 3541 1193 3594 et
1223 3531 1430 3612 gloriae
1487 3536 1734 3616 positam
1789 3536 2002 3602 habeo.
2065 3541 2133 3603 Id

489 3631 601 3700 est,
636 3625 766 3704 ipse
798 3640 893 3683 me
922 3631 982 3684 et
1007 3622 1258 3704 salvum,
1295 3630 1353 3686 et
1381 3622 1703 3703 gloriosum
1730 3626 2136 3711 victoremque

489 3713 698 3777 eorum
729 3711 970 3775 efﬁciet.

569 3801 1022 3885 [Vemmtamen
1048 3803 1447 3883 Deosubjecta
1462 3813 1614 3884 esto,
1631 3808 1841 3869 anima
1865 3813 2138 3874 mea.Pa-

2216 3174 2306 3230 τὸν
2380 3173 2509 3229 Θεὸν
2573 3171 2870 3235 ἐπιτείνων,
2929 3171 3284 3230 Ἐνδείκνυται
3337 3173 3480 3230 δέτό
3509 3175 3727 3252 μέγεθος
3755 3182 3875 3231 τῶν

2217 3267 2550 3340 πειρασμῶν,
2585 3262 2672 3317 καὶ
2720 3262 2781 3316 τὸ
2813 3268 2906 3318 τοῦ
2964 3260 3294 3320 Ἀποστόλου
3347 3262 3512 3341 λέγει·
3576 3262 3708 3322 ’Ὅτι
3769 3269 3876 3324 οὔκ

2215 3351 2358 3410 ἰάσει
2412 3352 2548 3426 ὑμᾶς
2630 3351 2976 3428 πειρασθῆναι
3047 3351 3177 3430 ὑπὲρ
3247 3353 3274 3408 ὃ
3367 3351 3579 3411 δύνασθε
3635 3355 3875 3432 ὑπενεγ-

2215 3453 2358 3503 κεῖν.
2421 3439 2542 3498 Ἐπὶ
2595 3445 2673 3512 τῷ
2721 3445 2837 3513 Θεῷ
2903 3438 2964 3495 τὸ
3019 3441 3283 3519 σωτήριόν
3339 3465 3441 3517 μου
3501 3445 3590 3501 καὶ
3660 3446 3693 3512 ἡ
3743 3441 3875 3509 δόξα

2218 3554 2341 3608 μου.
2383 3530 2508 3588 Ἐπὶ
2566 3531 2706 3603 αὐτῷ
2750 3533 2848 3596 τῆς
2907 3531 3170 3608 σωτηρίας
3224 3533 3310 3587 καί
3368 3533 3468 3601 τῆς
3517 3532 3671 3601 δόξης
3750 3535 3876 3614 ἔχω

2217 3622 2316 3688 τὴν
2357 3617 2568 3683 ἐλπίδα,
2619 3618 2921 3692 Τουτέστιν,
2955 3620 3111 3684 αὒτός
3183 3640 3250 3695 με
3310 3623 3398 3678 καὶ
3454 3623 3736 3702 περισώσει
3779 3626 3878 3679 καὶ

2219 3708 2452 3775 ἐπίδοξον
2481 3708 2719 3781 ποιήσει,
2754 3708 2977 3775 νικητὴν
3007 3708 3210 3765 τούτων
3241 3708 3625 3788 ἰργασάμενος,

2301 3797 2479 3878 [Πλὴν
2526 3803 2602 3872 τῷ
2653 3803 2768 3870 Θεῷ
2809 3797 3128 3874 ὑποτάγηθι,
3182 3800 3214 3866 ἡ
3264 3802 3420 3881 ψυχή
3473 3824 3599 3876 μου.
3655 3810 3875 3862 Μονον.

491 3911 623 3956 rum
644 3891 813 3954 abest
833 3893 977 3973 quin
997 3910 1105 3954 nos
1127 3892 1521 3956 ratiocinandi
1545 3915 1653 3956 usu
1675 3896 1982 3975 privarint,
2002 3918 2126 3961 cum

2236 3890 2344 3968 ›υχὶ
2371 3889 2469 3966 γὰρ
2499 3888 2587 3942 καὶ
2617 3887 2775 3942 αὐτοῦ
2821 3893 2912 3942 τοῦ
2971 3885 3189 3966 λογικοῦ
3263 3891 3409 3964 ἧμας
3466 3889 3870 3974 ἀπεστέρησαν,

490 3983 904 4045 necessitatem
939 3980 1116 4044 nobis
1150 3980 1522 4045 induxerunt
1551 3974 1843 4046 adorandi
1879 3986 2034 4066 ligna
2083 3997 2126 4050 el

2236 3976 2347 4044 Ξύλα
2398 3977 2487 4033 καὶ
2543 3974 2716 4038 λίθους
2787 3975 3186 4053 ἀναγκάσαντες
3243 3993 3583 4056 προσκυνεῖν,
3643 3984 3716 4043 ὡς
3781 3985 3878 4039 καὶ

488 4070 828 4151 lapides,ita
843 4078 907 4133 ut
937 4071 1012 4132 de
1039 4070 1210 4133 nobis
1237 4070 1476 4133 dicatur
1508 4089 1520 4132 :
1549 4072 1748 4136 Homo
1779 4061 2126 4138 sumtu/1.0-

2236 4066 2468 4145 λέγεσθαι
2530 4064 2647 4142 περὶ
2721 4066 2902 4140 ἡμῶν·
2978 4061 3298 4145 ’Ἄνθρωπος
3361 4067 3414 4124 ἐν
3488 4071 3620 4146 τιμῆ
3675 4073 3750 4126 ὧν
3805 4075 3878 4129 οὗ

493 4178 646 4224 nore
664 4168 818 4224 esset
835 4178 957 4222 non
976 4159 1303 4224 intellexit.
1328 4163 1448 4225 Sed
1472 4162 1561 4224 illi
1585 4164 1849 4244 quidem,
1885 4185 1918 4226 ο
1944 4167 2126 4230 animi

2236 4155 2474 4223 συνῆκεν.
2505 4151 2656 4210 Ἀλλ’
2688 4155 2886 4210 ἔκεῖνοι
2921 4152 3042 4228 μὲν,
3073 4157 3119 4210 ὦ
3175 4156 3330 4236 ψυχὴ
3388 4166 3640 4216 τοιοῦτοι·
3677 4162 3740 4218 σὺ
3811 4161 3877 4218 δὲ

499 4269 654 4326 mea,
681 4249 1026 4329 hujusmodi
1048 4258 1187 4310 sunt
1212 4269 1225 4311 :
1253 4260 1315 4312 tu
1336 4262 1533 4314 autem
1557 4240 1822 4327 subiecta
1847 4262 1968 4318 esto
2011 4275 2126 4318 ser-

2236 4244 2523 4320 ὕποτὰγηθι
2609 4248 2706 4310 τῆς
2803 4240 3038 4306 δουλείας
3087 4245 3266 4303 αὐτοῦ.
3322 4246 3459 4302 Εἶτα
3511 4246 3721 4326 ἐπάγει,
3784 4251 3877 4307 ὅτι

493 4340 660 4402 vituti
680 4340 832 4420 ejus.
858 4339 1087 4402 Deinde
1108 4339 1322 4404 infert:
1349 4340 1615 4422 Idipsum
1639 4343 1834 4406 abillo
1861 4364 1953 4406 me
1970 4365 2126 4426 spert

2236 4335 2366 4391 Αὓτὸ
2393 4340 2547 4388 τοῦτο
2583 4330 2701 4410 παρ’
2733 4331 2889 4389 αὐτοῦ
2935 4330 3152 4414 ἐλπίζω,
3215 4335 3276 4390 τὸ
3329 4337 3591 4415 σωτηρίας
3644 4354 3874 4419 τυχεῖν,

493 4427 1187 4509 accepturum,videlicet
1211 4420 1466 4494 salutem
1487 4451 1581 4493 me
1603 4433 1792 4514 ipsius
1819 4420 2126 4512 patrocinii

2236 4420 2776 4497 ὶντιλαμὸανομένου,
2820 4422 3018 4496 καὶμὴ
3071 4432 3469 4504 συγχωροῦντος
3529 4429 3878 4501 μετανάστην

493 4508 954 4583 consecuturum
985 4539 1000 4592 ;
1034 4537 1234 4600 neque
1260 4520 1421 4582 enim
1455 4520 1608 4583 sinet
1629 4508 1744 4585 'me
1772 4508 2126 4588 desertoren

2236 4512 2469 4592 γενέσθαι
2501 4513 2590 4567 καὶ
2631 4508 2833 4591 φυγάδα
2860 4509 2955 4567 ἀπ’
3000 4512 3180 4593 αὺτοῦ,
3215 4512 3332 4582 ἤτοι
3390 4513 3696 4574 δεσποτείαν
3758 4520 3876 4576 ἐτέο

492 4627 561 4672 ac
587 4607 949 4687 transfugam
976 4609 1048 4670 ab
1071 4599 1196 4689 ipSo
1210 4628 1366 4685 esse,
1394 4611 1523 4674 sive
1541 4614 1596 4675 in
1623 4612 1782 4674 aliud
1811 4614 2126 4676 dominium

2236 4625 2320 4678 ραν
2351 4599 2696 4666 ἀλλάξασθαι.
2758 4599 2999 4658 Ἐκεῖθεν
3049 4603 3147 4682 γὰρ
3204 4603 3479 4681 προσδοκῶ
3533 4608 3621 4662 καὶ
3697 4609 3873 4680 σώζεσ

495 4698 978 4761 transferriJnde
1000 4703 1222 4779 quippe
1240 4700 1503 4764 salutem
1535 4711 1810 4783 exspecto
1833 4703 2126 4767 auxilium.

2236 4695 2364 4766 τθαι,
2398 4691 2484 4747 καὶ
2510 4691 2570 4746 τὸ
2598 4691 2935 4770 βοηθεῖσθαι,
2969 4691 3031 4748 ἐκ
3058 4698 3150 4760 τοῦ
3172 4691 3258 4749 ἐπ’
3288 4696 3444 4751 αοῖιτὸν
3473 4694 3752 4775 autcum]

494 4808 610 4870 que
651 4789 861 4868 ipsius,
895 4790 1035 4870 quia
1062 4791 1125 4851 in
1150 4809 1219 4852 eo
1251 4809 1418 4872 spem
1451 4795 1692 4872 reposui
1719 4799 1961 4874 meam.]

573 4879 633 4941 9.
668 4867 933 4955 Sperate
946 4880 1012 4941 in
1036 4896 1102 4941 eo
1118 4867 1317 4942 omnis
1341 4867 1731 4964 congregatio
1751 4867 2126 4962 populorum

2308 4868 2589 4928 Ἐλπίσατε
2661 4867 2746 4924 ἐπ’
2836 4870 3015 4942 αὐτὸν,
3103 4876 3248 4927 πᾶσα
3336 4875 3626 4953 αυναγωγῆ
3690 4873 3873 4938 λαῶν,

494 4968 814 5046 Postquam
839 4969 897 5026 in
919 4965 1050 5046 ipso
1077 4969 1266 5047 primo
1295 4955 1539 5031 cursum
1562 4955 1884 5046 'parav'er'at
1915 4971 1989 5031 ad
2021 4990 2126 5051 pm

2236 4961 2315 5019 Ἐν
2386 4959 2528 5031 αὖτῷ
2574 4955 2782 5040 ’πρώτῳ
2833 4961 3242 5037 παρασκευάσας
3283 4961 3375 5016 τὸν
3426 4963 3520 5025 εἰς·
3583 4964 3875 5038 μετάνοιαν

493 5044 827 5123 nitentiam.
856 5055 928 5116 ad
953 5044 1212 5135 idipsutn
1245 5056 1395 5118 alios
1427 5044 1792 5132 cohortatur,
1829 5044 2126 5139 atque-unt

2236 5050 2444 5130 Βρόμον,
2490 5047 2574 5102 καὶ
2603 5045 2722 5111 τοῦς
2753 5044 2944 5112 ἄλλους
2971 5049 3043 5110 εἷς
3085 5055 3237 5105 τοῦτο
3267 5049 3591 5130 παρακαλεῖ,
3642 5053 3754 5126 ἁμα
3814 5051 3876 5109 δί

495 5145 844 5226 prophetico
875 5163 980 5207 ore
1003 5146 1268 5207 omnium
1291 5148 1560 5225 gentium
1586 5135 1959 5210 vocationem
1989 5168 2126 5228 prae-

2236 5141 2314 5198 καί
2345 5135 2807 5217 προφητικώτερον
2836 5139 2935 5205 τήν
2965 5141 3069 5193 τῶν
3120 5137 3280 5194 ἐθνῶν
3353 5140 3566 5196 πάντων
3624 5163 3874 5220 προανα-

495 5223 746 5297 nuntiat.
766 5233 1082 5314 E/fundite
1097 5223 1625 5299 coram—illoeorda
1647 5245 1871 5300 vestra.
1894 5223 2126 5299 Perindt

2236 5242 2400 5313 ρωνεῖ
2455 5225 2671 5294 κλῆσιν,
2755 5223 3016 5306 Ἐκχέατε
3085 5227 3310 5284 ἐνώπιον
3367 5232 3523 5287 αὖτοῦ
3582 5230 3675 5294 τὰς
3726 5253 3872 5309 καρο

491 5331 582 5386 est
602 5342 672 5387 ac
694 5323 745 5386 si
773 5313 1122 5389 diceret:Ne
1144 5324 1412 5387 accedite
1437 5326 1510 5388 ad
1536 5328 1672 5388 eum
1693 5327 1872 5388 corde
1899 5326 2118 5406 duplici

2236 5321 2341 5384 δίας
2417 5319 2645 5406 ὑμῶν.--
2681 5313 2924 5406 ’ᾭμοιον
2965 5318 3106 5406 yth-cei
3161 5315 3327 5406 λέγοι·
3394 5319 3480 5387 Μὴ
3535 5320 3872 5401 προσελθητε

495 5412 612 5475 Sed
637 5421 702 5473 ut
729 5414 1019 5495 scriptum
1070 5415 1244 5477 est98
1275 5434 1289 5475 :
1327 5415 1563 5494 Diliges
1590 5414 1919 5478 Dominum
1957 5401 2126 5478 Detur

2236 5412 2370 5484 αὐτῷ
2399 5408 2454 5465 ἐν
2497 5402 2684 5495 καρδίᾳ,
2711 5401 2891 5495 δισσῇξ
2953 5403 3072 5462 ἀλλ’
3123 5407 3196 5495 ὡς
3240 5405 3555 5495 γέγραπται·
3615 5406 3876 5488 Ἀγαπη-

497 5510 664 5566 tuum
684 5521 763 5566 ea:
790 5493 910 5567 toto
941 5506 1117 5567 corde
1148 5512 1246 5567 tuo
1272 5513 1329 5566 et
1359 5522 1438 5566 ea:
1463 5493 1594 5567 tota
1620 5512 1816 5567 mente
1850 5513 1976 5567 tua.

2236 5520 2338 5559 ηις
2397 5498 2586 5572 Κύριον
2641 5493 2732 5548 τὸν
2793 5494 2923 5550 Θεόν
2993 5515 3086 5552 σου
3146 5494 3198 5561 ιε
3250 5493 3385 5564 ὅλης
3469 5505 3566 5564 τῆς
3653 5498 3871 5579 καρδίας

2225 5613 2341 5664 σου,
2373 5590 2460 5645 καὶ
2481 5583 2532 5651 ἔξ
2568 5580 2700 5649 ὅλης
2728 5587 2828 5652 τῆς
2857 5580 3090 5652 διανοίας
3122 5594 3241 5646 σου.

568 5751 634 5803 90
661 5751 819 5817 Peal.
851 5769 1048 5834 xum,
1071 5750 1174 5818 2t.
1261 5753 1326 5805 97
1356 5755 1380 5819 ι
1413 5751 1550 5820 Cor.
1583 5771 1643 5838 ι,
1673 5753 1776 5821 13.
1859 5752 1917 5800 ⁸⁸
1939 5753 2147 5820 Matth.
2179 5765 2345 5833 xm,
2369 5745 2473 5809 37.
