4006 6204
451 234 568 297 279
1220 232 1278 291 S.
1328 228 1755 291 ATHANASII
1799 227 1964 289 OPP.
2015 226 2223 321 PARS.
2274 227 2389 291 III.
2436 262 2513 273 —
2564 224 3029 292 EXEGETICA.
3720 222 3864 288 280

451 367 670 442 solum,
700 373 760 428 et
808 373 972 428 tuum
1024 366 1085 426 in
1143 359 1591 444 precationibus
1635 377 1855 422 nomen
1915 361 2088 424 invo-

2200 364 2391 443 κτενῶ,
2426 362 2548 420 ἀλλ’
2597 362 2634 432 ἢ
2659 361 2742 418 σοὶ
2771 361 2944 441 μόνῳ,
2988 362 3078 416 καὶ
3133 361 3195 417 τὸ
3245 362 3340 418 σὺν
3389 359 3446 416 ιν
3490 371 3852 439 προσευίατς

453 455 629 520 cabo.

2199 451 2597 528 ιπικαλούμενος
2642 451 2833 526 ὄνομα.

537 546 596 609 6.
631 544 804 608 Sicut
823 545 997 625 adipe
1024 550 1080 605 et
1103 542 1471 621 pinguedine
1520 538 1830 621 repleatur
1890 543 2097 603 anima

2264 539 2355 607 Ὠς
2436 541 2498 598 ἐκ
2584 538 2804 602 στέατος
2886 542 2975 595 καὶ
3044 536 3298 607 πιότητος
3387 539 3724 614 ἐμπλησθείη
3810 541 3850 606 ἡ

456 653 616 699 mea.
650 634 924 696 Ostendit
952 642 1239 713 quantum
1274 632 1347 691 sit
1388 630 1617 691 lucrum
1650 649 1855 691 eorum
1905 631 2005 712 qui
2039 631 2096 692 in

2199 631 2336 709 ιιυχή
2374 653 2499 705 μου,
2537 630 2775 687 Δείκνυσι
2806 628 2974 685 πόσον
3004 630 3068 699 τὴ
3120 628 3304 704 κέδρος
3363 636 3470 685 τῶν
3542 627 3627 684 ἔπ’
3689 631 3854 701 αὗτῷ

457 724 655 806 ipsum
681 724 875 786 solum
907 740 1073 803 spem
1108 720 1433 801 posuerint.
1471 720 1549 782 Et
1610 720 1787 782 labiis
1836 721 2100 783 exsulta-

2199 719 2331 793 ιόνῳ
2361 721 2453 786 τὰς
2480 717 2695 784 ὶλπίδας
2730 717 2877 799 ἔχειν
2906 720 3216 797 ῆρημενων,
3267 720 3374 806 ,Καὶ
3435 719 3599 798 χείλη
3658 717 3850 797 ἀγαλ-

458 805 647 878 tionis
678 811 956 874 laudabit
978 828 1042 873 os
1073 827 1290 871 meum.
1320 812 1491 888 Cum,
1517 809 1729 889 inquit,
1765 814 1822 870 in
1868 829 2102 871 memo-

2199 806 2409 874 tta'esm;
2467 808 2658 865 αἰνέσει
2710 808 2769 865 τό
2821 810 2997 882 στόμα
3074 829 3203 883 μου.
3265 805 3466 887 ”Οταν,
3530 810 3686 887 φησὶ,
3744 814 3855 864 τοῦ

459 903 607 966 riam
646 900 792 962 mihi
822 899 981 961 venit
1013 915 1235 961 nomen
1266 906 1456 977 tuum,
1524 907 1667 959 tunc
1731 898 1950 977 gaudio
1999 918 2099 960 re-

2199 907 2279 957 τοῦ
2307 898 2361 954 ἓν
2392 898 2581 975 μνήμη
2614 897 2872 971 όνόμανος
2905 897 3160 976 γίνωμαι,
3199 896 3320 955 τότε
3350 895 3416 965 δὴ
3466 895 3586 954 τότε
3656 903 3852 977 χαρᾶς

459 992 702 1074 plentur
732 988 887 1051 labia
921 1006 1053 1049 mea

2199 987 2481 1065 πληροῦται
2514 989 2578 1044 τὰ
2606 985 2770 1067 χείλη
2816 1007 2939 1061 μου.

540 1084 598 1144 7.
667 1079 741 1143 Si
801 1096 1019 1140 memor
1073 1079 1168 1156 fui
1194 1082 1287 1139 tui
1329 1094 1517 1157 super
1563 1084 1825 1139 stratum
1878 1096 2096 1140 meum.

2266 1078 2325 1135 Εἰ
2387 1073 2742 1155 ὶμνηρόνευόν
2787 1096 2879 1131 σου
2937 1073 3023 1130 ἐπὶ
3071 1079 3171 1142 τῆς
3216 1080 3500 1153 στρωμνῆς
3557 1097 3680 1149 μου.
3739 1078 3848 1149 Τὸ,

460 1170 611 1236 Illud
650 1191 663 1234 :
698 1172 767 1236 Si
794 1185 1027 1231 memor
1054 1170 1171 1245 fui,
1219 1170 1475 1248 positum
1523 1186 1651 1247 pro,
1697 1186 1843 1229 eum
1878 1186 2103 1231 memor

2199 1169 2245 1224 El
2305 1166 2692 1244 ἐμνημόνευον,
2765 1164 2880 1220 ἀντὶ
2938 1169 3054 1238 τοῦ,
3119 1165 3492 1239 μνημονεύων,
3560 1163 3790 1221 τέθειται
3828 1181 3846 1196 ⁹

458 1279 591 1324 sum
626 1281 639 1320 :
674 1267 733 1320 ut
758 1259 831 1319 sit
861 1256 1158 1318 sententia
1193 1277 1205 1314 :
1241 1275 1373 1316 cum
1413 1274 1640 1317 memor
1665 1258 1981 1331 tuiessem,
2017 1259 2101 1319 in-

2199 1256 2278 1312 isu
2335 1262 2392 1333 ᾖ,
2458 1252 2806 1331 μνημονεύων
2865 1274 2982 1322 σου,
3054 1256 3237 1332 φησὶν,
3303 1253 3499 1318 ἄϋπνος
3570 1253 3849 1332 ἐγενόμην

458 1356 604 1430 quit,
634 1349 940 1410 insomnes
970 1346 1108 1407 duxi
1142 1354 1368 1417 noctes,
1407 1344 1683 1407 laudibus
1715 1346 1828 1406 tuis
1862 1366 2098 1429 vacans,

2199 1347 2302 1423 περὶ
2326 1348 2420 1410 τὰς
2452 1346 2546 1406 σὰς
2579 1344 2828 1417 αἰνέσεις,
2900 1344 2987 1399 καὶ
3045 1345 3138 1408 τὰς
3188 1344 3446 1423 smmi;
3502 1365 3595 1399 σου
3653 1367 3848 1424 χορη-

460 1448 518 1501 et
547 1438 800 1500 illustria
829 1437 985 1498 dona
1014 1446 1111 1497 tua
1138 1435 1458 1515 accipiens,
1508 1453 1640 1513 quas
1690 1434 2100 1497 invocantibus

2199 1437 2321 1516 γίας,
2368 1434 2429 1497 ἃς
2471 1447 2588 1498 τοῖς
2627 1430 3065 1507 ἐπικαλουμένοις
3097 1454 3155 1487 σε
3186 1430 3366 1495 δίδως.
3427 1431 3563 1490 "Ott
3630 1434 3842 1511 ἐγενή-

459 1537 517 1591 te
541 1527 772 1589 tribuis.
810 1526 973 1601 Quia
1002 1527 1181 1604 fuisti
1213 1525 1460 1603 adjutor
1487 1541 1673 1597 meus,
1708 1533 1761 1588 et
1820 1528 1882 1586 in
1940 1527 2099 1587 vela-

2199 1529 2279 1591 ln;
2338 1521 2533 1601 βοηθός
2585 1544 2729 1598 μου,
2785 1524 2873 1576 καὶ
2924 1520 2976 1577 ὲν
3030 1527 3099 1596 τῆ
3154 1520 3326 1597 σκέπῃ
3376 1526 3482 1577 τῶν
3561 1524 3846 1602 πτερύγων

458 1622 659 1680 mento
704 1615 953 1676 alarum
1008 1624 1260 1676 tuarum
1320 1612 1650 1674 exsultabo.
1714 1614 2102 1695 Quandoqui-

2199 1636 2280 1671 που
2348 1610 2749 1692 ἀγαλλιάσομαι
2785 1653 2800 1668 .
2866 1607 3084 1678 Ἐπειδὴ
3136 1610 3291 1672 αὒτὸς
3345 1633 3435 1685 μοι
3480 1612 3697 1687 βοηθεῖς
3770 1620 3850 1690 τῇ

459 1706 622 1781 dem,
650 1707 756 1785 ait,
792 1714 850 1766 tu
886 1704 1030 1765 mihi
1063 1703 1348 1766 custodia!
1376 1711 1491 1764 tum
1538 1680 1820 1765 auxilium
1868 1680 2101 1783 imp-en-

2199 1680 2411 1785 ρυλαιιῆ
2428 1707 2525 1770 τῆς
2562 1680 2666 1768 σῆς
2708 1701 2979 1778 βοηθείας,
3047 1700 3146 1768 τὴν
3202 1680 3521 1779 εὒφρόσύνην
3577 1680 3843 1779 δέχομαί,

460 1795 574 1876 dis,
601 1795 860 1877 laetitiam
896 1793 1151 1874 excipio.
1186 1792 1599 1854 Velamentum
1652 1793 1809 1853 enim
1875 1794 2099 1854 alarum

2199 1796 2403 1862 Σκέπην
2426 1796 2532 1872 γὰρ
2578 1794 2849 1872 πτερύγων
2891 1791 3052 1849 καλεῖ
3116 1793 3210 1861 τὴν
3273 1793 3378 1848 ἀπὸ
3439 1796 3537 1861 τῆς
3594 1794 3847 1868 βοηθείας

461 1893 627 1946 vocat
657 1883 948 1946 custodia
978 1883 1285 1945 auxilium.
1320 1885 1370 1944 A
1418 1890 1498 1954 te,
1533 1883 1746 1959 inquit,
1802 1892 2104 1963 protectus

2199 1883 2449 1965 ρυλακήν.
2483 1884 2845 1959 Σκεπόμενος,
2881 1884 3036 1961 φησὶ,
3094 1885 3236 1961 παρά
3296 1887 3389 1940 σου
3450 1890 3593 1963 χαρᾷ
3649 1887 3845 1964 χαρή-

458 1990 843 2054 summopere
874 1974 1178 2051 gaudebo.

2199 1996 2375 2050 σομαι.

540 2062 599 2125 9.
636 2062 906 2125 Adhwsit
956 2066 1164 2123 anima
1200 2079 1337 2123 mea
1379 2068 1511 2141 post
1558 2068 1635 2123 te.
1686 2063 1772 2124 Ne
1804 2064 2098 2127 tantillum

2269 2063 2574 2135 Ἐκολληθη
2644 2067 2678 2133 ἡ
2740 2066 2896 2145 ψυχή
2954 2087 3056 2141 μου
3112 2066 3283 2122 ὀπίσω
3339 2088 3454 2125 σου.
3520 2066 3646 2125 Οὐδὲ
3702 2071 3841 2144 πρὸς

460 2153 699 2234 quidem
736 2169 974 2233 possum
1000 2171 1033 2213 a
1057 2152 1416 2230 cogitatione
1450 2168 1582 2212 mea
1613 2154 1959 2215 memoriam
2022 2155 2101 2214 tui

2199 2156 2358 2235 Βραχὺ
2392 2157 2481 2212 τὸν
2512 2156 2638 2231 ἐμὸν
2671 2156 2952 2236 λογισμὸν,
3006 2158 3157 2234 φησὶ,
3216 2161 3313 2221 τῆς
3374 2157 3467 2223 σῆς
3528 2158 3836 2223 ἀποστῆσαι

460 2250 748 2304 avertere.
786 2241 900 2305 Sed
928 2240 1150 2302 amoris
1176 2241 1470 2302 incentivo
1501 2242 1767 2316 adustus,
1803 2262 1912 2304 ceu
1963 2243 2101 2322 glu-

2199 2244 2389 2320 Ξύναμα
2450 2246 2673 2320 μνήμης
2733 2242 2905 2301 Ἀλλὰ
2961 2244 3160 2324 φίλτρῳ
3215 2248 3391 2323 θερμῷ
3444 2247 3838 2323 πυρσευόμενος

461 2331 585 2393 tino
614 2330 869 2413 quodam
906 2330 1235 2397 memorias,
1270 2330 1378 2392 tibi
1410 2328 1712 2392 desiderio
1738 2333 2102 2411 conjunctus

2199 2332 2312 2392 οἶόν
2335 2356 2439 2390 τινι
2467 2332 2637 2410 κόλλῃ
2660 2338 2728 2410 τῇ
2758 2332 2970 2411 μνήμῃ,
3007 2342 3082 2408 τῷ
3116 2336 3193 2410 σῷ
3252 2336 3400 2409 πόθῳ
3457 2335 3835 2414 προσδέδεμαι,

457 2437 613 2483 sum.
649 2422 746 2483 Me
775 2425 1032 2501 suscepit
1068 2421 1322 2482 dextera
1348 2427 1475 2480 tua.
1514 2418 1717 2496 Ecqua
1740 2431 1937 2484 autem
1969 2422 2101 2483 fue-

457 2508 537 2571 rit
566 2509 756 2573 Patris
786 2510 1049 2584 dextera,
1087 2508 1200 2570 nisi
1231 2506 1573 2587 unigenitus
1605 2508 1735 2588 ejus
1762 2509 1978 2575 Filius?

546 2688 641 2750 10.
674 2686 802 2767 Ipsi
832 2703 973 2749 vero
1001 2688 1070 2748 in
1125 2703 1351 2749 canum
1399 2687 1780 2765 quasierunt
1833 2688 2106 2750 animum

458 2792 675 2840 mane.
700 2774 1010 2841 Occlamat
1039 2775 1283 2838 demum
1316 2783 1523 2837 contra
1561 2774 1934 2837 adversariae
1994 2797 2105 2859 po-

460 2872 724 2939 testates,
759 2866 882 2927 vim
914 2865 1137 2927 illatam
1162 2864 1278 2925 sibi
1307 2862 1627 2945 objiciens,
1664 2882 1883 2945 rogans
1929 2875 2097 2931 mterv

458 2954 554 3018 nis
582 2955 750 3037 ipsas
781 2953 935 3017 tradi
958 2953 1274 3036 suppliciis
1304 2954 1449 3029 (25).

544 3046 643 3108 19.
667 3046 795 3107 Rea:
813 3061 957 3107 vero
975 3042 1287 3106 (celabitur
1308 3048 1375 3105 in
1402 3044 1547 3107 Deo.
1575 3042 1901 3125 Postquam
1926 3046 2104 3110 ﬁnem
2124 3050 2167 3102 c

455 3153 665 3198 eorum
701 3131 1001 3196 enarravit
1034 3134 1133 3214 qui
1187 3150 1328 3211 erga
1387 3131 1690 3196 Christum
1742 3134 1909 3216 impii
1967 3136 2102 3198 fue-

458 3231 622 3297 runt,
656 3231 716 3285 et
744 3220 1067 3284 dei-lanvit
1095 3221 1157 3283 in
1191 3235 1418 3303 partem
1454 3221 1602 3303 ipsis
1622 3230 1682 3285 et
1715 3233 1936 3285 sortem
1977 3225 2104 3288 fore

455 3312 746 3376 inferiora
775 3320 971 3387 terra,
1005 3311 1076 3372 ad
1112 3310 1295 3373 alium
1328 3312 1638 3374 hominum
1663 3320 1878 3375 statum
1912 3325 1971 3376 et
2007 3334 2105 3377 or-

458 3400 657 3463 dinem
690 3417 1030 3463 sermonem
1060 3400 1373 3475 convertit,
1410 3400 1472 3463 id
1506 3410 1617 3473 est,
1653 3419 1859 3463 eorum
1890 3404 1990 3486 qui
2043 3406 2099 3467 in

461 3490 760 3554 Christum
792 3488 1203 3561 crediderunt,
1239 3490 1341 3571 qui
1388 3508 1525 3553 cum
1576 3508 1759 3570 regno
1817 3494 2101 3556 caelorum

463 3578 688 3661 dignati
718 3578 860 3661 sint,
889 3596 1061 3659 reges
1075 3579 1216 3659 jure
1258 3587 1565 3649 vocantur,
1595 3580 1769 3660 juxta
1794 3581 1942 3644 illud
1970 3585 2104 3645 dic-

462 3678 587 3734 tum
620 3669 894 3751 Apostoli
923 3688 938 3731 :
974 3669 1053 3731 Et
1083 3672 1325 3732 utinam
1380 3670 1724 3751 regnetis”.
1760 3670 1869 3733 Hic
1915 3682 2107 3735 autem

467 3767 597 3823 erat
626 3759 881 3841 populus
909 3759 1010 3840 qui
1031 3758 1341 3838 regnabat,
1376 3759 1598 3840 quippe
1639 3761 1945 3823 laetabatur
1967 3763 2082 3825 laeti

471 3848 597 3911 titia
635 3846 953 3930 spirituali,
978 3865 1157 3928 quam
1190 3846 1304 3927 ipsi
1332 3848 1491 3910 Deus
1518 3849 1647 3927 ipse
1688 3850 1939 3927 largitus
1996 3861 2109 3912 est.

472 3939 619 4018 Ego,
652 3937 869 4020 inquit,
901 3936 1002 4017 qui
1031 3954 1278 4016 regnum
1338 3943 1542 4017 accepi
1595 3938 1670 3999 de
1720 3940 1938 4001 auxilio
1983 3950 2109 4015 tuo,

470 4046 591 4090 non
633 4026 712 4088 de
762 4024 1027 4105 ipsorum
1082 4034 1270 4087 morte
1334 4027 1594 4103 gaudeo.
1668 4028 2115 4093 Laudabuntur

472 4134 683 4182 omnes
705 4117 812 4196 qni
834 4117 1059 4196 jurant
1083 4116 1153 4177 in
1174 4132 1267 4176 eo.
1298 4113 1403 4190 Ita,
1437 4115 1648 4198 inquit,
1710 4118 1899 4195 gloria
1948 4120 2113 4198 ipso-

468 4225 604 4270 rum
636 4205 909 4269 Cbristus
939 4204 1074 4278 erit,
1101 4222 1307 4266 eorum
1335 4205 1611 4267 videlicet
1633 4207 1736 4286 qui
1761 4209 2112 4290 regnabunt;

2192 2424 2331 2481 Εἶτα
2361 2419 2585 2479 δείκνυσι
2616 2424 2709 2481 τὸν
2739 2429 2831 2479 τοῦ
2861 2423 3023 2480 πόθου
3086 2426 3314 2502 καρπόν.
3371 2424 3532 2498 Ἐμοῦ
3588 2424 3641 2480 δὲ
3699 2426 3827 2482 ἀντ-

2190 2510 2475 2580 ελάϐετοὴ
2507 2510 2647 2577 δεξιά
2690 2534 2804 2574 σου.
2855 2512 2952 2570 Καὶ
2981 2514 3059 2577 τίς
3111 2515 3173 2574 ἃν
3225 2513 3317 2580 εἴη
3368 2511 3507 2579 δεξιά
3561 2522 3653 2570 τοῦ
3714 2522 3835 2570 [Ια-

2189 2602 2311 2679 τρὸς
2356 2600 2391 2669 ἢ
2421 2603 2449 2657 ὁ
2481 2602 2776 2681 μονογενὴς
2806 2604 2962 2660 αὑτοῦ
2995 2604 3111 2665 Υἱός
3147 2623 3163 2683 ;

2272 2690 2429 2747 Αὖτοὶ
2484 2688 2539 2745 δὲ
2614 2690 2685 2753 εἰς
2734 2689 2909 2765 μάτην
2983 2690 3246 2762 ἐζήτησαν
3305 2691 3401 2759 τὴν
3458 2693 3643 2771 ψυχήν
3704 2716 3833 2766 μου.

2192 2780 2517 2858 Κατακράζει
2578 2777 2765 2835 λοιπὸν
2822 2784 2928 2836 τῶν
2980 2779 3358 2855 ἀντικειμένων
3409 2778 3702 2861 δυνάμεων,
3769 2782 3840 2849 ἢν

2188 2868 2439 2944 ὑπέμεινε
2487 2866 2917 2947 προϐαλλόμενος
2961 2870 3103 2946 βίαν,
3169 2869 3462 2950 εὐχόμενος
3520 2871 3647 2933 ταῖς
3712 2872 3843 2926 αἰω-

2188 2968 2316 3022 νίοις
2360 2957 2547 3021 αὐτοὺς
2588 2956 2948 3034 παραδοθῆναι
2978 2958 3284 3019 κολάσεσιν.

2270 3044 2332 3105 Ὀ
2389 3048 2444 3103 δὲ
2492 3044 2741 3124 βασιλεὺς
2801 3047 3212 3128 εὖφρανθιίσεται
3270 3048 3354 3105 ini
3419 3056 3496 3121 τῷ
3552 3057 3664 3123 Θεῷ
3691 3098 3702 3111 .
3765 3054 3841 3108 Τὸ

2188 3134 2342 3198 τέλος
2401 3141 2509 3193 τῶν
2562 3138 2638 3200 εἷς
2690 3139 2917 3215 Χριστὸν
2968 3135 3345 3204 ἀσεϐησάντων
3399 3136 3691 3219 διεξελθὼν,
3750 3143 3843 3197 καὶ

2186 3225 2377 3307 δείξας,
2410 3228 2481 3289 ὡς
2516 3228 2664 3301 μερὶς
2693 3228 2781 3283 καὶ
2802 3226 3000 3305 κκῆρος
3046 3227 3232 3289 αὺτοῖς
3264 3229 3553 3306 γενήσεται
3610 3230 3674 3284 τὰ
3727 3252 3834 3284 κα-

2185 3316 2395 3374 τῶτατα
2438 3315 2576 3395 μέρη
2610 3318 2707 3383 τῆς
2739 3321 2865 3398 γῆς,
2895 3317 2980 3373 ἐπὶ
3029 3319 3090 3373 τὸ
3145 3315 3320 3399 ἕτερον
3356 3317 3536 3394 τάγμα
3592 3320 3678 3374 τὸν
3736 3320 3832 3374 λόο

2185 3428 2280 3485 γον
2306 3405 2603 3483 μεθίστησι·
2637 3404 2794 3464 τοῦτο
2822 3404 2877 3462 δὲ
2929 3408 2995 3473 ῆν
3027 3416 3088 3463 τὸ
3144 3412 3249 3463 τῶν
3321 3407 3710 3464 πιστευσάντων
3758 3411 3835 3472 εἰς

2187 3497 2436 3574 Χριστὸν,
2468 3494 2549 3551 οἵ·
2581 3498 2673 3553 καὶ
2741 3494 3014 3573 βασιλείας
3075 3493 3357 3571 ἠξιωμένοι
3417 3499 3520 3551 τῶν
3574 3501 3829 3575 οὐρανῶν,

2191 3585 2411 3648 εὶκότως
2460 3586 2550 3641 καὶ
2592 3585 2835 3663 βασιλεῖς
2887 3588 3255 3663 δνομςίζονται,
3308 3586 3444 3642 κατά
3489 3589 3550 3642 τὸ
3609 3588 3831 3665 εἰρημέ-

2194 3698 2285 3733 νον
2309 3675 2452 3753 παρά
2490 3681 2565 3749 τῷ
2625 3673 2962 3748 Ἀποστόλῳ·
3022 3677 3118 3733 Καὶ
3175 3673 3383 3753 ὤφελόν
3439 3698 3500 3753 γε
3558 3674 3836 3733 ἐϐασιλεύσ-

2194 3786 2343 3823 σατε.
2378 3771 2542 3829 Οὗτος
2576 3762 2629 3819 δὲ
2657 3768 2723 3833 ἦν
2754 3766 2783 3821 ὁ
2830 3764 3121 3841 βασιλεύων
3178 3764 3330 3836 λαὸς,
3393 3768 3451 3829 ὃς
3508 3767 3835 3846 εὐφραίνεται

2196 3855 2295 3920 τῆν
2326 3855 2526 3922 νοητὴν
2557 3853 2902 3935 εὐφροσύνην,
2933 3854 2998 3922 ἣν
3031 3856 3186 3920 αὐτὸς
3256 3859 3397 3929 αὐτῷ
3445 3856 3761 3935 κεχάρισται
3808 3859 3837 3913 δ

2198 3944 2351 4007 Θεός.
2400 3941 2566 4021 Ἐγώ,
2590 3944 2773 4024 φησὶν,
2835 3945 2863 3999 ὁ
2907 3945 3048 4022 παρὰ
3080 3952 3175 4001 σοῦ
3206 3946 3303 4011 τὴν
3326 3943 3596 4021 βασιλείαν
3627 3943 3835 4021 λαϐὼν,

2195 4039 2264 4110 τῇ
2294 4032 2680 4111 σῇὶπικοορίᾳ,
2729 4035 2789 4091 οὗ
2832 4041 2910 4108 τῷ
2961 4036 3170 4109 θανάτῳ
3241 4034 3477 4109 ἐκείνων,
3538 4033 3831 4113 ἔφιξδομαι.

2197 4121 2634 4192 Ἐπαινεθήσεται
2693 4129 2795 4188 πᾶς
2861 4126 2889 4179 δ
2958 4125 3164 4198 ὀμνύων
3242 4125 3296 4180 ὲν
3377 4125 3540 4197 αύτῷ,
3598 4114 3832 4201 Ὀῦτως,

2198 4214 2349 4294 γησί,
2381 4214 2468 4269 καὶ
2498 4214 2759 4293 καύχημα
2788 4213 2959 4270 αὐτῶν
3003 4214 3149 4270 ἔσται
3194 4216 3440 4293 Χριστὸς,
3515 4214 3621 4270 τῶν
3674 4216 3844 4290 βασι-

473 4305 540 4361 ut
561 4297 700 4377 jure
731 4294 1070 4383 laudentur,
1103 4293 1247 4371 quia
1268 4312 1403 4355 eum
1426 4296 1755 4375 juramenti
1777 4296 1964 4360 Deum
2000 4308 2104 4361 sta-

2199 4293 2498 4358 λευσάντων
2537 4300 2807 4368 δηλονότι·
2881 4305 3083 4369 (luxui
3132 4303 3310 4383 ὅρκιον
3369 4303 3520 4359 αὺτὸν
3574 4305 3844 4378 ποιουμέ-

473 4371 669 4452 tuunt.
719 4382 1013 4448 Jurabunt
1055 4371 1224 4444 enim
1276 4401 1384 4464 per
1428 4371 1620 4447 Deum
1678 4403 1905 4460 verum,
1966 4388 2104 4448 sicut

2201 4413 2317 4453 νους
2343 4389 2671 4449 ἰπαινεῖσθαι
2718 4389 2954 4459 δικαίως.
3013 4371 3298 4468 Ὀμούνται
3348 4394 3448 4471 γὰρ
3503 4396 3634 4449 Θεὸν
3706 4371 3845 4461 ἀλη-

471 4476 759 4557 scriptum
782 4481 895 4535 est.
928 4471 1083 4548 Quia
1111 4471 1489 4535 obstructum
1517 4481 1605 4537 est
1634 4492 1699 4537 os
1737 4475 2113 4556 loquentium

2197 4483 2365 4559 θινὸν,
2423 4482 2559 4537 κατὰ
2601 4484 2663 4538 τὸ
2705 4482 3098 4560 γεγραμμένονο
3146 4480 3280 4540 ”Οτι
3326 4482 3588 4562 ὶνεφράγη
3663 4482 3842 4557 στόμα

472 4569 709 4643 iniqua.
742 4562 1069 4645 Ecquinam
1116 4570 1255 4624 sunt
1304 4562 1413 4640 illi,
1478 4563 1591 4625 nisi
1646 4566 1749 4646 qui
1803 4567 1928 4627 ausi
1982 4579 2104 4628 sunt

2200 4570 2500 4628 λαλούντων
2543 4568 2720 4633 ἄδικα.
2774 4574 2872 4631 Καὶ
2928 4573 3065 4635 τίνες
3127 4572 3269 4629 οὗτοι
3322 4572 3358 4640 ἢ
3416 4575 3461 4627 οἱ
3519 4570 3839 4646 τολμήσαν-

472 4656 677 4719 dicere
710 4672 726 4717 :
762 4652 926 4716 Tolte
954 4652 1027 4714 de
1057 4659 1219 4715 terra
1244 4652 1616 4732 huiusmodi,
1639 4673 1761 4717 non
1806 4658 1969 4718 enim
2016 4676 2118 4718 ex-

467 4746 641 4830 pedit
670 4761 804 4806 eum
828 4744 1023 4805 vivere
1054 4742 1108 4805 1?
1150 4740 1375 4804 Horum
1410 4743 1607 4823 itaque
1640 4763 1705 4805 os
1733 4743 2109 4807 obstructum

476 4844 587 4915 est,
622 4841 936 4915 postquam
971 4830 1259 4894 Dominus
1323 4842 1574 4894 mortem
1606 4834 2016 4897 conculcasset
2045 4853 2112 4897 ac

475 4933 610 5008 post
653 4921 912 4984 triduum
943 4922 1390 4984 resurrexisset.
1426 4920 1813 5002 lpsarumque
1843 4924 2113 4985 adversa-

474 5015 695 5078 riarum
722 5018 1077 5091 potestatum
1108 5030 1182 5074 os
1210 5012 1583 5073 obstructum
1615 5011 1749 5086 fuit,
1778 5012 1971 5076 ablato
2007 5034 2116 5094 per

476 5106 723 5189 gratiam
757 5113 1027 5184 peccato,
1058 5113 1122 5165 ut
1142 5103 1284 5166 alibi
1319 5104 1542 5166 dictum
1592 5113 1681 5166 est
1724 5123 1737 5168 :
1792 5108 1865 5169 Et
1919 5109 2117 5171 omnis

473 5202 738 5280 iniquitas
763 5201 1027 5276 oppilabit
1051 5219 1107 5258 os
1135 5218 1293 5261 suum
1319 5202 1366 5258 ἰ.
1399 5201 1533 5257 Deus
1570 5204 1722 5261 enim
1753 5210 1831 5261 est
1875 5206 1968 5277 gui
2011 5206 2115 5277 ju-

477 5296 645 5358 licet.
704 5298 755 5351 et
781 5293 903 5367 quis
935 5298 1017 5352 est
1041 5294 1139 5368 qui
1165 5291 1465 5350 condemnet
1490 5288 1543 5350 ³7

2199 4682 2287 4724 τες
2319 4662 2515 4721 εἰπεῖν.
2573 4660 2709 4737 Αἶρε
2766 4660 2827 4716 ξι
2883 4662 2976 4730 τῆς
3025 4667 3129 4741 γῆς
3202 4664 3291 4717 τὸν
3348 4670 3605 4719 τοιοῦτον
3641 4660 3701 4717 οὗ
3732 4662 3841 4739 γὰρ

2200 4754 2429 4818 καθῆκεν
2506 4750 2661 4806 αὐτόν
2715 4755 2809 4827 ζῇν
2863 4771 2879 4827 ς
2940 4752 3149 4810 Τούτων
3207 4749 3272 4821 δὴ
3316 4751 3403 4808 οὖν
3453 4751 3715 4829 ἑνεφράγη
3776 4753 3840 4807 τὸ

2192 4842 2389 4920 στόμα,
2421 4840 2757 4909 πατήσαντος
2789 4848 2880 4899 τοῦ
2913 4843 3096 4921 Κυρίου
3123 4843 3211 4898 τὸν
3245 4842 3490 4917 θάνατον,
3524 4842 3611 4896 καὶ
3673 4862 3840 4918 τριη-

2195 4932 2355 5009 μὶρου
2386 4929 2730 4993 ἀναστάντος.
2777 4933 2873 4989 Καὶ
2945 4934 3114 4988 αὖτῶν
3182 4928 3236 4987 δὲ
3294 4932 3399 4988 τῶν
3452 4930 3839 5005 ἀντικειμένων

2198 5019 2465 5094 δυνάμεων
2496 5017 2759 5097 ἐνεφραγη
2790 5022 2851 5076 τὸ
2894 5021 3091 5096 στόμα,
3124 5021 3468 5099 ἀνῃρημένης
3498 5024 3596 5086 τῆς
3652 5021 3840 5098 ἀμαρ-

2199 5110 2312 5173 τίις
2342 5107 2428 5164 διὰ
2454 5113 2552 5175 τῆς
2596 5109 2842 5189 χάριτος,
2909 5110 3044 5167 κατὰ
3115 5111 3175 5166 τὸ
3234 5109 3510 5187 εἰρημένον
3568 5106 3835 5190 ἀλλαχοῦ·

2205 5200 2303 5259 Καὶ
2357 5203 2501 5254 πᾶσα
2559 5199 2751 5274 ἀνομία
2807 5197 3055 5280 ἇμφράξει
3099 5200 3161 5255 τὸ
3219 5199 3392 5275 στόμα
3443 5200 3631 5266 αὐτῆς.
3706 5201 3840 5263 Θεός

2202 5287 2303 5367 γὰρ
2331 5286 2359 5342 ὁ
2382 5281 2622 5366 δικαιων,
2650 5286 2736 5343 καὶ
2766 5286 2842 5352 τίς
2871 5287 2900 5344 ό
2943 5287 3271 5367 κατακρίνων
3307 5304 3323 5363 ;

559 5448 627 5500 ον
653 5446 680 5509 ι
708 5450 845 5511 Cor.
873 5462 953 5519 ιν,
987 5446 1045 5509 8.
1136 5446 1154 5488 ί
1191 5447 1324 5508 Act.
1361 5462 1505 5520 χιιι,
1530 5446 1631 5508 se.
1715 5413 1928 5510 ipsa.
1962 5462 2104 5523 cu,

2199 5495 2204 5509 .
2287 5446 2320 5496 5
2345 5446 2523 5509 Rom.
2546 5460 2679 5520 vm,
2708 5446 2810 5510 34.

565 5578 689 5663 (25)
721 5579 770 5643 Δ
789 5580 1075 5643 Corderio
1107 5581 1220 5643 alia
1248 5580 1581 5644 adornatur
1610 5597 1741 5662 qua;
1764 5587 1902 5641 sunt
1930 5573 2251 5640 Theodori.
