4006 6204
465 371 572 436 271

461 597 600 659 tiam
627 597 906 660 similiter
934 597 1257 678 accipient.
1293 596 1446 659 Illud
1477 606 1674 658 autem
1717 617 1731 657 :
1785 597 2106 660 Fortitudo

1258 374 1320 436 S.
1369 373 1800 438 ATHANASII
1845 373 2011 438 OPP.
2057 373 2270 436 PARS.
2321 375 2428 439 III.
2477 411 2553 422 —
2601 375 3060 443 EXEGETICA.

466 509 748 590 Ephraim
803 517 862 570 et
922 507 1104 572 ludas
1165 508 1512 597 ἀυωτοείω
1540 507 1732 571 tribus
1760 510 1940 570 Israel
1973 527 2072 588 gra

2197 507 2363 566 Ἀλλᾶ
2423 514 2512 570 καὶ
2574 513 2838 592 Ἐφραὶμ,
2872 515 3022 595 φησὶ,
3060 519 3144 573 καὶ
3195 519 3222 572 6
3261 516 3478 597 Ἰούδας,

3723 379 3848 446 2Ἱῖ

3514 542 3564 575 αι
3593 541 3678 576 ουο
3733 541 3842 576 52-

2199 523 2363 566 ’,ΑΑΑά
2423 523 2512 570 καί
2575 523 2838 592 Ἐφραὶμ,
2872 523 3022 595 φησὶ,
3060 523 3144 573 καὶ
3195 523 3222 572 6
3261 523 3478 597 Ἰούδας,
3514 523 3564 575 αἶ
3593 523 3678 576 δύο
3732 523 3842 598 βα·-

2191 597 2388 688 σιλεϊαι
2444 609 2535 658 τοῦ
2591 601 2829 681 Ἰσραὴλ,
2879 606 3075 678 ὁμοίως
3119 603 3352 670 δέξονται
3385 607 3486 675 τὴν
3547 610 3732 688 χάριν.
3769 611 3844 666 T6
3885 601 3894 606 ﬁ

457 690 679 768 capitis
709 690 852 778 mei,
887 691 1144 778 positum
1205 695 1308 778 est
1327 705 1457 778 pro,
1489 685 1780 778 fortitudo
1808 687 2072 778 principe

2189 685 2266 760 δὲ,
2335 691 2660 761 Κραταίωσις
2715 696 2812 758 τῆς
2857 695 3096 772 κεφαλῆς
3143 717 3266 774 μου,
3333 695 3448 752 ἆντῖ
3503 685 3639 773 19-6,—
3675 699 3840 778 ἰσχὺς

456 785 550 836 tus
583 777 722 840 mei.
757 777 1000 857 Imperii
1029 779 1188 838 enim
1223 776 1337 850 sui,
1369 775 1428 837 id
1457 789 1572 849 est,
1605 775 1840 836 Israelis
1867 776 2100 836 fortitu-

453 864 530 926 do
563 865 840 945 Ephraim
874 873 1041 936 erat;
1097 885 1168 927 ex
1225 884 1295 927 eo
1349 882 1606 945 namque
1635 883 1888 944 regnum
1923 865 2100 928 Israel

454 963 602 1020 erat.
633 954 813 1017 Moab
835 955 960 1017 olla
982 957 1112 1035 spei
1141 972 1305 1016 mete.
1341 953 1472 1016 Olla
1501 963 1590 1016 est
1623 970 1752 1016 Vas.
1787 953 1883 1016 Ait
1904 963 2100 1015 autem

453 1043 744 1107 Moabitas
774 1047 873 1128 qui
901 1063 1094 1124 nuper
1129 1045 1296 1106 athei
1325 1053 1524 1114 erant,
1551 1061 1722 1123 spem
1754 1044 1812 1102 in
1845 1062 1979 1104 eum
2007 1061 2102 1104 ac-

450 1143 731 1212 cepturos
759 1152 916 1198 esse.
985 1133 1053 1195 In
1113 1133 1452 1194 Idumaeam
1509 1131 1834 1202 extendam
1865 1131 2098 1194 calcea-

449 1231 722 1286 mentum
744 1241 966 1286 meum.
1000 1221 1320 1284 Idumaeam
1352 1240 1613 1302 quoque,
1649 1222 1862 1302 inquit,
1886 1221 2100 1282 circui-

455 1311 551 1373 bo.
609 1311 871 1374 Idumaaa
951 1314 1092 1374 item
1151 1312 1348 1372 aliena
1397 1328 1544 1390 gens
1575 1319 1724 1371 erat.
1762 1309 1866 1372 His
1899 1322 2096 1370 autem

453 1402 630 1463 nobis
661 1403 1021 1474 declaratur,
1085 1409 1296 1479 gentes
1347 1402 1526 1461 etiam
1588 1401 1719 1479 ejus
1749 1398 1927 1460 ﬁdem
1965 1419 2095 1461 aiu-

449 1491 723 1570 plexuras
755 1509 928 1554 esse:
965 1509 1156 1568 quare
1204 1491 1325 1551 ait:
1361 1491 1516 1554 Mihi
1550 1491 1921 1570 alienigenae
1949 1489 2094 1550 sub-

445 1581 561 1641 diti
587 1590 748 1642 eunt.

531 1764 594 1824 lt
611 1811 626 1836 ,
661 1760 920 1836 t2.Quis
940 1759 1192 1822 deducet
1215 1775 1305 1820 me
1325 1761 1390 1819 in
1418 1761 1732 1821 civitatem
1758 1757 2093 1820 munitam?

2187 781 2286 843 τῆς
2328 778 2510 868 Δἀρχῆς
2583 785 2865 854 μου,”Τῆς
2923 783 3024 868 γὰρ
3067 783 3244 862 ἀρχῆς
3291 787 3452 841 αὖτοῦ
3511 788 3575 852 ἧς
3633 789 3836 868 ἦρχεν,

2186 865 2424 923 τουτέστι
2457 890 2548 924 του
2581 868 2819 950 Ἰσραὴλ,
2847 869 2879 926 6'
2919 867 3160 950 Ἐφραῖμ
3201 873 3268 940 ἦν
3299 875 3332 940 ἡ
3365 875 3520 952 ἰσχύς
3555 891 3569 905 ⁶
3631 875 3682 942 ἐξ
3707 865 3840 934 "r16;-

2185 961 2277 1011 τοῦ
2300 958 2400 1034 γὰρ
2427 959 2496 1022 ἦν
2526 960 2559 1024 ἡ
2595 957 2834 1032 βασιλεία
2872 966 2961 1015 τοῦ
3021 957 3258 1038 Ἰσραὴλ,
3324 961 3490 1018 Μωὰὸ
3541 963 3702 1032 λέϐης
3731 967 3838 1032 τῆς

2184 1042 2394 1108 ἐλπίδος
2456 1069 2576 1110 μου.
2645 1045 2817 1114 Λάϐης
2881 1048 2979 1122 μὲν
3021 1050 3080 1104 τὸ
3125 1047 3366 1130 δοχεῖον.
3422 1051 3578 1130 Λέγει
3623 1053 3700 1126 δὲ,
3757 1057 3836 1120 ὡς

2184 1135 2270 1188 καὶ
2325 1137 2371 1190 οἱ
2427 1134 2733 1208 Μωαϐῖται,
2788 1137 3026 1193 τουτέστι
3087 1140 3148 1194 τὸ
3225 1140 3414 1217 πρώην
3473 1139 3622 1198 ἄθεον
3681 1144 3834 1204 ἔθνος

2181 1223 2498 1304 ὑποδὲχεται
2559 1227 2656 1293 τὴν
2701 1227 2773 1306 είς
2817 1228 2914 1302 ἒμὲ
2959 1225 3163 1284 ἐλπίδα.
3203 1228 3324 1285 Ἐπὶ
3381 1230 3479 1298 τὴν
3527 1230 3832 1307 Ἰδουμαίαν

2181 1308 2379 1366 ἰκτενῶ
2435 1315 2496 1368 τὸ
2553 1311 2802 1388 ὑπόδημα
2892 1339 3016 1390 μου.
3107 1313 3210 1376 Καὶ
3287 1317 3341 1372 ἐν
3397 1325 3464 1394 τῇ
3527 1317 3829 1404 Ἰδουμαία,

2180 1401 2365 1490 φησὶν,
2417 1401 2862 1480 ἐμπεριπατήσω,
2922 1402 3190 1480 Ἰδουμαία
3251 1403 3303 1461 δὲ
3370 1407 3529 1464 πάλιν
3587 1401 3830 1490 ἁλλοφύέ

2179 1486 2288 1543 λων
2346 1489 2410 1556 ἧν
2469 1491 2636 1555 ἔθνος,
2696 1492 2959 1560 Δηλοῦται
2991 1491 3044 1548 δὲ
3077 1491 3158 1550 διὰ
3201 1497 3401 1551 τούτων
3431 1497 3589 1571 ἡμῖν,
3625 1501 3700 1560 ὡς
3728 1486 3832 1568 τὴν

2179 1579 2253 1642 εἰς
2287 1581 2442 1635 αὐτὸν
2479 1581 2649 1638 πίστιν
2679 1585 2767 1638 καὶ
2807 1583 2873 1637 τὰ
2897 1581 3018 1650 ἔθνη
3051 1581 3427 1661 παραδέξονται
3461 1601 3476 1616 ⁶
3510 1584 3590 1643 διὸ
3633 1609 3826 1668 φησιν·

2179 1664 2331 1744 Ἐμοὶ
2364 1669 2653 1750 ἀλλόφυλοι
2677 1671 3041 1752 ὑπετάγησαν.

2256 1759 2344 1822 Τίς
2395 1758 2581 1824 ἀπάξει
2669 1782 2728 1834 με
2805 1761 2878 1823 εἰς
2953 1760 3109 1816 πόλιν
3198 1768 3512 1844 περιοχῆςς
3561 1761 3829 1830 Ἀκούσας

443 1849 589 1912 Cum
625 1870 730 1932 per
758 1850 1045 1932 Spiritum
1094 1851 1358 1912 audissm
1405 1851 1695 1935 propheta
1724 1859 1934 1928 gentes
1956 1865 2072 1928 gra

2175 1845 2258 1901 διὰ
2319 1856 2409 1904 τοῦ
2449 1850 2757 1926 Πνεύματος
2811 1853 2838 1906 6
2891 1849 3194 1930 προφήτης,
3229 1854 3300 1916 ὡς
3330 1854 3395 1908 τὰ
3425 1853 3547 1921 ἔθνη
3605 1851 3827 1935 δέχεται

444 1941 580 2000 tiam
617 1958 750 2002 esse
806 1951 1181 2020 accepturas,
1243 1938 1365 2000 ait:
1418 1933 1566 2014 Qu'is
1613 1939 1868 2001 deducet
1901 1955 1994 1998 me
2029 1941 2094 1997 in

441 2033 746 2094 civitatem
791 2027 1146 2092 munitam?
1194 2028 1496 2090 Civitatem
1547 2037 1744 2090 autem
1797 2029 2086 2090 munitam

439 2118 988 2192 voeatEcclesiam,
1040 2136 1171 2199 qua
1231 2117 1338 2180 Dei
1397 2123 1616 2178 virtute
1646 2118 2088 2179 circumvallata

440 2219 548 2272 est.
587 2213 727 2272 Hauc
751 2220 957 2272 autem
1016 2208 1304 2289 propheta
1355 2207 1437 2268 ait
1480 2207 1649 2288 quasi
1703 2225 1770 2268 ex
1831 2225 2088 2287 persona
2137 2273 2150 2288 χ

442 2300 794 2380 poenitentia
817 2298 1158 2360 Judmorum
1193 2297 1418 2378 populi,
1459 2304 1521 2360 et
1551 2297 1812 2376 optantis
1841 2297 2084 2374 accipe-

439 2406 506 2449 re
531 2389 711 2450 lidem
737 2390 797 2450 in
830 2389 1152 2452 Christum.
1188 2389 1304 2449 Aut
1335 2387 1470 2468 quis
1505 2387 1754 2448 deducet
1779 2403 1873 2446 me
1907 2404 2088 2462 usque

437 2477 502 2538 in
533 2476 922 2540 Idumaeom?
979 2476 1251 2538 Declarat
1310 2495 1446 2556 quae
1479 2477 1552 2535 sit
1583 2475 1799 2536 civitas
1833 2475 2082 2536 munita.

437 2565 582 2638 Quae
611 2567 791 2646 igitur
811 2575 919 2630 est.
953 2567 1066 2626 nisi
1099 2563 1406 2627 Idumam?
1435 2563 1550 2625 Per
1577 2565 1892 2626 ltlumzeaiu
1919 2567 2080 2624 enim

439 2655 744 2736 signiﬁcat
771 2672 983 2716 omnes
1038 2661 1246 2733 gentes
1295 2671 1429 2730 qua:
1485 2653 1663 2714 [idem
1693 2661 2073 2732 acceperunt.

435 2741 649 2806 Nonne
683 2753 772 2824 tu,
806 2745 981 2824 Deus,
1016 2745 1122 2824 qui
1143 2742 1417 2822 reputieti
1441 2761 1546 2804 nos
1568 2749 1596 2804 ?
1623 2742 1769 2814 Quis
1791 2741 2076 2814 alius,ait,

439 2851 547 2894 nos
595 2833 656 2894 in
689 2835 982 2896 civitatem
1017 2833 1302 2893 munitam
1358 2831 1612 2906 duxerit.
1671 2832 1784 2892 nisi
1841 2839 1900 2892 tu
1957 2831 2084 2910 ipse

435 2921 560 3000 qui,
597 2933 840 3004 propter
869 2923 1210 3002 iniquitates
1257 2931 1513 2993 nostras,
1563 2938 1673 2983 nos
1704 2939 1736 2981 λ
1771 2933 1868 2980 tua
1897 2919 2072 2980 fami-

435 3009 695 3075 liaritate
728 3011 1001 3092 repulisli
1027 3011 1052 3072 ?

517 3100 611 3162 13.
647 3105 736 3163 Da
789 3103 961 3164 nobis
1005 3100 1311 3162 auxilium
1343 3099 1413 3160 de
1465 3099 1882 3171 tribulatione,
1935 3099 2076 3176 quia

433 3206 594 3251 vana
623 3191 792 3254 salus
844 3193 1128 3252 hominis.
1177 3187 1304 3250 Non
1337 3207 1443 3270 per
1473 3188 1814 3260 humanam,
1861 3187 2072 3266 inquit,

436 3277 577 3340 belli
607 3281 976 3357 societatem,
1008 3279 1081 3340 ab
1113 3275 1532 3358 ingruentibus
1569 3275 1742 3336 nobis
1765 3276 2072 3336 calamita-

429 3367 588 3430 tibus
621 3371 768 3450 eripi
802 3387 1133 3450 speramus,
1171 3366 1276 3426 sed
1315 3385 1421 3446 per
1465 3375 1626 3426 tuum
1675 3368 1864 3426 solum
1899 3365 2071 3425 auxi-

425 3457 593 3522 lium.
637 3459 712 3520 Ει
756 3477 912 3520 vana
956 3463 1124 3520 satus
1180 3457 1460 3518 hominis.
1498 3454 1613 3527 Qui
1644 3463 1846 3535 sperat
1874 3453 1933 3514 in
1969 3473 2068 3515 sa-

423 3546 606 3609 lutem
643 3549 899 3610 hominis
931 3566 1133 3608 vanam
1170 3545 1282 3606 sibi
1313 3563 1480 3624 spem
1514 3545 1815 3624 proponit.
1871 3543 2068 3623 Aper-

423 3639 540 3699 tius
565 3637 954 3718 Symmachus
985 3637 1410 3716 interpretatus
1441 3643 1552 3706 est,
1599 3633 1890 3714 adjiciens
1924 3651 2063 3713 par-

415 3727 664 3788 ticulam
728 3727 1162 3806 conjunctivam
1217 3743 1285 3785 ac
1315 3725 1527 3785 dicens
1562 3741 1576 3785 :
1621 3725 1710 3784 Da
1742 3723 1917 3784 nobis
1948 3741 2066 3783 au-

422 3815 648 3878 xilium
679 3816 749 3878 de
786 3815 1205 3877 tribulatione.
1267 3811 1510 3874 Etenim
1561 3830 1724 3874 vana
1753 3813 1921 3874 salus
1952 3812 2063 3873 ho-

422 3907 629 3967 minis.

503 3995 680 4057 14.In
706 3997 819 4056 Deo
839 3997 1135 4072 faciemus
1153 3994 1462 4054 virtutem.
1491 3991 1816 4064 Auxiliare,
1847 3991 2058 4070 inquit,

421 4084 495 4144 iis
523 4085 624 4164 qui
647 4103 712 4144 se
739 4084 890 4144 male
911 4083 1245 4144 habent.Tu
1273 4099 1528 4161 namque
1560 4079 1722 4140 solus
1757 4089 1922 4158 potes
1955 4098 2056 4139 ca-

418 4173 780 4234 lamitatibus
803 4169 1412 4234 liberareﬂominum
1438 4171 1596 4230 enim
1618 4169 1830 4229 auxilia
1859 4177 1912 4229 te
1945 4188 2060 4230 non

415 4272 716 4324 annuente
745 4280 892 4322 vana
918 4271 1075 4323 sunt.
1109 4260 1255 4340 Ejus
1279 4261 1474 4339 itique
1511 4258 1936 4338 providentiam
1964 4259 2060 4316 in-

419 4352 855 4426 vocabimus,et
875 4351 1083 4431 in-ejus
1107 4351 1319 4411 virtute
1336 4347 1878 4408 conlidemusllazc
1896 4347 2054 4406 enim

415 4441 854 4504 solasullicitad
873 4441 1078 4518 gravia
1095 4457 1342 4520 qumque
1363 4438 1736 4518 solvenda,et
1755 4437 1825 4496 ad
1865 4437 2058 4496 inimi-

2175 1937 2272 1991 τὶν
2317 1939 2501 2016 χάριν,
2550 1939 2678 2018 φησί
2711 1955 2726 1969 ⁸
2791 1939 2879 2004 Τίς
2939 1962 3004 2014 με
3063 1939 3246 2006 ἀπάξει
3291 1944 3364 2004 εὶς
3397 1942 3551 1999 πόλιν
3585 1945 3682 2012 τῆς
3715 1969 3825 2002 πε-

2173 2028 2424 2116 ριοχῆς;
2473 2028 2634 2083 Πόλιν
2695 2026 2747 2083 δὲ
2817 2033 3084 2108 περιοχῆς
3136 2023 3232 2094 τήν
3283 2031 3604 2100 Ἐκκλησίαν
3665 2035 3826 2116 censi;

2173 2115 2269 2181 τὴν
2315 2117 2818 2196 περιπεφραγμένην
2876 2123 2944 2194 τῇ
3010 2125 3100 2174 τοῦ
3159 2125 3288 2174 Θεοῦ
3347 2117 3590 2199 δυνάμει[
3637 2115 3821 2181 Ταῦτα

2172 2202 2224 2258 δὲ
2284 2207 2310 2260 6
2364 2209 2644 2285 προφὴτης
2704 2209 2775 2271 ὡς
2827 2205 2888 2260 ἐκ
2940 2207 3225 2284 προσώπου
3283 2216 3376 2264 τοῦ
3433 2219 3822 2282 μετανοοῦντος

2171 2293 2301 2350 λαοῦ
2343 2301 2448 2351 τῶν
2503 2293 2766 2352 Ἰουδαίων
2824 2298 2974 2374 φησὶ,
3043 2298 3131 2353 καὶ
3203 2297 3518 2374 ἀγαπῶντος
3577 2300 3823 2366 δέξασθαι

2169 2385 2272 2451 τὴν
2301 2386 2494 2470 ,πίστιν
2523 2387 2626 2452 τὴν
2661 2387 2733 2448 εἰς
2765 2388 3013 2462 Χριστὸν,
3063 2387 3146 2442 ’Ἥ
3205 2388 3282 2446 τίς
3337 2387 3588 2466 ὁδηγήσει
3617 2413 3687 2466 με
3715 2391 3819 2456 ἕως

2172 2473 2267 2540 τῆς
2302 2472 2646 2553 ἰδουμαίας;
2688 2474 2864 2541 Δηλοτ
2893 2477 2968 2540 τίς
3017 2475 3159 2532 ἐστιν
3207 2477 3239 2544 ἡ
3275 2477 3431 2542 πόλις
3490 2479 3586 2547 τῆς
3629 2502 3824 2559 περιο-

2173 2565 2307 2641 χῆς.
2369 2567 2454 2628 Τίς
2514 2563 2602 2619 οὖν
2661 2565 2802 2620 ἐστιν
2856 2565 2891 2632 ἢ
2953 2568 2988 2632 ἡ
3045 2563 3353 2642 Ἰδουμαίας
3419 2566 3548 2624 Ἀπὸ
3607 2567 3661 2624 δὲ
3717 2575 3823 2637 τῆς

2171 2648 2472 2716 Ἰδουμαίας
2526 2653 2698 2710 πάντα
2755 2655 2820 2708 τὰ
2875 2651 2997 2719 ἔθνη
3056 2657 3296 2730 σημαίνιι
3367 2659 3432 2712 τὰ
3491 2659 3590 2724 τὴν
3655 2659 3823 2738 χάριν

2166 2739 2552 2814 ὑποδεξάμενα.
2654 2745 2788 2822 Οὐχὶ
2873 2745 2934 2797 σὺ
3020 2746 3046 2798 6
3131 2745 3262 2808 Θεὸς
3347 2748 3373 2800 ὁ
3457 2746 3816 2821 ἀπωσάμενος

2164 2833 2306 2904 ἡμᾶς
2343 2849 2358 2904 ;
2417 2833 2506 2894 Τίς
2554 2829 2740 2905 ἄλλος,
2795 2833 2977 2911 ιενιίονὶν³
3009 2833 3153 2907 ἡμᾶς
3185 2835 3259 2898 εἷς
3291 2835 3390 2900 τὴν
3422 2835 3578 2891 πόλιν
3610 2835 3816 2914 ἀγάγοι

2163 2925 2263 2986 τῆς
2337 2921 2604 2999 περιοχῆς
2657 2919 2693 2986 ἢ
2755 2923 2815 2976 σὺ
2861 2923 3042 3000 αὐτὸς²
3103 2925 3130 2977 ὁ
3188 2924 3275 2978 καὶ
3331 2921 3416 2981 διὰ
3443 2925 3535 2987 τας
3579 2924 3812 2999 ἀνομίας

2163 3011 2318 3084 ἡμῶν
2351 3015 2447 3075 τῆς
2479 3014 2578 3076 σῆς
2611 3011 2927 3075 οἰκειώσεως
2959 3007 3196 3068 ἐκϐαλών
3233 3031 3249 3087 ;

2247 3106 2349 3162 Δὸς
2406 3101 2542 3173 ἡμῖν
2617 3099 2862 3174 βοήθειαν
2954 3099 3015 3155 ἐκ
3095 3101 3350 3176 θλίψεων,

2159 3191 2398 3266 σωτηρία
2455 3189 2754 3266 ἀνθρώπου.
2803 3193 2874 3248 Οὔ
2917 3187 3000 3244 διὰ
3045 3189 3403 3268 ἀνθρωπίνης,
3450 3193 3602 3271 φησὶ,
3661 3215 3817 3268 συμ-

2159 3279 2364 3357 μαχίας
2397 3279 2504 3333 τῶν
2561 3276 2990 3352 ἐπελευσομὲνων
3047 3281 3185 3354 ἡμῖν
3243 3279 3474 3355 θλίψεων
3519 3283 3819 3360 ἐλπίζομεν

2156 3367 2687 3446 ἐλεδθερωθήσεσθαι,
2740 3366 2860 3422 ἀλλ’
2909 3370 2944 3436 ἢ
3002 3367 3086 3424 διὰ
3153 3371 3252 3435 τῆς
3299 3375 3400 3437 σῆς
3459 3373 3630 3447 μόνης
3679 3377 3816 3433 ἐπι-

2155 3459 2390 3546 διοορίας,
2449 3453 2553 3546 Καὶ
2590 3455 2808 3546 ματαία
2866 3459 3100 3536 σωτηρία
3159 3459 3456 3537 ἀνθρώπου.
3541 3467 3645 3527 Πᾶς
3703 3467 3815 3546 γὰρ

2151 3548 2179 3602 6
2237 3545 2460 3616 ἐλπίζων
2519 3543 2603 3600 ἐπὶ
2637 3548 2900 3624 σωτηρίαν
2959 3547 3232 3623 ἀνθρώπου
3290 3551 3360 3613 εἰς
3427 3554 3652 3624 ματαίαν
3707 3543 3810 3611 ἑλέ

2151 3633 2275 3690 πίδα
2346 3633 2566 3700 ἤλπισε.
2639 3638 2972 3714 Σαφέστερον
3015 3637 3043 3691 6
3113 3637 3413 3716 Σύμμαχος
3469 3641 3808 3718 ἠρμήνευσε⁹

2149 3725 2392 3802 προσθεὶς
2450 3725 2538 3778 τὸν
2607 3723 2894 3799 σύνδεσμον
2950 3726 3038 3780 καὶ
3100 3725 3260 3781 εἰπών
3296 3745 3310 3759 ⁶
3351 3729 3451 3791 Δὸς
3483 3731 3622 3804 ἡμῖν
3650 3733 3804 3807 βοὴ-

2149 3816 2290 3869 θειαν
2342 3813 2402 3869 ἐκ
2477 3812 2707 3888 θλίψεως
2740 3831 2754 3844 ⁸
2833 3815 2918 3870 καὶ
2989 3815 3089 3892 γὰρ
3161 3817 3358 3889 ματαία
3410 3823 3647 3900 σωτηρία
3697 3824 3808 3876 ἀν-

2147 3901 2377 3980 θρώπου.

2230 3991 2317 4048 Ἐν
2395 3997 2472 4064 τῷ
2569 3998 2684 4065 Θιῷ
2768 3994 3066 4068 ποιήσομεν
3143 3992 3383 4066 δύναμιν.
3469 3995 3804 4078 Ἐπτὲμονον⁹

2145 4083 2297 4160 φησὶ⁷
2333 4079 2694 4155 διακειμένοις
2747 4089 2950 4146 κακῶς,
2997 4083 3090 4139 Σοὶ
3143 4085 3289 4158 μόνῳ
3339 4084 3558 4144 δυνατὸν
3587 4087 3806 4150 ,διαλῦ-

2147 4193 2236 4226 σαι
2269 4172 2362 4229 τὰς
2395 4173 2686 4251 συμφοράς,
2751 4172 2818 4228 A'v.’
2872 4193 2928 4227 τε
2979 4175 3084 4228 τῶν
3129 4174 3418 4250 ἀνθρώπων
3467 4175 3806 4258 ἐπικουρίαι,

2146 4269 2240 4317 σοῦ
2293 4261 2368 4334 μὴ
2401 4277 2669 4340 νευοντος,
2732 4261 2975 4336 μάταιαι.
3031 4261 3136 4329 Τήν
3183 4265 3354 4319 τοίνυν
3405 4267 3564 4322 αὐτοῦ
3594 4267 3802 4325 ἐπικα-

2143 4348 2406 4423 λεσόμεθα
2455 4351 2730 4428 πρόνοιαν,
2784 4351 2871 4406 καὶ
2917 4357 2982 4426 τῇ
3027 4351 3184 4408 αὖτοῦ
3245 4352 3460 4428 δυνάμει
3519 4355 3798 4435 θαῤῥὴσο-

2143 4459 2262 4514 μεν.
2293 4437 2434 4505 Αὕτη
2469 4441 2568 4517 γὰρ
2599 4441 2753 4518 ἀρκεῖ
2783 4441 2922 4515 μόνη
2967 4441 3120 4498 λῦσαι
3153 4443 3218 4498 τὰ
3261 4443 3506 4522 χαλεπὰ,
3542 4447 3632 4502 καὶ
3683 4453 3801 4502 τῶν

3439 3105 3524 3158 καὶ
3607 3107 3817 3177 ματαία

414 4549 617 4592 eorum
655 4551 762 4592 nos
817 4529 1288 4610 impugnantium
1353 4527 1678 4603 potentiam
1709 4528 2053 4604 opprimen-

2168 4528 2518 4602 πολεμούντων
2573 4531 2712 4604 ἡμῖν
2771 4529 3072 4588 καταλῦσαι
3121 4531 3221 4598 τὴν
3273 4532 3598 4594 δυναστείαν.
3649 4535 3794 4592 Ἀλ-

411 4623 570 4682 dam.
605 4620 827 4682 Mutuis
858 4639 968 4679 ceu
1005 4617 1246 4680 vocibus
1280 4617 2053 4698 colloquuntur,dicuntque

2169 4615 2326 4682 τίλοις
2385 4617 2567 4695 ὥσπερ
2593 4618 2949 4699 ἐπιφωνοῦσι-ο
2982 4619 3071 4676 ἰπὶ
3096 4627 3173 4695 τῷ
3233 4629 3348 4696 Θεῷ
3405 4624 3552 4698 μόνῳ
3595 4623 3794 4682 λοιπὸν

410 4727 475 4770 se
507 4709 567 4769 in
591 4711 716 4770 solo
747 4707 869 4770 Deo
903 4727 1070 4788 spem
1105 4706 1465 4787 reposuisse.
1499 4703 1894 4776 Quamobrem
1927 4705 2046 4764 ait:

411 4798 554 4861 Cum
585 4819 618 4860 a
647 4799 774 4859 solo
815 4803 932 4858 Deo
953 4803 1067 4857 vim
1094 4798 1347 4857 futuram
1383 4795 1554 4856 nobis
1587 4794 2049 4873 speraverimus,

412 4901 552 4952 tunc
579 4891 728 4952 nihil
759 4909 889 4952 esse
923 4891 1196 4950 inimicos
1222 4897 1454 4950 nostros
1487 4893 1884 4964 reperiemus.

461 4987 508 5042 Ι.
547 4983 618 5042 In
648 4981 828 5060 ﬁnem
865 4981 1186 5060 inhymnis
1222 4979 1431 5039 David.
1477 4975 1848 5040 PSALMUS
1881 4975 2005 5036 LX.

999 5073 1452 5146 Argumentum.

411 5151 776 5225 GratiasDeo
800 5159 982 5222 refert
1012 5179 1146 5220 cum
1181 5177 1284 5239 pro
1319 5160 1668 5236 seipso,tum
1705 5172 1810 5236 pro
1831 5154 2048 5233 populo

489 5251 737 5311 salutem
764 5267 868 5330 per
898 5251 1143 5326 gratiam
1173 5245 1736 5328 adepto.Pollicetur
1767 5252 1960 5304 autem
1985 5262 2048 5304 se

489 5359 621 5402 cum
655 5341 715 5400 in
767 5345 1006 5400 aeternis
1035 5339 1264 5418 degerit
1295 5337 1703 5398 mansionibus
1732 5333 2048 5394 incessano

491 5439 580 5491 ter
610 5429 816 5491 laudes
849 5429 1232 5490 emissurum.

485 5523 548 5600 2,
577 5519 636 5584 3.
661 5519 935 5593 Exaudi,
959 5521 1136 5592 Deus,
1173 5519 1650 5596 deprecationem
1675 5511 2045 5583 meam.Quo-

408 5611 565 5670 niam
601 5607 924 5689 potentiam
955 5627 1023 5670 ac
1075 5606 1445 5688 tyrannidem
1479 5605 1816 5666 daemonum
1842 5601 2043 5679 respi-

405 5699 598 5779 ciens,
629 5696 926 5760 anxietate
957 5698 1171 5778 plenus
1201 5713 1368 5776 sum;
1404 5693 1536 5756 ideo
1563 5693 1838 5768 obsecro,
1871 5699 1936 5753 ut
1966 5689 2040 5752 ad

2135 4707 2229 4770 τὰς
2262 4705 2476 4770 ἐλπίδας
2511 4707 2659 4788 ἔχειν
2692 4709 2785 4775 τῆς
2819 4711 3112 4787 σωτηρίας.
3172 4711 3264 4766 Διό
3325 4735 3488 4791 φησιν
3525 4729 3538 4743 ⁸
3603 4713 3790 4771 ’Ὅταν

2135 4795 2220 4852 ἐπὶ
2253 4805 2328 4872 τῷ
2390 4804 2504 4870 Θεῷ
2559 4797 2910 4873 δυναμοῦσθαι
2963 4799 3289 4878 ἐλπίσωμεν,
3335 4803 3454 4858 τότε
3499 4807 3586 4859 καὶ
3635 4803 3792 4860 οὐδὲν

2133 4885 2292 4949 ὄντας
2322 4887 2442 4948 τοὺς
2475 4886 2696 4966 ἐχθροὺς
2719 4890 2876 4962 ἡμῶν
2909 4891 3228 4967 εὑρήσομεν,

2217 4979 2304 5036 Εἰς
2348 4979 2408 5032 τὸ
2451 4977 2607 5038 τέλος
2654 4977 2706 5032 ἓν
2738 4977 2922 5052 ὕμνοις
2955 4987 3031 5050 τῷ
3065 4977 3254 5039 Δαυίδ.
3285 4987 3570 5040 ΨΑΛΜΟΣ
3603 4981 3698 5044 Ξ’.

2800 5067 3105 5133 Τπόθεσις.

2135 5155 2490 5234 Εὐχαριστίαν
2549 5155 2796 5235 ἀναφέρει
2844 5165 2961 5230 Θεῷ
3004 5159 3134 5238 ὑπέρ
3194 5181 3252 5216 τε
3307 5163 3494 5217 ἑαυτοῦ
3540 5165 3628 5218 καὶ
3685 5173 3788 5222 τοῦ

2213 5244 2471 5310 σωθέντος
2521 5243 2606 5300 διὰ
2635 5251 2735 5312 τῆς
2779 5247 3006 5310 πίστεως
3043 5248 3198 5308 λαοῦ.
3251 5249 3612 5330 Ἐπαγγὲλλει
3647 5255 3690 5308 εἰ
3722 5277 3788 5311 τε

2212 5333 2382 5389 καὶέν
2411 5347 2534 5399 ταῖς
2567 5337 2798 5398 αἰωνίοις
2844 5339 3080 5416 γεγονὼς
3125 5353 3322 5414 μονατς
3380 5341 3788 5411 ἀκαταλήκτως

2211 5423 2545 5498 ἀναπέμπειν
2575 5424 2934 5490 τὴναίνεσιν,

2211 5513 2556 5591 Εἷσάκουσον,
2618 5516 2645 5568 6
2712 5517 2868 5594 Θεὸς³
2925 5522 3025 5584 τῆς
3085 5517 3318 5588 δεήσεώς
3375 5541 3500 5594 μου.
3553 5519 3783 5592 Ἐπειδὴ

2126 5601 2201 5690 εἰς
2251 5601 2350 5668 τὴν
2399 5599 2842 5660 καταδυναστείαν
2912 5608 3000 5663 καὶ
3058 5609 3130 5673 εἷς
3187 5609 3287 5678 τήν
3335 5609 3610 5690 τυραννίδα
3666 5618 3782 5670 τῶν

2124 5687 2390 5766 δαιμόνων
2416 5690 2652 5773 ιίιφορῶν³
2684 5691 2908 5760 ἆκηδίας
2941 5696 3302 5776 πεπλήρωμαι
3338 5719 3354 5736 ⁶
3387 5687 3577 5755 τούτου
3609 5700 3778 5782 χάριν
