4006 6204
456 265 577 352 ’291

1257 294 1316 355 S.
1369 295 1794 371 ATHA‘NASII
1837 296 2001 361 OPP.
2056 296 2248 363 PARS
2294 302 2402 364 III.
2453 337 2527 347 —-
2579 306 3033 370 EXEGETICA.

3722 313 3847 379 “292

476 424 665 527 tiatur
694 426 1134 507 quodammodo
1163 428 1321 508 apud
1355 428 1567 511 Deum,
1598 430 1757 527 quod
1791 441 1954 493 extra
1987 435 2103 495 ini-

2220 460 2352 515 ίημα
2386 442 2671 520 προσφέρει
2708 446 2785 517 τῷ
2823 444 2929 517 Θίῷ
2959 447 3021 501 τὸ
3052 444 3149 510 ἔξω
3191 448 3370 514 πάσης
3406 448 3613 514 ἀδικίας
3647 451 3850 527 γενέσ-

475 514 761 591 quitatem
793 534 1030 578 omnem
1063 527 1353 594 versetur,
1388 520 1782 602 quamobrem
1835 540 1902 583 se
1933 542 2118 586 exau-

473 602 760 666 diendum
793 604 920 667 fore
963 606 1234 671 conﬁdit.

596 699 650 759 l.
683 700 760 761 In
788 700 993 779 ﬁnem,
1044 701 1186 763 PSA
1202 701 1419 767 LMUS
1448 705 1517 765 in
1548 706 1820 784 hymnis,
1872 707 1994 786 ipsi

1039 792 1255 853 David.
1328 790 1433 855 LX
1452 793 1548 856 VI.

1060 880 1531 959 Argumentum

2282 530 2389 584 θαι·
2427 527 2507 585 διὸ
2552 532 2639 587 καὶ
2682 534 3045 590 εἱσακούεσθαι
3076 534 3278 613 θαρῤεῒ.

2204 702 2289 765 Ek
2340 704 2401 758 10
2444 704 2619 777 τέλος,
2654 705 2708 762 ἂν
2750 707 2936 782 ὕμνοις
2980 718 3293 787 ΨΑΛΜΟΣ,
3327 721 3403 789 τῷ
3441 713 3626 773 Δαυίδ.
3673 715 3851 797 sgf.

2877 829 3153 898 ’Υπόθεσις
3163 882 3177 896 ,

466 974 731 1036 Rursum
762 972 861 1035 hic
891 958 1293 1053 apostolorum
1347 992 1663 1055 personam
1713 977 1966 1053 inducit,
2018 987 2107 1059 qui

2220 958 2372 1016 Πάλιν
2421 964 2683 1021 κάνταῦθα
2733 970 2839 1020 τῶν
2882 965 3183 1025 ἂποστόλον
3212 971 3273 1025 τὸ
3306 972 3590 1050 πρόσωπον
3621 971 3852 1048 εἰσάγε-

557 1063 834 1125 doctrina
867 1069 1076 1140 gentes
1104 1061 1399 1140 imbuunt,
1434 1074 1493 1128 et
1522 1078 1734 1145 rogant
1772 1067 2012 1131 liberari
2042 1067 2118 1130 ab

559 1153 632 1214 iis
662 1152 763 1233 qui
794 1152 1085 1213 doctrinae
1114 1171 1238 1214 suae
1251 1155 1831 1234 contradicunt.[Hic
1854 1158 2115 1238 psalmus

550 1240 917 1322 praecedenti
972 1251 1414 1305 consentaneus
1473 1254 1611 1307 est:
1648 1248 1890 1327 proprie
1950 1247 2108 1308 enim

547 1332 669 1411 agit
688 1330 762 1392 de
794 1329 1215 1392 benedictione
1247 1350 1581 1409 sacrorum,
1616 1344 1798 1413 atque
1824 1344 1943 1398 tota
1959 1354 2112 1417 pene

548 1420 740 1482 oratio
770 1425 831 1480 in
863 1419 1017 1481 libro
1047 1417 1326 1483 Judicum
1340 1423 1521 1501 jacet.
1556 1430 1640 1489 Ac
1671 1426 1718 1485 si
1750 1424 1930 1504 igitur
1959 1426 2103 1487 futu-

544 1529 676 1573 rum
710 1509 787 1570 sit
816 1517 878 1570 ut
908 1510 1023 1571 hoc
1053 1510 1309 1591 eveniat,
1346 1522 1655 1594 postquam
1706 1515 1967 1576 reditum
2003 1532 2112 1575 va-

546 1600 830 1663 ticinatus
863 1608 975 1672 est,
1032 1600 1311 1678 praedicat
1339 1600 1596 1665 divinam
1638 1603 2106 1666 incarnationem

545 1696 605 1753 et
635 1689 985 1761 ndventum,
1018 1696 1197 1769 atque
1226 1689 1485 1752 futuram
1517 1693 1782 1771 gentium
1830 1693 2103 1755 salutem.

544 1779 1099 1869 lnscriptusautem
1140 1788 1252 1869 est,
1282 1779 1357 1869 In
1386 1781 1651 1861 hymnis,
1688 1783 1829 1863 quia
1874 1783 1983 1845 Dei
2018 1790 2108 1844 est
2132 1820 2168 1869 Β

545 1866 1123 1969 ὴςιηηίσοοιοὺητί,
1154 1868 1467 1932 hominum
1489 1879 1687 1933 autem
1712 1878 1803 1934 est
1833 1870 2106 1932 laudibus

547 1976 768 2021 ornari.

543 2049 606 2112 2.
659 1959 817 2111 Deu‘s
851 2048 1221 2109 misereatur
1252 2051 1449 2111 nostri
1474 2057 1533 2111 et
1574 2050 1887 2113 benedicat
1911 2049 2103 2131 nobis,

461 2136 797 2216 etc.Tuam,
832 2135 1027 2216 inquit
1056 2136 1505 2201 miserationem
1550 2138 1961 2215 obsecramus,
1986 2138 2111 2201 Do-

462 2229 626 2290 mine
655 2242 1057 2305 rogamusque
1087 2235 1152 2287 ut
1173 2226 1461 2289 exhibeas
1488 2226 1705 2289 vultum
1729 2238 1894 2297 tuum
1909 2230 2109 2309 nobis,

461 2325 527 2380 ut
554 2323 710 2379 viam
736 2312 926 2405 sancti
946 2315 1253 2405 Evangelii
1275 2316 1357 2377 tui
1375 2317 1647 2405 gentibus
1677 2318 1954 2380 omnibus
1972 2337 2117 2398 prse-

462 2406 670 2469 dicare
700 2403 1339 2486 possimus.Salutare
1371 2403 1556 2487 enim,
1576 2408 1758 2487 ipsius
1786 2408 2103 2470 adventum

463 2494 685 2576 ubique
714 2493 1027 2573 significat.

538 2586 598 2646 4.
660 2583 1079 2662 Couﬁteantur
1127 2582 1239 2645 tibi
1286 2585 1522 2663 populi,
1551 2584 1758 2656 Deus.
1822 2587 2106 2650 Praedicit

459 2672 679 2736 Christi
710 2672 1148 2735 confessionem
1179 2672 1253 2735 ab
1285 2672 1562 2736 omnibus
1608 2675 1886 2753 gentibus
1920 2676 2103 2738 emit-

462 2762 705 2827 tandam
742 2762 888 2823 fore.
941 2762 1239 2823 Laetamur
1260 2770 1316 2824 et
1344 2762 1645 2825 exsultent
1697 2772 1924 2843 gentes.
1960 2766 2108 2828 Cum

461 2852 851 2935 propheticus
872 2850 1133 2931 Spiritus
1160 2850 1238 2913 de
1287 2852 1482 2915 salute
1531 2853 1695 2914 orbis
1725 2872 2109 2934 summopere

460 2943 815 3009 delectetur,
855 2940 1209 3020 plerumque
1241 2940 1449 3002 eadem
1484 2942 1614 3020 ipsa
1643 2943 1957 3023 repetit,ex
1984 2945 2106 3004 ire-

461 3032 665 3114 quenti
697 3031 1038 3091 narratione
1069 3031 1282 3108 gaudio
1315 3031 1583 3093 affectus.

538 3126 600 3185 6.
634 3118 1059 3197 Conﬁteantur
1086 3118 1199 3180 tibi
1229 3118 1462 3199 populi,
1494 3117 1678 3199 Deus,
1699 3121 2166 3199 conﬁteanturc

462 3211 576 3275 tibi
592 3208 1038 3290 populi‘omnes
1067 3207 1359 3287 (31).Non
1392 3208 1523 3268 sine
1551 3227 1729 3271 causa
1748 3212 2103 3289 repetit,sed

461 3314 529 3363 ut
551 3298 872 3361 alacriores
896 3297 1103 3359 reddat
1136 3296 1470 3363 auditores.
1506 3296 1696 3360 Terra
1727 3300 1889 3361 dedit
1946 3302 2107 3378 fruc-

461 3398 590 3461 tum
641 3406 841 3450 suum.
906 3386 1203 3467 Spiritalis
1256 3386 1558 3449 videlicet.
1610 3387 1863 3451 Fructus
1905 3398 2103 3450 autem

459 3487 599 3542 sunt
633 3477 765 3558 ejus
794 3476 855 3539 in
890 3478 1110 3558 pietate
1145 3476 1462 3556 profectus.

538 3663 982 3745 [Conﬁteantur
1036 3660 1149 3721 tibi
1195 3659 1426 3740 populi,
1464 3660 1638 3722 Deus.
1701 3660 2100 3733 Quemadmo-

472 3754 715 3815 modum
749 3751 840 3812 bis
866 3759 1074 3829 gentes
1104 3749 1177 3811 ad
1212 3750 1463 3830 hymnos
1504 3750 1909 3812 concinendos
1935 3751 2097 3812 exci-

460 3842 623 3916 tavit,
657 3843 738 3902 ita
768 3840 860 3901 bis
889 3842 1052 3920 ipsas
1100 3839 1177 3901 ad
1231 3838 1711 3901 benedictionem
1773 3840 2043 3919 quaesivit
2082 3858 2096 3902 :

459 3949 591 3993 cum
650 3931 743 3992 bis
788 3929 1020 3991 scilicet
1050 3947 1180 3990 eam
1212 3927 1695 3990 benedictionem
1744 3931 2096 4009 accepisset.

460 4026 581 4085 Aut
603 4021 738 4102 quia
770 4018 889 4079 illae
913 4016 1333 4079 benedictione
1364 4018 1604 4098 repletas
1655 4037 1773 4079 non
1827 4020 2102 4098 ignorant

461 4112 651 4174 Deum
683 4107 784 4189 qui
812 4124 992 4187 super
1025 4107 1224 4168 omnia
1257 4117 1364 4186 est,
1401 4108 1505 4169 sed
1537 4108 1948 4172 dulcissimum
1986 4111 2096 4190 ipsi

461 4200 720 4261 otl‘erunt
752 4196 984 4277 pietatis
1016 4198 1294 4258 fructum:
1330 4216 1507 4274 quem
1540 4197 1589 4258 si
1621 4196 1727 4258 tibi
1759 4199 2099 4280 offeramus;

457 4288 521 4351 id
546 4296 635 4349 est
662 4286 898 4348 virtutis
923 4286 1185 4347 studium
1220 4294 1588 4361 accuratum,
1621 4305 1654 4346 a
1710 4295 1769 4348 te
1812 4288 2103 4351 benedic-

459 4377 683 4440 tionem
714 4375 1126 4456 accipiemus.]

2283 1071 2392 1122 ται,
2453 1049 2790 1109 διδασκαλίαν
2843 1056 3159 1130 ποιούμενον
3211 1063 3312 1115 τῶν
3384 1057 3543 1116 ἐθνῶν
3580 1107 3596 1132 ,
3649 1060 3854 1137 ῥυσθῆ-

2279 1140 2362 1194 ναί
2417 1161 2473 1195 τε
2532 1143 2825 1221 εὐχόμενον
2882 1151 2986 1200 τῶν
3042 1146 3409 1224 ἀντιλεγόντον
3461 1155 3526 1224 τῇ
3580 1147 3848 1206 διδασκα-

2278 1225 2364 1299 λίᾳ
2420 1231 2613 1291 αὐτῶν.
2667 1231 2998 1308 [Ἀκόλουθος
3061 1239 3147 1293 καὶ
3198 1240 3349 1299 οὗτος
3408 1240 3485 1312 τῷ
3527 1240 3624 1317 πρὸ
3651 1241 3843 1296 αὐτοῦ’

2276 1313 2467 1392 ἰδίωμα
2531 1320 2629 1398 γὰρ
2683 1326 2782 1387 τῆς
2834 1330 2939 1378 τῶν
2996 1325 3146 1401 ἱερῶν
3204 1325 3472 1403 εὐλογίας,
3524 1313 3611 1383 καὶ
3652 1342 3847 1384 κεῖται

2274 1405 2496 1496 ἐνᾲτοτς
2547 1419 2766 1487 Κριταϊς
2825 1410 2859 1478 ἥ
2917 1414 3056 1493 εὐχὴ
3115 1422 3261 1471 πᾶσα
3340 1416 3555 1496 σχεδόν.
3594 1416 3686 1481 Ὠς
3744 1420 3843 1473 οὖν

2272 1494 2564 1569 μελλοντος
2622 1502 2707 1555 καὶ
2766 1502 2951 1559 τούτου
3008 1504 3261 1584 γίνεσθαι,
3316 1506 3454 1579 μετὰ
3498 1507 3596 1573 τὴν
3628 1504 3839 1562 ὶπανο-

2271 1581 2358 1640 δον
2402 1590 2791 1667 προεφητεύθη,
2831 1594 3077 1669 κηρύττει
3132 1592 3184 1649 δὲ
3214 1581 3302 1651 καὶ
3330 1596 3431 1662 τὴν
3454 1598 3593 1652 θείαν
3624 1594 3836 1674 ἀνθρώ-

2271 1696 2436 1741 πησιν
2494 1680 2581 1733 ναὶ
2638 1678 2968 1759 ἐπιφάνειαν,
3028 1686 3115 1739 καὶ
3171 1685 3269 1751 τὴν
3308 1688 3414 1740 τῶν
3466 1685 3625 1741 ἐθνῶν
3656 1708 3844 1752 σωτη-

2272 1765 2405 1840 ρίαν,
2438 1765 2532 1823 Ἐν
2573 1766 2757 1841 ὕμνοις
2800 1767 2855 1825 δὲ
2901 1771 3284 1850 ἐπιγέγραπται
3322 1819 3336 1847 ,
3404 1775 3520 1830 ἐπεὶ
3576 1776 3705 1830 Θεοῦ
3772 1776 3844 1830 1‘0

2270 1856 2569 1930 ὑμνεῖσθαι,
2631 1857 2919 1937 ἀνθρώπων
2951 1859 3006 1917 δὲ
3045 1865 3106 1918 τὸ
3150 1861 3217 1917 δι’
3272 1863 3500 1919 ἐπαίνων
3553 1865 3840 1940 ὶγκωμιαῖς

2267 1947 2498 2022 Caeam]

2273 2033 2332 2091 Ὀ
2392 2036 2495 2099 Θὸς
2558 2032 2894 2107 Οἰκτειρήσιιι
2950 2041 3090 2114 ἡμᾶς
3159 2044 3245 2098 καὶ
3300 2040 3592 2121 εὖλογήσαι
3664 2043 3841 2118 ἡμᾶς.

2202 2130 2317 2182 Τῶν
2371 2126 2478 2181 σῶν
2547 2128 2833 2206 οἰκτιρμῶν
2890 2125 3132 2204 δεόμεθα,
3206 2134 3359 2211 φησὶ,
3420 2132 3684 2207 Δέσποτα,
3743 2136 3842 2189 καὶ

2198 2212 2295 2281 τῆς
2350 2212 2653 2282 ἐπιφανείας
2730 2226 2823 2274 τοῦ
2878 2219 3161 2295 προσώπου
3215 2242 3357 2300 σου,
3422 2226 3551 2299 προς
3609 2222 3669 2277 τὸ
3734 2218 3840 2275 δῦ-

2150 2302 2163 2316 ‘
2199 2307 2381 2360 νασθαι
2438 2306 2661 2383 φανερὰν
2720 2306 2820 2373 τὴν
2876 2306 2995 2363 ὁδὸν
3041 2319 3134 2368 τοῦ
3181 2310 3329 2387 ἁγίου
3384 2332 3477 2366 σου
3509 2308 3842 2387 [εὐαγγελίου

2197 2400 2325 2449 πᾶσι
2356 2406 2473 2457 τοῖς
2504 2393 2669 2452 ἔθνεσι
2692 2395 2936 2474 κηρύξαι,
2969 2400 3240 2477 Σωτήρων
3272 2400 3371 2477 γὰρ
3423 2405 3700 2477 πανταχοῦ
3728 2399 3841 2465 τὴν

2188 2486 2476 2562 παρουσίαν
2521 2486 2677 2541 αὗτοῦ
2720 2509 2905 2565 φησιν,

2268 2570 2877 2652 Ἐξομολογησάσθωσάν
2922 2599 3003 2633 σοι
3035 2576 3174 2654 λαοὶ,
3208 2581 3233 2634 ὃ
3265 2578 3418 2640 Θεός.
3457 2578 3673 2633 Πάντων
3719 2583 3837 2634 τῶν

2188 2662 2350 2718 ἐθνῶν
2406 2665 2505 2731 τὴν
2550 2666 2623 2727 εἰς
2677 2667 2906 2741 Χριστὸν
2972 2666 3259 2745 ὁμολογίαν
3310 2668 3649 2747 προφητεύει.
3721 2667 3837 2722 Εὗ-

2190 2754 2572 2829 φρανθήτωσαν
2629 2756 2715 2811 καὶ
2764 2754 3203 2833 ἆγαλλιάσθωσαν
3259 2756 3403 2823 ἔθνη.
3442 2752 3731 2831 Ἠδόμενον
3767 2759 3841 2812 ’τὸ

2193 2851 2516 2922 προφητικὸν
2551 2852 2762 2919 Πνεῦμα
2792 2851 2859 2921 τῇ
2893 2846 3126 2923 σωτηρίᾳ
3172 2846 3265 2913 τῆς
3311 2846 3651 2921 οἱκουμὲνης,
3685 2845 3837 2901 πολ-

2189 2929 2343 2995 λάκις
2386 2935 2451 2988 τὰ
2482 2936 2611 2990 αὑτὰ
2643 2935 2945 3013 φθέγγεται,
2978 2936 3045 3011 τῇ
3082 2948 3305 3015 συνεχεῖ
3333 2935 3581 3013 διηγήσει
3611 2938 3841 3014 εὐφροσ-

2189 3028 2317 3093 ύνης
2350 3025 2613 3085 ἀπολαῦον
2624 3074 2639 3088 .

2273 3114 2883 3194 Ἐξομολογησάσθωσάν
2955 3138 3037 3173 σοι
3113 3116 3270 3190 λαοὶ,
3324 3118 3352 3172 5

2189 3205 2608 3284 λογησάσθωσάν
2680 3229 2759 3263 σοι
2847 3206 2963 3263 λαοὶ
3018 3207 3233 3271 πάντες.
3298 3207 3417 3287 Οὒχ
3486 3206 3668 3267 ἁπλῶς
3729 3210 3838 3273 ττὶν

2186 3296 2529 3373 ταυτολογίαν
2573 3296 2827 3369 τέθεικεν,
2862 3294 3000 3351 ἀλλὰ
3043 3297 3463 3375 προθυμοτέρους
3518 3297 3637 3359 τοὺς
3670 3296 3839 3351 {1x06-

2188 3409 2343 3449 οδτας
2401 3387 2775 3465 ἐργαζόμενος.
2836 3387 2912 3455 Γῆ
2963 3385 3124 3443 ἔδωκε
3172 3391 3262 3443 τὸν
3307 3389 3508 3461 καρπὸν
3538 3386 3724 3452 αὒτῆς.
3766 3385 3838 3441 Ἠ

2188 3477 2355 3545 νοητῆ
2400 3475 2670 3544 δηλονότι,
2722 3478 2931 3551 Καρπὸς
2966 3474 3019 3531 δὲ
3052 3477 3210 3545 αὐτῆς
3270 3479 3322 3533 αἱ
3378 3474 3499 3532 γατ⁹
3560 3473 3837 3550 εὐσέϐειαν

3412 3120 3562 3195 Θεὸς,
3637 3116 3835 3191 ἐξομο-

2186 3589 2447 3623 ποοκοπαι

2260 3589 2447 3623 οκοπαι

2228 3589 2899 3735 ρΓΕίξομολογησοὶσθωετάν
2948 3680 3031 3715 σοι
3063 3660 3109 3714 οἱ
3160 3657 3301 3732 λαοὶ,
3336 3659 3363 3713 ὀ
3409 3657 3556 3722 Θεός.
3610 3651 3835 3733 ’Ὧςπερ

2184 3744 2259 3808 δὶς
2306 3747 2371 3801 τὰ
2401 3745 2522 3823 ἕθνῃ
2553 3749 2683 3825 πρὸς
2714 3745 2974 3822 ὑμνῳδίαν
3031 3745 3315 3825 διήγειρεν,
3349 3746 3486 3802 οὕτω
3531 3742 3607 3807 δις
3639 3747 3832 3809 αὐτοῖς

2182 3835 2283 3903 τῆν
2332 3835 2573 3914 εὐλογίαν
2647 3837 2929 3907 ἐζήτησενο
2991 3836 3368 3894 ἀπολαύσαντα
3435 3833 3680 3901 δηλονότι
3735 3834 3833 3889 καὶ

2184 3929 2349 3993 αὒτῆς
2400 3926 2665 4004 εὐλογίας,
2730 3926 2816 3983 ’Ἦ
2872 3926 2952 3982 ὅτι
3010 3926 3122 3983 ἐπεὶ
3182 3931 3276 3985 οὐκ
3329 3926 3611 4002 ἀγνοοῦσιν
3657 3924 3704 3978 οἱ
3773 3921 3832 3987 ἐξ

2181 4020 2345 4085 αὐτῆς
2386 4022 2477 4076 τὸν
2520 4020 2605 4075 επὶ
2665 4018 2875 4076 πάντων
2924 4020 3075 4099 Θεὸν,
3123 4017 3259 4075 ἀλλὰ
3315 4018 3404 4075 τὸν
3476 4014 3689 4083 ἣδιστον
3720 4015 3829 4070 αδ-

2183 4114 2261 4181 τῷ
2309 4110 2659 4188 προσφέρουσι
2705 4116 2801 4175 της
2860 4107 3122 4173 εὐσεϐείας
3168 4108 3393 4187 καρπόν⁸
3428 4108 3484 4162 ὃν
3518 4108 3560 4162 εἱ
3592 4105 3831 4184 προσφέ-

2186 4198 2345 4278 ρομέν
2401 4222 2511 4279 σοι,
2543 4198 2661 4266 ἤτοι
2686 4200 2784 4266 τὴν
2829 4205 2928 4267 τῆς
2959 4201 3152 4278 ἀρετῆς
3184 4194 3540 4271 ἐπιτήδευσιν,
3578 4194 3832 4272 εὐλογοῦ-

2186 4291 2318 4363 μεθα
2357 4291 2500 4362 παρὰ
2524 4288 2664 4366 σοῦ,]

543 4467 897 4546 [Benedicat
926 4482 1037 4528 nos
1066 4463 1583 4528 Deus.Sciendum
1614 4464 1888 4527 homines
1910 4469 2099 4531 Deum

2268 4471 2594 4553 [Εὐλογιὶσαι
2647 4473 2789 4547 ἡμᾶς
2835 4474 2864 4528 ὁ
2918 4471 3073 4533 Θεός.
3125 4468 3327 4527 Εἶδὲναι
3385 4468 3484 4544 μὲν
3541 4464 3829 4546 προσήκει,

457 4556 907 4623 benedicentes,
939 4555 1052 4635 ipsi
1084 4553 1262 4616 verba
1292 4554 1483 4616 solum
1516 4555 1807 4635 proferre,
1832 4555 1937 4616 sed
1961 4574 2099 4636 ope-

456 4664 523 4708 re
573 4645 685 4727 ipsi
717 4644 1009 4707 beneﬁcia
1052 4644 1405 4723 impendere
1436 4662 1555 4705 non
1606 4662 1803 4724 posse.
1830 4646 1909 4706 At
1938 4646 2097 4709 Deus

458 4735 782 4808 benedicit,
820 4734 1104 4815 operibus
1132 4734 1317 4796 verba
1346 4733 1682 4809 conﬁrmat,
1704 4750 1773 4795 ac
1802 4732 2094 4795 bonorum

457 4826 727 4887 omnium
790 4823 1022 4907 copiam
1055 4823 1130 4885 iis
1160 4822 1378 4905 quibus
1428 4822 1733 4886 benedicit
1788 4823 2090 4903 elargitur.

459 4914 691 4978 Deinde
720 4912 897 4977 docet
926 4913 1273 4995 quomodo.]

660 5008 717 5067 l.
751 5003 827 5067 In
856 5004 1063 5084 ﬁnem,
1102 5003 1370 5067 PSALM
1381 5002 1481 5065 US
1507 5004 1757 5078 cantici,
1790 5006 1908 5083 ipsi

1014 5094 1231 5157 David.
1298 5092 1545 5156 LXVII.

1037 5186 1504 5265 Argumentum.

456 5276 522 5338 In
555 5279 667 5339 hoc
699 5276 923 5357 psalmo
946 5272 1266 5338 adventum
1280 5274 1521 5339 Domini
1536 5273 2101 5353 signiﬁcat,necnon

533 5365 930 5447 spiritualium
949 5363 1208 5425 hostium
1222 5362 2101 5444 depulsionem,spiritualisque

534 5454 890 5535 captivitatis
918 5453 1303 5517 solutionem.
1321 5454 1503 5516 Docet
1533 5452 1781 5532 insuper
1805 5469 1871 5512 se
1904 5452 2099 5532 ipsum

539 5656 662 5735 (3t)
697 5655 762 5718 lu
793 5656 865 5721 lt.
900 5674 987 5731 ω,
1019 5657 1148 5721 hac
1176 5658 1461 5721 dicuntur
1494 5656 1881 5721 Theodoreti.

2182 4565 2282 4643 ὡς,
2344 4562 2681 4640 εὐλογοῦντες
2744 4561 3007 4640 ἅνθρωποι
3057 4562 3150 4617 τὸν
3218 4560 3347 4615 Θεὸν
3373 4603 3390 4633 ,
3454 4557 3641 4636 λόγους
3685 4555 3835 4643 αὐτῷ

2180 4641 2531 4733 προσφέρουσι
2563 4652 2778 4726 μόνους,
2824 4650 2962 4729 ἔργῳ
2992 4649 3045 4707 δὲ
3078 4651 3232 4709 αὐτὸν
3264 4647 3603 4726 εῦεργετῆσαὶ
3649 4646 3707 4700 οὺ
3739 4641 3833 4700 δύ-

2178 4739 2445 4802 δύνανται,
2478 4738 2539 4796 Ὀ
2572 4737 2625 4794 δὲ
2657 4739 2811 4811 Θεὸς,
2845 4738 3098 4816 εὐλογῶν,
3133 4735 3345 4813 βεϐαιοῖ
3377 4737 3497 4797 τοὺς
3527 4733 3719 4813 λόγους
3750 4738 3835 4805 τῷ

2180 4830 2342 4911 ἔργῳ,
2373 4833 2460 4887 καὶ
2489 4827 2839 4887 παντοδαπῶν
2868 4829 3077 4907 ἀγαθῶν
3107 4824 3336 4906 παρέχει
3355 4839 3469 4888 τοῖς
3505 4822 3831 4901 εὖλογουμέ-

2181 4943 2288 4989 νοις
2319 4921 2504 5001 φοράν.
2542 4920 2681 4976 Εἶτα
2709 4917 2940 4976 διδάσκει
2972 4916 3147 4996 πῶς.]

2300 5041 2387 5103 Εἷς
2420 5040 2480 5095 τὸ
2510 5038 2686 5119 τέλος,
2722 5043 2820 5105 τῆς
2851 5036 2993 5114 ᾠδῆς
3027 5034 3196 5093 Δαυ’ίδ
3222 5040 3531 5096 ΨΔΔΜΟΣ.
3564 5029 3700 5093 32'.

2895 5137 3197 5204 ’Υπόθεσις.

2182 5262 2274 5321 Ἔν
2304 5264 2474 5335 τούτῳ
2528 5268 2605 5335 τῷ
2648 5260 2847 5337 ψαλμῷ
2898 5261 2996 5327 τὴν
3044 5258 3331 5336 παρουσίαν
3363 5264 3457 5313 τοῦ
3486 5256 3672 5333 Κυρίου
3716 5275 3824 5319 ση-

2265 5354 2462 5431 μαίνει,
2525 5353 2611 5407 καὶ
2667 5354 2765 5406 τῶν
2790 5338 2793 5341 Ι
2818 5356 3024 5418 νοητῶν
3085 5349 3293 5429 ἐχθρῶν
3360 5346 3680 5425 καθαίρεσιν,
3736 5351 3827 5405 καὶ

2266 5450 2362 5511 τῆς
2392 5446 2593 5507 νοητῆς
2623 5440 2994 5521 αἰχμαλωσίας
3024 5440 3122 5506 τὴν
3152 5437 3434 5495 ἆπολυσιν.
3460 5434 3601 5496 ’Έτι
3623 5454 3685 5513 γε
3714 5434 3827 5510 μὴν
