4006 6204
402 320 518 383 295
1200 321 1260 381 8.
1310 316 1730 382 ATHANASII
1775 318 1940 379 OPP.
1987 311 2045 378 Pi

2141 316 2201 377 S.
2252 316 2361 379 III.
2412 351 2480 363 —
2530 314 2989 382 EXEGETICA.
3664 321 3795 389 296

406 464 627 519 terram
662 454 926 535 pervasit
980 455 1136 516 fama
1165 453 1359 517 exitus
1388 470 1619 514 eorum.
1667 452 1846 514 Terra
1878 457 2043 513 mota

2140 448 2268 508 ἔστιν
2314 454 2388 518 εἷς
2444 459 2619 511 πᾶσαν
2650 454 2750 521 τὴν
2814 449 2911 532 γῆν
2974 454 3288 521 ἐξάκουστος
3323 458 3357 524 ἡ
3415 456 3585 524 ἔξοδος
3620 461 3789 519 αὐτοῦ

411 554 522 627 est,
555 547 773 609 etenim
804 545 940 608 cwli
956 541 1896 607 distillaverunt.Distillaverunt
1915 538 2045 603 cteli

2140 541 2442 617 γεγένηται,
2558 550 2635 611 Γῆ
2723 543 2972 612 ἐσείσθη·
3077 548 3172 603 καῖ’
3250 548 3352 626 γὰρ
3436 549 3481 604 οἱ
3569 552 3789 629 οὖρανοὶ

410 634 778 715 spiritualem
814 651 1011 695 escam
1040 632 1343 704 videlicet,
1382 630 1440 690 id
1478 640 1566 690 est
1591 646 1825 691 manna.
1871 632 1916 691 Α
1947 630 2043 707 fa-

2140 630 2351 697 ἔστσξαν
2411 633 2688 698 ’Ἕσταξαν
2721 637 2768 690 οἱ
2798 638 3007 712 ούρανοὶ
3062 637 3160 704 τὴν
3218 638 3589 711 πνευματικὴν
3646 662 3783 718 τρο-

409 728 497 787 cie
517 725 633 786 Dei
656 724 858 787 Sinai.
888 722 953 785 Id
984 731 1102 796 est,
1138 722 1245 784 Dei
1276 720 1377 800 qui
1408 719 1468 780 in
1526 728 1725 780 monte
1783 719 1925 783 Sina
1955 719 2045 780 le-

2140 722 2237 801 ρὴν
2294 721 2593 789 δηλονότι·
2640 722 2786 799 λέγει
2838 723 2893 780 δὲ
2951 726 3040 781 καὶ
3095 728 3157 781 τὸ
3188 726 3381 801 μάννα.
3432 725 3567 785 Ἀπὸ
3611 751 3792 808 προσ-

406 831 537 892 gem
566 812 752 874 dedit.
815 814 862 873 A
914 811 1080 889 facie
1137 811 1246 873 Dei
1306 808 1517 871 Israel.
1552 809 1733 871 Israel
1758 816 1848 870 est
1877 826 2045 870 mens

2140 811 2280 868 ὧπου
2324 812 2417 867 τοῦ
2471 820 2604 870 Θεοῦ
2661 816 2759 869 τοῦ
2815 815 2966 873 Σινά.
3028 814 3175 872 Ἀντὶ
3212 824 3326 891 τοῦ,
3392 816 3446 871 ἓν
3505 816 3613 898 ὄρει
3646 822 3786 876 Σινὰ

404 905 596 966 Deum
628 901 865 963 videns.

2140 904 2217 958 τὸν
2278 902 2440 976 νόμον
2517 904 2810 982 ὁρίσαντος.
2902 901 3038 960 Ἀπὸ
3120 906 3411 983 προσώπου
3495 917 3586 965 τοῦ
3643 908 3783 966 Θεοῦ

479 1088 564 1145 10.
603 1088 862 1145 Pluviam
916 1087 1288 1144 voluntariam
1343 1088 1674 1161 segregabis,
1720 1086 1878 1153 Deus,
1932 1086 2045 1143 ha-

404 1171 658 1234 reditati
680 1177 816 1231 tua.
846 1168 1111 1231 Pluviam
1143 1168 1307 1250 dicit,
1342 1169 1743 1246 evangelicum
1778 1167 2044 1241 verbum,

396 1262 570 1342 juxta
594 1259 761 1322 illud:
785 1258 1114 1321 Descendet
1129 1263 1287 1320 sicut
1305 1257 1512 1338 pluvia
1533 1259 1599 1320 in
1621 1257 1813 1319 vellus
1824 1257 1897 1316 ει.
1938 1256 2049 1319 Vo-

403 1350 750 1412 lun:ariam
765 1348 1070 1429 autem,ad
1104 1347 1427 1409 discrimen
1463 1347 1669 1427 legalis
1692 1346 1907 1409 cultus.
1942 1346 2049 1409 Ille

406 1440 569 1502 enim
600 1457 721 1500 non
751 1438 1119 1499 voluntarius
1153 1446 1281 1499 erat
1295 1438 1461 1515 juxta
1494 1438 1607 1499 hoc
1626 1438 1876 1498 dictum:
1901 1439 2049 1513 Quis

406 1531 571 1591 enim
586 1530 914 1606 requisivit
927 1531 1063 1608 ipsa
1085 1527 1160 1590 de
1176 1528 1462 1588 manibus
1481 1525 1778 1589 vestris”?
1796 1534 1853 1588 et
1875 1526 2042 1589 illud:

405 1626 735 1684 Holocausta
788 1633 967 1683 vestra
1028 1640 1139 1682 non
1200 1631 1329 1680 sunt
1386 1620 1617 1696 accepta,
1677 1629 1730 1682 et
1771 1624 2048 1696 sacriﬁcia

2134 989 2373 1067 Ἰσραὴλ.
2407 990 2625 1063 Ἰσραὴλ
2656 994 2774 1055 νοῦς
2805 994 2942 1070 ὁρῶν
2975 995 3127 1055 Θεὸν,

2206 1079 2424 1159 Βροχὴν
2491 1081 2735 1137 ἑκουσίαν
2785 1082 3052 1161 ἀφεριετς,
3131 1086 3158 1139 6
3220 1086 3373 1161 Θεὸς,
3433 1092 3500 1162 τῇ
3563 1086 3777 1167 κληροε-

2134 1170 2288 1242 νομίᾳ
2333 1193 2449 1232 σου,
2483 1172 2701 1250 Βροχὴν
2731 1172 2827 1245 μὲν
2858 1174 2948 1227 τὸν
3006 1173 3356 1251 εὒαγγελικὸν
3407 1176 3567 1253 λόγον
3612 1181 3771 1257 φησὶ,

2134 1259 2269 1314 κατὰ
2319 1261 2379 1314 τὸ
2413 1277 2428 1291 ⁸
2479 1257 2847 1329 Καταϐήσεται
2892 1264 2964 1324 ὠς
3014 1263 3167 1327 ὑετὸς
3197 1263 3281 1319 ἐπὶ
3337 1266 3528 1327 πόκον.
3577 1266 3778 1325 Ἐκού-

2133 1370 2248 1404 σιον
2314 1346 2368 1403 δὲ
2432 1351 2559 1426 πρὸς
2614 1347 3018 1418 ἀντιδιαστολὴν
3062 1354 3161 1419 τῆς
3220 1354 3450 1425 νομικῆς
3497 1356 3771 1435 ¹λατρείας,

2134 1436 2354 1494 Ἐκεῖνα
2398 1440 2499 1519 γὰρ
2542 1442 2639 1496 οὐκ
2680 1443 2747 1507 ἦν
2789 1441 2930 1515 αὐτῷ
2980 1443 3195 1499 ἑκούσια
3250 1445 3387 1500 κατὰ
3434 1446 3495 1500 τὸ
3544 1446 3776 1523 εἰρημέ-

2132 1549 2219 1583 νον
2254 1548 2270 1566 ’
2334 1530 2422 1591 Τίς
2502 1529 2603 1606 γὰρ
2666 1526 2982 1599 ἒξεζήτησεν
3058 1533 3187 1589 αὐτὰ
3260 1532 3320 1587 ἐκ
3401 1535 3508 1588 τῶν
3571 1541 3777 1613 χειρῶν

2739 1618 2815 1675 Τὰ
2900 1617 3316 1676 ὁλοκαυτώκατέ
3369 1643 3462 1677 σου
3512 1625 3607 1680 οὒκ
3673 1624 3781 1678 εἶσὶ

2129 1617 2277 1691 ὑμῶν
2339 1637 2353 1673 :
2414 1615 2505 1673 καί
2556 1619 2619 1672 τὸ
2656 1635 2669 1648 ⁶

404 1723 583 1775 vestra
614 1733 721 1773 non
735 1716 1056 1789 placuerunt
1077 1716 1208 1772 mihi
1236 1714 1311 1773 ³³.
1342 1747 1412 1756 -
1448 1713 1517 1770 Et
1557 1710 1840 1786 inﬁrmata
1869 1719 1967 1780 est,
1991 1720 2045 1770 tu

2140 1704 2310 1780 Βεκτὰ,
2367 1708 2454 1763 καὶ
2510 1709 2562 1762 αἶ
2603 1710 2773 1766 suam
2817 1708 2963 1782 ὑμῶν
3017 1712 3120 1787 οὐχ
3170 1707 3362 1775 ἤδυνάν
3407 1733 3525 1771 μοι.
3560 1743 3635 1757 -
3670 1713 3780 1770 Καὶ

403 1816 546 1861 vero
567 1798 882 1877 perfecisti
912 1814 1068 1860 eam.
1129 1797 1460 1871 Inﬁrmata,
1512 1795 1728 1876 inquit,
1781 1804 1872 1856 est
1901 1796 2043 1856 olim

406 1888 549 1949 cum’
573 1886 733 1948 idola
765 1885 1331 1948 coleret.Perfecisti
1362 1903 1541 1967 porro
1566 1896 1840 1965 eam,per
1866 1903 2042 1946 evan-

402 1976 657 2056 gelicum
693 1976 941 2038 verbum
962 1975 1245 2038 vocando
1268 1974 1461 2056 ipsam
1473 2025 1486 2039 .

484 2068 635 2129 41.Α
648 2069 904 2128 nimalia
921 2074 1027 2128 tua
1050 2065 1411 2128 habitabuut
1431 2072 1500 2127 in
1530 2065 1929 2127 ea.Animalia
1946 2065 2046 2127 bic

404 2164 572 2218 vocat
604 2174 707 2217 eos
730 2155 835 2233 qui
861 2155 1151 2216 viviﬁcam
1185 2173 1385 2217 escam
1409 2155 1817 2234 degustarunt.
1846 2155 1922 2216 1n
1945 2172 2041 2229 ea,

406 2246 470 2307 in
501 2263 637 2324 qua,
673 2244 790 2307 nisi
813 2246 875 2305 in
905 2243 1252 2306 haereditate
1284 2244 1516 2324 ipsius?
1542 2245 1792 2306 Parasti
1822 2245 1890 2305 in
1913 2243 2045 2306 dul-

407 2336 619 2398 cedine
670 2341 777 2397 tua
803 2336 1101 2413 pauperi,
1138 2334 1321 2396 Deus.
1374 2332 1599 2413 Ecquid
1634 2333 1881 2415 paravit,
1930 2334 2045 2395 nisi

406 2426 569 2505 quod
618 2423 825 2487 oculus
880 2442 1004 2486 non
1059 2425 1234 2505 vidit,
1291 2441 1400 2487 nec
1447 2425 1619 2485 auris
1674 2424 1920 2486 audivit
1947 2420 2045 2487 ﬂ't

400 2515 545 2586 Quis
572 2532 829 2594 pauper,
890 2514 1003 2575 nisi
1061 2513 1138 2575 de
1188 2532 1305 2594 quo
1366 2512 1514 2574 dixit
1559 2530 1572 2574 :
1610 2513 1783 2575 Beati
1812 2531 2040 2593 paupe-

395 2621 495 2665 res
523 2605 770 2685 spiritu,
817 2603 1109 2682 quoniam
1166 2605 1437 2683 ipsorum
1466 2610 1554 2665 est
1581 2620 1831 2682 regnum
1862 2607 2045 2665 cato-

398 2710 536 2755 rum
564 2692 663 2752 ⁸⁸⁸(

470 2789 557 2849 12.
604 2790 862 2846 Dominus
914 2790 1069 2848 dabit
1124 2790 1347 2848 verbum
1400 2778 1898 2863 evangelizantibus
1936 2792 2043 2845 vir-

400 2878 528 2935 tute
549 2872 765 2934 multa.
790 2871 1397 2953 Ipse,inquit,sanctis
1424 2872 1707 2951 apostolis
1732 2873 1859 2933 suis
1880 2871 2048 2935 dabit

407 2962 748 3036 verbum,ut
778 2961 1010 3041 possint
1043 2960 1415 3039 evangelium
1446 2956 1797 3041 praedicare.
1839 2962 2046 3025 Simile

2126 1795 2411 1869 ἠσθένησε,
2480 1797 2542 1852 σὺ
2584 1794 2640 1853 δὲ
2705 1797 3007 1876 κατηρτίσω
3072 1798 3257 1866 αὐτὴν.
3324 1799 3612 1866 Ἦσθένησε
3669 1802 3779 1875 μὲν

2128 1885 2318 1964 πάλαι,
2383 1884 2470 1942 ὅτε
2521 1884 2893 1965 εἰδωλολάτρει
2923 1906 2938 1922 ⁸
2998 1890 3302 1966 κατηρτίσω
3359 1887 3413 1943 δὲ
3457 1888 3644 1969 αὐτὴν,
3678 1888 3778 1945 διὰ

2127 1974 2220 2030 τοῦ
2247 1974 2592 2053 εὐαγγελικοῦ
2622 1975 2855 2041 καλέσας
2883 1979 3248 2056 κηρύγματος.

2210 2067 2285 2123 Τὰ
2327 2066 2436 2137 ζῶά
2494 2088 2589 2122 σου
2660 2074 2995 2124 κατοικοῦσιν
3044 2070 3099 2123 ἱν
3148 2072 3305 2145 αύτῇ,
3362 2071 3479 2125 Ζῶά
3550 2069 3777 2128 ὶνταῦθά

2126 2177 2261 2231 φησι
2305 2158 2428 2219 τοὺς
2492 2157 2589 2222 τῆς
2652 2162 2918 2226 ζωοποιοῦ
2946 2161 3147 2237 τροφῆς
3206 2157 3641 2239 μετειληφότας.
3677 2159 3779 2217 Ἐν

2127 2247 2262 2323 αὐτῇ
2319 2246 2395 2322 δὲ,
2454 2249 2553 2304 τίνι
2593 2247 2628 2315 ἢ
2676 2250 2745 2324 τῇ
2795 2250 3125 2327 κληρονομίᾳ
3181 2250 3394 2324 αὐτοῦς
3440 2248 3777 2327 Ἠτοίμασας

2127 2336 2181 2392 ἦν
2235 2341 2303 2414 τῇ
2349 2337 2686 2417 χρηστότητί
2735 2362 2831 2396 σου
2858 2347 2935 2413 τῷ
2993 2346 3225 2418 πτωχῷ,
3272 2343 3299 2395 ὃ
3364 2343 3516 2404 θεὸς,
3578 2344 3674 2398 Καὶ
3722 2342 3781 2397 τί

2130 2429 2420 2502 ἡτοίμασεν
2477 2427 2513 2495 ἢ
2573 2426 2605 2483 ἃ
2686 2428 2957 2508 ὀφθαλμὸς
3034 2433 3127 2487 οὒκ
3212 2429 3326 2486 εἶδε
3385 2432 3474 2486 καὶ
3520 2432 3608 2495 οὖς
3674 2434 3779 2487 οὒκ

2130 2520 2326 2587 ἤκουσε
2358 2561 2374 2589 ,
2406 2519 2494 2582 Τίς
2524 2516 2579 2574 δὲ
2610 2520 2636 2574 6
2680 2520 2906 2597 πτωχὸς
2958 2518 2994 2584 ἦ
3026 2520 3145 2595 περὶ
3180 2521 3255 2573 ὧν
3307 2519 3520 2599 εἴρηκε,
3576 2527 3774 2577 Μακα-

2130 2628 2232 2684 ριοι
2292 2610 2337 2663 οἱ
2388 2609 2598 2686 πτωχοὶ
2656 2614 2733 2679 τῷ
2789 2608 3074 2682 πνεύματι,
3139 2606 3219 2663 ὅτι
3252 2608 3424 2663 αύτὼν
3461 2612 3490 2675 ἡ
3525 2608 3775 2685 βασιλείλ

2127 2698 2234 2751 τῶν
2261 2700 2494 2775 οὐρανῶν
2531 2717 2547 2777 ς

2215 2787 2401 2863 Κύριος
2475 2787 2632 2841 δώσει
2714 2785 2862 2864 ρἧα
2934 2799 3050 2846 τοῖς
3106 2785 3599 2863 εὖαγγελιζομένοις
3674 2786 3773 2843 δυ-

2134 2876 2290 2949 νάμει
2343 2874 2539 2951 πολλῇ,
2590 2878 2780 2951 Αὐτὸς,
2833 2878 2985 2955 φησὶ,
3047 2890 3166 2937 τοῖς
3225 2878 3396 2954 ἁγίοις
3439 2877 3769 2939 ἀποστόλοις

2130 2965 2285 3022 αὖτοῦ
2317 2963 2472 3020 δώσει
2503 2966 2675 3045 ῥῆμα,
2711 2967 2784 3029 εἷς
2814 2967 2871 3020 τὸ
2902 2963 3144 3020 δύνασθαι
3193 2964 3411 3040 κηρύξαι
3465 2968 3525 3021 τὸ
3589 2971 3772 3043 Εὔαγ-

396 3057 600 3114 autem
624 3058 714 3113 est
737 3050 904 3112 illud:
928 3050 1141 3113 Nolite
1162 3053 1297 3127 cogi
1304 3058 1438 3112 tare
1461 3052 1757 3129 quomodo
1777 3055 2045 3133 autquid

2140 3054 2328 3132 γελιον,
2396 3054 2635 3129 ’Ὅμοιον
2678 3052 2732 3109 δὲ
2784 3055 2843 3109 τὸ
2870 3070 2883 3083 ⁶
2948 3056 3032 3120 Μὴ
3064 3057 3431 3131 μεριμνήσητε
3463 3057 3512 3110 τί
3540 3055 3765 3125 εἴπητε,

400 3148 700 3222 loquamini
732 3166 751 3205 :
782 3148 1010 3206 dabitur
1039 3148 1183 3204 enim
1220 3146 1371 3204 vobis
1427 3150 1483 3202 in
1517 3148 1615 3205 illa
1646 3149 1781 3205 hora
1809 3152 1943 3222 quid
1968 3152 2042 3207 lo-

397 3238 663 3313 quamius“.
696 3235 813 3293 Non
845 3237 981 3294 enim
1020 3254 1107 3291 vos
1148 3236 1274 3293 estis
1309 3237 1401 3310 qui
1434 3236 1743 3309 loquimini,
1794 3239 1887 3296 sed
1917 3242 2045 3312 Spi-

397 3329 535 3385 ritus
569 3327 752 3384 Patris
783 3328 886 3382 mei
911 3328 1005 3401 qui
1036 3328 1282 3398 loquitur
1334 3326 1396 3382 iu
1439 3326 1590 3383 vobis
1623 3327 1693 3381 26.
1736 3328 1897 3393 Illud,
1933 3332 2048 3385 vir-

399 3415 525 3471 tute
554 3408 772 3488 multa,
806 3408 1067 3470 refertur
1092 3407 1165 3469 ad
1192 3408 1319 3469 hac
1352 3408 1852 3481 verba,Dominus
1880 3411 2049 3475 dabit

399 3497 671 3573 verbum,
710 3515 827 3559 non
862 3505 1059 3559 autem
1092 3497 1165 3559 ad
1192 3497 2047 3578 illud,evangelizantibus,ut

402 3588 641 3668 quidam
668 3587 1058 3649 aestimarunt.
1088 3584 1396 3666 Signiﬁcat
1427 3587 1615 3663 enim,
1642 3590 1799 3668 quod
1834 3608 2047 3668 magna

2131 3145 2167 3212 ἢ
2228 3146 2278 3200 τί
2322 3143 2597 3213 λαλήσητε
2633 3160 2646 3174 ⁸
2701 3141 2977 3212 δοθήσεται
3040 3145 3139 3220 γὰρ
3188 3145 3317 3216 ὑμῖν
3353 3144 3407 3198 ἐν
3464 3144 3639 3219 ἐκείνῃ
3697 3152 3770 3219 τῇ

2131 3234 2240 3313 ὥρᾳ
2300 3256 2347 3289 τι
2392 3232 2610 3300 εἴπητε.
2672 3230 2773 3292 Καὶ
2834 3233 2937 3311 οὐχ
2994 3234 3149 3305 ὑμεῖς
3207 3232 3324 3288 ἐστε
3385 3232 3768 3307 οἱλαλοῦντες,

2131 3324 2269 3379 ἀλλὰ
2326 3326 2387 3379 τὸ
2446 3328 2658 3397 Πνεῦμα
2727 3322 2820 3377 τοῦ
2898 3323 3100 3399 Πατρὸς
3181 3344 3282 3395 μου
3340 3324 3401 3377 τὸ
3460 3321 3651 3379 λαλοῦν
3712 3323 3771 3378 ἐν

2130 3415 2283 3471 ὑμῖν.
2347 3415 2442 3485 T6,
2511 3411 2727 3482 δυνάμει
2787 3410 2984 3490 πολλῇ,
3043 3412 3173 3489 πρὸς
3222 3414 3306 3489 τὸ,
3373 3412 3556 3489 Κύριος
3607 3409 3769 3468 δώσει

2131 3504 2301 3580 ῥῆμα,
2338 3506 2397 3560 ού
2439 3504 2571 3575 πρὸς
2600 3504 2684 3576 τὸ,
2735 3499 3250 3577 εὐςιιγγελιζομὲνοις²
3310 3500 3382 3562 ὥς
3440 3520 3579 3562 τινες
3636 3501 3767 3555 ἐνόα-

2130 3615 2310 3667 μισαν.
2350 3591 2603 3647 Βούλεται
2635 3593 2735 3669 γὰρ
2780 3592 2975 3669 εἰπεῖν,
3028 3590 3109 3644 ὅτι
3142 3591 3273 3665 μετὰ
3305 3589 3512 3658 πολλῆς
3550 3592 3591 3649 ὁ,
3634 3592 3770 3654 Θεὸς

399 3677 617 3738 virtute
648 3675 805 3736 Deus
831 3674 1079 3736 verbum
1102 3676 1348 3738 daturus
1379 3674 1454 3737 sit
1476 3679 2042 3761 evangelizantibus,

2140 3688 2231 3749 τῆς
2257 3683 2444 3762 ἰσχύος
2472 3680 2629 3738 δώσει
2681 3682 2827 3757 ῥῆμα
2876 3692 2996 3741 τοῖς
3056 3678 3568 3757 εύαγγελιζομὲνοις,
3602 3700 3768 3737 τουτ-

400 3766 459 3826 id
484 3773 597 3841 est,
633 3765 707 3826 iis
737 3764 841 3845 qui
868 3765 1167 3827 voluerint
1219 3765 1377 3827 bona
1426 3775 1629 3829 nostra
1657 3770 2033 3846 annuntiare,

2140 3771 2262 3846 ἑστι,
2303 3782 2398 3831 τοῦ
2427 3768 2761 3849 διαγγέλλειν
2809 3770 2874 3824 τὰ
2928 3767 3160 3843 ἡμέτερα
3191 3768 3361 3847 ἀγαθᾶ
3391 3768 3764 3844 βουλομένοις,

396 3854 530 3935 ipse
561 3872 904 3915 sermonem
938 3854 1292 3936 prebet,qui
1315 3857 1756 3935 evangelizandi
1782 3862 2041 3922 occasio-

2140 3864 2280 3924 ιῦτὸς
2314 3862 2545 3941 παρέχει
2578 3862 2669 3916 τὸν
2701 3859 2884 3940 λόγον,
2919 3861 2947 3915 6
2978 3861 3063 3915 mi
3095 3859 3195 3925 τὴν
3224 3859 3475 3937 ἀφορμὴν
3496 3867 3588 3917 τοῦ
3610 3860 3770 3937 εύαγ-

399 3962 538 4005 nem
562 3943 749 4007 dedit.

2140 3950 2447 4031 γελίσασθαι,

479 4034 572 4095 13.
613 4032 747 4095 Rex
766 4035 1064 4097 virtutum
1093 4033 1313 4097 dilecti.
1350 4036 1484 4115 Ipse
1506 4036 1735 4100 scilicet
1754 4038 2040 4103 Dominus

2206 4042 2266 4100 Ὀ
2324 4040 2574 4118 βασιλεὺς
2632 4045 2736 4097 τῶν
2797 4036 3068 4113 δυνάμεων
3115 4044 3208 4093 τοῦ
3279 4036 3584 4115 ἀγαπητοῦ,
3653 4040 3769 4095 Aci-

399 4122 504 4202 qui
528 4123 693 4185 dedit
712 4123 961 4185 verbum
988 4124 1383 4187 initiantibus:
1406 4126 1532 4207 ipse
1549 4146 1805 4207 namque
1825 4139 1914 4191 est
1936 4150 2037 4192 rex

2140 4136 2213 4195 τὸς
2275 4132 2460 4208 Κύριος
2521 4132 2548 4186 6
2591 4128 2761 4194 διδοὺς
2811 4126 2957 4206 ῥῆμα
3018 4139 3134 4191 τοῖς
3173 4140 3576 4205 μυσταγωγοτς·
3607 4130 3770 4193 αὐτὸς

396 4212 606 4276 dilecti
637 4213 841 4295 populi
877 4236 890 4276 ε
927 4214 1057 4293 ipse
1107 4215 1249 4276 item
1282 4224 1372 4276 est
1401 4219 1588 4278 virtus
1620 4218 1773 4297 ejus.
1810 4220 2042 4301 Speciei

2140 4222 2225 4301 γάρ
2276 4222 2419 4278 ἐστιν
2451 4223 2479 4276 6
2536 4219 2783 4295 βασιλεὺς
2830 4227 2922 4275 τοῦ
2965 4217 3246 4295 ἀγαπητοῦ
3276 4214 3409 4272 λαοῦ
3441 4237 3457 4252 ο
3492 4220 3649 4283 αὐτὸς
3709 4215 3766 4272 δέ

395 4301 610 4364 domus
632 4304 909 4366 (lividere
938 4303 1162 4385 spolia.
1196 4304 1421 4366 Domus
1451 4315 1589 4367 sunt
1617 4309 1717 4388 qui
1747 4309 1807 4370 in
1844 4310 2041 4373 Chris-

2140 4318 2236 4367 ιστι
2267 4310 2428 4367 πάλιν
2459 4312 2494 4377 ἡ
2529 4308 2745 4383 δύναμις
2794 4312 2975 4368 αὐτοῦ.
3039 4312 3119 4382 Τῇ
3163 4305 3453 4385 ὡραιότητι
3490 4314 3585 4364 τοῦ
3612 4305 3769 4365 οἴκου

397 4399 520 4453 tum
553 4392 941 4455 crediderunt
976 4416 989 4457 :
1050 4393 1286 4473 species
1341 4403 1537 4458 autem
1575 4396 1810 4479 domus,
1845 4401 2037 4462 sancti

2140 4400 2387 4457 Ξιελέσθαι
2454 4398 2641 4459 σκύλα,
2727 4398 2895 4459 Οἶκος
2970 4396 3067 4471 μὲν
3144 4397 3193 4449 οί
3243 4396 3623 4460 πιστεύσαντες
3690 4397 3767 4458 εἷς

397 4482 531 4562 ejus
556 4481 833 4563 discipuli
867 4490 925 4545 et
955 4484 1229 4562 apostoli.
1255 4483 1352 4545 Ait
1384 4486 1588 4567 igitur,
1614 4507 1745 4549 eum
1781 4508 2039 4570 evange-

2140 4493 2364 4570 Χριστὸν
2397 4506 2411 4520 ·
2447 4488 2719 4566 ὡραιότης
2778 4484 2832 4542 δὲ
2889 4492 2983 4543 τοῦ
3010 4483 3166 4540 οἴκου
3197 4487 3244 4541 οἱ
3290 4483 3433 4562 ἅγιοι
3462 4485 3621 4543 αὐτοῦ
3651 4506 3765 4560 μα-

396 4570 553 4633 listis
585 4572 861 4633 daturum
895 4591 1027 4635 esse
1058 4573 1330 4655 verbum,
1363 4584 1427 4637 ut
1456 4576 1724 4639 dividant
1757 4580 2040 4661 spolia,id

2140 4582 2279 4648 ἠταῖ
2309 4581 2397 4636 καὶ
2426 4577 2739 4636 ἀπόστολοι.
2791 4574 2951 4653 Λέγει
2985 4574 3098 4653 οὖν,
3131 4573 3213 4631 ὅτι
3244 4578 3312 4649 τῇ
3341 4574 3631 4652 ὁραιότητι
3672 4574 3768 4631 τοῦ

400 4668 490 4722 est
512 4668 574 4721 ut
603 4663 776 4724 traha
794 4670 857 4722 nt
884 4669 1094 4742 gentes
1124 4664 1197 4725 ad
1230 4664 1435 4743 ﬁdem,
1473 4673 1536 4727 ut
1566 4667 1900 4748 exspolient
1928 4668 2040 4732 Sa-

400 4758 618 4811 tanam.

482 4929 665 4993 M.Si
684 4930 1011 4995 dormiatis
1034 4935 1198 4995 inter
1213 4934 1447 4995 medios
1472 4935 1784 4999 cleros.Ad
1810 4946 2047 5000 sanctos

398 5021 702 5100 apostolos
734 5038 931 5082 sermo
956 5022 1234 5085 refertur.
1262 5021 1348 5103 Si,
1378 5024 1596 5106 inquit,
1629 5043 1731 5086 vos
1754 5028 2051 5108 accipiant

398 5108 785 5173 cleri.Cleros
815 5120 1015 5173 autem
1048 5121 1215 5174 vocat
1244 5131 1347 5173 eos
1366 5113 1464 5193 qui
1490 5132 1559 5199 ex
1591 5114 1828 5178 duobus
1851 5137 2046 5199 popu-

402 5200 475 5260 lis
508 5199 820 5261 credidere
850 5217 862 5258 :
890 5200 940 5261 si
964 5199 1025 5261 in
1049 5202 1194 5279 ipsis
1223 5206 1496 5281 requiem
1522 5196 2047 5287 habeatis,d’ab'un-

399 5304 496 5353 tur
525 5298 607 5353 eis
635 5313 832 5368 penum
867 5299 1141 5366 columbae,
1177 5300 1331 5370 cuius
1354 5303 1665 5373 posteriora
1695 5304 1846 5362 dorsi
1882 5306 2049 5364 deau-

402 5387 543 5439 rata
578 5379 887 5469 eruntAit
920 5389 1117 5469 autem
1151 5380 1432 5462 Spiritum
1464 5393 1733 5446 sanctum
1761 5391 2045 5469 acceptu-

400 5480 504 5524 ros
536 5483 672 5527 esse
703 5468 805 5546 qui
833 5468 1135 5549 apostolos
1152 5471 1517 5551 receperint.
1544 5475 1856 5555 Μιτάφρινα
1878 5468 2043 5561 vero,

2126 4670 2306 4745 οἴκου,
2371 4669 2610 4726 τουτέστι
2642 4679 2758 4729 τοῖς
2792 4663 3231 4743 εὖαγγελισταῖς,
3261 4664 3419 4745 αὐτὸς
3474 4660 3629 4720 δώσει
3660 4664 3766 4742 ρἦ

2125 4782 2226 4840 μα⁷
2277 4744 2407 4839 πρὸς
2457 4760 2518 4814 τὸ
2570 4755 2829 4812 διελέσθαι
2872 4752 3059 4826 σκύλα,
3111 4744 3405 4809 τουτέστιῖ
3438 4753 3653 4809 ἑΑκῦσαι
3700 4754 3767 4808 τὰ

2127 4849 2248 4916 ἔθνη
2272 4855 2339 4926 τῇ
2360 4849 2559 4919 πίστει,
2586 4848 2671 4903 καὶ
2701 4844 2982 4904 σκυλεῦσαι
3012 4844 3104 4898 τδν
3133 4848 3399 4905 Σατανᾶν.

2215 4938 2339 4998 Ἐὰν
2398 4941 2697 5013 κοιμηθῆτε
2751 4934 2852 4990 ἆνὰ
2913 4933 3077 5009 μέσον
3146 4939 3253 4989 τῶν
3329 4932 3571 5010 κλήρων.
3629 4935 3770 5011 Πρὸς

2131 5032 2250 5091 τοὺς
2284 5029 2463 5107 ἁγίους
2510 5024 2839 5086 ἀποστόλους
2869 5023 2897 5078 ὀ
2933 5022 3117 5100 λύγος.
3153 5019 3302 5096 Ἐὰν,
3335 5024 3489 5102 φησὶ,
3519 5020 3771 5088 δέξωνται

2132 5121 2268 5195 ὑμᾶς
2302 5121 2347 5175 οἱ
2376 5117 2593 5196 κλῆροι,
2658 5115 2897 5193 κλήρους
2941 5111 2997 5167 δὲ
3040 5113 3164 5175 τοὺς
3221 5112 3282 5169 ἔκ
3326 5114 3429 5169 τῶν
3478 5110 3567 5167 δύο
3623 5110 3773 5168 λαῶν

2132 5210 2517 5271 πιστεύσαντας
2550 5207 2675 5287 ἔφη.
2709 5205 2839 5263 Ἐὰν
2883 5211 2995 5277 οὖν,
3049 5203 3233 5281 φησὶν,
3282 5201 3658 5269 ἀναπαύσηεθε
3714 5200 3772 5257 ἐν

2132 5304 2346 5381 αὐτοῖς,
2404 5297 2712 5365 δοθησονται
2772 5297 2955 5358 αὐτοῖς
3008 5292 3264 5370 πτέρυγες
3322 5297 3656 5381 περιστερᾶς,
3694 5292 3773 5381 τὰ

2137 5378 2443 5471 μετάφρενα
2516 5388 2748 5469 ἐχούσης
2823 5382 3353 5463 περικεχρυσωμένα.
3444 5380 3602 5460 Λέγει
3646 5378 3769 5471 Ϋδὲ,

2130 5482 2204 5544 ὡς
2252 5470 2568 5556 Πνεύματος
2602 5476 2753 5554 ἁγίου
2783 5472 3165 5541 ἀξιωθήσονται
3204 5475 3250 5530 οἱ
3279 5472 3400 5535 τοὺς
3430 5472 3610 5551 ἁγίους
3635 5470 3768 5527 ἀπο-

484 5623 533 5666 ²¹
568 5624 724 5687 Psal.
756 5644 920 5709 Lxxl,
951 5633 1011 5695 6.
1057 5630 1112 5673 ‘9
1138 5630 1247 5695 Isa.
1286 5651 1326 5707 I,
1364 5635 1457 5696 1‘2.
1505 5634 1568 5684 95
1594 5636 1817 5697 Jerem.
1850 5655 1929 5719 v1,
1951 5638 2049 5703 20.
2098 5638 2364 5703 αἰϐοῖ.
2402 5656 2469 5715 ιι,
2503 5640 2561 5700 9.
2608 5636 2895 5703 “Matth.
2921 5655 2976 5716 v,
3010 5632 3066 5696 3.
3115 5631 3171 5676 ⁸³
3195 5631 3402 5697 llttb.
3425 5648 3486 5712 ι,
3528 5630 3623 5711 l9,
3662 5628 3765 5693 εο.
