4006 6204
443 306 560 370 307
1236 307 1295 367 S.
1343 306 1771 370 ATHANASII
1812 303 1978 369 OPP.
2022 308 2241 372 PARS.
2290 313 2400 375 III.
2445 347 2518 357 —
2568 314 3024 377 EXEGETICA.
3706 319 3835 386 308

453 445 565 527 qui
629 442 927 521 persecuti
988 449 1132 503 sunt
1193 461 1307 512 me,
1356 445 1590 505 inimici
1646 446 1768 506 mei
1830 446 2081 524 iniuste.

2191 453 2637 527 Εκραταιώθησαν
2707 456 2754 512 οἶ
2836 454 3023 534 ἐχθροί
3122 478 3224 532 μου
3256 502 3274 532 ,
3366 461 3414 515 οἱ
3476 456 3828 524 ἐπιδιώκοντες

405 562 429 581 ο
455 531 729 626 Dcclarat
759 548 932 609 quam
965 530 1186 610 injuste
1231 535 1526 595 sententia
1569 542 1777 595 contra
1806 552 1943 596 eum
1977 534 2091 597 lata

2189 559 2245 626 ιε
2278 537 2494 606 ἀδίκως.
2531 545 2823 625 Δείκνυσιν,
2861 530 3211 614 δίς-ἀδίκωςῆ
3244 530 3367 605 κατ’
3424 548 3582 605 αὗτοῦ
3639 550 3829 626 ψῆφος

459 625 554 685 sit.

536 718 595 772 6.
635 714 808 779 Deus,
843 721 907 773 tu
938 716 1058 774 scis
1086 715 1510 795 insipientiam
1540 731 1762 776 meam.
1794 714 2091 794 Iusipien-

457 805 597 866 tiam
628 802 932 882 dicit,eam
963 822 1093 883 quae
1126 805 1256 865 talis
1279 805 1516 867 videtur
1567 803 2095 877 hominibus,stul-

456 895 638 955 titiam
669 893 805 955 dico
828 893 1320 972 passionisFacta
1351 894 1509 956 enim
1546 895 1826 974 est,juxta
1856 911 2094 954 sacrum

455 982 898 1063 Apostolum‘",
932 1002 1076 1045 crux
1110 984 1345 1046 Domini
1373 984 1600 1047 Judaais
1630 982 1872 1063 quidem
1919 1000 2094 1043 scan-

455 1073 682 1148 dalum,
719 1072 994 1151 gentibus
1024 1081 1220 1134 autem
1255 1075 1518 1136 stultitia.
1544 1076 1631 1135 Tu
1665 1073 1869 1151 igitur,
1896 1091 1931 1132 o
1981 1075 2098 1134 Pa-

456 1176 569 1238 ter,
599 1163 807 1241 inquit,
846 1164 999 1224 nosti
1033 1165 1424 1226 (economiam
1473 1165 1689 1225 crucis.
1737 1166 1863 1225 Hoc
1897 1168 2092 1221 autem

454 1254 536 1315 ait
579 1252 719 1333 quia
776 1252 884 1313 fuit
945 1252 1236 1315 obediens
1271 1258 1423 1315 Patri
1456 1271 1642 1334 usque
1686 1253 1758 1313 ad
1812 1260 2090 1323 mortem,

454 1350 706 1404 mortem
737 1350 931 1402 autem
960 1343 1263 1404 crucis.Et
1294 1344 1507 1405 delicta
1529 1361 1663 1404 mea
1682 1360 1716 1402 α
1739 1350 1794 1403 te
1816 1358 1938 1402 non
1955 1346 2094 1401 sunt

453 1430 1040 1495 abscondita.Simile
1072 1440 1159 1492 est
1190 1433 1358 1495 huic:
1386 1432 1509 1509 Qui
1537 1451 1659 1493 non
1690 1432 1856 1493 novit
1879 1448 2087 1510 pecca-

453 1533 601 1602 tum,
652 1528 965 1599 peccatum
1010 1540 1123 1601 pro
1153 1521 1326 1584 nobis
1354 1521 1595 1601 fecit-50;
1635 1529 1811 1601 atque
1861 1519 1972 1580 hoc
2004 1525 2096 1579 est

452 1612 609 1692 quod
643 1610 900 1672 dicitur:
932 1614 978 1671 A
1002 1618 1057 1672 te
1086 1629 1211 1673 non
1239 1618 1380 1673 sunt
1414 1611 1793 1673 abscondita.

535 1706 590 1764 7.
626 1702 758 1763 Non
786 1699 1133 1762 erubescant
1165 1702 1227 1761 in
1254 1718 1344 1761 me
1372 1702 1481 1781 qui
1504 1705 1845 1780 exspectant
1879 1705 1953 1772 te,
1969 1698 2093 1759 Do-

2078 672 2087 679 .
2178 624 2534 698 ἐξενήνεκται,

2260 715 2320 775 Ὀ
2374 722 2525 801 Θεὸς,
2576 724 2638 778 σὺ
2695 723 2860 803 ἔγνως
2908 725 3005 792 τὴν
3062 724 3363 805 ἀφροσύνην
3436 749 3560 802 μου,
3625 726 3829 807 Ἀφρο-

2180 806 2341 873 σύνην
2401 813 2529 888 φησὶ
2576 812 2678 879 τὴν
2736 816 3085 888 νομισθεῖσαν
3146 815 3290 892 παρὰ
3348 828 3466 880 τοῖς
3519 816 3839 894 ἀνθρώποις

2180 897 2404 974 μωρίαν,
2452 901 2552 967 τὴν
2578 904 2674 959 τοῦ
2699 904 2894 968 πάθους
2938 905 3099 981 φημί.
3136 910 3326 982 Γεγονε
3378 906 3483 983 γὰρ
3542 907 3678 964 κατὰ
3735 913 3843 963 τὸν

2179 986 2316 1061 ἱερὸν
2373 985 2721 1064 Ἀπὸστολον,
2775 995 2802 1049 ὁ
2850 1000 2942 1050 τοῦ
3005 995 3191 1071 Κυρίου
3246 997 3473 1073 σταυρὸς
3539 994 3828 1059 Ἰουδαίοις

2183 1074 2280 1149 μὲν
2324 1073 2639 1154 σκάνδαλον,
2688 1080 2853 1138 ἔθνεσι
2885 1081 2938 1138 δὲ
2995 1084 3190 1157 μωρία.
3252 1084 3325 1139 Σὺ
3357 1086 3467 1157 οὖν,
3527 1087 3572 1140 ὦ
3624 1086 3834 1163 Πάτερ,

2178 1167 2359 1242 φῃσίυ,
2413 1166 2579 1245 ἔγνως
2610 1171 2709 1237 τὴν
2741 1169 2825 1228 διὰ
2845 1179 2940 1228 τοῦ
2983 1180 3210 1250 σταυροῦ
3261 1174 3587 1247 οἰκονομίαν.
3649 1182 3832 1232 Τοῦτο

2177 1251 2232 1308 δὲ
2273 1254 2440 1334 λέγει,
2491 1257 2675 1329 ἐπειδὴ
2720 1262 2936 1339 γέγονεν
2988 1264 3227 1332 ὑπήκοος
3285 1267 3361 1337 τῷ
3419 1265 3593 1341 Πατρὶ
3643 1265 3823 1344 μέχρι

2176 1346 2423 1426 θανάτου,
2454 1349 2678 1406 θανάτου
2737 1349 2792 1407 δὲ
2867 1359 3117 1431 σταυροῦ,
3192 1354 3290 1410 Καὶ
3342 1354 3395 1408 αἱ
3447 1352 3834 1429 πλημμέλειαί

2177 1457 2278 1509 μου
2318 1436 2424 1493 ἀπὸ
2474 1446 2566 1496 σοῦ
2638 1443 2733 1498 οὒκ
2790 1440 3205 1519 ἆπηκρύὸησαν.
3286 1439 3516 1517 ’Ὅμοιον
3567 1450 3667 1516 uir
3722 1446 3836 1502 Τὸν

2177 1524 2255 1598 μὴ
2309 1526 2500 1601 γνόντα
2553 1529 2813 1607 ἁμαρτίαν
2864 1532 3124 1609 ἁμαρτίαν
3164 1532 3294 1611 ὑπὲρ
3345 1534 3501 1606 ἡμῶν
3558 1532 3819 1599 ἐποίησε.

2179 1615 2279 1670 Καὶ
2307 1617 2463 1673 τοῦτό
2494 1617 2604 1674 ἐστι
2635 1621 2718 1676 τό·
2751 1618 2889 1677 Ἀπδ
2922 1628 3013 1677 σοῦ
3045 1621 3141 1678 οὐκ
3172 1621 3492 1701 ἐκρύϐησαν.

2260 1709 2348 1769 Μὴ
2445 1708 2854 1787 αἰσχυνθείησαν
2906 1708 2990 1765 ἐπ’
3050 1710 3142 1783 ἒμὲ
3201 1714 3247 1767 οἱ
3305 1709 3666 1784 ὑπομένοντες
3734 1732 3826 1790 σε,

452 1789 783 1854 mine.Dom
796 1790 897 1851 ine
921 1789 1496 1871 vtrtutum.lllud,in
1517 1790 1697 1879 me,id
1725 1800 1954 1869 est,per
1971 1805 2090 1866 me,

2189 1793 2360 1871 Κύριε,
2400 1796 2554 1873 Κύριε
2602 1804 2707 1853 τῶν
2769 1796 3066 1873 δυνάμεων.
3128 1801 3196 1856 Τὸ
3252 1801 3371 1879 μὲν,
3435 1798 3511 1855 ἐπ’
3579 1800 3674 1874 ἐμὲ
3728 1789 3841 1855 ἀνέ-

452 1880 574 1941 sive
607 1897 713 1959 per
732 1896 922 1939 meam
949 1897 1055 1958 pro
1075 1879 1147 1938 iis
1176 1878 1694 1959 passionem.Illud
1725 1877 2094 1956 autem,Non

450 1968 1004 2046 erubescant,quasi
1033 1968 1218 2047 ditas,
1256 1988 1331 2030 ne
1362 1969 1512 2029 ultra
1549 1966 1907 2029 erubescant
1936 1966 2093 2028 sicut

451 2058 591 2121 olim
619 2057 857 2137 quando
889 2058 961 2118 ob
996 2060 1441 2138 corruptionem
1486 2076 1666 2138 quam
1720 2055 2093 2133 patiebantur

453 2148 678 2229 pudore
701 2148 893 2210 affecti
916 2147 1247 2209 erant.Haec
1269 2158 1464 2209 autem
1490 2144 2087 2219 sententiazQuando,

451 2236 787 2318 inquit,ego
834 2237 893 2298 id
941 2239 1001 2298 in
1055 2256 1148 2298 me
1191 2239 1519 2316 suscepi,ut
1547 2255 1653 2315 pro
1686 2235 1807 2295 illis
1836 2243 2086 2295 mortem

451 2327 1209 2411 gustarem,aboleaturi|la
1239 2345 1344 2406 per
1374 2335 1624 2387 mortem
1660 2323 1806 2404 ipsis
1839 2323 1978 2384 olim
2010 2322 2088 2384 il-

452 2421 568 2483 lata
597 2416 860 2479 infamia.
894 2415 1037 2477 Nam
1069 2436 1228 2477 mors
1257 2434 1395 2477 vere
1427 2414 1665 2476 infamia
1696 2424 1845 2494 erat,
1879 2414 1938 2473 in
1972 2414 2085 2473 bo-

452 2512 674 2574 minem
707 2507 778 2569 ad
812 2506 1130 2582 imaginem
1168 2505 1273 2568 Dei
1307 2513 1570 2565 creatum
1634 2521 1879 2582 regnum
1931 2501 2089 2562 obti-

451 2596 943 2675 nens.Signiﬁcat
973 2595 1169 2674 itaque
1204 2612 1307 2673 per
1336 2594 1466 2673 ejus
1485 2592 1989 2654 resurrectionem
2014 2591 2091 2673 de

452 2689 651 2756 medio
669 2685 988 2749 tollendam
1008 2703 1141 2746 esse
1162 2680 1595 2746 mortem.Huic
1616 2681 2091 2762 interpretationi

448 2779 792 2862 adjungitur
821 2791 1024 2836 versus
1053 2776 1151 2835 isti
1183 2769 1693 2862 consimilissNon
1714 2770 2093 2862 confundan-

452 2859 557 2934 tur
580 2884 762 2948 super
781 2882 876 2927 me
906 2866 1011 2944 qui
1029 2869 1311 2942 quaerunt
1336 2868 1405 2925 te.
1443 2859 1700 2923 Pulchre
1729 2860 2004 2938 superius
2035 2868 2094 2920 et

447 2963 564 3025 hoc
594 2960 731 3019 item
768 2955 896 3016 loco
930 2952 1096 3025 dixit,
1124 2969 1304 3030 super
1327 2949 1595 3022 me.Quia
1618 2949 1777 3011 enim
1805 2950 1931 3028 ipse
1966 2957 2093 3009 erat

447 3049 552 3133 qui
583 3044 938 3117 concitabat;
963 3043 1013 3104 si
1034 3048 1219 3102 victus
1252 3039 1779 3120 fuiss'et,pudorem
1803 3039 2092 3133 adlaturus
2118 3128 2149 3133 _
2173 3048 2272 3124 γὰρ
2361 3052 2515 3114 αὐτὸς

2176 1885 2225 1938 τί
2255 1892 2367 1958 τοῦ,
2404 1882 2473 1940 δι’
2500 1886 2625 1962 ἐμὲ,
2658 1887 2775 1955 ἤτοι
2808 1887 2891 1944 διὰ
2935 1896 3029 1945 τοῦ
3059 1890 3189 1962 ἐμοῦ
3219 1889 3348 1967 ὑπὲρ
3394 1890 3565 1946 αὒτῶν
3594 1892 3830 1953 πάθους⁸

2180 1974 2235 2027 τὸ
2289 1972 2368 2047 δὲ,
2456 1978 2543 2044 Μὴ
2613 1978 3046 2057 αἰσχυνθείησαν,
3108 1980 3224 2035 ἀντὶ
3284 1989 3395 2041 τοῦ,
3469 1980 3659 2053 μ-κὲτι
3734 1982 3836 2035 αἱ·

2175 2063 2551 2141 σχυνθείησαν,
2614 2068 2688 2131 ὡς
2749 2067 2913 2124 πάλαι
2975 2070 3146 2124 αὒτῶν
3203 2068 3588 2146 ἧσχυνομένων
3643 2068 3711 2123 δι’
3755 2071 3820 2134 ἠν

2176 2151 2461 2225 δπὲμειναν
2520 2158 2736 2234 φθοράν,
2777 2156 2834 2213 Ὀ
2878 2154 2931 2211 δὲ
2993 2165 3111 2220 νοῦς
3170 2159 3348 2220 οὗτος·
3409 2155 3630 2224 Ἐπειδὴ
3675 2158 3817 2234 ἐγὼ,

2175 2242 2326 2319 φησὶ,
2360 2242 2722 2319 κατεδεξάμην
2786 2247 2918 2324 ὑπὲρ
2974 2250 3146 2304 αὐτῶν
3226 2248 3508 2322 γεύσασθαι
3565 2248 3828 2318 θανάτου,

2173 2329 2469 2407 ἀναιρεθείη
2550 2338 2584 2403 ἡ
2630 2335 2795 2393 πάλαι
2858 2335 2979 2392 κατ’
3049 2338 3219 2392 αὐτῶν
3264 2336 3525 2414 γενομένη
3584 2336 3669 2393 διὰ
3727 2341 3833 2394 τὸν

2171 2420 2390 2477 θάνατον
2450 2424 2705 2504 αἰσχύνη,
2776 2427 3016 2505 Αἷσχύνη
3075 2428 3175 2502 γὰρ
3234 2428 3301 2493 ἦν
3344 2435 3436 2483 τοῦ
3486 2425 3605 2481 κατ’
3638 2428 3832 2482 simil:

2175 2516 2306 2565 Θεοῦ
2334 2513 2634 2578 κτισθέντος
2667 2515 2940 2592 ἀνθρώπου
2996 2515 3290 2591 βασιλεύων
3330 2518 3356 2570 ὁ
3404 2516 3648 2579 θάνατος,
3698 2526 3830 2583 Σηηση

2175 2599 2347 2671 μαίνει
2400 2609 2512 2681 06v,
2568 2605 2641 2667 ὡς
2691 2603 2772 2659 διὰ
2824 2604 2920 2672 τῆς
2970 2606 3130 2661 αὒτοῦ
3174 2604 3517 2668 ἀναστάσεως
3560 2605 3618 2660 ἐκ
3653 2606 3834 2679 μέσου

2174 2691 2457 2766 γενήσεται
2526 2695 2553 2748 ὁ
2605 2694 2850 2757 θάνατος,
2905 2694 3175 2761 Συνῆπτχι
3235 2703 3324 2752 οὖν
3402 2695 3456 2750 ἐν
3514 2697 3679 2770 ταύτῃ
3748 2700 3829 2765 τῆ

2175 2780 2428 2855 ἑρμηνείᾳ
2485 2785 2572 2839 καὶ
2628 2787 2655 2839 ὁ
2708 2784 2884 2862 ἕτερος
2940 2788 3152 2864 στίχος,
3202 2788 3228 2841 ὁ
3260 2786 3443 2841 τούτου
3494 2786 3830 2858 παρόμοιος

2174 2867 2321 2935 Μηδὲ
2414 2870 2797 2950 ἑντραπείησαν
2884 2873 2974 2931 ἐπ’
3067 2875 3162 2949 ἐμὲ
3251 2878 3296 2931 οἱ
3379 2878 3661 2944 ζητοῦντες
3738 2898 3834 2937 σε,

2178 2956 2365 3023 Καλῶς
2396 2964 2485 3018 καὶ
2514 2962 2623 3017 ἅνω
2680 2966 2804 3018 εἶπε
2852 2966 2937 3037 τὸ,
2997 2962 3081 3019 ἔπ’
3142 2964 3261 3039 ἐμὲ,
3318 2970 3404 3019 καὶ
3434 2962 3559 3025 ὦδε.
3596 2965 3839 3033 Ἐπειδὴ

2616 3054 2680 3126 ᾖν
2733 3054 2761 3106 ὁ
2845 3052 3172 3131 προτρέψας,
3251 3056 3500 3120 ἡττηθεὶς
3559 3055 3838 3133 αἰσχύνην

451 3126 579 3203 erat
619 3136 694 3198 iis
733 3132 837 3214 qui
878 3132 987 3194 sibi
1043 3130 1582 3220 obtemperassent,
1617 3126 1947 3220 utpotequi
1987 3145 2091 3206 per

2189 3140 2326 3216 ἐφερε
2397 3153 2516 3202 τοῖς
2580 3144 2906 3220 πεισθεῖσιν,
2979 3142 3053 3204 ὠς
3114 3140 3294 3218 ἀπάτῃ
3351 3144 3436 3197 καὶ
3487 3141 3697 3213 εόκολίᾳ
3725 3148 3839 3199 τὸν

451 3226 721 3292 fraudem
754 3234 812 3286 et
836 3222 1174 3284 facilitatem
1207 3218 1390 3280 animi
1424 3218 1687 3299 pericula
1717 3216 2023 3279 adiissent.

531 3318 591 3391 8,
659 3314 723 3377 9.
768 3313 1070 3389 Quoniam
1123 3316 1373 3389 propter
1435 3314 1491 3370 te
1542 3306 1809 3368 sustinui
1875 3323 2092 3385 oppro-

453 3408 684 3472 brium.
743 3403 1029 3475 Postulo,
1092 3399 1319 3478 inquit,
1383 3404 1446 3457 ut
1520 3414 1675 3457 mo.s
1747 3394 1823 3456 de
1890 3394 2088 3457 medio

451 3496 731 3571 tollatur,
793 3492 1075 3574 quoniam
1137 3486 1424 3549 obediens
1480 3485 1587 3547 tibi
1651 3485 1839 3547 factus
1899 3484 2086 3563 ipsam

448 3586 680 3667 accepi.
738 3584 1094 3646 Extraneus
1135 3578 1333 3667 factus
1380 3593 1515 3667 sum
1544 3574 1861 3667 fratribus
1919 3575 2085 3667 meis.

449 3678 575 3739 Hoc
602 3663 682 3736 ait
712 3674 848 3754 quia
878 3679 1148 3750 tempore
1181 3664 1475 3746 passionis
1503 3666 1577 3726 ab
1606 3664 1882 3726 omnibus
1908 3663 2088 3724 dere—

447 3770 624 3832 lictus
652 3772 762 3826 est.

538 3857 632 3919 10.
667 3852 971 3929 Quoniam
989 3852 1166 3911 zelus
1186 3848 1398 3909 domus
1421 3854 1537 3909 tum
1571 3846 1824 3907 comedit
1855 3862 1967 3905 me.
1995 3844 2088 3905 Me

451 3946 840 4023 abnegarunt,
866 3936 1225 4019 inquit,quia
1254 3935 1643 4014 coarguebam
1665 3952 1767 3995 eos
1797 3932 1953 4023 quod
1978 3933 2086 3992 im-

457 4037 540 4120 pii
563 4022 627 4095 in
649 4033 1078 4120 domurqtuam
1114 4023 1612 4120 essent.lilnarrat
1643 4032 1839 4120 autem
1894 4022 2087 4120 histo-

451 4111 601 4190 riam
632 4123 852 4183 diserte
872 4113 1316 4194 Joannes,quod
1348 4113 1576 4191 ﬂagello
1611 4114 1860 4190 ejecerit
1881 4128 1985 4173 eos
2017 4111 2091 4173 de

455 4215 675 4292 templo
691 4209 742 4253 δι
756 4208 855 4271 .Et
871 4204 1191 4287 opprobria
1220 4202 1711 4292 exprobrantium
1738 4202 1846 4263 tibi
1867 4201 2094 4292 cecide-

454 4290 604 4370 runt
630 4317 811 4381 super
840 4314 953 4359 me.
976 4296 1110 4358 Non
1144 4293 1341 4363 modo,
1374 4290 1589 4371 inquit,
1623 4300 1937 4381 extra‘neus
1968 4290 2089 4353 fac.

458 4404 554 4458 tus
583 4378 715 4454 sum
744 4398 803 4452 et
832 4384 1207 4469 peregrinus,
1242 4383 1346 4444 sed
1380 4381 1555 4444 etiam
1589 4378 1908 4477 opprobria
1953 4400 2090 4477 sus-
2115 4424 2163 4477 Β

462 4485 721 4550 sinebam
755 4481 828 4544 ab
859 4480 930 4541 iis
957 4480 1059 4561 qui
1091 4496 1197 4558 per
1228 4477 1379 4538 mala
1424 4492 1604 4555 opera
1656 4471 2097 4553 exprobrabant

460 4576 592 4640 tibi.
624 4572 801 4637 Nulla
845 4577 1040 4632 autem
1094 4567 1210 4628 alia
1259 4567 1335 4627 de
1363 4581 1539 4626 causa
1567 4562 1624 4624 id
1659 4562 1948 4643 patiebar,
1982 4561 2097 4624 nisi

457 4672 701 4750 propter
728 4662 917 4723 zelum
948 4659 1158 4719 domus
1185 4664 1321 4718 tuas.

545 4759 690 4820 lt-l
704 4755 857 4820 3.Et
886 4754 1099 4825 operui
1113 4754 1180 4814 in
1196 4752 1431 4832 jejunio
1453 4750 1726 4812 animum
1752 4754 2094 4823 meam,elc.

461 4850 706 4921 Dolens,
741 4847 952 4926 inquit,
986 4842 1061 4904 de
1083 4842 1279 4904 futura
1310 4839 1638 4902 animarum
1664 4856 1869 4899 eorum
1899 4840 2095 4917 perni-

461 4939 551 5001 cie
582 4938 695 4999 boc
715 4944 895 5015 atque
937 4932 1081 4993 illud
1112 4929 1381 5009 agebam.
1431 4927 1518 4991 Illi
1571 4945 1706 4989 vero
1741 4946 1846 5009 pro
1878 4927 2095 5009 quibus

462 5024 757 5108 ejusmodi
787 5040 886 5086 res
907 5020 1267 5093 efﬁciebam,
1292 5019 1455 5080 omni
1477 5028 1746 5108 tempore
1767 5027 1825 5079 et
1846 5018 1976 5108 loco
2001 5036 2096 5079 me

463 5107 525 5179 in
553 5133 657 5177 ore
685 5109 1455 5190 versabant,exprobrantes
1484 5107 1629 5169 mihi
1666 5107 2096 5170 macerationes
2128 5152 2131 5155 ν

462 5205 596 5270 illas
626 5222 771 5284 quas
793 5220 1000 5263 eorum
1024 5218 1202 5261 causa
1231 5197 1620 5260 sustinebam.

552 5294 648 5358 14.
680 5292 816 5370 Ego
838 5307 978 5353 vero
1004 5290 1339 5352 orationem
1364 5304 1557 5349 meam
1592 5286 1672 5347 ad
1703 5292 1781 5366 te,
1814 5286 2095 5367 Domine,

466 5381 737 5451 Etiamsi,
760 5380 973 5458 inquit,
1001 5378 1401 5440 retribuerunt
1424 5375 1568 5437 mibi
1589 5374 1739 5436 mala
1761 5394 1866 5455 pro
1898 5373 2097 5456 bonis,

2173 3224 2405 3285 κίνδυνον
2438 3228 2734 3303 ἑλομένοις.

2255 3314 2388 3372 "Ott
2477 3317 2630 3375 ἕνεκά
2728 3342 2823 3376 σου
2911 3322 3193 3397 ὑπήνεγκα
3252 3319 3573 3394 ὀνειδισμὸν,
3642 3321 3829 3396 Δίτῶ,

2174 3407 2360 3484 φησὶν,
2446 3406 2685 3464 ἐκποδὼν
2741 3409 2982 3486 γενέσθαι
3037 3414 3129 3465 τὸν
3186 3409 3435 3465 θάνατον·
3496 3407 3679 3475 ἐπειδη
3727 3420 3837 3472 καί

2174 3515 2257 3549 σοι
2290 3497 2522 3572 γεγονὼς
2552 3497 2814 3577 ὑπήκεος,
2874 3501 3029 3556 αὐτὸν
3081 3496 3472 3577 ἀναδέδειγμαὶ.
3534 3496 3831 3564 Ἀπηλλο-

2172 3585 2460 3661 τριωμένος
2542 3587 2802 3666 tentem
2879 3601 2999 3651 τοῖς
3089 3586 3340 3650 ἀδελφοῖς

2175 3696 2303 3752 φησι
2334 3672 2419 3730 διὰ
2458 3676 2557 3741 τὴν
2588 3678 2885 3751 γενομένην
2932 3678 3074 3750 αὖτῷ
3118 3677 3202 3733 ἐπὶ
3260 3687 3352 3736 τοῦ
3412 3678 3606 3740 πάθους
3670 3680 3827 3755 παρὰ

2175 3766 2388 3821 πάντων
2419 3765 2821 3843 ἐγκατάλειψιν.
3176 3826 3185 3838 ,

2252 3844 2386 3902 "Ott
2444 3848 2471 3901 ίι
2517 3845 2677 3917 ζῆλος
2719 3856 2811 3905 τοῦ
2862 3849 3015 3906 οἴκου
3047 3872 3138 3906 σου
3171 3847 3437 3926 κατέφαγέ
3501 3871 3590 3919 με.
3623 3847 3833 3925 Ἠρνή-

2173 3933 2331 3989 σαντό
2362 3955 2453 4009 με,
2488 3939 2669 4015 φησὶν,
2703 3937 2885 4006 ἐπειδή
2913 3937 3154 4017 ἡλεγχον
3204 3934 3419 3999 ἀσεϐεῖς
3468 3938 3658 3998 αὐτοὺς
3716 3958 3830 4012 γε-

2174 4022 2422 4098 νομένους
2492 4027 2611 4103 περὶ
2663 4029 2753 4084 τὸν
2813 4028 2968 4085 οἶκον
3018 4031 3108 4085 τὸν
3156 4027 3272 4090 σόν,
3310 4036 3592 4102 Διηγεῖται
3622 4023 3681 4079 δὲ
3722 4026 3832 4092 τὴν

2180 4115 2406 4190 ἱστορίαν
2439 4122 2618 4194 σαφῶς
2670 4117 2698 4172 ὀ
2754 4116 3031 4185 Ἰωάννης’
3094 4116 3182 4172 ὅτε
3212 4112 3425 4182 ἒξέλαδε
3470 4115 3602 4189 μετά
3636 4136 3827 4192 φΡ²Τ·’

2183 4202 2359 4278 γελίου
2399 4207 2458 4260 Ex
2513 4214 2606 4263 τοῦ
2663 4209 2825 4285 ἱεροῦ.
2890 4209 2987 4265 Καὶ
3038 4210 3083 4263 οἱ
3141 4205 3430 4281 ὀνειδισμοι
3508 4210 3612 4259 τῶν
3667 4206 3828 4260 ὀνει-

2185 4288 2431 4363 διζόντων
2506 4317 2565 4351 σε
2650 4296 2909 4353 ἐπέπεσον
2996 4295 3083 4353 ἐπ’
3144 4294 3261 4370 ἐμέ.
3341 4296 3414 4352 Οὔ
3457 4294 3619 4367 μόνον
3678 4292 3833 4357 ξένος

2186 4380 2466 4459 ἐγενήθην.
2551 4385 2739 4463 φησὶ,’
2791 4386 2877 4442 καὶ
2952 4382 3493 4462 ἂπηλλοτριωμένος,
3548 4379 3686 4437 ἀλλὰ
3735 4380 3837 4437 καὶ

2178 4469 2527 4547 ὡνειδιζόμην
2560 4471 2611 4538 ἐξ
2668 4474 2879 4529 ἐκείνων
2939 4480 3042 4530 τῶν
3105 4474 3209 4529 ἀπὸ
3270 4477 3523 4550 πονηρῶν
3581 4469 3832 4548 πράξεων

2179 4560 2537 4633 ΔῘνιιδιζόντων
2595 4585 2677 4623 σε.
2740 4561 2820 4619 Δι’
2875 4561 3020 4620 οὗδέν
3076 4561 3127 4618 δὲ
3191 4561 3368 4641 ἕτερον
3447 4562 3515 4627 τὴ
3601 4566 3828 4615 τοιαῦτα

2176 4649 2416 4730 ἔπασχον
2446 4650 2481 4718 ἦ
2516 4649 2596 4710 διὰ
2622 4653 2713 4708 τὸν
2743 4650 2904 4723 ζῆλον
2933 4661 3025 4711 τοῦ
3054 4649 3209 4709 οἴκου
3239 4673 3355 4712 σου.

2262 4746 2360 4803 Καὶ
2449 4743 2787 4820 συνεκάλυψα
2890 4746 2944 4802 ἐν
3002 4746 3225 4816 νηστείᾳ
3299 4744 3397 4810 τὴν
3448 4743 3635 4822 ψυχὴν
3671 4764 3826 4816 μου.

3422 3611 3543 3658 μου.
3650 3593 3836 3645 Τοῦτό

2181 4833 2413 4913 Ἀλγῶν,
2466 4836 2617 4914 φησὶ⁹
2670 4832 2754 4890 διὰ
2812 4836 2909 4903 τὴν
2993 4833 3255 4908 ἐσομένην
3313 4833 3489 4891 αὐτῶν
3546 4829 3830 4887 ἀπώλειαν

2180 4924 2283 4979 τῶν
2315 4929 2506 5004 ψυχῶν
2564 4926 2625 4980 τὸ
2673 4926 2760 4981 καὶ
2831 4926 2892 4980 τὸ
2949 4925 3183 4983 ἐποίουν.
3245 4925 3305 4980 OI
3376 4915 3432 4978 δὶ
3491 4922 3621 4999 ὑπὲρ
3652 4924 3727 4975 ὠν
3756 4922 3829 4976 τὰ

2176 5023 2395 5073 τοιαῦτα
2424 5010 2609 5093 ἔδρων,
2644 5013 2698 5069 ἐν
2732 5015 2886 5070 παντὶ
2942 5020 3110 5092 καιρῷ
3165 5013 3254 5067 καὶ
3303 5010 3452 5085 τόπῳ
3480 5010 3565 5066 ἒπὶ
3609 5008 3829 5083 στόμα-

2180 5126 2269 5166 τος
2300 5101 2397 5178 ἐμέ
2426 5102 2634 5181 ἔφερον,
2693 5102 2756 5168 ἂς
2810 5104 2941 5182 ὑπὲρ
2998 5105 3170 5159 αὐτῶν
3229 5100 3522 5176 ἐποιούμην
3572 5120 3827 5155 κακοπα-

2180 5194 2321 5257 θείας
2354 5189 2693 5263 ὀνειδίζοντές
2727 5212 2818 5267 με,

2263 5279 2409 5359 Ἐγὼ
2456 5279 2510 5335 δέ
2564 5286 2632 5347 τῆ
2689 5286 2966 5360 προσευχῇ
3020 5302 3121 5355 μου
3177 5298 3308 5358 προς
3369 5278 3451 5340 σέ,
3522 5278 3699 5355 Κύριε,
3765 5278 3830 5333 Εἰ

2183 5373 2271 5428 καὶ
2298 5371 2525 5450 πονηρὰ,
2559 5372 2717 5449 φησὶν
2766 5366 3175 5426 ἆνταπεδίδοσάν
3232 5389 3323 5444 μοι
3383 5368 3498 5423 ἀντὶ
3584 5366 3825 5445 ἀγαθῶν³

471 5483 530 5536 at
557 5490 664 5551 ego
690 5489 807 5532 non
841 5456 1017 5531 ﬁnem
1048 5468 1197 5529 facio
1226 5485 1434 5548 preces
1470 5483 1575 5546 pro
1597 5464 1673 5527 iis
1703 5464 2091 5528 oﬂerendi.Et

2189 5457 2302 5517 ἀλλ’
2343 5459 2432 5516 όῦν
2462 5460 2555 5524 τὰς
2587 5460 2719 5538 ὑπὲρ
2750 5459 2923 5517 αὒτῶν
2990 5458 3099 5544 ξγὼ
3159 5458 3219 5516 οὗ
3290 5479 3527 5533 παυομαι
3568 5456 3826 5530 ποιούμε-

552 5640 649 5704 ⁴⁰Ι
679 5642 815 5705 Cor.
850 5658 891 5716 ι,
924 5637 1025 5702 23.
1109 5636 1165 5681 ⁸ο
1191 5634 1217 5700 Ι
1244 5638 1385 5699 Cor.
1407 5652 1463 5717 ν,
1490 5634 1588 5697 21.
1675 5633 1722 5677 ⁵¹
1747 5630 1924 5696 Joan.
1962 5654 2021 5716 ll,
2058 5636 2159 5699 15.
