4006 6204
466 321 581 388 315

461 553 875 619 dicatJustitia
900 577 1106 620 eorum
1131 561 1230 641 qui
1254 561 1416 640 prius
1447 553 1757 625 memorati
1803 572 1941 624 sunt
1978 565 2102 643 pri-

459 654 623 705 vatus
639 663 790 716 sum,
825 664 893 707 ac
925 652 982 708 in
1017 660 1363 729 paupertate
1392 652 1622 727 vivens,
1652 652 2105 731 divitiarumjuo

461 735 633 794 stitize
692 753 905 813 expers
958 757 1087 799 sum
1137 759 1151 799 :
1211 750 1573 821 quaprOpter
1632 749 1795 803 tuum
1857 743 2105 822 imploro

459 822 741 883 auxilium
774 826 1039 902 Adjnlor
1058 846 1230 890 meus
1261 838 1316 891 et
1364 829 1665 892 liberator
1703 849 1870 893 meus
1923 849 1985 892 es
2018 839 2104 904 tu,

464 914 743 985 Domine,
775 933 850 977 ne
883 924 1158 980 moreris.
1205 920 1391 981 Tuam
1452 919 1613 981 enim
1671 921 2104 1000 providentiam

457 1011 818 1065 consecutus
846 1024 1002 1070 sum.
1039 1008 1262 1069 Exaudi
1314 1027 1488 1088 quam
1546 1009 1862 1084 citissime,
1919 1020 1977 1071 et
2030 1028 2108 1071 ne

454 1089 695 1152 diﬂ‘eras
727 1095 1084 1170 postulatum
1133 1099 1501 1160 concedere.

456 1194 507 1249 1.
537 1194 862 1255 PSALMUS
888 1197 1099 1264 Davidi,
1138 1201 1197 1256 in
1223 1202 1402 1272 ﬁnem,
1445 1200 1686 1271 ﬁliorum
1740 1197 1992 1256 Ionadab
2056 1207 2107 1255 et

518 1287 765 1356 priorum
790 1290 1154 1360 captivorum.
1200 1292 1364 1347 Caret
1402 1290 1749 1363 inscriptione
1803 1289 1949 1360 apud
1999 1290 2105 1345 He-

522 1376 741 1435 braevos.
776 1377 936 1436 LXX.
1094 1396 1099 1403 ‘

1070 1472 1475 1541 Argumentum.

452 1555 864 1620 FiliiJonadab
900 1560 1007 1620 viri
1024 1560 1190 1621 fuere
1226 1560 1300 1637 pii
1320 1569 1374 1619 et
1403 1558 1570 1639 justi,
1607 1558 1711 1638 qui
1735 1559 1915 1638 patris
1958 1578 2100 1640 pras-

532 1656 707 1727 cepta
736 1660 1015 1710 accurate
1049 1648 1389 1729 servabant,
1425 1658 1602 1727 atque
1639 1650 1720 1710 ita
1751 1647 2013 1725 religiosi
2044 1659 2102 1711 et

533 1736 797 1799 moribus
829 1739 1148 1809 mansueti,
1184 1747 1247 1799 ut
1280 1755 1485 1799 eorum
1522 1737 1754 1797 virtutis
1787 1738 1952 1797 testis
1975 1739 2102 1818 ipse
2127 1760 2164 1810 Β

530 1823 709 1903 Deus,
748 1827 1097 1907 prophetam
1126 1828 1441 1890 Jeremiam
1475 1826 1806 1905 alloquens,
1840 1826 2099 1892 fuerit“.

531 1912 744 1975 Eorum
779 1924 1051 1995 tempore
1103 1916 1265 1995 prior
1294 1915 1599 1994 captivitas
1626 1915 1958 1977 Jerusalem
1991 1917 2100 1978 sub

524 2003 818 2067 Chaldaeis
849 2005 976 2067 fuit.
1002 2006 1078 2068 Hi
1099 2005 1352 2067 fortasse
1376 2023 1691 2084 personam
1718 2015 1926 2080 gerant
1946 2024 2095 2085 apo-

526 2093 809 2154 stolorum
846 2096 1039 2163 chori,
1076 2103 1172 2174 qui
1199 2094 1429 2155 naviter
1451 2092 1711 2154 coalestis
1732 2091 1925 2153 Patris
1951 2113 2097 2173 pra:-

532 2191 705 2262 cepta
765 2185 1040 2264 servavit,
1076 2195 1135 2246 et
1180 2183 1454 2244 laudibus
1484 2183 1817 2243 celebratus
1876 2191 1963 2245 cst
1995 2203 2099 2264 per

531 2271 936 2336 beatitudines
959 2293 1102 2354 quas
1126 2274 1465 2335 audierunt.
1493 2270 1775 2333 Similiter
1793 2280 1848 2332 et
1868 2283 2100 2350 aposto-

525 2362 716 2423 lorum
742 2374 1009 2442 tempore
1035 2364 1192 2444 prior
1213 2362 1634 2440 Hierosolymm
1657 2362 1963 2440 captivitas
1986 2365 2095 2423 sub

522 2450 809 2515 Romanis
831 2454 1069 2515 accidit.
1100 2453 1781 2531 Intrmlucunturitaque
1813 2453 1919 2530 ipsi
1948 2453 2094 2513 reli-

521 2542 665 2615 giosi
700 2543 829 2605 viri.
866 2544 1104 2604 scilicet
1131 2543 1538 2621 apostolorum
1573 2543 1813 2619 chorus,
1850 2542 1952 2621 qui
1989 2561 2094 2619 per

522 2641 879 2709 praesentem
909 2632 1199 2710 psalmum
1227 2632 1558 2691 orationem
1578 2639 1635 2689 et
1656 2631 1978 2707 gratiarum
2000 2650 2093 2690 ac-

521 2726 740 2783 tionem
779 2740 884 2801 pro
920 2721 1135 2803 seipsis
1170 2721 1285 2782 Deo
1329 2720 1611 2795 oiierunt,
1644 2718 1797 2797 quod
1852 2736 1915 2776 se
1975 2740 2086 2797 op-

518 2830 776 2891 pressos,
805 2830 940 2873 cum
973 2834 1002 2871 a
1034 2808 1518 2892 persecutoribus
1548 2805 1624 2865 ob
1676 2804 2084 2883 evangelicam

518 2902 1027 2979 praedicationem,
1067 2914 1191 2961 tum
1224 2918 1258 2959 a
1280 2895 1686 2974 spiritualibus
1708 2895 2068 2958 ἰιιειιιίηιοιίσ

522 2973 631 3055 bus
687 2992 1083 3063 daamonibus,
1119 2973 1407 3050 liberarit.
1446 2985 1811 3065 [nsuperque
1847 2973 2143 3063 promit.C

518 3091 647 3143 tunt
676 3101 739 3143 se
770 3081 1060 3142 sacriﬁcia
1094 3078 1284 3139 laudis
1309 3078 1503 3137 Solum
1556 3073 1880 3146 oblaturos,
1916 3074 2089 3150 legali

511 3171 790 3233 videlicet
818 3170 980 3230 cultu
1010 3166 1319 3228 liberatos.

1245 334 1305 397 Β.
1352 336 1778 401 ATHANASII
1822 337 1987 427 OPP.
2034 340 2250 404 PARS.
2299 343 2411 408 III.
2462 378 2536 391 -
2578 346 3040 411 EXEGETICA.

545 466 603 525 6.
639 463 774 545 qu
804 475 1004 530 autem
1035 471 1346 533 mendicus
1374 491 1508 534 sum
1555 481 1613 536 et
1640 492 1895 554 pauper.
1929 476 2108 548 Quasi
2128 483 2171 531 Α

3708 349 3823 417 316

2274 475 2415 556 Ἐγώ
2471 479 2527 537 δέ
2572 484 2794 563 πτωχός
2835 484 2943 558 εἰμι
3015 487 3103 540 καὶ
3149 484 3339 553 πένης.
3385 483 3528 543 Ἀντὶ
3564 494 3681 567 τοῦ,
3723 490 3826 556 Τῆς

2188 573 2294 622 τῶν
2323 571 2728 650 προειρημένων
2768 570 3106 640 δικαιοσύνης
3165 574 3480 651 ἒστέρημαι,
3544 578 3633 632 καὶ
3683 599 3829 634 πτω-

2187 655 2283 734 χίᾷ
2304 666 2493 730 συζὼν,
2554 662 2652 727 τῆς
2725 659 3065 739 δικαιοσύνης
3123 664 3217 720 οὐκ
3273 663 3389 743 ἔχω
3451 668 3546 721 τὸν
3579 664 3828 725 πλοῦτον·

2190 742 2269 801 διὸ
2300 752 2397 813 τῆς
2427 754 2526 814 σης
2572 748 2879 828 ἐπικουρίας
2910 753 3127 808 ἱκετεύω
3197 742 3411 833 τυχεῖν.
3471 757 3675 829 Βοηθός
3732 779 3833 831 μου

2188 835 2275 890 καὶ
2328 837 2522 913 psam;
2579 862 2681 914 μου
2739 844 2793 895 εἷ
2853 841 2939 918 σὺ,
3005 842 3181 920 Κύριε,
3244 843 3322 916 μή
3386 844 3673 923 χρονίσῃς.
3726 850 3831 915 Τῆς

2189 929 2290 990 σῆς
2322 927 2422 1004 γὰρ
2456 932 2777 1004 προμηθείας
2836 931 3136 1010 τετύχηκα.
3211 931 3544 990 Ἐπᾶκουσον
3602 933 3684 991 ὅτι
3735 937 3830 992 τά-

2190 1035 2378 1093 χιστα,
2424 1018 2511 1072 καὶ
2540 1020 2618 1084 μὴ
2652 1016 2892 1096 ἆναϐἀλθ
2922 1021 3021 1087 τὴν
3052 1019 3298 1089 αἴτησιν.

2190 1197 2276 1265 Τῷ
2326 1193 2492 1249 Δαυὶδ
2549 1202 2865 1269 ΨΑΛΜΟΣ,
2909 1199 2983 1262 εἷς
3031 1200 3092 1255 τὸ
3149 1200 3322 1273 τέλος⁹
3385 1208 3492 1257 τῶν
3542 1203 3670 1257 υἱῶν
3708 1200 3826 1260 ἰω-

2270 1279 2434 1336 ναδάνῖ
2464 1331 2480 1361 ,
2566 1286 2653 1340 καὶ
2752 1287 2855 1342 τῶν
2930 1288 3156 1363 πρώτων
3238 1289 3777 1370 αἰχμαλωτισθέντων
3808 1336 3822 1352 .

2270 1368 2657 1453 ’Λνεπίγραφος
2689 1375 2813 1453 παρ’
2848 1373 3134 1455 Ἑϐραίοις.
3169 1377 3251 1437 Ο’.

2861 1464 3160 1529 ἰ’πόθεσις,

2186 1552 2245 1606 Οἱ
2303 1553 2400 1606 υἱοὶ
2454 1560 2545 1610 τοῦ
2605 1551 2859 1611 Ἰωναδάὅ
2915 1556 3166 1633 γεγόνασι
3228 1555 3407 1633 ἄνδρες
3451 1557 3703 1623 εὐλαϐεῖς
3773 1582 3827 1619 τε

2267 1643 2354 1696 καὶ
2399 1639 2619 1715 δίκαιοι,
2652 1645 2741 1700 καὶ
2774 1651 2878 1700 τῶν
2923 1652 3013 1700 τοῦ
3063 1648 3261 1723 πατρὸς
3310 1646 3542 1703 ὶντολῶν
3603 1648 3825 1729 φύλακες

2266 1729 2532 1806 ἀκριϐεῖς,
2567 1735 2653 1789 καὶ
2697 1732 2835 1789 οὕτω
2876 1733 3147 1799 θεοσεϐεῖς
3176 1738 3260 1792 καὶ
3305 1738 3366 1792 τὸ
3398 1741 3527 1805 ἦθος
3576 1741 3826 1817 χρηστοὶ,

2264 1823 2338 1885 ὡς
2369 1823 2457 1877 καὶ
2516 1824 2752 1900 μάρτυρα
2808 1846 2904 1889 της
2947 1824 3121 1880 αὐτῶν
3175 1826 3368 1900 ἀρετῆς
3413 1828 3657 1903 γενέσθαι
3708 1830 3827 1883 Θεὸν

2263 1917 2338 1983 τῷ
2387 1912 2636 1990 προφήτῇ
2691 1911 3065 1989 διαλεγόμενον
3140 1912 3391 1992 Ἱερεμίᾳ,
3449 1916 3575 1973 Ἐπὶ
3633 1917 3824 1972 τούτων

2263 1998 2315 2053 δὲ
2374 2001 2462 2055 καὶ
2519 2002 2551 2066 ἡ
2614 2002 2802 2067 πρώτη
2874 2003 2969 2068 τῆς
3025 2001 3378 2078 Ἰερουσαλὴμ
3425 2008 3529 2061 ὑπό
3581 2004 3825 2061 Χαλδαίον

2262 2088 2607 2167 αἰχμαλωσία
2650 2090 2957 2167 γεγένηται.
3023 2100 3226 2170 Σχυῖεν
3285 2092 3331 2147 δ’
3386 2096 3447 2153 ἅν
3496 2097 3640 2150 οὗτοι
3674 2096 3824 2172 πρόσ-

2261 2200 2404 2233 ωπον
2437 2182 2526 2234 του
2584 2179 2942 2236 ἀποστολικόῦ
2986 2190 3174 2261 χοροῦ,
3219 2184 3313 2239 τοῦ
3344 2186 3434 2240 καὶ
3489 2183 3688 2261 σφόδρα
3733 2186 3822 2247 τὰς

2261 2275 2352 2324 τοῦ
2405 2268 2713 2343 ἐπουρανίου
2775 2271 2979 2345 Πατρός
3040 2271 3366 2344 φυλάξαντος
3438 2272 3702 2345 ἐντολὰς,
3754 2296 3818 2329 κα

2260 2359 2380 2418 τοὺς
2414 2358 2657 2423 ἐπαίνους
2690 2358 2975 2437 εἰληφότος
3034 2358 3118 2415 διὰ
3151 2363 3257 2417 τῶν
3310 2365 3441 2438 πρὸς
3505 2365 3692 2425 αὐτοὺς
3746 2366 3821 2417 eid

2261 2446 2508 2523 ρημένωι
2569 2456 2948 2525 μακαρισμῶν.
3027 2450 3259 2525 Ὀμοίως
3318 2460 3443 2529 γοῦν
3477 2454 3569 2507 καὶ
3599 2454 3683 2508 ἐπὶ
3712 2452 3823 2508 τού-

2260 2559 2364 2591 των
2395 2543 2499 2590 τῶν
2548 2536 2885 2608 ἀποστόλων,
2929 2541 3092 2617 φημὶ,
3154 2539 3183 2605 ix
3232 2546 3416 2615 πρώτη
3474 2540 3575 2607 τῆς
3633 2540 3821 2617 Ἰερου-

2257 2625 2437 2699 σαλὴμ
2516 2624 2857 2705 αἰχμαλωσία
2910 2629 3011 2683 ὑπὸ
3067 2629 3345 2702 Ῥωμαίων
3405 2630 3641 2706 ἐγένετο.
3705 2631 3821 2687 Biso-

2257 2716 2478 2791 ἀγονται
2515 2723 2602 2771 οὖν
2633 2718 2775 2771 οὗτοι
2809 2719 2855 2771 οἱ
2888 2718 3153 2795 θεοφιλεῖς
3186 2719 3460 2775 τουτέστιν
3495 2723 3524 2774 ὁ
3591 2719 3817 2775 ἀποστο-

2254 2803 2400 2867 λικὸς
2461 2806 2650 2882 χορὸς,
2707 2802 2791 2862 διὰ
2847 2814 2939 2863 τοῦ
2996 2808 3351 2883 προκειμένου
3385 2806 3609 2882 ψαλμοῦ
3663 2810 3821 2887 εὐχὴν

2254 2914 2310 2948 τε
2370 2894 2454 2947 καὶ
2515 2894 2858 2971 εὖχαριστίαν
2913 2896 3042 2971 ὑπέρ
3102 2895 3300 2950 ἑαυτῶν
3354 2896 3710 2974 ἀναφέροντες
3752 2900 3825 2969 τῷ

2250 2990 2388 3055 Sed),
2426 2979 2507 3060 ἐφ’
2552 2986 2640 3047 οἱς
2686 2980 3030 3049 θλιϐομένους
3080 2985 3263 3048 αὐτοὺς
3298 2984 3401 3040 ἀπὸ
3425 3006 3479 3040 τε
3557 2988 3660 3042 τῶν
3701 2985 3821 3042 διω-

2258 3070 2458 3128 κόντων
2495 3069 2576 3126 διὰ
2626 3078 2719 3127 τοῦ
2762 3070 3108 3149 εὖαγγελικοῦ
3169 3074 3535 3151 κηρύγματος,
3599 3076 3702 3130 ἀπό
3768 3095 3821 3130 τε

2254 3168 2360 3217 τῶν
2392 3163 2598 3225 νοητῶν
2628 3158 2920 3217 ἐπιϐούλων
2952 3167 3051 3227 τῆς
3083 3163 3253 3219 αύτῶν
3314 3164 3498 3242 ψυχῆς
3568 3162 3821 3237 δαιμόνων

514 3263 764 3319 διέσωσεν
794 3280 808 3295 ⁸
845 3260 919 3314 ἔτι
952 3281 1007 3314 τε
1040 3258 1459 3335 ὑπισχνούμενοι
1490 3254 1654 3326 μόνας
1690 3255 1783 3311 τὰς
1818 3252 1881 3307 δι’
1916 3255 2171 3319 αἰνέσεως
2204 3250 2540 3323 ἀναπέμπειν
2568 3250 2771 3325 θυσίας,
2807 3250 3217 3329 ἀπηλλαγμένοι
3252 3251 3501 3319 δηλονότι
3556 3259 3652 3320 τῆς
3681 3276 3747 3308 κα
3765 3254 3823 3308 ιὰ

430 3354 594 3429 νόμον
628 3351 900 3426 λατρείας.

502 3445 553 3499 2.
589 3444 649 3499 In
685 3452 753 3512 te,
786 3441 1025 3503 Domine,
1060 3440 1292 3510 speravi,
1330 3456 1439 3493 non
1478 3438 1788 3505 con/under
1837 3439 1893 3491 in
1923 3444 2083 3491 σιτον-

430 3552 601 3596 num.
632 3534 939 3607 Ingentem
976 3529 1246 3590 fiduciam
1281 3528 1540 3600 exhibet,
1578 3547 1794 3604 nempe
1821 3546 1986 3607 spem
2021 3527 2080 3586 in

432 3626 643 3687 Deum.
686 3621 751 3681 In
777 3618 1023 3700 justilia
1057 3625 1159 3679 tua
1193 3618 1387 3681 libera
1429 3636 1543 3678 me.
1602 3617 1836 3678 Justitia
1902 3618 2085 3677 l‘atris

433 3721 523 3774 est
551 3711 759 3777 Filius.
792 3726 896 3783 per
923 3725 1100 3787 quem
1164 3707 1397 3767 liberati
1460 3724 1665 3766 sumus
1727 3725 1759 3765 a
1816 3715 2079 3784 peccato,

429 3821 549 3883 quo
583 3802 642 3861 in
676 3798 1061 3876 corruptione
1088 3797 1526 3858 detinebamur.

508 3971 565 4030 3.
600 3968 745 4030 Esto
768 3968 920 4028 mihi
940 3972 1007 4027 in
1032 3967 1217 4027 Deum
1236 3972 1657 4045 protectorem.
1684 3966 1921 4026 Gnarus
1946 3982 2081 4043 apo-

427 4058 674 4120 stolicus
696 4057 916 4117 chorus
945 4055 1269 4134 pollicitum
1291 4072 1423 4117 esse
1453 4058 1665 4132 lleum,
1687 4052 1843 4133 quod
1871 4053 1997 4131 ipse
2020 4053 2079 4112 in

432 4163 666 4210 murum
698 4145 852 4223 ignis
879 4145 936 4206 in
965 4146 1219 4207 circuitu
1246 4145 1482 4207 futurus
1500 4144 1574 4204 sit
1596 4144 1670 4203 iis
1688 4142 1790 4223 qui
1812 4142 2083 4202 credide-

430 4235 632 4298 rintin
659 4237 877 4314 ipsum,
903 4246 1070 4313 rOgat
1116 4253 1244 4296 eam
1290 4234 1749 4316 promissionem
1784 4232 1991 4310 rejam
2023 4231 2082 4291 in

426 4344 491 4387 se
503 4324 813 4404 compleri.
826 4323 1133 4400 Quoniam
1146 4325 1598 4405 ﬁrmamentum
1616 4338 1814 4383 meum
1831 4330 1886 4380 et
1905 4322 2076 4397 refu-

426 4420 596 4495 gium
615 4432 815 4477 meum
834 4432 895 4476 es
914 4423 977 4476 tu
992 4466 997 4472 .
1014 4417 1140 4495 Ipsa
1160 4432 1417 4494 namque
1432 4424 1522 4474 est
1538 4421 2075 4491 petrasupraquam

2256 3435 2377 3492 Ἐπὶ
2461 3436 2566 3506 σοὶ,
2638 3435 2816 3511 Κύριε,
2887 3433 3114 3514 ἤλπισα,
3216 3437 3291 3509 μὴ
3380 3437 3817 3517 καταισχυνθεῖην

2176 3528 2251 3588 εἰς
2307 3526 2400 3579 τὸν
2432 3525 2621 3582 αἰῶνα.
2651 3524 2801 3600 Μέγα
2859 3525 3047 3599 θάρσος
3102 3527 3201 3591 τῆς
3265 3525 3635 3592 πεποιθήσεως
3685 3526 3816 3598 αὖτῷ

2165 3611 2546 3692 προϐάλλεται,
2608 3612 2706 3680 τὴν
2765 3612 2849 3667 ἐπὶ
2911 3619 2987 3686 τῷ
3050 3622 3165 3687 Θεῴ
3226 3614 3433 3673 ἐλπίδα.
3483 3616 3675 3691 Ἐντῇ
3730 3613 3811 3670 δι-

2165 3705 2421 3778 καιοσὺνῃ
2486 3725 2576 3759 seu
2630 3702 2779 3778 ῥῦσαί
2834 3723 2924 3773 με,
2983 3705 3301 3769 Δικαιοσύνη
3380 3712 3471 3760 τοῦ
3527 3707 3727 3782 Παιρὸς
3786 3705 3811 3758 ὁ

2168 3794 2310 3864 Υἱὸς,
2341 3788 2409 3846 δι’
2441 3791 2503 3847 οὗ
2528 3789 2852 3869 ἒρῤύσθημεν
2908 3796 3003 3858 τῆς
3065 3793 3403 3872 κατεχούσης
3436 3796 3584 3866 ἡμᾶς
3633 3795 3808 3871 ἦμαρ-

2162 3882 2276 3944 τίας
2304 3882 2377 3945 εἷς
2424 3883 2639 3960 φθοράν.

2246 3976 2403 4025 Γενοῠ
2489 3992 2579 4043 μοι
2678 3971 2751 4031 εἰς
2840 3971 2970 4025 Θεὸν
3033 3970 3436 4047 ὑπερασπιστήν
3473 4018 3486 4032 .
3557 3969 3717 4034 Εἰδὼς
3785 3972 3811 4025 ὃ

2166 4059 2522 4120 ἀποστολικὸς
2550 4060 2745 4137 χορὸς,
2804 4060 2875 4122 ὡς
2935 4059 3092 4122 αὒτὸς
3173 4057 3502 4138 ἐπήγγελται
3564 4074 3680 4123 τοῖς
3742 4081 3808 4134 εὶς

2166 4150 2323 4204 αὐτὸν
2375 4148 2710 4203 πιστεὺουσιν
2767 4147 2971 4203 ἔσεσθαι
3045 4149 3241 4227 τεῖχος
3298 4150 3463 4225 πυρὸς
3529 4148 3806 4227 κυκλόθεν,

2166 4237 2264 4303 τὴν
2322 4237 2574 4304 τοιαύτην
2604 4236 2901 4315 ὑπόσχεσιν
2932 4235 3069 4314 ἔργῳ
3115 4238 3188 4300 εἷς
3248 4237 3433 4293 ἑαυτὸν
3486 4236 3805 4315 πληροῦσθαι

2163 4325 2492 4403 παρακαλεῖ.
2583 4322 2715 4382 ’Ὁτι
2811 4325 3088 4399 στερέωμά
3186 4348 3291 4399 μου
3360 4329 3447 4382 καῖ
3534 4326 3853 4407 καταφυγή-

2164 4437 2264 4489 μιυ
2295 4415 2350 4470 εἷ
2395 4416 2477 4476 σύ,
2527 4415 2692 4476 Αὖτὸς
2725 4414 2823 4491 γὰρ
2849 4418 2994 4471 ἔστιν
3066 4416 3101 4482 ἡ
3135 4414 3323 4491 πέτρα,
3371 4415 3454 4494 ἐφ’
3514 4415 3576 4482 ἤν
3625 4418 3671 4470 οἱ
3725 4415 3803 4470 οἱ-

428 4502 697 4567 mtlificati
719 4503 1167 4566 fundamentum
1196 4504 1511 4573 habemus;
1533 4510 1590 4562 et
1611 4501 1740 4580 ipse
1764 4516 1967 4558 murus
1990 4506 2078 4557 est

2214 4503 2540 4572 δδομηὸέντες
2585 4505 2674 4558 τὸν
2701 4504 2945 4577 θεμέλιοι
2978 4503 3203 4583 ἔχομεν’
3240 4506 3326 4560 καὶ
3357 4506 3511 4566 αὐτὸς
3566 4506 3626 4560 τὸ
3681 4507 3799 4561 τεῖ-

425 4593 525 4670 qui
559 4592 826 4654 continet
848 4611 978 4672 nos,
1006 4602 1067 4654 ut
1101 4594 1247 4656 nihil
1281 4612 1350 4655 ex
1386 4593 1632 4653 incursu
1665 4586 1957 4649 malorum
1985 4590 2077 4648 Ias-

425 4682 656 4744 dsmur.
696 4682 909 4745 Libera
942 4700 1059 4756 me,
1097 4682 1311 4764 inquit.
1342 4681 1414 4743 ab
1448 4683 1519 4742 iis
1574 4678 1912 4740 hominibus
1973 4676 2072 4754 qui

427 4769 743 4850 imperium
782 4770 1081 4847 obtinent,
1118 4781 1177 4833 et
1228 4791 1339 4834 ceu
1372 4790 1549 4833 manu
1573 4768 1825 4850 quadam
1873 4783 1981 4825 nos
2014 4766 2073 4826 in

425 4860 769 4923 servitutem
802 4871 1003 4940 agunt,
1041 4862 1183 4923 viris
1205 4861 1438 4923 scilicet
1499 4866 1874 4940 peccatorum
1938 4854 2071 4934 ple-

429 4950 544 5029 nis,
578 4949 823 5030 iniquis,
860 4950 1121 5030 iniustis.

503 5052 555 5108 ι.
596 5049 737 5107 Dem
776 5065 941 5109 meus.
967 5049 1107 5121 eripe
1136 5066 1214 5105 me
1247 5049 1311 5106 de
1339 5063 1504 5105 manu
1549 5043 1862 5120 peccatoris.
1914 5051 1963 5098 et
2013 5045 2079 5101 de

428 5149 614 5194 manu
645 5138 856 5192 contra
886 5130 1072 5212 legem
1101 5137 1340 5210 agentis
1369 5141 1423 5190 et
1472 5131 1695 5207 iniqui.
1744 5125 2077 5188 Peccatoris

429 5224 671 5283 nomine
702 5219 939 5281 Judteos
971 5220 1268 5301 intelligit,
1304 5220 1413 5300 ipsi
1448 5219 1607 5281 enim
1640 5229 1806 5279 erant
1834 5222 1895 5274 et
1925 5231 2072 5275 con-

427 5318 515 5373 tra
541 5310 731 5387 legem
766 5318 1011 5386 agentes
1041 5320 1097 5371 et
1128 5309 1316 5389 iniqui
1354 5330 1369 5372 :
1403 5318 1610 5371 contra
1641 5307 1829 5386 legcm
1885 5321 2070 5382 agen-

428 5406 540 5475 tes,
574 5400 710 5477 quia
744 5399 1013 5459 innoxios
1037 5399 1407 5461 damnabunt
1436 5423 1450 5465 ς
1488 5398 1676 5477 iui1ui
1705 5396 2077 5475 autem,quia

429 5489 651 5551 nullam
686 5487 983 5549 haberent
1012 5489 1296 5551 adversus
1320 5488 1456 5551 illos
1491 5490 1706 5551 rationi
1758 5496 2078 5548 consenta-

428 5575 1029 5643 nemionem.

372 5782 387 5799 μ
430 5732 451 5743 π
804 5732 1138 6103 ait).

2161 4614 2262 4671 χος
2295 4615 2354 4647 το
2388 4592 2615 4671 συνέχον
2648 4594 2817 4669 ἡμᾶς,
2851 4594 2972 4669 κρὸς
3024 4595 3082 4649 τὸ
3133 4590 3299 4666 μηδὲν
3332 4596 3521 4649 παθεῖν
3576 4591 3626 4659 εξ
3681 4591 3797 4649 ἰπι-

2157 4680 2357 4758 δρομῆς
2415 4691 2615 4739 κακῶν.
2669 4682 3005 4747 Ἀπέλλαξόν
3062 4704 3152 4760 με,
3215 4684 3369 4762 φησὶ,
3441 4685 3640 4740 τοὺτων
3693 4683 3794 4739 τῶν

2156 4773 2513 4849 κρατούντων,
2569 4774 2658 4828 καὶ
2715 4774 2819 4829 ὑπὸ
2850 4773 2949 4839 τὴν
2979 4770 3219 4829 δουλείαν
3275 4772 3454 4851 ὥσπερ
3511 4774 3653 4854 χειρί
3698 4794 3793 4827 τινι

2157 4861 2396 4937 ἀγόντων
2467 4859 2693 4941 ἀνδρῶν,
2754 4864 3015 4941 ἁμαρτίας
3074 4861 3537 4941 πεπληρωμένων,
3585 4864 3791 4937 ἀνόμων

2157 4972 2213 5005 τε
2237 4951 2325 5006 καὶ
2356 4948 2571 5010 ἀδίκων.

2240 5038 2297 5095 Ὀ
2374 5040 2503 5102 Θεός
2561 5063 2705 5114 μου,
2757 5041 2910 5115 ῥῦσαί
2966 5062 3034 5115 με
3094 5041 3154 5098 ἐκ
3203 5032 3388 5122 χειρὸς
3449 5039 3786 5119 ἀμαρτωλοῦ,

2157 5129 2243 5185 καὶ
2343 5128 2401 5184 ἐκ
2486 5132 2670 5208 χειρὸς
2753 5139 3184 5207 παρανομοῦντος
3264 5132 3353 5186 καὶ
3466 5128 3784 5193 ἀδικοῦντος.

2158 5226 2262 5276 Τοῦ
2341 5218 2685 5296 ἀμαρτωλοῦ,
2740 5227 2846 5275 τῶν
2904 5219 3171 5279 Ἰουδαίων
3250 5237 3434 5301 φησιν·
3494 5220 3644 5282 αύτὸς
3692 5220 3786 5296 γὰρ

2156 5307 2223 5377 ἦρ
2249 5309 2276 5363 ὁ
2309 5309 2404 5362 καὶ
2428 5308 2738 5384 παράνομος
2771 5310 2858 5365 καὶ
2898 5307 3099 5370 ἄδικος·
3155 5311 3461 5388 παράνομος
3531 5309 3651 5383 μὲν,
3711 5305 3786 5362 ὅτι

2156 5397 2280 5461 τοὺς
2324 5397 2525 5462 ἀθώους
2584 5399 2922 5474 κατέκρενεν·
2954 5398 3131 5464 ἄδικος
3156 5399 3233 5472 δὲ,
3267 5398 3348 5456 ὅτι
3419 5396 3659 5474 οὐδεμίαν
3714 5399 3783 5458 εἰς

2163 5488 2348 5548 αὖτοὺς
2380 5501 2535 5564 εῖχεν
2569 5487 2788 5564 εὔλογον
2820 5490 3107 5571 πρόφασιν.
