4006 6204
447 368 567 434 319

450 606 532 677 ut,
562 598 743 659 homo
793 614 927 661 cum
964 598 1100 671 sim,
1137 596 1196 656 in
1247 604 1553 675 peccatum
1608 595 1845 667 cadam,
1872 614 1947 657 ne
1997 611 2092 655 me

451 695 697 766 propter
726 694 1032 766 peccatum
1066 687 1331 765 deseras,
1377 683 1649 758 Domine,
1706 684 1809 746 sed
1846 702 1942 745 me
1970 682 2091 745 ite-

449 794 578 836 rum
612 793 845 851 revoca,
881 776 1147 835 clemens
1182 792 1316 835 cum
1355 773 1460 835 sis.

529 867 627 928 10.
663 864 827 940 Quia
864 864 1159 925 dixerunt
1204 865 1445 925 inimici
1504 864 1619 923 mei
1681 864 1859 927 mihi.
1895 860 2088 924 Illud:

455 952 617 1028 Quia
647 951 1223 1031 dixerunt,positum
1261 971 1365 1031 pro
1400 971 1415 1011 :
1449 952 1538 1013 Ne
1567 949 1718 1013 forte
1745 950 1944 1013 dicant
1972 949 2091 1010 ini-

456 1042 591 1102 mici
624 1042 740 1103 mei
776 1062 789 1103 :
825 1040 1310 1122 Irrumpamusin
1343 1059 1501 1120 eum,
1528 1040 1636 1101 erit
1658 1039 1877 1121 quippe
1925 1039 2094 1101 nobis

452 1130 513 1191 in
543 1131 823 1211 praedam,
857 1131 978 1190 Deo
1008 1147 1121 1190 non
1153 1130 1507 1210 opitulante.

537 1221 626 1281 1?.
664 1220 820 1281 Deus
869 1236 1058 1291 meus,
1113 1236 1190 1280 ne
1219 1219 1521 1298 elongeris
1566 1238 1603 1278 a
1652 1236 1769 1281 me.
1801 1217 2088 1290 Quoniam

452 1309 632 1385 igitur
655 1310 711 1369 id
745 1307 832 1369 illi
862 1307 1089 1379 dicunt,
1128 1327 1202 1369 ne
1232 1308 1452 1369 diutius
1507 1307 1748 1369 differas
1775 1309 2086 1370 auxilium.

446 1402 588 1461 Deus
618 1417 789 1468 meus,
822 1401 877 1456 in
905 1402 1179 1457 auxilium
1206 1419 1368 1456 meum
1387 1402 1603 1473 respice.

523 1576 611 1634 13.
645 1575 1065 1647 Confundantur
1115 1583 1165 1635 et
1221 1575 1465 1644 deﬁciant
1513 1576 1853 1633 detrahentes
1901 1576 2092 1631 animm

448 1679 619 1724 meae.
648 1660 1141 1741 Quandoquidem
1165 1662 1299 1742 ipsi,
1336 1662 1547 1741 inquit.
1587 1662 1872 1742 impetum
1908 1660 1967 1721 in
1999 1678 2092 1720 me

448 1750 746 1830 fecerunt,
778 1750 889 1810 rati
927 1769 1020 1811 me
1047 1770 1079 1812 a
1110 1758 1167 1812 te
1198 1749 1550 1811 derelictum
1580 1771 1593 1830 ;
1629 1749 1681 1812 si
1709 1749 1992 1810 auxilium
2017 1748 2096 1809 af-

1239 371 1299 434 S.
1343 370 1770 435 ATHANASII
1811 368 1972 434 OPP.
2016 370 2231 434 PARS.
2276 372 2390 435 III.
2443 403 2511 416 -
2559 371 3015 435 EXEGETIGA.

450 525 582 570 mea
611 526 688 570 ne
707 507 1106 588 derelinquas
1152 524 1267 569 me.
1303 504 1546 566 Etiamsi
1593 504 1909 584 contigerit
1943 503 2083 566 mihi

2199 526 2286 561 :etv
2332 508 2430 574 τὴν
2515 508 2671 588 ἰσχύν
2760 529 2862 582 μου
2920 507 2996 583 μὴ
3053 505 3417 586 ὶγκαταλίπῃς
3465 526 3552 579 με.

3692 364 3825 431 320

3609 505 3663 575 ει
3715 502 3819 558 καὶ

2176 593 2367 663 συνέϐη
2400 596 2671 671 ἄνθρωπον
2703 596 2851 669 ὄντα,
2903 599 3057 677 φησὶ,
3103 598 3235 653 ποτὲ
3281 597 3561 670 ἁμαρτεῖν,
3613 594 3688 666 μὴ
3724 589 3817 646 διὰ

2174 688 2271 754 τὴν
2328 687 2585 760 ἁμαρτίαν
2630 686 2991 765 ἐγκαταλίπης
3050 710 3142 763 με,
3176 684 3334 764 Κύριε
3368 700 3382 715 ⁹
3419 683 3555 741 ἁλλὰ
3601 681 3816 738 ἂνακά-

2174 774 2325 831 λεσαι
2357 776 2518 833 πάλιν
2547 779 2619 841 ὡς
2651 774 3039 856 φιλάνθρωπος.

2257 856 2390 923 ’Ὁτι
2435 866 2592 923 εἶπον
2650 869 2696 922 οἱ
2743 866 2923 946 ἐχθροί
2977 889 3079 942 μου
3134 865 3277 939 ὲμοί.
3333 866 3426 938 Τὸ,
3464 862 3595 920 ’Ὅτι
3626 864 3818 938 εἷπον,

2176 955 2289 1010 ἀντὶ
2346 963 2437 1012 τοῦ
2472 973 2487 989 ⁸
2526 957 2745 1023 Μήποτε
2772 955 2977 1012 εἴποιεν
3011 957 3059 1011 οἱ
3089 954 3271 1035 ἐχθροί
3314 978 3440 1030 μου,
3474 950 3818 1024 Ἐπιθώμεθα

2177 1046 2318 1118 αὐτῷ
2348 1063 2359 1078 ·
2405 1044 2549 1103 ἔσται
2581 1046 2680 1121 γὰρ
2710 1047 2848 1117 ἡμῖν
2890 1048 2964 1109 εἷς
3010 1048 3309 1125 προνομὴν,
3358 1046 3437 1119 μὴ
3467 1042 3819 1119 ἐπικουροῦν-

2176 1156 2267 1198 τος
2301 1141 2453 1195 Θεοῦ.

2257 1223 2315 1280 Ὀ
2377 1223 2506 1287 Θεός
2562 1246 2685 1301 μου²
2759 1225 2836 1298 μὴ
2895 1224 3168 1303 μακρύνης
3229 1221 3323 1279 ἀπ’
3382 1224 3535 1298 ἐμοῦ.
3588 1216 3817 1286 Ἐπειδὴ

2172 1313 2344 1368 τοίνυν
2396 1314 2594 1369 ἐκεῖνοι
2626 1314 2789 1371 ταῦτά
2846 1337 3000 1392 φασι,
3062 1314 3137 1388 μὴ
3196 1312 3817 1389 ἐπιμήκεστονὺπερθῇς

2175 1402 2274 1468 τὴν
2323 1403 2589 1477 βοήθειαν,
2646 1403 2704 1460 Ὀ
2751 1390 2880 1464 Sed;
2930 1390 3064 1482 μου,
3119 1390 3193 1467 εἷς
3253 1404 3350 1468 τὴν
3407 1401 3654 1478 βοήθειάν
3714 1420 3819 1474 μου

2176 1492 2437 1572 πρόσλες.

2257 1582 2704 1660 Αἰσχυνθήτωσαν
2792 1589 2880 1638 καὶ
2934 1580 3327 1638 ἒκλειπὲτωσαν
3405 1584 3453 1637 οἱ
3532 1574 3818 1634 ἐνδιαϐάλο

2176 1670 2356 1732 λοντες
2412 1671 2509 1736 τὴν
2555 1670 2742 1750 ψυχήν
2800 1694 2924 1743 μου.
2986 1669 3255 1742 Ἐπειδὰν,
3318 1669 3529 1726 ἐκείνων
3576 1668 3816 1722 ἐπιτιθε-

2177 1768 2374 1833 μενων,
2435 1761 2586 1835 φησὶ,
2620 1759 2703 1815 διὰ
2737 1761 2795 1816 τὸ
2841 1759 2983 1825 δόξαι
3032 1781 3097 1833 με
3150 1759 3625 1838 ἑγκαταλειφθῆναι
3674 1754 3819 1831 παρὰ

450 1842 631 1914 feras,
669 1860 788 1921 prae
820 1840 1048 1923 pudore
1083 1841 1197 1922 ipsi
1229 1840 1563 1920 discedent,
1598 1860 1736 1902 cum
1770 1859 1949 1901 vanas
1981 1841 2089 1900 de-

2199 1870 2292 1926 γου⁷
2329 1851 2371 1902 εἳ
2404 1850 2680 1924 βοηθήσης
2713 1853 2892 1924 αὐτὸς,
2952 1849 3095 1904 αὒτοὶ
3130 1851 3206 1913 εὶς
3240 1850 3503 1929 αἰσχύνην
3552 1847 3812 1921 ἀποστρα·

447 1930 886 2011 prehenderint
917 1931 1249 1992 calumnias
1280 1931 1340 1991 in
1367 1931 1628 1992 animam
1680 1948 1869 1991 meam
1896 1938 2095 1990 struc-

446 2028 559 2081 tas.
592 2019 738 2093 Quae
767 2034 966 2082 autem
993 2020 1112 2082 illa;
1143 2019 1460 2081 calumnim
1488 2031 1653 2093 sunt,
1689 2020 1802 2081 nisi
1844 2038 1977 2100 quin
2002 2018 2093 2081 di-

448 2108 667 2171 cebant
697 2109 783 2171 illi
818 2130 831 2172 :
868 2108 1030 2172 Deus
1061 2110 1387 2189 dereliquit
1415 2127 1552 2171 eum
1579 2108 1607 2169 ?

536 2198 627 2261 14.
670 2197 801 2278 Ego
832 2206 1035 2263 autem
1060 2216 1294 2279 semper
1320 2200 1578 2280 sperabo
1608 2199 1673 2259 in
1705 2200 1925 2261 te.Non
1957 2217 2093 2260 ces-

453 2295 587 2350 sant
617 2289 778 2349 enim
816 2307 922 2369 per
948 2288 1173 2369 scripta
1233 2306 1339 2349 sua
1391 2306 1558 2368 spem
1620 2305 1763 2365 erga
1791 2287 2095 2349 Christum

450 2395 619 2439 suam
652 2377 950 2440 conﬁteri.
970 2377 1036 2438 Et
1066 2378 1362 2453 adiiciam
1385 2394 1576 2456 super
1597 2395 1830 2439 omnem
1856 2376 2097 2439 laudem

451 2474 640 2528 tuam.
668 2469 784 2528 Per
815 2468 1065 2547 hymnos
1091 2485 1297 2527 eorum
1334 2468 1435 2546 qui
1464 2468 1732 2546 ipsorum
1784 2484 1971 2546 opera
1999 2485 2094 2527 sa.

449 2555 636 2617 lutem
670 2555 979 2618 consecuti
1001 2563 1161 2617 sunt.

535 2645 636 2707 15.
672 2644 759 2707 Os
788 2662 980 2707 meum
1005 2644 1402 2706 annuntiabit
1419 2647 1731 2724 justitiam
1765 2646 2096 2707 tuam.Non

449 2752 646 2807 cesso,
680 2733 902 2815 inquit,
939 2733 1212 2808 Domine,
1242 2752 1487 2814 semper
1519 2734 1813 2814 justitiam
1848 2741 2007 2794 tuam
2042 2734 2099 2794 in

450 2842 557 2888 ore
590 2841 854 2888 versare.
883 2821 1115 2886 Etenim
1136 2822 1373 2902 justitia
1406 2824 1599 2884 l’atris
1622 2830 1714 2884 est
1745 2823 2103 2903 Unigenitus

454 2913 766 2993 ejus.Nam
790 2913 994 2990 genita
1028 2910 1200 2973 nobis
1221 2919 1312 2972 est
1334 2911 1572 2991 justitia
1593 2931 1628 2974 a
1654 2912 1775 2973 Deo
1801 2912 1972 2992 juxta
2004 2931 2096 2974 sa-

2180 1938 2465 2016 (θήσονται,
2499 1938 2591 1995 ἅτε
2626 1940 2855 2013 ματαίας
2887 1941 3148 2018 εὗρόντες,
3192 1938 3252 2003 ἃς
3303 1939 3439 1994 κατὰ
3491 1942 3589 2002 τῖις
3628 1938 3818 2012 ψυχῆς

2181 2047 2283 2097 μου
2331 2023 2652 2095 ἐποιήσαντο
2684 2024 2955 2090 διαϐολάς,
3004 2028 3149 2090 Τίνες
3199 2025 3253 2081 δὲ
3310 2029 3358 2081 αἱ
3408 2023 3645 2081 διαϐολαὶ
3679 2022 3714 2089 ἢ
3769 2023 3818 2075 αἱ

2180 2111 2429 2190 λέγουσαι
2465 2131 2478 2145 ⁸
2513 2113 2573 2172 ’0
2609 2117 2738 2175 Θεὸς
2762 2115 3114 2192 ἐγκατέλιπεν
3147 2116 3302 2174 αὐτόν
3331 2132 3347 2188 ;

2262 2204 2405 2281 Ἐγὼ
2478 2202 2531 2258 δὲ
2590 2202 2873 2267 διαπαντὸς
2932 2204 3100 2261 ἐλπιῶ
3146 2207 3231 2261 ἐπὶ
3297 2203 3375 2265 σὲ.
3431 2206 3502 2261 Οὐ
3564 2202 3819 2257 παύονται

2180 2293 2279 2369 γὰρ
2338 2291 2421 2348 διὰ
2464 2300 2569 2349 τῶν
2630 2290 2768 2349 ἰδίων
2836 2296 3264 2373 συγγραμμάτων
3298 2293 3689 2370 ὁμηλογοῦντες
3721 2288 3820 2355 τὴν

2182 2380 2364 2437 ἐλπίδα
2426 2384 2517 2450 τὴν
2573 2385 2643 2447 εἷς
2704 2384 2950 2461 Χριστόν,
3015 2386 3112 2442 Καὶ
3157 2384 3448 2461 προσθήσω
3501 2380 3585 2436 ἐπὶ
3645 2385 3820 2434 πᾶσαν

2180 2473 2279 2538 τὴν
2324 2472 2521 2529 α”νεσίν
2565 2495 2682 2532 σου.
2736 2475 2829 2528 Διὰ
2858 2474 2953 2540 τῆς
2984 2473 3306 2552 ὑμνολογίας
3364 2477 3465 2528 τῶι
3523 2469 3588 2525 δι’
3649 2467 3820 2524 αὒτῶν

2183 2562 2495 2637 σωζομένων
2507 2610 2519 2623 ,

2263 2655 2333 2710 Τὸ
2379 2654 2549 2724 στόμα
2601 2674 2704 2727 μου
2751 2652 3045 2731 ἀναγγελεῖ
3101 2652 3201 2719 τὴν
3288 2649 3623 2716 δικαιοσύνην
3703 2671 3817 2707 σου.

2184 2741 2304 2799 Ἐπὶ
2360 2745 2625 2816 στόματος
2684 2743 2787 2820 ἀεὶ,
2820 2744 3002 2820 φησὶν,
3052 2743 3098 2798 ὧ
3147 2752 3409 2812 Acmon,
3462 2739 3561 2807 τήν
3591 2741 3692 2808 σὴν
3723 2739 3819 2819 qui»

2184 2854 2289 2902 ρειν
2347 2830 2682 2898 δικαιοσύνην
2742 2834 2801 2888 οὐ
2872 2832 3135 2905 παύομαι,
3199 2831 3512 2896 Δικαιοσύνη
3572 2832 3676 2906 γάρ
3732 2836 3822 2886 τοῦ

2184 2924 2386 2995 Πατρὸς
2420 2923 2447 2976 ὁ
2483 2922 2786 3000 Μονογενης
2834 2925 3012 2982 αὐτοῦ.
3063 2918 3358 2999 Ἐγεννηθη
3414 2921 3514 2998 γὰρ
3561 2933 3704 2993 ημῖν
3736 2917 3819 2974 δι-

452 3019 621 3065 crum
654 3002 1001 3083 Apostolum
1030 2998 1265 3064 “.Tola
1295 3003 1398 3063 die
1416 3005 1695 3065 salutare
1726 3004 2098 3064 tuum.Sem-

2199 3010 2435 3075 ιαιοσύνη
2469 3010 2574 3066 ἀπὸ
2608 2998 2738 3066 Θεοῦ
2767 3011 2904 3065 κατὰ
2945 3012 3038 3066 τὸν
3068 2998 3207 3087 ἱερὸν
3241 3009 3595 3071 Ἀπόστολον,
3631 3008 3819 3076 ’Ὅλην

454 3114 585 3178 per,
620 3095 842 3176 inquit,
879 3112 1117 3157 memor
1143 3113 1247 3156 ero
1272 3095 1630 3158 mconomiaa
1660 3115 1780 3175 qua
1813 3095 2098 3157 nobissa-

2199 3100 2282 3165 τὴν
2332 3101 2546 3177 ἧμήραν
2603 3100 2700 3165 τὴν
2761 3100 3027 3175 σωτηρίαν
3087 3122 3200 3158 σου.
3294 3100 3591 3161 Διαπαντὸς
3677 3121 3818 3172 μνη-

451 3186 639 3248 lutem
682 3185 967 3264 elargitus
1009 3202 1098 3246 es.
1133 3185 1439 3259 Quoniam
1473 3203 1596 3248 non
1649 3186 1904 3267 cognovi
1934 3185 2098 3246 litte-

2199 3191 2471 3264 τθήσομαι,
2505 3190 2668 3267 φησὶ,
2716 3189 2812 3254 τῆς
2843 3188 3149 3252 οἰκονομίας
3201 3185 3269 3244 δι’
3322 3187 3386 3256 ἧς
3419 3189 3553 3265 ἡμῖν
3589 3189 3691 3255 τὴν
3723 3209 3823 3244 σω-

453 3282 752 3338 raturam.
778 3273 894 3336 Per
919 3273 1320 3336 litteraturam
1353 3282 1453 3336 aut
1482 3293 1659 3336 vanas
1684 3284 1742 3336 et
1770 3273 2098 3353 implicatas

2199 3278 2367 3357 εηρίαν
2449 3277 2705 3357 ἐχαρίσω.
2797 3276 2932 3334 ⁹Ὀτι
3025 3282 3120 3337 οὐκ
3187 3276 3352 3355 ἔγνων
3429 3277 3818 3356 γραμματείας.

451 3363 584 3435 vitae
615 3363 1038 3426 di~tractiunes
1073 3363 1373 3443 intelligit,
1409 3373 1509 3425 aut
1538 3364 1699 3425 varia
1726 3379 1856 3443 quae
1888 3363 1977 3423 lex
2007 3361 2097 3422 of-

2199 3369 2553 3446 ῗραμματείας
2596 3365 2633 3434 ἢ
2686 3367 2807 3430 τοὺς
2862 3366 3116 3440 ματαίους
3175 3368 3261 3423 καὶ
3315 3366 3687 3431 πολυπλόκους
3735 3368 3825 3422 τοῦ

453 3454 615 3516 ferre
638 3454 892 3534 iubebat
924 3453 1245 3515 sacriﬁcia.
1277 3450 1554 3527 Quando,
1585 3454 1801 3528 inquit,
1836 3470 1937 3513 eas
1968 3471 2098 3512 om-

2199 3460 2292 3513 !iou
2336 3456 2733 3533 περισπασμούς
2789 3476 2973 3533 φησιν,
3022 3454 3058 3523 ἢ
3090 3456 3183 3521 τὰς
3236 3453 3320 3510 διὰ
3373 3461 3464 3512 τοῦ
3515 3457 3683 3529 νόμου
3727 3474 3819 3507 κε-

455 3561 563 3605 nes
595 3542 811 3624 abjeci,
845 3544 903 3604 in
947 3560 1238 3622 supernas
1268 3542 1530 3605 introibo
1565 3540 1930 3614 mansiones,
1978 3541 2098 3603 Do-

2199 3545 2538 3618 ιελευσμένας
2590 3543 2950 3621 πολυτρόπους
3012 3545 3368 3623 προσάγεσθαι
3398 3548 3595 3609 θυσίας.
3629 3540 3818 3601 Ἐπει-

456 3632 618 3693 mino
653 3633 925 3694 virtutem
962 3631 1108 3692 mihi
1131 3631 1204 3692 ad
1238 3650 1367 3693 eam
1393 3651 1519 3694 rem
1556 3630 2102 3712 prabenteSimile

451 3731 650 3784 autem
675 3732 767 3784 est
795 3722 951 3783 dicto
975 3722 1136 3782 huic:
1169 3720 1320 3784 Ecce
1350 3740 1455 3785 nos
1483 3720 1843 3801 reliquimus
1868 3721 2099 3799 omnia,

457 3819 513 3874 et
539 3813 732 3873 secuti
758 3827 968 3873 sumus
991 3818 1071 3883 te,
1112 3810 1262 3889 quid
1304 3828 1446 3892 ergo
1473 3812 1592 3872 erit
1625 3811 1795 3871 nobis
1818 3808 1872 3852 ⁸³
1897 3808 1924 3869 ?
1954 3812 2100 3872 Cum

457 3900 711 3976 hujusce
740 3899 827 3960 rei
861 3916 1042 3958 causa
1089 3899 1552 3977 promissionem
1607 3899 1775 3978 regni
1807 3898 2098 3962 caelorum

455 3995 844 4069 acceperunt.
1359 4001 1385 4021 ⁸

539 4167 637 4226 16.
674 4163 944 4228 Introibo
970 4168 1033 4229 in
1063 4167 1372 4247 potentias
1416 4165 1682 4227 Domini.
1738 4163 1862 4225 Tua
1890 4165 2104 4225 virtute

455 4263 517 4316 et
547 4254 772 4316 auxilio
824 4255 1162 4335 ingressum
1225 4253 1525 4316 inveniam
1576 4254 1648 4315 ad
1704 4261 1922 4315 terram
1961 4272 2101 4333 pro-

458 4344 787 4407 missionis.

459 4431 666 4495 soiius.
718 4432 1021 4496 Praedictis
1071 4433 1351 4495 omnibus
1399 4430 1688 4511 dimissis,
1726 4431 1940 4511 inquit,
2001 4448 2104 4491 so-

461 4522 579 4583 lius
603 4523 848 4601 justitiaz
898 4532 1010 4585 tum
1061 4540 1297 4584 memor
1343 4539 1474 4600 ero,
1508 4538 1624 4600 qua
1657 4537 1766 4580 nos
1796 4538 1828 4580 a
1863 4530 2104 4600 peccato

462 4611 747 4673 liberasti.

545 4702 646 4766 17.
684 4703 844 4763 Deus
874 4718 1064 4776 meus,
1101 4717 1234 4780 quae
1284 4700 1542 4762 docuisti
1578 4716 1668 4761 me
1717 4715 1754 4759 a
1786 4699 2107 4777 juventute

460 4807 618 4853 meo.
652 4790 701 4851 A
733 4790 947 4871 prima,
982 4798 1048 4852 ut
1080 4790 1162 4851 ita
1191 4789 1413 4859 dicam,
1441 4788 1543 4849 die
1565 4806 1682 4868 qua
1712 4787 1875 4867 ipsos
1897 4786 2104 4865 elegit,

460 4878 629 4941 dedit
658 4878 780 4940 illis
802 4897 870 4941 ea
923 4898 1054 4960 quin
1083 4897 1341 4957 regnum
1371 4877 1662 4939 caelorum
1693 4882 1990 4955 spectant.
2026 4877 2106 4939 Et

459 4984 650 5048 usque
675 4986 841 5030 nunc
878 4970 1286 5048 pronuntiabo
1317 4965 1634 5028 mirabilia
1666 4972 1791 5027 tua.
1824 4962 1952 5025 Non
1984 4967 2103 5026 im-

460 5075 714 5136 memor,
748 5057 1159 5139 inquit,f:tctus
1190 5076 1321 5117 sum
1350 5074 1563 5117 eorum
1596 5072 1727 5134 qua:
1756 5053 1966 5115 doctus
1995 5056 2101 5118 fui:

460 5145 564 5207 sed
599 5145 778 5208 etiam
814 5164 883 5208 ea
915 5165 1046 5227 qua;
1076 5144 1286 5226 didici,
1322 5144 1455 5206 aliis
1482 5142 1849 5206 annuntiavi.

541 5322 839 5403 48,19.Ει
862 5341 1053 5405 usque
1074 5324 1144 5386 in
1161 5330 1455 5386 senertam
1475 5329 1530 5385 et
1547 5322 2109 5397 senium.Quoniam

461 5412 591 5492 ipse
623 5413 891 5475 Christus
923 5421 1242 5494 postquam
1268 5412 1605 5474 resurrexit
1634 5429 1667 5471 a
1698 5412 1953 5473 mortuis
1981 5431 2114 5493 pro-

464 5501 626 5563 misit
644 5502 733 5564 eis
752 5501 1200 5567 dicens“.lacce
1220 5503 1525 5564 vobiscum
1543 5517 1677 5562 sum
1699 5500 1978 5563 omnibus
1990 5504 2114 5567 die-

2185 3634 2249 3703 δὴ
2298 3636 2490 3695 ταύτας
2548 3633 2853 3711 συμπάσας,
2916 3656 3100 3711 φησιν,
3161 3631 3525 3708 ἐπεϐαλόμην,
3600 3634 3676 3694 εἷς
3730 3633 3819 3694 τὰς

2186 3726 2295 3781 ἅνω
2352 3721 2713 3797 εἰσελεύσομαι
2761 3724 2950 3802 μονὰς,
3012 3725 3083 3788 εἷς
3140 3730 3293 3780 τοῦτο
3322 3721 3539 3797 δύναμίν
3593 3745 3687 3797 μοι
3735 3729 3821 3777 τοῦ

2191 3814 2375 3891 Κυρίου
2407 3811 2760 3893 παρέχοντος.
2813 3809 3052 3884 ’Ὅμοιον
3104 3810 3159 3867 δὲ.
3218 3818 3295 3886 τῷ
3338 3811 3603 3889 εἰρημένῳ
3634 3826 3649 3840 ·
3691 3806 3819 3866 Ἰδοὺ

2184 3904 2352 3977 ἡμεῖς
2412 3903 2694 3980 ἀφήκαμεν
2751 3901 2948 3973 πάντα,
3006 3902 3095 3957 καὶ
3173 3900 3612 3975 ἠκολουθήσαμέν
3688 3920 3769 3956 σοι
3798 3912 3813 3926 ·

2185 3996 2234 4050 τί
2277 3995 2412 4068 ἡμῖν
2468 3991 2615 4048 ἔσται
2653 4010 2669 4065 ;
2716 3990 2856 4049 ’Ὅτε
2888 3993 2974 4047 καὶ
3003 3996 3102 4057 τῆς
3129 3993 3236 4047 τῶν
3280 3991 3512 4069 οὒρανῶν
3548 3988 3816 4067 βασιλείας

2185 4086 2283 4151 τὴν
2304 4083 2593 4160 ὑπόσχεσιν
2625 4078 2708 4137 διὰ
2737 4088 2899 4137 ταῦτα
2929 4079 3198 4160 ἐδέχοντο.

2270 4169 2644 4245 Εἶσελεύσὶιμαι
2718 4171 2772 4226 ἓν
2831 4168 3100 4243 δυναστείᾳ
3168 4168 3387 4247 Κυρίου.
3459 4170 3538 4246 Τῇ
3596 4176 3666 4246 σῇ
3728 4167 3815 4224 δυ-

2187 4263 2339 4335 νάμει
2366 4263 2452 4317 καὶ
2509 4261 2723 4333 βοηθείᾳ
2781 4260 3026 4335 τεύξομαι
3071 4266 3168 4328 τῆς
3214 4258 3414 4317 εἰσόδου
3453 4265 3551 4327 τῆς
3611 4263 3685 4323 εἰς
3724 4258 3818 4326 τὴν

881 4345 1165 4419 Domine,
1233 4342 1617 4405 memorabor
1657 4343 1918 4423 justitiaa
1982 4350 2098 4404 tuae

2199 4351 2288 4425 γῆν
2343 4357 2442 4418 τῆς
2504 4349 2841 4428 ἐπαγγελίας.
2901 4352 3076 4430 Κύριε,
3134 4348 3512 4426 μνησθήσομαι
3568 4351 3669 4417 τῆς
3738 4346 3818 4403 δι-

2190 4438 2471 4503 καιοσύνης
2523 4459 2617 4493 σου
2686 4438 2871 4511 μόνω,
2963 4439 3139 4494 Πάντα
3214 4439 3280 4494 τὰ
3339 4439 3592 4516 εἰρημένα
3648 4437 3814 4516 ἀφεὶς,

2187 4527 2341 4605 φησὶ,
2375 4549 2542 4599 μονης
2576 4527 2933 4601 μνημονεύσω
2968 4534 3058 4594 τῆς
3086 4526 3447 4600 δικαιοσύνης,
3496 4526 3564 4582 δι’
3586 4528 3649 4595 ἧς
3678 4527 3815 4593 ἡμᾶς

2186 4619 2283 4681 τῆς
2314 4616 2573 4694 ἁμαρτίας
2605 4615 2978 4695 ἐλευθέρωσις.

2265 4702 2328 4760 Ὀ
2379 4703 2505 4767 Θεός
2570 4727 2693 4779 μου,
2749 4704 2782 4761 ἂ
2838 4703 3067 4771 ἐδίδαξάς
3120 4728 3212 4780 μοι
3273 4704 3333 4760 ἐκ
3387 4704 3641 4771 νεότητός
3695 4724 3814 4778 μου.

2188 4790 2324 4848 Ἀπὸ
2376 4793 2475 4870 γὰρ
2533 4794 2774 4871 πρώτης,
2811 4797 2884 4857 ὡς
2916 4796 3109 4866 εἰπεῖν,
3142 4793 3373 4874 ἡμέρας,
3406 4794 3472 4861 ἧς
3519 4794 3702 4857 αὖτοὺς
3731 4790 3813 4855 ἓξ·

2188 4879 2421 4952 ελέξατο,
2459 4881 2760 4939 παρέδωκεν
2792 4888 2977 4947 αὐτοῖς
3007 4885 3071 4939 τὰ
3120 4885 3237 4960 περὶ
3263 4884 3360 4950 της
3401 4882 3669 4961 βασιλείας
3715 4887 3815 4937 τῶν

2188 4970 2442 5048 οὐρανῶν,
2500 4976 2595 5029 Καὶ
2640 4973 2803 5052 μέχρι
2860 4980 2953 5030 τοῦ
3008 4979 3096 5028 νῦν
3154 4972 3445 5050 ἀπαγγελῶ
3500 4974 3564 5028 τὰ
3612 4970 3813 5046 θαυμά-

2189 5059 2281 5113 σισὶ
2339 5082 2454 5122 σου.
2511 5065 2617 5119 Οὔκ
2673 5062 2963 5136 ἀμνήμων,
3011 5063 3192 5140 φησὶν,
3240 5064 3315 5117 ὧν
3345 5059 3628 5141 ἐδιδάχθην
3659 5059 3813 5138 γεγέ-

2192 5172 2355 5222 νημαι
2395 5165 2408 5178 ’
2471 5149 2593 5205 ἀλλ’
2634 5151 2768 5229 ἅπερ
2821 5153 2976 5216 αὐτὸς
3006 5149 3225 5223 ἔμαθον,
3259 5158 3424 5207 ταῦτα
3456 5152 3542 5207 καὶ
3572 5163 3688 5213 τοῖς
3717 5146 3813 5202 ἄλ-

2193 5237 2305 5299 λοις
2339 5237 2667 5316 ἀπήγγειλα.

2277 5328 2375 5385 Καὶ
2432 5327 2530 5393 ἕως
2573 5329 2741 5408 γέρως
2801 5330 2887 5387 καὶ
2946 5327 3246 5407 πρεσϐείου.
3311 5328 3537 5397 Ἐπειδὴ
3582 5330 3731 5387 αὐτὸς
3785 5326 3811 5379 ὁ

2198 5416 2423 5494 Χριστὸς
2453 5418 2589 5490 μετὰ
2619 5419 2714 5484 τήν
2759 5418 2819 5474 ὲκ
2866 5418 3062 5497 νεκρῶν
3094 5416 3380 5475 ἀναϐίωσιν
3408 5417 3674 5498 ὑπέσχετο
3721 5413 3810 5470 λὲο

2195 5527 2306 5587 γων
2355 5507 2540 5568 αὒτοτς
2574 5524 2589 5540 ⁸
2652 5505 2784 5566 Ἰδοὺ
2835 5506 2950 5582 μεθ’
2999 5510 3144 5584 ὕμῶν
3188 5511 3298 5585 εἰμι
3356 5510 3530 5573 πάσας
3558 5508 3651 5571 τὰς
3680 5502 3811 5579 ἦμέ-

542 5674 602 5724 ϐε
630 5678 651 5737 l
684 5677 817 5739 Cor.
856 5694 894 5744 ι,
927 5675 1025 5738 30.
1110 5676 1174 5726 63
1206 5674 1409 5736 .tiatth.
1448 5690 1569 5751 xix,
1604 5674 1704 5733 2'1.
1789 5671 1853 5722 οι
1882 5676 2088 5738 Matth.
2124 5682 2460 5761 xxvut,2t).

400 5796 983 6092 Χ
