4006 6204
432 361 550 429 323

512 498 611 560 9.4.
646 497 767 561 Sed
789 504 845 560 et
877 498 1091 576 lingua
1114 514 1251 558 mea
1283 503 1406 559 tota
1434 499 1535 559 die
1563 498 1960 561 meditabitur
1972 501 2073 580 ju-
2095 509 2135 557 A

439 590 675 651 stitiam
707 594 1044 659 tuam,cum
1073 588 1310 663 confusi
1340 595 1393 646 et
1415 588 1667 649 reveriti
1702 589 1943 665 fuerint
1974 589 2082 669 qui
2110 619 2114 622 ‹

439 683 723 759 quarunt
755 677 921 737 mala
944 675 1119 736 mihi.
1154 675 1297 737 Cum
1325 674 1664 755 spirituales
1693 676 1915 737 inimici
1941 678 2080 757 mei,

442 766 743 846 inquit,de
774 763 969 825 medio
995 763 1209 824 sublati
1242 773 1300 824 et
1328 763 1429 843 qui
1463 763 1523 824 in
1572 764 1781 844 abysso
1815 765 2083 827 habitant

438 854 688 917 infamia
713 861 771 915 et
802 852 1028 933 pudore
1058 852 1253 913 aﬁ‘ecti
1282 851 1522 912 fuerint:
1559 860 1721 928 tunc,
1757 862 1958 933 utpote
1984 872 2084 915 ne-

442 945 607 1005 mine
654 942 809 1006 ultra
859 941 1287 1021 praepediente,
1324 960 1622 1022 nunquam
1659 942 1928 1022 cessabo,
1958 943 2081 1004 Do-

440 1033 895 1191 mlilieinhjiii‘elins
911 1030 1292 1174 ἓὲἓῢὶῗῖ
1314 1109 1508 1173 David
1530 1112 1597 1172 in
1626 1109 2040 1173 Salomonem;

1023 1272 1075 1298 ,ί
1158 1204 1379 1268 LXXI.

1032 1297 1507 1377 Argumentum.

438 1388 750 1452 Adventus
792 1385 1011 1449 Christi
1064 1386 1229 1448 hisce
1259 1386 1634 1465 signiﬁcatur
1660 1405 1894 1449 necnon
1936 1405 2077 1464 gen-

521 1478 669 1540 tium
699 1476 947 1538 vacatio.
981 1475 1047 1536 In
1078 1476 1460 1538 Salomonem
1492 1484 1696 1537 autem.
1738 1476 2083 1537 inscribitur

523 1565 922 1648 psalmus.Hic
948 1565 1107 1627 enim
1132 1581 1309 1627 verus
1340 1572 1432 1626 est
1461 1563 1738 1626 Salomon
1774 1565 2079 1646 paciﬁcus,

524 1656 663 1737 quia
693 1654 832 1717 fecit
861 1663 1113 1729 utraque
1138 1672 1350 1734 unum,
1397 1662 1455 1715 et
1498 1653 1760 1715 medium
1798 1656 2081 1733 parietem

522 1747 798 1807 maceria;
825 1743 997 1804 solvit
1024 1739 1101 1801 6⁸.

522 1840 582 1897 2.
612 1834 796 1905 Deus,
826 1832 1128 1912 judicium
1149 1839 1320 1892 tuum
1345 1833 1479 1915 regi
1509 1831 2079 1912 da.Decrevisti,in-

443 1924 590 2007 quit,
624 1943 658 1984 o
682 1926 880 1997 Pater,
913 1929 978 1984 ut
1009 1919 1360 1999 Unigenitus
1398 1936 1533 1983 tuus
1565 1920 1821 1983 illustret
1849 1940 1952 1983 eos
1981 1921 2083 2002 qui

444 2014 668 2076 suntin
700 2023 876 2074 terra.
913 2010 976 2072 Id
1007 2010 1187 2089 igitur
1227 2018 1351 2087 jam
1385 2011 1526 2071 olim
1567 2029 1601 2071 ιι
1628 2020 1683 2073 te
1722 2012 2079 2093 judicatum,

442 2122 603 2166 nunc
655 2119 1003 2181 exsequere.
1060 2102 1133 2161 Et
1170 2102 1489 2177 justitiam
1538 2106 1699 2162 tuam
1730 2100 1858 2181 ﬁlio
1888 2103 2076 2180 regis.

441 2210 577 2255 cum
606 2192 735 2272 ipse
759 2190 834 2252 sit
854 2188 1095 2270 justitia
1124 2189 1336 2263 Patris,
1372 2198 1612 2269 propter
1641 2190 1963 2251 humanam
1988 2210 2087 2251 na-

450 2291 646 2343 turam
677 2280 895 2343 dicitur
918 2280 1207 2359 justitiam
1253 2278 1722 2359 accepisse.Ipse
1767 2291 1967 2341 autem
2000 2288 2091 2341 est

441 2369 710 2433 Christus
768 2368 890 2431 Rex
938 2377 997 2430 et
1039 2369 1193 2429 ﬁlius
1233 2368 1411 2449 regis.
1461 2370 1757 2431 Judicure
1803 2368 2088 2449 populum

442 2465 611 2523 tuum
663 2462 725 2521 in
768 2461 1046 2536 justitia.
1129 2456 1265 2519 Haec
1325 2466 1417 2520 est
1478 2477 1657 2519 causa
1719 2460 2082 2520 incarnatio~

441 2548 535 2611 nis
563 2548 637 2609 ad
660 2547 1051 2629 judicandam
1087 2547 1321 2609 scilicet
1350 2548 1584 2608 Satanze
1626 2547 1937 2607 adversum
1975 2567 2082 2609 nos

439 2637 884 2718 arrogantiam;
960 2654 1142 2716 quare
1226 2655 1364 2697 cum
1425 2636 1772 2716 propediem
1837 2638 2077 2698 cruciﬁ-

440 2727 671 2806 gendus
723 2734 904 2806 esset,
958 2724 1154 2785 aiebat
1209 2725 1385 2788 Nunc
1422 2726 1729 2804 judicium
1779 2734 1866 2787 est
1898 2727 2082 2806 hujus

438 2815 657 2879 mundi
689 2862 704 2888 ,
760 2832 922 2878 nunc
965 2816 1246 2895 princeps
1297 2816 1481 2891 hujus
1544 2814 1756 2875 muudi
1805 2817 2083 2890 ejicietur

435 2908 603 2988 foras
630 2906 707 2968 ⁸⁷.

521 2997 578 3061 3.
614 2997 966 3076 Suscipiunt
996 3004 1225 3058 montes
1271 3014 1482 3074 pacem
1530 2999 1781 3076 papula,
1815 3005 1873 3057 et
1901 2998 2081 3059 colles

1223 364 1283 427 S.
1333 363 1761 428 ATHANASII
1802 364 1968 427 OPP.
2013 360 2229 425 PARS.
2279 361 2391 424 III.
2438 393 2511 405 -—
2561 334 3021 424 EXEGETICA.

2110 1798 2140 1845 Β

3688 352 3826 419 324

2237 497 2368 556 ’Ἔτι
2418 497 2472 553 δὲ
2516 499 2603 554 καὶ
2656 499 2689 566 ἡ
2735 496 2951 575 γλῶσσά
2997 518 3099 570 μου
3141 495 3274 563 ὅλην
3329 497 3426 563 τὴν
3454 495 3654 574 ἡμέραν
3693 517 3816 570 με·

2167 588 2383 657 λετήσει
2436 588 2531 654 τὴν
2575 585 2914 651 δικαιοσύνην
2984 607 3100 657 σου,
3151 587 3276 641 ὃταν
3323 585 3670 664 αἰσχυνθῶσι,
3725 585 3827 639 καὶ

2166 680 2490 746 ὲντραπῶσιν
2548 678 2595 730 οἱ
2638 674 2916 745 ζητοῧντες
2981 675 3041 731 ιὰ
3074 676 3211 732 κακέ
3242 697 3359 749 μοι.
3396 674 3573 731 ’Ὅταν
3604 675 3664 731 ἐκ
3699 674 3822 747 μὲ-

2167 788 2257 823 σου
2288 767 2565 843 γένωνται,
2601 766 2780 842 φησὶν,
2843 766 2889 819 οἱ
2948 764 3130 830 νοητοί
3178 786 3277 836 μου
3325 765 3529 844 ἓχθροὶ,
3574 765 3660 819 καὶ
3714 764 3823 829 τὴν

2166 853 2391 911 ἄϐυσσον
2439 856 2701 915 οἱκοῦντες
2760 850 3149 931 περιϐάλωνται
3195 854 3475 932 αἰσχύνην·
3540 855 3656 909 τότε
3712 850 3815 919 δη,

2165 946 2238 1009 ὡς
2268 941 2603 1016 μηδενὸς-,ἔτι
2634 939 3138 1017 παρεμποδίζοντος,
3168 939 3563 1009 ἀκαταλήκτοις
3614 940 3819 1016 ὕμνοις

2166 1032 2355 1088 αἰνέσω
2383 1052 2463 1105 σε,
2516 1030 2783 1091 Δέσποτα,

2289 1123 2374 1184 Εἷς
2414 1122 2474 1176 τὸ
2504 1119 2656 1184 τέλος
2686 1125 2973 1176 ΨΑΛΜΟΣ
3008 1125 3081 1192 τῷ
3115 1119 3280 1175 Δαυίδ
3304 1121 3375 1184 εἰς
3400 1118 3723 1193 Σαλομὼνα.

2927 1207 3062 1269 OA'.

2835 1299 3133 1360 ἰ’πόθεσις.

2165 1392 2429 1469 Παρουσία
2464 1398 2688 1468 Χριστοῦ
2730 1390 2813 1445 διὰ
2844 1393 2951 1444 τῶν
3000 1411 3272 1466 παροντων
3321 1389 3815 1467 κατασημαίνεται,

2247 1502 2354 1553 ται,
2389 1481 2477 1535 καὶ
2505 1478 2695 1547 κλῆσις
2728 1478 3005 1542 ἐθνῶν,Είς
3040 1477 3301 1547 Σαλομὼν
3331 1477 3385 1534 δὲ
3416 1478 3815 1556 ἐπιγέγραπται

2246 1573 2273 1626 ὁ
2304 1568 2545 1645 ψαλμός,
2573 1571 2732 1632 Οὗτος
2763 1569 2862 1646 γάρ
2894 1568 3034 1624 ἐστιν
3064 1566 3270 1634 αληθης
3302 1566 3559 1641 Σαλομὼν
3588 1571 3617 1624 ὁ
3649 1570 3814 1646 εἰρη-

2247 1657 2561 1736 ναῖος,διότι
2591 1660 2680 1715 καὶ
2699 1659 2987 1723 πεποίηκεν
3019 1656 3072 1712 ἓν
3104 1657 3396 1737 ἀμφότερα⁵
3406 1659 3492 1712 καὶ
3536 1659 3596 1713 τό
3633 1658 3812 1732 μεσό-

2246 1771 2435 1828 τοιχον
2465 1756 2553 1804 τεῦ
2583 1757 2828 1827 φραγμοῧ
2858 1746 3053 1805 ἔλυσει.

2246 1838 2305 1896 Ὀ
2339 1839 2467 1902 Θεὸς
2494 1839 2556 1893 τὸ
2584 1851 2677 1915 κρῖ
2697 1837 2773 1911 μά
2802 1859 2895 1892 σου
2928 1838 3003 1911 τῷ
3024 1835 3238 1912 βασιλεῖ
3276 1835 3385 1899 δός.
3422 1838 3665 1916 Κέιριταί
3695 1860 3813 1915 σοι,

2165 1929 2344 2009 φησὶν,
2378 1930 2423 1982 ὦ
2474 1933 2669 2005 Πατερέ
2714 1928 2804 1982 τὸν
2854 1932 3116 2004 μονογενῆ
3177 1937 3268 1983 σου
3336 1929 3450 1982 ι’ἰον
3503 1925 3814 2003 ἐπιλάμψαι

2164 2031 2279 2078 τοῖς
2343 2016 2428 2072 ἐπὶ
2484 2021 2604 2093 γῆς.
2668 2022 2833 2073 Τοῦτο
2891 2016 3003 2093 οὖν,
3057 2020 3207 2095 φησι,
3286 2018 3346 2072 τὸ
3404 2016 3570 2072 πάλαι
3628 2019 3811 2090 κριθὲν

2167 2109 2240 2169 εἰς
2314 2106 2475 2184 πέρας
2554 2105 2782 2183 ἀγέσθω,
2860 2107 2956 2163 Καὶ
3011 2106 3108 2172 τὴν
3170 2105 3503 2172 δικαιοσύνην
3578 2114 3657 2178 τῷ
3712 2111 3814 2182 υἷῴ

2169 2204 2261 2254 τοῦ
2303 2194 2588 2272 βασιλέως.
2637 2196 2801 2256 Αὐτὸς
2856 2196 2931 2250 ὢν
2987 2197 3018 2262 ἦ
3078 2193 3380 2261 δικαιοσύνη
3434 2203 3523 2253 τοῦ
3571 2199 3807 2277 [ἰατρὸς⁷

2169 2284 2506 2351 δικαιοσύνην
2562 2282 2773 2361 λέγεται
2829 2282 3097 2363 εἰληφέναι
3169 2282 3249 2339 διὰ
3323 2288 3381 2341 τὸ
3450 2287 3807 2362 ἀνθρώπινον.

2171 2376 2335 2436 Αὐτὸς
2388 2371 2441 2428 δέ
2488 2373 2628 2428 ἐστιν
2679 2375 2706 2427 ὁ
2765 2374 2989 2450 Χριστὸς
3039 2375 3124 2428 καὶ
3155 2376 3181 2428 ὁ
3211 2372 3479 2453 βασιλεὺς⁷
3514 2376 3601 2430 καὶ
3634 2376 3663 2431 ὀ
3695 2378 3809 2438 υἱὸς

2170 2471 2263 2520 τοῦ
2311 2460 2599 2539 βασιλέως.
2640 2461 2839 2538 Κρίνειν
2888 2464 2978 2516 τὸν
3023 2460 3150 2517 λαὸν
3209 2485 3303 2519 σου
3360 2463 3413 2517 ὲν
3470 2462 3806 2530 δικαιοσᾶνη,

2165 2553 2306 2617 Αὕτη
2392 2557 2491 2616 τῆς
2577 2550 3022 2625 ἐνανθρωπήσεως
3079 2553 3113 2617 ἡ
3163 2551 3300 2606 αἰτία
3356 2554 3416 2608 τὸ
3467 2567 3647 2630 κρῖναι
3706 2554 3809 2620 τὴν

2162 2640 2277 2697 καθ’
2336 2643 2489 2713 ἡμῶν
2539 2638 2838 2704 πλεονεξίαν
2885 2648 2972 2696 τοῦ
3027 2647 3258 2696 Σατανᾶ’
3318 2639 3397 2696 διὸ
3454 2644 3540 2697 καί
3589 2642 3806 2716 penu).

2164 2731 2507 2809 σταυροῦσθαι
2565 2730 2784 2805 ἔφασκε*
2844 2740 2945 2788 Νῦν
3001 2731 3035 2796 ἡ
3088 2732 3255 2808 κρίσις
3306 2729 3413 2785 ἐστὶ
3453 2740 3543 2786 τοῦ
3598 2754 3807 2802 κοτμου

2163 2820 2373 2877 τούτου·
2419 2821 2447 2875 ὁ
2504 2818 2688 2898 ἅρχων
2741 2826 2833 2874 τοῦ
2884 2819 3088 2893 κόσμου
3156 2821 3340 2876 τούτου
3412 2818 3804 2886 ἐκϐληθήσεται

2164 2907 2284 2973 ἔξω.

2246 2995 2581 3054 Ἀναλαϐἐτω
2658 3000 2721 3055 τὰ
2821 2996 2916 3075 ὅρη
2996 3001 3208 3076 εἰρήνην
3265 3006 3340 3071 τῷ
3410 2998 3545 3076 λαῶ,
3610 3004 3701 3057 καὶ
3759 3003 3803 3056 οἱ

427 3087 764 3166 justitiam.
789 3073 1026 3149 Montes
1080 3099 1139 3146 et
1170 3073 1354 3147 colles
1401 3086 1497 3147 hic
1529 3073 1897 3164 evangelicas
1955 3089 2076 3147 vir-

2179 3089 2337 3145 ioovoi
2384 3085 2744 3153 δικαιοσύνην,
2797 3085 2949 3163 ”Ορη
3001 3091 3087 3143 καὶ
3143 3090 3356 3163 βουνοὺς
3419 3088 3631 3145 ἐνταῦθα
3710 3093 3804 3153 τὰς

437 3182 595 3238 tutes
649 3185 844 3250 vocat,
879 3194 1011 3256 quae
1066 3173 1233 3247 olim,
1267 3173 1342 3235 ob
1388 3175 1636 3236 eﬁusam
1685 3176 2075 3258 impietatem,

436 3272 661 3326 terram
696 3283 817 3326 non
869 3263 1234 3337 incolebant,
1271 3283 1428 3326 nunc
1461 3271 1661 3325 autem
1706 3265 1889 3343 jussaa
1941 3274 2079 3326 sunt

437 3371 642 3435 pacem
676 3373 810 3417 cum
848 3353 1196 3415 hominibus
1225 3354 1639 3416 reconciliare.

517 3538 652 3600 4-6.
686 3536 993 3600 Judicabit
1021 3555 1314 3618 pauperes
1341 3536 1573 3617 populi.
1608 3539 1907 3617 Pauperes
1935 3538 2081 3600 dicit

434 3644 538 3689 eos
597 3626 698 3707 qui
755 3627 1202 3689 idololatrarum
1240 3626 1349 3689 ﬁlii
1398 3635 1590 3700 erant,
1628 3635 1687 3687 et
1717 3637 1885 3689 erant
1916 3628 2080 3689 omni

436 3714 593 3777 bono
625 3716 818 3795 egeni.
852 3718 973 3778 Aut
1002 3717 1341 3777 universum
1373 3716 1683 3777 hominum
1715 3715 2077 3795 genusNam

434 3823 646 3867 omnes
672 3805 1148 3884 declinaverunt,
1173 3808 1341 3885 juxta
1371 3806 1582 3885 psalmi
1626 3824 1827 3869 vocem
1857 3804 1912 3849 6⁸
1945 3824 1958 3868 :
1994 3806 2076 3869 Et

435 3893 786 3956 humiliabit
833 3894 1360 3957 calumniatorem.
1408 3894 1718 3956 Diabolum
1769 3897 1935 3958 dicit.
1996 3897 2076 3958 Et

427 3983 811 4060 permanebit
861 4000 999 4044 cum
1028 3984 1174 4045 sole.
1210 3981 1273 4043 In
1305 3982 1503 4043 omnia
1561 3984 1801 4065 saecula,
1856 3985 2068 4067 inquit,

434 4088 686 4150 regnum
719 4073 851 4150 ejus
889 4071 1258 4134 extendetur.
1288 4072 1367 4134 Et
1391 4081 1526 4133 ante
1555 4072 1762 4135 lunam
1786 4076 1850 4136 in
1886 4092 2075 4152 gene-

434 4161 731 4222 rationem
757 4170 812 4222 et
839 4163 1313 4242 generationem.
1348 4159 1465 4221 Iste
1496 4162 1712 4242 inquit,
1738 4164 1838 4238 qui
1873 4166 1931 4225 in
1962 4165 2073 4225 ad-

438 4257 616 4311 ventu
671 4268 780 4312 suo
811 4249 873 4311 in
905 4258 1143 4312 terrena
1197 4270 1444 4330 regnum
1503 4250 1783 4332 obtinuit,
1818 4252 1947 4333 ipse
1985 4263 2077 4316 est

2162 3175 2509 3254 εὖαγγελιιιὰς
2560 3174 2803 3251 δυνάμεις
2860 3179 3011 3256 φησὶ,
3066 3179 3159 3241 τὰς
3217 3178 3381 3233 παλαι
3442 3180 3559 3259 μὲν³
3591 3178 3677 3235 διὰ
3706 3182 3802 3246 τὴν

2161 3266 2468 3345 κεχυμένηι
2520 3264 2785 3346 ἀσέϐειαν,
2848 3272 2926 3341 μη
2969 3267 3429 3346 ἐπιχωριαζούσας
3465 3274 3533 3343 τῇ
3586 3269 3676 3348 γῇ,
3712 3280 3799 3328 νῦν

2160 3354 2213 3411 δὲ
2272 3357 2484 3434 εἰρήνην
2541 3359 2671 3431 πρὸς
2713 3403 2716 3407 .
2751 3356 2951 3419 πάντας
3040 3358 3341 3434 ἀνθρώπους
3403 3357 3798 3433 ἀναλαμϐάνειν

2159 3443 2528 3519 κελευομένας.

2247 3544 2429 3611 Κρινεῖ
2500 3533 2621 3599 τοὺς
2709 3535 2960 3614 πτωχοὺς
3019 3535 3109 3590 τυῦ
3168 3533 3314 3593 λαοῦ.
3396 3534 3634 3602 Πένητας
3697 3540 3803 3593 τῶν

2163 3622 2216 3689 ἐξ
2298 3621 2692 3701 εἷδωλολατρῶν
2767 3622 3007 3701 πατέρων
3062 3626 3191 3703 φησὶ
3244 3625 3350 3679 τῶν
3407 3628 3799 3704 πτωχιυόντων

2162 3714 2268 3770 ἀπὸ
2301 3716 2499 3778 παντὸς
2532 3712 2719 3791 καλοῦ,
2752 3713 2840 3769 καὶ
2882 3712 3109 3771 καθόλου
3164 3714 3367 3769 πάντων
3420 3715 3711 3792 ἀνθρώπων
3740 3718 3801 3772 τὸ

2161 3806 2337 3881 γένος.
2374 3804 2571 3867 Πάντες
2605 3802 2704 3880 γὰρ
2736 3801 3071 3858 ἐκκεκλίκασι
3127 3802 3261 3859 κατᾶ
3312 3805 3409 3869 τὴν
3442 3806 3533 3860 τοῦ
3582 3805 3799 3881 ψαλμοί)

2158 3895 2361 3972 φωνήν,
2403 3894 2499 3949 Καὶ
2541 3890 2853 3948 δαπεινώσει
2893 3891 3248 3972 συκοφάντην.
3280 3893 3380 3950 Τὸν
3409 3890 3655 3950 διαϐολόν
3687 3917 3798 3975 φη-

2157 4004 2264 4043 σιν.
2310 3983 2407 4038 Καὶ
2451 3994 2854 4059 συμπαραμενετ
2910 3987 2987 4055 τῷ
3046 3980 3200 4056 ἡλίῳ,
3259 3982 3342 4045 Εἷς
3406 3984 3619 4053 αἱῶναις⁹
3686 4007 3798 4064 φη-

2160 4073 2262 4145 civ,
2323 4073 2358 4138 ἡ
2411 4069 2652 4147 βασιλεία
2715 4072 2873 4129 αὐτοῦ
2942 4070 3310 4140 ἐκταθήσεται,
3391 4074 3488 4130 Καὶ
3540 4075 3640 4151 πρὸ
3703 4078 3799 4139 τῆς

2159 4160 2392 4227 σελήνης
2438 4160 2623 4237 γενεὰς
2668 4166 2887 4237 γενεῶν,
2953 4162 3140 4232 Οὗτος,
3199 4164 3380 4240 φησὶν,
3429 4161 3795 4238 ἑβασιλεύσας

2160 4250 2212 4306 ἐν
2257 4250 2325 4326 τῇ
2371 4250 2628 4327 παρουσίᾳ
2664 4256 2766 4305 τῶν
2816 4252 2902 4305 ἐπὶ
2944 4252 3041 4318 τῆς
3093 4250 3218 4327 γῆς,
3250 4251 3405 4316 αὐτός
3465 4252 3605 4309 ἑστιν
3637 4255 3666 4308 ὁ
3712 4253 3799 4307 καὶ

436 4347 575 4402 ante
604 4341 820 4402 saecula
850 4345 1087 4403 creator
1116 4342 1741 4403 omnium.Descendet
1768 4343 1921 4404 sient
1940 4346 2080 4423 plu-

2179 4340 2263 4417 τρὸ
2294 4338 2498 4396 αἰώνων
2555 4341 2658 4394 τῶν
2710 4337 2851 4394 ὅλων
2894 4335 3240 4419 δημιουργός.
3293 4337 3661 4410 Καταϐήσεταί
3722 4342 3793 4404 ὡς

437 4430 625 4491 viain
646 4429 866 4492 vellus.
893 4429 1035 4492 Sine
1056 4432 1305 4509 strepitu
1336 4430 1456 4492 ait:
1482 4430 1569 4491 sic
1599 4439 1798 4492 autem
1823 4431 2083 4512 loquitur

380 4546 394 4561 -
440 4517 516 4580 ob
540 4519 975 4583 clandestinum
1008 4519 1323 4583 adventum
1350 4520 1501 4599 ejus.

521 4609 581 4671 7.
615 4609 864 4672 Orietur
919 4610 987 4672 in
1044 4610 1256 4672 diebus
1313 4611 1441 4689 ejus
1476 4610 1756 4687 justitia.
1784 4609 2081 4691 Tempore

444 4716 711 4777 namque
743 4698 1032 4760 adventus
1075 4700 1227 4777 ejus,
1270 4717 1447 4760 omne
1515 4699 1780 4776 gentium
1856 4698 2078 4762 bellum

442 4787 735 4849 sublatum
824 4796 934 4849 est.
995 4787 1080 4850 Et
1162 4788 1540 4851 abundantia
1633 4790 1806 4868 pacis
1891 4790 2082 4853 donec

443 4879 771 4955 auferatur
828 4875 1000 4940 luna.
1079 4876 1268 4939 Tanta
1330 4878 1469 4958 erit,
1529 4878 1742 4959 inquit,
1817 4878 2080 4942 adventu

442 4967 575 5045 ejus
639 4964 949 5046 plenitudo
1008 4968 1191 5047 pacis,
1246 4975 1310 5029 ut
1370 4969 1543 5029 etiam
1606 4968 1679 5028 ad
1731 4967 1931 5030 futura
1973 4988 2078 5030 us-

442 5071 559 5135 que
610 5057 1002 5135 protendatur
1058 5066 1331 5138 tempora
1365 5102 1381 5131 ,
1444 5057 1662 5134 quibus
1722 5057 1810 5119 sol
1861 5050 2077 5121 obscu-

440 5142 690 5206 rabitur
721 5193 737 5225 ,
801 5152 858 5207 et
916 5147 1069 5208 tuna
1102 5164 1222 5209 non
1252 5146 1428 5209 dabit
1474 5145 1666 5208 lucem
1700 5164 1877 5209 suam
1904 5146 2074 5209 σε’-⁷9.

523 5330 583 5387 8.
615 5325 697 5387 Et
724 5326 1136 5388 dominabitur
1164 5344 1200 5387 a
1231 5332 1399 5388 mari
1427 5344 1615 5406 usque
1645 5328 1725 5390 ad
1753 5328 2081 5392 mare.lloc

440 5413 527 5478 ait
543 5415 681 5495 quia
692 5433 901 5478 omnes
911 5426 1117 5495 gentes
1134 5414 1355 5479 Christi
1370 5415 1546 5478 ﬁdem
1562 5428 2082 5501 receperuntzqua-

440 5501 966 5570 Iidicat,0mnibus
984 5512 1150 5563 terrae
1170 5503 1381 5564 ﬁnibus
1413 5506 1731 5577 imperabit.
1761 5502 1903 5575 Quia
1924 5510 2081 5568 enim

522 5686 587 5734 0°
622 5685 848 5765 Ephes.
880 5703 946 5757 ιι,
982 5687 1081 5749 14.
1166 5686 1227 5736 07
1258 5689 1425 5750 Joan.
1456 5707 1555 5765 xu,
1582 5692 1680 5752 3t.

2161 4429 2312 4493 ὑετὸς
2357 4430 2445 4484 επὶ
2492 4428 2675 4486 πόκον.
2735 4424 3025 4507 Ἀψοφητὶ,
3060 4430 3211 4507 φησί’
3246 4435 3400 4486 τοῦτο
3458 4428 3513 4486 δὲ
3557 4435 3679 4488 εἶπε
3711 4429 3792 4485 διὰ

2160 4519 2260 4583 τὴν
2290 4516 2538 4591 λαθραίαν
2569 4521 2730 4576 αὐτοῦ
2758 4518 3070 4585 παρουσίαν.

2243 4605 2525 4663 ’Λνατελεῖ
2594 4605 2649 4661 ἰν
2735 4619 2856 4670 ταῖς
2928 4607 3155 4683 ἡμέραις
3234 4610 3394 4667 αὐτοῦ
3467 4606 3789 4676 δικαιοσύνη.

2168 4697 2312 4754 Κατὰ
2341 4696 2440 4775 γὰρ
2468 4697 2559 4751 τὸν
2588 4697 2770 4771 καιρὸν
2801 4700 2898 4762 τῆς
2928 4696 3214 4772 παρουσίας
3244 4697 3401 4756 αὐτοῦ
3434 4696 3573 4764 ἅπας
3627 4699 3792 4756 πόλι·-

2162 4808 2262 4861 μος
2316 4785 2578 4859 ἀνηρηται
2629 4783 2921 4862 [Ambros.
2982 4786 3231 4864 ἀνῄρητο]
3290 4793 3395 4843 τῶν
3461 4791 3644 4847 ὲθνῶν.
3700 4789 3793 4847 Καὶ

2161 4873 2360 4942 πλῆθος
2421 4876 2634 4953 εἰρήνης
2683 4874 2781 4939 ἔως
2825 4876 2885 4932 οὗ
2925 4875 3268 4955 ἀνταναιρεθῆ
3325 4879 3355 4944 ἡ
3413 4877 3640 4948 σελήνη.
3690 4888 3789 4936 T0-

2160 4975 2347 5023 σοῦτον
2381 4962 2548 5038 ἔσται,
2597 4967 2753 5045 φησὶ,
2805 4970 2902 5031 τῆς
2950 4966 3163 5034 εἶρηνης
3217 4967 3278 5021 τὸ
3332 4965 3539 5032 πλῆθος
3568 4967 3596 5023 ὃ
3626 4967 3790 5046 γενή-

2161 5076 2308 5110 σεται
2339 5053 2392 5109 ἐν
2423 5060 2493 5130 τῇ
2528 5057 2684 5112 αὐτοῦ
2713 5055 2993 5134 παρουσίᾳ,
3025 5057 3097 5120 ὡς
3125 5057 3210 5111 καὶ
3241 5056 3315 5120 εἷς
3353 5056 3473 5117 τοὺς
3504 5055 3789 5131 μέλλοντας

2161 5143 2443 5212 ἐκταθῆναι
2488 5144 2737 5225 χρόνους,
2784 5142 2899 5200 καθ’
2948 5144 3036 5207 οὒς
3085 5146 3113 5200 ὁ
3161 5143 3313 5212 ἥλιος
3367 5148 3788 5223 σκοτισθήσεται,

2160 5236 2253 5291 καὶ
2286 5236 2314 5302 ἡ
2354 5232 2556 5302 σελήνη
2590 5233 2648 5290 οὗ
2678 5232 2833 5289 δώσει
2861 5235 2923 5290 τὸ
2949 5236 3144 5312 φέγγος
3174 5235 3362 5300 αὐτῆς.

2244 5333 2284 5381 Κ
2325 5324 2339 5345 ‘
2710 5325 2722 5345 '
2908 5324 2922 5343 ’
2974 5325 3002 5379 ὸ
3090 5326 3118 5379 θ
3158 5321 3220 5379 λ’
3432 5322 3456 5343 ”

2290 5345 2343 5378 αι
2413 5344 2809 5402 κατακυριευσει
2898 5345 2972 5379 απ
3122 5345 3155 5380 α
3193 5345 3363 5391 ασσης
3433 5345 3531 5388 εως
3593 5326 3787 5382 θαλάσ-

2162 5434 2287 5480 σης.
2323 5413 2484 5470 Τοῦτό
2515 5435 2646 5492 φησι
2689 5416 2774 5469 διὰ
2831 5414 2892 5469 τὸ
2939 5413 3111 5470 πάντα
3155 5414 3222 5469 τὰ
3250 5412 3374 5480 ἔθνη
3417 5412 3788 5493 παραδέξασθαι

2161 5503 2258 5571 τὴν
2309 5502 2383 5567 εἷς
2424 5503 2580 5560 αὐτὸν
2624 5504 2822 5560 πίστιν·
2856 5502 2972 5559 ἀντὶ
2998 5508 3114 5583 τοῦ,
3160 5503 3381 5560 Πάντων
3408 5504 3661 5583 κρατήσει
3688 5523 3790 5561 των

1769 5691 1834 5741 68
1859 5691 2019 5753 Psal.
2050 5711 2180 5769 xm,
2212 5697 2273 5755 3.
2305 5694 2369 5743 69
2398 5694 2451 5743 Ἠ
2485 5693 2692 5758 Hattb.
2725 5711 2885 5772 χχιιι,
2908 5695 3009 5759 29.
