4006 6204
470 356 584 422 327

551 495 626 556 Et
659 493 1032 558 benedictum
1061 513 1282 557 nomen
1305 495 1548 574 gloriaz.
1573 495 1972 568 Quamobrem
2011 509 2118 572 par
2139 501 2175 548 Α

471 591 562 646 est
595 601 728 645 eum
765 601 945 664 super
981 584 1181 645 omnia
1212 584 1451 665 hymnis
1507 584 1834 646 celebrare.
1871 580 2114 644 Etiamsi

468 675 626 735 enim
663 673 793 750 ejus
826 681 1126 752 naturam,
1160 682 1364 754 utpote
1401 673 1907 754 inaccessibilem,
1939 672 2112 751 igno-

463 780 692 840 ramus,
725 769 783 819 at
818 761 1074 822 salutare
1107 761 1238 842 ejus
1265 781 1482 822 nomen
1515 764 1709 824 edocti
1741 783 1970 824 sumus.

635 853 690 912 1.
720 849 1079 928 Defecerunt
1115 849 1325 912 laudes
1357 851 1552 912 David
1583 851 1700 930 ﬁlii
1743 854 1948 915 Jessw.

827 937 1204 1001 PSALMUS
1237 941 1466 1018 Asap/t.
1503 939 1760 1002 LXXII.

1051 1033 1518 1108 Argumentum.

461 1118 529 1180 In
549 1117 663 1180 hoc
697 1117 927 1197 psalmo
960 1127 1159 1178 narrat
1181 1137 1356 1196 quam
1381 1117 1500 1178 sint
1543 1119 1808 1194 impares
1839 1117 2113 1178 homines

544 1207 616 1268 ad
651 1205 944 1286 capienda
997 1205 1377 1285 Deijudicia.
1443 1206 1571 1286 Ipsa
1626 1207 1783 1268 enim
1823 1207 2112 1288 profunda

543 1303 682 1358 sunt
713 1294 1121 1358 inscrutabilia
1147 1313 1214 1354 ac
1253 1313 1498 1374 prorsus
1533 1295 2112 1376 incomprehensibi-

543 1383 622 1444 lia
653 1381 729 1446 π.
757 1383 866 1456 Qui
894 1401 1068 1464 porro
1105 1385 1380 1462 ignorant
1421 1385 1714 1464 cujusque
1761 1385 2111 1446 uaconomiaa

541 1473 824 1548 rationes,
883 1473 939 1534 in
997 1471 1286 1534 absurdas
1354 1472 1739 1552 cogitationes
1809 1473 2105 1536 incidunt.
2197 1531 2200 1534 .

544 1561 942 1634 Quamobrem
1006 1561 1325 1648 propositis
1387 1563 1578 1640 primo
1613 1561 1910 1639 ejusmodi
1941 1563 2109 1641 cogi-

544 1649 891 1724 tationibus,
921 1667 1053 1730 qua
1084 1659 1326 1729 propter
1360 1650 1768 1730 improborum
1800 1649 2107 1712 hominum

541 1737 882 1800 felicitatem
916 1738 1301 1810 acciderant;
1331 1757 1492 1814 nam,
1527 1739 1683 1801 Ecce
1703 1740 1820 1819 ipsi
1843 1746 2112 1820 peccato-
2136 1775 2172 1826 Β

542 1843 636 1888 res
678 1833 734 1890 et
766 1827 1146 1889 abundantes
1173 1847 1195 1906 ;
1251 1827 1430 1889 docet
1461 1835 1688 1908 postea,
1721 1827 1916 1908 qualis
1944 1826 2109 1904 ipso-

540 1933 672 1976 rum
705 1915 1030 1996 impiorum
1067 1917 1204 1977 ﬁnis
1243 1915 1475 1977 futurus
1530 1919 1642 1988 sit;
1680 1923 1740 1977 ut
1773 1934 1842 1977 ea
1875 1916 2110 1996 perspi-

543 2023 656 2065 cue
687 2003 907 2084 edocti,
942 2023 1058 2065 non
1096 2003 1352 2066 moleste
1401 2005 1684 2079 feramus,
1719 2022 1915 2086 neque
1951 2003 2112 2066 anxii

543 2093 732 2155 simus
764 2092 840 2154 ob
863 2093 1326 2172 inaequalitatem
1362 2113 1562 2155 rerum
1593 2093 1772 2174 hujus
1795 2094 1949 2157 vitae.

1257 359 1318 422 S.
1363 358 1788 422 ATHANASII
1833 359 1996 422 OPP.
2045 357 2239 422 PARS
2281 357 2390 420 III.
2438 391 2515 402 —
2559 357 3015 423 EXEGETICA.

543 2274 603 2334 2.
643 2261 840 2348 Ouum
863 2273 1050 2334 bonus
1085 2271 1274 2334 Israel
1308 2273 1466 2334 Deus
1495 2273 1590 2334 his
1640 2273 1749 2351 qui
1779 2279 1943 2334 recto
1972 2277 2114 2333 sunt

3721 355 3846 422 328

2285 493 2379 548 Καὶ
2440 491 2800 568 εὖλογημένον
2853 495 2912 547 τὸ
2967 493 3134 566 ὄνομα
3185 491 3277 558 τῆς
3333 489 3508 556 δόξης,
3549 493 3640 546 Διὸ
3673 513 3844 566 προσ-

2197 579 2316 647 ήκει
2358 581 2495 657 παρά
2529 579 2739 635 πάντων
2787 583 2941 635 αἰτὸν
2988 581 3289 654 ὑμνεῖσθαι,
3347 582 3399 635 Εἰ
3453 582 3552 656 γὰρ
3595 585 3680 635 καὶ
3737 581 3846 646 τὴν

2195 669 2345 746 φύσιν
2381 671 2538 727 αὐτοῦ
2569 671 2640 732 ὡς
2674 669 2952 748 ἀνέφικτον
3011 671 3323 745 ἀγνοοῦμεν,
3373 668 3508 724 ἀλλὰ
3557 671 3616 724 τὸ
3653 669 3844 736 σωτή-

2196 778 2307 834 ριον
2345 757 2500 814 αὒτοῦ
2531 756 2887 836 ἐδιδάχθημεν
2921 758 3112 831 ὄνομα.

2385 843 2656 910 Ἐξέλιπον
2689 850 2732 902 οἱ
2757 846 2912 919 ὕμνοι
2947 845 3115 901 Δαυίδ
3142 849 3233 902 τοῦ
3267 851 3386 903 1⁸ἱοῦ
3419 845 3632 906 Ἰεσσαί,

2627 941 2914 992 ΨΑΛΜΟΣ
2941 940 3019 1006 τῷ
3050 932 3241 1012 Ἀσάφ.
3280 937 3406 996 ΟΒ’.

2915 1021 3214 1084 ἰ’πόθεσις.

2195 1109 2284 1168 Ἐν
2319 1115 2486 1184 τούτῳ
2535 1114 2611 1188 τῷ
2666 1113 2866 1188 ψαλμῷ
2918 1114 3016 1178 τὴν
3071 1111 3378 1186 ἀνωμαλίαν
3407 1119 3514 1166 τῶν
3551 1113 3849 1190 ἀνθρώπων

2275 1201 2340 1268 ἢν
2373 1201 2559 1280 ἕχοτσι
2593 1209 2708 1278 περί
2740 1203 2804 1256 τὰ
2835 1209 2926 1257 τοῦ
2961 1209 3091 1258 Θεοῦ
3123 1204 3354 1280 κρίματα
3386 1201 3691 1278 ἐξηγεῖται,
3727 1207 3848 1260 Αὖ-

2275 1293 2338 1345 τά
2395 1293 2493 1364 μέν
2543 1293 2636 1368 γάρ
2695 1291 2805 1347 ἐστι
2865 1291 3026 1367 βαθέα
3091 1313 3144 1346 τε
3194 1293 3278 1346 καὶ
3317 1291 3716 1366 ἀνεξερεύνητα,
3751 1293 3850 1347 καὶ

2273 1381 2647 1454 ἀκαταληψίας
2705 1381 2938 1458 γέμοντα
2983 1378 3185 1446 πολλῆς
3223 1399 3232 1410 ·
3279 1382 3325 1435 οἱ
3379 1377 3434 1436 δέ
3479 1381 3593 1444 τοὺς
3643 1379 3844 1457 λόγους

2272 1475 2372 1534 τῆς
2416 1470 2467 1524 ἐν
2532 1471 2739 1544 ἑκάστῳ
2782 1469 3100 1547 γιγνομένης
3146 1469 3448 1542 οἰκονομίας
3500 1469 3618 1546 (34)
3665 1469 3842 1546 ἀγνοο-

2275 1561 2456 1622 οὖντες
2513 1561 2584 1619 εἷς
2641 1559 2959 1638 ἀμηχάνους
3019 1557 3330 1615 ἐκπίπτουσι
3391 1560 3701 1635 λογισμούς,
3741 1561 3844 1614 Διὸ

2275 1645 2360 1718 δὴ,
2409 1649 2667 1726 πρότερον
2721 1649 2905 1706 αὐτοὺς
2939 1649 3144 1726 προθεὶς
3197 1649 3333 1720 ἡμῖν
3366 1647 3484 1709 τοὺς
3517 1645 3836 1724 λογισμοὺς,

2276 1739 2417 1792 οὗτοι
2476 1735 2529 1791 δὲ
2577 1735 2712 1803 ἦσαν
2769 1738 2816 1792 οἱ
2879 1735 2962 1791 διὰ
3021 1737 3119 1802 τὴν
3177 1735 3455 1812 εὐπραγίαν
3497 1741 3599 1790 τῶν
3629 1734 3840 1790 ἀσεϐῶν

2274 1827 2559 1904 ἀνθρώπων
2615 1823 3128 1900 ἐπισυμϐαίνοντες·
3223 1824 3357 1881 Ἰδοὺ
3419 1825 3520 1901 γὰρ
3577 1827 3839 1902 ἀμαρτω-

2273 1914 2377 1982 λοὶ,
2441 1915 2590 1992 φησὶ,
2655 1917 2740 1970 καὶ
2801 1918 3158 1984 εὖθηνοῦιτες,
3197 1912 3428 1968 διδάσκει
3487 1913 3620 1987 μετά
3679 1923 3842 1970 τοῦτο

2279 2007 2365 2060 καὶ
2397 2026 2551 2060 ποιον
2599 2005 2772 2058 αὐτῶν
2802 2005 2906 2059 τῶν
2950 2000 3155 2058 ἀσεϐῶν
3187 2001 3331 2057 ἔσται
3367 2005 3426 2056 τὸ
3455 2002 3606 2068 τέλος
3640 2021 3652 2034 ·
3687 2003 3842 2066 ὅπως

2278 2093 2364 2172 ἂν,
2399 2093 2464 2148 τὰ
2494 2099 2710 2148 τοιαῦτα
2741 2093 2956 2169 γνόντες
2987 2099 3194 2170 σαφῶς,
3223 2094 3298 2166 μὴ
3319 2092 3601 2168 ἀπορῶμεν
3633 2091 3684 2145 ἐν
3711 2105 3840 2154 ταῖς

2275 2179 2604 2256 ἀνωμαλίαις
2632 2185 2738 2236 τῶν
2769 2180 2822 2236 ἐν
2855 2179 2984 2254 τῷδε
3014 2188 3089 2254 τῷ
3119 2181 3216 2256 βίῳ
3250 2181 3600 2258 πραγμάτων,

2275 2272 2368 2332 Ὠς
2429 2271 2622 2346 ἀγαθὸς
2679 2270 2708 2324 ὁ
2768 2273 2897 2332 Θεὸς
2969 2275 3044 2343 τῷ
3109 2269 3320 2346 ἰσραθλ
3373 2282 3490 2332 τοῖς
3539 2268 3706 2324 ειῖιθέσι
3771 2275 3844 2343 τῇ

463 2360 681 2425 corde!
745 2359 1101 2423 Narraturus
1151 2367 1612 2441 prosperitatem
1683 2361 1990 2422 hominum
2051 2359 2110 2422 in

2230 2359 2401 2440 αρόίᾳ,
2459 2357 2679 2414 Μέλλων
2711 2355 3016 2436 διηγεῖσθαι
3073 2363 3168 2424 τὴν
3219 2365 3323 2412 τῶν
3377 2358 3430 2412 ἐη
3485 2355 3692 2428 ἀσεϐείᾳ
3753 2355 3842 2410 δι-

463 2449 772 2530 impietate
818 2448 1185 2530 degendam,
1249 2459 1308 2510 et
1364 2449 1648 2511 acerbum
1705 2451 1854 2530 ipsis
1905 2463 2110 2530 postea

2229 2451 2430 2528 γόντων
2463 2447 2748 2524 ἀνθρώπων
2776 2447 3063 2522 γινομένην
3111 2446 3422 2525 εὐημερίαν,
3453 2447 3540 2500 καὶ
3571 2447 3666 2512 την
3699 2447 3842 2518 μετά

463 2546 736 2619 paratum
767 2538 1130 2618 supplicium
1160 2559 1174 2618 ;
1214 2538 1522 2618 praemittit
1553 2537 1722 2610 illud,
1757 2539 1938 2599 rectis
1966 2554 2106 2598 cor—

461 2627 538 2688 de
559 2625 780 2688 bonum
814 2645 948 2689 esse
979 2627 1192 2700 Deum,
1227 2635 1290 2687 ut
1326 2635 1690 2706 cognoscant
1737 2625 1841 2704 qui
1874 2625 2107 2708 pietatis

458 2713 570 2776 sibi
603 2724 801 2790 partes
825 2724 1162 2796 assumunt,
1195 2715 1337 2776 solis
1367 2716 1552 2777 rectis
1574 2717 1758 2776 corde
1789 2715 1974 2777 Deum
2006 2715 2105 2778 i'u-

458 2813 655 2866 turum
689 2821 822 2866 esse
859 2803 1108 2877 bonum,
1133 2803 1238 2865 sed
1275 2822 1392 2865 non
1425 2807 1500 2866 iis
1530 2803 1632 2884 qui
1657 2802 1928 2885 improbe
1959 2819 2104 2882 pec-

457 2901 617 2954 cant.
677 2895 882 2974 Itaque
933 2893 1164 2954 etiamsi
1227 2893 1540 2955 videantur
1590 2911 1872 2974 prospere
1902 2910 2101 2973 agere,

458 2981 676 3064 inquit,
701 3001 877 3044 nemo
913 2981 1212 3061 turbetur,
1261 3001 1462 3044 secum
1495 2995 1785 3063 reputans
1814 2990 2101 3058 quantum

459 3071 594 3134 illos
625 3072 800 3152 paulo
834 3081 1039 3152 postea
1070 3071 1428 3153 supplicium
1453 3081 1778 3153 exspectet.

545 3249 696 3330 [Mei
721 3259 922 3312 autem
971 3268 1122 3330 pene
1164 3257 1310 3313 moti
1335 3259 1480 3314 sunt
1503 3252 1705 3330 pedes.
1741 3249 1958 3313 Narrat
1989 3249 2104 3309 hu-

453 3339 719 3422 jusmodi
753 3347 1002 3400 mortem
1039 3341 1150 3420 piis
1199 3341 1341 3400 viris
1396 3341 1766 3420 contingere,
1803 3347 1867 3400 ut
1895 3339 1944 3400 si
1976 3337 2108 3418 quis

457 3437 702 3508 rogetur
729 3447 804 3490 an
838 3429 979 3490 velit
1029 3429 1209 3491 talem
1247 3438 1496 3491 mortem
1530 3430 1722 3504 obire,
1759 3428 2104 3508 neutiquam

458 3518 734 3599 abnuat.]

539 3608 668 3670 3-5.
706 3608 867 3682 Quia
914 3608 1109 3670 εειαυί
1138 3625 1322 3687 super
1351 3609 1621 3688 iniquos,
1657 3625 1866 3686 pacem
1897 3623 2104 3688 pecca-

463 3703 660 3760 torum
715 3696 947 3777 videns,
1008 3705 1121 3759 etc.
1186 3697 1438 3758 Enarrat
1488 3715 1557 3758 ea
1587 3715 1716 3776 quae
1747 3697 1858 3776 ipsi
1891 3695 2108 3757 mentis

461 3785 968 3867 perturbationem
1033 3787 1314 3847 excitant.
1364 3785 1502 3848 Haec
1530 3795 1730 3846 autem
1781 3795 1940 3858 sunt,
1977 3785 2104 3866 pri-

465 3893 652 3950 mum,
689 3875 847 3952 quod
881 3875 938 3936 in
971 3874 1086 3936 alta
1123 3893 1266 3954 pace
1319 3874 1489 3954 impii
1517 3875 1778 3956 degant;
1807 3873 2102 3954 secundo,

460 3964 616 4045 quod
655 3981 760 4045 per
791 3971 970 4024 totam
1006 3965 1183 4025 vitam
1237 3983 1526 4045 prospere
1575 3973 1791 4043 agant;
1825 3963 1906 4025 ila
1939 3973 2002 4025 ut
2031 3964 2103 4024 ad

461 4063 714 4116 mortem
751 4071 938 4132 usque
969 4053 1220 4115 felicitas
1251 4053 1627 4128 extendatur,
1664 4061 1722 4114 et
1757 4054 1870 4114 tale
1916 4071 2106 4132 genus

461 4144 670 4205 mortis
701 4143 872 4222 impii
894 4141 1170 4224 subeant,
1204 4144 1380 4224 quale
1441 4161 1616 4203 nemo
1651 4141 1854 4203 subire
1889 4142 2106 4204 abnuat

2189 2547 2352 2596 ταῦτα
2413 2544 2597 2600 αὺτοῖς
2653 2537 3012 2611 ἀποκειμένην
3073 2535 3288 2591 κόλασιν
3347 2537 3562 2614 πικρὰν,
3595 2541 3840 2610 προτατ-

2188 2649 2269 2684 τει
2313 2631 2372 2684 τὸ
2429 2641 2544 2690 τοῖς
2596 2625 2794 2682 εὒθέσιν
2833 2625 3027 2704 ἀγαθὸν
3087 2627 3226 2680 εἶναι
3273 2625 3362 2680 tria
3397 2626 3552 2679 Θεόν·
3588 2622 3732 2686 ὅπως
3771 2622 3834 2677 ἂν

2187 2731 2367 2792 γνοῖεν
2427 2719 2472 2773 οἱ
2532 2715 2635 2782 τὴν
2691 2712 2880 2780 εὐσεϐῆ
2939 2716 3240 2794 αἱρούμενοι
3289 2712 3490 2792 μερίδα,
3549 2715 3618 2777 ὡς
3651 2715 3840 2788 μόνοις

2186 2821 2304 2871 τοῖς
2359 2806 2526 2864 εόθὲσι
2579 2805 2646 2872 τῖ]
2694 2803 2880 2878 καρδίᾳ
2913 2803 3058 2859 ἔσται
3093 2805 3286 2880 ἀγαῧὶς
3321 2807 3346 2858 ὁ
3397 2801 3521 2862 Osci:
3562 2819 3574 2830 '
3611 2805 3670 2858 οὗ
3717 2805 3832 2876 μὴν

2189 2893 2264 2950 ἔτι
2297 2897 2382 2949 καὶ
2415 2907 2532 2956 τοῖς
2565 2891 2870 2971 φαυλότατα
2929 2893 3340 2970 ἁμαρτάνωσιν,
3395 2889 3596 2964 ”-εστε,
3659 2895 3702 2945 εἱ
3751 2893 3840 2946 καὶ

2187 2981 2424 3041 δοκοῦσιν
2485 2983 2794 3058 εὐημερεῖν,
2852 2983 3000 3057 φησὶ,
3079 2981 3411 3056 ταραττὲσυιυ
3489 2981 3700 3054 μηδεὶς,
3773 2984 3836 3034 τὸ

2124 3073 2376 3150 σμικρὸν
2435 3071 2650 3146 ὕστερον
2695 3069 2883 3132 αὐτοὺς
2929 3067 3266 3133 ἐκδεξόμενον
3328 3071 3678 3144 κολαστήριον
3745 3069 3834 3122 ἐν·⁵

2189 3184 2322 3216 νοων
2335 3206 2344 3216 .

2271 3249 2468 3327 [Ἐμοῠ
2525 3246 2576 3302 δὲ
2651 3251 2794 3326 παρὰ
2871 3251 3060 3326 μικρὸν
3115 3247 3472 3312 ἐσαλεύοησαν
3529 3249 3574 3301 οἱ
3649 3245 3837 3308 πόδες.

2193 3349 2475 3416 Διηγεῖιαι
2509 3347 2744 3396 τοιοῦτον
2789 3339 2908 3403 τοὺς
2951 3335 3187 3401 εὐσεϐεῖς
3237 3335 3519 3410 ὑπομένειν
3548 3339 3635 3391 τὸν
3665 3337 3839 3390 θάνα-

2187 3451 2303 3507 τον,
2337 3429 2407 3490 ὡς
2444 3427 2518 3502 μή
2549 3449 2664 3482 τινα
2696 3428 2964 3482 ἀνανεύειν
2993 3427 3125 3489 εἴτις
3161 3431 3318 3484 αὐτον
3365 3425 3558 3504 ἔροιτο,
3617 3427 3659 3479 εἰ
3703 3425 3840 3498 {30‘3-

2189 3517 2334 3574 λοιτο
2361 3523 2600 3571 τοιούτου
2628 3517 2853 3574 θανάτου
2883 3515 3129 3595 τυχεῖν]

2270 3605 2400 3664 ’Ὅτι
2453 3605 2692 3676 ὲζήλῶσα
2762 3605 2844 3661 ἐπὶ
2904 3619 3023 3668 τοῖς
3081 3603 3324 3678 ἀνόμοις,
3387 3605 3603 3682 εἰρήνην
3655 3605 3838 3682 ἀμαρ-

2186 3696 2373 3754 τωλῶν
2433 3697 2592 3774 optino,
2625 3717 2680 3756 κ,
2713 3717 2764 3757 τ,
2801 3693 2854 3752 λ.
2897 3695 2964 3752 Tit
2997 3695 3086 3750 τὸν
3131 3693 3318 3750 κλόνον
3351 3697 3493 3766 αὒτῷ
3525 3695 3830 3762 ποιήσαντα

2185 3787 2283 3854 τῆς
2313 3784 2497 3863 ψυχῆς
2531 3784 2846 3863 ἀφηγεῖται.
2884 3783 3054 3842 Ταῦτα
3075 3783 3130 3839 δὲ
3160 3783 3292 3857 ἐστι,
3325 3783 3384 3837 τὸ
3415 3788 3619 3858 πρῶτον
3653 3783 3752 3857 μὲν
3781 3782 3838 3836 ἐν

2187 3875 2369 3952 εἰρήνῃ
2429 3874 2618 3936 αὐτοὺς
2691 3873 2873 3948 βαθείᾳ
2930 3869 3195 3929 διατελεῖν
3229 3891 3244 3906 ·
3303 3870 3486 3926 ἔπειτα
3543 3869 3836 3932 διαπαντὸς

2187 3966 2469 4040 εὐημερεῖν
2521 3969 2612 4017 τοῦ
2673 3964 2808 4038 βίου,
2857 3965 2930 4025 ὡς
2989 3963 3076 4018 καὶ
3135 3961 3298 4040 μέχρι
3345 3962 3571 4018 θανάτου
3613 3961 3710 4024 τὴν
3745 3961 3838 4015 εὖ·

2187 4051 2417 4131 ημερίαν
2484 4053 2927 4129 συνεκτείνεσθαι,
3003 4051 3090 4106 καὶ
3138 4058 3376 4107 τοιοῦτον
3433 4049 3554 4111 τοὺς
3613 4045 3836 4112 ἀσεϐεῖς

2189 4141 2468 4216 δπομένειν
2517 4141 2698 4219 αὐτὸν,
2756 4142 2828 4202 ὡς
2875 4140 2952 4216 μή
3007 4161 3120 4194 τινα
3159 4139 3426 4196 ἀνανεύειν
3479 4137 3639 4201 εἴτις
3671 4139 3837 4194 αὑτὸν

461 4234 512 4296 si
551 4231 684 4314 quis
713 4251 848 4293 eum
883 4240 1072 4312 roget,
1122 4251 1195 4293 an
1253 4232 1393 4293 velit
1450 4231 1791 4310 hujusmodi
1851 4240 2104 4293 mortem

2229 4253 2382 4308 aet-to,
2419 4231 2462 4286 εἰ
2495 4228 2740 4307 βούλοιτο
2765 4239 2857 4288 τοῦ
2885 4229 3123 4286 τοιούτου
3153 4230 3377 4286 Θανάτου
3409 4241 3597 4306 τυχεῖν
3637 4248 3652 4261 ·
3697 4231 3838 4306 πρὸς

461 4321 652 4383 obire.
687 4321 776 4384 Ad
807 4321 956 4394 haec,
991 4321 1152 4400 quod
1187 4321 1236 4380 si
1272 4340 1384 4402 qua
1425 4321 1571 4402 ipsis
1605 4331 1847 4401 propter
1891 4339 2105 4402 pecca-

2291 4326 2443 4376 τοῦτο
2501 4321 2589 4376 καὶ
2637 4321 2680 4374 εἰ
2735 4317 2834 4397 ἄρα
2890 4317 3083 4386 συνέϐη
3143 4318 3230 4375 ἐπὶ
3277 4325 3345 4394 τῇ
3398 4317 3628 4394 ἁμαρτίᾳ
3659 4319 3838 4375 αὐτῶν

460 4417 588 4472 tum
621 4409 846 4490 punitio
875 4397 1194 4490 inﬂigatur,
1232 4397 1346 4492 qua
1385 4397 1462 4472 ad
1514 4397 1969 4474 conversionem
2001 4427 2104 4470 re-

2229 4409 2382 4474 ηάστιξ
2413 4409 2819 4487 ἐπιστρεπτικὴ,
2853 4411 3050 4474 ταὺτην
3085 4431 3164 4484 μη
3209 4408 3350 4464 εἶναι
3401 4407 3676 4486 χαλεπὴν²
3709 4405 3837 4462 ἀλλ’

461 4509 767 4574 vocentur,
803 4518 874 4560 ea
897 4517 1016 4560 non
1048 4499 1132 4561 sit
1163 4501 1377 4578 gravis,
1417 4500 1521 4560 sed
1559 4500 1701 4561 levis
1735 4509 1792 4561 et
1823 4499 2104 4560 tolerabi-

2229 4499 2420 4577 λαφράν
2483 4520 2539 4554 τε
2589 4500 2678 4554 καὶ
2719 4499 3181 4576 εὐπαρακόμιστον
3211 4513 3225 4528 ·
3271 4495 3354 4575 ἔφ’
3405 4495 3573 4552 ἅπασι
3617 4493 3672 4550 δὲ
3701 4493 3840 4550 τοῦ-

459 4590 555 4653 lis.
589 4591 782 4670 Super
837 4589 928 4650 his
988 4589 1290 4666 omnibus,
1347 4589 1504 4670 quod
1539 4606 1654 4654 non
1693 4591 1982 4651 humanos
2017 4589 2107 4650 la-

2229 4609 2301 4652 οις
2358 4591 2419 4644 τὸ
2482 4588 2560 4664 μή
2627 4593 2727 4644 τῶν
2787 4587 3128 4660 ἀνθρωπίνων
3185 4583 3567 4644 συναπολαύειν
3619 4583 3838 4662 κόπων,

461 4679 640 4741 bores
696 4677 1104 4758 experiantur,
1168 4697 1278 4741 nec
1331 4679 1545 4740 diurno
1619 4687 1848 4760 quaestu
1901 4688 2110 4758 egeant

2229 4677 2332 4744 ,ηδε
2389 4673 2593 4734 δέεσθαι
2646 4677 2748 4742 τῆς
2791 4673 2906 4732 καθ’
2963 4673 3168 4754 ἡμέραν
3226 4673 3469 4753 ἐργασίας
3516 4675 3589 4736 εἷς
3621 4671 3842 4739 διατρο-

463 4788 569 4849 pro
635 4768 912 4850 parandis
961 4767 1281 4830 alimentis.
1349 4767 1458 4829 Hic
1529 4759 1688 4830 enim
1751 4767 1917 4832 labor
1976 4787 2108 4829 ma-

2229 4769 2297 4835 ὴν
2355 4767 2659 4844 ἀναγκαίων
2704 4771 2937 4843 τροφῶν,
2969 4765 3134 4828 Οὗτος
3161 4765 3261 4842 γάρ
3293 4764 3463 4820 αὐτῶν
3493 4761 3523 4817 δ
3573 4759 3658 4818 διὰ
3703 4783 3840 4840 γει-

461 4849 668 4938 nuum,
704 4857 926 4936 ﬂagelli
957 4865 1016 4919 et
1048 4857 1381 4939 punitionis
1429 4859 1558 4919 loco
1613 4857 1961 4920 hominibus
1989 4857 2108 4918 im-

2229 4863 2298 4912 ὦν
2339 4857 2508 4918 κόπος
2541 4855 2662 4912 οἷον
2706 4854 2821 4911 ἀντὶ
2868 4854 3138 4932 μαστίγων
3187 4867 3305 4916 τοῖς
3335 4852 3628 4931 ἀνθρώποις
3681 4849 3840 4908 δέδο-

461 4947 726 5029 ponitur.

539 5037 752 5099 6.!deo
773 5037 970 5098 tenuit
988 5053 1083 5098 eos
1101 5037 1410 5118 superbia,
1447 5047 1504 5098 et
1545 5045 1779 5100 caetera.
1815 5037 1963 5110 Quia
1989 5057 2110 5099 om-

2282 5036 2380 5092 Διὰ
2435 5043 2589 5092 τοῦτο
2647 5033 2931 5109 ἐκράτησεν
2997 5033 3184 5095 αὐτοὺς
3244 5033 3276 5098 ἡ
3335 5029 3691 5108 ὑπερηφανία³
3761 5029 3838 5092 εἷς

458 5125 637 5188 nibus
667 5125 942 5186 fruuntur
966 5117 1332 5202 bonis,nullo
1367 5127 1559 5187 affecti
1595 5125 1913 5205 malo,ideo
1947 5128 2105 5188 into-

2231 5124 2376 5187 ἐλος.
2409 5121 2630 5190 Ἐπειδῆ
2663 5123 2874 5178 πάντων
2903 5123 2998 5196 μὲν
3047 5118 3373 5177 ἀπολαύουσι
3425 5119 3533 5175 τῶν
3591 5117 3838 5196 ἀγαθῶν,

461 5215 862 5280 lerantissime
892 5217 1266 5293 superbiunt,
1318 5225 1494 5296 atque
1527 5215 1603 5277 ita
1635 5204 1818 5294 iniqui
1853 5223 1911 5276 et
1941 5217 2106 5295 impii

2231 5225 2358 5273 ακοῦ
2413 5211 2466 5269 δὲ
2527 5211 2760 5284 οὐδενὸς,
2808 5213 2995 5268 τούτου
3046 5211 3206 5290 χάριν
3239 5213 3508 5286 περισσῶς
3535 5204 3834 5276 επιτήδευ-

463 5305 740 5384 evadunt,
762 5303 1110 5384 utimpietas
1126 5323 1332 5366 eorum
1355 5293 1462 5366 ceu
1481 5293 1982 5385 pinguisetobesa
2004 5293 2081 5366 sit

2229 5329 2284 5362 αν
2316 5305 2414 5371 τὴν
2463 5303 2817 5382 ὑπερηφανίαν
2851 5315 2866 5329 ⁸
2903 5299 3020 5368 ἥτις
3081 5302 3170 5356 καὶ
3221 5296 3458 5372 ἀδίκοῦς,
3493 5297 3582 5353 καὶ
3613 5293 3846 5372 ἀσεϐεῖς

464 5397 648 5460 αὐτους
677 5393 991 5474 ἀπετέλεσε,
1024 5397 1112 5452 καὶ
1143 5395 1228 5452 ἒπὶ
1257 5403 1534 5471 τοσοῦτον,
1566 5397 1638 5457 ὡς
1670 5395 1758 5450 καὶ
1793 5395 1886 5458 τὰς
1921 5393 2164 5466 ἀσεϐείας
2197 5399 2369 5456 αὐτῶν
2400 5405 2608 5471 παχεῖς
2638 5395 2777 5448 εἶναι
2811 5391 2900 5446 καὶ
2931 5389 3089 5446 οἱονεὶ
3121 5390 3432 5468 εὐτραφεῖς.

544 5533 600 5579 ⁷⁸
627 5537 806 5600 Rom.
841 5556 918 5618 χι,
954 5537 1053 5604 33.

545 5669 670 5748 (34)
701 5671 828 5732 Vox
859 5674 1132 5750 οἰκονομία
1191 5689 1350 5752 saepe
1375 5687 1480 5750 pro
1509 5668 1928 5732 incarnatione
1951 5687 2062 5732 usu
2093 5688 2110 5729 ι

465 5750 698 5814 tionum
723 5750 966 5814 Christi.

2229 5677 2276 5733 t.
2331 5667 2644 5748 Vulgatius
2679 5677 2878 5731 autem
2912 5663 3212 5766 signiﬁcat
3255 5667 3440 5724 totum
3480 5659 3702 5746 seriem
3741 5675 3850 5722 ac-

489 5768 698 5814 tonum
723 5768 966 5816 unum.
