4006 6204
498 346 606 421 331

1287 352 1351 419 s.
1398 350 1825 417 ATHANASII
1866 346 2031 413 OPP.
2084 346 2296 411 PARS.
2345 348 2453 409 III.
2509 381 2567 390 η-
2627 306 3080 409 ΕΧΕαΕιπιοΑ.

3742 331 3854 402 332

495 513 637 558 cum
673 510 742 554 ea
766 492 882 551 sint
909 488 1201 571 profunda
1248 497 1307 550 et
1355 484 1779 549 inscrutabilia.
1839 484 2132 547 Caeterum

2258 482 2420 537 αθέων
2456 479 2626 536 ὄντων
2683 481 2771 535 καὶ
2827 478 3274 556 ἀνεξερευνήτων,
3324 474 3469 544 Πλὴν
3527 476 3617 531 τὸν
3676 471 3856 529 δέοντα

500 562 1077 665 ορροτιιιηιιηιίιιίὴί
1097 578 1169 640 ad
1191 596 1317 638 eam
1351 576 2026 665 cognitionemtempus
2041 589 2142 631 as-

2254 573 2299 633 ίς
2330 572 2425 638 τὴν
2453 570 2653 625 τούτων
2715 571 2911 646 γνῶσιν
2973 570 3307 645 πεπόρισμαι
3366 564 3581 639 ἐμαυτῴ
3629 562 3815 637 καιρὸν
3848 579 3860 592 ·

503 650 730 752 signavi
758 689 771 732 :
800 680 890 731 est
920 682 1119 729 autem
1154 650 1565 746 illud,tempus
1592 663 1777 724 divini
1811 650 2142 735 tribunalis,

2253 661 2385 721 μὺτος
2411 658 2462 713 δὲ
2503 659 2567 725 ἦν
2598 661 2625 714 ὁ
2656 669 2748 716 τοῦ
2794 657 2932 713 θείου
2964 654 3306 733 δικαστηρίου
3336 654 3543 730 καιρὸς,
3580 650 3666 706 ὅτε
3724 650 3862 705 ἀπο-

502 744 742 844 quando
768 759 986 819 reddes
1019 756 1340 837 unicuique
1370 744 1696 815 secundum
1720 768 1902 831 opera
1931 769 2038 812 sua
2064 751 2145 811 75.

2253 751 2420 812 ἰώιεις
2450 748 2659 820 ἑκάστῴ
2690 748 2825 802 κατά
2856 747 2921 801 τὰ
2951 744 3078 824 ἔργα
3110 747 3288 804 αὒτοῦ.

585 854 684 925 18,
722 852 812 911 l9.
858 847 1291 909 Verumtamen
1311 852 1553 925 propter
1600 842 1769 905 dolos
1784 844 2038 922 posuisti
2062 843 2151 900 eis

502 936 1602 1017 mala.etc.Ego,inquit,opportunum
1638 931 1873 992 miliiad
1897 949 2146 991 accura-

504 1041 622 1094 tam
646 1045 849 1091 earum
884 1044 1082 1087 rerum
1138 1024 1540 1103 cognitionem
1566 1020 1851 1100 assignari
1887 1020 2149 1079 futurum

504 1119 787 1182 videlicet
812 1128 1048 1195 tempus
1075 1134 1090 1190 ;
1114 1133 1182 1175 ac
1205 1112 1549 1194 prophetico
1571 1110 1780 1191 spiritu
1794 1110 1988 1171 futura
2011 1126 2153 1189 prai-

504 1227 762 1273 noscens
845 1206 979 1266 dico
1060 1204 1300 1264 dolosos
1391 1220 1586 1263 mores
1668 1198 2151 1277 gravissimorum

508 1300 654 1381 ipsis
679 1295 1107 1376 suppliciorum
1141 1294 1203 1353 in
1237 1310 1415 1353 causa
1446 1292 1691 1351 futuros.
1726 1288 1853 1350 Erit
1902 1304 2153 1364 namque

509 1375 629 1450 illis
659 1384 935 1448 exaltatio
970 1384 1029 1443 in
1062 1382 1323 1442 ruinam.
1374 1382 1573 1459 Atque
1607 1378 1780 1457 hujus
1834 1378 1967 1436 vita:
1999 1375 2153 1434 divi—

508 1478 604 1538 tiae
638 1475 893 1555 perinde
919 1471 1037 1531 illis
1055 1469 1503 1549 iudicabuntur,
1528 1475 1705 1547 atque
1726 1465 2150 1526 somniantium

507 1567 653 1637 visa,
694 1561 890 1624 inania
921 1568 982 1621 et
1016 1560 1225 1620 umbra
1255 1560 1384 1638 ipsa
1413 1558 1759 1618 inﬁrmiora.

587 1656 686 1719 20.
722 1652 806 1713 Et
855 1654 918 1710 in
958 1650 1206 1711 civitate
1255 1658 1359 1709 tua
1388 1649 1719 1726 imaginem
1773 1646 2042 1725 ipsomm
2073 1642 2154 1702 ad

506 1743 784 1810 nihilum
821 1740 1079 1817 redigas.
1114 1737 1329 1801 Civitas
1362 1735 1597 1799 Domini
1633 1752 1890 1814 superna
1937 1741 2025 1792 est
2051 1729 2153 1793 ιε-

510 1833 795 1905 rusalem,
835 1831 1159 1906 imaginem
1188 1828 1481 1905 ipsorum.
1517 1823 1577 1885 id
1601 1835 1714 1897 est,
1738 1821 1984 1883 terreni.
2021 1819 2155 1881 ιιωε

512 1930 605 1987 est
637 1935 836 1983 autem
871 1917 1176 1979 sententia
1252 1913 1765 1993 Quandcquitlem,
1796 1911 1899 1983 ait,
1934 1908 2154 1971 terreni

512 2011 833 2092 imaginem
864 2013 1191 2086 gestarant,
1220 2014 1278 2065 et
1330 2022 1445 2064 non
1508 2001 1768 2066 caelestis
1797 2000 1880 2080 76,
1915 2000 2049 2060 ideo
2081 1998 2150 2058 ad

513 2102 766 2164 nihilum
802 2095 1176 2173 redigentur,
1211 2093 1456 2155 audient
1515 2092 1673 2151 enim
1723 2108 1795 2152 eo
1839 2103 2147 2166 tempore:

510 2193 724 2257 Nescio
778 2205 883 2248 vos
911 2184 1017 2259 77;
1054 2191 1255 2263 utpote
1310 2183 1408 2263 qui
1469 2200 1584 2242 non
1632 2189 1841 2258 gerant
1897 2175 2154 2239 caelestis

511 2279 853 2357 imaginem.

593 2368 812 2433 21-25.
851 2363 1012 2439 Quia
1036 2361 1482 2438 inﬂammatum
1516 2366 1602 2421 est
1623 2375 1726 2419 cor
1753 2374 1945 2419 meum
1967 2362 2020 2416 et
2051 2372 2152 2414 re-

513 2479 620 2524 nes
667 2463 785 2518 mei
829 2451 1182 2516 commutati
1227 2457 1388 2521 sunt,
1418 2457 1472 2509 et
1504 2465 1614 2528 ego
1646 2447 1723 2507 ad
1751 2446 2019 2508 nihilum
2053 2460 2154 2504 re-

510 2552 727 2614 dactus
758 2563 914 2613 sum,
949 2548 1006 2602 et
1030 2540 1279 2617 nescivi,
1306 2544 1419 2599 etc.
1456 2536 1747 2608 Quoniam
1771 2534 1900 2598 zelo
1921 2532 2158 2595 zelatus

511 2656 649 2703 sum
680 2653 790 2718 pro
824 2634 1085 2694 Domino
1116 2628 1199 2694 78.
1232 2627 1312 2688 ita
1334 2634 1395 2685 ut
1423 2643 1600 2686 renes
1619 2625 1734 2684 mei
1760 2622 2158 2703 implerentur

514 2733 642 2792 zelo
677 2712 856 2806 ignis,
895 2724 1026 2783 ideo
1061 2719 1275 2797 dignus
1306 2715 1542 2806 habitus
1570 2733 1701 2776 sum
1736 2714 1834 2794 qui
1866 2712 2153 2774 illumina-

513 2837 638 2891 rer,
676 2804 735 2877 et
765 2816 1189 2890 cognoScerem
1212 2823 1342 2884 qua:
1373 2804 1431 2864 in
1464 2804 1699 2865 civitate
1722 2811 1822 2862 tua
1849 2808 2156 2880 geruntur,

518 2918 575 2972 et
609 2923 740 2988 quae
772 2900 1107 2988 imaginem-
1138 2894 1453 2974 impiorum
1505 2901 1798 2973 spectant.
1836 2890 1951 2953 Sed
1986 2898 2161 2949 antea

517 2983 939 3077 utjumentum
996 2983 1287 3063 insipiens
1346 2983 1457 3043 vixi
1496 2983 1579 3054 79,
1608 2998 1741 3042 cum
1775 2998 1891 3040 non
1925 2996 2157 3057 possem

516 3068 734 3150 divinae
768 3075 1157 3163 providentius
1205 3072 1464 3166 rationes
1511 3072 1819 3146 attingere.
1886 3068 2154 3166 Attamen
2175 3117 2215 3166 C

520 3194 639 3240 non
671 3193 705 3236 a
740 3155 796 3232 te
820 3173 975 3232 Deus
1011 3182 1200 3241 meus,
1220 3161 1546 3222 derelictus
1575 3175 1936 3238 sum,neque
1965 3155 2156 3217 excidi

517 3285 625 3347 spe
652 3280 791 3341 erga
821 3269 878 3320 te
901 3273 1055 3333 mea,
1095 3254 1198 3314 sed
1230 3268 1464 3330 semper
1491 3266 1719 3312 mecum
1755 3265 1939 3309 eram.
1973 3246 2158 3322 quue

520 3335 645 3419 non
677 3335 809 3413 m'ea
835 3343 1187 3416 virtute,sed
1223 3360 1292 3402 ex
1326 3351 1422 3401 tua
1449 3339 1633 3418 gratia
1663 3338 1853 3399 ell’eci.
1880 3337 1966 3398 Tu
1997 3335 2157 3396 enim

518 3446 647 3527 ipse
678 3460 747 3503 ex
773 3435 1094 3500 clementia
1124 3442 1225 3492 tua
1258 3449 1447 3491 meam
1478 3429 1780 3489 dexteram
1815 3423 2157 3505 apprehen-

518 3517 692 3611 dens,
730 3526 972 3591 tenuisti
1008 3542 1081 3584 ne
1115 3530 1462 3582 moveantur
1501 3517 1746 3593 vestigia
1777 3533 1933 3588 mea,
1966 3532 2160 3592 neque

519 3602 703 3705 pedes
736 3618 849 3681 mei
896 3620 1125 3687 nutent,
1168 3627 1278 3673 nec
1308 3608 1563 3689 amplius
1594 3615 1788 3668 tecum
1831 3602 2162 3665 consistere

520 3713 765 3795 possint.

600 3802 703 3880 925,
725 3800 829 3860 26.
861 3795 1015 3869 Quid
1035 3810 1192 3853 enim
1220 3788 1369 3849 mihi
1396 3794 1482 3880 est
1501 3789 1567 3849 in
1597 3788 1846 3880 ccelo._et
1865 3802 1901 3845 a
1923 3793 1987 3880 te
2016 3785 2161 3862 quia

521 3872 903 3966 volui'super
936 3893 1153 3943 tetrum
1189 3879 1215 3939 ?
1246 3887 1363 3939 etc.
1417 3877 1731 3949 Quoniam,
1769 3872 1983 3953 inquit,
2015 3873 2162 3934 nihil

522 3979 667 4041 milii
691 3978 751 4037 in
780 3964 934 4036 ccelo
960 3981 1048 4031 est
1084 3979 1300 4049 praeter
1322 3976 1379 4026 te
1403 3964 1768 4037 solum,hinc
1793 3980 2163 4042 consequen.

522 4079 613 4130 ter
644 4063 810 4126 nolui
844 4059 1140 4140 quidpiam
1204 4065 1577 4115 terrenorum
1626 4052 1922 4130 accipere,
1961 4059 2163 4129 utpote

521 4175 654 4238 qua:
708 4146 1128 4229 corruptibilia
1199 4143 1401 4203 omnia
1463 4143 1576 4203 sint
1636 4149 1692 4201 et
1755 4149 2162 4220 temporanea.

457 4262 467 4271 ‘
521 4228 714 4309 linum
747 4228 939 4301 solum
970 4234 1257 4308 consequi
1307 4240 1465 4309 opto,
1500 4231 1670 4309 cujus
1702 4228 2001 4290 desiderio
2030 4246 2155 4289 me—

523 4335 842 4412 metipsuui
871 4322 1242 4387 macerabam
1276 4321 1334 4381 in
1369 4328 1564 4380 terra:
1600 4318 1747 4379 illud
1794 4327 1990 4379 autem
2044 4326 2153 4386 est,

519 4434 581 4485 ut
604 4411 855 4485 tuisolus
886 4416 1076 4496 portio
1114 4430 1246 4471 mea
1274 4411 1378 4472 sis.

598 4514 699 4574 28.
723 4508 885 4585 Quia
903 4521 1029 4566 ecce
1046 4503 1154 4582 qui
1174 4501 1463 4578 etongant
1486 4516 1548 4560 se
1565 4516 1601 4558 ιι
1633 4506 1689 4560 te
1707 4498 2016 4577 peribunt,
2039 4505 2153 4556 etc.

520 4602 653 4664 Tibi
713 4597 953 4660 assidue
997 4589 1437 4669 conjungimur,
1471 4609 1504 4648 o
1541 4589 1816 4660 Domine,
1848 4586 2028 4666 idque
2050 4586 2156 4665 ju-

520 4708 588 4755 re
640 4708 707 4750 ac
767 4692 1002 4755 merito,
1054 4679 1221 4759 gnari
1279 4677 1505 4738 scilicet
1568 4695 1669 4737 eos
1722 4680 1818 4753 qui
1877 4683 2041 4735 extra
2102 4683 2158 4734 te

519 4777 851 4843 consistunt
883 4773 942 4832 in
980 4768 1304 4848 perniciem
1340 4766 1527 4827 ituros
1559 4767 1618 4826 in
1650 4765 1791 4826 ﬁne.
1813 4763 1925 4835 Qui
1956 4772 2154 4824 autem

520 4879 712 4931 tecum
746 4870 883 4926 sunt
914 4862 1124 4920 bonam
1151 4857 1480 4937 portionem
1507 4861 1973 4930 consequentur.
2005 4853 2155 4914 Con-

519 4959 705 5036 tinget
738 4954 896 5016 enim
933 4949 1049 5011 illis
1073 4948 1135 5009 in
1188 4947 1415 5007 cwlesti
1468 4945 1795 5007 Jerusalem
1842 4942 2153 5022 pulchram

520 5032 849 5129 portionem
885 5037 1179 5099 obtinere.
1212 5033 1351 5095 Haec
1400 5043 1593 5094 autem
1649 5042 1759 5108 est,
1795 5039 1855 5092 ut
1906 5032 2020 5092 tuis
2050 5049 2152 5091 ca-

521 5123 738 5198 nendis
768 5129 996 5212 hymnis
1018 5143 1256 5204 semper
1286 5123 1695 5184 delectentur.

842 5225 893 5284 l.
933 5216 1272 5282 Intellectus
1295 5215 1523 5295 Asaph.
1557 5214 1839 5278 LXXIII.

562 5390 563 5397 γ
1113 5312 1581 5386 Argumentum.

517 5411 1028 5493 Supplicationem
1054 5405 1218 5465 hisce
1238 5403 1399 5493 canit
1425 5405 2001 5483 l’ropheta,cernens
2024 5421 2154 5483 pos-

586 5491 836 5566 tremam
850 5495 1083 5561 Israelis
1100 5491 2154 5571 captivitatemzneprorsuseosasua

582 5590 955 5673 protectione
992 5580 1248 5663 rejiciat,
1269 5582 1379 5642 sed
1397 5585 1698 5661 relinquat
1731 5581 1878 5661 ipsis
1896 5580 2152 5660 aliquam

2316 836 2461 904 Πλὴν
2539 836 2623 891 διὰ
2705 838 2801 900 τὰς
2882 834 3197 901 δολιότητας
3266 833 3434 888 αὐτῶν
3502 828 3619 885 ἔθου
3687 828 3862 887 αὐτοῖς

2234 927 2456 1005 κακάρι.
2493 948 2544 985 τ.
2579 923 2632 986 λ.
2668 924 2813 1002 Ἐγὼ
2844 926 2964 999 μὲν,
2991 918 3484 1004 φησὶν,ἐπιτήδειον
3502 923 3600 984 τῆς
3623 912 3860 984 ἀκριϐοῦς

2234 1004 2599 1091 περὶτούτων
2641 1015 2891 1092 γνώσεως
2949 1014 3144 1088 ἐθέμην
3196 1012 3409 1086 ἐμαυτῷ
3468 1009 3561 1064 τὸν
3604 1004 3859 1070 μέλλοντα

2236 1106 2418 1182 καιρόν
2465 1123 2474 1132 ·
2511 1104 2681 1173 ὅπως,
2718 1110 2793 1177 τῷ
2823 1107 3140 1183 προφητικῷ
3172 1103 3432 1175 πνεύματι
3464 1101 3618 1175 γνοὺς
3641 1096 3708 1150 τὰ
3736 1092 3858 1148 ἐσό-⁸

2238 1215 2396 1273 μενα,
2428 1196 2590 1268 φημί,
2625 1194 2696 1252 ὡς
2732 1194 2868 1249 αἰτία
2901 1195 3101 1271 πικρῶν
3145 1190 3421 1247 κολάσεων
3471 1187 3650 1248 αὐτοῖς
3681 1186 3716 1251 ἡ
3769 1187 3857 1238 τοῦ

2236 1284 2431 1358 τρίπου
2462 1281 2708 1348 δολιότηε
2760 1284 3066 1359 γενήσεται.
3126 1278 3332 1337 ’Ἔσται
3404 1279 3503 1356 γὰρ
3567 1275 3735 1329 αὐτῶν
3790 1284 3857 1330 εἰς

2238 1374 2442 1428 πτῶσιν
2470 1373 2531 1428 τὸ
2573 1370 2791 1447 ὕψωμα.
2828 1372 2931 1433 Καὶ
2962 1378 3115 1435 οῦτος
3154 1373 3180 1425 ὁ
3210 1369 3392 1446 παρὼν
3451 1367 3635 1425 αὐτοῖς
3665 1361 3859 1439 κριθείη

2238 1461 2464 1524 πλοῦτος
2493 1460 2672 1538 ὥσπερ
2704 1462 2765 1515 ἂν
2788 1466 2876 1516 καὶ
2932 1466 3040 1515 τῶν
3069 1457 3491 1535 ὁνειρωττόντων
3521 1455 3587 1510 τὰ
3616 1452 3861 1532 φάσματα

2236 1550 2577 1606 ἀνυπόστατα
2604 1552 2692 1606 καὶ
2721 1550 2897 1616 πάσης
2931 1555 3082 1613 σκιᾶς
3113 1547 3479 1623 ἀσθενέστερα,

2322 1640 2412 1696 Καί
2459 1638 2511 1695 ἐν
2585 1645 2651 1715 τῇ
2723 1638 2875 1695 πόλει
2937 1660 3030 1696 σου
3080 1638 3176 1705 τὴν
3236 1634 3412 1692 εἰκόνα
3473 1633 3648 1689 αῦτῶν
3718 1626 3861 1693 ἐξου-

2237 1727 2508 1793 δενώσεις.
2552 1728 2713 1791 Πόλις
2745 1729 2841 1802 μὲν
2872 1738 2967 1786 τοῦ
3016 1729 3200 1806 Κυρίου
3244 1728 3280 1793 ἡ
3325 1723 3432 1779 ἒὶοιω
3490 1717 3853 1799 Ἰερουσαλὴμ.

2241 1819 2396 1873 εἰκὼν
2441 1817 2495 1873 δὲ
2553 1819 2724 1874 αὐτῶν
2774 1821 2808 1886 ὴ
2872 1825 2965 1874 τοῦ
3018 1823 3241 1896 χοϊκοῦ,
3271 1812 3350 1871 "0
3382 1811 3439 1868 δὲ
3473 1807 3862 1888 λέγειτοιοῦτόν

2241 1906 2384 1963 ἐστιν
2419 1923 2433 1937 ·
2489 1905 2709 1974 Ἐπειδὴ
2759 1909 2855 1975 τὴν
2899 1915 2993 1963 τοῦ
3033 1904 3253 1985 χοϊκοῦ,
3300 1905 3450 1983 φησὶ,
3503 1899 3861 1978 πεφορῆκπσιν

2241 1995 2439 2070 εἰκόνα,
2494 2000 2580 2052 καὶ
2636 1999 2694 2053 οὑ
2746 1997 2844 2063 τὴν
2902 2004 2995 2053 τοῦ
3038 1994 3367 2071 ἐπουρανίου,
3433 1991 3597 2065 ταύτῃ
3645 2009 3726 2042 τοι
3786 1985 3862 2041 καὶ

2240 2084 2744 2156 ἐξουδενωθήσονται
2774 2103 2786 2116 ⁸
2842 2087 3160 2143 ἀκούσονται
3218 2086 3318 2160 γὰρ
3359 2077 3479 2139 κατ’
3511 2079 3693 2134 ἐκεῖνο
3745 2097 3861 2130 και-

2438 2180 2547 2235 Οὒκ
2596 2174 2717 2232 οῖδα
2760 2176 2896 2251 ὔμᾶς
2934 2193 2947 2206 ⁹
2994 2176 3088 2231 cite
3125 2176 3202 2248 μὴ
3250 2177 3557 2247 φρονοῦντες
3590 2168 3691 2232 τὴν
3720 2164 3864 2218 αὑτοῦ

2239 2268 2330 2320 του
2359 2264 2667 2344 ἐπουρανίου
2697 2268 2893 2327 εἰκόνα.

2321 2354 2454 2412 ’Ὅτι
2519 2355 2771 2422 ἐξεκαύθη
2824 2356 2858 2423 ὴ
2920 2352 3104 2431 καρδία
3163 2374 3286 2427 μου,
3345 2351 3433 2403 καὶ
3475 2348 3521 2404 οἱ
3566 2344 3742 2425 νεφροί
3771 2362 3862 2431 μου

2242 2443 2637 2517 ὴλλοιώθησαν,
2723 2444 2875 2521 κάγὼ
2960 2440 3398 2516 ἐξουδενωμὲνος,
3468 2440 3559 2491 καὶ
3629 2435 3723 2490 οὑκ
3774 2430 3860 2506 ἔγ-

2243 2557 2368 2605 νων,
2404 2557 2456 2594 κ.
2478 2555 2529 2594 τ,
2550 2532 2604 2595 λ,
2630 2520 2854 2600 Ἐπειδὴ
2881 2532 3060 2604 ζηλῶν
3091 2529 3332 2601 ἐζήλωκα
3363 2533 3439 2600 τῷ
3468 2524 3661 2603 Κυρίῳ.
3686 2525 3759 2582 ὡς
3788 2520 3866 2575 καὶ

2239 2623 2338 2687 τὴν
2369 2620 2583 2691 καρδίαν
2630 2623 2719 2678 καὶ
2764 2622 2883 2682 τοὺς
2935 2620 3155 2699 νεφροὺς
3184 2616 3534 2693 πληρωθῆναι
3563 2610 3717 2683 ζήλῳ
3770 2630 3863 2665 πυ⁹

2242 2714 2354 2788 ρὸς,
2402 2711 2590 2768 τούτου
2660 2710 2820 2789 χάριν
2871 2709 3103 2776 ἠξιώθην
3163 2708 3489 2784 φωτισθῆναι
3535 2704 3630 2758 καὶ
3682 2700 3863 2777 γνῶναι

2242 2785 2307 2854 ea
2342 2785 2462 2876 περὶ
2491 2804 2589 2865 τῆς
2620 2785 2721 2864 σὴς
2743 2785 2960 2860 ’πόλεως
3021 2795 3383 2871 πεποιημένα,
3417 2793 3504 2848 καὶ
3534 2792 3599 2846 τὰ
3633 2790 3750 2866 περὶ
3778 2785 3863 2852 τῆς

2245 2887 2443 2952 εἰκόνος
2504 2895 2606 2944 τῶν
2667 2885 2895 2946 ἀσεϐῶν.
2964 2884 3129 2943 ’Δλλα
3186 2882 3339 2949 δίκην
3395 2882 3621 2950 κτήνους
3684 2876 3866 2952 ἀλόγου

2243 2977 2509 3034 διετέλεσα
2542 2978 2818 3057 πρότερον,
2853 2977 2931 3052 μὴ
2960 2973 3247 3048 δυνάμενος
3298 2969 3581 3028 ἐπιϐαλεϊθ
3625 2972 3748 3030 τοῖς
3778 2968 3865 3029 τῆς

2248 3069 2498 3145 Προνοίας
2560 3066 2765 3145 λόγοις.
2820 3064 3017 3141 ’Ὅμως
3076 3067 3171 3121 οὒκ
3225 3060 3571 3135 ἀπελιπόμην
3631 3079 3726 3113 σου
3785 3061 3867 3110 τοῦ

2242 3165 2395 3231 Θεοῦ,
2454 3155 2568 3216 οὐδὲ
2618 3156 2894 3220 ἐξέπιπτον
2945 3155 3043 3219 τῆς
3090 3153 3177 3209 ἐπὶ
3218 3153 3278 3207 σὲ
3329 3148 3537 3211 ἐλπίδος
3570 3163 3584 3178 ⁶
3636 3146 3865 3218 συνὴμην

2242 3246 2295 3302 δέ
2356 3268 2438 3302 σοι
2497 3246 2806 3306 διαπαντός.
2868 3246 2965 3303 Καὶ
3019 3245 3174 3300 τοῦτο
3224 3241 3480 3319 ἔπραττον
3534 3241 3629 3296 οὒκ
3660 3234 3711 3300 ἐξ
3740 3233 3866 3308 ἐμῆς

2242 3335 2536 3410 δυνάμεως,
2587 3334 2708 3392 ἀλλ’
2759 3335 2819 3390 ἐκ
2862 3334 2959 3401 τῆς
2992 3338 3092 3400 σῆς
3137 3331 3384 3411 χάριτος,
3419 3330 3492 3384 Σὺ
3535 3328 3640 3405 γὰρ
3695 3325 3864 3399 αὑτὸς,

2241 3427 2310 3503 τῇ
2342 3434 2536 3485 σαυτοῦ
2586 3424 2942 3504 φιλονθρωπίᾳ
2992 3427 3091 3489 τῆς
3148 3422 3284 3496 ἐμῆς
3333 3417 3504 3484 δεξιᾶς
3548 3411 3866 3504 ἐπιλαϐόμε-

2246 3538 2357 3590 νος,
2397 3503 2647 3596 συνεῖχες
2678 3503 3130 3592 καὶνσυνεκράτεις
3160 3511 3290 3586 πρὸς
3353 3511 3414 3565 τὸ
3457 3508 3535 3583 μὴ
3564 3503 3864 3566 διασεισθῆ-

2245 3608 2326 3662 ναί
2377 3629 2478 3681 μου
2521 3592 2590 3662 {al
2629 3602 2957 3679 διαϐὴματα,
2999 3599 3138 3678 μηδέ
3166 3604 3288 3661 τοὺς
3318 3595 3486 3661 πόδας
3519 3617 3624 3669 μου
3655 3592 3865 3650 σαλεύε-

2244 3700 2359 3753 σθαι
2395 3701 2492 3763 τῆς
2528 3697 2669 3772 παρά
2701 3697 2779 3750 σοὶ
2811 3695 3069 3754 στάσεως.

2326 3787 2384 3844 Τί
2414 3786 2515 3865 γάρ
2545 3796 2635 3861 μοι
2659 3786 2893 3863 ὑπάρχει
2943 3781 2996 3838 ἐν
3052 3786 3128 3854 τῷ
3176 3781 3401 3858 οὐρανῷ,
3451 3777 3539 3834 καὶ
3597 3776 3741 3854 πορά
3786 3778 3870 3827 σοῦ

2245 3878 2293 3930 τί
2324 3863 2564 3944 ἦθέλτίσα
2598 3875 2683 3930 ἒπῖ
2712 3878 2840 3951 γῆς,
2869 3895 2922 3933 κ.
2955 3894 3008 3930 τ.
3044 3869 3097 3930 λ.
3132 3865 3354 3935 Ἐπειδὴ
3385 3864 3528 3922 οὑδέν
3560 3887 3675 3939 μοι,
3699 3863 3866 3942 φησὶν,

2244 3966 2477 4045 ὑπάρχει
2522 3964 2576 4020 ἐν
2626 3972 2702 4037 τῷ
2759 3963 2987 4042 οὕρανῷ,
3033 3960 3177 4026 πλὴν
3225 3980 3320 4015 σου
3364 3956 3550 4033 μόνου,
3583 3954 3869 4033 ἀναγκαίως

2246 4054 2362 4112 (nat
2390 4077 2440 4110 τι
2470 4057 2577 4111 τῶν
2611 4054 2696 4111 ἐπὶ
2751 4048 2853 4131 γῆς
2903 4052 3142 4119 ἠθέλησα
3190 4047 3434 4114 δέξασθαι
3491 4045 3585 4102 ἅτε
3643 4048 3870 4125 φθαρτῶν

2246 4144 2413 4201 ὄντων
2471 4144 2719 4200 ἀπάντων
2747 4144 2834 4199 καὶ
2866 4138 3219 4217 προσκαίρων,
3253 4138 3406 4200 Ἐνὸς
3456 4133 3511 4191 δὲ
3555 4135 3721 4210 μόνου
3772 4134 3867 4198 ηὖ-

2246 4236 2431 4313 χόμην
2464 4245 2683 4313 τυχεῖν,
2726 4232 2815 4288 καὶ
2857 4238 2934 4305 τῷ
2963 4231 3150 4286 τούτου
3178 4227 3325 4299 πόθῳ
3355 4224 3683 4303 κατέτρυχον
3712 4221 3865 4298 ἐμαυ-

2244 4309 2335 4380 {av
2366 4326 2453 4380 Eni
2612 4309 2713 4401 γὴς
2751 4343 2764 4357 ·
2799 4327 2954 4377 τοῦτο
2985 4318 3039 4375 δέ
3069 4321 3179 4374 ἐστι
3211 4319 3270 4374 τὸ
3300 4314 3359 4372 σέ
3418 4312 3602 4393 μερίδα
3645 4334 3734 4389 μοι
3789 4309 3866 4366 καὶ

2239 2184 2329 2253 ροῦ
2361 2196 2372 2208 ”

2186 4428 2226 4477 D
2245 4415 2416 4488 μόνην
2453 4414 2715 4491 γενέσθαι.

2323 4501 2454 4561 ’ἰδοὺ
2512 4502 2592 4559 ὅτι
2646 4504 2693 4557 οἱ
2754 4498 3104 4577 μακρόνοντες
3181 4496 3398 4560 ἑαυτοὺς
3456 4495 3564 4551 ἀπὸ
3624 4503 3714 4552 σοῦ
3766 4492 3862 4546 ἀπ-

2241 4595 2571 4671 ολουνται,κ.
2605 4615 2655 4652 ν.
2691 4590 2861 4656 λ.Τῆς
2894 4590 2993 4655 σὴς
3025 4586 3414 4666 ἀντεχόμην,ὦ
3451 4583 3865 4662 Δέσποτα,συνα-

2240 4686 2415 4763 φείας,
2450 4682 2581 4761 φησί
2612 4698 2625 4711 ·
2674 4682 2762 4736 καὶ
2804 4685 2959 4734 τοῦτο
2988 4675 3162 4744 καλῶ,
3192 4671 3368 4752 εἰδὼς,
3415 4675 3488 4737 ὡς
3518 4680 3626 4730 τῶν
3655 4671 3751 4737 ἔξω
3779 4675 3864 4726 σοῦ

2240 4760 2618 4851 τυγχάνοντων
2661 4767 2873 4847 ὄλεθρος
2907 4766 3054 4823 ἔσται
3112 4766 3171 4820 τὸ
3203 4764 3393 4841 πέρας.
3432 4764 3492 4820 Ui
3520 4760 3576 4817 δὲ
3636 4762 3865 4821 συνόντες

2240 4846 2444 4939 ἀγαθὴν
2497 4858 2662 4924 ἕξουσι
2718 4846 2921 4934 μερίδα,
2998 4850 3335 4930 Συμϐὴσεται
3393 4852 3494 4930 γάρ
3559 4850 3767 4923 αὗτοῖς,
3819 4846 3867 4902 ἐν

2240 4937 2308 5026 τῇ
2360 4948 2651 5024 ἐπουρανίῳ
2708 4944 3014 5024 γενομένοις
3088 4940 3465 5021 Ἰερουσαλὴμ,
3546 4941 3642 5008 τὴν
3704 4937 3865 5003 καλὴν

2241 5036 2425 5117 μερίδα
2455 5036 2840 5114 κληρονομεῖν,
2876 5032 3018 5100 Αὕτη
3048 5030 3102 5088 δέ
3151 5035 3262 5087 ἔστι
3286 5032 3349 5087 τὸ
3379 5042 3493 5094 τοῖς
3521 5042 3641 5093 cote
3693 5026 3865 5103 ὕμνοις

2245 5128 2500 5205 ὲντρυφᾷν
2531 5126 2633 5186 ἀεί.

2680 5212 2951 5274 Συνέσεως
2981 5218 3058 5285 τῷ
3086 5209 3285 5288 Ἀσάφ.
3323 5208 3453 5268 ΟΓ’.

2913 5300 3213 5362 ’Υπόθεσις.

2247 5398 2543 5475 ’ἱκετηρίαν
2585 5398 2641 5451 ἓν
2696 5392 2904 5454 τούτοις
2955 5393 2983 5446 'o
3042 5386 3319 5469 προφῆτης
3350 5386 3487 5461 ᾅδει,
3518 5389 3616 5454 τὴν
3646 5386 3864 5465 ἔσχατον

2328 5474 2461 5565 ἓιρῶν
2513 5482 2891 5564 αἰχμαλωσίαν
2923 5479 3013 5536 τοῦ
3045 5476 3261 5556 Ἰσραὴλ
3289 5492 3305 5508 ⁹
3340 5476 3486 5543 ὅπως
3516 5476 3581 5532 ἂν
3610 5477 3688 5552 μὴ
3718 5479 3788 5536 εἰς
3809 5474 3864 5527 τὸ

2321 5574 2592 5639 παντελὲς
2639 5573 2823 5637 αὐτοὺς
2850 5568 3005 5645 ἐξέλῃ
3035 5568 3134 5634 τῆς
3168 5568 3300 5647 πρὸς
3333 5568 3492 5626 αὐτὸν
3534 5568 3859 5634 οἶκειώσεως,

597 5752 679 5805 ἰδ
703 5748 877 5815 Rom.
910 5763 977 5823 ιι,
1000 5745 1060 5809 6.
1147 5741 1211 5793 76
1240 5744 1262 5806 ι
1287 5743 1423 5805 Cor.
1448 5759 1545 5823 xv,
1581 5741 1684 5806 49.
1768 5739 1829 5790 ⁷7
1859 5740 2061 5804 Matth.
2085 5758 2155 5804 ιι

2253 5736 2350 5812 ιο,
2437 5734 2503 5786 78
2530 5730 2612 5797 ill
2646 5734 2797 5811 Reg.
2828 5728 3077 5812 311,40.
3162 5723 3227 5778 ⁷ο
3252 5724 3406 5792 Pal.
3439 5743 3614 5809 uxn,
3640 5723 3738 5788 23.
