4006 6204
464 367 581 432 339
1245 368 1307 429 S.
1355 363 1773 430 ATHANASII
1818 368 1983 430 OPP.
2036 370 2251 431 PARS.
2300 370 2408 431 III.
2456 398 2535 413 —
2583 369 3037 432 EXEGETICA.

538 502 860 565 cohortans
890 502 1167 564 homines
1194 510 1255 564 ut
1291 501 1615 582 impietatis
1646 501 1823 563 ﬁnem
1861 502 2097 583 faciant,
2122 512 2162 559 Α

541 610 611 653 ac
640 599 1075 672 repraesentans
1095 592 1241 673 ipsis
1270 590 1637 653 horrendum
1673 590 1814 651 illud
1847 611 1915 653 ac
1946 592 2101 653 divi-

545 699 686 741 num
714 679 1006 743 tribunal.

2267 684 2634 762 δικαστήριον,

545 769 608 846 2,
639 772 700 830 3.
757 768 1197 848 Conﬁtebimur
1248 768 1378 842 tibi,
1430 770 1597 830 Deus
1643 813 1658 829 .
1709 814 1724 829 .
1779 769 2107 832 .Narrabo

2272 773 2808 853 Ἐξομολογησὸμεθά
2892 794 2975 828 σοι
3007 819 3024 848 ,
3120 775 3143 828 ὃ
3229 772 3473 833 Θεὸς,,.,
3566 770 3845 847 Διηγῆσο-

470 860 694 920 omnia
716 858 1031 919 mirabilia
1065 865 1195 919 tua.
1223 855 1329 919 Dei
1359 855 1653 919 mirabilia
1698 867 2111 925 enarraturum

2242 890 2295 924 αι
2354 865 2527 921 πάντα
2582 863 2648 919 τά
2704 863 2970 938 θαυμάσιά
3026 886 3142 922 σου.
3213 865 3528 939 Διηγεῖσθαι
3563 867 3650 916 τοῦ
3712 867 3848 921 Θεοῦ

468 966 532 1008 se
564 946 877 1027 pollicetur
906 946 1271 1026 apostolicus
1305 947 1523 1007 chorus
1551 967 1586 1009 a
1616 952 2111 1028 persequentibus

2239 960 2262 1016 ί
2308 956 2571 1030 θαυμάσια
2627 955 2984 1032 ὑπισχνεῖται
3018 956 3044 1009 ὁ
3074 952 3437 1014 ἀποστολικὸς
3494 950 3680 1029 χορὸς,
3743 954 3850 1004 τῶν

470 1036 775 1098 liberatus.
811 1036 942 1114 Ego
962 1036 1236 1115 justitias
1250 1034 1708 1115 judicaboﬂaec
1731 1042 1812 1097 ait
1843 1040 2110 1103 Salvator

2239 1047 2500 1103 ιωκόντων
2579 1040 2903 1120 ἀπαλλαγείς
2933 1090 2946 1103 ,
3027 1040 3172 1117 Ἐγὼ
3249 1039 3534 1106 εὐθύτητας
3627 1043 3794 1107 κρινῶ
3831 1085 3844 1098 .

470 1125 845 1206 reSpondens
877 1142 1084 1186 eorum
1118 1125 1519 1204 promissioni.

2241 1143 2371 1192 αὕτα
2430 1137 2457 1190 6
2517 1131 2708 1210 Σωτὴρ
2766 1153 2928 1210 φησιν
3005 1131 3285 1187 ὑπακούων
3345 1130 3516 1185 αὐτῶν
3585 1132 3651 1203 τῇ
3708 1128 3850 1182 ὓπο-

2116 1254 2121 1259 ·
2199 1224 2409 1305 σχὲσει,

2275 1313 2480 1379 Ἐτάκη
2540 1313 2575 1378 ἡ
2638 1315 2710 1387 γῆ
2788 1311 2873 1365 καὶ
2932 1309 3126 1373 πάντες
3194 1310 3242 1364 οἱ
3297 1310 3555 1367 οἰκοῦντες
3585 1304 3638 1361 ὲν
3667 1308 3828 1381 αὒτῇ.

3721 362 3842 428 340

2266 506 2553 573 παραινοῦν
2596 507 2718 568 τοὺς
2753 504 3057 581 ἀνθρώπους
3087 509 3187 570 τῆς
3247 500 3493 567 ἀσεϐειας
3554 504 3833 575 παυισθαι,

2264 596 2643 670 ὑποτιθέμενον
2701 598 2886 657 αὖνοῖς
2945 595 3005 649 τὸ
3045 591 3270 672 φοϐερὸν
3331 592 3509 647 ἐκεῖνο
3557 592 3641 646 καὶ
3690 593 3841 646 θεῖον

549 1306 610 1367 4.
639 1302 1004 1384 Liquefacta
1022 1311 1107 1365 est
1125 1311 1286 1367 terra
1304 1312 1363 1367 et
1386 1323 1586 1367 omnes
1604 1307 1713 1385 qui
1737 1305 2024 1371 habitant
2046 1312 2115 1371 in

469 1396 719 1457 ea.Cum
738 1394 1836 1475 justajudicares,inquit,liquefecisti
1864 1406 2107 1471 terram,

2244 1403 2414 1473 ίκαια,
2469 1401 2623 1480 φησὶ,
2686 1398 2873 1477 κρίνων
2943 1396 3238 1463 κατὶτηξας
3296 1398 3392 1464 τὴν
3450 1402 3573 1475 γῆν⁹
3637 1394 3846 1464 δηλαδὴ

476 1482 748 1545 videlicet
767 1484 1501 1563 lerosolymam,etomnes
1517 1487 1619 1563 qui
1631 1485 1907 1549 habitant
1926 1491 1989 1549 in
2015 1506 2107 1551 ea.

2239 1496 2294 1557 ὴν
2380 1487 2751 1568 Ἰερουσαλὴμ,
2812 1489 2901 1544 καὶ
2958 1488 3159 1550 πάντας
3221 1487 3339 1547 τοὺς
3398 1488 3455 1542 ἐν
3514 1492 3650 1559 αὖτῇ
3710 1509 3844 1544 κατ-

475 1575 680 1637 Potest
695 1584 892 1652 autem
916 1571 1061 1633 illud
1085 1572 1312 1655 duplici
1336 1573 1513 1634 modo
1537 1574 1816 1655 intelligi,
1849 1585 2022 1658 atque
2055 1579 2114 1637 in

2239 1584 2495 1643 ικοῦντας.
2560 1579 2793 1634 Δύναται
2847 1576 2901 1631 δὲ
2959 1586 3112 1635 τοῦτο
3170 1572 3357 1638 διττῶς
3435 1582 3672 1635 νοεῖσθαι
3763 1580 3847 1633 καὶ

474 1661 690 1724 bonam
717 1669 967 1743 partem,
1006 1661 1233 1724 scilicet
1271 1663 1592 1742 liquefacta
1635 1676 1741 1738 est,
1769 1665 1825 1725 id
1850 1675 1957 1745 est,
1985 1685 2114 1727 nia—

2239 1672 2286 1725 πὶ
2370 1669 2566 1746 ἀγαθοῦ
2648 1667 2730 1741 τὸ,
2791 1665 2981 1745 ἐτσὶκη⁷
3039 1665 3150 1721 ἀντὶ
3222 1671 3335 1737 τοῦ,
3397 1664 3724 1723 ὒπενδὲδωκε
3782 1675 3847 1745 τῇ

477 1750 613 1814 litim
635 1750 994 1813 condonavit
1019 1771 1035 1824 ;
1060 1753 1196 1812 etin
1228 1752 1470 1826 malam,
1506 1761 1570 1812 ut
1599 1751 1864 1815 declaret
1884 1754 2117 1834 suppli-

2239 1758 2449 1834 τονηρίᾳ*
2518 1758 2604 1813 καὶ
2662 1756 2747 1811 ἐπὶ
2776 1761 2965 1823 κακοῦ,
3025 1753 3119 1809 ἵνα
3164 1752 3382 1831 δηλώσῃ
3439 1756 3538 1821 τὴν
3590 1756 3849 1835 τιμωρίαν

478 1840 635 1900 cium
670 1840 746 1902 de
776 1839 849 1900 iis
877 1847 1197 1919 sumptum.
1232 1839 1369 1917 Ego
1416 1841 1777 1920 conﬁrmavi
1805 1841 2117 1905 columnas

2239 1850 2301 1915 ἦν
2358 1845 2648 1923 γενομένην
2717 1841 2838 1899 κατ’
2897 1842 3093 1899 ανότῶδ.
3179 1842 3323 1919 Ἐγὼ
3372 1842 3670 1917 ἐστερὲωσα
3727 1844 3845 1907 τοὺς

477 1930 630 2008 ejus.
664 1926 974 1993 Columna:
1028 1929 1359 1991 Jerusalem
1421 1939 1556 1992 sunt
1612 1932 1796 1991 sancti
1847 1933 2120 2013 apostoli,

2240 1935 2421 1999 τύλους
2501 1937 2686 1999 αὒτῆς.
2753 1932 2941 1987 Στῦλοι
3017 1937 3116 1997 τῆς
3176 1930 3527 2008 Ἰερουσαλὴμ
3592 1937 3640 1988 οἱ
3706 1934 3845 2009 ἅγιοι

468 2018 717 2099 juxtaid
751 2019 907 2099 quod
934 2019 1155 2080 dictum
1189 2031 1281 2081 est
1308 2038 1320 2082 :
1346 2018 1649 2081 Columna
1681 2030 1732 2081 et
1761 2022 2123 2100 ﬁrmamen-

2244 2023 2519 2102 πόοτολοι,
2551 2024 2685 2078 κατά
2735 2023 2792 2077 τὸ
2823 2021 3124 2094 εἷρημὲνονο
3187 2017 3387 2083 Στῦλος
3443 2022 3529 2076 καὶ
3588 2018 3849 2098 ἕδραίωμα

479 2117 607 2171 tum
619 2107 1699 2189 veritatis“.[AitApostolus:Etcum
1719 2115 2125 2187 cognovissent

2239 2120 2304 2180 ἧς
2334 2112 2607 2185 ἀληθείας,
2643 2110 2841 2190 [Φησῖν
2876 2112 2903 2165 6
2935 2106 3286 2170 Ἀπὸστολος·
3335 2106 3437 2168 Καὶ
3491 2110 3706 2186 γνόντες
3756 2111 3851 2175 τὴν

476 2198 746 2277 gratiam
767 2215 899 2277 quo:
930 2198 1071 2259 data
1101 2207 1185 2259 est
1218 2198 1373 2260 mihi
1399 2198 1663 2261 Jacobus
1694 2209 1754 2261 et
1805 2200 2034 2278 Cephas
2066 2209 2122 2263 et

475 2288 772 2367 Joannes,
803 2289 911 2365 qui
938 2286 1304 2350 videbantur
1334 2288 1635 2350 columna:
1667 2308 1790 2350 esse
1817 2285 1927 2369 εἰ]

558 2374 619 2435 5.
646 2375 791 2437 Dixi
812 2376 1069 2456 iniquis:
1092 2374 1297 2438 Nolite
1313 2378 1523 2455 inique
1540 2394 1747 2457 agere.
1767 2375 1877 2438 Hic
1898 2383 2130 2456 aposto-

492 2482 661 2525 orum
697 2480 953 2543 persona
984 2465 1250 2536 eﬂ'ertur,
1284 2484 1416 2545 quae
1450 2466 1725 2526 homines
1759 2465 2032 2526 hortatur
2068 2474 2130 2526 ut

480 2552 787 2635 quiescant
807 2552 882 2615 ab
904 2553 1232 2634 impietate.
1260 2553 1576 2633 [Humiliat
1597 2562 1793 2615 autem
1820 2554 2125 2615 ludaicum

480 2642 763 2724 populum
790 2643 865 2705 ob
884 2641 1014 2723 ejus
1039 2643 1381 2723 superbiam
1409 2661 1421 2705 :
1445 2643 1660 2704 exaltat
1677 2661 1816 2704 vero
1845 2646 2125 2723 poputum

481 2749 551 2793 ex
583 2732 860 2810 gentibus
886 2731 961 2793 ob
992 2732 1388 2794 humilitatem
1425 2732 1610 2812 ejus.]

565 2821 841 2887 6.Nolite
863 2822 1157 2884 extollere
1174 2825 1237 2884 in
1260 2824 1454 2883 altum
1476 2839 1663 2883 cornu
1684 2819 2126 2883 vestrum.Nam

482 2921 733 2975 cornuta
762 2909 1042 2973 animalia
1073 2910 1323 2970 multum
1358 2909 1433 2970 de
1465 2909 1747 2971 cornibus
1779 2910 2129 2988 gloriantur.

481 3001 733 3067 Jubetur
762 3007 959 3061 autem
991 2997 1235 3080 iniquis,
1267 3008 1331 3059 ut
1361 3017 1437 3059 ne
1488 3001 1826 3078 arrogantia
1849 2999 2133 3080 iniquita-

486 3100 604 3153 tem
655 3096 936 3170 augeant,
970 3105 1165 3169 neque
1210 3096 1487 3150 moveant
1545 3089 1802 3169 linguam
1854 3088 2194 3203 adversusC

488 3179 668 3203 n-_-_

484 3179 695 3243 Deum.

568 3274 627 3333 ‘7.
663 3267 827 3344 Quia
850 3284 1044 3347 neque
1071 3266 1147 3328 ab
1172 3266 1461 3348 exitibus,
1494 3285 1690 3347 neque
1710 3266 1785 3329 ab
1810 3268 2130 3342 occidente,

491 3376 682 3439 neque
714 3374 751 3419 α
778 3356 1030 3419 desertis
1058 3354 1388 3419 montibus.
1449 3355 1625 3418 Hisce
1692 3366 1878 3417 totum
1930 3358 2133 3418 orbem

492 3459 794 3511 terrarum
826 3444 1148 3523 signiﬁcat.
1185 3444 1389 3507 Exitus
1422 3453 1621 3507 autem
1652 3445 1798 3507 dicit
1822 3446 2136 3526 orientem,

492 3558 526 3602 a
556 3556 672 3619 quo
696 3535 784 3597 sol
809 3533 949 3615 exit;
975 3533 1347 3596 occidentem
1373 3542 1568 3596 autem
1591 3535 1891 3613 vesperias
1914 3545 2134 3615 partes;

493 3628 766 3690 desertos
817 3633 1076 3697 montes,
1140 3624 1610 3705 septentrionem
1671 3633 1727 3685 et
1779 3623 2137 3699 meridiem;

496 3735 629 3799 qum
660 3722 855 3795 partes
887 3711 963 3774 ob
1013 3712 1448 3775 vehementiam
1483 3712 1723 3793 frigoris
1752 3721 1811 3773 et
1834 3721 2010 3773 aestus
2034 3713 2141 3772 ha-

495 3805 670 3869 bitari
719 3812 1043 3884 nequeunt.
1103 3801 1215 3882 Ne,
1270 3802 1486 3883 inquit,
1518 3802 1725 3882 inique
1772 3801 1982 3879 agatis,
2008 3800 2147 3881 quia

496 3912 673 3958 nemo
706 3894 768 3955 in
802 3901 921 3955 toto
955 3892 1103 3954 orbe
1131 3894 1319 3955 Deum
1351 3891 1608 3962 latuerit,
1642 3892 1690 3951 si
1722 3892 1967 3970 impium
2003 3888 2143 3971 quid

498 3983 759 4066 proferat
789 3983 848 4044 in
878 4000 1042 4044 eum.
1080 3982 1255 4044 Hunc
1287 3983 1603 4055 humiliat,
1622 3989 1677 4042 et
1706 3981 1866 4043 hunc
1886 3981 2141 4042 exultat.

496 4076 644 4137 Cum
678 4074 753 4134 sit
782 4072 975 4133 bonus
1001 4072 1217 4151 judex,
1249 4072 1351 4143 ait,
1384 4070 1603 4152 impios
1630 4070 2147 4149 humiliat,exaltat

498 4171 696 4227 autem
731 4161 990 4223 humiles
1019 4160 1221 4223 corde.
1257 4161 1394 4223 Haec
1427 4179 1606 4241 porro
1635 4159 1981 4239 accipienda
2005 4168 2149 4221 sunt

501 4253 576 4315 de
602 4250 838 4315 duobus
870 4250 1127 4332 populis,
1151 4249 1491 4314 Judaeorum
1511 4249 1739 4310 scilicet
1766 4258 1823 4309 et
1854 4251 2143 4328 gentium.

504 4341 611 4404 Ille
639 4359 902 4421 namque
933 4338 1275 4401 humiliatus
1304 4337 1415 4400 fuit
1447 4346 1687 4418 propter
1719 4339 2144 4419 arrogantiam,

503 4432 601 4494 hic
627 4430 914 4493 exaltatus
943 4437 1184 4510 propter
1236 4427 1662 4491 humilitatem.
1698 4428 1837 4507 Ipse
1893 4446 2147 4506 namque

503 4519 807 4584 constituit
852 4536 1044 4598 reges,
1103 4529 1165 4581 et
1220 4516 1519 4593 deturbat,
1582 4516 1827 4579 suscitat
1869 4517 1941 4577 de
1998 4525 2156 4579 terra

503 4613 837 4692 inopem,et
858 4608 934 4670 de
957 4616 1224 4671 stercore
1244 4606 1419 4687 erigit
1440 4623 1792 4688 pauperem.
1823 4608 1945 4668 lmo
1977 4607 2153 4669 etiam

503 4710 819 4783 postquam
856 4698 1191 4760 bumiliavit
1252 4714 1355 4758 eos
1404 4695 1509 4777 qui
1571 4714 1640 4757 ex
1702 4695 2158 4759 circumcisione

510 4799 669 4871 sunt,
701 4796 914 4868 gentes
943 4786 1241 4850 exaltavit.

592 4880 649 4944 9.
676 4878 841 4957 Quia
859 4878 1029 4942 calix
1051 4879 1120 4939 in
1140 4893 1330 4938 manu
1353 4875 1597 4938 Domini
1619 4878 1748 4939 vini
1772 4882 1923 4939 meri
1940 4876 2156 4957 plenus

489 4972 711 5033 πέδω.
735 4966 919 5041 Calix,
941 4964 1158 5047 inquit,
1180 4974 1268 5027 est
1299 4964 1361 5025 in
1394 4982 1571 5027 manu
1607 4963 1868 5042 Domini,
1896 4967 1952 5026 in
1974 4986 2154 5049 quem

511 5061 739 5122 fructus
758 5055 1018 5118 hominis
1040 5053 1167 5116 sive
1195 5052 1387 5116 bonos
1407 5054 1533 5115 sive
1567 5054 1754 5118 malos
1777 5057 1943 5136 quasi
1965 5057 2159 5137 expri-

517 5165 687 5212 mens
706 5154 768 5209 et
783 5144 937 5207 bona
965 5144 1134 5205 malis
1155 5149 1576 5218 commiscens,
1603 5144 1796 5225 ipsum
1813 5146 2057 5227 plenum
2079 5145 2160 5208 ef-

517 5239 660 5302 ﬁcit.
694 5234 920 5299 Exinde
954 5249 1092 5295 vero
1144 5250 1395 5314 quorum
1429 5232 1536 5295 faex
1568 5252 1686 5295 non
1718 5235 2066 5309 effunditur,
2099 5234 2160 5298 id

519 5337 634 5409 est,
668 5325 712 5390 ii
738 5326 800 5386 in
828 5321 1047 5405 quibus
1080 5330 1319 5403 peccata
1342 5332 1675 5403 remanent,
1702 5324 1892 5403 ipsum
1925 5324 2159 5399 bibunt,

2210 2202 2453 2260 δοθεῖσάν
2486 2225 2574 2277 μοι
2626 2198 2878 2263 Ἰάκωϐος
2930 2200 3015 2254 καὶ
3081 2205 3267 2277 Κηφᾶς
3327 2199 3416 2254 καὶ
3475 2197 3754 2273 Ἰωάννης,
3808 2200 3854 2255 οἱ

2210 2291 2485 2354 δοκοῦντες
2534 2289 2714 2350 στῦλοι
2745 2290 2935 2367 εἶναι]

2294 2383 2441 2441 Εἶπα
2490 2394 2604 2446 τοῖς
2662 2388 3049 2457 παρανομοὶσι·
3112 2381 3197 2448 Μή
3262 2392 3655 2455 παρανομιῖτε.
3726 2379 3849 2435 Ἐν-

2211 2474 2387 2530 τεῦθιν
2448 2476 2547 2526 τῶν
2597 2467 2915 2525 ἀποστόλων
2963 2471 3023 2526 τὸ
3073 2471 3360 2547 πρόσωπον
3420 2470 3710 2546 παραινοῦν
3759 2475 3849 2535 τῆς

2210 2560 2451 2622 ἀσεϐείας
2509 2559 2630 2622 τοῖς
2716 2558 3011 2635 ἀνθρώποις
3066 2559 3382 2616 παύσασθαι.
3466 2558 3743 2635 ΙΤαπεινοῖ
3799 2556 3849 2613 δὲ

2208 2649 2499 2710 Ἰουδαϊκὸν
2557 2649 2684 2705 λαὸν
2718 2647 2802 2703 διά
2830 2650 2929 2714 τὴν
2961 2649 3321 2726 ὑπερηφανίαν
3390 2647 3570 2706 αὖτοῦ,
3632 2650 3766 2724 ὑψοῖ
3790 2646 3840 2702 δὲ

2207 2744 2299 2798 τὸν
2332 2738 2384 2805 ἐξ
2414 2740 2574 2795 ἐθνῶν
2598 2735 2683 2793 διὰ
2712 2739 2811 2804 τὴν
2848 2736 3333 2816 ταπεινοφροσύνην
3365 2737 3569 2814 αὒτοῦ,]

2292 2829 2379 2895 Μὴ
2436 2829 2678 2906 ὲπαίρετε
2723 2828 2794 2889 είς
2846 2825 2980 2901 ὕψος
3043 2828 3100 2881 τὸ
3159 2826 3317 2902 κὲρας
3373 2826 3543 2899 ὑμῶν.
3607 2828 3707 2883 Καὶ
3760 2826 3853 2902 γαρ

2213 2920 2277 2975 τά
2320 2918 2616 2996 κερασφόρα
2678 2921 2787 2987 ζῶα
2842 2914 3038 2995 σφόδρα
3096 2916 3180 2971 ἐπὶ
3230 2928 3345 2979 τοῖς
3405 2916 3588 2992 κέρασι
3636 2922 3852 2991 γαυριᾷ.

2219 3016 2496 3085 Παρεγγυᾳ
2578 3003 2631 3061 δὲ
2713 3008 2894 3067 αὺτοῖς
2956 3007 2981 3060 6
3032 3002 3190 3082 λόγος
3249 3004 3326 3069 μὴ
3378 3004 3547 3069 αὔξειν
3603 3006 3673 3071 τῆ
3732 3003 3857 3060 ἀλα-

2216 3098 2387 3169 ζονείᾳ
2450 3097 2550 3162 τὴν
2604 3096 2849 3167 ἀνομίαν,
2901 3092 3035 3168 μηδέ
3087 3094 3223 3149 κατά
3285 3100 3375 3149 τοῦ
3435 3102 3566 3151 Θεοῦ
3613 3093 3854 3172 γλῶτταν

2218 3199 2409 3244 κινεῖν.

2299 3275 2420 3333 Ὀτι
2464 3274 2579 3330 οὔτε
2611 3272 2661 3337 ἐξ
2717 3271 2905 3337 ἱξόδων
2951 3270 3072 3328 οὔτε
3121 3271 3226 3327 ἀπὸ
3284 3270 3519 3346 δυσμῶν,
3579 3271 3699 3328 οῧτε
3760 3273 3857 3327 ἀπὸ

2220 3367 2433 3443 ὶρήμων
2492 3364 2676 3441 ὁρέων.
2739 3363 2843 3418 Διά
2901 3361 3102 3417 τούτων
3161 3363 3251 3417 τὸν
3310 3363 3481 3417 πάντα
3532 3363 3733 3436 κόσμον
3765 3367 3856 3427 τῆς

2221 3453 2536 3527 οἰκουμένης
2594 3450 2775 3518 δηλοῖ⁹
2844 3450 3023 3516 ἴξοδον
3078 3450 3175 3526 μὲν
3251 3452 3347 3518 τὴν
3417 3449 3709 3524 ἀνατολὴν,
3772 3448 3859 3527 ἀφ’

2219 3547 2285 3611 ἧς
2313 3547 2339 3599 6
2368 3540 2516 3609 ἥλιος
2561 3539 2743 3620 ἔξεισι,
2772 3538 2969 3615 δυσμὰς
3029 3538 3083 3595 δι
3132 3541 3229 3607 τὴν
3313 3539 3558 3618 ἑσπέραν·
3621 3540 3721 3613 ὅρη
3807 3540 3856 3593 σὲ

2223 3633 2395 3712 ἔρημα
2450 3653 2516 3687 τα
2570 3652 2627 3686 τε
2684 3630 2899 3708 ἀρκτῷα
2952 3632 3037 3685 καὶ
3093 3631 3158 3685 τὰ
3215 3630 3383 3686 νότια·
3450 3640 3609 3688 ταυτα
3643 3632 3743 3706 γὰρ
3797 3625 3857 3682 δι’

2226 3722 2476 3799 ἀμετρίαν
2533 3720 2719 3798 κρῦους
2778 3740 2836 3774 τε
2893 3721 2981 3775 καὶ
3038 3719 3309 3777 καύσωνος
3361 3718 3587 3784 ἀοίκι,τά
3617 3717 3858 3780 ias-ubi},

2232 3820 2592 3890 παρανομεῖτε
2652 3810 2847 3882 τοίνυν,
2893 3811 3073 3887 φησιν,
3125 3807 3205 3865 ὄτι
3264 3805 3426 3869 οὒδεὶς
3478 3807 3529 3862 ἐν
3591 3809 3738 3883 πάσῃ
3798 3811 3859 3880 τῇ

2227 3900 2510 3974 οίκουμὲνῃ
2564 3898 2711 3958 λάθοι
2756 3900 2846 3954 τὸν
2896 3899 3024 3953 Θεὸν
3070 3898 3387 3977 βλάσφημόν
3418 3920 3467 3952 τι
3521 3895 3691 3974 λέγων
3747 3895 3857 3951 κατ’

2227 3990 2408 4047 αὺτοῦ.
2474 3989 2666 4044 Τοῦτον
2727 3998 2999 4059 ταπεινοῖ,
3045 3988 3132 4042 καὶ
3175 3996 3358 4044 τοῦτον
3415 3987 3571 4060 ὑψοῖ,
3640 3982 3852 4064 Κριτὴς.

2228 4082 2413 4159 φησιν,
2474 4077 2734 4155 ὑπάρχων
2793 4075 3014 4153 ἀγαθὸς,
3067 4090 3313 4131 ταπεινοῖ
3344 4075 3441 4149 μὲν
3474 4075 3592 4137 τοὺς
3626 4071 3852 4133 ἀσεϐεῖς.

2230 4170 2359 4244 ὅψοῖ
2409 4165 2463 4221 δὲ
2518 4167 2637 4227 τοὺς
2687 4165 2967 4229 ταπεινοὺς
3021 4166 3120 4229 την
3165 4161 3399 4241 καρδίαν·
3455 4161 3783 4228 Ἐκληπτέον
3811 4160 3858 4215 δὲ

2228 4280 2392 4314 ταυτα
2442 4257 2529 4310 καὶ
2582 4255 2667 4309 ἐπὶ
2726 4254 2848 4315 τοὺς
2906 4251 2995 4308 δύο
3075 4252 3260 4329 λαοὺς³
3332 4255 3436 4307 τῶν
3495 4249 3753 4307 Ἰουδαίων
3810 4250 3861 4303 τὲ

2230 4368 2368 4427 φημι
2436 4347 2519 4400 καὶ
2580 4343 2631 4408 ἐξ
2681 4341 2734 4407 εξ
2787 4343 2970 4398 ἐθνῶν⁴
3026 4345 3052 4398 6
3114 4343 3211 4416 μὶν
3243 4344 3342 4419 γαρ
3375 4343 3755 4398 τεταπείνωται
3784 4337 3863 4393 διὰ

2179 4436 2331 4522 οτῆν
2380 4432 2721 4505 ἀλαζονείαν·
2788 4434 2814 4487 6
2859 4429 2912 4486 δὲ
2971 4433 3189 4506 δψοῦται
3241 4430 3324 4486 διὰ
3380 4433 3477 4497 την
3532 4431 3861 4507 ταπιῖνοφρο·

2238 4527 2420 4590 σύνην.
2460 4521 2859 4602 (Cordcriusr
2894 4523 3057 4581 Αὗτδς
3092 4522 3191 4599 γὰρ
3222 4525 3443 4592 καθιστᾷ
3485 4519 3727 4596 βασιλεῖς
3783 4517 3863 4570 καὶ

2239 4618 2483 4690 μεθιστᾷ,
2530 4613 2718 4691 ἐγείρει
2772 4611 2875 4667 ἀπὸ
2930 4610 3029 4687 γῆς
3097 4612 3342 4689 πτωίὸν,
3385 4612 3471 4666 καὶ
3504 4609 3609 4665 ἀπὸ
3657 4609 3865 4685 κοπρὲας

2240 4704 2480 4769 ἀνίστησι
2545 4701 2769 4767 πένητα,
2832 4698 2998 4756 Ἀλλά
3066 4702 3152 4755 καὶ
3196 4698 3527 4762 ταπεινώσας
3558 4700 3676 4760 τοὺς
3707 4697 3765 4753 ιιι
3784 4714 3870 4750 πε-

2241 4793 2488 4873 ριτομῆς,
2523 4792 2643 4854 τοὺς
2673 4789 2779 4845 ἀπὸ
2810 4790 2915 4844 τῶν
2959 4788 3119 4844 ὲθνῶν
3148 4786 3381 4864 Munna.

2321 4881 2452 4939 "Ott
2511 4881 2763 4958 ποτήριον
2820 4876 2873 4933 ἐν
2947 4878 3085 4956 χειρὶ
3169 4881 3354 4956 Κυρίου
3440 4877 3587 4934 οἴνου
3656 4875 3868 4951 ἀκράτου

2240 4970 2440 5050 πλῆρες
2513 4970 2863 5048 κεράσματος.
2920 4965 3210 5046 [lor/ipim,
3253 4968 3412 5046 φησὶν
3446 5014 3461 5039 ,
3520 4969 3659 5022 ἔστὶν
3711 4968 3765 5020 ἓν
3810 4966 3869 5035 τῇ

2243 5064 2334 5117 τοῦ
2408 5065 2598 5138 Κυρίου
2674 5060 2867 5138 χειρὶ³
2932 5058 3003 5120 εἰς
3061 5056 3087 5111 ὅ
3143 5056 3369 5111 ἑκάστου
3442 5056 3715 5131 ἀνθρώπου
3764 5052 3868 5113 τοὺς

2243 5151 2471 5229 καρπούς
2500 5151 2587 5205 καὶ
2633 5148 2754 5209 τοὺς
2812 5146 3035 5224 ἀγαθοὺς
3099 5146 3185 5201 καὶ
3246 5147 3367 5208 τοὺς
3438 5165 3700 5220 πονηρους
3726 5143 3868 5197 olom

2246 5240 2499 5311 ἒκπιὲζων
2536 5284 2549 5311 ,
2608 5241 2693 5292 καὶ
2749 5237 2816 5291 τὰ
2882 5236 3048 5312 ὕγαθά
3090 5233 3210 5297 τοῖς
3263 5247 3518 5310 πονηροῖς
3568 5230 3867 5308 ἀνακιρνῶδ,

2246 5329 2449 5397 πλῆσες
2500 5328 2626 5383 αὑτὸ
2709 5323 2985 5383 ἀποτελεῖ.
3054 5324 3189 5381 Εἶτα
3248 5323 3322 5379 ὧν
3381 5324 3475 5379 οὒκ
3543 5324 3782 5400 ἐκχεῖται
3848 5317 3870 5369 6

522 5417 581 5479 id
608 5405 719 5492 est,
755 5411 1010 5495 propriis
1040 5411 1500 5500 inebriabuntur
1528 5410 1743 5486 malis;
1776 5413 1934 5475 sicut
1963 5423 2140 5476 contr:

2246 5420 2485 5500 τρυγίας,
2516 5418 2785 5473 τουτέστιν
2814 5416 2889 5470 ὧν
2925 5413 2976 5468 ἐν
2990 5412 3339 5487 απομένουσιν
3363 5413 3412 5467 αἰ
3442 5412 3709 5488 ἁμαρτίαι,
3744 5405 3871 5463 οὗτοι

523 5503 716 5568 sancti
744 5501 954 5565 bibent
984 5500 1228 5563 calicem
1260 5502 1394 5563 vitae
1416 5498 1476 5561 in
1508 5517 1693 5578 regno
1715 5502 1996 5564 cmlorum
2030 5523 2140 5566 cun

2250 5498 2376 5569 αὖτὸ
2438 5508 2729 5564 ἐκπίονται’
2775 5502 3014 5560 τουτέστι
3066 5515 3185 5564 τοῖς
3236 5499 3382 5565 ἰδίοις
3482 5500 3872 5576 μεθυσθήσονται

598 5662 651 5707 εί
684 5660 889 5727 lTim.
924 5676 1009 5743 ιιι,
1049 5664 1143 5728 15.
1227 5662 1288 5713 8³
1322 5660 1511 5727 Galat.
1546 5677 1613 5738 ιι,
1656 5660 1721 5725 9.
