3992 6208
505 319 614 387 351

1289 326 1348 388 S.
1396 327 1817 389 ATHANASIl
1863 328 2027 389 OPP.
2079 328 2290 391 PARS.
2332 331 2442 392 III.
2490 364 2563 375 ——
2610 326 3069 393 EXEGETICA.

3746 333 3866 397 352

505 459 614 523 sed
647 478 752 540 pro
781 459 924 522 ﬁliis
953 478 1162 521 eorum
1203 460 1405 521 omnia
1463 457 1791 522 Salvatoris
1847 459 2139 521 mirabilia

2241 469 2398 523 ιιῦτῶν
2448 467 2618 523 πάντα
2669 488 2963 543 πεπρακται
2994 468 3059 523 τὰ
3088 469 3230 546 παρὰ
3289 476 3383 526 τοῦ
3441 470 3688 548 Σωτῆρος
3753 492 3860 545 με-

507 568 690 629 opera
716 557 942 628 patrata
973 560 1160 613 sunt:
1214 568 1396 630 quare
1452 568 1572 610 non
1627 557 1937 609 cessarunt
1996 548 2143 630 ipsis

507 649 802 702 narrantes
830 643 1017 701 laudes
1048 644 1267 701 Domini
1297 650 1346 701 et
1374 645 1606 701 virtutes
1630 643 1765 715 ejus.

588 821 647 878 5.
681 816 765 879 Et
795 818 982 896 legem
1012 825 1211 898 posuit
1243 820 1309 880 in
1346 817 1559 880 Israel.
1626 819 1869 895 Legem,
1925 817 2139 898 inquit,

507 906 694 981 dedit,
731 907 996 987 patribus
1027 926 1258 982 eorum,
1292 916 1350 970 et
1381 906 1837 968 tabernaculum
1871 906 2136 967 testimo-

506 996 591 1056 nii
623 996 937 1058 instituens
969 1016 1072 1058 eos
1101 1008 1164 1058 ut
1191 1016 1296 1077 per
1325 997 1518 1076 legem
1552 1005 1988 1074 cognoscerent
2018 995 2142 1059 Sal-

503 1091 790 1160 vatorem,
851 1086 954 1166 qui
1017 1088 1073 1147 in
1135 1097 1403 1165 tempore
1463 1086 1533 1146 ad
1592 1103 1779 1165 genus
1834 1085 2140 1146 hominum

502 1171 762 1234 advenit.

584 1262 642 1324 6.
682 1265 828 1323 Filii
859 1269 964 1340 qui
992 1272 1348 1327 nascentur.
1408 1264 1513 1327 His
1547 1262 1848 1341 Signiﬁcat
1906 1273 2143 1325 sanctos

503 1352 824 1415 salvatoris
855 1353 1205 1433 discipulos,
1241 1354 1341 1435 qui
1372 1354 1666 1416 mirabilia
1697 1371 1801 1431 per
1833 1352 2139 1415 Christum

505 1441 664 1502 edita
697 1441 831 1502 ﬁliis
860 1442 987 1505 suis
1007 1444 1361 1506 annuntiant
1388 1466 1405 1521 ;
1432 1443 1490 1505 id
1519 1453 1629 1516 est,
1669 1444 1740 1504 iis
1806 1444 1904 1522 qui
1979 1443 2139 1523 ipso-

499 1547 633 1591 rum
667 1548 847 1609 opera
875 1531 949 1593 ad
973 1532 1151 1593 ﬁdem
1174 1533 1487 1596 accedunt.

576 1620 637 1681 7.
672 1618 747 1680 Et
769 1639 889 1681 non
916 1621 1360 1703 obliviscantur
1390 1640 1641 1699 operum
1674 1623 1780 1681 1)νί
1790 1668 1799 1678 .
1836 1620 1973 1681 Hzec
2001 1620 2147 1700 ipsis

503 1708 882 1782 enarrabant,
917 1730 984 1772 ex
1017 1712 1233 1791 quibus
1266 1713 1407 1772 solis
1453 1720 1730 1790 poterunt
1792 1712 1977 1772 Deum
2032 1708 2145 1769 sibi

503 1816 672 1877 spem
704 1800 1029 1863 ascribere.

582 1889 641 1952 8.
674 1889 761 1953 Ne
788 1890 941 1970 fiant
970 1894 1126 1955 sicut
1158 1901 1360 1971 patres
1390 1908 1622 1954 eorum.
1655 1890 2139 1969 Annuntiabunt,

505 1981 717 2062 inquit,
754 1984 1006 2063 apostoli
1039 1984 1245 2046 laudes
1275 1984 1380 2046 Dei
1411 1984 1482 2045 iis
1527 1983 1628 2062 qui
1662 2002 1767 2063 per
1795 1982 1986 2062 ipsum
2021 1983 2143 2042 ins-

505 2071 662 2132 tituti
697 2082 835 2133 sunt
866 2094 880 2134 :
915 2082 979 2134 ut
1007 2075 1322 2155 exquirant
1350 2073 1453 2134 Dei
1488 2073 1781 2147 mandata,
1836 2079 1895 2132 et
1926 2090 1999 2132 ne
2034 2089 2139 2150 pa-

505 2169 662 2222 trum
698 2181 939 2224 suorum
975 2163 1385 2225 infelicitatem
1421 2162 1747 2223 imitentur.
1804 2162 1909 2224 llla
1968 2181 2137 2221 nam-

500 2268 617 2330 que
648 2252 955 2328 generatio
989 2272 1093 2315 cor
1114 2262 1341 2314 rectum
1376 2272 1494 2314 non
1526 2251 1729 2313 habuit
1753 2270 1892 2330 erga
1930 2253 2136 2324 Deum,

498 2357 697 2420 neque
728 2341 907 2403 ﬁdem
939 2343 1145 2404 habuit
1173 2362 1306 2404 cum
1337 2341 1458 2404 Deo
1485 2342 1733 2423 spiritus
1763 2342 1915 2419 ejus.
1953 2342 2143 2401 Gene-

500 2434 665 2492 ratio
690 2448 823 2509 qua:
862 2448 980 2492 non
1037 2432 1264 2492 direxit
1310 2448 1419 2493 cor
1472 2448 1650 2492 suum
1735 2428 1829 2489 llli
1887 2446 2140 2505 namque

499 2536 667 2596 spem
694 2524 753 2579 in
786 2519 907 2581 Deo
944 2522 1176 2581 ﬁrmam
1211 2538 1326 2583 non
1361 2520 1717 2593 habuerunt,
1753 2518 1892 2598 quia
1934 2518 2138 2577 nolue-

494 2615 635 2667 runt
665 2617 885 2669 rectam
918 2607 1151 2687 ingredi
1174 2615 1323 2670 viam
1351 2628 1365 2683 ;
1399 2608 1506 2670 sed
1538 2608 1895 2669 sententiam
1930 2606 2127 2686 Lhabu-

497 2714 596 2756 ere
631 2696 851 2758 divinis
881 2699 1297 2761 adversantem
1334 2697 1561 2775 legibus

568 2878 619 2933 9.
655 2878 788 2935 Filii
805 2877 1063 2951 Epitraim
1083 2882 1413 2938 intendent"
1434 2886 1483 2936 et
1515 2881 1790 2936 mittentes
1814 2879 2132 2936 orcucubus.

499 2962 615 3022 Per
639 2960 825 3023 solam
854 2963 1070 3025 tribum
1104 2963 1384 3045 Epliraim
1426 2975 1614 3025 totum
1641 2964 1925 3042 populum
1954 2961 2133 3023 Israel

497 3048 699 3113 aJuda
723 3063 1092 3132 segregatum
1111 3055 1433 3116 etdivisum
1455 3050 1958 3130 signiﬁcavithsi
1977 3051 2134 3111 enim

500 3148 559 3200 et
592 3139 802 3202 vitulos
826 3151 1165 3215 erexerunt,
1193 3154 1251 3204 et
1280 3162 1312 3203 a
1336 3141 1506 3220 legali
1535 3141 1698 3202 cultu
1732 3140 2133 3201 desciverunt.

2228 554 2664 632 γαλουργήματα·
2713 554 2792 612 διὸ
2823 555 2917 612 οῦκ
2974 556 3270 615 ὲπαύσαντο
3332 560 3513 624 αῦτοῖς
3578 560 3866 639 πραγγέλ-

2226 642 2409 706 λοντες
2495 646 2589 709 τὰς
2675 646 2897 709 αἱνέσεις
2978 653 3070 703 τοῦ
3152 649 3337 723 Κυρίου
3399 651 3483 704 καὶ
3540 650 3631 713 τὰς
3706 648 3870 706 δυνα-

2224 737 2397 796 στείας
2444 735 2621 795 αῦτοῦ,

2305 825 2395 879 Σοὶ
2480 824 2641 898 νόμον
2742 822 2887 879 ἔθετο
2968 823 3022 878 ἒν
3109 824 3324 897 Ἰσραήλ
3354 874 3366 888 ,
3432 829 3607 902 Νόμον
3682 830 3866 906 τιν-τισὶν,

2226 909 2385 967 ἔδωκε
2470 925 2588 976 τοῖς
2670 912 2928 987 πατράσιν
2978 914 3174 986 αῦτῶν,
3231 916 3318 970 καὶ
3376 919 3475 981 τὴν
3525 914 3734 982 σκηνὴν
3779 918 3871 971 τοῦ

2225 1002 2532 1077 μαρτυρίου,
2619 998 2979 1077 παιδαγωγῶν
3030 1003 3217 1061 αὐτοὺς
3267 1004 3337 1063 εἰς
3386 1005 3447 1058 τὸ
3498 1002 3696 1079 γνῶναι
3777 1001 3871 1058 διὰ

2227 1095 2316 1144 τοῦ
2361 1088 2527 1163 νόμου
2579 1088 2665 1144 τὸν
2726 1090 2860 1145 κατά
2930 1092 3145 1166 καιροὺς
3179 1089 3589 1166 ἐπιδημήσαντα
3631 1098 3865 1165 Σωτῆρα

2226 1181 2301 1251 τῷ
2325 1177 2464 1256 γένει
2494 1186 2602 1235 τῶν
2629 1179 2941 1257 ἀνθρώπων.

2307 1268 2414 1323 Υἱοὶ
2450 1269 2863 1347 τεχθησόμενοι.
2926 1269 3185 1340 Σημαίνει
3234 1268 3288 1324 δὲ
3351 1267 3435 1325 διὰ
3488 1271 3687 1326 τούτων
3750 1271 3868 1335 τοὺς

2225 1357 2403 1433 ἁγίους
2430 1364 2521 1411 τοῦ
2565 1363 2818 1432 Σωτῆρος
2852 1360 3117 1431 μαθητὰς.
3151 1358 3351 1423 ο’ἷτινες
3411 1360 3477 1414 τὰ
3533 1360 3805 1427 θαυμάσια
3839 1360 3868 1413 ἃ

2227 1446 2572 1522 κατώρθωσεν
2618 1450 2644 1500 ὁ
2677 1447 2923 1522 Χριστὸς,
2978 1459 3094 1511 τοῖς
3154 1450 3286 1512 υἱοῖς
3358 1449 3528 1504 αὐτῶν
3587 1447 3868 1526 ἀπαγγέλ-

2229 1533 2399 1591 λουσι*
2436 1535 2674 1591 τουτέστι
2709 1537 2826 1597 τοῖς
2873 1534 3219 1611 προσελθοῦσι
3251 1535 3314 1594 δι’
3350 1542 3522 1594 αὸτῶν
3551 1544 3617 1613 τῇ
3669 1539 3866 1598 πίστει,

2315 1626 2410 1680 Καὶ
2467 1625 2542 1697 μὴ
2603 1623 2960 1679 ἐπιλάθωνται
2993 1626 3097 1680 τῶν
3130 1624 3301 1702 ἔργων
3332 1634 3423 1682 τοῦ
3485 1633 3640 1685 Θεοῦ.
3697 1633 3871 1685 Ταῦτα

2230 1710 2578 1788 διηγήσονται
2630 1714 2836 1785 αὒτοϊς,
2890 1712 2960 1768 δι’
2987 1714 3062 1769 ὧν
3107 1713 3415 1789 δυνήσονται
3462 1719 3626 1789 μόνον
3687 1715 3870 1771 ἆλπίδα

2169 1840 2203 1887 Β
2230 1804 2321 1856 τὸν
2354 1804 2484 1857 Θεὸν
2516 1802 2909 1880 ἰπιγράψασθαι

2307 1889 2434 1948 ’Ἵνα
2493 1891 2569 1965 μή
2626 1890 2881 1968 γένωνται
2952 1894 3025 1954 ὡς
3072 1894 3119 1947 οἱ
3172 1893 3394 1971 πατέρες
3438 1897 3632 1951 αὐτῶν.
3669 1892 3870 1970 Ἀπαγ-

2224 1980 2641 2060 γελοῦσι,φησὶ,
2675 1983 2767 2042 τας
2801 1982 3023 2044 αἰνέσεις
3079 1989 3172 2036 τοῦ
3218 1990 3347 2037 Θεοῦ
3410 1983 3530 2045 τοῖς
3589 1981 3657 2037 δι’
3715 1986 3871 2040 αὐτοῦ

2228 2067 2746 2147 παιδαγωγουμένοις
2781 2072 2825 2125 οἱ
2855 2070 3168 2127 ἀπόστολοι·
3222 2070 3313 2126 ’ίνα
3375 2074 3460 2128 καὶ
3527 2072 3866 2141 ἒκζητήσωσι

2225 2160 2317 2222 τὰς
2348 2162 2439 2214 τοῦ
2461 2167 2590 2215 Θεοῦ
2621 2159 2865 2238 ἐντολὰς,
2898 2161 2986 2215 καί
3033 2161 3109 2233 μὴ
3134 2163 3230 2227 την
3286 2164 3391 2215 τιῦν
3465 2161 3710 2237 πατέρων
3762 2182 3865 2214 κα-

3093 2249 3300 2314 Ἐκείνη
3377 2250 3498 2327 γὰρ,
3550 2250 3737 2328 φησὶν,

2224 2338 2379 2414 γενεᾶ
2413 2338 2507 2394 οῦκ
2551 2337 2713 2417 ἔσχεν
2748 2339 2871 2404 εὐθῆ
2931 2340 3027 2403 τὴν
3086 2336 3298 2413 καρδίαν
3352 2342 3475 2416 πρὸς
3538 2340 3699 2416 Θεὸν,
3757 2336 3866 2394 οῦδὲ

2222 2428 2396 2482 πίστιν
2428 2426 2558 2506 ἔσχε
2591 2431 2649 2482 τὸ
2696 2427 2898 2500 πνεῦμα
2962 2429 3119 2493 αὐτῆς
3182 2428 3318 2499 μετὰ
3377 2435 3468 2484 τοῦ
3515 2434 3671 2484 Θεοῦ.
3710 2426 3862 2481 Γενεὰ

2221 2515 2339 2583 ἥτις
2417 2516 2475 2571 οὗ
2540 2517 2817 2572 κατεύθυνε
2898 2518 2997 2582 τὴν
3081 2516 3264 2593 καρδία
3380 2517 3542 2583 αῦτῆς
3627 2518 3860 2573 Ἐκεῖνοι

2220 2607 2320 2682 γὰρ
2349 2602 2561 2680 βεϐαίαν
2594 2606 2691 2671 τὴν
2722 2608 2794 2668 εἰς
2828 2608 2916 2659 τὸν
2958 2607 3087 2661 Θεὸν
3145 2610 3239 2662 οὐκ
3302 2605 3596 2673 ἐκτήσαντο
3653 2606 3854 2675 πίστιν,

2219 2687 2314 2752 τὴν
2348 2688 2553 2741 εῦθεῖαν
2586 2689 2676 2742 οὐκ
2743 2685 3087 2754 ἐθελήσαντες
3163 2686 3379 2761 πορείαν
3439 2683 3674 2759 ὁδεῦσαι,
3731 2683 3863 2739 ἀλλὰ

2225 2246 2561 2323 κοδαιμονίαν
2632 2250 2999 2323 μιμήσωνται,

2217 2776 2437 2852 γνώμην
2466 2777 2763 2854 ὶσχηκοτες
2789 2788 2906 2838 τοῖς
2937 2777 3095 2838 θείοις
3141 2773 3553 2848 ἐναντιουμένην
3613 2778 3857 2848 θεσμοῖς.

2298 2864 2427 2919 ’Υἱοὶ
2476 2864 2712 2942 Ἐφραῖμ
2783 2864 3098 2925 ἐντείνοντες
3183 2865 3268 2918 καὶ
3318 2863 3609 2940 βάλλοντες
3670 2862 3857 2927 τόξοις.

2221 2952 2354 3009 Ἀπὸ
2387 2953 2555 3028 μόνης
2600 2958 2696 3019 τῆς
2757 2953 2924 3033 φυλῆς
2977 2960 3067 3008 τοῦ
3116 2951 3359 3032 Ἐφραὶμ
3405 2952 3528 3009 ὅλον
3588 2955 3682 3008 τὸν
3740 2953 3858 3007 λαον

2220 3042 2552 3115 τοῦίσραήλ
2604 3044 2692 3098 τὸν
2751 3043 3143 3122 ἀποσχισθέντα
3187 3052 3279 3101 τοῦ
3334 3041 3500 3099 Ἰούδα
3557 3041 3856 3112 ἒδήλωσεν,

2224 3133 2376 3190 Οὗτοι
2432 3132 2529 3209 γαρ
2561 3134 2768 3192 καὶτὰς
2804 3130 3056 3205 δαμάλεις
3113 3132 3370 3206 ἔστησαν,
3423 3133 3509 3187 καὶ
3565 3138 3668 3198 τῆς
3728 3132 3857 3187 κατὰ

498 3227 815 3309 Postquam
843 3240 980 3292 ante
1002 3233 1270 3310 tetigerat
1301 3240 1532 3310 patrum
1570 3230 2137 3308 malignitatem,jam

2241 3224 2385 3296 νόμου
2418 3220 2660 3297 λατρείας
2693 3221 3022 3287 ἀπέστησαν.
3085 3222 3401 3296 Ἀψαμενος
3431 3222 3529 3289 τῆς
3587 3228 3695 3278 τὼν
3753 3244 3856 3277 πα-

501 3334 706 3378 eorum
740 3318 1184 3398 improbitatem
1222 3340 1291 3383 ex
1327 3328 1552 3397 integro
1609 3326 1906 3393 recenset,
1964 3326 2138 3397 atque

2241 3312 2383 3387 ιέρων
2415 3313 2691 3387 πονηρίας,
2754 3311 2942 3390 ἐφεξῆς
2974 3310 3258 3387 καταλέγει
3318 3318 3493 3366 πᾶσαν
3526 3311 3623 3378 τὴν
3678 3312 3857 3368 κακίαν

500 3416 797 3470 bonorum
824 3410 1051 3488 copiam
1077 3428 1111 3470 a
1140 3410 1258 3471 Deo
1289 3409 1417 3472 illis
1441 3425 2024 3480 concessam;eorum
2047 3424 2137 3466 er-

2241 3405 2415 3477 ιῦτῶν,
2471 3405 2567 3466 τὴν
2617 3420 2671 3454 τε
2746 3400 2887 3475 παρᾶ
2942 3399 3034 3455 τοῦ
3094 3406 3224 3456 Θεοῦ
3281 3401 3354 3461 εις
3407 3400 3595 3464 αὐτοὺς
3657 3402 3860 3478 ἀγαθῶν

494 3514 569 3574 ga
591 3498 775 3559 Deum
796 3486 1237 3567 inﬁdelitatem,
1266 3498 1523 3578 denique
1543 3498 1865 3576 perniciem
1887 3515 2021 3571 qua:
2049 3498 2139 3557 liis

2241 3488 2517 3563 ῖαψὶλειαν,
2572 3491 2665 3556 τὴν
2726 3510 2781 3543 τε
2835 3493 2959 3565 πρὸς
3018 3491 3109 3543 τὸν
3167 3491 3296 3544 Θεὸν
3356 3492 3527 3545 αῦτῶν
3582 3490 3851 3557 ἀπιστίαν,

499 3585 574 3646 de
607 3587 802 3647 causis
827 3588 961 3649 illos
986 3590 1242 3668 excepit.
1280 3591 1353 3651 Ut
1383 3575 1456 3647 iis
1487 3575 1761 3648 instituti.
1792 3586 2009 3646 malum
2035 3605 2135 3648 ze-

2241 3581 2310 3633 τὸν
2350 3576 2400 3635 δε
2455 3577 2820 3651 διαδεξαμενον
2874 3578 3059 3639 αὖτοὺς
3107 3575 3191 3632 διὰ
3247 3600 3410 3633 ταυτα
3474 3578 3713 3657 ὄλεθρονο
3773 3578 3858 3631 ’ἕνα

499 3674 622 3735 lum
647 3675 1000 3754 effugerent.
1035 3666 1191 3739 Dicit
1218 3687 1416 3738 autem
1450 3676 1602 3737 ﬁlios
1627 3676 1931 3755 prraini,
1969 3677 2024 3735 id
2054 3685 2139 3736 est

2241 3668 2306 3722 ῑιά
2368 3669 2565 3723 τούτων
2625 3666 3143 3745 παιδαγωγηθέντες,
3211 3671 3300 3723 τὸν
3356 3669 3597 3745 πονηρὸν
3660 3669 3855 3746 φύγωσι

496 3772 684 3825 totum
714 3763 1016 3841 Israelein,
1053 3768 1154 3847 qui
1186 3766 1532 3827 didicerunt
1562 3784 1695 3825 cum
1723 3765 1996 3843 malignis
2023 3766 2139 3827 daa-

2241 3756 2403 3822 ζῆλον,
2453 3758 2604 3833 Λέγει
2651 3755 2730 3836 δὲ,
2776 3758 2848 3818 ὡς
2899 3760 2944 3813 οἱ
3004 3765 3093 3813 τοῦ
3153 3755 3393 3834 Ἐφραὶμ
3426 3758 3551 3834 ύὶοί,
3589 3756 3855 3812 τουτέστιν

500 3853 781 3914 monibus
814 3845 1105 3935 pugnare.
1143 3865 1319 3936 atque
1350 3855 1423 3916 ad
1456 3873 1585 3915 eam
1615 3872 1740 3914 rem
1779 3856 1838 3915 in
1893 3856 2132 3915 modum

2241 3846 2357 3907 ἷπας
2384 3847 2620 3925 Ἰσραὴλ,
2657 3849 2704 3904 οἱ
2746 3845 3105 3924 δεδιδαγμένοι
3150 3859 3273 3907 τοῖς
3308 3860 3569 3923 πονηροῖς
3595 3848 3856 3925 μάχεσθαι

499 3960 673 4003 arcus
701 3932 974 4006 adornati
1006 3957 1195 4019 erant,
1222 3932 1352 4023 ipso
1403 3963 1610 4024 pugnae
1671 3954 1937 4024 tempore
1998 3964 2128 4005 mu-

2241 3940 2450 4013 ἱαίμοσι,
2517 3938 2603 3992 καί
2653 3939 2726 3999 εἰς
2785 3942 2939 3992 τοῦτο
2991 3935 3170 4013 ὥσπερ
3228 3936 3374 4000 τόξον
3405 3932 3854 3992 κατασκευασθέν-

502 4040 657 4093 tasse
687 4035 1071 4108 sententiam,
1107 4021 1286 4114 atque
1320 4021 1633 4096 Dominum
1670 4042 1725 4093 et
1782 4021 1968 4094 Deum
2024 4052 2132 4096 ne-

2241 4048 2329 4096 ιες,
2365 4024 2678 4101 παρ’·αῦτὸν
2710 4027 2798 4080 τὸν
2837 4025 2929 4080 τοῦ
2976 4023 3214 4097 πολέμου
3285 4026 3465 4099 καιρὸν
3525 4021 3855 4097 μετεϐλήθη-

499 4139 696 4199 gasse,
736 4131 796 4183 ut
828 4125 1125 4185 voluntate
1155 4125 1227 4185 ad
1261 4121 1616 4201 Barabbam,
1651 4122 1708 4182 id
1742 4133 1833 4182 est
1862 4124 1933 4184 ad
1966 4122 2138 4185 Sata-

2241 4141 2344 4197 παν,
2376 4120 2467 4174 τὸν
2499 4118 2596 4191 μὲν
2632 4119 2906 4183 Δεσπότην
2935 4118 3022 4172 καὶ
3076 4119 3205 4171 Θεὸν
3251 4116 3636 4194 ἀρνησαξιειοι,
3691 4133 3855 4189 προσ·-

502 4229 660 4288 nam,
696 4211 1087 4275 declinarent.
1890 4277 1893 4281 _

2241 4207 2496 4271 ιλίναναες
2530 4207 2743 4269 Eat-ito);
2768 4214 2843 4281 τῷ
2868 4204 3104 4283 βαραϐϐᾁ
3134 4207 3366 4261 τουτέστι
3393 4210 3469 4278 τῷ
3500 4210 3734 4276 Σατανᾷ.

592 4299 684 4360 10.
723 4301 860 4364 Non
882 4303 1288 4365 custodierent
1312 4312 1738 4366 testamentum
1763 4304 1889 4365 Dei.
1920 4302 2137 4366 Novam

2309 4299 2414 4354 Οὔκ
2494 4295 2749 4375 ἐφύλαξαν
2833 4298 2928 4359 τὴν
3026 4295 3272 4365 διαθήκεν
3356 4299 3448 4351 τὸῦ
3521 4300 3673 4351 Θεοῦ.
3756 4292 3855 4358 Τὴν

506 4389 806 4469 Evangelii
831 4392 1208 4454 traditionem
1232 4394 1397 4466 dicit,
1433 4404 1612 4474 atque
1634 4393 1775 4453 illud
1809 4411 1822 4455 :
1848 4393 1990 4453 Ecce
2012 4393 2139 4454 dies

2241 4391 2413 4456 ιαινὴν
2445 4395 2534 4444 τοῦ
2570 4387 2887 4465 Εὕα-(νελίου
2960 4386 3244 4449 πα,άδοσίν
3313 4408 3466 4466 φησι,
3503 4388 3588 4442 καὶ
3612 4385 3695 4445 τό.
3731 4381 3856 4441 ἰδοὺ

503 4484 647 4540 venit
676 4490 727 4540 et
753 4485 1039 4558 disponam
1067 4502 1180 4541 cum
1234 4488 1310 4543 eis
1378 4472 1752 4543 testamentum
1807 4502 2010 4543 novum
2065 4486 2137 4542 9⁵.

2241 4481 2393 4556 ἀμέρα
2468 4478 2710 4556 ἔρχεται,
2795 4482 2879 4533 καὶ
2959 4476 3284 4550 διαθήσομαι
3370 4480 3553 4538 αὐτοῖς
3610 4472 3856 4543 διαθήκην

502 4570 690 4630 Causa
719 4576 917 4631 autem
957 4572 1051 4631 hic
1083 4571 1376 4652 redditur,
1415 4573 1553 4652 quia
1586 4572 1730 4633 illud
1767 4590 1883 4632 non
1932 4582 2137 4633 custo-

2241 4567 2431 4634 ιαινήε..
2490 4569 2661 4629 Αἱτίας
2725 4566 2776 4622 δὲ
2823 4568 2961 4622 ἐστιν
3021 4566 3308 4644 ἀπόδοσις,
3372 4565 3477 4636 ὅτι,
3539 4566 3736 4630 ταύτην
3783 4563 3854 4636 μὴ

504 4656 759 4731 dientes,
793 4661 948 4738 quod
986 4672 1072 4721 est
1109 4681 1254 4721 nova
1286 4663 1379 4723 lex
1412 4661 1541 4727 Dei.
1576 4666 1853 4724 conversi
1881 4670 2023 4721 sunt
2078 4665 2138 4722 in

2241 4655 2565 4735 ρυλάξαντες,
2652 4657 2769 4725 ﬁat;
2859 4657 2967 4712 ἐστὶ
3032 4658 3209 4720 καινὸς
3287 4658 3450 4728 νὸμος
3522 4663 3613 4711 τοῦ
3685 4660 3849 4723 Θεοῦ,

503 4746 603 4807 die
622 4748 784 4809 belli.
813 4751 944 4811 Non
969 4753 1130 4811 enim
1158 4751 1555 4813 credebantei
1582 4752 1802 4811 dicenti
1831 4772 1843 4813 :
1898 4750 2030 4829 Ego
2063 4769 2139 4812 eae

2241 4748 2565 4824 ἐστράφησαν
2622 4746 2675 4801 ἐν
2735 4746 2909 4825 ἡμέρᾳ
2989 4744 3249 4819 πολέμου,
3299 4747 3370 4799 0-5
3444 4744 3541 4821 γὰρ
3591 4744 3854 4800 ἐπίστευον

506 4834 692 4897 Patre
723 4841 891 4900 emivi
919 4848 977 4901 et
1000 4839 1261 4903 venio96.
1297 4838 1442 4902 Cum
1461 4840 1619 4901 enim
1668 4858 1772 4919 par
1798 4839 2005 4901 fuisset
2036 4841 2139 4901 ad-

2241 4836 2375 4909 αότῷ
2446 4835 2676 4912 λέγον-εν
2762 4835 2905 4913 Ἐγὼ
2978 4834 3038 4892 ἐκ
3110 4842 3200 4891 τοῦ
3256 4836 3462 4908 [ἰατρὸς
3503 4832 3718 4900 ἔξηλθον
3773 4833 3851 4889 ira;

3026 4295 3272 4365 διαθήκεν
3356 4299 3448 4351 τὸῦ
3521 4300 3673 4351 Θεοῦ.

505 4940 713 4985 versus
744 4944 846 4987 eos
866 4947 987 5007 pug
1002 4946 1139 4988 nare
1167 4928 1264 5009 qui
1295 4936 1499 4989 contra
1531 4931 1712 4989 Deum
1736 4927 1954 4988 bellum
1983 4944 2146 5005 gere-

504 5023 663 5088 rent,
699 5015 781 5075 illi
809 5017 1092 5076 adversus
1124 5016 1310 5077 Deum
1348 5016 1570 5077 bellum
1606 5025 1942 5094 inovgrunt.

592 5104 651 5164 11
672 5103 775 5165 .Et
798 5104 973 5167 obliti
989 5115 1127 5166 sunt
1153 5109 1597 5183 bene/actorum
1619 5108 1771 5182 eius.
1800 5107 1962 5167 Licet
1988 5106 2145 5165 enim

508 5193 690 5253 multa
724 5192 1012 5255 beneﬁcia
1036 5195 1620 5273 acceperint,omnia
1650 5213 1682 5255 a
1712 5195 1995 5255 memoria
2030 5215 2134 5255 sua

509 5279 881 5359 abjecerunt.
914 5285 981 5343 Et
1004 5284 1207 5361 ejusce
1237 5285 1322 5344 rei
1353 5293 1765 5363 argumentum
1827 5284 1973 5345 illud
2027 5293 2137 5362 est,

508 5370 666 5450 quod
698 5389 829 5431 cum
862 5373 1210 5435 tradiderint
1237 5374 1445 5435 Pilato.
1476 5371 1657 5436 Obliti
1687 5384 1822 5435 sunt
1846 5375 2143 5454 quomodo

587 5578 652 5630 95
679 5576 1146 5660 Baruch.1i,35.
1232 5578 1484 5641 96.loan.
1520 5596 1637 5652 xvi,
1673 5582 1772 5638 27.

2231 4926 2368 4991 ἥκω.
2411 4925 2537 4981 Δέον
2586 4926 2685 5002 γὰρ
2737 4924 2949 5001 βάλλειν
3007 4925 3091 4980 κκὶ
3134 4922 3397 4997 πολεμεῖν
3448 4923 3568 4985 τοὺς
3614 4930 3729 4996 Θεῷ
3757 4943 3854 4976 πο-

2231 5015 2545 5088 λεμοῦιτας·
2608 5018 2653 5070 οἱ
2701 5013 2755 5069 δὲ
2785 5015 2919 5070 κατᾶ
2951 5022 3083 5071 Θεοῦ
3112 5012 3307 5090 ἤραντο
3352 5011 3616 5087 πόλεμον.

2316 5110 2411 5162 Καὶ
2495 5104 2810 5159 ἐπελάθοντο
2886 5110 2989 5157 τὼν
3067 5105 3354 5179 εῦεγεσιῶν
3410 5104 3593 5162 αὖτοῦ,
3653 5104 3848 5176 Καίτοι,

2231 5196 2382 5271 φησὶ,
2417 5194 2591 5248 πολλᾶ
2621 5196 3047 5271 εῦεργετημὲνοι,
3101 5192 3276 5248 ωαντα
3328 5191 3433 5246 ἀπὸ
3493 5192 3586 5259 τῆς
3643 5193 3849 5267 μνήμης

2236 5282 2590 5357 ὰνεῤῥίπισαν,
2690 5284 2784 5339 Καὶ
2856 5283 3043 5338 τούτου
3103 5279 3367 5343 ἀπόδειξις
3428 5281 3486 5335 τὸ
3544 5280 3851 5359 παραδοῦναι

2238 5373 2471 5446 Πιλάτῳ,
2519 5371 2868 5433 ἐπελάθοντο
2901 5374 2961 5427 τὸ
2992 5378 3102 5433 πῶς
3159 5369 3375 5436 διῆλθεν
3421 5373 3709 5450 εῦεργετῶν
3755 5374 3849 5427 αὖ·
