3992 6208
442 300 561 365 359

1235 297 1296 358 S.
1343 295 1767 359 ATHANASII
1811 293 1975 355 OPP.
2026 295 2238 356 PARS.
2291 296 2398 357 ΙΙΙ.
2448 328 2516 341 —-
2567 296 3025 378 EXEGETICA.

3701 300 3830 365 360

437 435 599 495 cium
654 432 810 514 quod
861 430 1170 513 proferunt
1228 431 1402 508 inte,
1440 436 1681 508 propter
1734 427 2075 505 sanguinem

2188 430 2274 493 :oi,
2312 429 2395 484 διὰ
2452 433 2513 486 τὸ
2557 435 2696 505 αἷμα
2740 436 2802 487 τὸ
2862 434 3223 511 ἐκχυνόμενον
3268 444 3372 491 τῶν
3418 428 3527 491 σῶν
3584 437 3819 509 δούλιῖνθ,

436 542 748 585 servorum
780 532 1020 583 tuorum
1056 520 1161 597 qui
1193 519 1417 580 effusus
1451 529 1565 595 est,
1621 523 1863 597 propter
1898 515 2075 595 gemi-

2188 514 2259 572 ita
2288 520 2378 573 τὸν
2411 524 2711 598 ara-m7pr
2741 528 2844 576 τῶν
2877 520 3288 597 πεπεδημὲνων.

438 622 563 676 tum
596 611 1099 692 compeditorum.

528 706 616 764 tl.
653 700 993 764 Secundum
1031 696 1525 773 magnitudinem
1559 692 1795 754 brachii
1832 695 1923 752 tui
1946 709 2084 771 pos.

436 792 564 853 side
591 789 746 870 ﬁlios
779 790 1312 866 mortiﬁcatorum.
1347 785 1572 843 Virtute
1604 781 1837 843 brachii
1863 780 2083 854 tui,ait,

437 880 632 943 salvos
660 881 752 941 fac
791 897 894 939 eos
917 876 1018 957 qui
1048 893 1081 937 a
1111 874 1274 936 caede
1302 871 1530 933 residui
1556 879 1719 933 sunt.

439 1064 498 1121 1.
532 1057 605 1118 In
634 1057 838 1136 ﬁnem,
888 1070 1003 1134 pro
1055 1055 1132 1114 iis
1174 1052 1283 1131 qui
1313 1048 1870 1126 commutabuntur,
1910 1053 2078 1108 testi-

434 1148 704 1209 monium
783 1143 989 1223 Asaph
1024 1191 1037 1218 ,
1120 1139 1492 1201 PSALMUS
1581 1156 1693 1218 pro
1784 1138 2079 1215 Assyriis.

438 1234 698 1298 LXXIX.

1029 1323 1487 1399 Argumentum.

437 1415 524 1477 Ex
556 1414 745 1494 prima
758 1410 1074 1473 verborum
1095 1407 1391 1470 sententia
1408 1414 1576 1485 rogat
1605 1403 2079 1467 misericordiam

515 1493 754 1581 assequi
786 1518 890 1561 eos
910 1499 1011 1579 qui
1044 1497 1115 1558 ab
1149 1496 1384 1575 Assyrio
1418 1496 1474 1555 in
1510 1496 1863 1555 servitutem
1899 1493 2078 1553 reda-

517 1592 596 1652 cti
630 1599 817 1651 erant.
855 1588 970 1652 Sed
1004 1585 1356 1648 sublimiore
1404 1585 1723 1656 sententia,
1777 1592 1945 1660 rogat
1974 1600 2078 1659 pro

519 1682 593 1742 iis
624 1679 728 1760 qui
751 1677 1120 1759 spiritualem
1144 1674 1539 1755 captivitatem
1562 1673 1717 1753 passi
1741 1679 2057 1751 sunt,post-

517 1788 691 1850 quam
724 1769 782 1828 in
814 1785 1052 1829 crucem
1084 1773 1248 1825 actus
1280 1775 1368 1824 est
1399 1764 1689 1825 Dominus
1719 1780 1751 1821 a
1783 1761 2069 1839 spiritua-

518 1845 675 1918 libus
698 1855 977 1935 Assyriis,
1015 1859 1076 1915 et
1104 1853 1177 1913 ab
1210 1871 1414 1913 eorum
1465 1851 1752 1930 principe,
1802 1849 2080 1909 videlicet
2106 1845 2139 1892 Β

520 1946 759 2008 Satana.
810 1942 1323 2024 Supplicationem
1374 1959 1516 2019 ergo
1562 1938 1833 2011 etfundit,
1865 1955 2079 2017 rogans

520 2037 837 2097 adventum
875 2030 1206 2094 Salvatoris
1239 2030 1427 2091 nostri
1456 2039 1514 2090 et
1544 2028 1961 2090 liberationem
1995 2037 2082 2087 to-

518 2129 633 2188 tius
663 2124 904 2203 generis
942 2122 1277 2183 lsraelitici.

520 2218 581 2278 9.
615 2213 738 2289 Qui
771 2213 929 2290 regis
968 2210 1184 2291 Israel,
1218 2210 1484 2272 intende.
1532 2212 1643 2282 Te,
1679 2206 1953 2284 Domine,
1981 2204 2083 2285 qui

438 2305 691 2387 pastoris
741 2305 950 2381 instar,
988 2300 1191 2380 populi
1226 2299 1694 2362 sollicitudinem
1724 2297 1904 2375 geris,
1938 2314 2079 2373 rogo

435 2395 714 2459 admittas
744 2393 1228 2470 deprecationem
1265 2407 1485 2451 meatu.

515 2486 573 2547 3.
607 2482 722 2555 Qui
748 2482 914 2543 sedes
945 2496 1123 2558 super
1178 2477 1507 2551 cherubim,
1542 2479 1943 2554 mani/astare
1971 2492 2075 2535 co-

439 2591 575 2636 ram
617 2570 944 2649 Ephraim,
986 2568 1322 2646 Benjamin
1353 2576 1406 2629 et
1438 2567 1741 2629 Manasse.
1791 2567 1941 2627 Dum
1976 2564 2073 2625 in-

435 2663 678 2725 cederet
709 2657 1182 2730 tabernaculum,
1222 2676 1337 2718 una
1369 2656 1800 2736 gradiebantur
1829 2662 1948 2714 tres
1970 2654 2072 2713 tri-

432 2751 570 2825 bus,
612 2748 799 2811 Judas
834 2764 1074 2826 nempe,
1114 2747 1385 2808 lssachar
1415 2755 1474 2807 et
1501 2745 1789 2807 Zabulon.
1842 2742 2069 2805 Subse-

431 2841 767 2922 quebantur
792 2837 862 2897 ad
899 2835 1212 2896 meridiem
1252 2846 1373 2896 tres
1395 2834 1870 2915 aliaa,Ephraim,
1911 2837 2069 2893 Beu-

427 2930 623 3011 jamin
661 2937 719 2989 et
748 2926 1038 2988 Manasse.
1078 2927 1217 2987 Erat
1274 2935 1470 2987 autem
1510 2926 1570 2985 in
1623 2923 1928 2984 cherubim
1957 2942 2067 2984 au-

427 3018 549 3081 reis
578 3035 758 3098 supra
785 3033 983 3077 arcam
1019 3013 1227 3094 positis
1258 3015 1448 3093 gloria
1480 3013 1719 3093 Dei,qui
1744 3013 1907 3091 ipsos
1924 3030 2071 3093 prae-

427 3106 677 3171 cedebat
707 3124 840 3168 cum
874 3104 1251 3166 incederent.
1286 3103 1373 3164 Tu
1409 3112 1605 3179 itaque
1633 3104 1728 3181 qui
1758 3102 1931 3163 sedes
1962 3120 2068 3162 su-

387 3243 391 3246 ›
428 3216 535 3281 per
564 3195 903 3266 cherubim,
938 3203 995 3255 et
1027 3194 1315 3273 praecedis
1352 3212 1575 3272 arcam,
1601 3198 1684 3254 ita
1732 3200 1794 3251 ut
1824 3193 1905 3253 sis
1934 3201 2070 3254 ante

426 3285 738 3367 Ephraim,
775 3283 1088 3361 Benjamin
1121 3291 1178 3342 et
1210 3281 1479 3343 Manasse
1512 3283 1672 3360 (nam
1728 3297 1933 3341 coram
1981 3280 2068 3340 si-

428 3376 669 3456 gniﬁcat
695 3372 757 3433 in
783 3375 1155 3451 conspectu),
1192 3389 1297 3452 per
1352 3380 1508 3432 tuam
1561 3368 1881 3449 potentiam
1916 3369 2071 3430 salu—

428 3473 550 3527 tem
581 3464 739 3526 dato.

502 3649 562 3710 9.
609 3645 856 3708 Vineam
903 3645 975 3706 de
1021 3645 1290 3725 zEgypto
1345 3645 1747 3706 :ranstulisti.
1786 3641 2069 3706 Israelem

426 3736 591 3798 dicit.
652 3735 898 3811 ltjjecisti
945 3744 1169 3814 gentes,
1228 3742 1283 3797 et
1343 3734 1637 3815 plantasti
1695 3752 1854 3796 eam.
1918 3734 2068 3794 Nam

423 3845 556 3888 cum
591 3822 964 3906 pracederes
996 3841 1123 3896 eos,
1163 3822 1393 3903 ejecisti
1424 3842 1459 3885 a
1488 3822 1639 3886 facie
1682 3840 1887 3883 eorum
1920 3838 2069 3900 gen-

425 3923 540 3976 tes.

504 4006 602 4067 11.
650 4003 902 4082 Operuit
932 4010 1165 4064 montes
1194 4001 1410 4064 umbra
1442 4003 1591 4080 ejus.
1623 3999 1842 4065 Umbra
1889 3999 2074 4061 vinea:

431 4103 520 4156 est
554 4092 761 4170 legalis
790 4090 1159 4171 cultus,quia
1188 4090 1281 4152 lex
1315 4090 1584 4151 umbram
1612 4091 1945 4151 futurorum
1971 4088 2073 4148 bo-

431 4201 645 4245 norum
679 4180 963 4242 continet.
1006 4182 1240 4243 Montes
1272 4179 1415 4240 dicit
1444 4179 1630 4242 Silom
1663 4188 1721 4241 et
1745 4179 1981 4241 Sion.In
2003 4174 2077 4237 iis

430 4289 687 4352 namque
740 4269 974 4331 duobus
1006 4267 1157 4330 locis
1191 4268 1641 4330 tabernaculum
1683 4268 2073 4329 constitutum

434 4362 565 4423 fuit.
594 4357 758 4421 Nihil
789 4375 931 4433 ergo
954 4356 1115 4418 aliud
1146 4357 1466 4437 signiﬁcat,
1494 4357 1607 4418 nisi
1642 4357 1802 4433 quod
1839 4354 2074 4435 legalia,

432 4469 565 4533 quae
588 4449 925 4510 futurorum
954 4447 1249 4508 bonorum
1284 4447 1493 4508 umbra
1527 4447 1803 4526 erant,in
1849 4442 2083 4506 duobus

2258 699 2403 753 Κατὰ
2460 702 2558 763 την
2616 698 3003 775 μεγαλωσύνην
3061 709 3154 757 τοῦ
3208 703 3495 782 βραχίονός
3540 726 3631 759 σου
3704 726 3818 761 πε·-

2171 787 2444 862 ριποίησαι
2497 788 2613 849 τοὺς
2673 792 2813 854 υἱοὺς
2867 798 2972 846 τῶν
3031 792 3507 865 τεθανατωμέτων.
3574 796 3649 869 Τῇ
3712 792 3818 849 δυ-

2171 874 2350 949 νάμει,
2411 879 2562 955 φησί,
2626 886 2717 934 τοῦ
2773 881 3061 960 βραχίονός
3117 903 3210 936 σου
3270 883 3440 937 σῶσον
3502 884 3621 945 τοὺς
3672 907 3821 940 κατα

2170 961 2479 1042 λειφθέντας
2525 967 2585 1021 ἐκ
2630 974 2732 1022 τῶν
2766 969 3135 1046 ἀνῃρημένων,

2253 1056 2337 1110 Ei;
2398 1053 2549 1118 τέλος
2608 1056 2738 1124 ὑπὲρ
2798 1066 2902 1112 τῶν
2963 1057 3484 1132 ἀλλοιωθησομένων
3518 1108 3534 1139 ,
3600 1073 3817 1138 μαρτύ-

2250 1164 2361 1219 ριον
2433 1154 2524 1202 τοῦ
2598 1142 2789 1224 Ἀσὰφ,
2868 1154 3154 1204 ΨΑΛΜΟΣ
3228 1149 3355 1225 ὑπὲρ
3430 1157 3535 1204 τῶν
3606 1149 3819 1207 Ἀσσυ-

2247 1232 2393 1309 ρίων.
2430 1232 2555 1291 ΟΘ’.

2838 1322 3138 1389 ’ὶ“πόθεσις.

2170 1413 2318 1466 Κατὰ
2350 1413 2445 1486 μὲν
2492 1415 2550 1468 τὸ
2583 1415 2869 1492 πρόχειρον
2921 1421 3019 1481 τῆς
3074 1415 3265 1480 λέξεως
3319 1417 3603 1484 ἐλεηθῆναι
3659 1420 3817 1485 ἀξιοῖ

2246 1501 2365 1565 τοὺς
2426 1503 2527 1558 ὑπὸ
2604 1510 2696 1557 τοῦ
2757 1501 3031 1580 Ἀσσυρίου
3092 1505 3605 1571 καταδουλωθέντας·
3670 1513 3817 1565 κατὰ

2242 1587 2297 1642 δὲ
2341 1591 2440 1655 τὴν
2470 1591 2807 1666 ’δψηλοτεραν
2852 1590 3108 1671 διάνοιαν,
3169 1596 3296 1671 ὅπερ
3340 1603 3443 1652 τῶν
3474 1600 3767 1670 ὑπομειναν
3798 1632 3811 1638 -

2233 1701 2338 1733 των
2367 1681 2465 1748 τὴν
2496 1681 2871 1758 αἰχμαλωσίαν
2924 1684 3022 1749 τὴν
3074 1685 3288 1759 νοητὴν,
3347 1688 3478 1760 μετὰ
3529 1690 3615 1742 τὸν
3667 1691 3815 1744 κατὰ

2244 1776 2335 1824 τοῦ
2391 1773 2574 1846 Κυρίου
2627 1775 2850 1843 σταυρὸν
2905 1774 3005 1827 ὑπὸ
3061 1780 3164 1827 τῶν
3230 1784 3435 1840 νοητῶν
3485 1778 3809 1854 Ἀσσυρίων,

2242 1861 2329 1914 καὶ
2382 1863 2537 1917 αὒτοῦ
2584 1863 2674 1916 τυῦ
2725 1862 2986 1940 ἄρχοντος
3040 1863 3233 1941 more)»,
3272 1867 3409 1943 φημὶ
3468 1863 3531 1931 δὴ
3574 1866 3665 1921 τοῦ
3697 1874 3812 1922 Σα-

2245 1955 2397 2009 τανᾶ.
2435 1947 2682 2006 ’ἱκετείαν
2730 1951 2818 2005 οὖν
2850 1949 3227 2026 προϐάλλεται,
3290 1954 3447 2018 ἀξιῶν
3488 1955 3811 2034 επιφάνειαν

2244 2040 2483 2113 γενέσθαι
2543 2048 2634 2096 τοῦ
2685 2046 2936 2115 Σωτῆρος
2996 2044 3176 2118 ἡμὼδ,
3212 2045 3297 2099 καὶ
3341 2044 3680 2121 ἐλευθέρωσιν
3711 2052 3814 2101 τοῦ

2246 2130 2442 2189 παντὸς
2485 2129 2667 2205 γένους
2698 2140 2788 2188 τοῦ
2820 2128 3059 2209 Ἰσραήλ.

2244 2216 2305 2274 ’0
2378 2220 2677 2292 ποιμαίνων
2748 2222 2838 2275 τὸν
2908 2220 3147 2301 Ἰσραὴλ,
3229 2225 3487 2300 ποόσχες.
3564 2225 3653 2295 Σὲ,
3705 2225 3808 2289 οξ-

2163 2328 2358 2371 σποτα,
2407 2309 2499 2362 τὸν
2555 2308 2802 2381 ποιμένος
2849 2307 3000 2376 δίκην
3048 2318 3139 2367 τοῦ
3171 2314 3301 2369 λαοῦ
3330 2314 3809 2394 προμηθούμενον,

2162 2395 2399 2460 δέξασθαί
2433 2420 2534 2471 μου
2562 2398 2660 2464 τὴν
2690 2400 2918 2456 ἱκετειαν
2964 2399 3248 2458 ἀντιϐολῶ.

2242 2482 2299 2542 Ὀ
2399 2488 2697 2561 καθήμενος
2784 2487 2868 2543 ἰπὶ
2953 2494 3056 2544 τῶν
3133 2488 3397 2568 χερουϐὶμ
3432 2537 3448 2564 ,
3528 2492 3809 2570 ἐμφάνηθι

2160 2573 2390 2630 ἐναντίον
2454 2574 2742 2655 Ἐφραὶμ,
2826 2579 2914 2633 καί
3001 2582 3299 2651 Βενιαμὶν,
3357 2583 3448 2636 καὶ
3508 2587 3806 2648 Μανασσῆ,

2160 2661 2249 2718 Ἐν
2318 2669 2386 2738 τῇ
2458 2665 2645 2741 πορεία
2701 2688 2798 2741 της
2850 2666 3053 2733 σκηνῆς
3114 2665 3355 2737 ἒὲἀὸ.ζον
3398 2682 3545 2745 τρεθς
3607 2668 3800 2746 φυλαὶ,

2157 2751 2345 2824 Ἰούδα,
2380 2756 2467 2809 καὶ
2507 2753 2751 2834 ἰσάχαρ,
2814 2757 2899 2811 καὶ
2976 2754 3275 2813 Ζαϐουλὼν.
3328 2758 3683 2814 Ἢκολούθουν
3746 2757 3796 2813 δῖ

2153 2844 2290 2898 κατὰ
2360 2844 2511 2899 νότον
2564 2860 2708 2922 τρεῖς
2741 2844 2935 2915 ἕτεραι·
2970 2848 3003 2914 ἡ
3048 2854 3141 2903 τοῦ
3172 2845 3435 2925 Ἐφραὶμ,
3470 2850 3503 2915 ἡ
3538 2859 3628 2906 τοι)
3661 2857 3807 2903 Βεν-

2156 2934 2302 3001 ιαμὶν
2364 2935 2593 2992 καὶτοῦ
2664 2940 2947 3001 Μανασσῆ.
2999 2930 3096 2990 Ἦν
3160 2933 3215 2990 δὲ
3265 2935 3353 2992 ἐπὶ
3413 2938 3517 2993 τῶν
3580 2944 3810 3016 χρυσῶν

2154 3018 2413 3099 χερουϐὶμ
2448 3025 2549 3078 τῶν
2581 3023 2761 3079 ἐπαιοω
2815 3029 2913 3090 τῆς
2975 3022 3203 3081 κιϐωτοῦ
3253 3025 3376 3090 δόξα
3439 3033 3591 3081 Θεοῦ·
3656 3048 3809 3103 προ-

2155 3108 2362 3165 εϐαδισε
2393 3113 2491 3188 γὰρ
2524 3112 2694 3168 αὖτῶν
2727 3116 2862 3168 κατα
2913 3115 3013 3179 τὴν
3075 3114 3314 3192 πορείαν,
3371 3117 3444 3170 Σὺ
3496 3115 3583 3171 οὖν
3609 3116 3635 3169 ὁ
3667 3118 3811 3170 καθο

2153 3201 2351 3272 ἥμενος
2393 3202 2478 3255 ἐπὶ
2537 3208 2639 3255 τῶν
2689 3200 2976 3281 χερουόἶμ,
3031 3204 3118 3257 γαὶ
3177 3205 3638 3282 προπορευόμενος
3690 3205 3805 3270 τῆς

2153 3285 2404 3360 κιϐωτοῦ,
2453 3292 2523 3354 ὡς
2596 3291 2740 3346 εἶναι
2793 3290 3088 3369 ἔμπροσθεν
3145 3300 3238 3349 τοῦ
3282 3291 3539 3371 Ἐφραὶμ,
3603 3301 3805 3349 Βενια-

2155 3378 2243 3450 μὶν
2319 3380 2407 3433 καὶ
2474 3381 2733 3445 Μανασσῆ
2796 3382 2879 3458 (τὸ
2939 3381 3038 3459 γὰρ
3113 3380 3347 3438 ἐναντίον
3399 3383 3645 3458 σημαίνει
3736 3384 3807 3437 τὸ

2156 3465 2489 3543 ἔμπροσθεν),
2558 3466 2639 3523 διὰ
2681 3474 2781 3536 τῆς
2824 3476 3016 3525 σαυτοῦ
3058 3466 3360 3534 δυναστείας
3391 3471 3492 3536 τὴν
3524 3472 3804 3548 σωτηρίαν

2156 3554 2385 3611 ἐπιδίδου
2400 3604 2412 3616 ,

2236 3643 2529 3719 ’Ἄμπελον
2612 3646 2663 3711 ἐξ
2734 3648 3003 3728 Αίγάπτου
3092 3655 3353 3728 μετῆρας,
3419 3650 3515 3707 Τὸν
3572 3646 3807 3726 Ἰσραὴλ

2154 3754 2340 3812 φησιν.
2406 3731 2682 3799 Ἐξὲὅαλες
2741 3735 2890 3805 ἔθνη,
2975 3738 3065 3795 καὶ
3131 3726 3523 3817 κατεφύτευσας
3596 3737 3796 3807 αὖτήν.

2156 3825 2617 3901 Προπορευόμενος
2679 3827 2802 3904 γὰρ,
2863 3825 3104 3892 ἐξέϐαλες
3155 3829 3261 3883 ἀπὸ
3306 3826 3592 3904 προσώπου
3622 3827 3806 3882 αὐτῶν

2153 3913 2221 3966 τὰ
2262 3911 2411 3978 ἒθνη,

2238 3997 2536 4077 Ἐκαλυψεν
2589 4002 2685 4080 ὄρη
2735 4006 2767 4070 ἡ
2817 4006 2941 4061 σκιὰ
2997 4008 3182 4072 αὐτῆς.
3248 4006 3382 4061 Σκιὰ
3413 4004 3511 4079 μὲν
3540 4008 3636 4069 τῆς
3678 4004 3805 4079 ἀμ-

2157 4087 2321 4144 πέλου
2375 4092 2403 4157 ἡ
2456 4092 2591 4146 κατὰ
2646 4092 2805 4166 νόμον
2850 4092 3088 4173 λατρεία,
3124 4093 3209 4149 διὰ
3238 4096 3299 4149 τὸ
3328 4095 3481 4148 σκιὰν
3512 4093 3660 4173 ἔχειν
3704 4095 3802 4150 τὸν

2159 4177 2317 4253 νόμον
2352 4178 2458 4234 τῶν
2490 4180 2795 4254 μελλόντων
2826 4184 3057 4261 ἀγαθῶν·
3094 4181 3192 4260 ὄρη
3223 4182 3277 4240 δὲ
3308 4183 3368 4239 τό
3402 4204 3458 4239 τε
3503 4184 3557 4238 ὲν
3589 4181 3809 4258 Σηλὼμ

2159 4269 2244 4322 ναὶ
2285 4269 2346 4324 τὸ
2387 4268 2442 4323 ἐν
2487 4272 2627 4325 Σιών
2659 4294 2841 4350 φησιν,
2896 4273 2985 4329 Ἐν
3034 4274 3236 4335 τούτοις
3291 4273 3389 4351 γὰρ
3416 4284 3531 4335 τοῖς
3561 4269 3669 4330 δυσὶ
3702 4272 3804 4328 τό-

2161 4380 2282 4422 τιοις
2326 4356 2508 4434 ἵδρυτο
2558 4361 2592 4426 ἡ
2640 4364 2838 4431 σκηνή.
2896 4360 3054 4419 Οὒδέν
3087 4369 3177 4420 οὖν
3206 4362 3382 4440 ἕτερον
3441 4366 3712 4436 σημαίνει,
3763 4361 3803 4429 ἢ

2166 4446 2245 4502 ὅτι
2293 4447 2356 4502 τὰ
2386 4446 2440 4501 ἐν
2470 4450 2641 4524 νόμῳ,
2676 4448 2857 4506 ἅντινα
2907 4450 2971 4518 ἧν
3024 4454 3146 4508 σκιὰ
3176 4454 3281 4508 τῶν
3313 4449 3621 4526 μελλόντων
3652 4450 3803 4528 ἀγα-

428 4542 593 4603 bisce
625 4536 927 4597 montibus
961 4535 1261 4598 celebrata
1304 4534 1637 4599 fuerint.Et
1672 4534 1919 4598 arbusta
1951 4534 2075 4611 ejus

2190 4540 2289 4613 ὦν,
2321 4536 2375 4591 ἐν
2416 4551 2532 4601 τοῖς
2565 4536 2676 4594 δυσὶ
2726 4541 2929 4603 τούτοις
2989 4541 3230 4597 ἐτελεῖτο
3283 4539 3448 4619 ὄρεσι.
3516 4542 3612 4597 Καὶ
3658 4539 3807 4595 ἀνα-

432 4630 641 4692 cedros
672 4626 807 4688 Dei.
842 4626 1017 4689 Cedri
1048 4633 1187 4686 sunt
1211 4625 1486 4687 caelestes
1514 4626 1757 4688 virtutes
1787 4648 1805 4698 ;
1838 4622 2078 4685 arbusta

429 4731 629 4785 autem
659 4721 874 4795 viuere,
908 4719 1213 4799 propheta:
1243 4720 1303 4781 in
1339 4719 1559 4801 populo
1591 4719 1695 4800 qui
1727 4718 1789 4779 in
1819 4715 2076 4779 sublime

426 4810 853 4881 eﬂerebantur,
889 4817 947 4869 et
976 4807 1371 4889 quiescebant
1403 4809 1462 4870 in
1495 4807 1776 4889 supernis
1807 4816 1867 4868 et
1889 4809 2073 4867 ratio-

427 4898 662 4961 nalibus
695 4895 1104 4979 potestatibus.

505 4991 604 5049 12.
637 4987 934 5049 Extendit
959 4984 1274 5065 psalmites
1330 5003 1473 5048 suos
1531 5004 1720 5065 usque
1756 4986 1835 5047 ad
1880 5002 2071 5045 mare.

428 5076 706 5160 palmites
768 5083 825 5136 et
857 5073 1216 5154 propagines
1278 5075 1470 5137 vineae
1517 5075 1664 5135 dicit
1693 5090 1934 5135 omnem
1969 5091 2079 5153 po-

428 5167 553 5248 puli
585 5161 1193 5242 multitudinem,quae
1226 5163 1602 5243 pertingebat
1630 5183 1665 5226 a
1697 5163 1943 5225 ﬂumine
1965 5162 2085 5224 Eu-

428 5256 643 5339 pbrate
667 5256 741 5316 ad
768 5269 959 5331 usque
989 5269 1150 5314 mare
1176 5253 1472 5316 Indicum.

516 5344 609 5418 13,
639 5344 715 5405 14
748 5341 973 5422 thuid
1001 5340 1369 5404 destruxiin
1390 5345 1720 5405 maceriam
1743 5339 1907 5420 ejus?
1934 5342 2064 5403 Ma-

432 5434 594 5497 ceria
626 5434 755 5513 ejus
786 5438 913 5493 erat
939 5429 1293 5507 angelorum
1322 5430 1621 5512 custodia,
1647 5450 1823 5513 quam
1852 5429 2073 5491 amovit

428 5524 501 5586 ab
528 5523 614 5585 eis
640 5520 908 5585 Deus.Et
929 5519 1307 5583 vindemiant
1327 5538 1464 5583 eam
1481 5539 1685 5584 omnes
1702 5524 1806 5601 qui
1820 5526 2077 5599 praeter-

426 5614 799 5695 grediuntur
829 5606 1169 5673 viam.Data
1185 5615 1407 5690 quippe
1429 5611 1540 5672 fuit
1570 5613 1630 5674 in
1660 5610 1943 5693 pabulum
1969 5606 2079 5667 im-

2160 4623 2427 4704 δενδραδες
2508 4629 2672 4694 αὐτῆς
2764 4630 2857 4694 τὰς
2941 4629 3149 4708 κὲδρους
3229 4635 3323 4686 τοῦ
3397 4636 3547 4686 Θεοῦ.
3616 4626 3805 4705 Κέδρει

2160 4716 2258 4791 μὲν
2300 4716 2352 4771 αἱ
2414 4716 2649 4793 οὐράνιαι
2704 4716 2973 4793 δυνάμεις·
3038 4716 3405 4797 ἀναδενδράδες
3456 4715 3512 4771 δι
3563 4722 3657 4784 τῆς
3689 4718 3811 4793 ἀμ..

2159 4803 2325 4864 πέλου
2355 4805 2404 4860 οἱ
2447 4804 2507 4860 ἐκ
2535 4808 2629 4861 τοῦ
2659 4806 2791 4864 λιοῦ
2843 4808 3109 4888 προφῆται
3157 4809 3231 4871 εἰς
3260 4806 3395 4883 ὕψος
3439 4807 3682 4885 ἡρμένοί,
3712 4808 3807 4863 καὶ

2159 4893 2620 4969 ἐπαναπαυόμενοι
2675 4909 2798 4959 ταῖς
2851 4897 2964 4953 ἅνω
3005 4898 3097 4953 καὶ
3153 4897 3434 4974 λογισκαϊς
3492 4893 3802 4970 δινάμεσιν,

2242 4981 2497 5047 Ἐξὲτεινε
2579 4986 2642 5039 τὰ
2739 4984 2992 5061 κλήματα
3067 4986 3233 5053 αὐτῆς
3316 4985 3417 5047 ἕως
3500 4984 3803 5051 θαλάσσης.

2164 5069 2434 5146 Κλήματα
2462 5076 2550 5128 καὶ
2580 5072 2913 5154 παραφυάδες
2955 5076 3050 5144 τῆς
3083 5073 3326 5150 ἀμπέλου
3376 5076 3436 5132 τὸ
3493 5080 3594 5130 πᾶν
3651 5072 3801 5141 πλῆ-

2165 5165 2251 5222 θος
2283 5167 2376 5217 τοῦ
2403 5158 2533 5218 λαοῦ
2561 5186 2745 5242 φησιν,
2780 5165 2808 5220 ὃ
2831 5164 3094 5245 κατέσχεν
3125 5164 3231 5221 ἀπὸ
3261 5173 3503 5239 ποταμοῦ
3534 5162 3805 5243 Εὐφράτου

2160 5252 2326 5330 μέχρι
2351 5249 2623 5319 θαλάσσης
2654 5257 2752 5320 τῆς
2788 5252 3035 5323 Ἰνδικῆς.

2241 5338 2369 5396 ’Ἵνα
2419 5339 2470 5393 τί
2524 5342 2573 5396 τί
2603 5342 2849 5405 καθεῖλες
2885 5345 2971 5399 τὸν
3003 5345 3246 5423 φραγμὸν
3291 5340 3477 5416 αύτῆςς
3544 5342 3801 5421 Φραγμὸς

2156 5430 2223 5497 ἦν
2256 5428 2388 5496 αὐτή
2448 5430 2482 5496 ἡ
2538 5436 2643 5486 τῶν
2675 5431 2917 5511 ἀγγέλων
2973 5432 3206 5513 φυλαγὴ,
3230 5431 3298 5500 ἢν
3353 5430 3651 5498 ἀπέστησεν
3706 5427 3803 5486 ἀπ’

2161 5519 2329 5576 αὐτῶν
2387 5519 2415 5572 ὁ
2478 5520 2629 5583 Θεός.
2663 5518 2768 5582 Καὶ
2825 5523 3082 5600 τρυγῶσιν
3141 5521 3305 5587 αὐτὴν
3367 5519 3561 5583 πάντες
3591 5522 3638 5576 οἱ
3686 5541 3803 5576 πα-

2163 5606 2583 5689 ραπορευόμενοι
2632 5610 2729 5677 τὴν
2779 5610 2921 5674 ὁδόν,
2971 5610 3187 5667 Δέδοται
3248 5609 3348 5689 γὰρ
3418 5610 3491 5673 εἰς
3551 5609 3805 5685 βόσκημα
