3992 6208
531 369 645 436 367

613 512 708 572 ll.
747 510 1163 590 Disperierunt
1210 513 1274 574 in
1303 512 1539 578 Endor.
1575 513 1640 575 In
1669 514 1974 576 indecenti
2012 517 2164 578 loco.
2191 531 2227 576 Α

532 599 734 660 Endor
761 598 922 660 enim
953 599 1358 663 indecentiam
1384 603 1696 681 signiﬁcat.
1737 606 1910 666 Facti
1940 613 2081 666 sunt
2105 614 2172 667 ut

525 696 760 750 stercus
787 696 990 751 terra.
1049 691 1334 768 lnsepulti
1392 692 1552 752 enim
1591 693 1866 772 jacentes
1897 693 2173 756 dissoluti

524 785 690 852 sunt,
727 785 784 837 et
813 777 980 856 quasi
1007 785 1268 851 stercus,
1307 789 1481 842 terrae
1501 781 1766 843 admisti.

610 868 704 928 12.
747 868 911 927 Pone
942 868 1248 946 principes
1305 887 1512 932 eorum
1559 872 1718 932 sicut
1777 870 1962 934 Oreb.
2000 871 2170 933 Paria

523 955 821 1034 ldumaeis,
850 954 1190 1036 Ismaelitis,
1224 957 1521 1033 Moabitis,
1547 959 1836 1038 Agarenis
1865 971 1922 1022 et
1949 981 2167 1023 memo-

525 1046 668 1106 ratis
702 1062 912 1105 eorum
941 1045 1123 1105 sociis
1155 1045 1408 1108 immitte
1441 1048 1593 1108 mala
1627 1055 1684 1108 in
1711 1049 1870 1112 Oreb
1903 1063 1962 1110 et
1987 1050 2047 1110 in
2079 1070 2169 1111 re-

521 1135 736 1214 liquos.
776 1132 891 1213 [psi
919 1133 1081 1195 enim
1118 1134 1256 1196 mali
1287 1136 1438 1198 male
1470 1137 1802 1218 perierunt.

612 1311 976 1374 I4-16.Deus
1000 1330 1355 1392 meus,pone
1375 1313 1516 1376 illos
1533 1315 1598 1375 in
1621 1323 1840 1378 rotam.
1860 1313 1925 1376 ld
1951 1325 2062 1383 est.
2089 1335 2163 1378 ne

523 1410 800 1464 maneant
823 1400 882 1460 in
915 1398 1127 1461 eodem
1161 1402 1450 1481 statu,sed
1474 1410 1529 1463 in
1563 1411 1924 1465 contrarium
1961 1406 2159 1466 revol-

519 1501 750 1563 vantur.
787 1489 960 1552 Sicut
992 1490 1284 1569 stipulam
1337 1500 1483 1552 ante
1506 1494 1727 1569 faciem
1773 1496 1960 1565 venti.
1988 1495 2042 1554 id
2076 1503 2166 1556 est

518 1579 827 1642 versatiles
849 1579 1090 1656 ﬁent,ut
1117 1588 1207 1639 est
1236 1597 1444 1641 revera
1475 1581 1691 1660 stipula
1734 1582 1936 1660 spicae.
1990 1583 2164 1646 Sicut

517 1673 680 1750 ignis
707 1675 816 1749 qui
842 1667 1138 1730 comburit
1159 1667 1406 1730 silvam.
1433 1668 1754 1741 Fruamur,
1781 1671 1997 1752 inquit,
2027 1673 2162 1750 igne

518 1781 697 1842 quem
731 1760 843 1839 ipsi
875 1759 1304 1836 accenderunt,
1340 1769 1520 1837 atque
1555 1762 1681 1841 ipse
1712 1763 1866 1840 ignis
1895 1781 1998 1823 eos
2024 1784 2160 1824 con-

516 1861 741 1922 Sumat,
778 1849 935 1909 sicut
971 1857 1028 1908 et
1058 1847 1364 1908 sensibilis
1396 1849 1550 1926 ignis
1589 1849 1883 1910 comburit
1925 1849 2154 1912 silvam.
2184 1887 2220 1936 Β

517 1939 726 2002 Simile
786 1947 874 1997 est
922 1943 1122 1996 autem
1180 1936 1317 1996 huic
1349 1935 1550 1998 dicto:
1613 1937 1770 1999 Ecce
1815 1955 1916 1998 vos
1955 1956 2159 2000 omnes

515 2034 693 2104 ignem
727 2029 1047 2091 accenditis,
1087 2029 1221 2085 eatis
1259 2028 1334 2084 ad
1363 2029 1538 2086 lumen
1568 2031 1711 2100 ignis
1739 2031 1977 2092 uestri,“
2000 2032 2159 2100 ﬂam-

514 2134 618 2174 mae
637 2130 802 2188 quam
831 2112 1155 2169 accendatis
1185 2111 1228 2166 ⁷.
1256 2113 1414 2169 Sicut
1433 2113 1649 2182 ﬂamma
1669 2115 1984 2171 comburens
2005 2131 2130 2171 mon
2144 2147 2158 2156 -

496 2185 1037 2264 tesCParabolinus
1082 2205 1174 2258 est
1204 2215 1427 2261 sermo.
1485 2198 2028 2270 Quemadmodum,
2059 2200 2155 2259 in-

513 2292 660 2373 quit,
697 2289 848 2366 ignis
869 2286 1158 2348 decidens
1191 2285 1492 2349 comburit
1525 2297 1780 2360 montes,
1809 2287 1890 2348 ita
1915 2288 2158 2348 combu-

513 2389 723 2442 rentur
780 2377 867 2438 illi
921 2394 1028 2456 per
1078 2374 1439 2454 supplicium
1495 2394 1529 2436 a
1560 2385 1617 2436 te
1648 2374 1967 2452 inﬂictum,
1999 2378 2157 2456 quod

513 2469 589 2530 ob
617 2464 1051 2530 vehementiam
1086 2473 1143 2523 et
1165 2463 1514 2542 gravitatem
1539 2464 1876 2545 tempestati
1911 2483 2156 2545 compa-

515 2559 692 2620 ravit.

594 2648 688 2706 1'7.
729 2643 917 2720 Imple
947 2642 1140 2722 facies
1171 2659 1376 2703 eorum
1409 2641 1960 2720 ignominiaLapsi
1996 2643 2156 2703 enim

512 2739 729 2815 optatis
759 2733 904 2808 suis,
969 2741 1026 2792 et
1071 2730 1303 2810 pudore
1355 2730 1597 2811 repleti,
1626 2741 1957 2809 agnoscent
1991 2739 2153 2791 tuam

512 2831 888 2905 potestatem.
926 2821 1011 2881 Ei
1065 2829 1336 2900 quarent
1393 2837 1612 2882 nomen
1639 2827 1843 2898 tuum,
1878 2819 2150 2881 Domine.

512 2915 576 2976 Id
607 2913 711 2991 ait,
753 2911 894 2992 quia
925 2927 994 2971 ex
1027 2907 1180 2968 datis
1233 2910 1424 2986 poenis
1457 2908 1770 2970 utilitatem
1817 2908 2154 2987 percepturi

509 3012 666 3064 sunt.
705 3001 883 3073 lllud,
917 3004 1204 3077 quarent,
1258 3000 1514 3077 positum
1577 3005 1667 3058 est
1726 3015 1853 3076 pro,
1894 3015 2151 3072 coguns-

508 3101 672 3153 cent.

624 3183 674 3242 l.
711 3178 780 3240 In
813 3178 1022 3257 ﬁnem,
1051 3195 1165 3256 pro
1199 3173 1631 3248 torcularibus,
1665 3176 1816 3255 ﬁliis
1849 3175 2034 3252 Core,

941 3279 1088 3343 PSA
1099 3279 1214 3342 LM
1219 3278 1315 3340 US
1357 3277 1712 3339 LXXXIII.

1090 3369 1553 3446 Argumentum.

510 3465 769 3526 Rursum
797 3478 904 3540 pro
926 3456 1220 3520 Ecclesiis
1244 3457 1302 3516 in
1348 3456 1460 3517 hoc
1493 3456 1720 3536 psalmo
1769 3455 1944 3516 verba
1986 3455 2144 3529 facit,

588 3561 649 3614 et
680 3551 868 3631 palam
895 3556 985 3610 est
1015 3566 1086 3608 ex
1117 3565 1195 3608 eo
1235 3549 1394 3626 quod
1441 3564 1547 3626 pro
1580 3545 1984 3607 torcularibus
2011 3544 2144 3604 ins-

587 3642 879 3703 cribalur.

584 3733 648 3809 ‘2,
679 3734 739 3792 3.
776 3728 976 3802 Quum
1029 3725 1252 3787 dilecta
1294 3724 1692 3786 tabernacula
1723 3732 1858 3800 tua,
1893 3723 2145 3783 Domine

504 3825 823 3883 virtutum.
887 3815 1302 3876 Tabernacula
1373 3814 1518 3874 dicit
1569 3823 1803 3876 sanctas
1860 3811 2145 3875 ecclesias

506 3909 635 3987 Dei,
677 3925 784 3986 per
811 3906 1044 3965 diversa
1077 3904 1208 3964 loca
1243 3910 1638 3982 constructas,
1673 3921 1816 3981 erga
1846 3919 1991 3980 quas
2023 3907 2145 3960 stu-

505 3999 602 4058 dio
631 3998 822 4057 fertur
851 3993 1127 4070 religiosa
1180 3992 1400 4051 anima.
1467 3993 1586 4052 Cor
1636 4008 1835 4052 meum
1892 4000 1946 4051 et
2003 4004 2143 4050 caro

502 4106 630 4148 mea
661 4082 1133 4147 cxsultaverunt
1191 4082 1256 4140 in
1297 4079 1482 4140 Deum
1514 4082 1741 4141 vivum.
1775 4078 2032 4140 Perinde
2055 4083 2144 4135 ost

499 4195 568 4237 ac
595 4175 644 4234 si
674 4173 905 4233 diceret
941 4187 954 4231 :
990 4169 1062 4230 Et
1109 4186 1365 4246 corpore
1395 4175 1454 4230 et
1485 4169 1684 4229 anima
1714 4188 1810 4228 me
1844 4166 2030 4228 obtuli
2066 4165 2136 4227 ad

499 4263 877 4326 serviendum
938 4258 1060 4319 Deo
1115 4259 1334 4318 viventi
1390 4269 1447 4319 et
1478 4277 1615 4318 vero
1644 4260 1699 4318 8.
1733 4257 1881 4318 Illud
1912 4269 2138 4334 autem,

501 4356 623 4416 Deo
654 4351 895 4430 viventi,
931 4348 1002 4409 ad
1065 4346 1391 4408 discrimen
1440 4347 1732 4408 idolorum
1768 4347 1990 4407 dictum
2024 4356 2136 4421 est,

497 4460 628 4523 quas
658 4423 892 4502 mortua
923 4445 1062 4500 sunt
1094 4444 1151 4496 et
1179 4455 1248 4496 ex
1285 4434 1531 4497 materia
1560 4455 1744 4498 sensu
1776 4445 2018 4498 careute
2046 4436 2136 4496 fa-
2164 4423 2205 4473 θ

502 4531 788 4592 brel‘acta.

579 4621 640 4682 4.
677 4619 921 4680 Etenim
951 4633 1158 4694 passer
1180 4616 1414 4677 invenit
1444 4616 1566 4676 sibi
1595 4616 1870 4688 domum,
1905 4622 1962 4676 et
1995 4625 2136 4676 tur—

500 4719 598 4771 tur
646 4709 860 4770 nidum
889 4705 1006 4768 sibi
1051 4703 1157 4766 ubi
1203 4712 1390 4785 ponat
1438 4703 1643 4784 pullos
1689 4722 1850 4766 suos.
1899 4706 2136 4767 Altoria

501 4807 630 4878 tua,
665 4796 944 4859 Domine.
996 4792 1206 4854 Passer
1256 4793 1566 4854 hominum
1621 4795 1881 4854 animam
1919 4805 2131 4855 adum-

498 4886 651 4964 brat,
687 4885 781 4945 cui
812 4881 1083 4944 venando
1131 4880 1446 4942 insidiatur
1503 4881 1831 4960 spiritualis
1863 4892 2130 4959 venator,

486 4975 660 5053 juxta
686 4972 746 5034 id
791 4971 951 5052 quod
983 4969 1205 5031 dictum
1260 4979 1397 5031 est:
1461 4972 1684 5031 Anima
1721 4978 1933 5032 nostra
1978 4974 2136 5034 sicut

492 5080 705 5142 passer
736 5069 947 5140 erepta
971 5067 1054 5121 est
1087 5060 1161 5120 de
1191 5059 1406 5137 laqueo
1437 5064 1792 5121 venantium
1823 5061 1877 5122 9.
1911 5061 2134 5122 Turtu-

495 5169 623 5212 rem
653 5159 849 5210 autem
874 5159 1040 5209 vocat
1062 5149 1316 5208 animam
1352 5166 1485 5226 quae
1513 5147 1572 5207 in
1605 5148 1882 5210 castitate
1907 5164 1965 5210 et
1991 5158 2128 5210 tem-

494 5239 762 5319 perantia
782 5245 1069 5299 versatur.
1105 5237 1202 5298 Ait
1245 5236 1424 5314 igitur
1453 5254 1695 5297 omnem
1729 5237 1986 5298 animam
2020 5238 2132 5301 hoc

491 5329 862 5390 inventuram
907 5325 1263 5406 perfugium,
1303 5326 1636 5404 ingressum
1683 5327 1915 5389 scilicet
1944 5331 2005 5388 in
2041 5329 2132 5391 al-

496 5417 667 5480 toria.

568 5657 597 5706 7
631 5661 716 5721 lsa
773 5678 831 5740 ι,
868 5675 948 5718 x1.
1033 5655 1069 5706 Β
1105 5660 1291 5719 Hebr.
1329 5673 1408 5733 IX,
1447 5655 1539 5714 14.

1319 376 1379 440 S.
1427 376 1850 444 ATHANASII
1894 376 2059 443 OPP.
2107 377 2150 440 P

2249 383 2318 442 ιε.
2375 376 2479 444 Ill.
2537 415 2596 423 -
2652 355 3143 442 ΕΧΕοΕΤΙοΑ.’

1627 5654 1658 5703 9
1690 5655 1844 5717 Psal.
1879 5671 2086 5737 cum,
2121 5667 2180 5726 7.

3776 375 3893 444 368

2333 513 2826 593 Ἐξωλοθρεύθησαν
2885 514 2938 569 ἐν
2989 514 3242 590 Ἀενδώρ.
3287 513 3379 571 Ἐν
3426 517 3668 596 ἆσχήμῳ
3711 517 3886 588 τόπῳ,

2253 602 2482 672 Ἀενδὼρ
2566 605 2667 681 γὰρ
2764 602 3028 676 ἆπρὲπεικ
3141 601 3418 669 δηλοῦται,
3523 606 3890 682 Ἐγενήθησαν

2252 695 2378 750 ὡσεὶ
2435 693 2634 769 κόπρος
2692 694 2761 767 τῇ
2968 691 3212 770 ’Ἄταφοι
3272 693 3372 771 γὰρ
3418 693 3667 768 μένοντες
3722 693 3892 751 διελύ-

2251 784 2444 854 θησαν,
2477 783 2566 838 καὶ
2595 779 2717 837 οἷόν
2747 803 2828 843 τις
2861 781 3059 857 κύπρος
3091 785 3159 857 τῇ
3189 787 3259 858 γῇ
3290 783 3673 861 συνεμίγησιν,

2333 877 2437 928 Θοῦ
2490 871 2612 935 τοὺς
2665 869 2931 948 ἄρχοντας
2992 872 3162 925 αὗτῶν
3217 872 3291 933 ὡς
3347 873 3438 927 τὸν
3511 870 3702 948 ἰὶρήϐ,
3769 875 3893 929 Tth

2251 955 2562 1031 Ἰὀουμαίωι
2592 959 2679 1014 καὶ
2713 956 3070 1031 Ἰσμαηλιτῶν
3100 960 3186 1012 καὶ
3235 958 3529 1036 Μωαϐιτῶν
3577 962 3666 1015 καὶ
3714 959 3892 1036 Ἀγα-

2249 1053 2424 1123 ρηνῶν
2469 1049 2555 1102 καὶ
2606 1052 2704 1101 τῶν
2760 1044 3102 1111 δηλωθέντων
3144 1046 3362 1119 ἑταίρων
3412 1029 3488 1105 ’τὰ
3540 1049 3638 1104 in
3695 1053 3895 1105 παθεῖν

2249 1136 2654 1212 παρασκεύασον
2684 1141 2760 1207 τῷ
2791 1133 2950 1213 ’δὶρὲϐ
2979 1136 3065 1190 καὶ
3100 1147 3218 1197 τοῖς
3252 1136 3475 1212 ἑτέροις.
3511 1139 3667 1194 Οὗτοι
3715 1135 3767 1193 δὲ
3805 1138 3898 1193 καὶ

2249 1225 2398 1280 κακοὶ
2431 1231 2609 1288 κακῶς
2639 1222 3004 1283 ἀπολώλασιν,

2328 1312 2387 1369 Ὀ
2441 1313 2570 1376 Θεὸς
2625 1334 2751 1390 μου,
2799 1315 2891 1368 θοῦ
2945 1313 3130 1373 αὖτοὺς
3189 1315 3262 1374 ὡς
3324 1313 3543 1392 τροχόν.
3602 1315 3892 1387 Τουρτέστι,

2249 1402 2336 1468 Μὴ
2371 1403 2600 1476 μείνοιεν
2663 1402 2716 1456 ἐν
2769 1403 2838 1476 τῇ
2893 1403 3026 1476 αὐτῇ
3069 1403 3272 1480 στάσει,
3326 1401 3464 1457 ἀλλὰ
3524 1402 3890 1460 κυλιέσθωσαν

2249 1491 2322 1552 εἰς
2373 1489 2695 1565 τοῦμπαλιν,
2757 1489 2852 1551 ’δὶς
2911 1488 3164 1564 καλάμην
3227 1491 3361 1546 κατὰ
3418 1491 3704 1568 πρόσωπον
3754 1492 3892 1548 ἀνέ-

2245 1599 2370 1654 μου.
2419 1580 2703 1636 Τουτὲστιν
2760 1579 3051 1656 εὒρίπιστοι
3113 1581 3456 1657 γενήσονται,
3516 1579 3696 1658 ὥσπερ
3739 1581 3889 1655 ἁμέο

2244 1667 2324 1722 λει
2370 1669 2456 1722 καὶ
2498 1666 2527 1733 ἣ
2565 1666 2784 1740 καλάμη
2843 1673 2934 1722 τοῦ
2995 1667 3251 1745 στάχυος.
3308 1666 3461 1723 ἐὶσεὶ
3488 1674 3588 1744 πῦρ
3619 1669 3646 1722 ὃ
3675 1667 3892 1746 διαφλὲ-

2244 1755 2316 1820 ξει
2351 1754 2568 1833 δρυμόν,
2631 1754 3102 1834 Ἀπολαυέτωσκι,
3165 1757 3318 1828 φησὶ,
3371 1766 3463 1814 τοῦ
3519 1758 3680 1835 πυρὸς
3712 1759 3738 1812 ὃ
3784 1759 3892 1814 αὖ-

2241 1847 2322 1901 τοὶ
2352 1845 2662 1916 ἐξέκαυσαν,
2719 1846 2807 1900 καὶ
2867 1844 2993 1898 αὐτὸ
3038 1847 3098 1900 τὸ
3127 1852 3229 1921 πῦρ
3260 1845 3445 1905 αὖτοὺς
3492 1847 3889 1924 καταφάγεται,

2241 1934 2534 2011 ὡσπερανεὶ
2611 1934 2696 1987 καὶ
2796 1935 3045 1998 αἶσθητὸν
3128 1935 3228 2012 πῦρ
3297 1935 3593 2013 καταφάγει
3664 1934 3890 2012 δρυμόν.

2243 2021 2482 2096 ’Ὅμοιον
2543 2020 2592 2076 δὲ
2645 2028 2764 2095 τῷ·
2846 2020 2978 2077 Ἰδοὺ
3049 2022 3242 2085 πάντες
3307 2023 3464 2096 ὑμεῖς
3525 2031 3625 2095 πῦρ
3679 2025 3889 2105 καίετε,

2241 2111 2521 2189 πορεύεσθε
2573 2116 2650 2182 τῷ
2699 2133 2833 2189 φωτι
2887 2109 2979 2165 τοῦ
3038 2111 3199 2188 πυρὸς
3244 2111 3413 2185 ὑμῶν,
3458 2117 3544 2167 καί
3595 2119 3664 2189 τῇ
3721 2111 3892 2191 φλογὶ

2241 2203 2278 2276 ᾗ
2335 2199 2672 2265 ἐξεκαύσατε.
2732 2198 2882 2255 ἰὶσεὶ
2941 2198 3070 2276 φλὸξ
3127 2207 3457 2256 κατακαῦσαι
3515 2200 3638 2279 ὅρη,
3697 2208 3891 2281 Πειρα-

2240 2285 2452 2347 6ολικὸς
2519 2291 2545 2341 ὁ
2607 2287 2793 2364 λόγος.
2844 2286 3067 2366 ’Ὠσπερ
3117 2295 3218 2367 πῦρ
3271 2289 3526 2363 ἐμπεσὸν,
3560 2293 3710 2370 φησὶ,
3744 2295 3892 2347 καίει

2242 2376 2364 2454 ὅρη,
2426 2375 2564 2432 οὕτω
2619 2375 3110 2442 κατικαυθήσονται
3169 2377 3271 2432 ὁπὸ
3319 2377 3418 2444 τῆς
3465 2382 3605 2457 παρὰ
3633 2388 3726 2437 σοῦ
3781 2381 3890 2437 ἒπ-

2243 2465 2679 2544 ενεχθησομένης
2725 2467 2910 2528 αὐτοῖς
2938 2467 3221 2544 τιμωρίας,
3273 2464 3456 2532 ἥντινα
3487 2469 3572 2523 καὶ
3616 2469 3892 2547 καταιγίδι

2242 2551 2508 2629 παρέϐαλε
2543 2553 2627 2609 διὰ
2653 2556 2714 2609 τὸ
2746 2551 2970 2633 σφοδρὸν
3001 2555 3088 2609 καὶ
3125 2553 3529 2628 ἐπιτεταμένον,

2325 2643 2614 2722 Πλήρωσον
2670 2645 2737 2699 τὰ
2789 2645 3050 2721 πρόσωπα
3112 2646 3284 2701 αὐτῶν
3343 2645 3579 2718 ἀτιμίας.
3635 2656 3892 2726 Διαμαρ-

2240 2732 2331 2787 τόν
2382 2734 2481 2810 γὰρ
2538 2733 2612 2787 ὧν
2690 2731 2996 2817 βούλοντξιι,
3056 2733 3144 2787 καὶ
3208 2733 3468 2811 αἰσχύνης
3530 2732 3889 2808 ἐμπλησθέν-

2239 2842 2350 2896 τες,
2396 2822 2778 2898 ἑπιγνώσονταί
2833 2842 2926 2876 σου
2983 2821 3080 2887 τὴν
3130 2819 3371 2896 δύναμιν,
3435 2820 3538 2882 Καὶ
3585 2825 3887 2894 ζητήσουσι

2240 2911 2300 2966 τὸ
2355 2909 2525 2978 ὄνομά
2555 2933 2672 2985 σου,
2723 2911 2898 2989 Κύριε.
2937 2917 3104 2967 Τοῦτο
3155 2909 3324 2988 λέγει,
3376 2912 3447 2976 ὡς
3489 2909 3643 2967 ἔσται
3695 2914 3886 2978 αὐτοῖς

2237 2997 2297 3054 ἐκ
2326 3004 2432 3053 τῶν
2459 3001 2733 3075 τιμωριῶν
2759 2997 3009 3078 ὠφέλεια.
3053 3000 3145 3073 Τὸ,
3181 2997 3528 3073 ζητήσουσιν,
3591 3001 3708 3057 ἀντὶ
3762 3025 3888 3082 τω,

2236 3088 2557 3164 γνώσονται,

2363 3179 2446 3239 Εἰς
2479 3179 2539 3232 τὸ
2572 3176 2727 3239 τέλος
2759 3177 2889 3254 ὑπὲρ
2919 3181 3026 3232 τὼδ
3057 3175 3237 3242 ληνών
3267 3191 3387 3242 τοῖς
3417 3181 3554 3240 υἱοῖς
3597 3181 3758 3260 Κορὲ,

2823 3283 3112 3336 ΨᾹΛΜΟΣ
3161 3277 3286 3336 Ill".

2906 3365 3206 3431 ’ὶ“πόθεσις,

2234 3456 2400 3514 Πάλιν
2428 3458 2561 3536 ὑπὲρ
2589 3463 2695 3514 τῶν
2753 3455 3094 3522 Ἐκκλησιῶν
3137 3458 3226 3513 καὶ
3275 3456 3330 3512 ἕν
3358 3459 3531 3534 τούτῳ
3559 3466 3635 3534 τῷ
3667 3461 3885 3537 ψαλμῷ

2310 3551 2544 3602 ποὶεϊται
2577 3549 2670 3603 τὸν
2699 3545 2884 3624 λόγον,
2919 3546 3006 3600 καὶ
3039 3542 3199 3612 δῆλον
3229 3545 3288 3603 ἐκ
3329 3557 3423 3606 τοῦ
3462 3550 3592 3628 ὑπὲρ
3621 3555 3732 3606 τῶν
3765 3551 3885 3619 λη-

2309 3643 2410 3691 νῶν
2442 3637 2599 3691 αὐτὸν
2630 3634 3017 3714 ἐπιγεγράφθαι
3030 3682 3046 3697 ,

2312 3724 2402 3789 Ὠς
2461 3725 2716 3800 ἀγαπητὰ
2772 3728 2838 3779 τὰ
2881 3723 3215 3799 σκηνώματᾶ
3253 3746 3372 3796 σου,
3423 3726 3574 3804 Κύριε
3621 3733 3731 3782 τῶν
3786 3727 3884 3788 δυ-

2227 3814 2477 3888 νάμεωνὶ
2513 3811 2856 3887 Σκηνῶματά
2908 3833 3039 3892 φησι
3101 3813 3193 3875 τὰς
3231 3814 3367 3870 κατὰ
3396 3815 3562 3870 τόπον
3616 3813 3885 3885 ἰδρυνϐεί-

2228 3926 2323 3965 σας
2355 3904 2510 3981 ἁγίαις
2569 3901 2858 3967 ἐκκλησίας
2925 3901 3018 3955 τοῦ
3047 3907 3200 3975 Θεοῦ,
3253 3903 3328 3964 εἰς
3361 3899 3422 3966 ἃς
3453 3905 3540 3959 καὶ
3569 3909 3716 3960 πᾶσι
3747 3908 3883 3962 θεο-

2226 3990 2386 4070 φιλὴς
2450 3988 2821 4060 ἒπισπουδάζει
2890 3989 3070 4068 ψυχή.
3134 3990 3197 4046 Ἠ
3280 3988 3467 4068 καρδία
3522 4015 3624 4066 μου
3673 3995 3766 4051 καὶ
3845 3999 3880 4064 ἡ

2229 4080 2354 4156 σάρξ
2413 4101 2514 4155 μου
2580 4077 2974 4158 ἧγαλλιάσαντο
3031 4079 3104 4140 είς
3166 4080 3296 4134 Θεὸν
3355 4085 3551 4150 ζῶντα.
3625 4079 3881 4156 ’Ὅμοιον

2230 4171 2356 4225 ὡσεὶ
2398 4169 2543 4247 λέγοι
2577 4185 2590 4198 ⁸
2658 4178 2754 4226 Και
2810 4172 2888 4240 τῷ
2944 4167 3154 4242 σώματι
3198 4171 3286 4224 καὶ
3353 4174 3508 4246 ψυχῇ
3555 4171 3882 4248 παρέστησι

2231 4258 2457 4332 ἐμαυτὸν
2493 4259 2566 4320 εἰς
2621 4259 2683 4312 τὸ
2741 4254 3006 4312 δουλεύειν
3053 4263 3169 4331 Θεῷ
3195 4263 3352 4327 ζῶντι
3381 4261 3470 4314 καὶ
3499 4259 3764 4327 annona.
3803 4265 3881 4320 Τὸ

2230 4347 2306 4418 δὲ,
2343 4353 2458 4420 Θεῴ
2487 4351 2668 4423 ζῶντι,
2725 4347 2855 4421 πρὸς
2901 4342 3308 4412 ἂντιδιαστολὴν
3366 4349 3474 4402 τῶν
3505 4345 3741 4404 εἰδώλων
3776 4351 3878 4405 εἶ’-

2222 4457 2378 4513 ρηταιι
2400 4442 2426 4468 ’·
2463 4435 2556 4490 ἅτε
2588 4439 2787 4512 νεκρῶν
2818 4432 2986 4489 ὅντων
3017 4432 3256 4508 ἐκείνων,
3321 4438 3408 4491 καὶ
3453 4435 3505 4502 ἐξ
3554 4436 3686 4504 ὕλης
3720 4440 3878 4514 ἀψύ-

2221 4545 2325 4602 χου
2353 4524 2754 4602 τδγχανόντων,

2306 4613 2402 4670 Καὶ
2458 4613 2558 4688 γὰρ
2614 4609 2879 4689 στρουθίον
2938 4613 3081 4689 εὗρεν
3125 4611 3298 4685 ἐαυτῷ
3343 4614 3535 4693 οἰκίαν,
3594 4630 3684 4670 καί
3735 4639 3873 4694 τρυ-

2220 4703 2330 4780 γὼν
2386 4701 2600 4756 νοσσιὰν
2659 4700 2842 4776 ἑαυτῇ,
2927 4700 2987 4756 οὗ
3037 4701 3188 4770 θήσει
3252 4702 3317 4759 τὰ
3395 4703 3576 4758 νοσσία
3641 4704 3872 4784 ἑαυτῆς,

2220 4794 2285 4848 τὰ
2337 4789 2685 4866 Θυσιαστήριά
2747 4811 2863 4867 σου,
2959 4791 3135 4867 Κύριε.
3221 4792 3498 4868 Στρουθίον
3581 4794 3680 4868 μὲν
3763 4795 3874 4861 τὴν

2219 4887 2324 4936 τῶν
2381 4878 2669 4956 ἀνθρώπων
2700 4879 2983 4935 αἰνίττεται
3016 4879 3226 4958 ψυχὴν,
3258 4881 3358 4947 τὴν
3386 4881 3490 4937 ὑπο
3517 4885 3610 4939 τοῦ
3669 4891 3873 4950 νοητοῦ

2217 4973 2468 5047 Θηρευτοῦ
2527 4966 2918 5044 ἀγρευομένην,
2953 4968 3088 5023 κατὰ
3139 4971 3202 5025 τὸ
3238 4971 3516 5048 εἰρημένον
3553 4988 3567 5002 ⁸
3605 4970 3670 5028 ’Β
3703 4975 3870 5053 ψυχὴ

2217 5061 2371 5132 ἡμῶν
2443 5059 2516 5118 ὼς
2589 5058 2852 5134 στρουθίον
2913 5057 3129 5133 ὲρῥύσθη
3181 5060 3246 5115 εκ
3303 5061 3400 5126 τῆς
3475 5058 3698 5138 παγίδος
3753 5071 3870 5118 τῶν

2217 5148 2546 5224 Θηρευόντων
2579 5163 2594 5177 ⁸
2649 5148 2878 5222 τρυγόνι
2923 5143 2976 5200 δὲ
3021 5145 3120 5213 τὴν
3149 5145 3205 5202 ἐν
3258 5148 3441 5223 ἁγνείᾳ
3498 5149 3588 5205 καὶ
3640 5171 3868 5230 σωφρο..

2216 5238 2347 5307 σύνῃ
2405 5239 2642 5304 συζὼσαν
2700 5235 2909 5313 ψυχήν.
2972 5235 3128 5313 Λέγει
3179 5237 3295 5316 οὖν,
3346 5235 3429 5293 ὅτι
3489 5244 3637 5294 πᾶσι
3697 5241 3867 5319 ψυχὴ

2213 5327 2412 5392 ταύτην
2463 5324 2672 5402 εὑρήσει
2720 5325 3057 5403 καταφυγὴν,
3103 5325 3203 5392 τὴν
3260 5327 3335 5388 εἷς
3393 5326 3460 5382 τὰ
3509 5329 3867 5406 θυσιαστήρια

2215 5412 2451 5473 εἴσοδον.
