3992 6208
445 247 551 308 371
1238 249 1296 310 S.
1347 249 1769 312 ATHANASII
1813 251 1978 311 OPP.
2025 251 2241 314 PARS.
2290 253 2399 314 IlI.
2445 285 2518 295 —-
2571 254 3020 316 EXEGETICA.

530 391 591 446 et
619 384 1039 447 remissionem
1074 383 1150 446 ob
1181 401 1352 446 suam
1385 383 1458 445 ad
1491 383 1677 446 Deum
1739 383 2114 447 conversio-4

2247 387 2334 442 καὶ
2381 387 2478 456 τὴν
2534 385 2837 466 γενομένην
2896 389 3089 451 αὖτοῖς
3125 386 3228 443 διὰ
3290 393 3389 455 τῆς
3422 391 3552 464 πρὸς
3588 393 3691 445 τὸν
3727 393 3867 446 Θεὸν

534 492 671 536 nem
699 475 848 555 ipsis
870 492 1246 538 concessam.
1271 474 1358 538 Ad
1384 472 2095 540 hascinducitJudaicum

2260 476 2588 552 ἐπιστροφῆς
2635 475 2846 556 ξίφεσιν.
2907 476 3050 534 ’Ἐτι
3093 498 3150 532 τε
3199 477 3398 555 εἱσάγει
3448 480 3534 534 τὸν
3571 478 3862 535 ’ῐουδαίων

535 566 840 646 populum,
866 565 966 646 qui
992 571 1122 646 post
1148 563 1524 626 vocationem
1557 562 1823 642 gentium
1857 570 2100 644 peccata

2261 564 2386 622 λαὸν
2433 567 2570 641 μετᾶ
2615 567 2714 633 τὴν
2769 572 2877 623 τῶν
2931 565 3091 622 ἐθνῶν
3123 565 3316 633 κλῆσιν
3342 566 3864 643 ἐξομολογούμενον

457 710 465 719 .
535 673 642 716 sua
698 654 1040 734 conﬁtetur,
1070 662 1129 716 et
1183 661 1347 734 rogat
1401 655 1527 734 ipse
1574 670 1812 733 quoque
1871 660 1935 712 ut
1995 669 2100 733 per

2263 653 2345 734 ἐφ’
2401 659 2486 719 οἷς
2538 658 2804 734 ἥμαρτεν,
2868 653 3112 720 ἂξιοῡντα
3170 657 3258 711 καὶ
3308 658 3463 712 αὖτὸν
3510 664 3611 714 τοῦ
3643 655 3737 713 διὰ
3780 666 3865 714 τοῦ

534 743 835 805 Christum
871 743 1348 806 misericordiam
1379 751 1802 823 consequatur.

2271 747 2498 822 Χριστοῦ
2531 743 2714 808 ἐλέους
2744 747 2939 823 τυχεῖν
2951 787 2964 802 .

535 833 594 896 2.
631 832 1557 908 Benedixisti,Domine,terram
1584 839 1773 893 tuam.
1805 829 1874 891 Et
1894 847 2106 891 revera

2274 830 2604 908 Εὒδόλησας,
2651 833 2830 913 Κύριε,
2888 833 2988 900 τὴν
3052 834 3154 910 γῆν
3215 855 3329 892 σου.
3385 834 3478 890 Καὶ
3535 835 3646 911 γὰρ
3713 835 3861 904 ἁλη-

455 923 614 985 Deus
639 929 698 983 et
716 924 892 985 Pater
917 920 1250 1002 benedixit,
1273 921 1396 982 sive
1417 920 1648 999 placuit
1667 919 1780 1000 ipsi
1815 918 2015 979 omnia
2041 917 2103 979 in

2218 926 2293 986 ῶς
2347 920 2634 988 εὐδόκησεν
2684 925 2710 977 6
2772 923 2900 986 Θεὸς
2957 924 3050 978 καὶ
3123 923 3302 1001 Πατὴρ
3359 921 3859 1003 ἀνακεφαλαιώσα-

455 1011 692 1075 Christo
723 1013 1082 1074 instaurare.
1118 1012 1164 1071 Α
1178 1011 1426 1073 vertisti
1444 1011 1866 1090 captivitatem
1887 1006 2102 1070 Iacob.

2217 1015 2306 1068 ’θαι
2367 1011 2432 1068 τὰ
2505 1011 2678 1070 πάντα
2735 1011 2788 1067 ἐν
2843 1027 2920 1068 τω
3006 1019 3248 1090 Χριστῷ,
3311 1011 3691 1090 Ἀπέστρεψας
3755 1018 3858 1083 τὴν

455 1101 603 1165 Nam
631 1119 765 1162 cum
789 1099 1020 1163 Iudaeis
1039 1105 1296 1182 primum
1326 1097 1989 1180 predicaverit,multos
2011 1115 2108 1159 re-

2217 1098 2566 1180 ιῖχμαλωσίαν
2619 1098 2850 1164 Ἰακώϐ,
2926 1105 3120 1165 Αὒτοῖς
3171 1102 3270 1179 γὰρ
3337 1103 3548 1180 πρῶτον
3615 1105 3856 1180 κηρύξας

454 1189 642 1252 demit
667 1207 702 1249 a
729 1188 1031 1269 spirituali
1055 1189 1392 1269 captivitate
1418 1187 1478 1248 in
1502 1203 1680 1267 quam
1708 1185 1952 1248 abducti
1985 1187 2110 1246 fue-

2217 1203 2309 1254 ὀῖς
2365 1187 2665 1262 Ἰουδαίοις,
2727 1189 3057 1266 λελύτρωται
3115 1189 3346 1256 πολλοὺς
3377 1197 3474 1258 τῆς
3504 1192 3855 1250 καταλαϐού-

454 1289 609 1340 rant.
642 1280 780 1340 Haec
815 1277 940 1359 (37)
975 1277 1326 1359 significavit
1349 1277 1807 1356 Dominus‘post
1834 1274 2105 1355 prophe-

2217 1300 2290 1346 ης
2351 1278 2542 1342 αὐτοὺς
2595 1279 2792 1346 νοητῆς
2850 1279 3252 1358 αἰχμαλωσίας.
3313 1279 3623 1349 Ἐδῆλωσεν
3660 1286 3688 1338 6
3726 1291 3853 1339 Σω-

453 1367 597 1430 tiam
626 1366 816 1440 Isaias,
842 1386 974 1448 quae
995 1371 1082 1429 sic
1106 1365 1284 1428 habet
1311 1388 1324 1424 :
1347 1365 1622 1444 Spiritus
1651 1363 2109 1442 Dominisuper

2217 1373 2290 1446 ἠρ
2350 1368 2486 1443 μετᾶ
2547 1368 2643 1436 τὴν
2699 1366 2928 1425 Ἠσαίου
2977 1371 3327 1449 προφητείαν,
3383 1371 3479 1436 τὴν
3535 1373 3799 1450 φήσασαι
3837 1395 3850 1408 ο

452 1450 569 1534 me,
594 1476 660 1520 eo
690 1459 849 1539 quod
863 1459 1113 1520 auxerit
1140 1474 1256 1529 me,
1274 1455 1704 1535 euangelizare
1734 1453 2109 1534 pauperibus

2217 1464 2404 1514 Ινεῦιια
2466 1459 2652 1536 Κυρίου
2723 1457 2810 1513 ὶπ⁹
2888 1459 3009 1538 ἐμὲ,
3089 1466 3149 1514 οὖ
3220 1460 3423 1515 ε’ῗνεκεν
3482 1459 3683 1539 ἔχρισέ
3758 1485 3847 1535 με,

453 1549 621 1610 misit
650 1546 1113 1628 me,pi'cedicai'e
1133 1545 1391 1625 captivis
1412 1543 1830 1604 remissionem
1859 1551 1915 1601 et
1936 1543 2109 1604 circis

2219 1546 2628 1625 ὒαγγελίσασθαι
2721 1560 2974 1626 πτωχοῖς
3060 1547 3365 1604 ἀπέσταλκέ
3446 1571 3538 1628 με,
3619 1550 3849 1628 κηρῦξαι

456 1638 900 1700 restitutionem
929 1641 1092 1698 visus
1121 1634 1196 1710 1°,
1223 1634 1431 1696 dicens
1459 1650 1474 1696 :
1507 1631 1709 1693 Hodie
1736 1631 1991 1710 impleta
2020 1639 2111 1694 est

2217 1635 2563 1716 ιὶχμσλώτοις
2647 1635 2833 1712 ἄφεσιν
2869 1682 2884 1706 ,
2985 1638 3072 1693 καὶ
3181 1636 3404 1717 τυῳλοῖς
3489 1637 3794 1714 ἀνάϐλεψιν
3832 1691 3844 1712 ,

459 1725 779 1807 prophetia
808 1727 937 1788 haec
977 1726 1044 1787 in
1090 1724 1350 1786 auribus
1397 1718 1719 1784 vestris“.
1751 1719 1886 1801 Ipse
1945 1720 2106 1783 enim

2220 1724 2356 1781 ἰπών
2388 1743 2405 1760 ’
2494 1726 2738 1802 Σήμερον
2823 1724 3178 1804 πεπλήρωται
3260 1729 3295 1794 ἡ
3362 1729 3664 1806 προφητεία
3713 1730 3846 1794 αὕτη

459 1823 579 1889 est,
616 1817 716 1895 qui
749 1834 861 1877 nos
889 1834 923 1877 a
949 1815 1268 1876 multorum
1321 1811 1568 1874 deorum
1619 1827 1877 1873 erroneo
1938 1811 2102 1874 cultu

2219 1839 2244 1868 ν
2293 1827 2412 1878 τοῖς
2477 1816 2602 1870 ὠσὶν
2662 1817 2832 1889 ὑμῶν.
2895 1817 3062 1880 Αὐτὸς
3123 1817 3221 1892 γὰρ
3254 1818 3280 1872 6
3325 1818 3529 1880 παύσας
3563 1814 3847 1873 δουλεύον-

460 1912 523 1966 et
579 1923 614 1964 a
669 1904 1004 1966 daemonum
1064 1902 1349 1965 servitute
1409 1897 1707 1972 liberavit,
1751 1910 1812 1961 et
1862 1911 2106 1962 catenas

2217 1926 2284 1967 ac
2333 1906 2480 1979 ἡμᾶς
2534 1902 2772 1978 πολυθέῳ
2831 1903 3006 1980 πλάνη
3065 1907 3154 1961 καὶ
3206 1903 3441 1980 δαίμοσι,
3502 1907 3602 1970 τίς
3651 1928 3707 1962 τε

457 2000 837 2074 peccatorum
871 1992 1070 2056 solvit.

2217 1993 2595 2073 εμαρτημάτων
2639 1993 2802 2055 λύσας
2833 1995 3038 2072 σειράς.

537 2080 875 2164 Utrumque
890 2082 988 2144 hic
1018 2079 1309 2163 propheta
1331 2076 1889 2159 praedicitﬁliorum
1922 2078 2107 2141 Israel

2272 2082 2576 2162 Ἀμφότερα
2633 2083 2851 2140 ἐνταῦθα
2901 2085 3290 2164 προφητεύεται
3337 2083 3369 2151 ἥ
3429 2107 3486 2140 τε
3552 2087 3668 2142 ἀπὸ
3733 2093 3839 2142 Βα-

459 2191 528 2234 ex
554 2171 854 2252 Babylone
879 2170 1234 2249 reditum,et
1262 2169 1512 2229 salutem
1540 2165 1788 2229 mundi:
1821 2184 1889 2227 ac
1903 2167 2105 2247 dupli-

2217 2171 2423 2236 ἶυλῶνος
2458 2177 2564 2228 τῶν
2621 2175 2744 2229 υἱῶν
2789 2171 3008 2247 Ἰσραὴλ
3053 2171 3310 2238 ἐπάνοδος
3357 2175 3444 2231 καὶ
3491 2178 3593 2243 τῆς
3658 2177 3837 2231 οἶκοι.-

459 2260 514 2323 ci
547 2260 722 2322 modo
749 2268 934 2321 totum
991 2265 1249 2322 enarrat.
1289 2254 1512 2319 Sensus
1541 2263 1740 2318 autem
1799 2263 1931 2320 est:
1984 2256 2106 2319 Deo

2217 2263 2358 2329 ιένης
2421 2263 2655 2338 σωτηρία
2692 2281 2705 2294 ·
2763 2261 2849 2318 καὶ
2897 2261 3086 2324 διττῶς
3113 2262 3239 2319 ὅλον
3269 2262 3569 2340 ἐξηγεῖται,
3611 2267 3754 2343 Πρὸς
3786 2264 3838 2319 δὲ

457 2359 767 2430 acceptum
827 2358 918 2410 est
975 2366 1082 2410 cor
1131 2346 1350 2407 bonum
1404 2364 1474 2408 ac
1529 2345 1885 2416 studiosum,
1947 2345 2105 2426 quod

2217 2352 2424 2409 ῖιάνοιαν
2455 2367 2470 2383 ⁸
2511 2349 2736 2409 Εὖδοκεῖ
2795 2352 2979 2429 Κύριος
3034 2352 3133 2418 τὴν
3184 2354 3385 2428 ἀγαθὴν
3416 2355 3502 2409 καὶ
3548 2353 3840 2411 σπουδαίαν

459 2439 648 2519 ipsius
675 2447 836 2499 terra
866 2444 980 2518 est,
1015 2438 1156 2518 quia
1182 2434 1404 2516 recipit
1433 2435 1566 2515 ejus
1602 2451 1833 2514 semen,
1860 2451 1929 2495 ac
1959 2434 2104 2496 red-

2217 2440 2431 2521 ιαρδίαν,
2481 2446 2584 2518 γῆν
2644 2441 2802 2500 αὖτοῦ
2861 2441 3258 2520 τυγχάνουσαν,
3319 2441 3401 2498 διὰ
3461 2445 3524 2499 τὸ
3585 2442 3835 2522 δέχεσθαι

458 2527 546 2589 dit
572 2527 834 2589 fructum
865 2526 1237 2606 centuplum.

2220 2532 2278 2586 ὸν
2349 2529 2544 2609 σπόρον
2602 2531 2692 2586 τὸν
2744 2530 2872 2607 παρ’
2922 2533 3103 2604 αὐτοῦ,
3165 2533 3251 2588 καὶ
3311 2532 3836 2589 ἑκατονταπλασίονα

2187 2631 2567 2700 καρποφορεῖν,

2267 2707 2510 2788 ’Ᾱφῆκας
2591 2708 2686 2772 τὰς
2763 2708 2988 2779 ἀνομίας
3067 2716 3142 2784 τῷ
3213 2710 3327 2784 λαῴ
3399 2732 3515 2769 σου.
3590 2720 3696 2769 Τοῦ
3753 2709 3831 2766 διὰ

2187 2803 2285 2864 τῆς
2343 2797 2570 2864 πίστεως
2625 2819 2911 2873 γενομενου
2971 2799 3129 2856 αὐτοῦ
3177 2798 3308 2857 λαοῦ
3343 2817 3356 2832 °
3415 2800 3560 2878 λέγει
3607 2799 3663 2855 δὲ
3697 2802 3754 2854 τὸ
3784 2799 3830 2857 ἐξ

2189 2886 2372 2966 ἐθνῶν,
2431 2888 2569 2942 κατὰ
2625 2889 2684 2942 τὸ
2747 2888 3026 2966 εἰρημένον
3079 2890 3180 2944 ὑπὸ
3238 2893 3506 2968 Ζαχαρίου
3553 2897 3646 2946 τοῦ
3699 2911 3831 2964 προσ·

2188 2977 2356 3056 φήτου
2393 2994 2408 3008 ⁸
2465 2975 2554 3032 Ἐν
2615 2975 2795 3053 ἐκείνῃ
2873 2983 2941 3052 τῇ

2188 3068 2278 3122 τὸν
2337 3065 2523 3144 Κύριον
2609 3065 2733 3134 ἔθνη
2813 3066 3013 3146 πτλλὰ,

2194 3153 2346 3215 λαόν,

3733 255 3856 315 ιιτρ

3742 1914 3844 1962 τῶν

537 2705 602 2766 3.
663 2704 972 2766 Remisisti
1047 2704 1438 2782 iniquitatem
1511 2701 1705 2780 plebis
1765 2707 1904 2762 tua;
1962 2701 2106 2774 Quae

461 2812 570 2876 per
599 2793 780 2855 ﬁdem
839 2793 915 2855 ad
967 2793 1168 2874 ipsum
1229 2792 1505 2871 accessit,
1540 2789 1622 2852 ait
1676 2798 1871 2852 autem
1919 2810 2106 2870 popu-

465 2883 585 2944 lum
621 2901 691 2944 ex
735 2881 1012 2961 gentibus
1058 2889 1354 2954 coactum,
1379 2879 1550 2960 juxta
1579 2878 1726 2940 illud
1760 2897 1794 2939 a
1823 2878 2104 2941 Zacharia

462 2969 755 3052 propheta
808 2969 1087 3033 dictum:
1143 2969 1213 3031 In
1265 2968 1376 3030 illa
1452 2969 1552 3031 die
1615 2969 1968 3047 confugient
2026 2969 2106 3031 ad

462 3061 793 3124 Dominum
838 3067 1044 3140 gentes
1086 3059 1318 3140 multis,
1344 3065 1405 3121 et
1446 3065 1630 3120 erunt
1667 3058 1784 3138 ipsi
1813 3059 1879 3118 in
1903 3076 2103 3139 popu-

466 3145 702 3212 tum“.

3033 2978 3202 3055 ἡμέρᾳ
3261 2978 3679 3058 καταφεύξονται
3753 2977 3833 3030 ἐπὶ

3106 3070 3190 3124 καὶ
3269 3067 3478 3124 ἔσονται
3559 3069 3707 3140 αὐτῷ
3765 3069 3831 3129 εἰς

2123 3114 2164 3166 C

533 3237 596 3300 ὅ.
630 3235 931 3306 Converte
954 3255 1087 3312 nos,
1121 3238 1277 3299 Deus
1300 3233 1593 3298 salutaris
1621 3245 1850 3299 noster.
1887 3235 2109 3314 Depre-

458 3329 754 3396 cationem
795 3329 970 3390 oﬂ'ert
1027 3343 1099 3388 ex
1154 3343 1414 3405 persona
1472 3326 1675 3405 populi
1733 3325 2107 3400 Judaeorum,

456 3422 793 3504 rogantium
824 3425 891 3480 ut
921 3424 979 3478 et
1003 3415 1118 3494 ipsi
1149 3413 1401 3493 gratiam
1430 3423 1900 3496 consequantur.

2277 3243 2627 3321 Ἐπίστρεψον
2686 3247 2853 3322 ἡμᾶς,
2920 3250 2947 3302 6
3003 3247 3130 3308 Θεὸς
3183 3253 3289 3301 τῶν
3343 3248 3622 3322 σωτηρίων
3654 3248 3828 3320 ἡμῶν.

2196 3331 2463 3390 Ἐντεῦθεν
2544 3336 2782 3390 ἱκετείαν
2866 3336 3169 3410 ἀναπέμπει
3247 3335 3306 3391 ἐκ
3386 3338 3678 3414 προσώπου
3748 3333 3836 3388 τοῦ

2193 3421 2323 3478 λαοῦ
2355 3425 2460 3479 τὼν
2494 3421 2782 3504 Ἰοδδαίων,
2816 3422 3106 3490 ἀξιούντων
3153 3425 3241 3479 καὶ
3302 3426 3490 3487 αὐτοὺς
3525 3438 3714 3504 τυχεῖν
3744 3422 3831 3487 τῆς

2191 3510 2438 3591 χάριτος.

2277 3599 2463 3666 Δεῖξον
2517 3603 2678 3675 ἡμῖν,
2744 3602 2920 3680 Κύριε,
2985 3604 3046 3658 τὸ
3125 3601 3273 3666 ἕλεος
3352 3624 3469 3662 σου,
3533 3603 3696 3679 Κύρου
3745 3606 3830 3654 τοῦ

2195 3688 2410 3763 Περσῶν
2467 3689 2906 3769 βασιλεύσαντος,
2959 3691 3098 3746 κατὰ
3148 3692 3248 3757 τὴν
3304 3698 3396 3748 τοῦ
3447 3695 3680 3748 Ἠσαίου
3711 3710 3825 3765 προσ

2195 3778 2440 3858 φητείαν,
2504 3777 2793 3843 δεδωκότος

541 3601 668 3662 8-9.
721 3595 987 3662 Ostende
1035 3593 1232 3668 nobis,
1301 3592 1582 3666 Domine,
1633 3593 2109 3654 misericordiam

464 3701 656 3754 tuam.
691 3688 837 3752 Cum
863 3687 1049 3765 Cyrus
1073 3685 1388 3745 Persarum
1413 3699 1542 3754 rex,
1557 3682 1730 3762 juxta
1761 3683 1924 3744 Isaiae
1971 3699 2110 3759 pro-

466 3779 750 3862 phetiam,
783 3772 1080 3835 redeundi
1132 3778 1488 3852 potestatem
1511 3771 1803 3843 dedisset,
1831 3770 2112 3832 festinant

465 3867 716 3950 patriam
747 3871 1028 3943 repetere
1059 3879 1253 3934 suam,
1288 3868 1348 3922 et
1381 3867 1699 3950 propterea
1738 3863 1925 3923 Deum
1972 3876 2111 3938 pre-

469 3948 702 4034 cantur,
735 3961 802 4015 ut
826 3957 1159 4032 promptam
1193 3949 1343 4030 ipsis
1375 3967 1480 4030 pro
1513 3948 1830 4010 clementia
1881 3970 1987 4012 sua
2013 3970 2112 4011 sa-

469 4047 654 4108 lutem
681 4040 968 4104 conferat.
1004 4037 1326 4128 Citissime,
1365 4037 1578 4118 inquit.
1613 4058 1646 4099 ο
1673 4039 2112 4128 Domine,tuam

2217 4046 2320 4110 τίας
2377 4061 2686 4127 παρασχεῖν
2742 4037 3028 4116 σωτηρίαν,
3082 4048 3348 4126 Τάχιστα,
3395 4052 3579 4128 φησὶν,
3640 4047 3684 4101 ὦ
3731 4045 3820 4099 Δέ-

467 4133 642 4196 nobis
676 4131 1003 4194 bonitatem
1039 4126 1316 4200 ostende,
1350 4135 1416 4186 ut
1441 4136 1597 4187 tuam
1631 4127 1880 4189 salutem
1911 4147 2114 4191 conse-

2217 4157 2397 4209 τποτα,
2436 4135 2535 4202 τῆν
2565 4136 2661 4203 σήν
2709 4138 2845 4209 ἡμῖν
2880 4135 3182 4214 ἁγαθότητα
3228 4135 3424 4214 δεῖξον,
3459 4135 3550 4192 ἵνα
3588 4138 3822 4212 τύχωμεν

470 4239 746 4304 quamur,
782 4226 840 4280 et
888 4235 961 4278 ex
1013 4216 1105 4278 his
1150 4215 1297 4276 locis
1353 4217 1750 4294 commigrare
1803 4220 2114 4298 possimus.

2217 4228 2302 4290 τῆς
2332 4229 2430 4290 σῆς
2479 4226 2742 4303 σωτηρίας
2772 4227 2858 4282 καὶ
2909 4231 3004 4291 τῆς
3041 4224 3278 4281 ἐντεῦθεν
3309 4223 3650 4301 ἀπαλλαγῆς.
3686 4221 3824 4278 Οὕτω

471 4311 614 4377 Cum
644 4309 732 4372 sic
760 4307 1050 4389 propheta
1104 4304 1610 4385 supplicationem
1665 4307 1829 4386 quasi
1861 4328 1930 4370 ex
1983 4311 2114 4371 illo-

2217 4313 2301 4380 τὴν
2338 4313 2562 4369 ἱκετείαν
2591 4316 2664 4378 ὡς
2696 4313 2746 4380 ἐξ
2780 4315 2990 4370 ἐκείων
3050 4317 3077 4369 6
3123 4315 3406 4392 προφήτης
3439 4311 3819 4389 προσενεγκὼν.

469 4419 602 4464 rum
639 4414 889 4480 persona
952 4395 1186 4475 offerat,
1218 4393 1326 4456 Dei
1389 4411 1742 4474 responsum
1800 4398 2014 4478 accipit
2063 4409 2114 4460 el

2217 4401 2422 4481 δέχεται
2453 4410 2545 4460 τοῦ
2579 4411 2712 4460 Θεοῦ
2756 4405 2855 4471 τὴν
2904 4405 3181 4479 ἀπόκρισιν
3217 4405 3305 4459 καί
3334 4425 3492 4483 φησιν
3531 4423 3546 4439 ο
3581 4401 3822 4460 Ἀκούτο-

2880 3786 2981 3846 τῆς
3070 3778 3328 3836 ἐπανόδου
3409 3782 3504 3846 τήν
3579 3778 3826 3847 ἐξουσίαν,

2196 3867 2494 3944 ἐπείγονται
2553 3869 2653 3935 τὴν
2705 3867 3024 3943 ὲνεγκοῦσαν
3060 3867 3412 3932 καταλαϐεῖν,
3451 3871 3548 3925 Διὰ
3587 3869 3650 3934 δὴ
3681 3873 3825 3922 τοῦτο

2195 3959 2284 4012 τὸν
2319 3958 2448 4013 Θεὸν
2495 3960 2816 4038 ἱκετεύουσὶ,
2874 3971 3106 4038 ταχεῖαν
3167 3961 3347 4023 αὐτοῖς
3405 3957 3487 4013 διὰ
3535 3960 3820 4037 φιλανθρω-

470 4491 590 4554 ait:
623 4489 888 4551 Audiam
907 4485 1055 4568 guid
1079 4484 1377 4564 loquatur
1396 4485 1463 4545 iu
1495 4501 1590 4546 me
1621 4485 1913 4549 Dominus
1944 4489 2114 4552 Deus.

2217 4513 2302 4566 μαι
2361 4492 2409 4546 τί
2467 4491 2694 4563 λαλήσει
2754 4493 2808 4549 ἐν
2862 4493 2977 4567 ἐμοὶ
3031 4491 3223 4559 Κύριος
3280 4496 3306 4548 6
3362 4493 3514 4554 Θεός,
3553 4488 3821 4561 Παυσάμε-

473 4582 618 4645 Cum
645 4579 829 4641 ﬁnem
860 4573 1236 4658 supplicandi
1269 4573 1518 4636 fecisset
1551 4577 2127 4659 propheta,respon-

472 4689 602 4732 sum
633 4686 664 4730 a
695 4666 920 4748 Spiritu
951 4683 1089 4728 cum
1121 4664 1361 4726 silentio
1395 4663 1640 4745 excipit.

555 4760 654 4820 10.
693 4756 1113 4820 Verumtamen
1150 4771 1340 4835 prope
1377 4756 1662 4816 timentes
1687 4771 1821 4815 eum
1857 4757 2130 4822 salutare

472 4849 687 4929 ipsius.
713 4845 1030 4926 Excipieus
1061 4843 1352 4925 propheta
1373 4860 1734 4922 responsum
1770 4845 1928 4923 quod
1959 4847 2122 4908 audi-

474 4945 642 4998 turus
663 4943 844 4997 erata
873 4934 995 4996 Deo
1027 4933 1103 4995 de
1133 4951 1358 5013 genere
1389 4950 1520 5005 suo,
1558 4931 1708 4992 illud
1746 4941 1930 5007 notat,
1964 4938 2120 5016 quod
2156 4990 2159 4992 _

476 5033 711 5108 paratus
740 5025 817 5086 sit
838 5023 1117 5085 omnibus
1142 5039 1336 5103 prope
1357 5021 1594 5101 adesse,
1625 5021 1672 5082 si
1693 5021 1823 5102 ejus
1846 5023 2120 5087 timorem

473 5113 734 5194 amplexi
755 5112 976 5174 fuerint
997 5131 1016 5174 :
1041 5111 1353 5190 continget
1371 5117 1568 5171 autem
1599 5108 1670 5171 iis
1697 5111 1798 5190 qui
1820 5111 1924 5172 Dei
1951 5113 2124 5176 timo-

473 5222 601 5267 rem
619 5202 875 5282 amplexi
899 5201 1141 5281 fuerint,
1173 5200 1332 5281 quod
1369 5201 1426 5260 in
1455 5197 2016 5276 gloriainhabitent.
2051 5205 2126 5266 Ut

473 5293 773 5357 inhabitet
791 5294 1000 5373 gloria
1018 5293 1088 5352 in
1104 5299 1276 5352 terra
1291 5286 1645 5353 nostra.His
1665 5289 2126 5368 signiﬁcatmco-

557 5453 617 5506 ιο
644 5454 763 5518 Isa.
793 5467 906 5529 ω,
943 5453 1004 5515 1.

551 5613 682 5698 (37)
709 5611 850 5678 Hec
877 5610 1061 5677 dubia
1084 5619 1247 5677 sunt.

1089 5450 1138 5495 “
1176 5452 1322 5516 Luc.
1359 5469 1440 5534 iv,
1471 5449 1574 5514 21.
1659 5447 1713 5493 ¹²
1740 5449 1925 5514 Zach.
1953 5468 2016 5529 ιι,
2050 5453 2144 5517 ti.

2210 4601 2296 4643 νος
2344 4581 2371 4635 6
2415 4583 2693 4661 προφήτης
2751 4582 2975 4652 ἱκεσίας,
3031 4581 3128 4648 τὴν
3188 4582 3328 4659 παρᾶ
3387 4589 3478 4637 τοῦ
3540 4580 3822 4651 Πνεύματος

2208 4669 2490 4746 ἀπόκρισιν
2522 4669 2800 4751 ἐκδέχεται
2833 4673 3070 4728 σιωπῶν.

2292 4757 2439 4825 Πλὴν
2495 4762 2655 4839 ἔγγὺς
2738 4763 2841 4816 τῶν
2927 4757 3272 4839 φοϐουμένων
3336 4761 3486 4814 αὖτὸν
3542 4761 3601 4813 τὸ
3655 4753 3816 4814 σωτῆ·

2211 4869 2318 4926 ριον
2380 4851 2555 4906 αὐτοῦ.
2613 4846 3002 4927 Ἐκδεχόμενος
3049 4850 3075 4902 6
3134 4848 3413 4925 προφήτης
3466 4848 3561 4912 τὴν
3612 4845 3816 4916 ἀπόκρι.

2205 4959 2310 5010 σιν,
2344 4937 2410 5005 ἢν
2456 4940 2750 5012 ἀκούσομαι
2811 4939 2928 5016 περὶ
2984 4946 3074 4994 τοῦ
3133 4939 3317 5012 γένους
3375 4958 3475 5012 μου
3550 4935 3683 5011 παρᾶ
3739 4934 3817 4983 τοῦ

2207 5033 2360 5098 Θεοῦ,
2423 5025 2599 5084 ἐκεῖνο
2657 5027 2814 5106 ἔγνω,
2864 5029 2937 5088 ὡς
2986 5033 3144 5081 πᾶσιν
3204 5027 3418 5100 ἕτοιμος
3468 5025 3560 5091 εἴη
3593 5020 3813 5101 γενέσθαι

2206 5115 2386 5192 ἐγγὺς,
2448 5117 2500 5172 εἴ
2560 5139 2619 5194 γε
2674 5120 2762 5172 τὸν
2827 5120 2983 5175 αὒτοῦ
3030 5113 3192 5194 φόϐον
3231 5117 3545 5186 Ξισπάζοιντο
3583 5137 3589 5144 ·
3628 5106 3815 5184 συμϐή-

2205 5225 2352 5260 σεται
2405 5203 2461 5260 δὲ
2508 5220 2622 5268 τοῖς
2657 5205 3047 5279 ἀσπαζομένοις
3100 5207 3158 5261 τὸ
3216 5205 3270 5260 ἐι·
3319 5203 3441 5281 δόξῃ
3488 5202 3813 5263 κακασκηνῶο

2205 5316 2316 5354 σαι.
2379 5303 2480 5354 Τοῦ
2557 5299 2973 5362 κατασκηνῶσαι
3053 5293 3202 5361 δόξαν
3259 5296 3314 5348 ιν
3374 5295 3443 5370 τῇ
3527 5297 3593 5370 γῇ
3657 5289 3811 5362 ἡμῶν.
