3992 6208
508 345 623 406 375

505 567 708 634 mabo.
743 567 1037 630 Docemur
1063 567 1254 642 hisce,
1305 585 1440 628 eum
1474 567 1574 646 qui
1605 585 1639 627 a
1683 568 1806 628 Deo
1837 564 2140 646 quidpiam

506 658 650 721 boni
708 663 980 736 accipere
1035 655 1316 731 voluerit,
1379 655 1602 718 debere
1661 654 2035 716 incessanter
2083 654 2143 715 in

509 745 790 828 precibus
817 743 1063 806 versari.

588 837 646 899 5.
686 835 986 909 Quoniam
1020 840 1108 908 tu,
1149 835 1434 908 Domine,
1463 833 1676 895 suavis
1707 838 1764 894 et
1797 831 1988 894 mitis.
2025 832 2147 893 Do-

508 933 603 988 cet
636 943 738 987 eos
768 923 870 1004 qui
895 922 969 984 ad
1003 922 1191 984 Deum
1245 921 1560 996 accedunt,
1592 929 1655 982 ut
1685 938 1762 982 ne
1809 921 1974 980 anxii
2008 920 2148 991 sint,

506 1017 558 1076 si
582 1014 741 1076 dona
769 1013 1063 1092 tantisper
1101 1012 1360 1073 differat.
1395 1011 1520 1074 Erit
1552 1011 1776 1091 quippe
1809 1009 1928 1070 illis
1953 1009 2148 1090 propi-

505 1105 647 1178 tius,
685 1109 892 1183 utpote
922 1101 1024 1182 qui
1059 1109 1399 1162 mansuetus
1446 1102 1522 1164 sit
1572 1110 1631 1164 et
1666 1100 1833 1160 dives
1863 1098 1924 1160 in
1965 1104 2148 1160 mise-

501 1190 784 1254 ricordia.

588 1282 646 1345 8.
683 1278 815 1342 Non
843 1285 928 1341 est
969 1281 1195 1342 similis
1257 1281 1350 1342 tui
1400 1285 1468 1342 in
1497 1280 1644 1352 diis,
1680 1281 1960 1344 Dom-ine.
1994 1281 2148 1343 Deos

505 1378 671 1432 vocat
698 1376 940 1432 sanctos
984 1371 1305 1449 prophetas
1362 1368 1434 1430 ad
1489 1388 1638 1448 quos
1677 1388 1874 1433 sermo
1909 1368 2146 1433 Domini

503 1461 710 1522 factus.
742 1459 843 1520 Ait
869 1467 1063 1520 autem
1116 1459 1418 1520 neminem
1454 1459 1882 1540 prephetarum
1927 1458 2147 1539 potuis-

505 1567 572 1612 se
594 1548 851 1609 Iiberare
883 1547 1158 1609 homines
1189 1567 1223 1608 a
1275 1557 1544 1628 peccato,
1581 1547 1694 1610 nisi
1727 1550 1915 1611 solum
1947 1547 2120 1611 Domi

507 1657 677 1717 num,
702 1638 870 1717 juxta
897 1635 959 1697 id
989 1635 1146 1716 quod
1177 1635 1318 1698 alibi
1371 1635 1597 1698 dictum
1645 1645 1774 1700 est:
1808 1637 1944 1700 Non
1975 1637 2144 1718 lega-

507 1735 646 1806 tus,~.
679 1744 798 1788 non
855 1727 1140 1806 angelus,
1191 1727 1291 1788 sed
1341 1731 1470 1806 ipse
1529 1725 1828 1789 Dominus
1884 1727 2146 1790 saluauit

435 1816 442 1821 ’
506 1834 617 1880 nos
644 1816 719 1878 1⁵.

590 1907 689 1968 11.
719 1905 980 1968 Latetur
1007 1923 1106 1968 cor
1138 1921 1338 1967 meum
1371 1910 1436 1966 ut
1459 1905 1668 1966 timeat
1691 1923 1909 1968 nomen
1947 1913 2141 1966 tuum.

508 1994 623 2067 Qui
646 1995 861 2074 pietate
893 2010 1038 2072 erga
1066 1993 1254 2055 Deum
1289 1993 1618 2054 instructus
1670 2007 1785 2070 est,
1817 1994 2142 2072 legitimum

509 2084 638 2146 vitae
670 2084 1006 2146 institutum
1035 2083 1441 2164 amplectitur.
1464 2082 1820 2161 Hujusmodi
1851 2091 2044 2143 autem
2069 2083 2146 2142 vi-

505 2182 564 2236 ta
587 2183 778 2235 mater
803 2181 894 2236 est
943 2171 1176 2235 laetitiae.
1235 2171 1446 2236 Merito
1495 2172 1695 2252 itaque
1725 2172 2022 2252 PrOpheta
2054 2172 2142 2233 di-

504 2267 642 2324 vino
668 2262 882 2323 timore
911 2280 1014 2323 cor
1048 2279 1220 2324 suum
1255 2261 1544 2323 laetificari
1577 2279 1751 2341 posse
1781 2261 2027 2341 putavit.
2059 2261 2148 2324 Ita

508 2355 668 2418 enim
699 2353 842 2416 alibi
875 2373 1108 2435 quoque
1156 2356 1238 2416 ait
1263 2353 1360 2416 i6:
1418 2353 1686 2418 Laetetur
1733 2372 1836 2415 cor
1865 2371 2146 2433 quaren-

509 2450 666 2507 tium
699 2443 1047 2523 Dominum,
1083 2455 1144 2506 et
1173 2445 1394 2506 iterum
1423 2444 1473 2486 ίτ
1502 2461 1516 2506 :
1547 2442 1781 2506 Memor
1803 2445 1898 2518 fui
1932 2444 2064 2516 Dei,
2092 2453 2148 2506 et

507 2534 838 2596 delectatus
862 2551 1017 2595 sum.

580 2632 667 2688 12.
706 2629 1008 2702 Conﬁtebor
1037 2631 1393 2698 tibi,Domine
1424 2631 1558 2689 Deus
1593 2634 1824 2701 mem,in
1853 2639 1960 2692 toto
1982 2635 2148 2691 corde

505 2713 896 2776 meo.Mutata
918 2722 1168 2792 repente
1198 2713 1470 2775 oratione
1498 2713 1559 2773 in
1585 2711 2050 2786 confessionem,
2073 2733 2144 2776 eo

509 2801 668 2884 quod
689 2801 974 2864 liberatus
988 2802 1168 2864 fuerit
1191 2803 1265 2863 ab
1315 2802 1572 2876 inferno,
1607 2820 1846 2863 causam
1879 2806 2147 2866 enuntiat

508 2909 615 2952 cur
637 2889 1252 2970 peccaverit,insidias
1275 2891 1596 2952 multorum
1620 2897 1800 2967 atque
1819 2898 2142 2971 potentium

509 2979 1213 3058 commemorans,iisque
1243 2978 1607 3040 adumbrans
1627 2977 1952 3040 invisibiles
1985 2989 2146 3060 pote—

1293 344 1352 404 S.
1402 343 1828 406 ATHANASII
1871 341 2033 404 OPP.
2084 341 2298 402 PARS.
2347 341 2458 402 Ill.

589 479 648 543 3.
685 480 971 540 Miserere
999 478 1144 554 mei,
1173 477 1450 550 Domine,
1474 482 1768 558 quoniam
1809 476 1888 537 ad
1917 483 1974 537 te
2005 477 2139 538 cla-
2164 485 2202 530 Α

2528 377 2577 384 -—
2633 342 3083 405 EXEGETICA.

2306 474 2567 542 Ἐλέησόν
2654 498 2745 550 με,

3754 343 3896 408 376

2833 477 3014 556 Κύριε,
3077 477 3157 535 ὅτι
3241 481 3373 558 πρὸς
3433 481 3490 538 σὲ
3521 483 3887 561 κεκράξομαι,

2231 562 2474 622 Διδάσκει
2505 567 2650 638 ἡμᾶς
2683 565 2916 646 ὁλόγος,
2974 569 3048 631 ὡς
3097 571 3190 625 τὸν
3259 569 3583 645 βουλόμενόν
3628 594 3676 628 τι
3729 571 3894 649 παρὰ

2227 662 2320 712 τοῦ
2351 652 2483 712 Θεόῦ
2511 653 2699 712 λαϐεῖν
2728 655 2946 734 ἀγαθὸν,
2973 654 3312 716 ἀδιάλειπτον
3342 657 3424 716 δεῖ
3453 664 3595 716 εἶναι
3626 661 3678 717 ἐν
3711 683 3896 738 προσ-

2230 757 2427 822 ευχαῖς
2439 789 2453 805 .

2313 831 2447 890 ’Ὅτι
2487 834 2571 908 σὺ,
2609 835 2784 912 Κύριε,
2849 837 3090 914 χρηστὸς
3147 840 3236 894 καὶ
3295 837 3560 906 ἐπιεικής.
3623 838 3894 897 Διδάσκει

2232 921 2355 983 τοὺς
2383 922 2848 1002 προσερχομένους
2905 931 3020 998 Θεῷ
3075 926 3153 998 μὴ
3195 925 3440 1006 ἂκηδιᾳν,
3503 930 3547 984 εἰ
3605 931 3693 984 καὶ
3741 932 3896 1006 πρὸς

2237 1009 2416 1088 ὀλίγον
2444 1011 2542 1079 τήν
2598 1010 2743 1068 δόσιν
2804 1011 3183 1072 ἀναϐάλλεται.
3243 1013 3446 1074 ’Ἔσται
3511 1019 3609 1094 γὰρ
3659 1019 3900 1081 πάντως

2237 1103 2419 1165 αὐτοῖς
2473 1100 2728 1181 ἐπήκοος,
2790 1102 2874 1158 ἄτι
2934 1105 3172 1182 χρηστὸς
3231 1105 3305 1162 ὢν
3361 1109 3450 1162 καὶ
3479 1105 3616 1164 πολὺ
3657 1107 3776 1164 λίαν
3809 1110 3898 1170 εἰς

2237 1187 2385 1255 ἔλεος
2420 1187 2695 1255 πλούσιος,

2313 1281 2419 1336 Οὐκ
2464 1278 2605 1336 ἔστιν
2636 1278 2819 1354 ὅμοιός
2877 1303 2959 1338 σοι
2993 1280 3046 1338 ὲν
3098 1286 3268 1355 Θεοῖς,
3336 1287 3509 1363 Κύριε.
3559 1288 3716 1348 Θεοὺς
3780 1287 3898 1360 μὲν

2229 1369 2328 1448 γὰρ
2357 1369 2478 1433 τοὺς
2521 1367 2702 1446 ἅγίους
2734 1372 3016 1449 προφήτας
3081 1375 3234 1452 φησί,
3301 1377 3433 1442 πρὸς
3488 1377 3579 1440 οὒς
3630 1379 3656 1432 6
3713 1376 3894 1452 λόγος

2227 1465 2320 1514 τοῦ
2363 1465 2495 1515 Θεοῦ
2521 1457 2760 1536 ἐγένετο.
2796 1459 2955 1538 Λέγει
3003 1459 3080 1540 δὲ,
3109 1461 3191 1519 ὅτι
3223 1461 3388 1530 οὐδεὶς
3420 1468 3527 1521 τῶν
3586 1473 3894 1545 προφητῶν

2229 1545 2492 1612 ἐξελέσθαι
2538 1548 2659 1610 τοὺς
2718 1548 3024 1626 ἀνθρώπους
3093 1554 3191 1618 τῆς
3245 1555 3505 1631 ἁμαρτίας
3559 1555 3790 1633 ἴσχυσεν
3853 1557 3892 1621 ἦ

2228 1637 2390 1710 μόνος
2421 1638 2576 1698 αὑτὸς
2623 1639 2650 1693 6
2683 1638 2895 1716 Κύριος,
2928 1642 3069 1696 κατὰ
3113 1641 3176 1697 τὰ
3255 1643 3540 1718 εἰρημένον
3603 1643 3890 1723 ἀλλαχοῦ·

2231 1725 2301 1782 Οὺ
2365 1724 2614 1803 πρέσϐυς,
2667 1728 2762 1784 οὑκ
2832 1727 3082 1809 ἄγγελος,
3135 1729 3258 1787 ἀλλ’
3349 1734 3505 1796 αὸτὸς
3566 1736 3592 1788 6
3683 1735 3893 1812 Κύριος

2169 1800 2206 1848 Β
2231 1800 2428 1871 ἔσωσεν
2457 1818 2625 1891 ἡμᾶς.

2312 1907 2668 1984 Εὑφρανθήτω
2743 1911 2776 1975 η
2858 1907 3044 1984 καρδία
3110 1933 3235 1982 μου,
3297 1914 3388 1967 τοῦ
3469 1910 3743 1988 φοϐεῖσθαι
3827 1917 3896 1968 τὸ

2229 1986 2397 2068 δ’νομά
2427 2017 2542 2057 σου.
2601 1995 2662 2054 Ὀ
2711 1999 2812 2064 τὴν
2873 2001 2991 2072 περὶ
3053 2001 3184 2055 Θεὸν
3227 1999 3501 2058 εὐλάϐειαν
3549 2003 3894 2074 κεκτημένος

2229 2083 2328 2140 τ’ἷνιν
2363 2084 2584 2159 ἔννομον
2646 2086 2947 2158 ἀσπάζεται
2999 2088 3295 2150 πολιτείαν.
3343 2092 3533 2159 Μήτηρ
3563 2088 3618 2145 δὲ
3683 2093 3894 2170 εὐφρο-

2229 2172 2386 2237 σύνης
2433 2176 2468 2241 ἡ
2499 2177 2722 2243 τοιαύτη
2791 2179 2930 2248 ζωή.
3001 2180 3235 2241 Εἰκότως
3287 2180 3458 2234 τοίνυν
3519 2183 3546 2235 ὸ
3603 2183 3898 2259 προφήτης

2232 2263 2306 2336 τῷ
2337 2261 2486 2342 φόϐῳ
2519 2265 2616 2332 τὴν
2671 2267 2870 2322 οἰκείαν
2931 2269 3277 2346 ιὺφρανθῆναι
3332 2267 3542 2346 καρδίαν
3597 2271 3898 2326 ὑπώπτευ-

2231 2373 2343 2413 σεν,
2393 2352 2544 2411 Οὕτω
2600 2354 2700 2432 γὰρ
2765 2357 2851 2411 καὶ
2925 2355 3178 2436 ἡλλαχοῦ
3257 2375 3441 2438 φηΩιν⁰
3529 2361 3898 2438 Εὒφρανθὴτω

2229 2439 2414 2518 καρδία
2469 2443 2771 2513 ζητούντων
2827 2447 2918 2501 τὸν
2981 2447 3192 2524 Κύριον
3257 2448 3346 2503 καὶ
3403 2445 3584 2503 πάλιν·
3667 2446 3892 2521 Ἐμνῆ-

2229 2535 2360 2598 σθην
2404 2541 2496 2591 τοῦ
2529 2540 2683 2606 Θεοῦ,
2717 2534 2815 2590 καί
2844 2536 3164 2615 εὑφράνθην,

2307 2619 2810 2700 Ἐξομολογήσομαί
2885 2646 2994 2697 σοι,
3072 2626 3224 2702 Κύριε
3302 2628 3330 2682 ὃ
3407 2628 3533 2689 Θεός
3619 2651 3748 2706 μου,
3835 2629 3891 2683 ἓν

2227 2707 2328 2784 ὅλῃ
2387 2708 2570 2786 καρδίᾳ
2626 2734 2752 2786 μου,
2835 2711 3161 2770 Μεταϐαλὼν
3215 2716 3311 2782 τὴν
3369 2719 3674 2796 προσευχὴν
3732 2721 3888 2780 εὑθςς

2227 2799 2300 2862 εἰς
2349 2797 2761 2876 ἐξομολόγησιν,
2824 2799 2908 2880 ἐφ’
2973 2803 3064 2868 οἷς
3121 2802 3337 2881 ἐῤῥύσθη
3368 2813 3460 2862 τοῦ
3489 2805 3640 2877 ᾅδαυ,
3669 2808 3774 2873 τὴν
3813 2811 3892 2862 αἱ·

2228 2887 2340 2943 τίαν
2377 2885 2674 2966 ἐξαγορεύει
2702 2889 2770 2944 δι’
2803 2891 2869 2957 ἣν
2901 2890 3129 2970 ἥμαρτε,
3177 2891 3350 2970 λέγων
3399 2892 3692 2959 επιϐουλήν
3735 2897 3850 2951 πολ
3875 2935 3888 2940 -

2229 2975 2337 3031 λῶν
2367 2997 2424 3031 τε
2469 2979 2556 3033 καὶ
2587 2980 2876 3057 κραταιῶν⁷
2923 2981 3286 3054 αἰνιττόμενος
3335 2984 3430 3046 τὰς
3487 2983 3744 3058 ἁοράτους
3793 2985 3888 3040 δν-

510 3077 712 3144 states,
735 3086 866 3149 quas
884 3069 1073 3130 Deum
1097 3077 1236 3130 ante
1255 3069 1458 3130 oculos
1491 3086 1609 3129 non
1637 3069 2024 3131 constituunt.
2057 3069 2144 3130 Tu

2273 3065 2456 3136 ίμειςν
2509 3066 2585 3140 μὴ
2650 3067 2876 3141 θεμένας
2947 3070 3050 3139 πρὸ
3099 3070 3204 3124 τῶν
3248 3070 3533 3149 ὀφθαλμῶν
3575 3074 3666 3128 τὸν
3726 3077 3885 3134 Θεὸν,

508 3168 732 3231 autem,
759 3157 1030 3232 Domine,
1064 3158 1171 3238 ait,
1196 3156 1543 3220 concessisti
1564 3175 1634 3218 ea
1651 3175 1779 3237 quas
1797 3159 2045 3220 minime
2063 3159 2146 3220 illi

2278 3154 2306 3208 ὺ
2339 3149 2415 3226 δὲ,
2453 3155 2629 3233 Κύριε,
2667 3157 2852 3234 φησὶν,
2910 3156 3044 3236 ἅπερ
3090 3158 3288 3214 ἐκεῖνοι
3339 3163 3415 3232 μὴ
3475 3160 3890 3238 προσεδόκησαν

511 3245 1392 3326 exspectabant.tuaclementia
1407 3247 1936 3308 liberansanimam
1955 3266 2145 3309 meam

2273 3243 2640 3321 δνεχώρησας,
2717 3245 3016 3321 ῥυσάμενος
3097 3247 3193 3313 τὴν
3263 3251 3448 3328 ψυχὴν
3501 3273 3600 3323 μου
3657 3249 3710 3316 ἐξ
3759 3251 3890 3323 ᾅδου

510 3355 582 3398 ex
633 3334 865 3398 inferno
915 3335 1205 3398 inferiori.
1263 3335 1400 3398 Haec
1463 3343 1659 3398 autem
1708 3336 1852 3398 dicit
1881 3336 2149 3399 Christus

510 3425 845 3486 astantibus
877 3424 1120 3503 regibus
1153 3433 1326 3487 terra;
1351 3433 1408 3487 et
1437 3425 1806 3507 principibus
1837 3427 2056 3488 coactis
2089 3429 2146 3489 in

510 3531 695 3576 unum
742 3521 946 3575 contra
970 3515 1187 3595 ipsum.

591 3603 689 3666 13.
721 3603 876 3678 Quia
896 3606 1328 3667 misericordia
1349 3613 1454 3668 tua
1474 3625 1700 3684 magna
1715 3615 1800 3668 est
1817 3623 2003 3684 super
2030 3624 2146 3668 me.

512 3692 690 3766 Quasi
714 3693 836 3772 jam
869 3701 1223 3756 consecutus
1272 3695 1428 3774 quod
1481 3695 1756 3775 precibus
1811 3695 2146 3774 postulavit,

511 3801 784 3860 magnam
817 3781 924 3843 Dei
956 3783 1426 3844 misericordiam
1445 3802 1511 3846 se
1541 3785 1602 3846 in
1632 3783 1849 3845 saecula
1877 3784 2149 3844 laudaui--

509 3887 642 3930 rum
674 3869 773 3944 ait,
810 3870 948 3949 quia
976 3887 1183 3932 eorum
1213 3871 1442 3932 animas
1469 3871 1543 3933 de
1575 3889 1751 3932 manu
1789 3871 1966 3934 inferi
1996 3871 2151 3931 libe-

510 3957 684 4020 ravit.

596 4047 696 4108 14.
725 4047 904 4124 Deus,
940 4050 1144 4129 iniqui
1171 4051 1644 4112 insurrexerunt
1683 4067 1865 4130 super
1885 4067 2001 4111 me.
2051 4047 2156 4110 His

515 4135 773 4197 ostendit
802 4154 866 4196 se
922 4137 982 4196 in
1043 4145 1349 4218 peccatum
1403 4139 1546 4200 illud
1595 4139 1898 4220 delapsum
1943 4139 2151 4199 fuisse.

2231 3332 2539 3388 κατωτάτου
2571 3331 2946 3412 φιλανθρωπίᾳ
2987 3337 3053 3410 τῇ
3085 3337 3174 3411 σῇ,
3231 3336 3386 3413 Λέγει
3431 3338 3483 3393 δὲ
3528 3346 3694 3394 ταῦτα
3749 3349 3892 3417 Χρι-

2230 3423 2380 3494 στὸς,
2421 3423 2808 3501 παραστάντων
2853 3430 2960 3480 τῶν
2993 3424 3256 3500 βασιλέων
3299 3426 3392 3493 τῆς
3451 3432 3579 3508 γῆς,
3642 3430 3731 3484 καὶ
3781 3431 3892 3485 τῶν

2230 3510 2510 3590 ἀρχόντων
2557 3513 2928 3590 συναχθέντων
2958 3513 3043 3570 ἐπὶ
3071 3520 3133 3571 τὸ
3163 3516 3288 3570 αὐτὸ
3313 3513 3432 3572 κατ’
3463 3519 3638 3578 αὒτοῦ.

2313 3599 2446 3656 ’Ότι
2515 3600 2576 3654 τὸ
2630 3599 2777 3662 ἔλεός
2839 3623 2933 3658 σου
2993 3602 3132 3680 μέγα
3190 3602 3275 3683 ἐπι
3327 3603 3449 3677 ἐμὲ.
3496 3603 3588 3668 Ὠς
3649 3605 3756 3673 ἤδη
3813 3611 3888 3670 εἷς

2231 3689 2397 3766 πέρας
2455 3689 2627 3744 αὐτῶν
2684 3689 2941 3769 ἀχθείσης
3042 3692 3141 3759 τῆς
3221 3699 3552 3772 προσευχῆς,
3617 3697 3677 3751 τὰ
3739 3697 3886 3772 μέγα

2233 3777 2380 3841 ἕλεος
2439 3799 2532 3834 τοο
2587 3785 2720 3834 Θεοῦ
2781 3781 2855 3843 εἰς
2915 3781 3035 3843 τοὺς
3119 3783 3312 3844 αἰῶνας
3391 3783 3618 3840 αινὲσιιν
3691 3789 3882 3863 φησίν·

2235 3865 2315 3922 ὅτι
2345 3865 2410 3933 δὴ
2433 3868 2520 3922 καὶ
2551 3867 2721 3922 αὐτῶν
2751 3867 2812 3924 ἐκ
2853 3870 3034 3947 χειρὸς
3088 3868 3211 3942 ᾅδου
3269 3872 3362 3933 τὰς
3413 3873 3592 3952 ψυχὰς
3649 3873 3882 3939 ἠλευθέ-

2236 3977 2425 4035 ρωσεν.

2317 4047 2376 4103 Ὀ
2409 4045 2562 4118 Θεὸς,
2597 4045 2896 4122 παράνομοι
2925 4048 3296 4115 ἒπανέστησαν
3327 4049 3413 4106 ἐπ’
3472 4051 3586 4124 ἐμέ.
3627 4054 3881 4110 Δείκνυσι

2236 4133 2320 4190 διὰ
2349 4135 2569 4212 τούτων,
2623 4135 2695 4196 ὡς
2728 4135 2800 4196 εἰς
2831 4135 2926 4202 τὴν
2973 4137 3232 4211 ἁμαρτίαν
3289 4139 3505 4206 ἐκείνην
3564 4141 3878 4198 κατέπεσεν

519 4225 829 4297 Quomodo
857 4235 1082 4301 autem,
1105 4227 1218 4288 nisi
1249 4228 1386 4307 quia
1411 4245 1706 4308 synagoga
1727 4228 1992 4308 quaedam
2027 4245 2148 4287 ma-

2273 4230 2357 4289 ιῶς
2389 4222 2468 4295 δὲ,
2507 4223 2537 4288 ἠ
2569 4222 2627 4279 ἐκ
2659 4230 2749 4278 τοῦ
2784 4226 3099 4302 συναγωγήν
3133 4249 3253 4284 τινα
3326 4235 3572 4305 πονηρῶν
3633 4233 3886 4304 πνευμά-

513 4314 814 4392 lignorum
861 4316 1175 4396 spirituum
1215 4317 1628 4392 insurrexerit,
1667 4327 1724 4378 et
1761 4317 2148 4397 supplantavit

2273 4335 2344 4368 ων
2403 4312 2762 4377 ἐπαναστῆναι
2845 4335 2932 4367 και
3009 4315 3363 4373 ὕποσκελίσαι
3419 4320 3576 4374 αὑτὸν
3620 4327 3714 4374 τοῦ
3761 4319 3884 4376 κατ’

517 4421 653 4465 eum
685 4423 760 4466 ne
791 4405 1025 4467 virtutis
1053 4425 1294 4467 cursum
1327 4411 1602 4469 teneret?

2277 4401 2432 4480 ρετὴν
2467 4399 2664 4473 δρόμου
2695 4422 2710 4474 ς

598 4493 698 4566 15,
723 4495 820 4558 16.
845 4495 926 4558 Et
950 4496 1302 4570 tu,Domine
1327 4497 1482 4558 Deus
1503 4515 1691 4566 meus,
1718 4498 2076 4568 miseratur,
2100 4504 2148 4558 et

2321 4491 2416 4548 Καὶ
2503 4490 2586 4566 σὺ,
2677 4490 2839 4567 Κύριε
2925 4493 2952 4546 ὁ
3063 4494 3192 4557 Θεὸς
3253 4519 3378 4575 μου,
3443 4499 3726 4570 οἰκτίρμων
3799 4503 3888 4554 καὶ

513 4584 887 4659 misericors,
924 4593 1038 4648 etc.
1075 4583 1343 4660 Etiamsi,
1373 4587 1584 4665 inquit,
1613 4585 2061 4664 insurgentibus
2091 4585 2148 4645 in

2273 4579 2502 4651 λεὴμων,
2567 4577 2624 4633 Εἰ
2687 4579 2795 4650 καὶ,
2875 4578 3287 4638 ἐπαναστάντων
3336 4607 3424 4657 μοι
3475 4589 3578 4640 τῶν
3637 4587 3886 4664 πονηρῶν

514 4689 612 4733 me
636 4672 908 4750 malignis
933 4673 1337 4754 spiritibus,in
1361 4682 1666 4755 peccatum
1693 4671 1960 4756 dejectus
1991 4693 2148 4752 sum,

2273 4667 2572 4740 νευμάτων,
2609 4667 2758 4744 φησὶ,
2823 4669 3166 4748 κατηνέχθην
3218 4675 3288 4737 εἰς
3339 4675 3622 4751 ἡμαρτίαν,
3687 4677 3776 4730 καὶ
3823 4674 3890 4730 δι’

513 4779 583 4821 ac
617 4779 726 4840 per
752 4762 899 4824 illud
926 4765 986 4824 in
1019 4763 1318 4825 infernum
1350 4764 1518 4824 illum
1551 4764 1924 4844 inferiorem,
1955 4765 2056 4826 sed
2095 4775 2154 4826 tu

513 4849 668 4930 ipse,
702 4849 974 4928 Domine,
1003 4861 1136 4914 tuas
1163 4853 1294 4915 illas
1325 4853 1738 4914 miserationes
1766 4859 1825 4913 in
1859 4873 1951 4914 me
1973 4854 2158 4914 etian-

511 4937 666 5001 dens
695 4939 965 5003 liberasti
995 4941 1256 5002 animam
1293 4960 1524 5018 meam;
1558 4959 1740 5022 quare
1770 4961 2004 5003 rursum
2043 4945 2158 5002 mi-

517 5029 904 5091 sericordiam
961 5032 1217 5112 postulo.
1255 5032 1465 5093 Veniet
1514 5041 1712 5094 autem
1746 5032 1890 5094 mibi
1918 5031 2157 5093 miseri-

513 5117 740 5198 cordia,
771 5137 905 5181 cnm
947 5139 1040 5182 me
1069 5122 1386 5200 respicias.

599 5211 625 5265 1
640 5207 700 5269 7.
719 5207 849 5272 Fac
872 5227 1102 5272 mecum
1118 5213 1362 5292 signum
1381 5212 1446 5273 in
1471 5211 1714 5274 bonum.
1743 5209 1910 5272 Sicut
1928 5208 2072 5271 olim
2103 5209 2162 5268 in

2239 4757 2398 4823 αῦτῆς
2445 4757 2517 4818 εἰς
2573 4756 2684 4828 ,τὸν
2754 4757 3103 4834 προκείμενον
3157 4761 3462 4817 κατώτατον
3535 4765 3684 4840 ᾁρην·
3751 4764 3886 4819 ἀλλὰ

2239 4848 2326 4919 σὺ,
2357 4844 2539 4921 Κύριε,
2580 4845 2758 4916 αὑτὸς,
2821 4846 2942 4906 τοὺς
3011 4848 3230 4906 οἰκείους
3301 4851 3606 4928 οἰκτιρμοὺς
3664 4855 3750 4908 καὶ
3805 4852 3884 4908 ἐπ’

2243 4937 2359 5010 ἐμοὶ
2391 4931 2736 5012 ἐφαπλώσας,
2771 4931 2930 5010 ἒῤῥύω
2975 4936 3074 5002 τὴν
3103 4941 3285 5016 ψυχῆν
3334 4962 3435 5013 μου
3496 4939 3574 4995 διὸ
3631 4943 3720 4996 καί
3773 4943 3882 4996 πά-

2241 5025 2324 5082 λιν
2355 5021 2857 5085 ἒλεεῖσθαιέξαιτῶ.
2894 5021 3095 5079 ’Ἔσται
3115 5025 3169 5080 δέ
3216 5051 3307 5100 μοι
3368 5029 3394 5083 ὀ
3444 5027 3589 5090 ἕλεος
3643 5027 3726 5084 δια
3795 5032 3884 5085 τοῦ

2243 5111 2534 5186 ἐπιϐλεψαι
2575 5133 2624 5166 τε
2659 5112 2730 5170 εἰς
2759 5111 2880 5183 ἐμὲ.

2331 5203 2560 5266 Ποίησον
2619 5197 2736 5274 μετ’
2795 5199 2925 5274 ἔμοῦ
2983 5219 3212 5277 σημεῖον
3263 5207 3335 5268 εἰς
3393 5205 3608 5282 ἅγαθόθ.
3669 5207 3884 5282 ’Ὠσπερ

519 5295 772 5377 Egypto
793 5298 1126 5362 ﬁliislsrael
1145 5289 1382 5380 signum
1406 5298 1572 5361 dedit
1611 5297 1927 5372 Dominus,
1963 5307 2024 5358 ut
2049 5317 2148 5358 nox

2273 5293 2416 5351 παλαι
2493 5292 2546 5346 ἐν
2601 5289 2852 5364 Αἰγύπτῳ
2905 5292 3026 5354 τοῖς
3085 5297 3220 5358 υἱοῖς
3271 5293 3481 5372 Ἰσραὴλ
3539 5311 3770 5370 σημεῖον
3801 5293 3886 5351 δέ-

517 5381 881 5452 Ιωόοτθιιιιιι·
911 5387 986 5450 ab
1019 5378 1526 5470 exterminatore;
1560 5388 1640 5449 ita
1673 5396 1731 5449 et
1783 5387 1898 5449 sibi
1930 5387 2148 5466 signun

2273 5388 2419 5440 ῖωκεν
2451 5381 2477 5436 ὸ
2513 5380 2673 5456 Θεὸς,
2732 5388 2825 5436 τοῦ
2874 5378 2954 5453 μὴ
3011 5379 3328 5450 ἀδικηθῆναι
3385 5385 3570 5450 αὐτοὺς
3621 5387 3762 5462 παρὰ
3807 5391 3892 5440 τοῦ

587 5641 640 5686 ¹⁵
667 5647 782 5714 lsa.
820 5663 1028 5730 χχχιιι,
1054 5647 1116 5712 2.
1207 5647 1260 5692 ίθ
1292 5645 1452 5712 Psal.
1485 5661 1602 5726 cnv,
1635 5645 1693 5708 3.
1783 5645 1834 5689 ¹¹²
1864 5649 2026 5715 Psal.
2049 5661 2248 5726 LxxVI,
2279 5646 2340 5705 2.
