3992 6208
209 349 302 412 3¹Π
1185 349 1586 412 EXPOSITIO
1633 352 1712 412 IN
1762 352 2118 415 PSALMUM
2171 355 2528 418 LXXXVII.
3415 357 3532 422 378

204 485 491 565 ὃλοθρευτοῦ,
559 487 696 542 οὕτω
765 487 858 542 καὶ
936 487 1077 558 αὒτῴ
1121 497 1348 560 σημεῖον
1407 485 1618 555 δοθῆναι
1661 489 1800 555 ἐξαι-

1922 486 2016 548 ari
2047 495 2240 568 rogat,
2273 495 2338 550 ut
2363 506 2471 568 per
2504 487 2656 549 illud
2686 494 2978 562 servetur,
3007 498 3065 550 et
3093 488 3372 553 inimicos
3393 509 3535 553 con-

203 589 288 652 τεῖ,
341 575 480 638 ὅπως
536 574 601 629 ἂν
660 576 742 630 καὶ
791 575 1043 654 φυλαχθῇ
1106 573 1172 629 δι’
1225 576 1404 654 αὐτοῦ,
1464 579 1552 634 καὶ
1613 601 1802 636 καται-
1886 575 2118 639 fundat.

200 669 346 746 σχύνῃ
393 666 510 729 τοὺς
576 667 791 745 ἐχθρούς
803 713 814 724 ,

402 764 528 817 Τοῖς
561 757 699 820 υἱοῖς
733 755 865 823 Κορὲ
899 761 1190 812 ΨΑΛΜΟΣ
1222 754 1384 829 ᾠδῆς.
1425 760 1574 832 [ις’.

1969 755 2025 814 i.
2064 751 2246 814 Filiis
2275 755 2427 816 Core
2459 753 2829 818 PSALMUS
2862 753 3120 816 Cantici.
3149 752 3480 819 LXXXVI.

821 843 1128 908 Τπόθεοις.

2471 852 2939 926 Argumentum.

198 936 392 1017 ’ᾏδωσι
449 947 615 1002 πάλιν
671 948 761 1002 τὸν
819 946 1036 1022 ψαλμὸν
1078 954 1260 1004 τοῦτον
1312 951 1358 1006 0i
1415 952 1508 1008 τοῦ
1542 954 1676 1031 Κορὲ
1707 955 1805 1009 υἱοὶ

1922 932 2055 994 [unc
2085 953 2294 997 rursus
2329 937 2622 1016 psalmum
2648 945 2870 998 canunt
2900 935 3005 997 ﬁlii
3040 937 3287 999 Core'in
3315 938 3531 1000 Eccle-

1966 1023 2070 1084 sia;
2097 1025 2370 1102 gratiam,
2406 1028 2770 1088 vocationem
2803 1027 3069 1103 gentium
3106 1026 3526 1104 praedicantes,

1968 1121 2026 1174 et
2057 1113 2518 1176 illustrationem
2553 1115 2856 1194 Unigeniti
2889 1115 2949 1176 in
2983 1115 3254 1178 Ecclesia
3273 1115 3531 1180 futuram

1970 1219 2079 1281 per
2109 1205 2501 1264 (Bconomiam
2537 1205 2754 1266 carnis.

258 1037 321 1098 εἰς
377 1036 476 1102 τὴν
536 1036 891 1109 Ἐκκλησίαν,
954 1034 1020 1091 δι’
1080 1039 1241 1094 αὐτοῦ
1297 1040 1652 1116 κηρύσσοντες
1699 1048 1805 1097 τῶν

257 1127 406 1180 ἐθνῶν
462 1126 563 1191 τὴν
624 1124 840 1200 κλῇσιν,
912 1127 1001 1181 καὶ
1065 1127 1163 1192 τὴν
1222 1127 1517 1204 γενομένην
1569 1129 1806 1206 ἐπίλαμ-

254 1219 336 1287 ψιν
512 1211 810 1285 Ἐκκλησία
865 1223 958 1274 τοῦ
1017 1222 1343 1294 Μονογενοῦς
1410 1219 1493 1274 διὰ
1560 1225 1659 1287 τῆς
1707 1242 1798 1295 με·

257 1304 314 1358 τὰ
341 1305 535 1380 σαρκὸς
581 1304 886 1378 οἰκονομίας
897 1350 912 1364 .

253 1393 303 1447 Οί
365 1390 606 1466 θεμέλιοι
685 1394 842 1450 αὐτοῦ
905 1396 959 1448 ἒν
1019 1407 1134 1455 τοῖς
1207 1395 1349 1472 ὄρεσι
1433 1410 1552 1459 τοῖς
1611 1400 1804 1477 ἁγίοις.

1922 1471 1930 1477 _
1977 1383 2399 1477 Fundamenta
2425 1388 2551 1462 eius
2571 1387 2641 1477 in
2660 1386 2965 1449 montibus
2983 1393 3233 1449 sanctis.
3251 1388 3407 1477 Ejus
3427 1391 3538 1450 sci-

189 1482 332 1538 Αὖτοῦ
359 1482 455 1554 μὲν
486 1487 583 1536 τοῦ
615 1479 904 1548 κληθέντος
937 1479 1022 1537 διὰ
1049 1486 1149 1550 τῆς
1193 1504 1422 1548 πιστεως
1453 1483 1606 1546 λαοῦ,
1643 1485 1803 1564 Λέγει

1922 1471 2033 1533 icet
2063 1473 2266 1564 populi
2299 1475 2401 1564 qui
2433 1494 2541 1554 per
2569 1475 2748 1537 ﬁdem
2773 1483 3016 1538 vocatus
3042 1485 3152 1536 est.
3189 1476 3288 1538 Ait
3339 1489 3533 1538 autem

188 1568 248 1640 δὲ,
291 1572 365 1624 ὁτι
417 1567 468 1633 ἐξ
513 1571 682 1625 ἐθνῶν
713 1568 843 1632 λαὸς
875 1568 1266 1645 ὲπῳκοδομήθη
1335 1571 1420 1628 ἐπὶ
1459 1579 1536 1646 τῷ
1580 1562 1805 1650 θεμελίῳ

1927 1579 1960 1622 x
1994 1562 2274 1640 gentibus
2301 1563 2656 1625 aediﬁcatum
2692 1565 2875 1625 fuisse
2896 1564 3179 1644 populum
3201 1583 3385 1646 super
3412 1566 3538 1628 fun-

186 1665 268 1713 τῶν
295 1658 614 1715 ἆποστολων
644 1661 731 1715 καὶ
773 1665 1091 1738 προορητῶν,

1929 1658 2230 1710 amentum
2259 1653 2668 1731 apostolorum
2701 1663 2760 1714 et
2791 1653 3237 1732 prophetarum.

247 1745 453 1821 ’Δγαπᾷ
486 1748 683 1824 Κύριος
717 1749 811 1809 τὰς
845 1749 938 1810 τὰς
987 1747 1150 1810 πύλας
1208 1751 1348 1805 Σιὼν
1376 1749 1503 1828 ὑπὲρ
1534 1752 1708 1808 πάντα
1739 1754 1805 1808 τὰ

1956 1739 2023 1828 2.
2063 1740 2278 1819 Diligil
2312 1743 2610 1803 Dominus
2636 1751 2847 1819 portas
2896 1741 3048 1804 Sion
3097 1760 3283 1822 super
3335 1748 3538 1806 omnia

187 1835 486 1909 σκηνώματα
520 1833 742 1894 Ἰακώϐ.
780 1835 954 1898 Πύλας
1022 1837 1162 1893 Σιών
1193 1839 1292 1894 τὴν
1325 1827 1684 1918 εἰσαγωγικήν
1714 1844 1800 1898 καὶ

1922 1827 2273 1891 zbernacula
2311 1829 2522 1893 Jacob.
2587 1831 2788 1893 Portas
2820 1832 2960 1892 Sion
2994 1832 3283 1892 initialem
3318 1843 3377 1895 et
3406 1835 3532 1896 ele-

185 1923 478 2003 στοιχειώδη
542 1923 888 1981 διδασκαλίαν
946 1931 1045 1992 τῆς
1108 1926 1409 1994 Εκκλησίας
1456 1929 1608 2006 φησί’
1657 1952 1799 1996 σκη-

1922 1927 2215 1979 ientarem
2249 1919 2535 1982 Ecclesiae
2583 1921 2915 1986 doctrinam
2949 1920 3116 1993 dicit,
3156 1921 3537 1984 tabernacula

184 2014 375 2087 ’σώματα
402 2013 458 2070 δὲ
489 2013 692 2071 Ἰακὼϐ
747 2016 844 2083 τὴν
904 2017 1040 2071 κατὰ
1083 2019 1246 2087 νόμον
1304 2016 1570 2093 λατρείαν³
1633 2024 1800 2086 Φησίν

1923 2015 2081 2067 utem
2115 2007 2300 2069 Jacob
2331 2009 2578 2088 legalem
2608 2011 2861 2071 cultum.
2882 2010 2977 2072 Ait
3008 2010 3189 2089 igitur
3220 2011 3536 2090 optabilius

182 2106 251 2157 οὖν
276 2105 343 2165 ὡς
373 2104 700 2182 αἰρετωτέρα
731 2105 967 2181 κέκριται
1027 2107 1168 2183 παρὰ
1196 2111 1274 2178 τῷ
1305 2114 1420 2180 Θεῷ
1451 2108 1484 2174 ἡ
1517 2107 1800 2186 εὐαγγελι-

1922 2097 2040 2186 pud
2095 2099 2283 2159 Deum
2339 2116 2474 2160 esse
2521 2101 2932 2178 evangelicum
2985 2099 3321 2162 institutum
3361 2101 3536 2180 legali

1889 2185 2080 2246 cultu.

1967 2273 2024 2335 3.
2065 2277 2352 2338 Gloriosa
2375 2279 2545 2340 dicta
2574 2286 2714 2340 sunt
2744 2279 2816 2340 de
2847 2286 2921 2356 te,
2955 2279 3176 2340 civitas
3205 2279 3335 2339 Dei.
3371 2279 3530 2338 (livi-

1887 2368 1978 2425 tas
2036 2371 2127 2424 est
2172 2363 2458 2427 Ecclesia.
2519 2367 2799 2438 Quaenam
2861 2367 3120 2445 gloriosa
3178 2366 3339 2428 dicta
3397 2377 3535 2428 sunt

1887 2451 1963 2512 de
2023 2451 2164 2526 illa,
2221 2454 2340 2514 nisi
2398 2455 2554 2536 quod
2607 2458 2664 2516 in
2725 2475 2795 2517 ea
2849 2456 3080 2518 habitet
3125 2454 3476 2534 Unigenitus
3513 2506 3527 2528 ,

1879 2541 2050 2620 juxta
2081 2540 2304 2603 dictum
2355 2543 2501 2604 illud
2533 2565 2546 2606 :
2581 2545 2698 2607 Hic
2745 2546 3028 2608 habitabo
3060 2547 3349 2624 quoniam
3378 2545 3537 2625 elegi

1887 2647 2024 2691 eam
2061 2629 2160 2691 *8?

182 2194 238 2259 κὴ
263 2191 499 2249 πολιτεία
529 2198 636 2260 τῆς
667 2195 805 2248 κατὰ
835 2196 998 2267 νόμον
1028 2193 1294 2272 λατρείας,

249 2279 615 2352 Δεδοξασμένα
677 2281 914 2352 ἐλαλήθη
1003 2287 1120 2361 περὶ
1205 2293 1321 2362 σοῦ,
1383 2288 1416 2353 ἡ
1476 2285 1628 2348 πόλις
1710 2294 1803 2344 τοῦ

184 2379 311 2432 Θεοῦ,
356 2371 518 2433 Πόλις
581 2371 682 2445 μὲν
741 2373 773 2438 ἡ
825 2369 1136 2438 Ἐκκλησία.
1220 2379 1362 2430 Ποῖα
1450 2374 1802 2448 δεδοξασμὲνα

184 2459 393 2528 ἐλαλήθη
451 2463 576 2538 περὶ
624 2465 814 2536 αὐτῆς,
876 2461 910 2528 ἢ
969 2463 1029 2516 τὸ
1086 2468 1402 2529 κατοικῆσαι
1453 2464 1506 2519 ἐν
1551 2467 1681 2539 αύτῇ
1712 2467 1802 2520 τὸν

189 2555 437 2627 Μονογενῇ
500 2551 641 2605 κατὰ
700 2551 761 2606 τὸ
824 2550 1124 2627 εὶρημὲνον⁶
1178 2545 1294 2607 Ὧδε
1348 2555 1676 2633 κατοικήσω,
1723 2553 1802 2610 ὄτι

186 2640 500 2712 ᾑρετισάμην
562 2639 731 2708 αὐτήν
762 2658 780 2714 ς

253 2730 634 2801 Μνησθήσομαι
693 2727 855 2786 Ῥαὰὸ
917 2730 997 2784 καὶ
1069 2727 1402 2793 Βαϐυλῶνος,
1475 2731 1591 2789 Τῶν
1642 2731 1794 2788 ἑπισ-

193 2818 461 2895 τρειξώντον
522 2819 600 2880 εἰς
654 2817 773 2891 ἐμὲ,
831 2820 984 2897 φησὶ,
1045 2819 1266 2892 μνήμην
1324 2821 1396 2883 εὶς
1455 2820 1645 2897 ἀγαθὸν
1678 2843 1802 2876 ποι-

192 2909 388 2978 ήσομαι,
449 2906 486 2972 ἢ
543 2908 635 2962 καὶ
707 2912 814 2961 τῶν
863 2906 1103 2968 ἐκτόπως
1181 2910 1252 2969 εἰς
1330 2906 1635 2987 φιληδονίαν
1708 2909 1802 2965 ἐκ-

1966 2719 2026 2780 4.
2059 2719 2294 2782 Memor
2325 2739 2426 2784 ero
2459 2720 2676 2784 Rahab
2711 2730 2768 2784 et
2797 2721 3156 2802 Babylonis.
3184 2721 3404 2784 Eorum
3437 2725 3535 2802 qui

1887 2811 1960 2870 ad
2010 2827 2102 2870 me
2159 2819 2606 2883 convertuntur,
2642 2812 2750 2886 ait,
2787 2811 3144 2872 memoriam
3195 2811 3268 2872 ad
3314 2810 3536 2872 bonum

1887 2898 2252 2960 conservabo
2291 2921 2304 2957 :
2335 2908 2435 2961 aut
2465 2919 2673 2961 eorum
2701 2901 2802 2981 qui
2851 2901 3204 2962 indecenter
3221 2900 3294 2962 ad
3319 2901 3532 2978 volup-

188 2993 510 3066 κεκλικόσων,
548 2997 639 3050 καὶ
685 3001 791 3050 τῶν
850 2995 983 3072 ἄγαν
1040 2993 1575 3073 εἷδωλολατρούντων.
1631 3003 1803 3054 Ταῦτα

1922 2995 2062 3048 item
2096 2987 2492 3061 declinarunt,
2529 2989 2655 3050 sive
2677 3008 2885 3050 eorum
2919 2988 3021 3070 qui
3052 2988 3407 3050 idololatria;
3433 2989 3538 3050 ad-

191 3084 269 3158 γὰρ
311 3085 436 3157 ἡμῖν
497 3083 743 3158 ἐσήμανε
788 3081 872 3138 διὰ
944 3089 1041 3152 τῆς
1103 3082 1262 3142 Ῥαὰϐ
1319 3088 1404 3140 καὶ
1466 3085 1800 3147 Βαϐυλῶνος.

1931 3075 2029 3138 icti
2107 3075 2296 3140 fuere.
2361 3077 2498 3139 Haec
2559 3079 2722 3140 enim
2798 3076 2970 3138 nobis
3016 3077 3371 3157 significavit
3433 3095 3540 3156 per

199 3173 279 3228 Καὶ
317 3168 442 3228 Ἰδοὺ
491 3170 793 3251 ἀλλόφυλοι
851 3174 939 3227 καὶ
995 3173 1154 3251 Τύρος
1186 3175 1270 3228 καὶ
1326 3173 1456 3237 λαὸς
1502 3182 1605 3230 τῶν
1638 3177 1805 3230 Αἰθ.σ-

1922 3164 2092 3228 {abab
2125 3173 2183 3226 et
2214 3165 2596 3245 Babylonem.
2661 3167 2811 3256 Ecce
2865 3167 3220 3244 alienigena
3251 3175 3306 3228 et
3341 3166 3539 3246 Tyrus

195 3281 308 3317 πων.
338 3259 588 3317 Διδάσκει
619 3263 766 3335 ἡμᾶς
812 3264 838 3316 6
875 3262 1032 3339 λόγος
1066 3269 1267 3341 σαφῶς,
1301 3261 1380 3319 ὅτι
1412 3261 1475 3331 δὴ
1505 3263 1564 3318 ἐκ
1593 3265 1804 3320 πάντων

1925 3261 1944 3316 ι
1971 3257 2236 3333 populus
2286 3256 2668 3334 zEthiopum.
2718 3255 2918 3318 Palam
2951 3256 3045 3318 his
3074 3255 3277 3317 verbis
3307 3256 3534 3318 edoce-

196 3355 276 3402 τῶν
301 3353 453 3406 ὶθνῶν
496 3353 532 3418 ἡ
572 3348 870 3416 Ἐϐκλησία
900 3350 1245 3416 συνέστηκεν,

1922 3361 2026 3403 nur
2059 3360 2129 3406 ex
2161 3345 2442 3405 omnibus
2469 3343 2745 3424 gentibus
2780 3343 3104 3406 Ecclesiam
3127 3352 3424 3406 constare.

255 3440 422 3516 Μήτηρ
492 3440 640 3494 Σιὼν
715 3440 848 3516 ἐρεῖ·
936 3437 1259 3516 ’Ἄνθρωπος
1293 3484 1311 3515 ,
1391 3442 1477 3495 καὶ
1537 3440 1805 3518 ἅνθρωπος

1973 3436 2032 3492 5.
2069 3433 2273 3495 Mater
2317 3434 2462 3496 Sion
2493 3434 2694 3496 dicet:
2732 3433 2948 3508 Homo,
3007 3442 3065 3494 et
3111 3434 3288 3495 homo
3347 3441 3529 3494 natus

193 3529 409 3602 ἐγεννήθη
466 3532 525 3584 ‘av
579 3529 742 3603 αὒτῇ.
805 3527 1019 3601 Μητέρα
1071 3530 1223 3608 φησὶ,
1300 3527 1460 3595 δῆλον
1504 3527 1581 3598 δὲ,
1646 3530 1725 3585 ὅτι
1763 3535 1805 3587 oi

1922 3530 1982 3584 'st
2011 3524 2190 3583 inea.
2228 3519 2469 3584 Matrem
2522 3522 2691 3596 dicit,
2755 3521 3135 3584 manifestum
3193 3533 3393 3582 autem
3445 3530 3537 3581 est

195 3617 575 3680 πεπιστευκότες
628 3619 730 3683 τὴν
793 3617 931 3671 Σιὼν
1003 3615 1118 3683 ἤτοι
1167 3617 1264 3683 τὴν
1309 3615 1636 3683 Ἐκκλησίαν
1681 3619 1805 3674 ἐπι-

1922 3627 2001 3669 IOS
2033 3611 2131 3689 qui
2166 3610 2468 3671 credimus
2498 3612 2556 3671 id
2607 3611 2774 3672 Sioni
2806 3611 2929 3671 sive
2987 3610 3273 3672 Ecclesiaa
3317 3610 3544 3689 ascrip-

193 3707 486 3781 γραφόμεθα,
545 3706 604 3761 ἐν
669 3706 708 3780 ᾗ
768 3707 796 3760 6
853 3705 1149 3784 ἅνθρωπος,
1200 3705 1236 3773 ἢ
1280 3707 1307 3762 6
1365 3705 1527 3768 αὐτὸς
1573 3709 1600 3761 6
1643 3711 1804 3782 θεμε-

1922 3717 2079 3771 unos,
2109 3704 2166 3759 in
2193 3718 2309 3776 qua
2341 3707 2431 3761 est
2462 3700 2662 3779 homo,
2714 3702 2843 3760 sive
2872 3699 2923 3760 is
2952 3699 3082 3779 ipse
3141 3700 3240 3780 qui
3274 3699 3537 3761 fundavit

196 3791 354 3856 λιώσας
386 3798 574 3863 αὖτὴν.
612 3795 780 3859 Οὗτος
824 3793 879 3849 δέ
910 3795 1052 3849 ἐστιν
1074 3797 1101 3849 6
1133 3795 1418 3871 γενόμενος
1447 3792 1513 3849 δι’
1546 3797 1688 3869 ἡμᾶς
1720 3795 1806 3852 ἂν·

195 3883 383 3962 θρωπος,
439 3886 528 3940 καὶ
595 3883 1066 3961 ἐπαγγελλόμενος
1133 3884 1218 3939 ἐπὶ
1275 3885 1375 3950 τὴν
1409 3884 1607 3962 πέτραν
1639 3891 1801 3960 θεμε-

199 3972 347 4026 inbui
402 3973 496 4040 τήν
553 3971 909 4039 Ἐκκλησίαν.

265 4069 430 4137 Κύριος
484 4061 816 4140 διηγήσεται
865 4061 918 4116 ἐν
971 4067 1146 4138 γραφῇ
1195 4060 1337 4117 λαῶν
1387 4064 1472 4117 καὶ
1503 4062 1808 4141 ἁρχοντων,

201 4153 292 4204 Itin
363 4150 501 4206 λαῶν
542 4199 560 4223 ,
668 4151 845 4230 φησὶ,
950 4152 1035 4206 καὶ
1119 4156 1224 4204 τῶν
1325 4151 1602 4230 ἀρχόντων

201 4235 241 4288 ἐν
289 4239 406 4314 αὖτῇ
457 4248 528 4316 τῇ
590 4238 890 4311 Ἐκκλησία
929 4238 1252 4318 γενομένων,
1310 4240 1338 4294 ό
1398 4240 1582 4319 Κύριος
1614 4238 1814 4319 διηγή-

205 4345 322 4382 σεται
364 4333 458 4394 τὴν
528 4331 771 4408 γραφήν.
823 4334 919 4385 Καὶ
964 4329 1078 4390 πῶς
1132 4328 1219 4406 ἂν,
1265 4330 1447 4406 φησὶν,
1480 4330 1513 4396 ἢ
1543 4331 1640 4396 τὴν
1673 4331 1812 4386 ἀπο·-

206 4417 370 4492 γριφὴν
423 4421 521 4485 τὴν
581 4415 880 4495 γενομένην
937 4417 992 4472 ἐν
1037 4430 1154 4480 τοῖς
1229 4422 1501 4496 οὐρανοῖς,
1542 4417 1603 4483 ἣν
1657 4421 1812 4482 αὐτὸς

210 4503 352 4568 αὖτοῖς
419 4505 744 4585 διηγήσεται
791 4506 981 4583 λέγων*
1033 4507 1277 4583 Χαίρετε,
1344 4508 1424 4561 ὃτι
1483 4510 1546 4564 τὰ
1575 4509 1812 4583 ὀνόματα

1706 4157 1811 4208 τῶν

212 4591 323 4662 ’Σιμῶν
350 4595 550 4674 ἐγράφη
585 4597 639 4652 ἐν
674 4609 794 4659 τοῖς
826 4597 1068 4672 οὐρανοῖς
1101 4614 1117 4668 ;

275 4679 364 4745 Ὠς
423 4685 852 4763 εὖςραινομένων
923 4683 1136 4740 πάντων
1184 4683 1217 4749 ἡ
1283 4685 1527 4740 κατοικία
1584 4686 1636 4740 ἐν
1707 4687 1810 4750 σοί,

211 4765 378 4849 ”Οταν,
440 4779 628 4850 φησιν,
684 4774 736 4828 ἐν
811 4776 892 4828 σοὶ
950 4795 1164 4828 παντων
1222 4774 1258 4839 ἠ
1306 4774 1548 4829 κατοικία
1600 4782 1706 4831 τῶν
1759 4775 1812 4830 ἐν

207 4861 255 4930 τῇ
301 4859 581 4934 Ἐκκλησία
639 4863 888 4941 γένηται,
943 4861 1064 4917 τότε
1109 4863 1198 4917 καὶ
1242 4861 1570 4941 εὖφροσύνης
1604 4863 1810 4920 ἔσονται

208 4944 392 5023 πλήρεις
402 4994 414 5008 .

272 5034 384 5114 ﬁgat.
441 5048 726 5097 ΨΑΑΜΟΓ
786 5053 900 5104 τοῖς
954 5042 1090 5102 υἱοῖς
1153 5039 1305 5117 Κορὲ.
1364 5041 1449 5104 Εἰς
1497 5039 1646 5100 τέλος
1675 5043 1808 5121 ἁπὲρ

274 5127 456 5184 Μαελὲθ
521 5137 612 5185 :06
689 5133 1041 5206 αποκριθῆναι
1079 5175 1096 5200 ,
1160 5127 1422 5192 συνέσεως
1507 5127 1675 5204 Ἐθὰμ
1732 5139 1808 5204 τῷ

277 5212 576 5294 Ἰσραηλίτη.
617 5220 720 5274 [ΙΖ’
731 5267 744 5279 ,

839 5305 1138 5366 ἰ’πόθεσις.

217 5385 288 5444 Ἐν
333 5398 491 5467 τούτῳ
559 5417 632 5467 τῳ
718 5393 920 5471 ψαλμῷ
975 5396 1002 5449 6
1054 5399 1144 5449 τοῦ
1202 5401 1427 5470 Χριστοῦ
1517 5395 1807 5475 εἰσφέρεται

277 5481 497 5563 θάνατος,
548 5485 603 5540 ὄν
665 5484 790 5564 ὅπερ
844 5485 998 5559 ἡμῶν
1049 5479 1349 5547 ἆνεδέξασο.
1384 5480 1530 5548 ὅπως
1562 5485 1648 5541 καὶ
1691 5498 1806 5550 τοῖς

280 5650 324 5695 ίδ
345 5654 492 5718 Psal.
521 5671 716 5734 cxxxx,
750 5658 850 5720 44.
942 5654 994 5700 1°
1019 5659 1174 5722 Luc.
1206 5675 1264 5734 ι,
1299 5656 1404 5719 20.

1891 3787 2161 3850 eam.Hic
2193 3798 2392 3850 autem
2425 3797 2514 3850 est
2547 3789 2648 3866 qui
2681 3808 2784 3868 pro
2816 3788 2987 3850 nobis
3015 3790 3192 3850 homo
3224 3789 3407 3850 factus
3425 3797 3536 3861 est,

1889 3887 1950 3936 et
1976 3878 2073 3956 qui
2107 3877 2404 3956 pollicitus
2429 3887 2518 3938 est
2538 3896 2604 3939 se
2633 3896 2817 3959 supra
2847 3887 3072 3958 petram
3107 3878 3538 3942 aediﬁcaturum

1894 3965 2250 4027 Ecclesiam.

1971 4055 2029 4117 6.
2068 4056 2362 4117 Dominus
2391 4055 2664 4118 narrabit
2714 4057 2780 4118 in
2812 4057 3136 4136 scripturis
3176 4056 3541 4137 populorum

1894 4152 1950 4206 et
2007 4145 2380 4224 principum.
2443 4143 2826 4224 Populorum,
2862 4145 3071 4224 inquit,
3109 4155 3169 4206 et
3200 4145 3538 4225 principum

1899 4233 1997 4313 qui
2032 4233 2093 4293 in
2123 4233 2250 4313 ipsa
2295 4232 2560 4294 Ecclesia
2608 4245 2779 4296 erunt
2843 4235 3194 4313 scripturam
3259 4235 3542 4296 Dominus

1900 4321 2220 4383 enarrabit.
2256 4323 2329 4384 Et
2358 4341 2472 4401 qua
2503 4329 2729 4384 ratione
2753 4323 2922 4395 illud,
2959 4323 3068 4383 nisi
3109 4323 3243 4402 quia
3275 4323 3539 4401 descrip-

1899 4411 2116 4473 tionem
2146 4411 2306 4472 illam
2339 4414 2394 4472 in
2419 4412 2581 4473 caelis
2610 4414 2819 4473 factam
2857 4412 2972 4472 illis
3006 4412 3132 4490 ipse
3167 4411 3430 4472 narrabit
3453 4412 3538 4471 di-

1896 4519 2039 4561 cens
2057 4499 2108 4542 ‘9
2137 4521 2150 4563 :
2187 4501 2468 4562 Gaudete
2491 4508 2635 4582 quia
2657 4503 2908 4563 nomina
2930 4509 3127 4561 vestra
3153 4503 3380 4579 scripta
3403 4509 3543 4562 sunt

1835 4565 1878 4616 θ
1897 4590 1959 4650 in
1993 4589 2156 4650 ciebis
2184 4590 2210 4649 ξ)

1973 4679 2033 4739 7.
2070 4677 2241 4738 Sicut
2273 4677 2613 4739 lcetuntium
2637 4681 2907 4738 omnium
2937 4679 3234 4738 habitatio
3253 4685 3341 4738 est
3368 4679 3434 4738 in
3457 4684 3532 4738 te.

1895 4767 2166 4845 Quando,
2199 4765 2302 4845 ait,
2339 4766 2605 4827 omnium
2640 4766 2742 4846 qui
2773 4766 2834 4826 in
2865 4765 3132 4828 Ecclesia
3173 4776 3312 4826 sunt
3363 4766 3536 4826 habi-

1895 4857 2034 4916 tatio
2067 4856 2126 4916 in
2152 4864 2208 4917 te
2238 4855 2438 4935 fuerit,
2475 4856 2836 4917 tunclzetitia
2871 4856 3030 4935 pleni
3056 4863 3251 4917 erunt.

1972 5045 2027 5097 4.
2067 5037 2386 5098 Canticum
2418 5037 2736 5100 PSALMI.
2771 5038 2845 5099 In
2867 5038 3049 5117 ﬁnem
3080 5056 3189 5116 pro
3242 5035 3539 5098 Maheleth

1971 5128 2056 5187 ad
2084 5126 2942 5205 respondendum,inteltectus
2975 5127 3203 5188 Ethum
3238 5125 3540 5187 Israelita:

1895 5215 2088 5293 [Vulg
2123 5232 2258 5274 cum
2288 5215 2464 5276 Hebr.
2509 5215 2732 5278 Etham
2776 5215 3133 5294 Ezrahitaa].
3168 5213 3536 5277 LXXXVII.

2475 5308 2945 5383 Argumentum.

1891 5398 1956 5460 In
1989 5400 2102 5462 hcc
2134 5399 2362 5481 psalmo
2394 5399 2612 5460 Christi
2645 5417 2826 5480 mors,
2861 5417 3034 5480 quam
3075 5418 3178 5480 pro
3208 5396 3379 5458 nobis
3401 5414 3537 5458 sus-

1971 5488 2151 5571 cepit,
2211 5495 2613 5552 memoratur:
2652 5496 2714 5550 ut
2743 5497 3055 5571 postquam
3096 5484 3405 5570 spiritibus
3427 5484 3528 5570 qui
