3992 6208
425 257 544 326 379

1213 267 1276 332 S.
1323 271 1745 336 ATHANASII
1791 272 1933 334 OPP
2001 270 2196 334 PARS
2238 269 2346 332 ΙΙΙ.
2394 303 2472 314 -
2515 270 2972 334 EXEGETICA.

3669 267 3786 336 380

505 392 567 454 in
597 393 830 460 inferno
857 409 1027 462 erant
1058 402 1458 482 praedicasset,
1484 405 1657 466 daret
1677 401 2063 466 resurrectio-

2163 403 2210 458 ἐν
2253 401 2378 476 ᾅδου
2438 402 2667 480 κηρύξας
2727 404 2988 478 πνεύμασι
3047 402 3354 480 δωρήσηταζ
3405 406 3504 471 τὴν
3540 405 3781 462 ἀνάστα-

507 498 668 573 nem.
698 487 889 550 Deilet
918 504 1118 552 autem
1147 491 1505 573 Jerusalem,
1540 501 1746 571 utpote
1778 492 1880 573 qui
1909 493 2072 554 exci-

507 570 693 636 disset
711 593 742 635 a
766 595 875 656 spe
901 579 961 638 in
980 579 1200 660 ipsum.
1227 581 1355 661 Ipsa
1375 570 1572 644 autem
1595 570 1924 645 Jerusalem
1949 581 2074 643 sive

511 666 786 753 populus,
819 669 960 730 olim
1010 689 1118 732 ceu
1152 672 1392 753 quidam
1426 673 1648 734 chorus
1679 682 1829 750 erat,
1865 688 2075 731 secun-

511 749 650 811 dum
707 757 866 835 quod
916 759 1110 837 portio
1159 749 1216 821 et
1255 779 1385 823 sors
1414 761 1544 840 ejus
1595 749 2068 838 nuncupabatur;

505 843 891 918 quamobrem
926 865 1030 924 pro
1061 849 1357 910 Maheleth
1394 849 1710 928 inscriptus
1766 858 1856 909 est
1909 847 2068 927 psal-

511 945 665 1000 mus,
698 931 854 1010 quod
887 933 1128 1014 dicitur,
1164 937 1396 998 choreae
1427 937 1550 997 sive
1579 934 2068 1006 chori.Quoniam

507 1025 700 1079 autem
737 1022 1089 1094 profundum
1125 1031 1214 1085 est
1243 1025 1463 1088 Christi
1496 1023 1872 1104 mysterium,
1898 1021 2069 1083 valde

506 1105 705 1167 subtili
744 1119 804 1169 et
833 1111 1130 1188 spirituali
1166 1123 1364 1174 mente
1394 1131 1548 1192 opus
1577 1120 1669 1173 est
1696 1111 1769 1173 ad
1803 1109 1944 1172 illud
1973 1111 2070 1171 in-

506 1194 910 1277 telligendum;
944 1220 1152 1280 quare,
1181 1201 1544 1268 Intellectus.
1584 1198 2068 1263 inscribitur.Di-

503 1284 656 1346 citur
686 1298 882 1349 autem
921 1291 1181 1369 psalmus
1215 1291 1430 1353 Eman
1464 1309 1620 1364 esse,
1671 1293 1727 1351 in
1760 1289 2006 1369 Egypto
2038 1307 2072 1348 a

502 1373 700 1455 Moyse
735 1377 940 1440 lactus.
975 1379 1082 1440 Hic
1113 1389 1308 1441 autem
1343 1380 1552 1442 lEman
1606 1397 1793 1457 nepos
1823 1388 1949 1440 erat
1977 1376 2069 1438 Is-

503 1464 703 1535 raelis,
768 1472 972 1545 utpote
1018 1469 1119 1546 qui
1173 1470 1504 1530 descendet
1523 1486 1592 1530 ex
1623 1468 1787 1540 Zara,
1817 1467 1918 1548 qui
1948 1476 2075 1528 erat

502 1553 659 1614 ﬁlius
687 1553 856 1616 Judae
887 1557 990 1617 lilii
1025 1557 1282 1620 lsraelis.

499 1645 560 1702 ‘2.
594 1644 850 1705 Domine
881 1645 1034 1708 Deus
1061 1645 1286 1709 salutis
1329 1665 1494 1721 mea,
1553 1650 1615 1708 in
1660 1648 1757 1708 die
1785 1644 2066 1710 clamavi.

2159 513 2264 551 σιν.
2323 491 2701 550 Ἀποκλαίεται
2773 491 2827 548 δὲ
2885 494 2974 550 καὶ
3029 495 3128 560 τὴν
3185 493 3558 570 Ἰερουσαλὴμ,
3594 494 3684 551 εἴτε
3723 494 3786 564 δῆ

2157 579 2558 655 ἐκπεσουμὲνην
2617 587 2717 648 τῆς
2771 584 2844 644 εἰς
2900 584 3055 638 αὐτὸν
3109 581 3350 648 ελπιδος.
3436 583 3580 650 Αὕτη
3648 583 3702 640 δὲ
3753 587 3787 652 ἡ

2156 669 2532 748 ⁹ιερουσαλὴμ,
2591 669 2712 738 ἤτοι
2767 671 2796 726 ὁ
2853 670 3005 745 λαὸς,
3067 671 3231 727 παλαι
3291 672 3413 728 οἶόν
3475 694 3549 736 τις
3625 675 3790 753 χορὸς

2157 759 2248 829 ἧν,
2306 761 2435 815 καθὸ
2504 761 2591 815 καὶ
2677 762 2823 836 μερὶς
2895 761 3053 816 αῦτοῦ
3109 761 3196 816 καὶ
3250 759 3452 840 κλῆρος
3509 783 3791 840 προσηγο-

2156 849 2357 926 ρεύετο⁶
2412 847 2492 905 διὸ
2534 849 2622 905 καὶ
2664 851 2794 926 πρὸς
2857 848 3061 905 Μαελεθ
3116 848 3497 928 ἐπιγέγραπται
3567 854 3596 907 ὃ
3643 850 3787 927 ψαλ-

2153 939 2277 1010 πὸς,
2338 937 2366 993 ὅ
2419 937 2528 994 ἐστι
2574 940 2791 1018 χορείας
2848 938 2970 1006 ἤτοι
3033 946 3216 1019 χοροῦ.
3295 937 3492 1007 Επειδη
3550 937 3608 997 δὲ
3664 930 3792 1017 βαῶ

2151 1028 2212 1081 τὸ
2259 1034 2484 1104 Χριστοῦ
2545 1029 2834 1103 μυστήριον
2865 1039 2895 1099 ,“
2955 1031 3042 1084 καὶ
3115 1027 3230 1084 λίαν
3304 1026 3507 1097 λεπτῆς
3561 1027 3790 1092 διανοίας

2156 1112 2240 1171 δεῖ
2289 1121 2652 1190 πνευματικῆς
2745 1118 2874 1194 πρὸς
2950 1121 3010 1172 τὸ
3101 1118 3357 1179 συνιέναι.
3382 1119 3532 1175 αῦτόο
3605 1118 3790 1174 τούτου

2153 1205 2317 1283 χάριν
2379 1203 2648 1267 Συνέσεως
2710 1205 3122 1284 ἐπιφὲγραπται.
3178 1207 3396 1283 Λέγεται
3452 1205 3508 1263 δὲ
3548 1209 3645 1264 τοῦ
3695 1209 3790 1264 Al-

2153 1294 2259 1367 μὰν
2324 1297 2463 1349 εἶναι
2521 1297 2548 1350 ὁ
2605 1292 2840 1368 ψαλμὸς,
2911 1295 2963 1349 ὲν
3057 1296 3303 1372 Αἰγύπτῳ
3371 1297 3499 1374 πρὸς
3561 1295 3792 1356 Μωσέως

2157 1383 2546 1456 πεποιημένος.
2595 1385 2757 1446 Οὗτος
2817 1381 2872 1438 δὲ
2922 1386 2949 1440 ὃ
3017 1385 3184 1458 Αἷμὰν
3241 1383 3369 1463 (39)
3424 1385 3688 1462 ἀπόγονος
3730 1385 3794 1451 ἧν

2156 1479 2250 1528 τοῦ
2301 1469 2542 1542 Ἰσραὴλ,
2603 1471 2694 1528 ἅτε
2742 1471 2959 1548 ἔκγονος
3015 1473 3090 1527 ὢν
3147 1481 3240 1530 τοῦ
3293 1474 3454 1552 Ζαρὰ,
3488 1474 3548 1537 ὃς
3579 1473 3646 1540 ἦν
3686 1474 3792 1536 υἱὸς

2155 1567 2248 1615 τοῦ
2311 1557 2496 1630 Ἰούδα,
2561 1569 2653 1617 τοῦ
2704 1561 2816 1615 υἱοῦ
2874 1559 3110 1638 Ἰσραὴλ,

2239 1651 2389 1726 Κύριε
2435 1651 2461 1703 ὁ
2523 1650 2652 1712 Θεὸς
2725 1650 2820 1714 τῆς
2905 1651 3167 1726 σωτηρίας
3238 1672 3364 1729 μου,
3418 1649 3625 1722 ημέρας
3673 1650 3790 1706 ἐκέ-

420 1730 643 1811 Utpote
673 1731 888 1808 bonus,
923 1754 1055 1796 cum
1089 1737 1317 1798 videret
1347 1737 1547 1817 populi
1583 1735 1809 1815 lapsum
1845 1743 1904 1794 et
1933 1733 2063 1794 dis-

2163 1736 2337 1813 ιιραξα,
2391 1735 2534 1793 "Acs
2586 1737 2782 1814 ἀγαθὸς
2838 1739 2938 1806 ὢν,
3021 1736 3169 1800 εἰδὼς
3220 1739 3314 1804 τὴν
3369 1737 3640 1795 ἔκπτωσιν
3706 1746 3793 1794 τοῦ

419 1819 604 1900 cipuli
638 1822 987 1900 perniciem,
1027 1843 1236 1906 preces
1266 1845 1370 1904 pro
1405 1827 1476 1886 iis
1507 1825 1760 1886 eﬂ'undit
1807 1823 1878 1883 ad
1945 1821 2060 1883 Pa-

2163 1833 2276 1882 ’.αοῦ
2340 1828 2426 1882 καὶ
2498 1829 2596 1894 τὴν
2669 1834 2761 1883 τοῦ
2843 1831 3083 1900 μαθητοῦ
3157 1827 3450 1900 ἀπώλειαι,
3505 1829 3604 1892 τὰς
3665 1829 3790 1906 ὑπὲρ

420 1916 592 1989 trem,
629 1919 712 1982 ut,
771 1910 1167 1992 improbitatis
1221 1915 1468 1976 minime
1517 1912 1854 1995 participes,
1894 1913 2054 1973 salu-

417 2007 537 2060 tem
569 2009 627 2060 et
655 1999 771 2076 ipsi
804 2020 910 2081 per
939 2022 1077 2064 eum
1117 2006 1623 2075 nanciscerentur.

493 2178 552 2238 4.
589 2175 752 2252 Quia
783 2180 1012 2258 repleta
1055 2189 1139 2243 est
1167 2184 1348 2244 malis
1378 2189 1590 2244 anima
1622 2200 1773 2242 mea.
1799 2179 2062 2240 Tametsi

424 2266 558 2346 ipse
617 2277 860 2346 peccata
909 2277 1108 2332 nostra
1151 2271 1411 2350 pertulit,
1445 2282 1502 2334 et
1535 2290 1638 2352 pro
1671 2269 1844 2330 nobis
1873 2267 2036 2330 dolet

411 2356 548 2434 jure
577 2373 642 2416 se
676 2355 846 2418 malis
896 2360 1188 2438 repletum
1244 2364 1323 2422 ait
1402 2363 1479 2424 Et
1503 2363 1623 2422 vita
1654 2377 1790 2420 mea
1817 2357 2061 2434 inferno

415 2447 954 2525 appropinquavit.
985 2448 1108 2510 Hoc
1135 2452 1213 2510 ait
1256 2452 1396 2531 quia
1429 2469 1534 2532 per
1556 2450 1800 2528 gratiam
1830 2447 1932 2507 Dei
1957 2466 2059 2526 pro

419 2534 690 2595 universo
725 2537 945 2598 mundo
976 2539 1223 2616 gustavit
1259 2550 1534 2602 mortem.

499 2712 557 2772 5.
598 2710 818 2774 Factus
847 2731 983 2775 sum
1011 2716 1168 2778 sicut
1189 2717 1364 2779 homo
1389 2719 1524 2780 sine
1563 2719 1873 2798 udjutorio
1903 2719 2062 2778 inter

420 2808 689 2862 mortuos
713 2800 886 2864 liber.
909 2803 1085 2864 Solus
1112 2807 1284 2866 .lesus
1307 2815 1363 2867 et
1396 2817 1662 2867 mortuus
1691 2819 1778 2869 est
1813 2828 1920 2885 pro
1956 2808 2053 2867 ini-

419 2887 739 2977 quitatibus
785 2891 988 2970 populi
1045 2892 1257 2954 ductus
1287 2896 1357 2954 ad
1395 2905 1669 2970 mortem,
1698 2897 1867 2977 juxta
1897 2897 2066 2959 Isaiae

418 2995 624 3038 vocem
655 2975 797 3038 ’ozet
830 2989 1099 3042 mortuus
1130 3002 1263 3042 cum
1297 2993 1455 3044 esset
1483 2984 1643 3045 solus
1674 2975 1799 3046 erat
1831 2983 2060 3047 liber”.

421 3065 626 3146 Neque
657 3067 816 3128 enim
851 3080 1154 3146 peccatum
1183 3071 1436 3134 habebat
1467 3074 1626 3150 quod
1660 3075 1855 3154 ipsum
1894 3077 2062 3138 morti

421 3155 642 3217 faceret
671 3155 1406 3240 obnoximn.Quapropter
1435 3163 1575 3222 dixit
1597 3160 1671 3222 ηε
1699 3164 2066 3227 Potestatem

420 3244 609 3306 habeo
637 3246 902 3323 ponendi
934 3249 1205 3309 animum
1237 3267 1457 3324 meam,
1482 3260 1538 3312 et
1560 3255 1780 3313 iterum
1803 3262 2067 3332 potesta-

423 3342 538 3397 tem
571 3335 758 3396 habeo
785 3353 895 3396 sum
925 3337 1067 3398 cudi
1090 3356 1246 3402 eam.
2036 3418 2044 3427 _

500 3424 562 3486 6'.
618 3423 790 3486 Sicut
846 3425 1157 3489 vulnerati
1218 3428 1588 3492 dormientes
1636 3436 1700 3492 in
1743 3423 2065 3508 sepulcris.

419 3511 664 3591 Similis,
701 3511 914 3593 inquit,
946 3515 1135 3577 factus
1185 3537 1318 3578 sum
1356 3518 1706 3580 hominibus
1748 3520 2068 3582 vulneratis

421 3611 480 3662 et
502 3600 844 3680 jacentibus
877 3602 933 3662 in
967 3605 1387 3686 sepulcris,qui
1419 3624 1552 3670 cum
1586 3615 1752 3669 tuum
1781 3609 2064 3670 auxilium

424 3708 540 3750 non
564 3691 952 3768 accepissent,
994 3714 1108 3754 non
1142 3706 1500 3774 acceperunt
1531 3702 2054 3758 resurrectionem.

421 3777 540 3854 Ego
573 3787 764 3838 autem
808 3779 1144 3842 vulneratus
1195 3803 1324 3844 sum
1383 3785 1594 3864 inquit,
1642 3795 1874 3864 propter
1917 3805 2056 3862 pec-

418 3875 545 3927 cata
577 3867 868 3946 populi,et
906 3873 961 3929 in
989 3873 1285 3948 sepulcris
1315 3873 1531 3946 fui,sed
1560 3893 1676 3934 non
1713 3873 1794 3935 ibi
1817 3893 2056 3935 reman-

421 3955 493 4028 si,
522 3953 656 4043 quia
678 3963 734 4014 et
768 3968 900 4034 post
930 3959 1429 4034 vulnerationem,
1474 3973 1531 4023 et
1565 3971 1694 4043 post
1726 3963 2058 4039 depositio-

426 4061 561 4104 nem
595 4041 654 4101 in
685 4044 985 4126 sepulcro,
1023 4048 1138 4108 mei
1174 4049 1519 4126 meministi.
1549 4041 1873 4114 Resurrexi
1897 4054 2058 4114 enim

421 4131 644 4194 calcata
674 4149 789 4190 mon
810 4141 891 4195 te.

502 4222 562 4284 8.
598 4218 796 4298 Super
825 4241 919 4284 me
948 4226 1341 4303 eonﬁrmatus
1389 4239 1481 4289 est
1527 4231 1702 4306 furor
1749 4240 1914 4294 tuus.
1950 4232 2064 4293 Fu-

423 4327 617 4373 rorem
652 4306 758 4369 Dei
789 4320 955 4372 vocat
988 4313 1464 4376 maledictioziem
1500 4335 1612 4376 mo:
1637 4317 2058 4390 tis,hominum

423 4395 628 4481 generi
661 4397 877 4460 illatam
912 4400 1057 4472 Quia
1083 4402 1258 4481 igitur
1289 4405 1625 4466 maledictio
1659 4425 1762 4486 pro
1788 4408 1960 4468 nobis
1986 4407 2058 4467 fa-

2163 4405 2367 4460 ιανατου
2454 4406 2705 4479 κατάραν.
2783 4401 3001 4468 Ἐπειδή
3088 4403 3258 4458 τοίνυν
3343 4405 3561 4479 γέγονεν

424 4500 552 4551 ctus
583 4501 693 4565 est,
724 4491 859 4552 ideo
883 4491 1140 4554 furorem
1180 4495 1283 4556 Dei
1316 4514 1498 4574 super
1527 4515 1592 4557 se
1639 4498 2059 4558 confirmatum

423 4579 590 4643 dicit.

502 4671 580 4730 Et
611 4687 818 4731 omnes
844 4672 1055 4748 ﬂuctus
1085 4681 1218 4733 tuos
1239 4671 1544 4735 induxisti
1573 4691 1755 4752 super
1783 4691 1896 4736 me.
1923 4673 2062 4734 Flu-

424 4767 557 4819 ctus
578 4759 702 4821 sive
733 4759 1023 4821 elationes
1055 4771 1240 4829 vocat,
1269 4761 1683 4823 vehementem
1709 4781 1940 4842 pinnam
1962 4763 2067 4822 ho-

425 4847 694 4908 minibus
726 4848 1232 4926 prmvancationis
1257 4868 1432 4910 causa
1478 4849 1785 4914 iullictam.
1822 4851 2065 4928 Signiﬁ-

422 4944 515 4996 cat
547 4938 686 4996 item
722 4949 1003 4999 mortem.

504 5112 562 5175 9.
589 5112 788 5192 Longe
817 5116 1016 5193 recisi
1053 5125 1219 5179 notos
1250 5136 1407 5179 meos
1433 5136 1467 5178 ιι
1503 5136 1615 5180 me.
1665 5115 1790 5178 Hoc
1821 5117 1901 5178 ait
1931 5118 2068 5198 quia

427 5211 646 5282 lelﬂpOt
666 5221 698 5262 e
718 5203 1012 5282 passionis
1038 5223 1248 5266 omnes
1271 5205 1646 5284 reliquerunt
1667 5207 2066 5268 eum.P0sue-

426 5297 566 5350 runt
585 5307 680 5351 me
699 5291 1212 5354 abominatiouem
1233 5293 1530 5355 sib;.Vide
1542 5294 1841 5372 quomodo
1866 5295 2070 5356 etiam-

528 5448 724 5512 901sa.
757 5467 881 5531 un,
915 5453 973 5515 8.

2147 1917 2318 1970 αῦτών
2376 1915 2748 1990 ἀναπέμπεται
2816 1919 2947 1992 πρὸς
2998 1918 3091 1972 τὸν
3144 1917 3351 1994 Πατέρα
3396 1918 3593 1996 ublic
3648 1917 3789 1979 ὅπως

2146 2003 2229 2074 ἂν,
2277 2008 2372 2072 τῆς
2408 2006 2595 2068 κακίας
2655 2006 2731 2078 μὴ
2799 2003 3211 2079 μεταὶηαϐοοτες,
3272 2008 3359 2062 καὶ
3408 2007 3556 2062 αὐτοὶ
3585 2012 3685 2073 τῆς
3727 2005 3791 2062 δι’

2149 2097 2308 2152 αὑτοῦ
2339 2094 2602 2171 σωτηρίας
2637 2095 2876 2172 τύχοιεν,

2229 2180 2362 2238 "Ott
2408 2181 2649 2251 ἐπλήσθη
2711 2190 2890 2238 κακῶν
2949 2185 2981 2247 ἡ
3058 2186 3212 2262 ψυχή
3273 2206 3397 2258 μου.
3456 2187 3650 2248 [εἶκαὶ
3694 2207 3790 2241 αυ-

2145 2273 2235 2335 τὸς
2278 2273 2371 2334 τὰς
2420 2271 2676 2346 ἁμαρέίας
2725 2274 2886 2344 ἡμῶν
2944 2270 3227 2342 ἐϐάστασε,
3317 2275 3407 2329 καὶ
3462 2275 3584 2351 περὶ
3640 2276 3788 2344 ἡμῶν

2146 2359 2413 2438 ὀδυνᾶται,
2474 2360 2694 2422 εἰκότως
2783 2364 2872 2417 καὶ
2935 2365 3116 2418 κακῶν
3178 2361 3561 2436 ἐμπέπλησταί
3633 2385 3784 2440 φησι,

2150 2451 2244 2506 Καὶ
2321 2453 2350 2516 ἦ
2418 2452 2514 2519 ζοή
2602 2473 2702 2522 μοι)
2788 2457 2864 2523 τῷ
2950 2449 3048 2526 ᾅδῃ
3133 2450 3346 2528 ἧγγισε.
3395 2455 3564 2510 Τοῦτό
3608 2473 3788 2532 φησιν,

2145 2537 2330 2605 ἐπειδη
2402 2539 2533 2613 ὑπὲρ
2598 2540 2797 2599 παντὸς
2884 2540 3067 2616 χάριτι
3139 2547 3270 2597 Θεοῦ
3351 2541 3609 2617 εγεύσατο
3711 2545 3793 2598 θα-

2147 2627 2325 2687 νάτου.

2227 2714 2524 2791 Ἐγενήθην
2575 2715 2701 2770 ὡσεὶ
2763 2714 3035 2794 ἅνθρωπος
3087 2717 3396 2788 ἀϐοήθητος
3465 2723 3518 2775 ἓν
3575 2721 3783 2798 νεκροῖς

2149 2803 2438 2881 ἐλεύθερος.
2523 2804 2692 2867 Μόνος
2751 2802 2957 2871 Ἰησοῦς
3019 2808 3103 2863 καί
3169 2807 3426 2864 ἀπέθανεν
3501 2808 3636 2883 ὑπὲρ
3689 2814 3788 2864 τῶν

2149 2893 2386 2964 ἀνομιῶν
2439 2893 2530 2948 τοῦ
2589 2891 2718 2952 λαοῦ
2770 2895 3029 2970 ἀγόμενος
3091 2899 3162 2958 εἷς
3222 2899 3472 2967 θάνατον,
3503 2896 3640 2952 lati:
3696 2897 3788 2964 τὴν

2149 2982 2164 3004 9
2290 2985 2312 3004 ,Ι
2581 2983 2592 3002 Ι
2790 2987 2801 3001 1
2991 2987 3002 3002 1
3121 2985 3133 3003 \
3313 2986 3336 3002 ﬂ
3387 2987 3395 3002 Ι
3559 2988 3579 2998 ο

2172 2989 2378 3038 Ησαιου
2448 2998 2650 3062 φωνην·
2718 3005 2806 3039 και
2866 3007 3046 3063 νεκρος
3103 2987 3162 3040 ἀν
3221 2985 3490 3062 ἐλεύθερος
3551 3011 3616 3054 ην
3687 2987 3786 3061 μό-

2150 3069 2252 3136 νος’
2338 3074 2398 3128 οῦ
2458 3074 2558 3151 γὰρ
2617 3074 2779 3152 εἶχεν
2837 3073 3096 3150 ἁμαρτίαν
3157 3075 3257 3140 τὴν
3327 3077 3570 3155 κάτοχον
3642 3075 3790 3131 αὑτὸν

2150 3169 2437 3218 ποισοῦσλν
2497 3163 2728 3236 θανάτῳ·
2798 3165 2891 3218 Διὸ
2951 3165 3038 3218 καὶ
3081 3163 3284 3241 ἔλεγενο
3347 3161 3622 3228 Ἐξουσίαν
3676 3165 3790 3244 ἔχω

2149 3253 2320 3305 θεῖναι
2379 3262 2478 3316 την
2534 3252 2720 3330 ψυχήν
2793 3272 2918 3330 μου,
3007 3255 3095 3308 καὶ
3172 3251 3334 3310 πάλιν
3393 3251 3628 3318 ἐξουσίαν
3676 3252 3789 3332 ἔχω

2151 3335 2340 3394 λαϐεῖν
2373 3340 2560 3407 usus».

2231 3427 2344 3483 ἰὶεὶ
2434 3429 2747 3502 τραυματίαι
2833 3427 3171 3490 καθεύδοντες
3225 3427 3278 3484 ἐν
3363 3431 3529 3508 ταφῳ.
3614 3429 3783 3507 Παρό-

2152 3539 2304 3591 μοιος
2337 3563 2350 3587 ,
2409 3518 2560 3595 φησὶ,
2641 3516 2834 3593 γέγονα
2901 3518 3194 3594 ἀνθρώποις
3253 3519 3783 3596 τετραυματισμένοις

2152 3607 2237 3661 καὶ
2293 3607 2556 3678 κειμένοις
2613 3605 2666 3660 ἐν
2738 3608 3010 3680 μνήμασιν
3043 3655 3058 3682 ⁷
3140 3609 3216 3684 οἳ,
3279 3613 3377 3674 τῆς
3411 3612 3509 3672 σῆς
3587 3609 3662 3680 μὴ
3694 3629 3781 3662 τυ-

2153 3694 2344 3772 χόντες
2388 3693 2714 3768 ἐπικουρίας,
2751 3699 2810 3752 οὗ
2841 3695 3202 3772 τετυχήκασίν
3258 3696 3625 3760 ἀναστάσεως.
3650 3695 3786 3770 Ἐγὼ

2145 3783 2200 3838 δὲ
2261 3784 2759 3860 τετραυματισμαι,
2821 3784 2972 3860 φησὶ,
3040 3782 3123 3838 διὰ
3179 3784 3274 3844 τας
3374 3785 3630 3861 ἁμαρτίας
3702 3792 3787 3841 τοῦ

2145 3872 2299 3949 λαοῦ,
2337 3874 2425 3927 καὶ
2485 3871 2538 3926 ἐν
2597 3872 2783 3949 τάφοις
2842 3873 3058 3947 γέγονα,
3123 3872 3182 3926 οῦ
3226 3872 3334 3943 μὴν
3377 3874 3463 3927 καὶ
3507 3873 3780 3947 ἀπέμεινα·

2145 3959 2276 4016 διότι
2348 3982 2447 4030 μου
2498 3961 2583 4015 καὶ
2639 3960 2774 4032 μετα
2819 3961 2916 4026 τὴν
2980 3964 3178 4037 τρῶσιν
3246 3961 3333 4015 καὶ
3437 3962 3538 4026 τὴν
3595 3961 3648 4016 ἐν
3714 3965 3786 4032 τῷ

2144 4051 2297 4128 τάφῳ
2353 4052 2629 4106 κατάθεσιν
2683 4048 2978 4122 ἐμνήσθης.
3051 4044 3311 4113 Ἀνέστην
3384 4049 3484 4126 γὰρ
3542 4050 3780 4118 πατήσας

2149 4139 2243 4194 τὸν
2306 4138 2550 4195 θάνατον.

2228 4225 2346 4284 Ἐπ’
2378 4227 2473 4299 ἐμὲ
2503 4227 2868 4304 ἐπεστηρίχθη
2899 4228 2926 4281 ὁ
2955 4225 3117 4299 θυμός
3162 4247 3279 4286 σου.
3319 4228 3492 4299 Θυμὸν
3523 4233 3616 4282 τοῦ
3659 4233 3782 4282 Θεοῦ

2147 4337 2276 4393 φησι
2325 4315 2415 4382 τὴν
2477 4315 2862 4393 ἐπενεχθεῖσαν
2905 4320 2982 4386 τῷ
3035 4313 3140 4368 τῶν
3212 4313 3500 4391 ἀνθρώπιον
3529 4314 3667 4391 γένε.
3697 4317 3784 4368 τοῦ

3660 4401 3778 4478 ὅπερ

2144 4498 2303 4566 ἡμῶν
2362 4495 2584 4569 κατάρα,
2642 4496 2794 4547 τούτο
2854 4493 3012 4570 χάριν
3062 4494 3152 4546 τὸν
3213 4493 3374 4565 θυμὸν
3412 4500 3500 4548 τοῦ
3533 4490 3660 4547 Θεοῦ
3699 4489 3760 4544 ἐπ

2153 4584 2307 4637 αὐτὸν
2338 4580 2720 4659 ἐπεστηρίχθαι
2750 4579 2900 4656 φησί,

2237 4672 2332 4728 Καὶ
2397 4672 2597 4730 πάντας
2691 4671 2808 4732 τοὺς
2865 4669 3268 4746 μετεωρισμούς
3352 4690 3448 4726 σου
3518 4670 3778 4744 ἐπήγαγες

2152 4758 2237 4815 ἐπ’
2294 4759 2407 4832 ἐμὲ.
2475 4758 2880 4833 Μετεωρισμοῦς
2932 4757 3029 4823 τήν
3087 4758 3226 4830 μετὰ
3274 4755 3628 4835 σφοδρότητος
3683 4755 3780 4810 ἐπ-

2151 4852 2462 4927 ενεχθεϊσαν
2522 4855 2598 4917 τῷ
2653 4853 2757 4902 τῶν
2813 4845 3101 4923 ἀνθρώπων
3159 4845 3296 4921 γένει
3352 4846 3481 4923 ὑπὲρ
3531 4845 3624 4913 τῆς
3674 4864 3776 4898 π²⁹

2153 4937 2424 5014 ραϐασεως
2473 4933 2623 5000 δίκην
2680 4934 2830 5013 φησί,
2894 4935 3149 5007 Σημαίνει
3211 4932 3267 4989 δὲ
3341 4933 3497 4990 πάλιν
3558 4935 3642 4989 τὸν
3685 4935 3779 4986 θα-

2283 3919 2299 3950 2

2151 5049 2332 5088 νατον,

2233 5117 2558 5191 Ἐμάκρυνας
2669 5116 2789 5174 τοῦς
2901 5114 3169 5189 γνωστούς
3269 5136 3371 5186 μου
3456 5113 3548 5168 ἀπ’
3632 5111 3776 5178 ἐμοῦ.

2154 5205 2316 5264 Τοῦτό
2362 5227 2546 5282 φησιν,
2605 5201 2790 5268 ἐπειδὴ
2861 5203 3049 5264 παντες
3113 5204 3268 5260 αὐτὸν
3326 5201 3612 5258 κατέλιπον
3654 5199 3779 5255 κατὰ

2153 5299 2243 5355 τὸν
2298 5305 2389 5353 τοῦ
2447 5295 2638 5352 πίθους
2697 5312 2896 5355 καιοον.
2945 5288 3180 5347 ’Ἤθεντό
3222 5312 3286 5365 με
3355 5289 3621 5366 βδέλυγμα
3653 5288 3776 5361 Epu-

1059 5453 1106 5495 ²¹
1144 5451 1272 5514 Psal
1331 5469 1591 5526 cxxxvu,
1624 5454 1682 5516 6.
1769 5450 1822 5494 ’9
1851 5451 2025 5517 Joan.
2057 5473 2116 5530 x,
2150 5454 2250 5518 18.

520 5579 640 5658 (39}
670 5579 768 5641 Sic
801 5579 1043 5664 Vulgata
1072 5581 1294 5644 Eman.
1328 5580 1444 5645 Sed
1469 5582 1671 5644 Graeca
1704 5582 2074 5645 Psalmorum
2103 5581 2492 5664 exemplaria,
2515 5580 2707 5656 ’EOép.
