3992 6208
464 381 580 452 387

1255 381 1312 446 S.
1360 380 1782 446 ATHANASII
1829 371 1989 444 OPP.
2039 375 2252 444 PARS.
2301 380 2409 442 III.
2473 417 2530 425 -ι
2587 379 3040 444 EXEGETICA.

3719 381 3824 448 388

462 524 593 602 ejus
626 522 986 602 praestantia.
1019 520 1210 599 Atque
1241 519 1300 579 id
1331 518 1448 580 sibi
1479 519 1600 580 vult
1633 519 1774 580 illud
1813 537 1826 580 :
1861 517 2086 578 Firme‘

2188 537 2277 579 τος
2309 517 2465 572 αὐτοῦ
2497 517 2762 594 ὑπεροχή.
2801 518 2898 572 Καὶ
2946 516 3100 572 τοῦτό
3159 517 3272 572 ἐστι
3334 517 3414 571 τό·
3490 518 3824 594 Κραταιωθήο-

470 621 561 672 tur
592 631 790 670 manus
826 620 944 678 tua,
966 613 1230 668 exaltatur
1265 612 1487 668 dextera
1536 620 1650 666 tua.

541 703 638 769 16,
677 700 773 759 ti.
809 698 1027 759 Beatus
1057 699 1313 776 populus
1343 698 1448 773 qui
1507 699 1616 758 scit
1656 695 2107 774 jubilatiunem.

461 791 778 868 Postquam
861 786 1199 865 praedicavit
1248 785 1718 846 incarnationem
1782 782 2105 861 Unigeniti,

455 879 592 958 jure
619 877 823 938 beatos
855 875 1134 954 praedicat
1169 893 1270 936 eos
1297 874 1400 954 qui
1435 876 1543 934 hoc
1579 873 1926 951 mysterium
1974 869 2102 932 edi-

458 965 738 1029 dicerint.
760 961 886 1027 Hoc
916 973 1112 1025 autem
1147 973 1237 1024 est
1269 963 1528 1023 victoria)
1559 970 1824 1022 carmina
1855 960 1970 1039 ipsi
2001 978 2100 1020 ca-

453 1072 619 1117 nere.
654 1052 928 1114 Jubilatio
961 1053 1119 1114 enim
1174 1061 1266 1113 est
1304 1050 1604 1112 canticum
1662 1050 1736 1110 de
1797 1049 2104 1126 prostratis

451 1142 713 1205 inimicis
743 1142 992 1204 editum.
1029 1140 1140 1202 Pro
1171 1138 1345 1202 nobis
1387 1139 1544 1199 enim
1612 1157 1866 1218 pugnam
1930 1155 2098 1196 com-

454 1232 616 1293 misit
642 1249 710 1290 ac
743 1230 961 1291 devicit
1000 1228 1375 1291 adversaries
1435 1235 1775 1308 potestates.
1819 1227 2098 1298 Domine,

450 1324 518 1384 in
549 1321 777 1382 lumine
805 1319 1008 1380 vultus
1040 1319 1128 1380 tui
1159 1317 1577 1389 ambulabunt,
1640 1324 1699 1377 et
1751 1319 1814 1378 in
1865 1319 2106 1378 nomine

454 1418 557 1473 tuo
578 1408 993 1472 exsultabant.
1048 1410 1296 1469 Sanctos
1354 1405 1656 1484 apostolos
1713 1423 1851 1466 suos
1903 1403 2107 1464 beatos

455 1498 757 1579 praedicat.
795 1499 934 1578 quia
993 1501 1234 1556 nomine
1267 1511 1322 1556 et
1353 1496 1571 1556 virtute
1623 1496 1754 1573 ejus
1813 1492 2109 1574 stupenda

450 1587 550 1648 illa
585 1603 767 1667 opera
803 1583 1087 1646 edebant.

525 1681 612 1736 t8.
643 1676 716 1734 Et
746 1679 806 1734 in
843 1677 1164 1748 beneplacito
1222 1684 1318 1732 tuo
1375 1670 1703 1733 excitabitur
1764 1689 1930 1731 cornu
2008 1688 2107 1730 no-

447 1772 670 1828 strum.
706 1762 903 1826 Cornu
951 1762 1098 1823 dicit
1158 1761 1427 1839 gloriam.
1494 1761 1650 1821 Dicit
1706 1759 1885 1836 igitur
1941 1749 2106 1839 quasi

450 1857 684 1917 Patrem
723 1852 1037 1931 alloquens
1073 1869 1086 1912 :
1122 1849 1416 1921 Quoniam
1453 1849 1559 1910 tibi
1593 1849 1811 1928 placuit
1865 1849 2098 1910 mittere

448 1941 852 2021 Unigenitum,
889 1939 1022 2001 ideo
1056 1939 1245 2016 gloria
1269 1944 1473 2002 nostra
1508 1939 1763 2001 excitata
1806 1945 1918 1999 est.
1952 1935 2098 1998 Glo-

448 2031 658 2092 riticati
705 2031 864 2092 enim
912 2047 1118 2089 sumus
1157 2029 1610 2090 conresnscitati
1643 2045 1777 2088 cum
1839 2027 2099 2099 Christo,

447 2129 508 2184 et
539 2129 854 2198 regnantes
877 2137 1013 2178 cum
1047 2117 1149 2178 illo
1181 2116 1256 2176 ³⁷.

533 2211 633 2270 20.
676 2208 836 2270 Tunc
866 2209 1098 2270 locutus
1127 2225 1191 2269 es
1221 2209 1286 2270 in
1317 2209 1546 2270 visione
1572 2206 1719 2286 ﬁliis
1740 2208 1882 2268 tuis.
1907 2203 2096 2283 Tunc,

459 2299 608 2372 sive,
632 2297 796 2370 olim,
816 2297 920 2376 ait,
947 2314 1050 2375 per
1071 2297 1332 2374 visiones
1354 2299 1749 2378 propheticas,
1779 2296 1914 2355 ﬁliis
1961 2293 2098 2374 tuis,

460 2388 534 2448 iis
572 2386 804 2447 scilicet
859 2387 960 2465 qui
1010 2387 1078 2446 ad
1144 2384 1400 2447 ﬁliorum
1459 2386 1562 2447 Dei
1615 2386 1992 2463 adoptionem
2045 2397 2101 2445 et

452 2476 803 2556 dignitatem
834 2475 1025 2535 vocati
1057 2486 1216 2550 sunt,
1265 2477 1496 2536 locutus
1541 2493 1628 2536 es.
1691 2473 1842 2545 Quid
1901 2476 2097 2534 autem

447 2565 682 2627 locutus
699 2583 762 2625 es
787 2564 902 2624 nisi
927 2562 1289 2626 illudzPosui
1314 2565 1682 2639 adiutorium
1707 2564 1775 2622 in
1794 2569 2037 2639 potente
2068 2563 2099 2620 ?

447 2652 703 2715 Perinde
727 2662 924 2715 autem
947 2662 1036 2713 est
1055 2671 1125 2714 ac
1148 2654 1194 2711 si
1220 2655 1452 2713 diceret
1479 2673 1492 2715 :
1527 2650 1675 2712 Dedi
1723 2651 2008 2711 auxilium
2031 2649 2093 2710 in

445 2749 693 2824 potente
711 2741 964 2802 infirmis
987 2751 1044 2802 et
1066 2761 1097 2802 a
1128 2744 1359 2803 Satanae
1382 2742 1686 2822 tyrannide
1701 2740 2097 2818 oppressis,ut

443 2833 836 2910 confugerent
859 2831 930 2891 ad
956 2839 1280 2910 potentem.
1307 2830 1523 2892 Potens
1547 2838 1741 2890 autem
1763 2829 1885 2900 ille,
1914 2846 2088 2907 quem

2196 625 2270 658 τω
2291 607 2323 671 ἡ
2353 607 2473 683 χείρ
2504 622 2617 660 σου³
2667 606 2933 678 ὑψωθήτω
2965 608 2996 673 ἡ
3021 604 3160 670 δεξιά
3193 629 3311 664 σου.

2275 695 2546 770 Μακάριος
2623 698 2648 750 6
2707 695 2835 757 λαὸς
2906 698 2931 750 6
2990 698 3268 772 γινώσκων
3327 695 3662 774 ἁλαλαγμόν,
3725 709 3824 763 Kn-

2193 781 2344 859 ρύΞας
2432 785 2530 850 τὴν
2615 784 3009 860 ἐνανθρωπησιν
3068 788 3159 840 τοῦ
3203 793 3556 862 Μονογενοῦς,
3617 787 3821 849 εἰκότως

2193 873 2471 950 μακαρίζει
2540 875 2658 938 τοὺς
2739 876 2800 928 τὸ
2882 874 3038 929 αὐτοῦ
3125 874 3450 950 ἐκμαθόντας
3526 879 3821 952 μυστήριον,

2188 968 2352 1017 Τοῦτο
2375 960 2428 1016 δέ
2474 963 2583 1018 ἐστι
2611 965 2671 1017 τὸ
2702 964 2817 1026 τοὺς
2850 962 3131 1026 ἐπινικίους
3192 962 3334 1021 ἃδειν
3392 965 3554 1038 αὐτῷ.
3607 962 3825 1020 Ἀλαλασ

2188 1051 2325 1124 γμὸς
2358 1051 2455 1128 γάρ
2487 1049 2628 1106 ἐστιν
2659 1053 2691 1118 ἡ
2723 1053 2807 1106 ἐπὶ
2849 1065 2967 1112 τοῖς
3009 1059 3260 1107 πεσοῦσιν
3290 1056 3508 1133 ἔχθροτς
3573 1054 3818 1128 γινομένη

2187 1135 2322 1210 ᾠδή.
2371 1138 2706 1216 Παρετάξατο
2739 1139 2793 1196 δὲ
2852 1141 2980 1218 ὑπὲρ
3039 1141 3216 1219 ἡμῶν,
3295 1145 3380 1196 καὶ
3439 1143 3677 1209 νενίκηκε
3733 1165 3821 1206 τα(

2187 1226 2554 1303 ἀντικειμένας
2579 1228 2847 1303 δυνάμεις,
2881 1232 3056 1307 Κύριε,
3105 1233 3158 1285 ὲν
3209 1234 3286 1304 τῷ
3333 1233 3464 1310 φωτὶ
3514 1238 3606 1288 τοῦ
3663 1254 3822 1310 προσ-

2187 1315 2332 1370 ώπου
2420 1340 2512 1373 σου
2598 1321 2966 1395 πορεύσονται,
3053 1322 3140 1374 καὶ
3209 1319 3262 1375 ἐν
3319 1325 3395 1391 τῷ
3466 1321 3688 1393 ὀνὸματί
3736 1344 3822 1377 σου

2189 1404 2630 1481 ἆγαλλιλσονται.
2687 1409 2820 1470 Τοὺς
2878 1410 3057 1485 ἁγίους
3119 1413 3274 1467 αὒτοῦ
3332 1407 3661 1475 ἀποστόλους
3719 1433 3820 1483 μα-

2191 1498 2410 1572 καρίζει,
2470 1494 2548 1550 ὅτι
2578 1495 2641 1563 δὴ
2674 1503 2748 1569 τῷ
2778 1497 3000 1571 ὀνόματι
3034 1498 3190 1556 αὒτου
3217 1499 3301 1553 καί
3336 1505 3404 1572 τῇ
3463 1495 3680 1572 δυνάμει
3734 1499 3818 1554 a6-

2190 1590 2282 1638 τοῦ
2311 1584 2519 1640 ἓποίουν
2542 1584 2638 1640 ὅσα
2662 1584 2869 1641 ἐποίουν
2899 1585 3188 1663 παράδοξα.

2278 1674 2374 1729 Καὶ
2453 1674 2506 1728 ἐν
2594 1681 2660 1750 τῇ
2719 1673 2925 1746 εὐδοκία
2988 1683 3080 1734 σου
3140 1677 3479 1750 ὑψωθήσεται
3541 1678 3602 1732 τὸ
3675 1677 3818 1754 κέρας

2192 1764 2368 1836 ἡμῶν,
2408 1763 2570 1840 Κέρας
2604 1765 2699 1829 τὴν
2731 1761 2882 1828 δόξαν
2907 1766 3057 1831 φησί,
3109 1766 3262 1839 Λέγει
3296 1765 3406 1834 οὖν,
3442 1767 3520 1828 ὡς
3555 1767 3680 1842 πρὸς
3735 1769 3818 1821 τὸν

2124 1841 2160 1890 Β
2187 1851 2412 1927 Πατέρα⁶
2451 1850 2670 1920 Ἐπειδή
2694 1854 2754 1906 σὺ
2785 1850 3089 1919 ηὒδοκησας
3120 1853 3442 1910 ἀποστεῖλαι
3505 1857 3597 1908 τὸν
3656 1861 3818 1911 Μονο-

2185 1947 2341 2018 γενῆ,
2373 1942 2561 1998 τοότου
2617 1945 2780 2020 χάριν
2820 1946 2852 2009 ἡ
2885 1942 3003 2007 ὁύξα
3061 1945 3214 2018 ἡμῶν
3256 1941 3613 2020 διεγήγερται.
3675 1943 3816 2000 Ἐδο-

2183 2029 2447 2106 Εεσσθημεν
2503 2031 2603 2108 γὰρ
2655 2031 3048 2109 σδνεγερθέντες
3122 2039 3372 2109 Χριστῷ,
3425 2034 3513 2087 καὶ
3575 2030 3817 2106 συμϐασι-

2184 2118 2466 2182 λεύσαντες
2501 2124 2661 2194 αὒτῷ,

2267 2211 2396 2266 Τότε
2445 2207 2712 2276 ἐλάλησας
2763 2211 2816 2265 ἐν
2867 2213 3043 2288 ὁράσει
3105 2225 3220 2274 τοῖς
3289 2212 3423 2275 υἱοῖς
3484 2233 3606 2273 σου,
3671 2213 3818 2290 Τότε,

2183 2299 2297 2354 ἀντὶ
2352 2306 2469 2372 του,
2527 2298 2718 2378 πάλαι,
2781 2303 2936 2378 φησὶ,
2963 2299 3029 2355 δι’
3061 2302 3299 2376 ὀράσεων
3331 2307 3675 2380 φροφητικῶν
3705 2316 3816 2363 τοῖς

2181 2391 2318 2451 υἱοῖς
2353 2410 2468 2459 σου,
2493 2388 2636 2466 λέγει
2667 2386 2721 2443 δὲ
2751 2403 2869 2452 τοῖς
2902 2389 3256 2463 κεκλημενοις
3300 2392 3373 2452 εἰς
3406 2393 3465 2445 τὸ
3496 2392 3596 2458 τῆς
3653 2393 3814 2446 υἱοθε-

2185 2478 2296 2537 σίας
2329 2477 2555 2549 ἀξίωμα,
2588 2478 2883 2544 ἓλάλησας.
2920 2486 2978 2537 τι
3007 2477 3060 2533 δὲ
3092 2477 3364 2544 ἐλάλησας
3423 2480 3458 2546 ἢ
3518 2479 3602 2537 τό.
3669 2480 3814 2535 Ἐθέσ-

2180 2588 2288 2638 μην
2345 2567 2592 2641 βοτθειαν
2651 2567 2736 2622 ἐπὶ
2787 2566 3049 2640 δυνατόνς
3097 2567 3337 2642 ’Ὅμοιον
3361 2565 3413 2622 δὲ
3471 2569 3602 2623 ὡσεὶ
3652 2567 3812 2644 λέγοι.

2181 2652 2422 2732 Λέδωκα,
2457 2657 2610 2734 φησὶ,
2665 2653 2911 2724 ϐοήθειαν
2969 2657 3052 2712 ἐπὶ
3103 2655 3322 2712 δυνατὸν
3391 2670 3512 2719 τοῖς
3574 2657 3814 2712 ἀσθενέσι

2180 2751 2266 2797 καί
2322 2742 2824 2818 πλεονεκτουμένοις
2879 2747 2979 2801 ὑπὸ
3021 2754 3112 2803 τοὺ
3143 2753 3376 2824 Σατανᾶ,
3437 2753 3528 2802 τοῦ
3584 2768 3812 2825 καταφυ-

2178 2843 2297 2904 γεῖν
2322 2830 2407 2885 ἐπι
2429 2827 2669 2894 δυνατόν.
2707 2830 2765 2890 Ὀ
2797 2831 2852 2887 δέ
2910 2855 2970 2910 γε
3029 2831 3244 2897 δυνατὸς
3295 2837 3351 2890 ὃν
3409 2833 3637 2890 δέδωκεν
3692 2838 3817 2908 ἡμῖν

444 2920 612 2982 dedit
641 2919 815 2981 nobis
846 2921 1020 2980 Pater
1049 2919 1123 2980 ad
1175 2920 1480 2994 auxilium,
1533 2917 1800 2980 Christus
1847 2917 2086 2977 omnino

2185 2921 2247 2984 εἰς
2276 2920 2526 2995 βοήθειαν
2559 2923 2586 2975 6
2621 2923 2827 3000 Πατῒιρ,
2866 2929 3086 2998 Χριστὸς
3139 2945 3240 2979 που
3283 2925 3496 2988 πάντως
3559 2924 3692 2979 ἐστί·
3738 2925 3818 2978 καὶ

444 3017 556 3086 est;
586 3027 718 3071 nam
745 3017 835 3069 est
858 3007 1145 3068 Dominus
1167 3005 2086 3069 virtutum”.Exaltavielectum

2185 3008 2271 3086 γάρ
2339 3011 2447 3064 ἐστι
2511 3009 2778 3083 δυνάμεων
2844 3013 3052 3087 Κύριος·
3136 3011 3376 3086 ”ὶ“ψωσα
3429 3012 3682 3069 ἐκλεκτὸν
3763 3015 3818 3067 ὲκ

441 3103 514 3164 de
527 3101 698 3180 plebe
718 3117 872 3161 mea.
893 3099 1107 3160 Inveni
1130 3098 1321 3160 David
1341 3117 1470 3162 serv
1481 3117 1576 3159 um
1598 3096 2086 3174 meum.lntellige

2185 3103 2263 3152 τοῦ
2333 3096 2462 3156 λαοῦ
2532 3121 2654 3172 μου,
2729 3098 2876 3174 εὗρον
2935 3099 3104 3156 Δαυῖδ
3145 3101 3235 3157 τὸν
3292 3099 3477 3156 δοῦλόν
3509 3124 3634 3170 μου.
3699 3101 3814 3158 Ἐν-

443 3189 752 3253 Christum
779 3206 847 3249 ex
874 3191 1105 3249 semine
1126 3187 1327 3250 David:
1351 3189 1448 3267 qui
1467 3188 1690 3248 electus
1711 3198 1952 3247 vocatus
1979 3195 2086 3262 est,

2185 3191 2283 3241 νὸει
2339 3188 2560 3264 Χριστὸν
2631 3189 2720 3242 τὸν
2773 3188 2832 3244 ἐκ
2896 3191 3192 3267 σπέρματος
3231 3190 3418 3263 Δαυ³ιὸ,
3451 3189 3704 3246 ἐκλεκτὸν
3733 3211 3816 3246 κε·

441 3285 696 3360 propter
715 3278 874 3358 quod
897 3284 953 3341 et
975 3277 1142 3339 Deus
1157 3278 1455 3339 exultavit
1476 3274 1725 3339 illum”.
1753 3277 2086 3355 lternmque

2185 3273 2465 3354 κλημὲνον,
2527 3273 2605 3331 διὸ
2657 3279 2742 3332 καὶ
2799 3277 2834 3333 ὅ
2871 3280 3000 3340 Θεὸς
3049 3281 3202 3337 αὑτὸν
3254 3281 3592 3357 ὺπερύψωσε,
3659 3277 3818 3336 Δαυῒδ

442 3377 614 3430 vocat
645 3367 806 3430 illum
839 3366 1120 3429 Davidem
1165 3374 1457 3448 quatenus
1497 3385 1568 3428 ex
1623 3366 1854 3427 semine
1908 3363 2086 3427 David

2185 3362 2224 3418 δὲ
2294 3364 2454 3420 πάλιν
2538 3367 2694 3421 αὐτὸν
2749 3367 3022 3446 ὀνομάζει,
3084 3371 3210 3424 καθὸ
3271 3369 3330 3423 ἐκ
3379 3368 3689 3447 σπέρματος
3743 3370 3808 3433 ἦν

441 3456 622 3520 erat‘0
650 3505 666 3532 ,
699 3475 935 3518 servum
968 3456 1131 3530 item,
1158 3455 1298 3536 quia
1329 3453 1390 3516 in
1439 3455 1632 3516 forma
1687 3453 1842 3515 servi
1899 3472 2086 3534 appa-

439 3547 632 3609 ruit“.
693 3545 843 3608 ()leo
863 3553 1072 3608 sancto
1103 3564 1232 3607 meo
1262 3546 1422 3606 anxi
1449 3562 1609 3608 eum.
1645 3542 1790 3605 Cum
1821 3541 2082 3606 Verbum

442 3645 605 3700 esset
625 3638 984 3707 Deus,natus
1002 3644 1092 3696 est
1110 3635 1441 3696 secundum
1467 3651 1707 3696 carnem
1735 3652 1804 3695 ex
1829 3633 2084 3694 muliere

439 3734 498 3787 et
518 3725 698 3787 homo
725 3724 972 3804 prodiit,
1003 3742 1251 3784 manens
1273 3723 1432 3784 Deus
1456 3733 1517 3784 ut
1553 3732 1683 3784 erat
1717 3739 1731 3784 :
1764 3732 1902 3783 tunc
1923 3722 2084 3802 judi-

437 3815 596 3876 cium
631 3831 738 3895 per
769 3823 826 3876 te
855 3812 1182 3893 accipiens,
1219 3823 1592 3893 nuncupatus
1640 3821 1729 3872 est
1786 3809 2079 3874 Christus.

438 3905 586 3967 Nam
611 3921 744 3964 cum
774 3900 1037 3964 Verbum
1072 3911 1230 3962 esset
1263 3903 1420 3962 Deus
1447 3912 1504 3962 et
1533 3919 1640 3962 rex
1695 3911 1833 3961 ante
1896 3919 2078 3961 saecu-

437 3991 494 4053 la
521 3991 597 4066 ‘9,
647 4009 776 4071 qua:
801 3999 1001 4051 nostra
1032 3999 1202 4051 erant
1229 3989 1342 4052 sibi
1370 3996 1608 4070 propria
1639 3990 1854 4064 effecit,
1883 3998 1944 4052 ut
1977 4008 2084 4051 nos

435 4079 513 4143 iis
545 4098 675 4161 quae
695 4079 808 4160 ipsi
835 4079 1079 4160 propria
1109 4091 1281 4141 erant
1312 4079 1527 4140 divites
1559 4098 1851 4142 essemus.

516 4169 614 4231 22.
646 4167 866 4231 Manus
894 4186 1052 4245 enim
1087 4185 1218 4228 mea
1243 4167 1657 4230 auxiliabilur
1685 4170 1763 4231 ei.
1811 4169 1914 4231 Ait
1947 4167 2080 4230 Sal-

435 4267 598 4320 vator
635 4274 650 4319 :
683 4256 892 4336 Opera
919 4273 1056 4334 qua:
1083 4256 1244 4318 dedit
1278 4257 1430 4318 mihi
1466 4259 1646 4318 Pater
1701 4265 1769 4319 ut
1825 4257 2080 4336 faciam,

435 4349 554 4420 ipsa
583 4363 746 4420 opera
777 4346 1140 4418 testiﬁcantur
1169 4347 1234 4402 de
1261 4363 1364 4412 me,
1397 4349 1529 4420 quia
1569 4349 1681 4420 ipsa
1721 4349 1865 4405 misit
1927 4347 2079 4405 me“.

436 4430 508 4494 Et
537 4432 750 4494 iterum
789 4434 874 4496 :A
914 4431 1138 4511 meipso
1167 4431 1326 4494 nihil
1359 4441 1592 4512 loquor.
1640 4432 1821 4495 Pater
1878 4443 2081 4496 autem

2175 3451 2360 3508 Δαυὶδο
2395 3456 2482 3509 καὶ
2527 3456 2634 3528 μὴν
2666 3457 2752 3511 καὶ
2796 3454 3007 3530 δοῦλον,
3045 3455 3127 3511 διὰ
3169 3459 3230 3512 τὸ
3262 3457 3316 3511 ἐν
3361 3460 3427 3532 τῇ
3481 3465 3575 3514 τοῦ
3634 3456 3811 3513 δούλου

2171 3548 2346 3621 μορφῇ
2405 3545 2712 3622 πεφηνέναι.
2776 3544 2865 3602 Ἐν
2918 3545 3081 3619 ἓλαίῳ
3128 3547 3261 3624 ἁγίῳ
3322 3568 3422 3621 μου
3470 3547 3664 3626 ἕχρισα
3720 3550 3811 3604 αὖ·

2169 3629 2282 3692 τόν.
2317 3629 2455 3689 ’⁷Οτε
2489 3635 2615 3698 Θεὸς
2649 3636 2717 3700 ἦν
2747 3638 2774 3690 6
2822 3638 3014 3713 Λόγος,
3048 3637 3306 3714 ἐγεννήθη
3335 3637 3472 3691 κατὰ
3526 3637 3696 3715 σάρκα
3759 3636 3814 3691 ἐκ

2168 3723 2449 3798 γυναικὸς,
2478 3725 2566 3778 καὶ
2605 3723 2867 3802 προῆλθεν
2900 3725 3196 3802 ἅνθρωπος,
3229 3725 3402 3800 μένων
3425 3729 3498 3788 ὡς
3530 3729 3598 3793 ἦν
3659 3725 3804 3788 Θεός⁶

2167 3809 2311 3882 τότε,
2344 3811 2444 3877 τὴν
2501 3815 2669 3888 κρὶσιν
2699 3811 2784 3868 διὰ
2859 3815 2916 3868 σὲ
2977 3811 3181 3887 λαϐὼν,
3231 3815 3521 3888 ὠνομάσθη
3588 3814 3807 3892 Χριστός

2168 3900 2296 3962 Θεὸς
2327 3901 2426 3977 γὰρ
2453 3901 2526 3955 ὢν
2557 3904 2585 3956 6
2639 3904 2812 3978 Λόγος
2846 3905 2934 3959 καὶ
2976 3902 3221 3979 βασιλεὺς
3253 3905 3351 3981 πρὸ
3384 3905 3590 3958 σίωνων
3651 3903 3809 3973 ὑπάρ-

2167 4010 2307 4067 χων,
2355 3986 2722 4058 ἱδιοπ-›ιήσατο
2755 3993 2818 4047 τὰ
2847 3991 3107 4069 ἡμέτερα,
3139 3991 3232 4047 ἵνα
3263 3993 3347 4047 καὶ
3406 3993 3571 4066 ἡμεῖς
3604 3995 3668 4050 τὰ
3719 3992 3810 4047 αὖ·

2165 4079 2258 4133 τοῦ
2283 4075 2692 4153 πλουτήσωμεν.

2245 4163 2311 4221 Ἥ
2362 4167 2460 4244 γὰρ
2517 4169 2636 4246 χείρ
2668 4192 2770 4244 μο)
2824 4169 3268 4244 συναντιλήψεται
3343 4175 3507 4244 αὐτῷ.
3569 4169 3629 4228 Ὀ
3688 4177 3806 4225 Σω-

2165 4254 2264 4334 τὴρ
2322 4255 2539 4334 ἔφασκε·
2599 4260 2674 4315 Τὰ
2733 4257 2858 4337 ἔργα
2906 4258 2936 4314 ἆ
2986 4257 3178 4316 δέδωκέ
3236 4282 3333 4335 μοι
3373 4265 3400 4315 6
3465 4266 3650 4337 Πατῆρ
3714 4260 3803 4314 ἵνα

2169 4345 2399 4419 ποιήσω,
2462 4346 2593 4404 αὐτὰ
2647 4349 2711 4404 τὰ
2769 4347 2897 4426 ἔργα
2959 4363 3217 4428 μαρτυρεῖ
3294 4351 3411 4426 περὶ
3493 4348 3644 4428 ἐμοῦ,
3725 4348 3802 4404 ὅτι

3376 4437 3498 4495 Ἀπ’
3575 4439 3802 4512 ἒμαυτοῦ

2169 4433 2320 4495 αὐτός
2381 4456 2448 4508 με
2526 4436 2853 4493 ἀπέσταλκε·
2940 4441 3026 4494 καὶ
3105 4439 3286 4494 πάλιν

433 4521 501 4584 in
530 4539 626 4584 me
655 4538 905 4584 manens
936 4522 1064 4600 ipse
1088 4520 1236 4598 facit
1264 4539 1451 4600 opera
1483 4519 1557 4582 κ.
1614 4521 1686 4583 Ει
1715 4521 1824 4583 hoc
1883 4522 2077 4602 ipsum

2185 4523 2314 4580 ιαλῶ
2365 4525 2532 4585 οὐδὲν.
2598 4527 2655 4584 Ὀ
2709 4526 2762 4583 δὲ
2837 4529 3018 4606 Πατὴρ
3069 4532 3094 4584 6
3155 4530 3208 4585 ἔν
3267 4529 3384 4602 ἐμοὶ
3444 4531 3619 4603 μένων
3658 4542 3799 4585 ποιεῖ

435 4619 524 4673 est
553 4610 709 4692 quod
746 4627 903 4670 nunc
932 4607 1111 4671 Pater
1146 4609 1221 4670 de
1261 4610 1363 4672 illo
1405 4609 1548 4672 dicit
1583 4628 1596 4672 :
1645 4609 1864 4673 Manus
1917 4617 2078 4674 enim

434 4718 546 4760 mea
575 4701 948 4759 auxiliabitur
974 4701 1045 4767 ei,
1092 4707 1144 4758 et
1175 4701 1450 4758 brachium
1501 4718 1678 4759 meum
1747 4704 2079 4774 confortabit

433 4803 594 4849 eum.

512 4873 613 4936 23.
633 4873 807 4937 Nihil
821 4873 1095 4954 proﬁciet
1114 4875 1396 4936 inimicus
1416 4875 1483 4935 in
1501 4891 1592 4937 eo.
1621 4873 1893 4958 Etiamsi,
1917 4875 2078 4939 dixe-

429 4965 587 5028 rint:
635 4963 860 5045 Venite,
899 4963 1245 5026 occidamus
1268 4976 1431 5044 eum,
1462 4971 1519 5026 et
1540 4964 1874 5027 habeamus
1904 4969 2077 5029 nobis

432 5054 838 5120 hereditatem
859 5051 1064 5133 ejus“.
1093 5052 1210 5115 Sed
1244 5052 1594 5133 hujusmodi
1614 5053 1930 5115 consilium
1959 5064 2074 5118 tam

436 5145 672 5208 Satanae
703 5161 877 5224 quam
911 5141 1130 5205 Judaeis
1161 5143 1374 5204 inutile
1398 5147 1554 5222 erat,
1587 5151 1644 5204 et
1665 5141 1882 5205 frustra
1899 5147 2077 5209 cessit

434 5232 551 5295 illis
573 5231 823 5295 facinus.
853 5229 1206 5294 Resurrexit
1227 5237 1450 5312 quippe
1475 5230 1736 5293 Salvator
1761 5235 1926 5296 tertia
1950 5235 2071 5312 die,

435 5329 744 5402 postquam
770 5330 1025 5382 mortem
1047 5324 1458 5382 conculcasset
1484 5329 1540 5381 et
1561 5320 1875 5402 spoliasset
1897 5323 2076 5387 infer-

435 5429 620 5486 num;
652 5417 712 5473 et
740 5409 1010 5472 ascendit
1040 5410 1114 5471 ad
1134 5409 1368 5470 Patrem
1398 5417 1456 5472 et
1484 5409 1675 5472 Deum
1707 5411 1812 5488 qui
1865 5423 1958 5474 est
2011 5416 2074 5478 in

434 5500 603 5562 cmlis
636 5518 652 5563 :
685 5511 897 5581 estque
926 5498 989 5560 in
1021 5499 1265 5562 dextera
1297 5499 1495 5561 throni
1556 5500 1980 5580 magnitudinis
2009 5505 2070 5568 in

510 5641 572 5692 ὅτ
607 5642 828 5722 Ephes.
863 5657 927 5717 tl,
962 5642 1021 5700 6.
1109 5638 1163 5681 ³⁸
1191 5638 1346 5738 Psal.
1389 5655 1563 5713 χχιιι,
1596 5639 1694 5701 10.
1781 5638 1835 5681 ³9
1874 5639 2086 5746 Philip!

510 5739 634 5789 xm.
675 5721 770 5784 12.
853 5718 907 5763 ⁸³
938 5721 1111 5781 Joan.
1143 5739 1200 5789 v.
1234 5721 1333 5784 δι).
1424 5716 1479 5761 ⁴⁴
1505 5721 1674 5782 Joan.
1706 5735 1822 5789 xxv,
1855 5720 1954 5780 10.
2041 5720 2086 5766 δ·

2187 5659 2227 5718 ι,
2276 5642 2334 5705 9.

2185 5722 2332 5786 atth.

434 5738 634 5796 min,
658 5716 770 5784 12.
853 5716 1111 5781 “Joan.
1143 5739 1200 5797 v,
1234 5720 1333 5784 36.
1424 5716 1479 5761 ⁴⁴
1505 5721 1674 5782 Joan.
1706 5735 1822 5794 xxv,
1855 5720 1954 5780 10.

2161 4614 2227 4669 τὰ
2284 4615 2413 4692 ἔργα
2434 4615 2610 4680 αὐτός.
2647 4618 2742 4674 Καὶ
2773 4618 2926 4674 τουτό
2961 4617 3103 4673 ἐστιν
3147 4617 3175 4674 6'
3221 4617 3364 4694 λέγει
3397 4624 3484 4672 νῦν
3529 4620 3555 4673 6
3619 4619 3796 4692 Πατὴρ

2161 4703 2278 4775 περὶ
2339 4707 2515 4761 αὑτοῦ·
2570 4702 2633 4760 Ἦ
2691 4706 2789 4785 γὰρ
2842 4708 2962 4786 χείρ
3037 4730 3136 4782 μου
3200 4704 3643 4783 συναντιλήψεται
3704 4705 3800 4762 αὖ-

2161 4797 2259 4870 τῷ,
2287 4793 2372 4847 καὶ
2402 4794 2428 4847 6
2454 4793 2698 4872 βραχίων
2738 4819 2840 4870 μου
2867 4799 3188 4876 κατισχύσει
3220 4797 3398 4856 αὐτόν.

2243 4884 2347 4938 Οὔκ
2405 4882 2674 4962 ὠφελήσει
2732 4886 2922 4966 ἐχθρὸς
2974 4887 3026 4942 ἐν
3071 4890 3233 4960 αὐτῷ.
3289 4888 3458 4943 Εἶκαὶ
3532 4887 3796 4963 εἰρήκασι·

2165 4980 2347 5045 Δεῦτε,
2408 4973 2804 5050 ἀποκτείνωμεν
2878 4979 3055 5051 αὑτὸν,
3133 4977 3220 5032 καὶ
3318 4981 3539 5055 σχῶμεν
3619 4973 3797 5037 αὐτοῖς

2163 5063 2257 5128 τὴν
2327 5061 2683 5139 κληρονομίαν
2747 5068 2924 5124 αὐτοῦ’
2984 5064 3100 5121 ἀλλ’
3155 5067 3222 5134 ἦν
3279 5064 3532 5132 ἀνόνητος
3562 5071 3642 5136 τῷ
3700 5071 3798 5118 Σαο

2159 5156 2292 5221 τανᾷ
2337 5152 2424 5207 καὶ
2477 5164 2594 5216 τοῖς
2652 5149 2917 5218 Ἰουδαίοις
2979 5158 3010 5222 ἡ
3038 5155 3254 5229 σκέψις,
3289 5157 3375 5210 καὶ
3408 5155 3481 5216 εἰς
3533 5153 3797 5232 ἄφρακτον

2159 5237 2445 5306 ἐκϐέϐηκεν
2509 5244 2691 5306 αὐτοῖς
2749 5245 2810 5298 τὸ
2882 5244 3204 5322 ἐγχείρημα.
3252 5240 3475 5299 Ἀνεϐίω
3503 5243 3602 5321 γὰρ
3630 5244 3656 5296 6
3689 5248 3796 5294 Σωο

2159 5330 2260 5407 τηρ
2318 5331 2627 5409 τριήμερος,
2686 5334 2932 5402 πατήσας
2978 5336 3068 5388 τὸν
3123 5333 3345 5388 θάνατον
3381 5333 3465 5386 καὶ
3514 5329 3793 5391 σκυλεύσας

2160 5420 2249 5474 τὸν
2301 5417 2454 5490 ᾅδηνο
2513 5422 2600 5475 καὶ
2655 5419 2818 5487 ἀνέϐη
2869 5424 2998 5494 πρὸς
3057 5423 3148 5478 τὸν
3206 5421 3259 5476 ἐν
3317 5422 3558 5499 οὐρανοῖς
3591 5417 3794 5496 Πατέρα

2160 5511 2245 5564 καὶ
2296 5512 2447 5563 Θεὸν·
2496 5512 2582 5565 καὶ
2642 5509 2783 5566 ἔστιν
2842 5512 2896 5566 ἐν
2941 5510 3080 5584 δεξιᾷ
3109 5519 3202 5568 τοῦ
3253 5512 3438 5590 θρόνου
3466 5509 3562 5577 τῆς
3620 5529 3791 5584 μεγα-

2421 5639 2474 5682 ⁴⁰
2505 5643 2680 5705 Rom.
2717 5659 2757 5716 I,
2794 5643 2848 5705 3.
2936 5640 2985 5684 “
3013 5641 3273 5722 Philipp.
3306 5653 3370 5718 ιι,
3405 5636 3463 5698 7.
3552 5628 3605 5672 ⁴¹
3641 5629 3786 5692 Psal.

2363 5739 2482 5803 ut,
2507 5724 2607 5786 38.
