  <div class='ocr_page' id='page_1' title='image "/cluster/home/n/w/nwhite01/storage/ocr_20150623/27/hvd.32044054272802/211.png"; bbox 0 0 3992 6208; ppageno 0'>
   <div class='ocr_carea' id='block_1_1' title="bbox 476 319 580 386">
    <p class='ocr_par' dir='ltr' id='par_1_1' title="bbox 476 319 580 386">
     <span class='ocr_line' id='line_1_1' title="bbox 476 319 580 386; baseline 0 0"><span class='ocrx_word' id='word_1_1' title='bbox 476 319 580 386; x_wconf 80' lang='grc'><strong>391</strong></span> 
     </span>
    </p>
   </div>
   <div class='ocr_carea' id='block_1_2' title="bbox 474 547 2124 628">
    <p class='ocr_par' dir='ltr' id='par_1_2' title="bbox 474 547 2124 628">
     <span class='ocr_line' id='line_1_2' title="bbox 474 547 2124 628; baseline -0.002 -17"><span class='ocrx_word' id='word_1_2' title='bbox 474 550 624 611; x_wconf 85' lang='lat' dir='ltr'><strong>tiar.</strong></span> <span class='ocrx_word' id='word_1_3' title='bbox 648 548 856 612; x_wconf 86' lang='lat' dir='ltr'><strong>Simile</strong></span> <span class='ocrx_word' id='word_1_4' title='bbox 891 557 982 610; x_wconf 92' lang='lat' dir='ltr'><strong>est</strong></span> <span class='ocrx_word' id='word_1_5' title='bbox 1006 549 1060 610; x_wconf 94' lang='lat' dir='ltr'><strong>ei</strong></span> <span class='ocrx_word' id='word_1_6' title='bbox 1091 548 1252 628; x_wconf 90' lang='lat' dir='ltr'><strong>quod</strong></span> <span class='ocrx_word' id='word_1_7' title='bbox 1287 548 1407 609; x_wconf 83' lang='lat' dir='ltr'><strong>alio</strong></span> <span class='ocrx_word' id='word_1_8' title='bbox 1431 547 1561 610; x_wconf 89' lang='lat' dir='ltr'><strong>loco</strong></span> <span class='ocrx_word' id='word_1_9' title='bbox 1582 547 1801 610; x_wconf 87' lang='lat' dir='ltr'><strong>dicitur</strong></span> <span class='ocrx_word' id='word_1_10' title='bbox 1836 570 1848 610; x_wconf 92' lang='lat'>:</span> <span class='ocrx_word' id='word_1_11' title='bbox 1878 551 2124 610; x_wconf 82' lang='lat' dir='ltr'><strong>Juruvit</strong></span> 
     </span>
    </p>
   </div>
   <div class='ocr_carea' id='block_1_3' title="bbox 479 637 2119 714">
    <p class='ocr_par' dir='ltr' id='par_1_3' title="bbox 479 637 2119 714">
     <span class='ocr_line' id='line_1_3' title="bbox 479 637 2119 714; baseline -0.002 -16"><span class='ocrx_word' id='word_1_12' title='bbox 479 638 774 701; x_wconf 80' lang='lat' dir='ltr'><strong>Dominus</strong></span> <span class='ocrx_word' id='word_1_13' title='bbox 802 639 1006 700; x_wconf 78' lang='lat' dir='ltr'><strong>David</strong></span> <span class='ocrx_word' id='word_1_14' title='bbox 1029 641 1366 712; x_wconf 79' lang='lat' dir='ltr'><strong>ueritatem,</strong></span> <span class='ocrx_word' id='word_1_15' title='bbox 1394 646 1586 699; x_wconf 88' lang='lat' dir='ltr'><strong>etnon</strong></span> <span class='ocrx_word' id='word_1_16' title='bbox 1614 639 2016 714; x_wconf 82' lang='lat' dir='ltr'><strong>frustrabitur</strong></span> <span class='ocrx_word' id='word_1_17' title='bbox 2035 637 2119 695; x_wconf 76' lang='lat'><strong>50.</strong></span> 
     </span>
    </p>
   </div>
   <div class='ocr_carea' id='block_1_4' title="bbox 473 726 2124 806">
    <p class='ocr_par' dir='ltr' id='par_1_4' title="bbox 473 726 2124 806">
     <span class='ocr_line' id='line_1_4' title="bbox 473 726 2124 806; baseline -0.001 -17"><span class='ocrx_word' id='word_1_18' title='bbox 473 727 695 790; x_wconf 81' lang='lat' dir='ltr'><strong>Semen</strong></span> <span class='ocrx_word' id='word_1_19' title='bbox 725 729 860 806; x_wconf 82' lang='lat' dir='ltr'><strong>ejus</strong></span> <span class='ocrx_word' id='word_1_20' title='bbox 884 731 950 790; x_wconf 88' lang='lat' dir='ltr'><strong>in</strong></span> <span class='ocrx_word' id='word_1_21' title='bbox 980 735 1276 790; x_wconf 74' lang='lat' dir='ltr'><strong>wtemum</strong></span> <span class='ocrx_word' id='word_1_22' title='bbox 1308 726 1606 788; x_wconf 83' lang='lat' dir='ltr'><strong>manebit.</strong></span> <span class='ocrx_word' id='word_1_23' title='bbox 1633 730 1852 788; x_wconf 83' lang='lat' dir='ltr'><strong>Semen</strong></span> <span class='ocrx_word' id='word_1_24' title='bbox 1887 726 2124 790; x_wconf 85' lang='lat' dir='ltr'><strong>Davidis</strong></span> 
     </span>
    </p>
   </div>
   <div class='ocr_carea' id='block_1_5' title="bbox 473 817 2123 896">
    <p class='ocr_par' dir='ltr' id='par_1_5' title="bbox 473 817 2123 896">
     <span class='ocr_line' id='line_1_5' title="bbox 473 817 2123 896; baseline -0.002 -16"><span class='ocrx_word' id='word_1_25' title='bbox 473 819 768 880; x_wconf 73' lang='lat' dir='ltr'><strong>Christum</strong></span> <span class='ocrx_word' id='word_1_26' title='bbox 803 819 971 896; x_wconf 79' lang='lat' dir='ltr'><strong>dicit,</strong></span> <span class='ocrx_word' id='word_1_27' title='bbox 1003 819 1102 896; x_wconf 89' lang='lat' dir='ltr'><strong>qui</strong></span> <span class='ocrx_word' id='word_1_28' title='bbox 1147 817 1478 878; x_wconf 88' lang='lat' dir='ltr'><strong>secundum</strong></span> <span class='ocrx_word' id='word_1_29' title='bbox 1513 835 1755 878; x_wconf 90' lang='lat' dir='ltr'><strong>carnem</strong></span> <span class='ocrx_word' id='word_1_30' title='bbox 1790 835 1858 877; x_wconf 90' lang='lat' dir='ltr'><strong>ex</strong></span> <span class='ocrx_word' id='word_1_31' title='bbox 1891 817 2123 877; x_wconf 85' lang='lat' dir='ltr'><strong>semine</strong></span> 
     </span>
    </p>
   </div>
   <div class='ocr_carea' id='block_1_6' title="bbox 471 904 2118 978">
    <p class='ocr_par' dir='ltr' id='par_1_6' title="bbox 471 904 2118 978">
     <span class='ocr_line' id='line_1_6' title="bbox 471 904 2118 978; baseline -0.002 -12"><span class='ocrx_word' id='word_1_32' title='bbox 471 906 652 967; x_wconf 84' lang='lat' dir='ltr'><strong>David</strong></span> <span class='ocrx_word' id='word_1_33' title='bbox 708 917 878 967; x_wconf 88' lang='lat' dir='ltr'><strong>natus</strong></span> <span class='ocrx_word' id='word_1_34' title='bbox 927 913 1040 968; x_wconf 87' lang='lat' dir='ltr'><strong>est.</strong></span> <span class='ocrx_word' id='word_1_35' title='bbox 1094 906 1206 978; x_wconf 89' lang='lat' dir='ltr'><strong>Qui</strong></span> <span class='ocrx_word' id='word_1_36' title='bbox 1265 914 1324 966; x_wconf 87' lang='lat' dir='ltr'><strong>et</strong></span> <span class='ocrx_word' id='word_1_37' title='bbox 1380 907 1442 967; x_wconf 88' lang='lat' dir='ltr'><strong>in</strong></span> <span class='ocrx_word' id='word_1_38' title='bbox 1504 915 1792 968; x_wconf 70' lang='lat' dir='ltr'><strong>aeternum</strong></span> <span class='ocrx_word' id='word_1_39' title='bbox 1829 904 2118 966; x_wconf 82' lang='lat' dir='ltr'><strong>manebit.</strong></span> 
     </span>
    </p>
   </div>
   <div class='ocr_carea' id='block_1_7' title="bbox 473 993 2122 1075">
    <p class='ocr_par' dir='ltr' id='par_1_7' title="bbox 473 993 2122 1075">
     <span class='ocr_line' id='line_1_7' title="bbox 473 993 2122 1075; baseline 0.001 -20"><span class='ocrx_word' id='word_1_40' title='bbox 473 994 606 1055; x_wconf 89' lang='lat' dir='ltr'><strong>Non</strong></span> <span class='ocrx_word' id='word_1_41' title='bbox 639 1005 832 1075; x_wconf 88' lang='lat' dir='ltr'><strong>potest</strong></span> <span class='ocrx_word' id='word_1_42' title='bbox 858 997 1080 1075; x_wconf 87' lang='lat' dir='ltr'><strong>quippe</strong></span> <span class='ocrx_word' id='word_1_43' title='bbox 1113 995 1243 1056; x_wconf 82' lang='lat' dir='ltr'><strong>ﬁeri</strong></span> <span class='ocrx_word' id='word_1_44' title='bbox 1282 1013 1416 1056; x_wconf 89' lang='lat' dir='ltr'><strong>eum</strong></span> <span class='ocrx_word' id='word_1_45' title='bbox 1449 995 1549 1074; x_wconf 91' lang='lat' dir='ltr'><strong>qui</strong></span> <span class='ocrx_word' id='word_1_46' title='bbox 1581 993 1739 1055; x_wconf 89' lang='lat' dir='ltr'><strong>Deus</strong></span> <span class='ocrx_word' id='word_1_47' title='bbox 1770 994 1866 1066; x_wconf 91' lang='lat' dir='ltr'><strong>sit,</strong></span> <span class='ocrx_word' id='word_1_48' title='bbox 1903 1001 1962 1055; x_wconf 89' lang='lat' dir='ltr'><strong>et</strong></span> <span class='ocrx_word' id='word_1_49' title='bbox 1986 1013 2122 1056; x_wconf 88' lang='lat' dir='ltr'><strong>vere</strong></span> 
     </span>
    </p>
   </div>
   <div class='ocr_carea' id='block_1_8' title="bbox 476 1083 2118 1158">
    <p class='ocr_par' dir='ltr' id='par_1_8' title="bbox 476 1083 2118 1158">
     <span class='ocr_line' id='line_1_8' title="bbox 476 1083 2118 1158; baseline -0.002 -12"><span class='ocrx_word' id='word_1_50' title='bbox 476 1085 578 1146; x_wconf 82' lang='lat' dir='ltr'><strong>Dei</strong></span> <span class='ocrx_word' id='word_1_51' title='bbox 610 1084 819 1158; x_wconf 89' lang='lat' dir='ltr'><strong>Filius,</strong></span> <span class='ocrx_word' id='word_1_52' title='bbox 879 1103 995 1146; x_wconf 86' lang='lat' dir='ltr'><strong>non</strong></span> <span class='ocrx_word' id='word_1_53' title='bbox 1047 1085 1210 1146; x_wconf 89' lang='lat' dir='ltr'><strong>omni</strong></span> <span class='ocrx_word' id='word_1_54' title='bbox 1255 1083 1432 1144; x_wconf 88' lang='lat' dir='ltr'><strong>modo</strong></span> <span class='ocrx_word' id='word_1_55' title='bbox 1466 1103 1534 1144; x_wconf 87' lang='lat' dir='ltr'><strong>ac</strong></span> <span class='ocrx_word' id='word_1_56' title='bbox 1566 1089 1800 1144; x_wconf 83' lang='lat' dir='ltr'><strong>ratione</strong></span> <span class='ocrx_word' id='word_1_57' title='bbox 1833 1091 2118 1144; x_wconf 76' lang='lat' dir='ltr'><strong>aeternum</strong></span> 
     </span>
    </p>
   </div>
   <div class='ocr_carea' id='block_1_9' title="bbox 472 1189 1941 1234">
    <p class='ocr_par' dir='ltr' id='par_1_9' title="bbox 472 1189 1941 1234">
     <span class='ocr_line' id='line_1_9' title="bbox 472 1189 1941 1234; baseline -0.003 0"><span class='ocrx_word' id='word_1_58' title='bbox 472 1191 627 1234; x_wconf 85' lang='lat' dir='ltr'><strong>esse.</strong></span> <span class='ocrx_word' id='word_1_59' title='bbox 1933 1189 1941 1197; x_wconf 87' lang='lat'>&#39;</span> 
     </span>
    </p>
   </div>
   <div class='ocr_carea' id='block_1_10' title="bbox 551 1262 2111 1342">
    <p class='ocr_par' dir='ltr' id='par_1_10' title="bbox 551 1262 2111 1342">
     <span class='ocr_line' id='line_1_10' title="bbox 551 1262 2111 1342; baseline -0.002 -17"><span class='ocrx_word' id='word_1_60' title='bbox 551 1262 652 1326; x_wconf 89' lang='lat'><strong>38.</strong></span> <span class='ocrx_word' id='word_1_61' title='bbox 683 1263 766 1326; x_wconf 87' lang='lat' dir='ltr'><strong>Et</strong></span> <span class='ocrx_word' id='word_1_62' title='bbox 796 1264 1048 1326; x_wconf 81' lang='lat' dir='ltr'><strong>thronus</strong></span> <span class='ocrx_word' id='word_1_63' title='bbox 1081 1264 1212 1342; x_wconf 84' lang='lat' dir='ltr'><strong>ejus</strong></span> <span class='ocrx_word' id='word_1_64' title='bbox 1232 1263 1386 1324; x_wconf 84' lang='lat' dir='ltr'><strong>sicut</strong></span> <span class='ocrx_word' id='word_1_65' title='bbox 1418 1263 1506 1323; x_wconf 80' lang='lat' dir='ltr'><strong>soi</strong></span> <span class='ocrx_word' id='word_1_66' title='bbox 1536 1265 1602 1324; x_wconf 86' lang='lat' dir='ltr'><strong>in</strong></span> <span class='ocrx_word' id='word_1_67' title='bbox 1618 1270 1930 1342; x_wconf 84' lang='lat' dir='ltr'><strong>conspectu</strong></span> <span class='ocrx_word' id='word_1_68' title='bbox 1957 1279 2111 1324; x_wconf 88' lang='lat' dir='ltr'><strong>meo.</strong></span> 
     </span>
    </p>
   </div>
   <div class='ocr_carea' id='block_1_11' title="bbox 471 1351 2116 1430">
    <p class='ocr_par' dir='ltr' id='par_1_11' title="bbox 471 1351 2116 1430">
     <span class='ocr_line' id='line_1_11' title="bbox 471 1351 2116 1430; baseline -0.001 -17"><span class='ocrx_word' id='word_1_69' title='bbox 471 1351 778 1414; x_wconf 88' lang='lat' dir='ltr'><strong>Thronum</strong></span> <span class='ocrx_word' id='word_1_70' title='bbox 833 1353 1049 1416; x_wconf 89' lang='lat' dir='ltr'><strong>Christi</strong></span> <span class='ocrx_word' id='word_1_71' title='bbox 1111 1352 1381 1430; x_wconf 86' lang='lat' dir='ltr'><strong>intellige</strong></span> <span class='ocrx_word' id='word_1_72' title='bbox 1441 1352 1772 1413; x_wconf 75' lang='lat' dir='ltr'><strong>Ecclesium</strong></span> <span class='ocrx_word' id='word_1_73' title='bbox 1828 1371 1841 1412; x_wconf 93' lang='lat'>:</span> <span class='ocrx_word' id='word_1_74' title='bbox 1901 1355 1957 1411; x_wconf 92' lang='lat' dir='ltr'><strong>in</strong></span> <span class='ocrx_word' id='word_1_75' title='bbox 2017 1351 2116 1412; x_wconf 89' lang='lat' dir='ltr'><strong>illa</strong></span> 
     </span>
    </p>
   </div>
   <div class='ocr_carea' id='block_1_12' title="bbox 469 1440 2116 1523">
    <p class='ocr_par' dir='ltr' id='par_1_12' title="bbox 469 1440 2116 1523">
     <span class='ocr_line' id='line_1_12' title="bbox 469 1440 2116 1523; baseline -0.001 -21"><span class='ocrx_word' id='word_1_76' title='bbox 469 1442 690 1523; x_wconf 86' lang='lat' dir='ltr'><strong>quippe</strong></span> <span class='ocrx_word' id='word_1_77' title='bbox 723 1444 1066 1522; x_wconf 89' lang='lat' dir='ltr'><strong>requiescit.</strong></span> <span class='ocrx_word' id='word_1_78' title='bbox 1135 1441 1256 1504; x_wconf 86' lang='lat' dir='ltr'><strong>Erit</strong></span> <span class='ocrx_word' id='word_1_79' title='bbox 1310 1441 1510 1520; x_wconf 85' lang='lat' dir='ltr'><strong>igitur,</strong></span> <span class='ocrx_word' id='word_1_80' title='bbox 1569 1441 1786 1520; x_wconf 83' lang='lat' dir='ltr'><strong>inquit,</strong></span> <span class='ocrx_word' id='word_1_81' title='bbox 1851 1440 2116 1501; x_wconf 85' lang='lat' dir='ltr'><strong>Ecclesia</strong></span> 
     </span>
    </p>
   </div>
   <div class='ocr_carea' id='block_1_13' title="bbox 469 1530 2116 1610">
    <p class='ocr_par' dir='ltr' id='par_1_13' title="bbox 469 1530 2116 1610">
     <span class='ocr_line' id='line_1_13' title="bbox 469 1530 2116 1610; baseline 0 -18"><span class='ocrx_word' id='word_1_82' title='bbox 469 1530 686 1592; x_wconf 84' lang='lat' dir='ltr'><strong>Christi</strong></span> <span class='ocrx_word' id='word_1_83' title='bbox 731 1532 962 1608; x_wconf 79' lang='lat' dir='ltr'><strong>fulgens</strong></span> <span class='ocrx_word' id='word_1_84' title='bbox 995 1542 1053 1593; x_wconf 89' lang='lat' dir='ltr'><strong>et</strong></span> <span class='ocrx_word' id='word_1_85' title='bbox 1083 1531 1427 1592; x_wconf 88' lang='lat' dir='ltr'><strong>illuminans</strong></span> <span class='ocrx_word' id='word_1_86' title='bbox 1477 1531 1712 1610; x_wconf 85' lang='lat' dir='ltr'><strong>orbem,</strong></span> <span class='ocrx_word' id='word_1_87' title='bbox 1751 1549 2116 1610; x_wconf 87' lang='lat' dir='ltr'><strong>manensque</strong></span> 
     </span>
    </p>
   </div>
   <div class='ocr_carea' id='block_1_14' title="bbox 469 1619 2110 1683">
    <p class='ocr_par' dir='ltr' id='par_1_14' title="bbox 469 1619 2110 1683">
     <span class='ocr_line' id='line_1_14' title="bbox 469 1619 2110 1683; baseline 0 -3"><span class='ocrx_word' id='word_1_88' title='bbox 469 1619 530 1680; x_wconf 90' lang='lat' dir='ltr'><strong>in</strong></span> <span class='ocrx_word' id='word_1_89' title='bbox 563 1630 852 1682; x_wconf 74' lang='lat' dir='ltr'><strong>aeternum</strong></span> <span class='ocrx_word' id='word_1_90' title='bbox 885 1622 1036 1682; x_wconf 88' lang='lat' dir='ltr'><strong>sicut</strong></span> <span class='ocrx_word' id='word_1_91' title='bbox 1067 1621 1153 1680; x_wconf 89' lang='lat' dir='ltr'><strong>sol</strong></span> <span class='ocrx_word' id='word_1_92' title='bbox 1207 1627 1265 1679; x_wconf 90' lang='lat' dir='ltr'><strong>et</strong></span> <span class='ocrx_word' id='word_1_93' title='bbox 1314 1620 1476 1683; x_wconf 91' lang='lat' dir='ltr'><strong>luna.</strong></span> <span class='ocrx_word' id='word_1_94' title='bbox 1531 1619 1676 1680; x_wconf 87' lang='lat' dir='ltr'><strong>Nam</strong></span> <span class='ocrx_word' id='word_1_95' title='bbox 1708 1619 1934 1680; x_wconf 87' lang='lat' dir='ltr'><strong>dictum</strong></span> <span class='ocrx_word' id='word_1_96' title='bbox 1968 1620 2110 1680; x_wconf 91' lang='lat' dir='ltr'><strong>illud</strong></span> 
     </span>
    </p>
   </div>
   <div class='ocr_carea' id='block_1_15' title="bbox 1293 315 3039 392">
    <p class='ocr_par' dir='ltr' id='par_1_15' title="bbox 1293 315 3039 392">
     <span class='ocr_line' id='line_1_15' title="bbox 1293 315 3039 392; baseline 0.002 -8"><span class='ocrx_word' id='word_1_97' title='bbox 1293 321 1348 384; x_wconf 88' lang='lat' dir='ltr'><strong>s.</strong></span> <span class='ocrx_word' id='word_1_98' title='bbox 1403 323 1816 386; x_wconf 72' lang='lat' dir='ltr'><strong>ATHANASH</strong></span> <span class='ocrx_word' id='word_1_99' title='bbox 1865 325 2024 385; x_wconf 73' lang='lat' dir='ltr'><strong>opp.</strong></span> <span class='ocrx_word' id='word_1_100' title='bbox 2073 319 2267 383; x_wconf 80' lang='lat' dir='ltr'><strong>PARS</strong></span> <span class='ocrx_word' id='word_1_101' title='bbox 2309 319 2390 384; x_wconf 93' lang='lat' dir='ltr'><strong>III</strong></span> <span class='ocrx_word' id='word_1_102' title='bbox 2463 361 2538 370; x_wconf 68' lang='grc' dir='ltr'><strong>ο-</strong></span> <span class='ocrx_word' id='word_1_103' title='bbox 2589 315 3039 392; x_wconf 76' lang='lat' dir='ltr'><strong>EXEGETICA.</strong></span> 
     </span>
    </p>
   </div>
   <div class='ocr_carea' id='block_1_16' title="bbox 544 457 2178 530">
    <p class='ocr_par' dir='ltr' id='par_1_16' title="bbox 544 457 2178 530">
     <span class='ocr_line' id='line_1_16' title="bbox 544 457 2178 530; baseline 0 -18"><span class='ocrx_word' id='word_1_104' title='bbox 544 457 634 522; x_wconf 89' lang='lat'><strong>36,</strong></span> <span class='ocrx_word' id='word_1_105' title='bbox 668 457 756 514; x_wconf 90' lang='lat'><strong>37.</strong></span> <span class='ocrx_word' id='word_1_106' title='bbox 799 457 967 514; x_wconf 80' lang='lat' dir='ltr'><strong>Semel</strong></span> <span class='ocrx_word' id='word_1_107' title='bbox 982 457 1184 530; x_wconf 81' lang='lat' dir='ltr'><strong>juraui</strong></span> <span class='ocrx_word' id='word_1_108' title='bbox 1222 458 1279 512; x_wconf 88' lang='lat' dir='ltr'><strong>in</strong></span> <span class='ocrx_word' id='word_1_109' title='bbox 1310 463 1493 515; x_wconf 83' lang='lat' dir='ltr'><strong>sancto</strong></span> <span class='ocrx_word' id='word_1_110' title='bbox 1523 473 1652 524; x_wconf 78' lang='lat' dir='ltr'><strong>meo,</strong></span> <span class='ocrx_word' id='word_1_111' title='bbox 1685 459 1736 515; x_wconf 97' lang='lat' dir='ltr'><strong>si</strong></span> <span class='ocrx_word' id='word_1_112' title='bbox 1764 457 1945 514; x_wconf 83' lang='lat' dir='ltr'><strong>David</strong></span> <span class='ocrx_word' id='word_1_113' title='bbox 1970 461 2178 513; x_wconf 81' lang='lat' dir='ltr'><strong>men-A</strong></span> 
     </span>
    </p>
   </div>
   <div class='ocr_carea' id='block_1_17' title="bbox 3728 327 3833 396">
    <p class='ocr_par' dir='ltr' id='par_1_17' title="bbox 3728 327 3833 396">
     <span class='ocr_line' id='line_1_17' title="bbox 3728 327 3833 396; baseline 0.01 -1"><span class='ocrx_word' id='word_1_114' title='bbox 3728 327 3833 396; x_wconf 74' lang='lat'><strong>39?</strong></span> 
     </span>
    </p>
   </div>
   <div class='ocr_carea' id='block_1_18' title="bbox 2283 454 3828 542">
    <p class='ocr_par' dir='ltr' id='par_1_18' title="bbox 2283 454 3828 542">
     <span class='ocr_line' id='line_1_18' title="bbox 2283 454 3828 542; baseline 0.006 -30"><span class='ocrx_word' id='word_1_115' title='bbox 2283 454 2471 523; x_wconf 77' lang='grc' dir='ltr'>’Ἃπαξ</span> <span class='ocrx_word' id='word_1_116' title='bbox 2531 459 2719 534; x_wconf 71' lang='grc' dir='ltr'>ὤμοσα</span> <span class='ocrx_word' id='word_1_117' title='bbox 2774 461 2828 516; x_wconf 82' lang='grc' dir='ltr'>ἐν</span> <span class='ocrx_word' id='word_1_118' title='bbox 2857 469 2932 536; x_wconf 84' lang='grc' dir='ltr'><strong>τῷ</strong></span> <span class='ocrx_word' id='word_1_119' title='bbox 2976 463 3110 541; x_wconf 72' lang='grc' dir='ltr'>ἆγίῳ</span> <span class='ocrx_word' id='word_1_120' title='bbox 3167 487 3292 542; x_wconf 82' lang='grc' dir='ltr'>μου,</span> <span class='ocrx_word' id='word_1_121' title='bbox 3325 465 3368 518; x_wconf 79' lang='grc' dir='ltr'><strong>εἰ</strong></span> <span class='ocrx_word' id='word_1_122' title='bbox 3399 471 3477 538; x_wconf 83' lang='grc' dir='ltr'>τῷ</span> <span class='ocrx_word' id='word_1_123' title='bbox 3513 463 3680 520; x_wconf 54' lang='grc' dir='ltr'>Δαυλιδ</span> <span class='ocrx_word' id='word_1_124' title='bbox 3709 469 3828 541; x_wconf 68' lang='grc' dir='ltr'>ψεύι-</span> 
     </span>
    </p>
   </div>
   <div class='ocr_carea' id='block_1_19' title="bbox 2207 546 3832 629">
    <p class='ocr_par' dir='ltr' id='par_1_19' title="bbox 2207 546 3832 629">
     <span class='ocr_line' id='line_1_19' title="bbox 2207 546 3832 629; baseline -0.001 -30"><span class='ocrx_word' id='word_1_125' title='bbox 2207 567 2390 618; x_wconf 80' lang='grc' dir='ltr'>σομαι.</span> <span class='ocrx_word' id='word_1_126' title='bbox 2426 546 2664 621; x_wconf 80' lang='grc' dir='ltr'>’Ὅμοιον</span> <span class='ocrx_word' id='word_1_127' title='bbox 2695 557 2772 622; x_wconf 85' lang='grc' dir='ltr'>τῷ</span> <span class='ocrx_word' id='word_1_128' title='bbox 2815 549 3062 629; x_wconf 76' lang='grc' dir='ltr'>ἄλλαχοῦ</span> <span class='ocrx_word' id='word_1_129' title='bbox 3121 550 3386 628; x_wconf 77' lang='grc' dir='ltr'>εἱρημὲνῳ</span> <span class='ocrx_word' id='word_1_130' title='bbox 3419 568 3434 584; x_wconf 93' lang='grc'><strong>·</strong></span> <span class='ocrx_word' id='word_1_131' title='bbox 3497 549 3714 626; x_wconf 79' lang='grc' dir='ltr'>’Ὤμοσε</span> <span class='ocrx_word' id='word_1_132' title='bbox 3745 555 3832 610; x_wconf 74' lang='grc' dir='ltr'><strong>Κό-</strong></span> 
     </span>
    </p>
   </div>
   <div class='ocr_carea' id='block_1_20' title="bbox 2207 637 3832 714">
    <p class='ocr_par' dir='ltr' id='par_1_20' title="bbox 2207 637 3832 714">
     <span class='ocr_line' id='line_1_20' title="bbox 2207 637 3832 714; baseline 0.006 -25"><span class='ocrx_word' id='word_1_133' title='bbox 2207 656 2314 712; x_wconf 83' lang='grc' dir='ltr'>ριος</span> <span class='ocrx_word' id='word_1_134' title='bbox 2377 642 2450 708; x_wconf 85' lang='grc' dir='ltr'><strong>τῷ</strong></span> <span class='ocrx_word' id='word_1_135' title='bbox 2511 637 2677 696; x_wconf 63' lang='lat' dir='ltr'><strong>Amici</strong></span> <span class='ocrx_word' id='word_1_136' title='bbox 2736 637 3009 712; x_wconf 77' lang='grc' dir='ltr'>ἀλήθειαν,</span> <span class='ocrx_word' id='word_1_137' title='bbox 3063 642 3152 695; x_wconf 89' lang='grc' dir='ltr'><strong>καὶ</strong></span> <span class='ocrx_word' id='word_1_138' title='bbox 3211 644 3268 698; x_wconf 78' lang='grc' dir='ltr'>οὐ</span> <span class='ocrx_word' id='word_1_139' title='bbox 3321 641 3397 714; x_wconf 76' lang='grc' dir='ltr'>μὴ</span> <span class='ocrx_word' id='word_1_140' title='bbox 3449 639 3712 709; x_wconf 73' lang='grc' dir='ltr'>ἀθετήσει.</span> <span class='ocrx_word' id='word_1_141' title='bbox 3768 644 3832 698; x_wconf 75' lang='grc' dir='ltr'><strong>Τὸ</strong></span> 
     </span>
    </p>
   </div>
   <div class='ocr_carea' id='block_1_21' title="bbox 2207 723 3832 805">
    <p class='ocr_par' dir='ltr' id='par_1_21' title="bbox 2207 723 3832 805">
     <span class='ocr_line' id='line_1_21' title="bbox 2207 723 3832 805; baseline 0.004 -28"><span class='ocrx_word' id='word_1_142' title='bbox 2207 723 2416 799; x_wconf 81' lang='grc' dir='ltr'>σπέρμα</span> <span class='ocrx_word' id='word_1_143' title='bbox 2477 727 2646 783; x_wconf 73' lang='grc' dir='ltr'>αὐτοῦ’</span> <span class='ocrx_word' id='word_1_144' title='bbox 2693 729 2765 791; x_wconf 85' lang='grc' dir='ltr'><strong>εἰς</strong></span> <span class='ocrx_word' id='word_1_145' title='bbox 2837 729 2928 782; x_wconf 84' lang='grc' dir='ltr'>τὸν</span> <span class='ocrx_word' id='word_1_146' title='bbox 2988 729 3151 783; x_wconf 82' lang='grc' dir='ltr'>αἰῶνα</span> <span class='ocrx_word' id='word_1_147' title='bbox 3223 727 3392 804; x_wconf 73' lang='grc' dir='ltr'>μένει,</span> <span class='ocrx_word' id='word_1_148' title='bbox 3467 728 3683 805; x_wconf 83' lang='grc' dir='ltr'>Σπέρμα</span> <span class='ocrx_word' id='word_1_149' title='bbox 3749 730 3832 784; x_wconf 71' lang='grc' dir='ltr'>τοῦ</span> 
     </span>
    </p>
   </div>
   <div class='ocr_carea' id='block_1_22' title="bbox 2211 813 3830 895">
    <p class='ocr_par' dir='ltr' id='par_1_22' title="bbox 2211 813 3830 895">
     <span class='ocr_line' id='line_1_22' title="bbox 2211 813 3830 895; baseline 0.002 -27"><span class='ocrx_word' id='word_1_150' title='bbox 2211 813 2380 869; x_wconf 74' lang='grc' dir='ltr'><strong>Δαυῖδ</strong></span> <span class='ocrx_word' id='word_1_151' title='bbox 2410 837 2539 892; x_wconf 77' lang='grc' dir='ltr'>φησι</span> <span class='ocrx_word' id='word_1_152' title='bbox 2573 818 2662 871; x_wconf 83' lang='grc' dir='ltr'>τὸν</span> <span class='ocrx_word' id='word_1_153' title='bbox 2704 817 2764 872; x_wconf 79' lang='grc' dir='ltr'>ἐκ</span> <span class='ocrx_word' id='word_1_154' title='bbox 2794 815 3098 893; x_wconf 78' lang='grc' dir='ltr'>σπέρματος</span> <span class='ocrx_word' id='word_1_155' title='bbox 3137 816 3304 872; x_wconf 68' lang='grc' dir='ltr'><strong>Δαυῖδ</strong></span> <span class='ocrx_word' id='word_1_156' title='bbox 3358 817 3498 872; x_wconf 79' lang='grc' dir='ltr'>κατὰ</span> <span class='ocrx_word' id='word_1_157' title='bbox 3539 818 3701 894; x_wconf 84' lang='grc' dir='ltr'>σάρκα</span> <span class='ocrx_word' id='word_1_158' title='bbox 3743 839 3830 895; x_wconf 85' lang='grc' dir='ltr'>γε-</span> 
     </span>
    </p>
   </div>
   <div class='ocr_carea' id='block_1_23' title="bbox 2205 903 3832 981">
    <p class='ocr_par' dir='ltr' id='par_1_23' title="bbox 2205 903 3832 981">
     <span class='ocr_line' id='line_1_23' title="bbox 2205 903 3832 981; baseline 0.004 -25"><span class='ocrx_word' id='word_1_159' title='bbox 2205 903 2526 980; x_wconf 82' lang='grc' dir='ltr'>γεννημένον</span> <span class='ocrx_word' id='word_1_160' title='bbox 2557 907 2804 981; x_wconf 79' lang='grc' dir='ltr'>Χριστὸν,</span> <span class='ocrx_word' id='word_1_161' title='bbox 2839 903 2948 968; x_wconf 88' lang='grc' dir='ltr'><strong>”Ος</strong></span> <span class='ocrx_word' id='word_1_162' title='bbox 2978 909 3066 960; x_wconf 85' lang='grc' dir='ltr'><strong>καὶ</strong></span> <span class='ocrx_word' id='word_1_163' title='bbox 3123 907 3196 968; x_wconf 83' lang='grc' dir='ltr'>εἷς</span> <span class='ocrx_word' id='word_1_164' title='bbox 3244 907 3334 961; x_wconf 81' lang='grc' dir='ltr'><strong>τὸν</strong></span> <span class='ocrx_word' id='word_1_165' title='bbox 3366 908 3531 962; x_wconf 77' lang='grc' dir='ltr'>αἰῶνα</span> <span class='ocrx_word' id='word_1_166' title='bbox 3561 907 3722 979; x_wconf 81' lang='grc' dir='ltr'>μένει,</span> <span class='ocrx_word' id='word_1_167' title='bbox 3767 909 3832 962; x_wconf 80' lang='grc' dir='ltr'><strong>Οὖ</strong></span> 
     </span>
    </p>
   </div>
   <div class='ocr_carea' id='block_1_24' title="bbox 2203 992 3829 1074">
    <p class='ocr_par' dir='ltr' id='par_1_24' title="bbox 2203 992 3829 1074">
     <span class='ocr_line' id='line_1_24' title="bbox 2203 992 3829 1074; baseline 0.002 -28"><span class='ocrx_word' id='word_1_168' title='bbox 2203 993 2302 1069; x_wconf 81' lang='grc' dir='ltr'>γάρ</span> <span class='ocrx_word' id='word_1_169' title='bbox 2333 993 2443 1049; x_wconf 80' lang='grc' dir='ltr'>ἐστι</span> <span class='ocrx_word' id='word_1_170' title='bbox 2486 1001 2592 1048; x_wconf 82' lang='grc' dir='ltr'><strong>τῶν</strong></span> <span class='ocrx_word' id='word_1_171' title='bbox 2649 992 3037 1074; x_wconf 69' lang='grc' dir='ltr'><strong>ἐνδεχομένων,</strong></span> <span class='ocrx_word' id='word_1_172' title='bbox 3075 997 3206 1050; x_wconf 82' lang='grc' dir='ltr'>Θεὸν</span> <span class='ocrx_word' id='word_1_173' title='bbox 3261 994 3385 1050; x_wconf 72' lang='grc' dir='ltr'>ὄντα</span> <span class='ocrx_word' id='word_1_174' title='bbox 3439 997 3527 1050; x_wconf 79' lang='grc' dir='ltr'>καὶ</span> <span class='ocrx_word' id='word_1_175' title='bbox 3569 997 3696 1050; x_wconf 79' lang='grc' dir='ltr'><strong>Θεοῦ</strong></span> <span class='ocrx_word' id='word_1_176' title='bbox 3725 994 3829 1049; x_wconf 81' lang='grc' dir='ltr'>κατ’</span> 
     </span>
    </p>
   </div>
   <div class='ocr_carea' id='block_1_25' title="bbox 2205 1080 3832 1159">
    <p class='ocr_par' dir='ltr' id='par_1_25' title="bbox 2205 1080 3832 1159">
     <span class='ocr_line' id='line_1_25' title="bbox 2205 1080 3832 1159; baseline 0.002 -25"><span class='ocrx_word' id='word_1_177' title='bbox 2205 1080 2456 1150; x_wconf 80' lang='grc' dir='ltr'>ἀλήθειαν</span> <span class='ocrx_word' id='word_1_178' title='bbox 2489 1085 2636 1159; x_wconf 82' lang='grc' dir='ltr'>Υἱὸν,</span> <span class='ocrx_word' id='word_1_179' title='bbox 2671 1085 2749 1159; x_wconf 78' lang='grc' dir='ltr'>μὴ</span> <span class='ocrx_word' id='word_1_180' title='bbox 2789 1082 2966 1149; x_wconf 78' lang='grc' dir='ltr'>πάντη</span> <span class='ocrx_word' id='word_1_181' title='bbox 3017 1104 3073 1138; x_wconf 90' lang='grc' dir='ltr'><strong>τε</strong></span> <span class='ocrx_word' id='word_1_182' title='bbox 3117 1085 3206 1139; x_wconf 81' lang='grc' dir='ltr'><strong>καὶ</strong></span> <span class='ocrx_word' id='word_1_183' title='bbox 3263 1085 3478 1141; x_wconf 83' lang='grc' dir='ltr'>πάντων</span> <span class='ocrx_word' id='word_1_184' title='bbox 3537 1087 3672 1140; x_wconf 82' lang='grc' dir='ltr'>εἶναι</span> <span class='ocrx_word' id='word_1_185' title='bbox 3719 1084 3832 1140; x_wconf 78' lang='grc' dir='ltr'>αἰώ-</span> 
     </span>
    </p>
   </div>
   <div class='ocr_carea' id='block_1_26' title="bbox 2199 1193 2334 1232">
    <p class='ocr_par' dir='ltr' id='par_1_26' title="bbox 2199 1193 2334 1232">
     <span class='ocr_line' id='line_1_26' title="bbox 2199 1193 2334 1232; baseline 0.007 -8"><span class='ocrx_word' id='word_1_186' title='bbox 2199 1193 2334 1232; x_wconf 79' lang='grc' dir='ltr'>νιον,</span> 
     </span>
    </p>
   </div>
   <div class='ocr_carea' id='block_1_27' title="bbox 2283 1261 3822 1336">
    <p class='ocr_par' dir='ltr' id='par_1_27' title="bbox 2283 1261 3822 1336">
     <span class='ocr_line' id='line_1_27' title="bbox 2283 1261 3822 1336; baseline 0.001 -19"><span class='ocrx_word' id='word_1_187' title='bbox 2283 1263 2377 1317; x_wconf 80' lang='grc' dir='ltr'><strong>Καὶ</strong></span> <span class='ocrx_word' id='word_1_188' title='bbox 2451 1263 2478 1316; x_wconf 87' lang='lat'><strong>6</strong></span> <span class='ocrx_word' id='word_1_189' title='bbox 2547 1261 2730 1336; x_wconf 88' lang='grc' dir='ltr'>θρόνος</span> <span class='ocrx_word' id='word_1_190' title='bbox 2775 1264 2932 1320; x_wconf 78' lang='grc' dir='ltr'>αὐτοῦ</span> <span class='ocrx_word' id='word_1_191' title='bbox 2991 1265 3062 1325; x_wconf 85' lang='grc' dir='ltr'>ὡς</span> <span class='ocrx_word' id='word_1_192' title='bbox 3121 1265 3150 1318; x_wconf 97' lang='lat'><strong>6</strong></span> <span class='ocrx_word' id='word_1_193' title='bbox 3209 1261 3360 1331; x_wconf 72' lang='grc' dir='ltr'>ἥλιος</span> <span class='ocrx_word' id='word_1_194' title='bbox 3423 1261 3652 1317; x_wconf 77' lang='grc' dir='ltr'>ἐναντίον</span> <span class='ocrx_word' id='word_1_195' title='bbox 3709 1283 3822 1336; x_wconf 86' lang='grc' dir='ltr'>μου.</span> 
     </span>
    </p>
   </div>
   <div class='ocr_carea' id='block_1_28' title="bbox 2200 1350 3827 1431">
    <p class='ocr_par' dir='ltr' id='par_1_28' title="bbox 2200 1350 3827 1431">
     <span class='ocr_line' id='line_1_28' title="bbox 2200 1350 3827 1431; baseline -0.001 -25"><span class='ocrx_word' id='word_1_196' title='bbox 2200 1352 2392 1428; x_wconf 87' lang='grc' dir='ltr'>Θρόνον</span> <span class='ocrx_word' id='word_1_197' title='bbox 2437 1359 2660 1431; x_wconf 77' lang='grc' dir='ltr'>Χριστοῦ</span> <span class='ocrx_word' id='word_1_198' title='bbox 2715 1354 2883 1409; x_wconf 70' lang='grc' dir='ltr'>ἒννόει</span> <span class='ocrx_word' id='word_1_199' title='bbox 2931 1355 3030 1418; x_wconf 79' lang='grc' dir='ltr'>τὴν</span> <span class='ocrx_word' id='word_1_200' title='bbox 3073 1350 3401 1417; x_wconf 78' lang='grc' dir='ltr'>Ἐκκλησιαν</span> <span class='ocrx_word' id='word_1_201' title='bbox 3433 1366 3448 1380; x_wconf 83' lang='grc'><strong><em>⁸</em></strong></span> <span class='ocrx_word' id='word_1_202' title='bbox 3507 1350 3827 1406; x_wconf 77' lang='grc' dir='ltr'>ὲπαναπαύε-</span> 
     </span>
    </p>
   </div>
   <div class='ocr_carea' id='block_1_29' title="bbox 2199 1438 3826 1520">
    <p class='ocr_par' dir='ltr' id='par_1_29' title="bbox 2199 1438 3826 1520">
     <span class='ocr_line' id='line_1_29' title="bbox 2199 1438 3826 1520; baseline -0.001 -24"><span class='ocrx_word' id='word_1_203' title='bbox 2199 1463 2285 1496; x_wconf 83' lang='grc' dir='ltr'><strong>ται</strong></span> <span class='ocrx_word' id='word_1_204' title='bbox 2339 1442 2438 1518; x_wconf 73' lang='grc' dir='ltr'>γὰρ</span> <span class='ocrx_word' id='word_1_205' title='bbox 2486 1444 2640 1517; x_wconf 71' lang='grc' dir='ltr'>αὐτῇ.</span> <span class='ocrx_word' id='word_1_206' title='bbox 2698 1441 2900 1499; x_wconf 81' lang='grc' dir='ltr'><strong>’Ἔσται</strong></span> <span class='ocrx_word' id='word_1_207' title='bbox 2935 1451 3045 1515; x_wconf 79' lang='grc' dir='ltr'>οὖν,</span> <span class='ocrx_word' id='word_1_208' title='bbox 3094 1442 3276 1520; x_wconf 68' lang='grc' dir='ltr'>φησὶν,</span> <span class='ocrx_word' id='word_1_209' title='bbox 3319 1443 3352 1507; x_wconf 79' lang='grc' dir='ltr'>ἡ</span> <span class='ocrx_word' id='word_1_210' title='bbox 3385 1438 3677 1506; x_wconf 80' lang='grc' dir='ltr'>Ἐκκλησία</span> <span class='ocrx_word' id='word_1_211' title='bbox 3707 1446 3826 1517; x_wconf 76' lang='grc' dir='ltr'>Χρι-</span> 
     </span>
    </p>
   </div>
   <div class='ocr_carea' id='block_1_30' title="bbox 2199 1529 3826 1610">
    <p class='ocr_par' dir='ltr' id='par_1_30' title="bbox 2199 1529 3826 1610">
     <span class='ocr_line' id='line_1_30' title="bbox 2199 1529 3826 1610; baseline -0.001 -26"><span class='ocrx_word' id='word_1_212' title='bbox 2199 1538 2324 1586; x_wconf 82' lang='grc' dir='ltr'>στοῦ</span> <span class='ocrx_word' id='word_1_213' title='bbox 2385 1533 2859 1610; x_wconf 77' lang='grc' dir='ltr'>καταστράπτουσα</span> <span class='ocrx_word' id='word_1_214' title='bbox 2889 1535 2978 1588; x_wconf 84' lang='grc' dir='ltr'>καὶ</span> <span class='ocrx_word' id='word_1_215' title='bbox 3031 1530 3324 1609; x_wconf 77' lang='grc' dir='ltr'>φωτίζουσα</span> <span class='ocrx_word' id='word_1_216' title='bbox 3383 1529 3484 1594; x_wconf 76' lang='grc' dir='ltr'>τὴν</span> <span class='ocrx_word' id='word_1_217' title='bbox 3543 1529 3627 1582; x_wconf 76' lang='grc' dir='ltr'><strong>ὑπ’</strong></span> <span class='ocrx_word' id='word_1_218' title='bbox 3679 1529 3826 1605; x_wconf 68' lang='grc' dir='ltr'>οὖρα-</span> 
     </span>
    </p>
   </div>
   <div class='ocr_carea' id='block_1_31' title="bbox 2200 1615 3823 1698">
    <p class='ocr_par' dir='ltr' id='par_1_31' title="bbox 2200 1615 3823 1698">
     <span class='ocr_line' id='line_1_31' title="bbox 2200 1615 3823 1698; baseline -0.002 -24"><span class='ocrx_word' id='word_1_219' title='bbox 2200 1620 2309 1689; x_wconf 71' lang='grc' dir='ltr'>νὸν,</span> <span class='ocrx_word' id='word_1_220' title='bbox 2339 1622 2428 1674; x_wconf 84' lang='grc' dir='ltr'><strong>καὶ</strong></span> <span class='ocrx_word' id='word_1_221' title='bbox 2459 1620 2688 1694; x_wconf 79' lang='grc' dir='ltr'>μένουσα</span> <span class='ocrx_word' id='word_1_222' title='bbox 2734 1622 2993 1686; x_wconf 79' lang='grc' dir='ltr'>διηνεκῶς</span> <span class='ocrx_word' id='word_1_223' title='bbox 3030 1617 3153 1698; x_wconf 81' lang='grc'><strong>(40)</strong></span> <span class='ocrx_word' id='word_1_224' title='bbox 3185 1621 3212 1673; x_wconf 88' lang='lat'><strong>6</strong></span> <span class='ocrx_word' id='word_1_225' title='bbox 3242 1617 3396 1684; x_wconf 71' lang='grc' dir='ltr'>ἥλιος</span> <span class='ocrx_word' id='word_1_226' title='bbox 3429 1619 3515 1672; x_wconf 85' lang='grc' dir='ltr'><strong>καὶ</strong></span> <span class='ocrx_word' id='word_1_227' title='bbox 3551 1616 3586 1683; x_wconf 80' lang='grc' dir='ltr'><strong>ἡ</strong></span> <span class='ocrx_word' id='word_1_228' title='bbox 3616 1615 3823 1683; x_wconf 76' lang='grc' dir='ltr'>σελήνη.</span> 
     </span>
    </p>
   </div>
   <div class='ocr_carea' id='block_1_32' title="bbox 468 1705 2114 1788">
    <p class='ocr_par' dir='ltr' id='par_1_32' title="bbox 468 1707 2109 1788">
     <span class='ocr_line' id='line_1_32' title="bbox 468 1707 2109 1788; baseline 0.002 -22"><span class='ocrx_word' id='word_1_229' title='bbox 468 1713 548 1768; x_wconf 89' lang='lat' dir='ltr'><strong>ita</strong></span> <span class='ocrx_word' id='word_1_230' title='bbox 577 1727 642 1770; x_wconf 93' lang='lat' dir='ltr'><strong>se</strong></span> <span class='ocrx_word' id='word_1_231' title='bbox 671 1709 849 1770; x_wconf 86' lang='lat' dir='ltr'><strong>habet</strong></span> <span class='ocrx_word' id='word_1_232' title='bbox 881 1728 896 1767; x_wconf 85' lang='lat'><strong>:</strong></span> <span class='ocrx_word' id='word_1_233' title='bbox 957 1708 1043 1770; x_wconf 86' lang='lat' dir='ltr'><strong>Et</strong></span> <span class='ocrx_word' id='word_1_234' title='bbox 1095 1707 1349 1769; x_wconf 78' lang='lat' dir='ltr'><strong>thronus</strong></span> <span class='ocrx_word' id='word_1_235' title='bbox 1381 1710 1508 1788; x_wconf 86' lang='lat' dir='ltr'><strong>ejus</strong></span> <span class='ocrx_word' id='word_1_236' title='bbox 1537 1711 1692 1770; x_wconf 85' lang='lat' dir='ltr'><strong>sicut</strong></span> <span class='ocrx_word' id='word_1_237' title='bbox 1720 1707 1806 1769; x_wconf 83' lang='lat' dir='ltr'><strong>sol</strong></span> <span class='ocrx_word' id='word_1_238' title='bbox 1838 1713 1904 1770; x_wconf 87' lang='lat' dir='ltr'><strong>in</strong></span> <span class='ocrx_word' id='word_1_239' title='bbox 1937 1725 2109 1770; x_wconf 87' lang='lat' dir='ltr'><strong>cons-</strong></span> 
     </span>
    </p>
   </div>
   <div class='ocr_carea' id='block_1_33' title="bbox 2211 1705 3826 1788">
    <p class='ocr_par' dir='ltr' id='par_1_33' title="bbox 2211 1705 3826 1786">
     <span class='ocr_line' id='line_1_33' title="bbox 2211 1705 3826 1786; baseline -0.002 -22"><span class='ocrx_word' id='word_1_240' title='bbox 2211 1711 2270 1765; x_wconf 62' lang='lat' dir='ltr'><strong>‘l‘b</strong></span> <span class='ocrx_word' id='word_1_241' title='bbox 2302 1709 2400 1786; x_wconf 80' lang='grc' dir='ltr'><strong>γὰρ</strong></span> <span class='ocrx_word' id='word_1_242' title='bbox 2430 1709 2589 1784; x_wconf 81' lang='grc' dir='ltr'>ῥητὸν</span> <span class='ocrx_word' id='word_1_243' title='bbox 2617 1709 2772 1766; x_wconf 73' lang='grc' dir='ltr'>τοῦτο</span> <span class='ocrx_word' id='word_1_244' title='bbox 2803 1707 2942 1764; x_wconf 62' lang='grc' dir='ltr'>οὕτω</span> <span class='ocrx_word' id='word_1_245' title='bbox 2986 1707 3116 1786; x_wconf 71' lang='grc' dir='ltr'><strong>φησί</strong></span> <span class='ocrx_word' id='word_1_246' title='bbox 3141 1722 3154 1734; x_wconf 85' lang='grc'><strong><em>“</em></strong></span> <span class='ocrx_word' id='word_1_247' title='bbox 3194 1705 3299 1765; x_wconf 86' lang='grc' dir='ltr'><strong>Καὶ</strong></span> <span class='ocrx_word' id='word_1_248' title='bbox 3363 1709 3391 1760; x_wconf 97' lang='lat'><strong>6</strong></span> <span class='ocrx_word' id='word_1_249' title='bbox 3447 1705 3624 1782; x_wconf 77' lang='grc' dir='ltr'>θρόνος</span> <span class='ocrx_word' id='word_1_250' title='bbox 3685 1709 3826 1763; x_wconf 73' lang='grc' dir='ltr'><strong>αὗτοῦ</strong></span> 
     </span>
    </p>
   </div>
   <div class='ocr_carea' id='block_1_34' title="bbox 465 1791 2114 1877">
    <p class='ocr_par' dir='ltr' id='par_1_34' title="bbox 465 1798 2114 1877">
     <span class='ocr_line' id='line_1_34' title="bbox 465 1798 2114 1877; baseline 0 -19"><span class='ocrx_word' id='word_1_251' title='bbox 465 1803 633 1875; x_wconf 86' lang='lat' dir='ltr'><strong>pectu</strong></span> <span class='ocrx_word' id='word_1_252' title='bbox 665 1816 816 1872; x_wconf 87' lang='lat' dir='ltr'><strong>meo,</strong></span> <span class='ocrx_word' id='word_1_253' title='bbox 842 1807 898 1858; x_wconf 82' lang='lat' dir='ltr'><strong>et</strong></span> <span class='ocrx_word' id='word_1_254' title='bbox 925 1800 1078 1859; x_wconf 85' lang='lat' dir='ltr'><strong>sicut</strong></span> <span class='ocrx_word' id='word_1_255' title='bbox 1108 1798 1260 1858; x_wconf 84' lang='lat' dir='ltr'><strong>luna</strong></span> <span class='ocrx_word' id='word_1_256' title='bbox 1298 1800 1562 1877; x_wconf 81' lang='lat' dir='ltr'><strong>perfecta</strong></span> <span class='ocrx_word' id='word_1_257' title='bbox 1597 1802 1662 1858; x_wconf 83' lang='lat' dir='ltr'><strong>in</strong></span> <span class='ocrx_word' id='word_1_258' title='bbox 1710 1804 2023 1877; x_wconf 71' lang='lat' dir='ltr'><strong>aeternum,</strong></span> <span class='ocrx_word' id='word_1_259' title='bbox 2061 1807 2114 1860; x_wconf 84' lang='lat' dir='ltr'><strong>et</strong></span> 
     </span>
    </p>
   </div>
   <div class='ocr_carea' id='block_1_35' title="bbox 2211 1791 3823 1877">
    <p class='ocr_par' dir='ltr' id='par_1_35' title="bbox 2211 1791 3823 1871">
     <span class='ocr_line' id='line_1_35' title="bbox 2211 1791 3823 1871; baseline -0.001 -19"><span class='ocrx_word' id='word_1_260' title='bbox 2211 1800 2272 1861; x_wconf 76' lang='lat' dir='ltr'><strong>io;</strong></span> <span class='ocrx_word' id='word_1_261' title='bbox 2327 1800 2354 1852; x_wconf 93' lang='lat'><strong>6</strong></span> <span class='ocrx_word' id='word_1_262' title='bbox 2409 1796 2559 1864; x_wconf 67' lang='grc' dir='ltr'>ἥλιος</span> <span class='ocrx_word' id='word_1_263' title='bbox 2619 1799 2854 1854; x_wconf 80' lang='grc' dir='ltr'>ἐναντίον</span> <span class='ocrx_word' id='word_1_264' title='bbox 2899 1818 3024 1871; x_wconf 86' lang='grc' dir='ltr'>μου,</span> <span class='ocrx_word' id='word_1_265' title='bbox 3087 1798 3174 1852; x_wconf 79' lang='grc' dir='ltr'><strong>καὶ</strong></span> <span class='ocrx_word' id='word_1_266' title='bbox 3240 1796 3314 1858; x_wconf 86' lang='grc' dir='ltr'>ὡς</span> <span class='ocrx_word' id='word_1_267' title='bbox 3375 1797 3408 1860; x_wconf 74' lang='grc' dir='ltr'>ἡ</span> <span class='ocrx_word' id='word_1_268' title='bbox 3469 1791 3666 1862; x_wconf 81' lang='grc' dir='ltr'>σελήνη</span> <span class='ocrx_word' id='word_1_269' title='bbox 3699 1816 3823 1850; x_wconf 88' lang='grc' dir='ltr'>κατ-</span> 
     </span>
    </p>
   </div>
   <div class='ocr_carea' id='block_1_36' title="bbox 474 1883 2114 1964">
    <p class='ocr_par' dir='ltr' id='par_1_36' title="bbox 474 1885 1150 1964">
     <span class='ocr_line' id='line_1_36' title="bbox 474 1885 1150 1964; baseline 0.003 -18"><span class='ocrx_word' id='word_1_270' title='bbox 474 1887 638 1947; x_wconf 83' lang='lat' dir='ltr'><strong>testis</strong></span> <span class='ocrx_word' id='word_1_271' title='bbox 668 1887 734 1946; x_wconf 85' lang='lat' dir='ltr'><strong>in</strong></span> <span class='ocrx_word' id='word_1_272' title='bbox 755 1887 896 1948; x_wconf 66' lang='lat' dir='ltr'><strong>creto</strong></span> <span class='ocrx_word' id='word_1_273' title='bbox 924 1885 1150 1964; x_wconf 79' lang='lat' dir='ltr'><strong>ﬁdelis.</strong></span> 
     </span>
    </p>
   </div>
   <div class='ocr_carea' id='block_1_37' title="bbox 2211 1883 3824 1964">
    <p class='ocr_par' dir='ltr' id='par_1_37' title="bbox 2211 1883 3824 1964">
     <span class='ocr_line' id='line_1_37' title="bbox 2211 1883 3824 1964; baseline -0.004 -22"><span class='ocrx_word' id='word_1_274' title='bbox 2211 1885 2495 1964; x_wconf 78' lang='grc' dir='ltr'>ηρτισμένη</span> <span class='ocrx_word' id='word_1_275' title='bbox 2555 1891 2628 1950; x_wconf 81' lang='grc' dir='ltr'><strong>εἱς</strong></span> <span class='ocrx_word' id='word_1_276' title='bbox 2686 1889 2778 1943; x_wconf 81' lang='grc' dir='ltr'>τὸν</span> <span class='ocrx_word' id='word_1_277' title='bbox 2839 1887 3029 1963; x_wconf 80' lang='grc' dir='ltr'>αἰῶνα,</span> <span class='ocrx_word' id='word_1_278' title='bbox 3091 1885 3176 1939; x_wconf 78' lang='grc' dir='ltr'>καὶ</span> <span class='ocrx_word' id='word_1_279' title='bbox 3237 1886 3264 1938; x_wconf 90' lang='lat'><strong>6</strong></span> <span class='ocrx_word' id='word_1_280' title='bbox 3325 1885 3524 1961; x_wconf 83' lang='grc' dir='ltr'>μάρτυς</span> <span class='ocrx_word' id='word_1_281' title='bbox 3581 1883 3632 1937; x_wconf 82' lang='grc' dir='ltr'>ἐν</span> <span class='ocrx_word' id='word_1_282' title='bbox 3677 1884 3824 1952; x_wconf 78' lang='grc' dir='ltr'>οὖρα-</span> 
     </span>
    </p>
   </div>
   <div class='ocr_carea' id='block_1_38' title="bbox 2200 1977 2512 2050">
    <p class='ocr_par' dir='ltr' id='par_1_38' title="bbox 2200 1977 2512 2050">
     <span class='ocr_line' id='line_1_38' title="bbox 2200 1977 2512 2050; baseline 0.006 -20"><span class='ocrx_word' id='word_1_283' title='bbox 2200 1983 2272 2050; x_wconf 85' lang='grc' dir='ltr'>νῷ</span> <span class='ocrx_word' id='word_1_284' title='bbox 2301 1977 2512 2038; x_wconf 85' lang='grc' dir='ltr'>πιστός.</span> 
     </span>
    </p>
   </div>
   <div class='ocr_carea' id='block_1_39' title="bbox 537 2061 2114 2144">
    <p class='ocr_par' dir='ltr' id='par_1_39' title="bbox 537 2072 2114 2144">
     <span class='ocr_line' id='line_1_39' title="bbox 537 2072 2114 2144; baseline 0.003 -17"><span class='ocrx_word' id='word_1_285' title='bbox 537 2073 626 2128; x_wconf 84' lang='lat'><strong>39.</strong></span> <span class='ocrx_word' id='word_1_286' title='bbox 666 2073 742 2129; x_wconf 81' lang='lat' dir='ltr'><strong>Tu</strong></span> <span class='ocrx_word' id='word_1_287' title='bbox 769 2087 899 2129; x_wconf 79' lang='lat' dir='ltr'><strong>vero</strong></span> <span class='ocrx_word' id='word_1_288' title='bbox 929 2072 1182 2144; x_wconf 79' lang='lat' dir='ltr'><strong>repulisti</strong></span> <span class='ocrx_word' id='word_1_289' title='bbox 1210 2081 1258 2127; x_wconf 84' lang='lat' dir='ltr'><strong>et</strong></span> <span class='ocrx_word' id='word_1_290' title='bbox 1305 2073 1614 2144; x_wconf 70' lang='lat' dir='ltr'><strong>despexisti,</strong></span> <span class='ocrx_word' id='word_1_291' title='bbox 1660 2072 1925 2129; x_wconf 73' lang='lat' dir='ltr'><strong>distulisti</strong></span> <span class='ocrx_word' id='word_1_292' title='bbox 1954 2074 2114 2131; x_wconf 81' lang='lat' dir='ltr'><strong>Chri-</strong></span> 
     </span>
    </p>
   </div>
   <div class='ocr_carea' id='block_1_40' title="bbox 2211 2061 3339 2144">
    <p class='ocr_par' dir='ltr' id='par_1_40' title="bbox 2279 2061 3339 2132">
     <span class='ocr_line' id='line_1_40' title="bbox 2279 2061 3339 2132; baseline -0.004 -12"><span class='ocrx_word' id='word_1_293' title='bbox 2279 2068 2350 2120; x_wconf 83' lang='grc' dir='ltr'>Σὺ</span> <span class='ocrx_word' id='word_1_294' title='bbox 2409 2066 2462 2121; x_wconf 78' lang='grc' dir='ltr'>δὲ</span> <span class='ocrx_word' id='word_1_295' title='bbox 2523 2067 2724 2122; x_wconf 68' lang='grc' dir='ltr'>ἀπώσω</span> <span class='ocrx_word' id='word_1_296' title='bbox 2793 2067 2882 2122; x_wconf 88' lang='grc' dir='ltr'><strong>καὶ</strong></span> <span class='ocrx_word' id='word_1_297' title='bbox 2967 2061 3339 2132; x_wconf 78' lang='grc' dir='ltr'>ὲξουδὲνωσας,</span> 
     </span>
    </p>
   </div>
   <div class='ocr_carea' id='block_1_41' title="bbox 467 2151 2114 2232">
    <p class='ocr_par' dir='ltr' id='par_1_41' title="bbox 467 2153 2110 2230">
     <span class='ocr_line' id='line_1_41' title="bbox 467 2153 2110 2230; baseline 0.001 -15"><span class='ocrx_word' id='word_1_298' title='bbox 467 2161 620 2215; x_wconf 58' lang='lat' dir='ltr'><strong>stus-&#39;1</strong></span> <span class='ocrx_word' id='word_1_299' title='bbox 658 2161 844 2215; x_wconf 85' lang='lat' dir='ltr'><strong>tuum.</strong></span> <span class='ocrx_word' id='word_1_300' title='bbox 877 2153 1019 2226; x_wconf 75' lang='lat' dir='ltr'><strong>Quae</strong></span> <span class='ocrx_word' id='word_1_301' title='bbox 1045 2154 1102 2213; x_wconf 87' lang='lat' dir='ltr'><strong>in</strong></span> <span class='ocrx_word' id='word_1_302' title='bbox 1127 2155 1465 2214; x_wconf 86' lang='lat' dir='ltr'><strong>veneranda</strong></span> <span class='ocrx_word' id='word_1_303' title='bbox 1499 2171 1678 2214; x_wconf 86' lang='lat' dir='ltr'><strong>cruce</strong></span> <span class='ocrx_word' id='word_1_304' title='bbox 1712 2155 2110 2230; x_wconf 80' lang='lat' dir='ltr'><strong>contigerunt,</strong></span> 
     </span>
    </p>
   </div>
   <div class='ocr_carea' id='block_1_42' title="bbox 2211 2151 3822 2232">
    <p class='ocr_par' dir='ltr' id='par_1_42' title="bbox 2211 2151 3822 2232">
     <span class='ocr_line' id='line_1_42' title="bbox 2211 2151 3822 2232; baseline -0.004 -22"><span class='ocrx_word' id='word_1_305' title='bbox 2211 2156 2424 2232; x_wconf 55' lang='grc' dir='ltr'>Χριστόν</span> <span class='ocrx_word' id='word_1_306' title='bbox 2473 2176 2590 2218; x_wconf 89' lang='grc' dir='ltr'>σου,</span> <span class='ocrx_word' id='word_1_307' title='bbox 2629 2157 2700 2212; x_wconf 77' lang='grc' dir='ltr'><strong>Τὰ</strong></span> <span class='ocrx_word' id='word_1_308' title='bbox 2733 2151 3106 2230; x_wconf 78' lang='grc' dir='ltr'>συμϐεϐηκότα</span> <span class='ocrx_word' id='word_1_309' title='bbox 3137 2152 3220 2207; x_wconf 84' lang='grc' dir='ltr'><strong>ἐπὶ</strong></span> <span class='ocrx_word' id='word_1_310' title='bbox 3281 2156 3358 2223; x_wconf 81' lang='grc' dir='ltr'>τῷ</span> <span class='ocrx_word' id='word_1_311' title='bbox 3418 2151 3577 2222; x_wconf 83' lang='grc' dir='ltr'>τιμίῳ</span> <span class='ocrx_word' id='word_1_312' title='bbox 3632 2155 3822 2226; x_wconf 81' lang='grc' dir='ltr'>σταυρῷ</span> 
     </span>
    </p>
   </div>
   <div class='ocr_carea' id='block_1_43' title="bbox 471 2239 2114 2323">
    <p class='ocr_par' dir='ltr' id='par_1_43' title="bbox 471 2242 2114 2322">
     <span class='ocr_line' id='line_1_43' title="bbox 471 2242 2114 2322; baseline 0.001 -18"><span class='ocrx_word' id='word_1_313' title='bbox 471 2242 626 2304; x_wconf 82' lang='lat' dir='ltr'><strong>beati</strong></span> <span class='ocrx_word' id='word_1_314' title='bbox 661 2244 963 2322; x_wconf 66' lang='lat' dir='ltr'><strong>prophetae</strong></span> <span class='ocrx_word' id='word_1_315' title='bbox 992 2243 1371 2304; x_wconf 85' lang='lat' dir='ltr'><strong>annuntiant.</strong></span> <span class='ocrx_word' id='word_1_316' title='bbox 1395 2244 1606 2305; x_wconf 89' lang='lat' dir='ltr'><strong>Dicunt</strong></span> <span class='ocrx_word' id='word_1_317' title='bbox 1637 2243 1834 2322; x_wconf 84' lang='lat' dir='ltr'><strong>itaque</strong></span> <span class='ocrx_word' id='word_1_318' title='bbox 1868 2243 2020 2304; x_wconf 87' lang='lat' dir='ltr'><strong>Patri</strong></span> <span class='ocrx_word' id='word_1_319' title='bbox 2056 2255 2114 2305; x_wconf 90' lang='lat' dir='ltr'><strong>et</strong></span> 
     </span>
    </p>
   </div>
   <div class='ocr_carea' id='block_1_44' title="bbox 2211 2239 3822 2323">
    <p class='ocr_par' dir='ltr' id='par_1_44' title="bbox 2211 2239 3822 2323">
     <span class='ocr_line' id='line_1_44' title="bbox 2211 2239 3822 2323; baseline -0.004 -25"><span class='ocrx_word' id='word_1_320' title='bbox 2211 2245 2244 2298; x_wconf 73' lang='lat' dir='ltr'><strong>ii</strong></span> <span class='ocrx_word' id='word_1_321' title='bbox 2306 2244 2552 2322; x_wconf 74' lang='grc' dir='ltr'>μακάριοι</span> <span class='ocrx_word' id='word_1_322' title='bbox 2621 2243 2890 2323; x_wconf 73' lang='grc' dir='ltr'>προφῆταί</span> <span class='ocrx_word' id='word_1_323' title='bbox 2921 2264 3074 2322; x_wconf 82' lang='grc' dir='ltr'>φασι.</span> <span class='ocrx_word' id='word_1_324' title='bbox 3121 2241 3381 2317; x_wconf 78' lang='grc' dir='ltr'>Λέγουσιν</span> <span class='ocrx_word' id='word_1_325' title='bbox 3413 2241 3526 2318; x_wconf 82' lang='grc' dir='ltr'>οὖν,</span> <span class='ocrx_word' id='word_1_326' title='bbox 3585 2242 3654 2300; x_wconf 76' lang='grc' dir='ltr'><strong>ὡς</strong></span> <span class='ocrx_word' id='word_1_327' title='bbox 3706 2239 3822 2316; x_wconf 82' lang='grc' dir='ltr'>πρὸς</span> 
     </span>
    </p>
   </div>
   <div class='ocr_carea' id='block_1_45' title="bbox 471 2327 2114 2412">
    <p class='ocr_par' dir='ltr' id='par_1_45' title="bbox 471 2331 2112 2412">
     <span class='ocr_line' id='line_1_45' title="bbox 471 2331 2112 2412; baseline 0.001 -18"><span class='ocrx_word' id='word_1_328' title='bbox 471 2334 590 2394; x_wconf 92' lang='lat' dir='ltr'><strong>Deo</strong></span> <span class='ocrx_word' id='word_1_329' title='bbox 629 2351 643 2391; x_wconf 90' lang='lat'><strong>:</strong></span> <span class='ocrx_word' id='word_1_330' title='bbox 683 2331 1008 2393; x_wconf 88' lang='lat' dir='ltr'><strong>Promisisti</strong></span> <span class='ocrx_word' id='word_1_331' title='bbox 1070 2332 1130 2392; x_wconf 89' lang='lat' dir='ltr'><strong>in</strong></span> <span class='ocrx_word' id='word_1_332' title='bbox 1187 2341 1472 2394; x_wconf 65' lang='lat' dir='ltr'><strong>aeternum</strong></span> <span class='ocrx_word' id='word_1_333' title='bbox 1523 2349 1978 2412; x_wconf 86' lang='lat' dir='ltr'><strong>permansurum</strong></span> <span class='ocrx_word' id='word_1_334' title='bbox 2012 2352 2112 2395; x_wconf 92' lang='lat' dir='ltr'><strong>se-</strong></span> 
     </span>
    </p>
   </div>
   <div class='ocr_carea' id='block_1_46' title="bbox 2211 2327 3822 2412">
    <p class='ocr_par' dir='ltr' id='par_1_46' title="bbox 2211 2327 3822 2410">
     <span class='ocr_line' id='line_1_46' title="bbox 2211 2327 3822 2410; baseline -0.004 -22"><span class='ocrx_word' id='word_1_335' title='bbox 2211 2339 2286 2388; x_wconf 77' lang='lat' dir='ltr'><strong>:6v</strong></span> <span class='ocrx_word' id='word_1_336' title='bbox 2333 2335 2539 2410; x_wconf 80' lang='grc' dir='ltr'>Πατέρα</span> <span class='ocrx_word' id='word_1_337' title='bbox 2569 2336 2659 2390; x_wconf 84' lang='grc' dir='ltr'><strong>καὶ</strong></span> <span class='ocrx_word' id='word_1_338' title='bbox 2691 2334 2822 2390; x_wconf 85' lang='grc' dir='ltr'>Θεόν</span> <span class='ocrx_word' id='word_1_339' title='bbox 2857 2353 2870 2366; x_wconf 93' lang='grc'><strong>·</strong></span> <span class='ocrx_word' id='word_1_340' title='bbox 2907 2328 3275 2409; x_wconf 84' lang='grc' dir='ltr'>Ἐπηγγείλω,</span> <span class='ocrx_word' id='word_1_341' title='bbox 3319 2330 3504 2407; x_wconf 70' lang='grc' dir='ltr'>φησὶν,</span> <span class='ocrx_word' id='word_1_342' title='bbox 3537 2327 3615 2383; x_wconf 82' lang='grc' dir='ltr'><strong>ὅτι</strong></span> <span class='ocrx_word' id='word_1_343' title='bbox 3645 2329 3714 2390; x_wconf 84' lang='grc' dir='ltr'>εἷς</span> <span class='ocrx_word' id='word_1_344' title='bbox 3741 2329 3822 2382; x_wconf 81' lang='grc' dir='ltr'><strong>τὸν</strong></span> 
     </span>
    </p>
   </div>
   <div class='ocr_carea' id='block_1_47' title="bbox 469 2417 2114 2500">
    <p class='ocr_par' dir='ltr' id='par_1_47' title="bbox 469 2421 2110 2500">
     <span class='ocr_line' id='line_1_47' title="bbox 469 2421 2110 2500; baseline 0.001 -19"><span class='ocrx_word' id='word_1_345' title='bbox 469 2439 606 2482; x_wconf 92' lang='lat' dir='ltr'><strong>men</strong></span> <span class='ocrx_word' id='word_1_346' title='bbox 636 2421 840 2500; x_wconf 84' lang='lat' dir='ltr'><strong>David,</strong></span> <span class='ocrx_word' id='word_1_347' title='bbox 877 2430 934 2480; x_wconf 83' lang='lat' dir='ltr'><strong>et</strong></span> <span class='ocrx_word' id='word_1_348' title='bbox 987 2421 1267 2481; x_wconf 86' lang='lat' dir='ltr'><strong>thronum</strong></span> <span class='ocrx_word' id='word_1_349' title='bbox 1331 2422 1462 2500; x_wconf 88' lang='lat' dir='ltr'><strong>ejus</strong></span> <span class='ocrx_word' id='word_1_350' title='bbox 1520 2421 1674 2483; x_wconf 76' lang='lat' dir='ltr'><strong>sicut</strong></span> <span class='ocrx_word' id='word_1_351' title='bbox 1705 2421 1892 2482; x_wconf 90' lang='lat' dir='ltr'><strong>solem</strong></span> <span class='ocrx_word' id='word_1_352' title='bbox 1923 2431 1982 2482; x_wconf 91' lang='lat' dir='ltr'><strong>et</strong></span> <span class='ocrx_word' id='word_1_353' title='bbox 2015 2423 2110 2483; x_wconf 85' lang='lat' dir='ltr'><strong>lu—</strong></span> 
     </span>
    </p>
   </div>
   <div class='ocr_carea' id='block_1_48' title="bbox 2211 2417 3820 2500">
    <p class='ocr_par' dir='ltr' id='par_1_48' title="bbox 2211 2417 3820 2498">
     <span class='ocr_line' id='line_1_48' title="bbox 2211 2417 3820 2498; baseline -0.002 -22"><span class='ocrx_word' id='word_1_354' title='bbox 2211 2422 2360 2476; x_wconf 78' lang='grc' dir='ltr'>ιίῶνα</span> <span class='ocrx_word' id='word_1_355' title='bbox 2393 2423 2538 2497; x_wconf 65' lang='grc' dir='ltr'>μένει</span> <span class='ocrx_word' id='word_1_356' title='bbox 2589 2425 2650 2480; x_wconf 67' lang='grc' dir='ltr'><strong>τὸ</strong></span> <span class='ocrx_word' id='word_1_357' title='bbox 2683 2423 2896 2498; x_wconf 79' lang='grc' dir='ltr'>σπέρμα</span> <span class='ocrx_word' id='word_1_358' title='bbox 2945 2417 3134 2498; x_wconf 76' lang='grc' dir='ltr'>Δαυ³ιδ,</span> <span class='ocrx_word' id='word_1_359' title='bbox 3165 2421 3255 2475; x_wconf 88' lang='grc' dir='ltr'>καὶ</span> <span class='ocrx_word' id='word_1_360' title='bbox 3312 2421 3340 2473; x_wconf 87' lang='lat'><strong>6</strong></span> <span class='ocrx_word' id='word_1_361' title='bbox 3371 2418 3554 2494; x_wconf 83' lang='grc' dir='ltr'>θρόνος</span> <span class='ocrx_word' id='word_1_362' title='bbox 3585 2419 3732 2473; x_wconf 75' lang='grc' dir='ltr'><strong>αὖτοῦ</strong></span> <span class='ocrx_word' id='word_1_363' title='bbox 3757 2419 3820 2477; x_wconf 85' lang='grc' dir='ltr'>ὡς</span> 
     </span>
    </p>
   </div>
   <div class='ocr_carea' id='block_1_49' title="bbox 466 2504 2114 2590">
    <p class='ocr_par' dir='ltr' id='par_1_49' title="bbox 466 2509 2112 2590">
     <span class='ocr_line' id='line_1_49' title="bbox 466 2509 2112 2590; baseline -0.001 -18"><span class='ocrx_word' id='word_1_364' title='bbox 466 2529 603 2572; x_wconf 86' lang='lat' dir='ltr'><strong>nam</strong></span> <span class='ocrx_word' id='word_1_365' title='bbox 634 2510 894 2571; x_wconf 82' lang='lat' dir='ltr'><strong>futurum</strong></span> <span class='ocrx_word' id='word_1_366' title='bbox 918 2509 1022 2572; x_wconf 91' lang='lat' dir='ltr'><strong>sed</strong></span> <span class='ocrx_word' id='word_1_367' title='bbox 1049 2512 1332 2589; x_wconf 80' lang='lat' dir='ltr'><strong>repulisti</strong></span> <span class='ocrx_word' id='word_1_368' title='bbox 1353 2519 1410 2573; x_wconf 90' lang='lat' dir='ltr'><strong>et</strong></span> <span class='ocrx_word' id='word_1_369' title='bbox 1431 2511 1777 2590; x_wconf 66' lang='lat' dir='ltr'><strong>despexisti,</strong></span> <span class='ocrx_word' id='word_1_370' title='bbox 1813 2511 2112 2575; x_wconf 80' lang='lat' dir='ltr'><strong>distulisti</strong></span> 
     </span>
    </p>
   </div>
   <div class='ocr_carea' id='block_1_50' title="bbox 2211 2504 3818 2590">
    <p class='ocr_par' dir='ltr' id='par_1_50' title="bbox 2211 2504 3818 2581">
     <span class='ocr_line' id='line_1_50' title="bbox 2211 2504 3818 2581; baseline -0.004 -14"><span class='ocrx_word' id='word_1_371' title='bbox 2211 2514 2223 2567; x_wconf 72' lang='lat' dir='ltr'><strong>i</strong></span> <span class='ocrx_word' id='word_1_372' title='bbox 2267 2510 2414 2577; x_wconf 74' lang='grc' dir='ltr'>ἥλιος</span> <span class='ocrx_word' id='word_1_373' title='bbox 2475 2515 2562 2569; x_wconf 84' lang='grc' dir='ltr'><strong>καὶ</strong></span> <span class='ocrx_word' id='word_1_374' title='bbox 2619 2515 2654 2580; x_wconf 77' lang='grc' dir='ltr'><strong>ἡ</strong></span> <span class='ocrx_word' id='word_1_375' title='bbox 2709 2511 2912 2581; x_wconf 82' lang='grc' dir='ltr'>σελήνη</span> <span class='ocrx_word' id='word_1_376' title='bbox 2949 2525 2963 2540; x_wconf 86' lang='grc'><em>’</em></span> <span class='ocrx_word' id='word_1_377' title='bbox 3013 2506 3136 2564; x_wconf 86' lang='grc' dir='ltr'>ἀλλ’</span> <span class='ocrx_word' id='word_1_378' title='bbox 3188 2507 3395 2564; x_wconf 83' lang='grc' dir='ltr'>ἀπώσω</span> <span class='ocrx_word' id='word_1_379' title='bbox 3436 2513 3524 2562; x_wconf 85' lang='grc' dir='ltr'>καὶ</span> <span class='ocrx_word' id='word_1_380' title='bbox 3553 2504 3818 2571; x_wconf 77' lang='grc' dir='ltr'>ἐξουδὲνω-</span> 
     </span>
    </p>
   </div>
   <div class='ocr_carea' id='block_1_51' title="bbox 467 2593 2114 2680">
    <p class='ocr_par' dir='ltr' id='par_1_51' title="bbox 467 2597 2110 2680">
     <span class='ocr_line' id='line_1_51' title="bbox 467 2597 2110 2680; baseline 0.001 -19"><span class='ocrx_word' id='word_1_381' title='bbox 467 2599 778 2662; x_wconf 79' lang='lat' dir='ltr'><strong>Christum</strong></span> <span class='ocrx_word' id='word_1_382' title='bbox 813 2609 1001 2661; x_wconf 80' lang='lat' dir='ltr'><strong>tuum.</strong></span> <span class='ocrx_word' id='word_1_383' title='bbox 1031 2597 1180 2660; x_wconf 90' lang='lat' dir='ltr'><strong>Illud</strong></span> <span class='ocrx_word' id='word_1_384' title='bbox 1213 2608 1436 2674; x_wconf 85' lang='lat' dir='ltr'><strong>autem,</strong></span> <span class='ocrx_word' id='word_1_385' title='bbox 1477 2601 1772 2676; x_wconf 82' lang='lat' dir='ltr'><strong>repulisti</strong></span> <span class='ocrx_word' id='word_1_386' title='bbox 1802 2609 1857 2661; x_wconf 92' lang='lat' dir='ltr'><strong>et</strong></span> <span class='ocrx_word' id='word_1_387' title='bbox 1889 2601 2110 2680; x_wconf 84' lang='lat' dir='ltr'><strong>despe-</strong></span> 
     </span>
    </p>
   </div>
   <div class='ocr_carea' id='block_1_52' title="bbox 2211 2593 3820 2680">
    <p class='ocr_par' dir='ltr' id='par_1_52' title="bbox 2211 2593 3820 2676">
     <span class='ocr_line' id='line_1_52' title="bbox 2211 2593 3820 2676; baseline -0.003 -22"><span class='ocrx_word' id='word_1_388' title='bbox 2211 2622 2288 2661; x_wconf 73' lang='grc' dir='ltr'>πας</span> <span class='ocrx_word' id='word_1_389' title='bbox 2324 2620 2339 2633; x_wconf 88' lang='grc'><strong>·</strong></span> <span class='ocrx_word' id='word_1_390' title='bbox 2404 2599 2658 2656; x_wconf 75' lang='grc' dir='ltr'>ἁνεϐάλου</span> <span class='ocrx_word' id='word_1_391' title='bbox 2717 2601 2810 2656; x_wconf 80' lang='grc' dir='ltr'>τὸν</span> <span class='ocrx_word' id='word_1_392' title='bbox 2870 2605 3092 2676; x_wconf 77' lang='grc' dir='ltr'>Χριστὸν</span> <span class='ocrx_word' id='word_1_393' title='bbox 3180 2617 3296 2657; x_wconf 84' lang='grc' dir='ltr'>σου.</span> <span class='ocrx_word' id='word_1_394' title='bbox 3357 2597 3431 2652; x_wconf 82' lang='grc' dir='ltr'>Τὸ</span> <span class='ocrx_word' id='word_1_395' title='bbox 3503 2593 3580 2668; x_wconf 77' lang='grc' dir='ltr'>δὲ,</span> <span class='ocrx_word' id='word_1_396' title='bbox 3639 2594 3820 2650; x_wconf 78' lang='grc' dir='ltr'>ἀπώσω</span> 
     </span>
    </p>
   </div>
   <div class='ocr_carea' id='block_1_53' title="bbox 466 2682 2114 2768">
    <p class='ocr_par' dir='ltr' id='par_1_53' title="bbox 466 2688 2109 2768">
     <span class='ocr_line' id='line_1_53' title="bbox 466 2688 2109 2768; baseline 0 -16"><span class='ocrx_word' id='word_1_397' title='bbox 466 2690 638 2759; x_wconf 68' lang='lat' dir='ltr'><strong>misti.</strong></span> <span class='ocrx_word' id='word_1_398' title='bbox 664 2689 974 2768; x_wconf 79' lang='lat' dir='ltr'><strong>signiﬁcat,</strong></span> <span class='ocrx_word' id='word_1_399' title='bbox 1014 2689 1222 2768; x_wconf 88' lang='lat' dir='ltr'><strong>repelli</strong></span> <span class='ocrx_word' id='word_1_400' title='bbox 1257 2697 1314 2750; x_wconf 90' lang='lat' dir='ltr'><strong>et</strong></span> <span class='ocrx_word' id='word_1_401' title='bbox 1349 2688 1576 2768; x_wconf 89' lang='lat' dir='ltr'><strong>deSpici</strong></span> <span class='ocrx_word' id='word_1_402' title='bbox 1608 2688 2109 2751; x_wconf 86' lang='lat' dir='ltr'><strong>concessisti.Ne-</strong></span> 
     </span>
    </p>
   </div>
   <div class='ocr_carea' id='block_1_54' title="bbox 2211 2682 3816 2768">
    <p class='ocr_par' dir='ltr' id='par_1_54' title="bbox 2211 2682 3816 2768">
     <span class='ocr_line' id='line_1_54' title="bbox 2211 2682 3816 2768; baseline -0.004 -24"><span class='ocrx_word' id='word_1_403' title='bbox 2211 2691 2276 2744; x_wconf 81' lang='grc' dir='ltr'>ιαὶ</span> <span class='ocrx_word' id='word_1_404' title='bbox 2329 2688 2704 2768; x_wconf 79' lang='grc' dir='ltr'>ἐξουδένωσας,</span> <span class='ocrx_word' id='word_1_405' title='bbox 2767 2689 2883 2744; x_wconf 82' lang='grc' dir='ltr'>ἀντὶ</span> <span class='ocrx_word' id='word_1_406' title='bbox 2935 2694 3048 2760; x_wconf 85' lang='grc' dir='ltr'>τοῦ,</span> <span class='ocrx_word' id='word_1_407' title='bbox 3117 2685 3456 2759; x_wconf 75' lang='grc' dir='ltr'>ἀπωσθῆναι,</span> <span class='ocrx_word' id='word_1_408' title='bbox 3529 2685 3613 2739; x_wconf 81' lang='grc' dir='ltr'><strong>καὶ</strong></span> <span class='ocrx_word' id='word_1_409' title='bbox 3685 2682 3816 2748; x_wconf 75' lang='grc' dir='ltr'>ἐξου-</span> 
     </span>
    </p>
   </div>
   <div class='ocr_carea' id='block_1_55' title="bbox 468 2773 2114 2859">
    <p class='ocr_par' dir='ltr' id='par_1_55' title="bbox 468 2777 2108 2859">
     <span class='ocr_line' id='line_1_55' title="bbox 468 2777 2108 2859; baseline -0.001 -20"><span class='ocrx_word' id='word_1_410' title='bbox 468 2796 586 2859; x_wconf 87' lang='lat' dir='ltr'><strong>que</strong></span> <span class='ocrx_word' id='word_1_411' title='bbox 617 2780 772 2840; x_wconf 89' lang='lat' dir='ltr'><strong>enim</strong></span> <span class='ocrx_word' id='word_1_412' title='bbox 805 2781 975 2840; x_wconf 86' lang='lat' dir='ltr'><strong>Pater</strong></span> <span class='ocrx_word' id='word_1_413' title='bbox 1003 2778 1220 2857; x_wconf 90' lang='lat' dir='ltr'><strong>repulit</strong></span> <span class='ocrx_word' id='word_1_414' title='bbox 1263 2787 1320 2839; x_wconf 90' lang='lat' dir='ltr'><strong>et</strong></span> <span class='ocrx_word' id='word_1_415' title='bbox 1349 2777 1620 2858; x_wconf 82' lang='lat' dir='ltr'><strong>despexit</strong></span> <span class='ocrx_word' id='word_1_416' title='bbox 1650 2779 1954 2858; x_wconf 87' lang='lat' dir='ltr'><strong>pr0prium</strong></span> <span class='ocrx_word' id='word_1_417' title='bbox 2003 2779 2108 2840; x_wconf 90' lang='lat' dir='ltr'><strong>Fi-</strong></span> 
     </span>
    </p>
   </div>
   <div class='ocr_carea' id='block_1_56' title="bbox 2211 2773 3818 2859">
    <p class='ocr_par' dir='ltr' id='par_1_56' title="bbox 2211 2773 3818 2856">
     <span class='ocr_line' id='line_1_56' title="bbox 2211 2773 3818 2856; baseline -0.004 -24"><span class='ocrx_word' id='word_1_418' title='bbox 2211 2776 2478 2844; x_wconf 72' lang='grc' dir='ltr'>ῖενωθῆναι</span> <span class='ocrx_word' id='word_1_419' title='bbox 2529 2779 2981 2856; x_wconf 69' lang='grc' dir='ltr'>συγκεχώρηκας.</span> <span class='ocrx_word' id='word_1_420' title='bbox 3032 2777 3102 2832; x_wconf 72' lang='grc' dir='ltr'><strong>Οὔ</strong></span> <span class='ocrx_word' id='word_1_421' title='bbox 3133 2776 3232 2853; x_wconf 74' lang='grc' dir='ltr'>γὰρ</span> <span class='ocrx_word' id='word_1_422' title='bbox 3283 2778 3310 2831; x_wconf 83' lang='grc' dir='ltr'><strong>ὁ</strong></span> <span class='ocrx_word' id='word_1_423' title='bbox 3361 2775 3543 2851; x_wconf 81' lang='grc' dir='ltr'>Πατὴρ</span> <span class='ocrx_word' id='word_1_424' title='bbox 3587 2773 3818 2828; x_wconf 70' lang='grc' dir='ltr'>ὰπώσατο</span> 
     </span>
    </p>
   </div>
   <div class='ocr_carea' id='block_1_57' title="bbox 469 2859 2114 2948">
    <p class='ocr_par' dir='ltr' id='par_1_57' title="bbox 469 2866 2108 2948">
     <span class='ocr_line' id='line_1_57' title="bbox 469 2866 2108 2948; baseline 0 -21"><span class='ocrx_word' id='word_1_425' title='bbox 469 2867 658 2938; x_wconf 88' lang='lat' dir='ltr'><strong>lium;</strong></span> <span class='ocrx_word' id='word_1_426' title='bbox 694 2867 802 2928; x_wconf 91' lang='lat' dir='ltr'><strong>sed</strong></span> <span class='ocrx_word' id='word_1_427' title='bbox 831 2867 1021 2930; x_wconf 78' lang='lat' dir='ltr'><strong>Judaei</strong></span> <span class='ocrx_word' id='word_1_428' title='bbox 1062 2868 1256 2948; x_wconf 91' lang='lat' dir='ltr'><strong>potius</strong></span> <span class='ocrx_word' id='word_1_429' title='bbox 1289 2866 1434 2927; x_wconf 90' lang='lat' dir='ltr'><strong>illud</strong></span> <span class='ocrx_word' id='word_1_430' title='bbox 1471 2877 1720 2945; x_wconf 85' lang='lat' dir='ltr'><strong>egerunt</strong></span> <span class='ocrx_word' id='word_1_431' title='bbox 1755 2889 1768 2924; x_wconf 90' lang='lat'><strong>:</strong></span> <span class='ocrx_word' id='word_1_432' title='bbox 1801 2875 1860 2928; x_wconf 83' lang='lat' dir='ltr'><strong>at</strong></span> <span class='ocrx_word' id='word_1_433' title='bbox 1888 2885 2108 2929; x_wconf 83' lang='lat' dir='ltr'><strong>secun-</strong></span> 
     </span>
    </p>
   </div>
   <div class='ocr_carea' id='block_1_58' title="bbox 2211 2859 3816 2948">
    <p class='ocr_par' dir='ltr' id='par_1_58' title="bbox 2211 2859 3816 2935">
     <span class='ocr_line' id='line_1_58' title="bbox 2211 2859 3816 2935; baseline -0.004 -15"><span class='ocrx_word' id='word_1_434' title='bbox 2211 2868 2280 2921; x_wconf 86' lang='grc' dir='ltr'><strong>ιαὶ</strong></span> <span class='ocrx_word' id='word_1_435' title='bbox 2341 2863 2648 2931; x_wconf 78' lang='grc' dir='ltr'>ὲξουδένωσε</span> <span class='ocrx_word' id='word_1_436' title='bbox 2709 2869 2799 2928; x_wconf 76' lang='grc' dir='ltr'>τὸν</span> <span class='ocrx_word' id='word_1_437' title='bbox 2829 2864 2969 2922; x_wconf 71' lang='grc' dir='ltr'>ἴδιον</span> <span class='ocrx_word' id='word_1_438' title='bbox 3005 2867 3122 2920; x_wconf 76' lang='grc' dir='ltr'><strong>Υἱὸν</strong></span> <span class='ocrx_word' id='word_1_439' title='bbox 3157 2882 3172 2898; x_wconf 85' lang='grc'><strong>⁸</strong></span> <span class='ocrx_word' id='word_1_440' title='bbox 3230 2862 3482 2920; x_wconf 71' lang='grc' dir='ltr'>Ἰουδαῖοι</span> <span class='ocrx_word' id='word_1_441' title='bbox 3529 2860 3582 2917; x_wconf 79' lang='grc' dir='ltr'>δὲ</span> <span class='ocrx_word' id='word_1_442' title='bbox 3630 2859 3816 2935; x_wconf 80' lang='grc' dir='ltr'>μᾶλΑόν</span> 
     </span>
    </p>
   </div>
   <div class='ocr_carea' id='block_1_59' title="bbox 467 2953 2114 3036">
    <p class='ocr_par' dir='ltr' id='par_1_59' title="bbox 467 2955 2111 3036">
     <span class='ocr_line' id='line_1_59' title="bbox 467 2955 2111 3036; baseline 0 -20"><span class='ocrx_word' id='word_1_443' title='bbox 467 2956 608 3016; x_wconf 90' lang='lat' dir='ltr'><strong>dum</strong></span> <span class='ocrx_word' id='word_1_444' title='bbox 649 2957 1100 3036; x_wconf 85' lang='lat' dir='ltr'><strong>permissionem</strong></span> <span class='ocrx_word' id='word_1_445' title='bbox 1127 2956 1234 3019; x_wconf 90' lang='lat' dir='ltr'><strong>Dei</strong></span> <span class='ocrx_word' id='word_1_446' title='bbox 1267 2963 1326 3016; x_wconf 85' lang='lat' dir='ltr'><strong>et</strong></span> <span class='ocrx_word' id='word_1_447' title='bbox 1355 2955 1563 3016; x_wconf 85' lang='lat' dir='ltr'><strong>Patris.</strong></span> <span class='ocrx_word' id='word_1_448' title='bbox 1603 2958 1805 3033; x_wconf 74' lang='lat' dir='ltr'><strong>Atque</strong></span> <span class='ocrx_word' id='word_1_449' title='bbox 1851 2955 1998 3016; x_wconf 89' lang='lat' dir='ltr'><strong>illud</strong></span> <span class='ocrx_word' id='word_1_450' title='bbox 2021 2965 2111 3018; x_wconf 91' lang='lat' dir='ltr'><strong>est</strong></span> 
     </span>
    </p>
   </div>
   <div class='ocr_carea' id='block_1_60' title="bbox 2211 2953 3818 3036">
    <p class='ocr_par' dir='ltr' id='par_1_60' title="bbox 2211 2953 3818 3035">
     <span class='ocr_line' id='line_1_60' title="bbox 2211 2953 3818 3035; baseline -0.005 -25"><span class='ocrx_word' id='word_1_451' title='bbox 2211 2961 2349 3011; x_wconf 77' lang='grc' dir='ltr'>τοῦτο</span> <span class='ocrx_word' id='word_1_452' title='bbox 2404 2956 2717 3035; x_wconf 76' lang='grc' dir='ltr'>πεπράχασι</span> <span class='ocrx_word' id='word_1_453' title='bbox 2756 2974 2767 2986; x_wconf 88' lang='grc'><em>’</em></span> <span class='ocrx_word' id='word_1_454' title='bbox 2819 2953 2960 3022; x_wconf 80' lang='grc' dir='ltr'>πλὴν</span> <span class='ocrx_word' id='word_1_455' title='bbox 3003 2955 3141 3009; x_wconf 80' lang='grc' dir='ltr'>κατὰ</span> <span class='ocrx_word' id='word_1_456' title='bbox 3180 2953 3527 3032; x_wconf 78' lang='grc' dir='ltr'>συγχώρησιν</span> <span class='ocrx_word' id='word_1_457' title='bbox 3566 2957 3654 3006; x_wconf 80' lang='grc' dir='ltr'><strong>τοῦ</strong></span> <span class='ocrx_word' id='word_1_458' title='bbox 3703 2955 3818 3004; x_wconf 78' lang='grc' dir='ltr'>Θεοῦ</span> 
     </span>
    </p>
   </div>
   <div class='ocr_carea' id='block_1_61' title="bbox 466 3037 2114 3145">
    <p class='ocr_par' dir='ltr' id='par_1_61' title="bbox 466 3043 2106 3145">
     <span class='ocr_line' id='line_1_61' title="bbox 466 3043 2106 3145; baseline 0 -39"><span class='ocrx_word' id='word_1_459' title='bbox 466 3047 628 3145; x_wconf 73' lang='grc' dir='ltr'>ιιυρᾶ</span> <span class='ocrx_word' id='word_1_460' title='bbox 652 3045 872 3145; x_wconf 76' lang='lat' dir='ltr'><strong>dicitur</strong></span> <span class='ocrx_word' id='word_1_461' title='bbox 906 3045 1091 3145; x_wconf 41' lang='lat' dir='ltr'><strong>:‘Oui-</strong></span> <span class='ocrx_word' id='word_1_462' title='bbox 1115 3045 1376 3145; x_wconf 60' lang='lat' dir='ltr'><strong>proprio</strong></span> <span class='ocrx_word' id='word_1_463' title='bbox 1428 3043 1600 3145; x_wconf 83' lang='lat' dir='ltr'><strong>ilio</strong></span> <span class='ocrx_word' id='word_1_464' title='bbox 1655 3063 1776 3106; x_wconf 87' lang='lat' dir='ltr'><strong>non</strong></span> <span class='ocrx_word' id='word_1_465' title='bbox 1807 3047 2106 3126; x_wconf 74' lang='lat' dir='ltr'><strong>pepercit,</strong></span> 
     </span>
    </p>
   </div>
   <div class='ocr_carea' id='block_1_62' title="bbox 2211 3037 3812 3145">
    <p class='ocr_par' dir='ltr' id='par_1_62' title="bbox 2211 3037 3812 3120">
     <span class='ocr_line' id='line_1_62' title="bbox 2211 3037 3812 3120; baseline -0.005 -21"><span class='ocrx_word' id='word_1_466' title='bbox 2211 3046 2281 3100; x_wconf 87' lang='grc' dir='ltr'><strong>ιαὶ</strong></span> <span class='ocrx_word' id='word_1_467' title='bbox 2339 3047 2539 3113; x_wconf 82' lang='grc' dir='ltr'>[ἰατρὸς</span> <span class='ocrx_word' id='word_1_468' title='bbox 2573 3061 2586 3076; x_wconf 89' lang='grc'><em>’</em></span> <span class='ocrx_word' id='word_1_469' title='bbox 2654 3047 2740 3101; x_wconf 83' lang='grc' dir='ltr'>καί</span> <span class='ocrx_word' id='word_1_470' title='bbox 2798 3044 2950 3103; x_wconf 83' lang='grc' dir='ltr'>τοῦτό</span> <span class='ocrx_word' id='word_1_471' title='bbox 2979 3047 3092 3098; x_wconf 62' lang='grc' dir='ltr'>ἔστι</span> <span class='ocrx_word' id='word_1_472' title='bbox 3137 3045 3199 3098; x_wconf 82' lang='grc' dir='ltr'>τὸ</span> <span class='ocrx_word' id='word_1_473' title='bbox 3241 3043 3522 3120; x_wconf 73' lang='grc' dir='ltr'>εἰρημένον</span> <span class='ocrx_word' id='word_1_474' title='bbox 3557 3057 3570 3071; x_wconf 91' lang='grc'><strong>·</strong></span> <span class='ocrx_word' id='word_1_475' title='bbox 3630 3037 3732 3102; x_wconf 69' lang='lat' dir='ltr'><strong>&quot;Oc</strong></span> <span class='ocrx_word' id='word_1_476' title='bbox 3761 3057 3812 3113; x_wconf 86' lang='grc' dir='ltr'><strong>γε</strong></span> 
     </span>
    </p>
   </div>
   <div class='ocr_carea' id='block_1_63' title="bbox 3425 2059 3822 2117">
    <p class='ocr_par' dir='ltr' id='par_1_63' title="bbox 3425 2059 3822 2117">
     <span class='ocr_line' id='line_1_63' title="bbox 3425 2059 3822 2117; baseline -0.005 -1"><span class='ocrx_word' id='word_1_477' title='bbox 3425 2059 3677 2117; x_wconf 75' lang='grc' dir='ltr'>ἆνεϐἇλου</span> <span class='ocrx_word' id='word_1_478' title='bbox 3744 2062 3822 2116; x_wconf 83' lang='grc' dir='ltr'><strong>τὸν</strong></span> 
     </span>
    </p>
   </div>
   <div class='ocr_carea' id='block_1_64' title="bbox 465 3127 2114 3215">
    <p class='ocr_par' dir='ltr' id='par_1_64' title="bbox 465 3133 2074 3215">
     <span class='ocr_line' id='line_1_64' title="bbox 465 3133 2074 3215; baseline -0.002 -19"><span class='ocrx_word' id='word_1_479' title='bbox 465 3135 570 3196; x_wconf 88' lang='lat' dir='ltr'><strong>sed</strong></span> <span class='ocrx_word' id='word_1_480' title='bbox 585 3153 702 3215; x_wconf 86' lang='lat' dir='ltr'><strong>pro</strong></span> <span class='ocrx_word' id='word_1_481' title='bbox 730 3136 901 3198; x_wconf 86' lang='lat' dir='ltr'><strong>nobis</strong></span> <span class='ocrx_word' id='word_1_482' title='bbox 927 3135 1184 3197; x_wconf 80' lang='lat' dir='ltr'><strong>tradidit</strong></span> <span class='ocrx_word' id='word_1_483' title='bbox 1221 3133 1396 3195; x_wconf 82' lang='lat' dir='ltr'><strong>illum</strong></span> <span class='ocrx_word' id='word_1_484' title='bbox 1427 3133 1502 3194; x_wconf 75' lang='grc'><strong>⁵1.</strong></span> <span class='ocrx_word' id='word_1_485' title='bbox 2069 3168 2074 3172; x_wconf 94' lang='grc'><strong><em>-</em></strong></span> 
     </span>
    </p>
   </div>
   <div class='ocr_carea' id='block_1_65' title="bbox 2211 3127 3815 3215">
    <p class='ocr_par' dir='ltr' id='par_1_65' title="bbox 2211 3127 3815 3211">
     <span class='ocr_line' id='line_1_65' title="bbox 2211 3127 3815 3211; baseline -0.004 -24"><span class='ocrx_word' id='word_1_486' title='bbox 2211 3154 2286 3188; x_wconf 70' lang='grc' dir='ltr'>που</span> <span class='ocrx_word' id='word_1_487' title='bbox 2349 3131 2476 3190; x_wconf 82' lang='grc' dir='ltr'>ἰδίου</span> <span class='ocrx_word' id='word_1_488' title='bbox 2562 3137 2682 3188; x_wconf 76' lang='grc' dir='ltr'>Υἱοῠ</span> <span class='ocrx_word' id='word_1_489' title='bbox 2757 3134 2850 3190; x_wconf 79' lang='grc' dir='ltr'>οὒκ</span> <span class='ocrx_word' id='word_1_490' title='bbox 2881 3177 2892 3185; x_wconf 92' lang='grc'><strong>.</strong></span> <span class='ocrx_word' id='word_1_491' title='bbox 2927 3133 3194 3211; x_wconf 72' lang='grc' dir='ltr'>ἐφείσατο,</span> <span class='ocrx_word' id='word_1_492' title='bbox 3289 3130 3414 3185; x_wconf 79' lang='grc' dir='ltr'>ἀλλ’</span> <span class='ocrx_word' id='word_1_493' title='bbox 3501 3130 3625 3206; x_wconf 74' lang='grc' dir='ltr'>-ἶιπέρ</span> <span class='ocrx_word' id='word_1_494' title='bbox 3676 3127 3815 3200; x_wconf 75' lang='grc' dir='ltr'>ἡμῶν</span> 
     </span>
    </p>
   </div>
   <div class='ocr_carea' id='block_1_66' title="bbox 547 3311 2110 3386">
    <p class='ocr_par' dir='ltr' id='par_1_66' title="bbox 547 3311 2110 3386">
     <span class='ocr_line' id='line_1_66' title="bbox 547 3311 2110 3386; baseline 0.002 -14"><span class='ocrx_word' id='word_1_495' title='bbox 547 3312 950 3374; x_wconf 77' lang='lat' dir='ltr'><strong>40.Euertisti</strong></span> <span class='ocrx_word' id='word_1_496' title='bbox 964 3317 1381 3374; x_wconf 87' lang='lat' dir='ltr'><strong>testamentum</strong></span> <span class='ocrx_word' id='word_1_497' title='bbox 1398 3313 1558 3373; x_wconf 83' lang='lat' dir='ltr'><strong>servi</strong></span> <span class='ocrx_word' id='word_1_498' title='bbox 1575 3314 1665 3372; x_wconf 90' lang='lat' dir='ltr'><strong>tui</strong></span> <span class='ocrx_word' id='word_1_499' title='bbox 1673 3311 2110 3386; x_wconf 85' lang='lat' dir='ltr'><strong>.Distulisti,in-</strong></span> 
     </span>
    </p>
   </div>
   <div class='ocr_carea' id='block_1_67' title="bbox 468 3399 2102 3483">
    <p class='ocr_par' dir='ltr' id='par_1_67' title="bbox 468 3399 2102 3483">
     <span class='ocr_line' id='line_1_67' title="bbox 468 3399 2102 3483; baseline 0.002 -20"><span class='ocrx_word' id='word_1_500' title='bbox 468 3401 881 3483; x_wconf 81' lang='lat' dir='ltr'><strong>quit,implere</strong></span> <span class='ocrx_word' id='word_1_501' title='bbox 899 3401 1330 3480; x_wconf 88' lang='lat' dir='ltr'><strong>promissiones</strong></span> <span class='ocrx_word' id='word_1_502' title='bbox 1353 3418 1486 3480; x_wconf 86' lang='lat' dir='ltr'><strong>quae</strong></span> <span class='ocrx_word' id='word_1_503' title='bbox 1521 3399 1689 3463; x_wconf 92' lang='lat' dir='ltr'><strong>illum</strong></span> <span class='ocrx_word' id='word_1_504' title='bbox 1713 3401 2057 3482; x_wconf 85' lang='lat' dir='ltr'><strong>spectabant</strong></span> <span class='ocrx_word' id='word_1_505' title='bbox 2089 3425 2102 3466; x_wconf 93' lang='lat'>:</span> 
     </span>
    </p>
   </div>
   <div class='ocr_carea' id='block_1_68' title="bbox 2127 3221 2702 3299">
    <p class='ocr_par' dir='ltr' id='par_1_68' title="bbox 2127 3221 2702 3299">
     <span class='ocr_line' id='line_1_68' title="bbox 2127 3221 2702 3299; baseline -0.003 -17"><span class='ocrx_word' id='word_1_506' title='bbox 2127 3245 2138 3284; x_wconf 66' lang='grc' dir='ltr'>ξ,</span> <span class='ocrx_word' id='word_1_507' title='bbox 2193 3221 2494 3299; x_wconf 79' lang='grc' dir='ltr'>παρέδωκεν</span> <span class='ocrx_word' id='word_1_508' title='bbox 2526 3221 2702 3280; x_wconf 74' lang='grc' dir='ltr'>αὐτόν.</span> 
     </span>
    </p>
   </div>
   <div class='ocr_carea' id='block_1_69' title="bbox 2277 3304 3811 3390">
    <p class='ocr_par' dir='ltr' id='par_1_69' title="bbox 2277 3304 3811 3390">
     <span class='ocr_line' id='line_1_69' title="bbox 2277 3304 3811 3390; baseline -0.006 -22"><span class='ocrx_word' id='word_1_509' title='bbox 2277 3311 2646 3390; x_wconf 81' lang='grc' dir='ltr'>Κατέστρεψας</span> <span class='ocrx_word' id='word_1_510' title='bbox 2731 3311 2832 3378; x_wconf 67' lang='grc' dir='ltr'><strong>τήν</strong></span> <span class='ocrx_word' id='word_1_511' title='bbox 2923 3309 3178 3378; x_wconf 77' lang='grc' dir='ltr'>διαθήκην</span> <span class='ocrx_word' id='word_1_512' title='bbox 3267 3314 3363 3363; x_wconf 74' lang='grc' dir='ltr'>τοῦ</span> <span class='ocrx_word' id='word_1_513' title='bbox 3450 3304 3631 3362; x_wconf 85' lang='grc' dir='ltr'>δούλου</span> <span class='ocrx_word' id='word_1_514' title='bbox 3709 3325 3811 3364; x_wconf 87' lang='grc' dir='ltr'>σου.</span> 
     </span>
    </p>
   </div>
   <div class='ocr_carea' id='block_1_70' title="bbox 2193 3393 3816 3479">
    <p class='ocr_par' dir='ltr' id='par_1_70' title="bbox 2193 3393 3816 3479">
     <span class='ocr_line' id='line_1_70' title="bbox 2193 3393 3816 3479; baseline -0.006 -23"><span class='ocrx_word' id='word_1_515' title='bbox 2193 3401 2473 3478; x_wconf 79' lang='grc' dir='ltr'>’Υπερέθου</span> <span class='ocrx_word' id='word_1_516' title='bbox 2504 3400 2812 3478; x_wconf 77' lang='grc' dir='ltr'>πληρῶσαι,</span> <span class='ocrx_word' id='word_1_517' title='bbox 2847 3401 2998 3479; x_wconf 67' lang='grc' dir='ltr'>φησὶ,</span> <span class='ocrx_word' id='word_1_518' title='bbox 3056 3399 3150 3461; x_wconf 74' lang='grc' dir='ltr'>τὰς</span> <span class='ocrx_word' id='word_1_519' title='bbox 3205 3396 3528 3474; x_wconf 81' lang='grc' dir='ltr'>ἐπαγγελίας</span> <span class='ocrx_word' id='word_1_520' title='bbox 3575 3397 3664 3459; x_wconf 83' lang='grc' dir='ltr'><strong>τὰς</strong></span> <span class='ocrx_word' id='word_1_521' title='bbox 3713 3393 3816 3470; x_wconf 81' lang='grc' dir='ltr'>περὶ</span> 
     </span>
    </p>
   </div>
   <div class='ocr_carea' id='block_1_71' title="bbox 469 3484 2114 3570">
    <p class='ocr_par' dir='ltr' id='par_1_71' title="bbox 469 3489 2109 3570">
     <span class='ocr_line' id='line_1_71' title="bbox 469 3489 2109 3570; baseline 0.001 -18"><span class='ocrx_word' id='word_1_522' title='bbox 469 3493 700 3553; x_wconf 87' lang='lat' dir='ltr'><strong>interea</strong></span> <span class='ocrx_word' id='word_1_523' title='bbox 725 3491 882 3552; x_wconf 90' lang='lat' dir='ltr'><strong>enim</strong></span> <span class='ocrx_word' id='word_1_524' title='bbox 904 3491 1001 3552; x_wconf 87' lang='lat' dir='ltr'><strong>ille</strong></span> <span class='ocrx_word' id='word_1_525' title='bbox 1023 3507 1231 3570; x_wconf 89' lang='lat' dir='ltr'><strong>passus</strong></span> <span class='ocrx_word' id='word_1_526' title='bbox 1251 3499 1360 3550; x_wconf 91' lang='lat' dir='ltr'><strong>est.</strong></span> <span class='ocrx_word' id='word_1_527' title='bbox 1393 3489 1520 3561; x_wconf 88' lang='lat' dir='ltr'><strong>Quo</strong></span> <span class='ocrx_word' id='word_1_528' title='bbox 1557 3500 1725 3570; x_wconf 89' lang='lat' dir='ltr'><strong>pacto</strong></span> <span class='ocrx_word' id='word_1_529' title='bbox 1757 3497 1954 3553; x_wconf 77' lang='lat' dir='ltr'><strong>autem</strong></span> <span class='ocrx_word' id='word_1_530' title='bbox 1979 3491 2109 3554; x_wconf 91' lang='lat' dir='ltr'><strong>dis-</strong></span> 
     </span>
    </p>
   </div>
   <div class='ocr_carea' id='block_1_72' title="bbox 2211 3484 3809 3570">
    <p class='ocr_par' dir='ltr' id='par_1_72' title="bbox 2211 3484 3809 3568">
     <span class='ocr_line' id='line_1_72' title="bbox 2211 3484 3809 3568; baseline -0.007 -21"><span class='ocrx_word' id='word_1_531' title='bbox 2211 3493 2352 3547; x_wconf 75' lang='grc' dir='ltr'>ιύτοῠ</span> <span class='ocrx_word' id='word_1_532' title='bbox 2388 3505 2402 3520; x_wconf 91' lang='grc'><strong>·</strong></span> <span class='ocrx_word' id='word_1_533' title='bbox 2439 3490 2668 3548; x_wconf 83' lang='grc' dir='ltr'>πέποντε</span> <span class='ocrx_word' id='word_1_534' title='bbox 2699 3491 2800 3568; x_wconf 76' lang='grc' dir='ltr'>γὰρ</span> <span class='ocrx_word' id='word_1_535' title='bbox 2841 3488 3060 3565; x_wconf 78' lang='grc' dir='ltr'>μεταξύ,</span> <span class='ocrx_word' id='word_1_536' title='bbox 3093 3493 3213 3550; x_wconf 87' lang='grc' dir='ltr'>Πῶς</span> <span class='ocrx_word' id='word_1_537' title='bbox 3245 3485 3298 3542; x_wconf 78' lang='grc' dir='ltr'>δὲ</span> <span class='ocrx_word' id='word_1_538' title='bbox 3329 3486 3627 3565; x_wconf 75' lang='grc' dir='ltr'>ὑπερέθετο,</span> <span class='ocrx_word' id='word_1_539' title='bbox 3663 3484 3809 3558; x_wconf 77' lang='grc' dir='ltr'>Λέγει·</span> 
     </span>
    </p>
   </div>
   <div class='ocr_carea' id='block_1_73' title="bbox 467 3571 2114 3661">
    <p class='ocr_par' dir='ltr' id='par_1_73' title="bbox 467 3579 2112 3661">
     <span class='ocr_line' id='line_1_73' title="bbox 467 3579 2112 3661; baseline 0.002 -20"><span class='ocrx_word' id='word_1_540' title='bbox 467 3580 691 3661; x_wconf 86' lang='lat' dir='ltr'><strong>tulerit,</strong></span> <span class='ocrx_word' id='word_1_541' title='bbox 727 3581 806 3640; x_wconf 89' lang='lat' dir='ltr'><strong>ita</strong></span> <span class='ocrx_word' id='word_1_542' title='bbox 837 3579 1140 3642; x_wconf 79' lang='lat' dir='ltr'><strong>declarat:</strong></span> <span class='ocrx_word' id='word_1_543' title='bbox 1179 3580 1497 3653; x_wconf 86' lang='lat' dir='ltr'><strong>Evertisti,</strong></span> <span class='ocrx_word' id='word_1_544' title='bbox 1537 3579 1753 3660; x_wconf 83' lang='lat' dir='ltr'><strong>inquit,</strong></span> <span class='ocrx_word' id='word_1_545' title='bbox 1788 3587 2112 3644; x_wconf 86' lang='lat' dir='ltr'><strong>testamen-</strong></span> 
     </span>
    </p>
   </div>
   <div class='ocr_carea' id='block_1_74' title="bbox 2211 3571 3812 3661">
    <p class='ocr_par' dir='ltr' id='par_1_74' title="bbox 2211 3571 3812 3661">
     <span class='ocr_line' id='line_1_74' title="bbox 2211 3571 3812 3661; baseline -0.007 -24"><span class='ocrx_word' id='word_1_546' title='bbox 2211 3579 2567 3658; x_wconf 67' lang='grc' dir='ltr'>(ατέστρεψας</span> <span class='ocrx_word' id='word_1_547' title='bbox 2638 3579 2856 3659; x_wconf 70' lang='grc' dir='ltr'>φείσκων</span> <span class='ocrx_word' id='word_1_548' title='bbox 2941 3579 3040 3644; x_wconf 75' lang='grc' dir='ltr'>τὴν</span> <span class='ocrx_word' id='word_1_549' title='bbox 3130 3575 3399 3646; x_wconf 74' lang='grc' dir='ltr'>διαθήκην</span> <span class='ocrx_word' id='word_1_550' title='bbox 3481 3582 3570 3632; x_wconf 85' lang='grc' dir='ltr'>τοῦ</span> <span class='ocrx_word' id='word_1_551' title='bbox 3647 3571 3812 3661; x_wconf 78' lang='grc' dir='ltr'>δούλου</span> 
     </span>
    </p>
   </div>
   <div class='ocr_carea' id='block_1_75' title="bbox 465 3659 2114 3748">
    <p class='ocr_par' dir='ltr' id='par_1_75' title="bbox 465 3659 2108 3733">
     <span class='ocr_line' id='line_1_75' title="bbox 465 3659 2108 3733; baseline -0.001 0"><span class='ocrx_word' id='word_1_552' title='bbox 465 3679 596 3733; x_wconf 88' lang='lat' dir='ltr'><strong>tum</strong></span> <span class='ocrx_word' id='word_1_553' title='bbox 622 3659 780 3731; x_wconf 79' lang='lat' dir='ltr'><strong>servi</strong></span> <span class='ocrx_word' id='word_1_554' title='bbox 821 3667 1314 3731; x_wconf 85' lang='lat' dir='ltr'><strong>tui.Promiseras</strong></span> <span class='ocrx_word' id='word_1_555' title='bbox 1351 3667 1510 3730; x_wconf 90' lang='lat' dir='ltr'><strong>enim</strong></span> <span class='ocrx_word' id='word_1_556' title='bbox 1561 3659 1694 3730; x_wconf 87' lang='lat' dir='ltr'><strong>eum</strong></span> <span class='ocrx_word' id='word_1_557' title='bbox 1729 3659 1790 3730; x_wconf 90' lang='lat' dir='ltr'><strong>in</strong></span> <span class='ocrx_word' id='word_1_558' title='bbox 1821 3678 2108 3732; x_wconf 67' lang='lat' dir='ltr'><strong>aeternum</strong></span> 
     </span>
    </p>
   </div>
   <div class='ocr_carea' id='block_1_76' title="bbox 2211 3659 3808 3748">
    <p class='ocr_par' dir='ltr' id='par_1_76' title="bbox 2211 3659 3808 3748">
     <span class='ocr_line' id='line_1_76' title="bbox 2211 3659 3808 3748; baseline -0.005 -25"><span class='ocrx_word' id='word_1_559' title='bbox 2211 3689 2314 3729; x_wconf 73' lang='grc' dir='ltr'>που.</span> <span class='ocrx_word' id='word_1_560' title='bbox 2361 3667 2705 3746; x_wconf 84' lang='grc' dir='ltr'>Ἐπηγγείλω</span> <span class='ocrx_word' id='word_1_561' title='bbox 2734 3669 2858 3748; x_wconf 78' lang='grc' dir='ltr'>γὰρ,</span> <span class='ocrx_word' id='word_1_562' title='bbox 2907 3669 3089 3746; x_wconf 75' lang='grc' dir='ltr'>φησὶν,</span> <span class='ocrx_word' id='word_1_563' title='bbox 3136 3664 3216 3721; x_wconf 77' lang='grc' dir='ltr'><strong>ὅτι</strong></span> <span class='ocrx_word' id='word_1_564' title='bbox 3247 3667 3317 3730; x_wconf 84' lang='grc' dir='ltr'><strong>εἰς</strong></span> <span class='ocrx_word' id='word_1_565' title='bbox 3367 3667 3460 3721; x_wconf 80' lang='grc' dir='ltr'>τὸν</span> <span class='ocrx_word' id='word_1_566' title='bbox 3503 3666 3660 3720; x_wconf 83' lang='grc' dir='ltr'>αἰῶνα</span> <span class='ocrx_word' id='word_1_567' title='bbox 3717 3659 3808 3736; x_wconf 81' lang='grc' dir='ltr'><strong>μέ-</strong></span> 
     </span>
    </p>
   </div>
   <div class='ocr_carea' id='block_1_77' title="bbox 468 3748 2114 3838">
    <p class='ocr_par' dir='ltr' id='par_1_77' title="bbox 468 3755 2106 3838">
     <span class='ocr_line' id='line_1_77' title="bbox 468 3755 2106 3838; baseline -0.001 -17"><span class='ocrx_word' id='word_1_568' title='bbox 468 3775 832 3821; x_wconf 87' lang='lat' dir='ltr'><strong>mansurum.</strong></span> <span class='ocrx_word' id='word_1_569' title='bbox 869 3757 940 3819; x_wconf 89' lang='lat' dir='ltr'><strong>Et</strong></span> <span class='ocrx_word' id='word_1_570' title='bbox 973 3759 1084 3818; x_wconf 90' lang='lat' dir='ltr'><strong>hoc</strong></span> <span class='ocrx_word' id='word_1_571' title='bbox 1115 3757 1308 3838; x_wconf 91' lang='lat' dir='ltr'><strong>ipsum</strong></span> <span class='ocrx_word' id='word_1_572' title='bbox 1343 3755 1449 3818; x_wconf 89' lang='lat' dir='ltr'><strong>fuit</strong></span> <span class='ocrx_word' id='word_1_573' title='bbox 1478 3765 1900 3820; x_wconf 86' lang='lat' dir='ltr'><strong>testamentum</strong></span> <span class='ocrx_word' id='word_1_574' title='bbox 1945 3771 2106 3820; x_wconf 88' lang='lat' dir='ltr'><strong>tuum</strong></span> 
     </span>
    </p>
   </div>
   <div class='ocr_carea' id='block_1_78' title="bbox 2211 3748 3809 3838">
    <p class='ocr_par' dir='ltr' id='par_1_78' title="bbox 2211 3748 3809 3834">
     <span class='ocr_line' id='line_1_78' title="bbox 2211 3748 3809 3834; baseline -0.006 -22"><span class='ocrx_word' id='word_1_575' title='bbox 2211 3779 2268 3812; x_wconf 76' lang='grc' dir='ltr'>νει</span> <span class='ocrx_word' id='word_1_576' title='bbox 2305 3774 2319 3788; x_wconf 83' lang='lat'><strong><em>°</em></strong></span> <span class='ocrx_word' id='word_1_577' title='bbox 2367 3759 2454 3813; x_wconf 81' lang='grc' dir='ltr'><strong>καὶ</strong></span> <span class='ocrx_word' id='word_1_578' title='bbox 2485 3756 2617 3823; x_wconf 67' lang='grc' dir='ltr'>αὕτη</span> <span class='ocrx_word' id='word_1_579' title='bbox 2649 3756 2866 3834; x_wconf 53' lang='grc' dir='ltr'>γέγονεν</span> <span class='ocrx_word' id='word_1_580' title='bbox 2915 3759 2944 3823; x_wconf 75' lang='grc' dir='ltr'>ἦ</span> <span class='ocrx_word' id='word_1_581' title='bbox 2989 3755 3132 3831; x_wconf 80' lang='grc' dir='ltr'>παρὰ</span> <span class='ocrx_word' id='word_1_582' title='bbox 3189 3761 3286 3808; x_wconf 82' lang='grc' dir='ltr'><strong>σοῦ</strong></span> <span class='ocrx_word' id='word_1_583' title='bbox 3325 3756 3443 3825; x_wconf 86' lang='grc' dir='ltr'>περὶ</span> <span class='ocrx_word' id='word_1_584' title='bbox 3501 3757 3648 3811; x_wconf 62' lang='lat' dir='ltr'><strong>aii-:06</strong></span> <span class='ocrx_word' id='word_1_585' title='bbox 3701 3748 3809 3805; x_wconf 85' lang='grc' dir='ltr'>δια-</span> 
     </span>
    </p>
   </div>
   <div class='ocr_carea' id='block_1_79' title="bbox 464 3841 2114 3929">
    <p class='ocr_par' dir='ltr' id='par_1_79' title="bbox 464 3846 2109 3929">
     <span class='ocr_line' id='line_1_79' title="bbox 464 3846 2109 3929; baseline -0.001 -17"><span class='ocrx_word' id='word_1_586' title='bbox 464 3849 539 3912; x_wconf 89' lang='lat' dir='ltr'><strong>de</strong></span> <span class='ocrx_word' id='word_1_587' title='bbox 569 3847 692 3908; x_wconf 91' lang='lat' dir='ltr'><strong>illo.</strong></span> <span class='ocrx_word' id='word_1_588' title='bbox 729 3847 948 3908; x_wconf 90' lang='lat' dir='ltr'><strong>Verum</strong></span> <span class='ocrx_word' id='word_1_589' title='bbox 981 3846 1170 3908; x_wconf 77' lang='lat' dir='ltr'><strong>Judaei</strong></span> <span class='ocrx_word' id='word_1_590' title='bbox 1193 3847 1618 3908; x_wconf 82' lang='lat' dir='ltr'><strong>cruciﬁxerunt</strong></span> <span class='ocrx_word' id='word_1_591' title='bbox 1647 3865 1804 3926; x_wconf 86' lang='lat' dir='ltr'><strong>eum,</strong></span> <span class='ocrx_word' id='word_1_592' title='bbox 1837 3857 1894 3908; x_wconf 90' lang='lat' dir='ltr'><strong>et</strong></span> <span class='ocrx_word' id='word_1_593' title='bbox 1922 3867 2109 3929; x_wconf 90' lang='lat' dir='ltr'><strong>repu-</strong></span> 
     </span>
    </p>
   </div>
   <div class='ocr_carea' id='block_1_80' title="bbox 2211 3841 3810 3929">
    <p class='ocr_par' dir='ltr' id='par_1_80' title="bbox 2211 3841 3810 3922">
     <span class='ocr_line' id='line_1_80' title="bbox 2211 3841 3810 3922; baseline -0.006 -20"><span class='ocrx_word' id='word_1_594' title='bbox 2211 3850 2356 3916; x_wconf 65' lang='grc' dir='ltr'>ιῆκη.</span> <span class='ocrx_word' id='word_1_595' title='bbox 2407 3844 2560 3906; x_wconf 88' lang='grc' dir='ltr'>Ἀλλ’</span> <span class='ocrx_word' id='word_1_596' title='bbox 2621 3846 2955 3922; x_wconf 75' lang='grc' dir='ltr'>ἐσταύρωσαν</span> <span class='ocrx_word' id='word_1_597' title='bbox 3002 3845 3161 3900; x_wconf 74' lang='grc' dir='ltr'>αὺτὸν</span> <span class='ocrx_word' id='word_1_598' title='bbox 3209 3841 3483 3916; x_wconf 78' lang='grc' dir='ltr'>Ἰουδαῖοι,</span> <span class='ocrx_word' id='word_1_599' title='bbox 3551 3843 3633 3897; x_wconf 84' lang='grc' dir='ltr'><strong>καὶ</strong></span> <span class='ocrx_word' id='word_1_600' title='bbox 3689 3859 3810 3893; x_wconf 85' lang='grc' dir='ltr'>κατ·-</span> 
     </span>
    </p>
   </div>
   <div class='ocr_carea' id='block_1_81' title="bbox 465 3929 2114 4017">
    <p class='ocr_par' dir='ltr' id='par_1_81' title="bbox 465 3936 2109 4017">
     <span class='ocr_line' id='line_1_81' title="bbox 465 3936 2109 4017; baseline 0.001 -19"><span class='ocrx_word' id='word_1_601' title='bbox 465 3947 618 3998; x_wconf 84' lang='lat' dir='ltr'><strong>tatus</strong></span> <span class='ocrx_word' id='word_1_602' title='bbox 649 3945 737 3998; x_wconf 89' lang='lat' dir='ltr'><strong>est</strong></span> <span class='ocrx_word' id='word_1_603' title='bbox 770 3955 904 3996; x_wconf 90' lang='lat' dir='ltr'><strong>cum</strong></span> <span class='ocrx_word' id='word_1_604' title='bbox 935 3936 1206 3996; x_wconf 86' lang='lat' dir='ltr'><strong>mortuis.</strong></span> <span class='ocrx_word' id='word_1_605' title='bbox 1247 3938 1460 3996; x_wconf 87' lang='lat' dir='ltr'><strong>Passus</strong></span> <span class='ocrx_word' id='word_1_606' title='bbox 1483 3943 1588 4000; x_wconf 85' lang='lat' dir='ltr'><strong>est.</strong></span> <span class='ocrx_word' id='word_1_607' title='bbox 1631 3937 1842 4017; x_wconf 89' lang='lat' dir='ltr'><strong>inquit,</strong></span> <span class='ocrx_word' id='word_1_608' title='bbox 1880 3946 1936 3998; x_wconf 88' lang='lat' dir='ltr'><strong>et</strong></span> <span class='ocrx_word' id='word_1_609' title='bbox 1966 3956 2109 4000; x_wconf 88' lang='lat' dir='ltr'><strong>cru-</strong></span> 
     </span>
    </p>
   </div>
   <div class='ocr_carea' id='block_1_82' title="bbox 2211 3929 3808 4017">
    <p class='ocr_par' dir='ltr' id='par_1_82' title="bbox 2211 3929 3808 4017">
     <span class='ocr_line' id='line_1_82' title="bbox 2211 3929 3808 4017; baseline -0.005 -27"><span class='ocrx_word' id='word_1_610' title='bbox 2211 3936 2444 4014; x_wconf 68' lang='grc' dir='ltr'>ιλογίσθη</span> <span class='ocrx_word' id='word_1_611' title='bbox 2479 3937 2614 4010; x_wconf 80' lang='grc' dir='ltr'>μετὰ</span> <span class='ocrx_word' id='word_1_612' title='bbox 2645 3941 2866 4014; x_wconf 82' lang='grc' dir='ltr'>νεκρῶν.</span> <span class='ocrx_word' id='word_1_613' title='bbox 2903 3934 3136 3990; x_wconf 82' lang='grc' dir='ltr'>Πέποντε</span> <span class='ocrx_word' id='word_1_614' title='bbox 3171 3934 3294 4012; x_wconf 78' lang='grc' dir='ltr'>γὰρ,</span> <span class='ocrx_word' id='word_1_615' title='bbox 3332 3935 3484 4006; x_wconf 82' lang='grc' dir='ltr'>φησὶ,</span> <span class='ocrx_word' id='word_1_616' title='bbox 3523 3933 3606 3986; x_wconf 83' lang='grc' dir='ltr'><strong>καὶ</strong></span> <span class='ocrx_word' id='word_1_617' title='bbox 3633 3929 3808 4017; x_wconf 69' lang='grc' dir='ltr'>ἐσταυ-</span> 
     </span>
    </p>
   </div>
   <div class='ocr_carea' id='block_1_83' title="bbox 465 4014 2114 4106">
    <p class='ocr_par' dir='ltr' id='par_1_83' title="bbox 465 4014 2108 4106">
     <span class='ocr_line' id='line_1_83' title="bbox 465 4014 2108 4106; baseline -0.001 -18"><span class='ocrx_word' id='word_1_618' title='bbox 465 4027 677 4088; x_wconf 82' lang='lat' dir='ltr'><strong>citixus</strong></span> <span class='ocrx_word' id='word_1_619' title='bbox 709 4025 1034 4106; x_wconf 88' lang='lat' dir='ltr'><strong>est.ltaque</strong></span> <span class='ocrx_word' id='word_1_620' title='bbox 1070 4027 1339 4087; x_wconf 81' lang='lat' dir='ltr'><strong>evertisti</strong></span> <span class='ocrx_word' id='word_1_621' title='bbox 1371 4014 1786 4086; x_wconf 78' lang='lat' dir='ltr'><strong>testamentum</strong></span> <span class='ocrx_word' id='word_1_622' title='bbox 1808 4014 1972 4088; x_wconf 81' lang='lat' dir='ltr'><strong>servi.</strong></span> <span class='ocrx_word' id='word_1_623' title='bbox 1994 4029 2108 4088; x_wconf 85' lang='lat' dir='ltr'><strong>tui.</strong></span> 
     </span>
    </p>
   </div>
   <div class='ocr_carea' id='block_1_84' title="bbox 2211 4014 3808 4106">
    <p class='ocr_par' dir='ltr' id='par_1_84' title="bbox 2211 4014 3808 4103">
     <span class='ocr_line' id='line_1_84' title="bbox 2211 4014 3808 4103; baseline -0.008 -21"><span class='ocrx_word' id='word_1_624' title='bbox 2211 4027 2336 4092; x_wconf 82' lang='grc' dir='ltr'>›ώθη</span> <span class='ocrx_word' id='word_1_625' title='bbox 2371 4042 2388 4060; x_wconf 87' lang='grc'><strong><em>⁸</em></strong></span> <span class='ocrx_word' id='word_1_626' title='bbox 2443 4025 2628 4082; x_wconf 70' lang='grc' dir='ltr'>οὐκοῦν</span> <span class='ocrx_word' id='word_1_627' title='bbox 2689 4025 3050 4103; x_wconf 79' lang='grc' dir='ltr'>κατέστρεψας</span> <span class='ocrx_word' id='word_1_628' title='bbox 3095 4025 3193 4090; x_wconf 80' lang='grc' dir='ltr'>τὴν</span> <span class='ocrx_word' id='word_1_629' title='bbox 3254 4021 3512 4092; x_wconf 74' lang='grc' dir='ltr'>διαθήκην</span> <span class='ocrx_word' id='word_1_630' title='bbox 3563 4025 3648 4075; x_wconf 79' lang='grc' dir='ltr'>τοῦ</span> <span class='ocrx_word' id='word_1_631' title='bbox 3697 4014 3808 4071; x_wconf 85' lang='grc' dir='ltr'>δού-</span> 
     </span>
    </p>
   </div>
   <div class='ocr_carea' id='block_1_85' title="bbox 471 4107 2114 4193">
    <p class='ocr_par' dir='ltr' id='par_1_85' title="bbox 471 4113 2106 4193">
     <span class='ocr_line' id='line_1_85' title="bbox 471 4113 2106 4193; baseline -0.001 -18"><span class='ocrx_word' id='word_1_632' title='bbox 471 4115 834 4193; x_wconf 78' lang='lat' dir='ltr'><strong>Profunasti</strong></span> <span class='ocrx_word' id='word_1_633' title='bbox 865 4117 928 4175; x_wconf 88' lang='lat' dir='ltr'><strong>in</strong></span> <span class='ocrx_word' id='word_1_634' title='bbox 960 4121 1128 4174; x_wconf 85' lang='lat' dir='ltr'><strong>terra</strong></span> <span class='ocrx_word' id='word_1_635' title='bbox 1149 4113 1580 4175; x_wconf 84' lang='lat' dir='ltr'><strong>sanctuarium</strong></span> <span class='ocrx_word' id='word_1_636' title='bbox 1610 4115 2106 4193; x_wconf 84' lang='lat' dir='ltr'><strong>ejus.Projecisti,</strong></span> 
     </span>
    </p>
   </div>
   <div class='ocr_carea' id='block_1_86' title="bbox 2211 4107 3808 4193">
    <p class='ocr_par' dir='ltr' id='par_1_86' title="bbox 2211 4107 3808 4188">
     <span class='ocr_line' id='line_1_86' title="bbox 2211 4107 3808 4188; baseline -0.009 -17"><span class='ocrx_word' id='word_1_637' title='bbox 2211 4131 2288 4171; x_wconf 72' lang='grc' dir='ltr'><strong>ιου</strong></span> <span class='ocrx_word' id='word_1_638' title='bbox 2349 4137 2466 4178; x_wconf 87' lang='grc' dir='ltr'>σου,</span> <span class='ocrx_word' id='word_1_639' title='bbox 2528 4112 2900 4182; x_wconf 79' lang='grc' dir='ltr'>Ἐϐεϐήλωσας</span> <span class='ocrx_word' id='word_1_640' title='bbox 2975 4117 3048 4178; x_wconf 77' lang='grc' dir='ltr'>εἱς</span> <span class='ocrx_word' id='word_1_641' title='bbox 3128 4113 3228 4179; x_wconf 76' lang='grc' dir='ltr'>τὴν</span> <span class='ocrx_word' id='word_1_642' title='bbox 3287 4117 3391 4188; x_wconf 81' lang='grc' dir='ltr'>γῆν</span> <span class='ocrx_word' id='word_1_643' title='bbox 3479 4111 3538 4165; x_wconf 82' lang='grc' dir='ltr'>τὸ</span> <span class='ocrx_word' id='word_1_644' title='bbox 3594 4107 3808 4185; x_wconf 68' lang='grc' dir='ltr'>ἁγίασμα</span> 
     </span>
    </p>
   </div>
   <div class='ocr_carea' id='block_1_87' title="bbox 483 4196 2114 4284">
    <p class='ocr_par' dir='ltr' id='par_1_87' title="bbox 483 4202 2108 4284">
     <span class='ocr_line' id='line_1_87' title="bbox 483 4202 2108 4284; baseline 0 -19"><span class='ocrx_word' id='word_1_645' title='bbox 483 4204 585 4279; x_wconf 88' lang='lat' dir='ltr'><strong>ait,</strong></span> <span class='ocrx_word' id='word_1_646' title='bbox 621 4205 680 4264; x_wconf 88' lang='lat' dir='ltr'><strong>in</strong></span> <span class='ocrx_word' id='word_1_647' title='bbox 713 4212 930 4264; x_wconf 88' lang='lat' dir='ltr'><strong>terram</strong></span> <span class='ocrx_word' id='word_1_648' title='bbox 951 4202 1198 4282; x_wconf 81' lang='lat' dir='ltr'><strong>gloriam</strong></span> <span class='ocrx_word' id='word_1_649' title='bbox 1233 4202 1383 4282; x_wconf 90' lang='lat' dir='ltr'><strong>ejus:</strong></span> <span class='ocrx_word' id='word_1_650' title='bbox 1414 4219 1546 4262; x_wconf 90' lang='lat' dir='ltr'><strong>nam</strong></span> <span class='ocrx_word' id='word_1_651' title='bbox 1573 4202 1672 4262; x_wconf 91' lang='lat' dir='ltr'><strong>ubi</strong></span> <span class='ocrx_word' id='word_1_652' title='bbox 1707 4203 1959 4264; x_wconf 80' lang='lat' dir='ltr'><strong>venitud</strong></span> <span class='ocrx_word' id='word_1_653' title='bbox 1984 4221 2108 4284; x_wconf 85' lang='lat' dir='ltr'><strong>pas-</strong></span> 
     </span>
    </p>
   </div>
   <div class='ocr_carea' id='block_1_88' title="bbox 2211 4196 3806 4284">
    <p class='ocr_par' dir='ltr' id='par_1_88' title="bbox 2211 4196 3806 4284">
     <span class='ocr_line' id='line_1_88' title="bbox 2211 4196 3806 4284; baseline -0.008 -23"><span class='ocrx_word' id='word_1_654' title='bbox 2211 4210 2376 4264; x_wconf 75' lang='grc' dir='ltr'><strong>ιῦτοῦ.</strong></span> <span class='ocrx_word' id='word_1_655' title='bbox 2428 4204 2727 4283; x_wconf 75' lang='grc' dir='ltr'>”Εῤῥιψας,</span> <span class='ocrx_word' id='word_1_656' title='bbox 2775 4206 2961 4284; x_wconf 69' lang='grc' dir='ltr'>φησὶν,</span> <span class='ocrx_word' id='word_1_657' title='bbox 3015 4205 3088 4268; x_wconf 86' lang='grc' dir='ltr'>εἷς</span> <span class='ocrx_word' id='word_1_658' title='bbox 3143 4203 3237 4269; x_wconf 76' lang='grc' dir='ltr'>τὴν</span> <span class='ocrx_word' id='word_1_659' title='bbox 3293 4205 3395 4278; x_wconf 75' lang='grc' dir='ltr'>γῆν</span> <span class='ocrx_word' id='word_1_660' title='bbox 3427 4203 3522 4267; x_wconf 83' lang='grc' dir='ltr'>τὴν</span> <span class='ocrx_word' id='word_1_661' title='bbox 3552 4197 3692 4262; x_wconf 77' lang='grc' dir='ltr'>δόξαν</span> <span class='ocrx_word' id='word_1_662' title='bbox 3721 4196 3806 4250; x_wconf 75' lang='grc' dir='ltr'><strong>αὖ·</strong></span> 
     </span>
    </p>
   </div>
   <div class='ocr_carea' id='block_1_89' title="bbox 477 4285 2114 4384">
    <p class='ocr_par' dir='ltr' id='par_1_89' title="bbox 477 4290 2110 4373">
     <span class='ocr_line' id='line_1_89' title="bbox 477 4290 2110 4373; baseline -0.001 -18"><span class='ocrx_word' id='word_1_663' title='bbox 477 4295 733 4373; x_wconf 86' lang='lat' dir='ltr'><strong>sionem,</strong></span> <span class='ocrx_word' id='word_1_664' title='bbox 785 4291 914 4352; x_wconf 88' lang='lat' dir='ltr'><strong>vilis</strong></span> <span class='ocrx_word' id='word_1_665' title='bbox 965 4293 1144 4353; x_wconf 89' lang='lat' dir='ltr'><strong>homo</strong></span> <span class='ocrx_word' id='word_1_666' title='bbox 1174 4290 1246 4352; x_wconf 86' lang='lat' dir='ltr'><strong>ab</strong></span> <span class='ocrx_word' id='word_1_667' title='bbox 1279 4291 1499 4371; x_wconf 90' lang='lat' dir='ltr'><strong>iniquis</strong></span> <span class='ocrx_word' id='word_1_668' title='bbox 1528 4290 1752 4352; x_wconf 72' lang='lat' dir='ltr'><strong>Judaeis</strong></span> <span class='ocrx_word' id='word_1_669' title='bbox 1781 4292 2110 4354; x_wconf 63' lang='lat' dir='ltr'><strong>aestimatus</strong></span> 
     </span>
    </p>
   </div>
   <div class='ocr_carea' id='block_1_90' title="bbox 2211 4285 3804 4384">
    <p class='ocr_par' dir='ltr' id='par_1_90' title="bbox 2211 4285 3804 4384">
     <span class='ocr_line' id='line_1_90' title="bbox 2211 4285 3804 4384; baseline -0.007 -33"><span class='ocrx_word' id='word_1_670' title='bbox 2211 4303 2285 4352; x_wconf 91' lang='lat'>:06</span> <span class='ocrx_word' id='word_1_671' title='bbox 2319 4314 2332 4328; x_wconf 85' lang='lat'>&#39;</span> <span class='ocrx_word' id='word_1_672' title='bbox 2379 4297 2449 4360; x_wconf 84' lang='grc' dir='ltr'>ὡς</span> <span class='ocrx_word' id='word_1_673' title='bbox 2507 4295 2606 4371; x_wconf 77' lang='grc' dir='ltr'><strong>γαρ</strong></span> <span class='ocrx_word' id='word_1_674' title='bbox 2649 4293 2776 4360; x_wconf 80' lang='grc' dir='ltr'>ἧκεν</span> <span class='ocrx_word' id='word_1_675' title='bbox 2835 4295 2908 4356; x_wconf 84' lang='grc' dir='ltr'><strong>εἰς</strong></span> <span class='ocrx_word' id='word_1_676' title='bbox 2965 4295 3037 4374; x_wconf 36' lang='grc' dir='ltr'><strong>τὸ.</strong></span> <span class='ocrx_word' id='word_1_677' title='bbox 3075 4294 3291 4366; x_wconf 79' lang='grc' dir='ltr'>παθεῖν,</span> <span class='ocrx_word' id='word_1_678' title='bbox 3349 4289 3506 4360; x_wconf 77' lang='grc' dir='ltr'>ψιλὸς</span> <span class='ocrx_word' id='word_1_679' title='bbox 3554 4285 3804 4384; x_wconf 57' lang='grc' dir='ltr'>ἅνθρωπρς</span> 
     </span>
    </p>
   </div>
   <div class='ocr_carea' id='block_1_91' title="bbox 474 4379 2108 4460">
    <p class='ocr_par' dir='ltr' id='par_1_91' title="bbox 474 4379 2108 4460">
     <span class='ocr_line' id='line_1_91' title="bbox 474 4379 2108 4460; baseline -0.001 -15"><span class='ocrx_word' id='word_1_680' title='bbox 474 4381 708 4445; x_wconf 89' lang='lat' dir='ltr'><strong>est.Sed</strong></span> <span class='ocrx_word' id='word_1_681' title='bbox 733 4401 850 4442; x_wconf 90' lang='lat' dir='ltr'><strong>non</strong></span> <span class='ocrx_word' id='word_1_682' title='bbox 877 4382 1168 4443; x_wconf 78' lang='lat' dir='ltr'><strong>remansit</strong></span> <span class='ocrx_word' id='word_1_683' title='bbox 1207 4386 1494 4456; x_wconf 90' lang='lat' dir='ltr'><strong>mortuus,</strong></span> <span class='ocrx_word' id='word_1_684' title='bbox 1534 4379 1634 4460; x_wconf 92' lang='lat' dir='ltr'><strong>qui</strong></span> <span class='ocrx_word' id='word_1_685' title='bbox 1663 4380 1817 4442; x_wconf 91' lang='lat' dir='ltr'><strong>inter</strong></span> <span class='ocrx_word' id='word_1_686' title='bbox 1845 4393 2108 4444; x_wconf 88' lang='lat' dir='ltr'><strong>mortuos</strong></span> 
     </span>
    </p>
   </div>
   <div class='ocr_carea' id='block_1_92' title="bbox 469 4469 2106 4550">
    <p class='ocr_par' dir='ltr' id='par_1_92' title="bbox 469 4469 2106 4550">
     <span class='ocr_line' id='line_1_92' title="bbox 469 4469 2106 4550; baseline 0 -17"><span class='ocrx_word' id='word_1_687' title='bbox 469 4473 619 4534; x_wconf 88' lang='lat' dir='ltr'><strong>liber</strong></span> <span class='ocrx_word' id='word_1_688' title='bbox 645 4472 770 4546; x_wconf 82' lang='lat' dir='ltr'><strong>fuit,</strong></span> <span class='ocrx_word' id='word_1_689' title='bbox 801 4472 970 4550; x_wconf 88' lang='lat' dir='ltr'><strong>juxta</strong></span> <span class='ocrx_word' id='word_1_690' title='bbox 1002 4470 1318 4550; x_wconf 73' lang='lat' dir='ltr'><strong>PrOphetee</strong></span> <span class='ocrx_word' id='word_1_691' title='bbox 1354 4485 1557 4532; x_wconf 87' lang='lat' dir='ltr'><strong>vocem</strong></span> <span class='ocrx_word' id='word_1_692' title='bbox 1581 4469 1640 4520; x_wconf 69' lang='lat'><strong>59</strong></span> <span class='ocrx_word' id='word_1_693' title='bbox 1673 4488 1686 4528; x_wconf 90' lang='lat'>:</span> <span class='ocrx_word' id='word_1_694' title='bbox 1725 4488 1922 4550; x_wconf 89' lang='lat' dir='ltr'><strong>neque</strong></span> <span class='ocrx_word' id='word_1_695' title='bbox 1952 4473 2106 4533; x_wconf 81' lang='lat' dir='ltr'><strong>inta—</strong></span> 
     </span>
    </p>
   </div>
   <div class='ocr_carea' id='block_1_93' title="bbox 467 4557 2104 4639">
    <p class='ocr_par' dir='ltr' id='par_1_93' title="bbox 467 4557 2104 4639">
     <span class='ocr_line' id='line_1_93' title="bbox 467 4557 2104 4639; baseline -0.001 -16"><span class='ocrx_word' id='word_1_696' title='bbox 467 4561 646 4623; x_wconf 89' lang='lat' dir='ltr'><strong>miam</strong></span> <span class='ocrx_word' id='word_1_697' title='bbox 679 4561 858 4621; x_wconf 87' lang='lat' dir='ltr'><strong>ullam</strong></span> <span class='ocrx_word' id='word_1_698' title='bbox 883 4557 1352 4638; x_wconf 88' lang='lat' dir='ltr'><strong>conspersitipsi</strong></span> <span class='ocrx_word' id='word_1_699' title='bbox 1383 4557 1580 4638; x_wconf 88' lang='lat' dir='ltr'><strong>passio</strong></span> <span class='ocrx_word' id='word_1_700' title='bbox 1613 4559 1742 4639; x_wconf 91' lang='lat' dir='ltr'><strong>ejus</strong></span> <span class='ocrx_word' id='word_1_701' title='bbox 1770 4577 1786 4635; x_wconf 88' lang='lat'><strong>;</strong></span> <span class='ocrx_word' id='word_1_702' title='bbox 1817 4559 1937 4620; x_wconf 89' lang='lat' dir='ltr'><strong>imo</strong></span> <span class='ocrx_word' id='word_1_703' title='bbox 1966 4579 2104 4622; x_wconf 88' lang='lat' dir='ltr'><strong>vero</strong></span> 
     </span>
    </p>
   </div>
   <div class='ocr_carea' id='block_1_94' title="bbox 464 4647 2106 4732">
    <p class='ocr_par' dir='ltr' id='par_1_94' title="bbox 464 4647 2106 4732">
     <span class='ocr_line' id='line_1_94' title="bbox 464 4647 2106 4732; baseline 0 -20"><span class='ocrx_word' id='word_1_704' title='bbox 464 4651 709 4730; x_wconf 77' lang='lat' dir='ltr'><strong>gloriam</strong></span> <span class='ocrx_word' id='word_1_705' title='bbox 747 4651 940 4730; x_wconf 86' lang='lat' dir='ltr'><strong>potius</strong></span> <span class='ocrx_word' id='word_1_706' title='bbox 969 4649 1221 4730; x_wconf 87' lang='lat' dir='ltr'><strong>accepit,</strong></span> <span class='ocrx_word' id='word_1_707' title='bbox 1279 4647 1416 4726; x_wconf 85' lang='lat' dir='ltr'><strong>quia</strong></span> <span class='ocrx_word' id='word_1_708' title='bbox 1473 4649 1790 4728; x_wconf 83' lang='lat' dir='ltr'><strong>prostravit</strong></span> <span class='ocrx_word' id='word_1_709' title='bbox 1838 4667 1972 4710; x_wconf 90' lang='lat' dir='ltr'><strong>eum</strong></span> <span class='ocrx_word' id='word_1_710' title='bbox 2005 4651 2106 4732; x_wconf 90' lang='lat' dir='ltr'><strong>qui</strong></span> 
     </span>
    </p>
   </div>
   <div class='ocr_carea' id='block_1_95' title="bbox 463 4737 2108 4820">
    <p class='ocr_par' dir='ltr' id='par_1_95' title="bbox 463 4737 2108 4820">
     <span class='ocr_line' id='line_1_95' title="bbox 463 4737 2108 4820; baseline 0 -19"><span class='ocrx_word' id='word_1_711' title='bbox 463 4740 778 4820; x_wconf 89' lang='lat' dir='ltr'><strong>imperium</strong></span> <span class='ocrx_word' id='word_1_712' title='bbox 815 4741 1070 4802; x_wconf 87' lang='lat' dir='ltr'><strong>habebat</strong></span> <span class='ocrx_word' id='word_1_713' title='bbox 1103 4739 1312 4800; x_wconf 87' lang='lat' dir='ltr'><strong>mortis</strong></span> <span class='ocrx_word' id='word_1_714' title='bbox 1340 4739 1423 4812; x_wconf 73' lang='lat'><strong>53,</strong></span> <span class='ocrx_word' id='word_1_715' title='bbox 1473 4737 1535 4798; x_wconf 87' lang='lat' dir='ltr'><strong>id</strong></span> <span class='ocrx_word' id='word_1_716' title='bbox 1573 4747 1660 4799; x_wconf 90' lang='lat' dir='ltr'><strong>est</strong></span> <span class='ocrx_word' id='word_1_717' title='bbox 1690 4738 2016 4820; x_wconf 82' lang='lat' dir='ltr'><strong>diabolum,</strong></span> <span class='ocrx_word' id='word_1_718' title='bbox 2049 4749 2108 4802; x_wconf 87' lang='lat' dir='ltr'><strong>et</strong></span> 
     </span>
    </p>
   </div>
   <div class='ocr_carea' id='block_1_96' title="bbox 463 4829 2112 4910">
    <p class='ocr_par' dir='ltr' id='par_1_96' title="bbox 463 4829 2112 4910">
     <span class='ocr_line' id='line_1_96' title="bbox 463 4829 2112 4910; baseline 0.001 -20"><span class='ocrx_word' id='word_1_719' title='bbox 463 4829 737 4892; x_wconf 82' lang='lat' dir='ltr'><strong>liberavit</strong></span> <span class='ocrx_word' id='word_1_720' title='bbox 766 4829 1074 4891; x_wconf 90' lang='lat' dir='ltr'><strong>hominum</strong></span> <span class='ocrx_word' id='word_1_721' title='bbox 1107 4845 1319 4907; x_wconf 85' lang='lat' dir='ltr'><strong>genus.</strong></span> <span class='ocrx_word' id='word_1_722' title='bbox 1367 4829 1656 4891; x_wconf 68' lang='lat' dir='ltr'><strong>Caeterum</strong></span> <span class='ocrx_word' id='word_1_723' title='bbox 1707 4847 1776 4890; x_wconf 88' lang='lat' dir='ltr'><strong>ea</strong></span> <span class='ocrx_word' id='word_1_724' title='bbox 1807 4847 1938 4910; x_wconf 66' lang='lat' dir='ltr'><strong>qua;</strong></span> <span class='ocrx_word' id='word_1_725' title='bbox 1968 4837 2112 4892; x_wconf 92' lang='lat' dir='ltr'><strong>tunc</strong></span> 
     </span>
    </p>
   </div>
   <div class='ocr_carea' id='block_1_97' title="bbox 463 4919 1556 4998">
    <p class='ocr_par' dir='ltr' id='par_1_97' title="bbox 463 4919 1556 4998">
     <span class='ocr_line' id='line_1_97' title="bbox 463 4919 1556 4998; baseline -0.005 -17"><span class='ocrx_word' id='word_1_726' title='bbox 463 4919 819 4982; x_wconf 86' lang='lat' dir='ltr'><strong>acciderunt</strong></span> <span class='ocrx_word' id='word_1_727' title='bbox 847 4919 1201 4980; x_wconf 88' lang='lat' dir='ltr'><strong>annuutiant</strong></span> <span class='ocrx_word' id='word_1_728' title='bbox 1235 4919 1556 4998; x_wconf 65' lang='lat' dir='ltr'><strong>prophetia.</strong></span> 
     </span>
    </p>
   </div>
   <div class='ocr_carea' id='block_1_98' title="bbox 544 5009 2109 5088">
    <p class='ocr_par' dir='ltr' id='par_1_98' title="bbox 544 5009 2109 5088">
     <span class='ocr_line' id='line_1_98' title="bbox 544 5009 2109 5088; baseline 0.001 -20"><span class='ocrx_word' id='word_1_729' title='bbox 544 5012 643 5070; x_wconf 81' lang='grc'><strong>41.</strong></span> <span class='ocrx_word' id='word_1_730' title='bbox 685 5011 1057 5071; x_wconf 67' lang='lat' dir='ltr'><strong>Destruaristi</strong></span> <span class='ocrx_word' id='word_1_731' title='bbox 1083 5025 1292 5070; x_wconf 91' lang='lat' dir='ltr'><strong>omnes</strong></span> <span class='ocrx_word' id='word_1_732' title='bbox 1311 5025 1480 5087; x_wconf 85' lang='lat' dir='ltr'><strong>sepes</strong></span> <span class='ocrx_word' id='word_1_733' title='bbox 1507 5009 1852 5088; x_wconf 88' lang='lat' dir='ltr'><strong>ejus.Sepes</strong></span> <span class='ocrx_word' id='word_1_734' title='bbox 1875 5017 1934 5069; x_wconf 90' lang='lat' dir='ltr'><strong>et</strong></span> <span class='ocrx_word' id='word_1_735' title='bbox 1958 5027 2109 5088; x_wconf 83' lang='lat' dir='ltr'><strong>prae-</strong></span> 
     </span>
    </p>
   </div>
   <div class='ocr_carea' id='block_1_99' title="bbox 467 5094 2102 5178">
    <p class='ocr_par' dir='ltr' id='par_1_99' title="bbox 467 5094 2102 5178">
     <span class='ocr_line' id='line_1_99' title="bbox 467 5094 2102 5178; baseline 0.001 -21"><span class='ocrx_word' id='word_1_736' title='bbox 467 5095 618 5158; x_wconf 82' lang='lat' dir='ltr'><strong>sidia</strong></span> <span class='ocrx_word' id='word_1_737' title='bbox 647 5106 885 5158; x_wconf 81' lang='lat' dir='ltr'><strong>sanctos</strong></span> <span class='ocrx_word' id='word_1_738' title='bbox 931 5097 1229 5178; x_wconf 85' lang='lat' dir='ltr'><strong>apostolos</strong></span> <span class='ocrx_word' id='word_1_739' title='bbox 1275 5096 1444 5170; x_wconf 87' lang='lat' dir='ltr'><strong>dicit,</strong></span> <span class='ocrx_word' id='word_1_740' title='bbox 1478 5094 1603 5175; x_wconf 90' lang='lat' dir='ltr'><strong>qui.</strong></span> <span class='ocrx_word' id='word_1_741' title='bbox 1642 5095 1743 5158; x_wconf 90' lang='lat' dir='ltr'><strong>illo</strong></span> <span class='ocrx_word' id='word_1_742' title='bbox 1789 5097 2102 5170; x_wconf 89' lang='lat' dir='ltr'><strong>derelicto,</strong></span> 
     </span>
    </p>
   </div>
   <div class='ocr_carea' id='block_1_100' title="bbox 464 5183 2105 5267">
    <p class='ocr_par' dir='ltr' id='par_1_100' title="bbox 464 5183 2105 5267">
     <span class='ocr_line' id='line_1_100' title="bbox 464 5183 2105 5267; baseline 0.001 -21"><span class='ocrx_word' id='word_1_743' title='bbox 464 5185 745 5265; x_wconf 82' lang='lat' dir='ltr'><strong>fugerunt</strong></span> <span class='ocrx_word' id='word_1_744' title='bbox 774 5205 983 5248; x_wconf 87' lang='lat' dir='ltr'><strong>omnes</strong></span> <span class='ocrx_word' id='word_1_745' title='bbox 1013 5195 1174 5248; x_wconf 89' lang='lat' dir='ltr'><strong>metu</strong></span> <span class='ocrx_word' id='word_1_746' title='bbox 1207 5185 1467 5266; x_wconf 88' lang='lat' dir='ltr'><strong>perculsi</strong></span> <span class='ocrx_word' id='word_1_747' title='bbox 1497 5183 1648 5258; x_wconf 67' lang='lat' dir='ltr'><strong>“,ac</strong></span> <span class='ocrx_word' id='word_1_748' title='bbox 1673 5195 1990 5267; x_wconf 89' lang='lat' dir='ltr'><strong>propterea</strong></span> <span class='ocrx_word' id='word_1_749' title='bbox 2019 5187 2105 5248; x_wconf 91' lang='lat' dir='ltr'><strong>di-</strong></span> 
     </span>
    </p>
   </div>
   <div class='ocr_carea' id='block_1_101' title="bbox 466 5273 1833 5356">
    <p class='ocr_par' dir='ltr' id='par_1_101' title="bbox 466 5273 1833 5356">
     <span class='ocr_line' id='line_1_101' title="bbox 466 5273 1833 5356; baseline 0.001 -20"><span class='ocrx_word' id='word_1_750' title='bbox 466 5275 546 5336; x_wconf 90' lang='lat' dir='ltr'><strong>cit</strong></span> <span class='ocrx_word' id='word_1_751' title='bbox 579 5296 594 5338; x_wconf 90' lang='lat'><strong>:</strong></span> <span class='ocrx_word' id='word_1_752' title='bbox 621 5274 890 5338; x_wconf 85' lang='lat' dir='ltr'><strong>Posuisti</strong></span> <span class='ocrx_word' id='word_1_753' title='bbox 917 5277 1217 5356; x_wconf 74' lang='lat' dir='ltr'><strong>praesidia</strong></span> <span class='ocrx_word' id='word_1_754' title='bbox 1248 5278 1378 5354; x_wconf 88' lang='lat' dir='ltr'><strong>ejus</strong></span> <span class='ocrx_word' id='word_1_755' title='bbox 1407 5273 1833 5353; x_wconf 84' lang='lat' dir='ltr'><strong>formidinem.</strong></span> 
     </span>
    </p>
   </div>
   <div class='ocr_carea' id='block_1_102' title="bbox 545 5451 2106 5534">
    <p class='ocr_par' dir='ltr' id='par_1_102' title="bbox 545 5451 2106 5534">
     <span class='ocr_line' id='line_1_102' title="bbox 545 5451 2106 5534; baseline 0.003 -19"><span class='ocrx_word' id='word_1_756' title='bbox 545 5451 646 5529; x_wconf 75' lang='grc'><strong>42,</strong></span> <span class='ocrx_word' id='word_1_757' title='bbox 681 5453 780 5516; x_wconf 73' lang='grc'><strong>43.</strong></span> <span class='ocrx_word' id='word_1_758' title='bbox 809 5451 1220 5534; x_wconf 84' lang='lat' dir='ltr'><strong>Diripuerunt</strong></span> <span class='ocrx_word' id='word_1_759' title='bbox 1239 5469 1398 5515; x_wconf 88' lang='lat' dir='ltr'><strong>eum.</strong></span> <span class='ocrx_word' id='word_1_760' title='bbox 1413 5500 1421 5510; x_wconf 95' lang='lat'><strong>.</strong></span> <span class='ocrx_word' id='word_1_761' title='bbox 1439 5451 1869 5532; x_wconf 77' lang='lat' dir='ltr'><strong>...La=ztiﬁcasti</strong></span> <span class='ocrx_word' id='word_1_762' title='bbox 1897 5471 2106 5519; x_wconf 88' lang='lat' dir='ltr'><strong>omnes</strong></span> 
     </span>
    </p>
   </div>
   <div class='ocr_carea' id='block_1_103' title="bbox 2193 4368 3796 4460">
    <p class='ocr_par' dir='ltr' id='par_1_103' title="bbox 2193 4368 3796 4460">
     <span class='ocr_line' id='line_1_103' title="bbox 2193 4368 3796 4460; baseline -0.009 -19"><span class='ocrx_word' id='word_1_763' title='bbox 2193 4386 2441 4459; x_wconf 84' lang='grc' dir='ltr'>ἐνομίσθη</span> <span class='ocrx_word' id='word_1_764' title='bbox 2473 4368 2590 4447; x_wconf 74' lang='grc' dir='ltr'>τοῖς</span> <span class='ocrx_word' id='word_1_765' title='bbox 2641 4383 2970 4460; x_wconf 81' lang='grc' dir='ltr'>παρανόμοις</span> <span class='ocrx_word' id='word_1_766' title='bbox 3005 4369 3305 4442; x_wconf 61' lang='grc' dir='ltr'>Ἰουδαίοις,</span> <span class='ocrx_word' id='word_1_767' title='bbox 3355 4377 3505 4434; x_wconf 79' lang='grc' dir='ltr'>Ἀλλ’</span> <span class='ocrx_word' id='word_1_768' title='bbox 3535 4377 3594 4432; x_wconf 71' lang='grc' dir='ltr'><strong>οὗ</strong></span> <span class='ocrx_word' id='word_1_769' title='bbox 3637 4368 3796 4448; x_wconf 80' lang='grc' dir='ltr'>μεμέ-</span> 
     </span>
    </p>
   </div>
   <div class='ocr_carea' id='block_1_104' title="bbox 2153 4464 3803 4552">
    <p class='ocr_par' dir='ltr' id='par_1_104' title="bbox 2153 4464 3803 4552">
     <span class='ocr_line' id='line_1_104' title="bbox 2153 4464 3803 4552; baseline -0.008 -21"><span class='ocrx_word' id='word_1_770' title='bbox 2153 4496 2323 4541; x_wconf 86' lang='grc' dir='ltr'>-νηκε</span> <span class='ocrx_word' id='word_1_771' title='bbox 2379 4476 2584 4552; x_wconf 78' lang='grc' dir='ltr'>νεκρὸς,</span> <span class='ocrx_word' id='word_1_772' title='bbox 2637 4474 2664 4528; x_wconf 74' lang='grc' dir='ltr'><strong>ὃ</strong></span> <span class='ocrx_word' id='word_1_773' title='bbox 2723 4475 2778 4528; x_wconf 65' lang='grc' dir='ltr'>ἓν</span> <span class='ocrx_word' id='word_1_774' title='bbox 2831 4485 3040 4550; x_wconf 76' lang='grc' dir='ltr'>νεκροῖς</span> <span class='ocrx_word' id='word_1_775' title='bbox 3099 4469 3368 4546; x_wconf 74' lang='grc' dir='ltr'>ἒλεύθερος</span> <span class='ocrx_word' id='word_1_776' title='bbox 3411 4467 3544 4524; x_wconf 83' lang='grc' dir='ltr'>κατᾶ</span> <span class='ocrx_word' id='word_1_777' title='bbox 3599 4464 3693 4528; x_wconf 83' lang='grc' dir='ltr'>τὴν</span> <span class='ocrx_word' id='word_1_778' title='bbox 3720 4467 3803 4552; x_wconf 75' lang='grc' dir='ltr'><strong>τοῦ</strong></span> 
     </span>
    </p>
   </div>
   <div class='ocr_carea' id='block_1_105' title="bbox 2191 4546 3799 4642">
    <p class='ocr_par' dir='ltr' id='par_1_105' title="bbox 2191 4546 3799 4642">
     <span class='ocr_line' id='line_1_105' title="bbox 2191 4546 3799 4642; baseline -0.024 -4"><span class='ocrx_word' id='word_1_779' title='bbox 2191 4563 2465 4642; x_wconf 74' lang='grc' dir='ltr'>προφήτου</span> <span class='ocrx_word' id='word_1_780' title='bbox 2509 4566 2687 4642; x_wconf 64' lang='grc' dir='ltr'>φωνὴν</span> <span class='ocrx_word' id='word_1_781' title='bbox 2725 4579 2738 4593; x_wconf 88' lang='grc'><strong><em>⁸</em></strong></span> <span class='ocrx_word' id='word_1_782' title='bbox 2803 4561 2922 4618; x_wconf 68' lang='grc' dir='ltr'>οὔτε</span> <span class='ocrx_word' id='word_1_783' title='bbox 2979 4563 3084 4632; x_wconf 77' lang='grc' dir='ltr'>μὴν</span> <span class='ocrx_word' id='word_1_784' title='bbox 3144 4556 3349 4622; x_wconf 75' lang='grc' dir='ltr'>ἀδοξίαν</span> <span class='ocrx_word' id='word_1_785' title='bbox 3395 4556 3512 4612; x_wconf 79' lang='grc' dir='ltr'>τινὰ</span> <span class='ocrx_word' id='word_1_786' title='bbox 3539 4546 3799 4630; x_wconf 79' lang='grc' dir='ltr'>προσετρί-</span> 
     </span>
    </p>
   </div>
   <div class='ocr_carea' id='block_1_106' title="bbox 2192 4638 3802 4728">
    <p class='ocr_par' dir='ltr' id='par_1_106' title="bbox 2192 4638 3802 4728">
     <span class='ocr_line' id='line_1_106' title="bbox 2192 4638 3802 4728; baseline -0.021 -5"><span class='ocrx_word' id='word_1_787' title='bbox 2192 4638 2331 4728; x_wconf 64' lang='grc' dir='ltr'>ψὰτὸ</span> <span class='ocrx_word' id='word_1_788' title='bbox 2385 4655 2445 4708; x_wconf 76' lang='grc' dir='ltr'>τὸ</span> <span class='ocrx_word' id='word_1_789' title='bbox 2498 4638 2661 4714; x_wconf 71' lang='grc' dir='ltr'>τὲάοος</span> <span class='ocrx_word' id='word_1_790' title='bbox 2722 4652 2884 4725; x_wconf 75' lang='grc' dir='ltr'>αὑτῷ,</span> <span class='ocrx_word' id='word_1_791' title='bbox 2935 4649 3051 4706; x_wconf 79' lang='grc' dir='ltr'>ἀλλ’</span> <span class='ocrx_word' id='word_1_792' title='bbox 3107 4647 3357 4713; x_wconf 79' lang='grc' dir='ltr'>ἐδοξάσθη</span> <span class='ocrx_word' id='word_1_793' title='bbox 3395 4638 3692 4720; x_wconf 85' lang='grc' dir='ltr'>μᾶλλονδιὰ</span> <span class='ocrx_word' id='word_1_794' title='bbox 3723 4639 3802 4689; x_wconf 82' lang='grc' dir='ltr'>τοῦ</span> 
     </span>
    </p>
   </div>
   <div class='ocr_carea' id='block_1_107' title="bbox 2189 4732 3798 4820">
    <p class='ocr_par' dir='ltr' id='par_1_107' title="bbox 2189 4732 3798 4820">
     <span class='ocr_line' id='line_1_107' title="bbox 2189 4732 3798 4820; baseline -0.012 -22"><span class='ocrx_word' id='word_1_795' title='bbox 2189 4746 2527 4820; x_wconf 79' lang='grc' dir='ltr'>καταργῆσαι</span> <span class='ocrx_word' id='word_1_796' title='bbox 2559 4742 2649 4796; x_wconf 82' lang='grc' dir='ltr'><strong>τὸν</strong></span> <span class='ocrx_word' id='word_1_797' title='bbox 2685 4741 2744 4796; x_wconf 84' lang='grc' dir='ltr'>τὸ</span> <span class='ocrx_word' id='word_1_798' title='bbox 2774 4739 2966 4818; x_wconf 64' lang='grc' dir='ltr'>κράτος</span> <span class='ocrx_word' id='word_1_799' title='bbox 3012 4739 3212 4818; x_wconf 79' lang='grc' dir='ltr'>’έχοντα</span> <span class='ocrx_word' id='word_1_800' title='bbox 3267 4741 3357 4790; x_wconf 82' lang='grc' dir='ltr'>τοῦ</span> <span class='ocrx_word' id='word_1_801' title='bbox 3387 4732 3626 4806; x_wconf 58' lang='grc' dir='ltr'>θανάτου,</span> <span class='ocrx_word' id='word_1_802' title='bbox 3657 4744 3798 4820; x_wconf 49' lang='grc' dir='ltr'>του-ετ</span> 
     </span>
    </p>
   </div>
   <div class='ocr_carea' id='block_1_108' title="bbox 2196 4811 3800 4906">
    <p class='ocr_par' dir='ltr' id='par_1_108' title="bbox 2196 4811 3800 4906">
     <span class='ocr_line' id='line_1_108' title="bbox 2196 4811 3800 4906; baseline -0.008 -19"><span class='ocrx_word' id='word_1_803' title='bbox 2196 4831 2305 4887; x_wconf 84' lang='grc' dir='ltr'>ἐστί</span> <span class='ocrx_word' id='word_1_804' title='bbox 2355 4832 2444 4886; x_wconf 82' lang='grc' dir='ltr'>τὸν</span> <span class='ocrx_word' id='word_1_805' title='bbox 2471 4827 2738 4903; x_wconf 77' lang='grc' dir='ltr'>διάϐολον,</span> <span class='ocrx_word' id='word_1_806' title='bbox 2773 4832 2862 4884; x_wconf 80' lang='grc' dir='ltr'><strong>καὶ</strong></span> <span class='ocrx_word' id='word_1_807' title='bbox 2893 4827 3240 4906; x_wconf 80' lang='grc' dir='ltr'>ἐλευθερῶσαι</span> <span class='ocrx_word' id='word_1_808' title='bbox 3287 4830 3390 4880; x_wconf 88' lang='grc' dir='ltr'><strong>τῶν</strong></span> <span class='ocrx_word' id='word_1_809' title='bbox 3435 4818 3707 4898; x_wconf 76' lang='grc' dir='ltr'>ἀνθρώπων</span> <span class='ocrx_word' id='word_1_810' title='bbox 3745 4811 3800 4866; x_wconf 72' lang='grc' dir='ltr'><strong>τὸ</strong></span> 
     </span>
    </p>
   </div>
   <div class='ocr_carea' id='block_1_109' title="bbox 2195 4912 3624 4998">
    <p class='ocr_par' dir='ltr' id='par_1_109' title="bbox 2195 4912 3624 4998">
     <span class='ocr_line' id='line_1_109' title="bbox 2195 4912 3624 4998; baseline -0.008 -23"><span class='ocrx_word' id='word_1_811' title='bbox 2195 4920 2370 4998; x_wconf 82' lang='grc' dir='ltr'>γένος.</span> <span class='ocrx_word' id='word_1_812' title='bbox 2406 4917 2555 4984; x_wconf 79' lang='grc' dir='ltr'>Πλὴν</span> <span class='ocrx_word' id='word_1_813' title='bbox 2589 4919 2650 4974; x_wconf 77' lang='grc' dir='ltr'>τὰ</span> <span class='ocrx_word' id='word_1_814' title='bbox 2672 4915 3043 4993; x_wconf 70' lang='grc' dir='ltr'>συμϐεϐηκότα</span> <span class='ocrx_word' id='word_1_815' title='bbox 3073 4917 3229 4996; x_wconf 73' lang='grc' dir='ltr'>φασὶν</span> <span class='ocrx_word' id='word_1_816' title='bbox 3260 4916 3306 4970; x_wconf 79' lang='grc' dir='ltr'>οἱ</span> <span class='ocrx_word' id='word_1_817' title='bbox 3335 4912 3624 4992; x_wconf 73' lang='grc' dir='ltr'>προφῆται.</span> 
     </span>
    </p>
   </div>
   <div class='ocr_carea' id='block_1_110' title="bbox 2279 4999 3797 5085">
    <p class='ocr_par' dir='ltr' id='par_1_110' title="bbox 2279 4999 3797 5085">
     <span class='ocr_line' id='line_1_110' title="bbox 2279 4999 3797 5085; baseline -0.007 -20"><span class='ocrx_word' id='word_1_818' title='bbox 2279 5007 2531 5073; x_wconf 80' lang='grc' dir='ltr'>Καθεϊλες</span> <span class='ocrx_word' id='word_1_819' title='bbox 2593 5007 2794 5072; x_wconf 85' lang='grc' dir='ltr'>πάντας</span> <span class='ocrx_word' id='word_1_820' title='bbox 2877 5008 2999 5070; x_wconf 79' lang='grc' dir='ltr'>τοὺς</span> <span class='ocrx_word' id='word_1_821' title='bbox 3081 5003 3351 5085; x_wconf 61' lang='grc' dir='ltr'>φραγμοὺς</span> <span class='ocrx_word' id='word_1_822' title='bbox 3409 5001 3584 5058; x_wconf 78' lang='grc' dir='ltr'>αὐτοῦ.</span> <span class='ocrx_word' id='word_1_823' title='bbox 3661 4999 3797 5085; x_wconf 62' lang='grc' dir='ltr'><strong>(ξρα-</strong></span> 
     </span>
    </p>
   </div>
   <div class='ocr_carea' id='block_1_111' title="bbox 2193 5079 3794 5177">
    <p class='ocr_par' dir='ltr' id='par_1_111' title="bbox 2193 5079 3794 5177">
     <span class='ocr_line' id='line_1_111' title="bbox 2193 5079 3794 5177; baseline -0.017 -12"><span class='ocrx_word' id='word_1_824' title='bbox 2193 5099 2359 5177; x_wconf 73' lang='grc' dir='ltr'>γιιοὺς</span> <span class='ocrx_word' id='word_1_825' title='bbox 2415 5098 2570 5154; x_wconf 77' lang='grc' dir='ltr'>αὑτοῦ</span> <span class='ocrx_word' id='word_1_826' title='bbox 2599 5098 2686 5154; x_wconf 85' lang='grc' dir='ltr'><strong>καὶ</strong></span> <span class='ocrx_word' id='word_1_827' title='bbox 2734 5097 3062 5175; x_wconf 83' lang='grc' dir='ltr'>ὀχυρώματα</span> <span class='ocrx_word' id='word_1_828' title='bbox 3095 5079 3220 5155; x_wconf 71' lang='grc' dir='ltr'>τοὺς</span> <span class='ocrx_word' id='word_1_829' title='bbox 3270 5091 3449 5168; x_wconf 77' lang='grc' dir='ltr'>ἁγίους</span> <span class='ocrx_word' id='word_1_830' title='bbox 3495 5079 3794 5177; x_wconf 69' lang='grc' dir='ltr'>ἂποστόλους</span> 
     </span>
    </p>
   </div>
   <div class='ocr_carea' id='block_1_112' title="bbox 2187 5168 3794 5269">
    <p class='ocr_par' dir='ltr' id='par_1_112' title="bbox 2187 5168 3794 5269">
     <span class='ocr_line' id='line_1_112' title="bbox 2187 5168 3794 5269; baseline -0.012 -24"><span class='ocrx_word' id='word_1_831' title='bbox 2187 5168 2370 5269; x_wconf 68' lang='grc' dir='ltr'>ιρησὶν,</span> <span class='ocrx_word' id='word_1_832' title='bbox 2406 5187 2462 5243; x_wconf 70' lang='grc' dir='ltr'><strong>οἳ</strong></span> <span class='ocrx_word' id='word_1_833' title='bbox 2502 5187 2610 5258; x_wconf 84' lang='grc' dir='ltr'>καὶ,</span> <span class='ocrx_word' id='word_1_834' title='bbox 2673 5168 2868 5248; x_wconf 76' lang='grc' dir='ltr'>πάντες</span> <span class='ocrx_word' id='word_1_835' title='bbox 2919 5185 3139 5265; x_wconf 78' lang='grc' dir='ltr'>ἀφεντες</span> <span class='ocrx_word' id='word_1_836' title='bbox 3183 5182 3364 5269; x_wconf 54' lang='grc' dir='ltr'>αῇτὸν,</span> <span class='ocrx_word' id='word_1_837' title='bbox 3397 5177 3580 5255; x_wconf 76' lang='grc' dir='ltr'>ἔφυγον</span> <span class='ocrx_word' id='word_1_838' title='bbox 3609 5168 3794 5269; x_wconf 73' lang='grc' dir='ltr'>δειλιά-</span> 
     </span>
    </p>
   </div>
   <div class='ocr_carea' id='block_1_113' title="bbox 2188 5259 3792 5353">
    <p class='ocr_par' dir='ltr' id='par_1_113' title="bbox 2188 5259 3792 5353">
     <span class='ocr_line' id='line_1_113' title="bbox 2188 5259 3792 5353; baseline -0.011 -21"><span class='ocrx_word' id='word_1_839' title='bbox 2188 5259 2374 5338; x_wconf 77' lang='grc' dir='ltr'>σαντες</span> <span class='ocrx_word' id='word_1_840' title='bbox 2406 5291 2420 5305; x_wconf 85' lang='grc'>⁶</span> <span class='ocrx_word' id='word_1_841' title='bbox 2457 5275 2544 5330; x_wconf 84' lang='grc' dir='ltr'><strong>καὶ</strong></span> <span class='ocrx_word' id='word_1_842' title='bbox 2587 5271 2672 5330; x_wconf 81' lang='grc' dir='ltr'><strong>διὰ</strong></span> <span class='ocrx_word' id='word_1_843' title='bbox 2732 5280 2889 5331; x_wconf 83' lang='grc' dir='ltr'>τοῦτο</span> <span class='ocrx_word' id='word_1_844' title='bbox 2947 5259 3112 5353; x_wconf 64' lang='grc' dir='ltr'>ςρησιν</span> <span class='ocrx_word' id='word_1_845' title='bbox 3139 5286 3153 5304; x_wconf 90' lang='grc'><strong>·</strong></span> <span class='ocrx_word' id='word_1_846' title='bbox 3191 5260 3365 5326; x_wconf 77' lang='grc' dir='ltr'>’Ἐθου</span> <span class='ocrx_word' id='word_1_847' title='bbox 3395 5267 3459 5323; x_wconf 80' lang='grc' dir='ltr'>τὰ</span> <span class='ocrx_word' id='word_1_848' title='bbox 3490 5259 3792 5343; x_wconf 75' lang='grc' dir='ltr'>ὀχυρώματα</span> 
     </span>
    </p>
   </div>
   <div class='ocr_carea' id='block_1_114' title="bbox 2189 5363 2590 5426">
    <p class='ocr_par' dir='ltr' id='par_1_114' title="bbox 2189 5363 2590 5426">
     <span class='ocr_line' id='line_1_114' title="bbox 2189 5363 2590 5426; baseline -0.007 -4"><span class='ocrx_word' id='word_1_849' title='bbox 2189 5365 2344 5424; x_wconf 66' lang='grc' dir='ltr'>αὐτοῦ</span> <span class='ocrx_word' id='word_1_850' title='bbox 2372 5363 2590 5426; x_wconf 89' lang='grc' dir='ltr'>δειλίαν,</span> 
     </span>
    </p>
   </div>
   <div class='ocr_carea' id='block_1_115' title="bbox 2270 5433 3790 5534">
    <p class='ocr_par' dir='ltr' id='par_1_115' title="bbox 2270 5433 3790 5534">
     <span class='ocr_line' id='line_1_115' title="bbox 2270 5433 3790 5534; baseline -0.008 -23"><span class='ocrx_word' id='word_1_851' title='bbox 2270 5455 2569 5534; x_wconf 74' lang='grc' dir='ltr'>Διῆρπαζον</span> <span class='ocrx_word' id='word_1_852' title='bbox 2633 5453 2790 5510; x_wconf 74' lang='grc' dir='ltr'>αὑτὸν</span> <span class='ocrx_word' id='word_1_853' title='bbox 2824 5498 2835 5510; x_wconf 97' lang='grc'><strong><em>.</em></strong></span> <span class='ocrx_word' id='word_1_854' title='bbox 2874 5500 2888 5515; x_wconf 93' lang='grc'><strong>.</strong></span> <span class='ocrx_word' id='word_1_855' title='bbox 2927 5493 2943 5513; x_wconf 88' lang='grc'><strong>.</strong></span> <span class='ocrx_word' id='word_1_856' title='bbox 2985 5501 2999 5514; x_wconf 91' lang='grc'><strong>.</strong></span> <span class='ocrx_word' id='word_1_857' title='bbox 3036 5497 3051 5512; x_wconf 96' lang='grc'>.</span> <span class='ocrx_word' id='word_1_858' title='bbox 3113 5449 3386 5530; x_wconf 75' lang='grc' dir='ltr'>Εὕφρανας</span> <span class='ocrx_word' id='word_1_859' title='bbox 3449 5443 3636 5501; x_wconf 79' lang='grc' dir='ltr'>πύντας</span> <span class='ocrx_word' id='word_1_860' title='bbox 3683 5433 3790 5493; x_wconf 72' lang='grc' dir='ltr'><strong>τοὺς</strong></span> 
     </span>
    </p>
   </div>
   <div class='ocr_carea' id='block_1_116' title="bbox 544 5590 3784 5695">
    <p class='ocr_par' dir='ltr' id='par_1_116' title="bbox 544 5590 3784 5695">
     <span class='ocr_line' id='line_1_116' title="bbox 544 5590 3784 5695; baseline -0.006 -21"><span class='ocrx_word' id='word_1_861' title='bbox 544 5614 608 5665; x_wconf 78' lang='lat'><strong>50</strong></span> <span class='ocrx_word' id='word_1_862' title='bbox 639 5612 790 5674; x_wconf 81' lang='lat' dir='ltr'><strong>Peal.</strong></span> <span class='ocrx_word' id='word_1_863' title='bbox 826 5630 1022 5695; x_wconf 74' lang='lat' dir='ltr'><strong>ensi,</strong></span> <span class='ocrx_word' id='word_1_864' title='bbox 1053 5616 1152 5677; x_wconf 81' lang='grc'><strong>11.</strong></span> <span class='ocrx_word' id='word_1_865' title='bbox 1237 5613 1287 5656; x_wconf 80' lang='grc'>⁵¹</span> <span class='ocrx_word' id='word_1_866' title='bbox 1325 5617 1498 5677; x_wconf 84' lang='lat' dir='ltr'><strong>Rom.</strong></span> <span class='ocrx_word' id='word_1_867' title='bbox 1525 5630 1650 5694; x_wconf 83' lang='lat' dir='ltr'><strong>vni,</strong></span> <span class='ocrx_word' id='word_1_868' title='bbox 1683 5615 1782 5676; x_wconf 72' lang='lat'><strong>32.</strong></span> <span class='ocrx_word' id='word_1_869' title='bbox 1869 5613 1922 5656; x_wconf 69' lang='lat'><strong>53</strong></span> <span class='ocrx_word' id='word_1_870' title='bbox 1951 5615 2390 5688; x_wconf 79' lang='lat' dir='ltr'><strong>Psal.Lxxxvu,</strong></span> <span class='ocrx_word' id='word_1_871' title='bbox 2425 5617 2486 5674; x_wconf 82' lang='lat'>6.</span> <span class='ocrx_word' id='word_1_872' title='bbox 2574 5611 2626 5656; x_wconf 80' lang='grc'><strong>⁵³</strong></span> <span class='ocrx_word' id='word_1_873' title='bbox 2654 5612 2836 5677; x_wconf 86' lang='lat' dir='ltr'><strong>Hebr.</strong></span> <span class='ocrx_word' id='word_1_874' title='bbox 2875 5630 2940 5687; x_wconf 87' lang='grc' dir='ltr'><strong>ιι,</strong></span> <span class='ocrx_word' id='word_1_875' title='bbox 2969 5613 3046 5674; x_wconf 78' lang='grc'>14</span> <span class='ocrx_word' id='word_1_876' title='bbox 3153 5605 3208 5652; x_wconf 76' lang='grc'><strong><em>⁵⁸</em></strong></span> <span class='ocrx_word' id='word_1_877' title='bbox 3237 5605 3441 5670; x_wconf 81' lang='lat' dir='ltr'><strong>Matth.</strong></span> <span class='ocrx_word' id='word_1_878' title='bbox 3503 5613 3654 5670; x_wconf 66' lang='lat' dir='ltr'><strong>xum,</strong></span> <span class='ocrx_word' id='word_1_879' title='bbox 3697 5590 3784 5656; x_wconf 82' lang='lat'><strong>56.</strong></span> 
     </span>
    </p>
   </div>
   <div class='ocr_carea' id='block_1_117' title="bbox 549 5719 1408 5804">
    <p class='ocr_par' dir='ltr' id='par_1_117' title="bbox 549 5719 1408 5804">
     <span class='ocr_line' id='line_1_117' title="bbox 549 5719 1408 5804; baseline 0 -18"><span class='ocrx_word' id='word_1_880' title='bbox 549 5721 680 5804; x_wconf 84' lang='grc'><strong>(40)</strong></span> <span class='ocrx_word' id='word_1_881' title='bbox 713 5719 1095 5786; x_wconf 78' lang='lat' dir='ltr'><strong>Desideratur</strong></span> <span class='ocrx_word' id='word_1_882' title='bbox 1112 5723 1212 5790; x_wconf 79' lang='grc' dir='ltr'><strong>ὡς.</strong></span> <span class='ocrx_word' id='word_1_883' title='bbox 1243 5719 1408 5786; x_wconf 83' lang='lat' dir='ltr'><strong>Em&#39;r.</strong></span> 
     </span>
    </p>
   </div>
  </div>
