3992 6208
507 298 623 366 395
1302 305 1364 369 S.
1414 304 1840 375 ATHANASII
1887 312 2054 377 OPP.
2101 308 2316 378 PARS.
2365 315 2474 381 III.
2525 353 2600 364 —
2653 311 3108 387 EXEGETICA.
3769 327 3887 396 396

507 455 641 500 esse
673 456 836 500 mors
867 446 927 500 et
956 439 1195 538 sanguis
1223 439 1434 538 ipsius,
1470 441 1894 538 qui-datusest
1924 454 1982 509 in
2015 466 2102 530 ρι’(

2200 473 2320 506 ινον
2373 457 2472 519 της
2530 455 2622 510 τού
2688 457 2892 530 κόσμου
2947 458 3238 536 σωτηρίαςθ
3301 463 3330 518 ὃ
3401 464 3490 520 καὶ
3551 462 3824 523 ὠνείδισαν
3858 514 3873 538 ,

511 529 659 590 tium
694 547 800 608 pro
834 527 1039 588 mundi
1063 528 1274 629 salute.
1305 528 1615 630 Ejusmodi
1648 535 1904 630 pretium
1938 527 2102 630 illi-ei

2231 539 2700 616 ὑπολαμϐάνοντες
2774 527 2930 603 eam
2991 527 3346 628 κεκρατῆσθαι
3430 555 3661 630 θανάτῳ.
3747 527 3876 614 All;

509 617 961 698 probraverunt,
987 618 1265 698 suspicati
1305 637 1437 679 eum
1492 621 1599 681 sub
1656 625 1866 686 mortis
1899 627 2102 708 imperi

2234 631 2328 686 οὒκ
2396 631 2682 708 ἀπέμεινεν
2748 638 2775 691 ὸ
2835 636 2890 692 ἐν
2975 617 3182 718 νεκροῖς
3216 617 3221 618 7
3260 640 3498 722 ἐλεύθρος
3556 617 3750 713 ἀνέστη
3822 645 3876 703 δὲ

505 708 711 771 fuisse.
749 706 862 770 Sed
890 725 1009 767 non
1046 707 1330 768 remansit
1365 711 1421 769 in
1461 728 1529 771 ea
1561 712 1658 791 qui
1695 723 1786 774 est
1808 720 1962 776 inter
1987 706 2102 779 mel

2234 717 2450 812 μᾷλλον
2507 706 2816 803 τριήμερος,
2878 728 2969 782 Διὸ
3046 706 3132 785 iisti
3203 706 3565 812 ἐπισφραγίξει
3623 736 3652 790 ὁ
3726 706 3874 812 ἀναλ-

504 807 634 859 tuos
671 798 843 877 liber,
882 796 986 858 sed
1021 797 1215 877 potius
1247 797 1418 859 tertia
1449 797 1547 859 die
1576 803 1925 867 resurrexit.
1959 803 2151 877 Quare
2233 810 2332 881 μὸς
2390 810 2474 872 τί.

505 896 688 949 totum
723 887 996 965 obsignat
1025 885 1319 966 psalmum
1343 888 1402 948 in
1429 887 1554 950 hzec
1582 890 1760 952 verba
1790 891 2145 958 desinendo:

583 979 681 1041 53.
711 976 1073 1038 Benedictus
1099 977 1387 1037 Dominus
1418 983 1484 1038 in
1509 987 1821 1055 detentum,
1847 982 1980 1060 ﬁat,
2012 984 2102 1063 ﬁat

2311 985 2613 1066 Εὐλογητὸς
2669 993 2853 1072 Κύριος
2909 997 2982 1060 εἷς
3027 999 3119 1052 τὸν
3167 1000 3349 1072 αἰῶνα,
3385 999 3868 1083 γένοιτο,γένοιτο.

498 1065 972 1140 Quasividelicet
1009 1064 1112 1125 ille
1137 1065 1259 1143 jam
1298 1069 1692 1129 resurrexerit
1723 1080 1779 1130 et
1809 1073 2102 1135 ascender

2463 1064 2472 1066 _
2744 1064 2753 1072 u
3335 1064 3347 1072 ’
3397 1064 3408 1076 ⁸
3601 1064 3617 1083 1
3653 1064 3663 1083 Ι
3855 1064 3867 1067 ’

2230 1076 2321 1140 Ὠς
2351 1076 2669 1142 ἀναστάντος
2700 1080 2804 1150 ἤδη
2837 1086 2996 1142 αύτοῦ
3024 1089 3112 1142 καὶ
3139 1086 3449 1153 ἀνελθόντος
3503 1093 3579 1154 εἰς
3626 1095 3746 1157 τοὺς
3778 1099 3876 1154 οὗ·

503 1157 560 1216 in
588 1155 798 1234 ctelos,
835 1163 894 1215 et
926 1153 1279 1215 benedictus
1315 1155 1513 1225 fuerit,
1535 1156 1596 1216 id
1628 1168 1740 1233 est,
1767 1162 2102 1224 confession

2227 1168 2435 1259 ρανοὺς,
2482 1171 2571 1225 καὶ
2621 1169 3032 1254 εὖλογουμὲνου,
3086 1175 3204 1243 ἤτοι
3263 1153 3748 1259 ἐξομολογουμένου
3806 1188 3876 1251 είς

497 1245 832 1307 celebratus
861 1242 1038 1305 fuerit
1063 1243 1123 1302 in
1156 1243 1372 1306 saecula
1399 1263 1532 1306 cum
1561 1247 1736 1309 Patre
1765 1269 1902 1313 suo.

2224 1256 2345 1318 τοὺς
2378 1258 2571 1324 αἰῶνας
2606 1242 2867 1335 μετὰντόύ
2896 1242 3032 1319 ἱδίού
3061 1268 3290 1346 Πατρός.

621 1347 674 1402 1.
709 1336 924 1401 Oratio
960 1337 1191 1433 Moysis
1223 1336 1489 1399 hominis
1526 1338 1653 1401 Dei.
1691 1340 2016 1405 LXXXIX.

2349 1350 2630 1428 Προσευχή
2683 1352 2946 1416 Μωϋσέως
2995 1336 3273 1433 ἀνθρώπου
3301 1365 3393 1416 τοῦ
3423 1367 3576 1421 Θεοῦ.
3614 1362 3744 1426 ΠΘ’.

1073 1431 1116 1490 Α
1129 1440 1544 1511 rgumentum.
2891 1431 3188 1509 ’rno'osotc.

494 1530 682 1603 Hanc,
717 1534 820 1609 ait,
852 1526 1182 1588 orationem
1213 1526 1272 1586 in
1299 1528 1529 1588 arcanis
1561 1527 1956 1609 descripsisse
1990 1533 2102 1614 M0]

2223 1526 2456 1606 Ταύτην,
2519 1530 2672 1607 φησὶ,
2716 1530 2817 1596 τὴν
2867 1535 3174 1614 προσευχὴν
3235 1535 3289 1590 ἐν
3346 1537 3662 1617 ἀποῤῥήτοις
3731 1543 3872 1600 ἀνα-

573 1637 702 1693 sen,
732 1626 793 1678 ut
824 1616 923 1696 qui
983 1615 1492 1710 consequentibus
1552 1618 1918 1710 temporibus
1958 1621 2102 1710 futui

2300 1616 2537 1696 γραφότα
2591 1619 2682 1673 τὸν
2742 1618 2939 1676 Μωσέα
2988 1620 3337 1702 παρπιδοῦνςιι⁸
3399 1615 3544 1691 ὅπως
3575 1629 3638 1685 ἂν
3681 1629 3868 1710 ἔχοιεν

571 1717 739 1770 erant
768 1718 1036 1785 nossent,
1070 1704 1368 1783 quomodo
1404 1713 1704 1787 oporteret
1733 1708 2004 1771 conﬁteri
2034 1710 2102 1773 de

2298 1705 2344 1759 οἱ
2405 1707 2541 1760 κατὰ
2605 1709 2819 1785 καιροὺς
2875 1708 3100 1792 εῖδέναι,
3165 1717 3280 1778 πῶς
3355 1713 3440 1772 δεῖ
3497 1720 3683 1782 αὐτοὺς
3739 1719 3865 1785 ἐξο-

571 1799 768 1879 lapsos
827 1797 886 1857 in
943 1793 1332 1887 calamitates,
1369 1795 1684 1877 quaeipsis
1739 1798 1799 1858 in
1853 1801 2100 1862 extremi

2300 1799 2651 1871 μολογεϊσθαι
2709 1797 3092 1875 περιπεσόντας
3123 1816 3245 1868 ταῖς
3297 1820 3619 1885 συμφοραῖς,
3663 1809 3722 1864 αἶ
3767 1831 3868 1887 γε-

571 1885 943 1969 temporibus
1025 1883 1394 1975 acciderunt,
1483 1895 1791 1966 postquam
1884 1888 2102 1951 Domini

2295 1883 2512 1960 γόνασιν
2574 1891 2755 1948 αὐτοῖς
2831 1887 2915 1945 ἐπ’
2975 1891 3225 1970 ἒσχάτων
3275 1899 3381 1948 τῶν
3420 1883 3658 1975 -χρόνων
3725 1883 3868 1970 μετὰ

568 1977 1035 2058 inobsequentes
1066 1973 1306 2035 fuerunt
1335 1973 1624 2056 illumque
1655 1977 2023 2042 occiderunt.
2058 1977 2102 2042 U

2292 1973 2390 2040 τὴν
2451 1975 2587 2032 κατὰ
2643 1983 2736 2032 τοῦ
2793 1978 2980 2055 Κυρίου
3035 1979 3304 2037 ἀπείθειάν
3353 2005 3410 2039 τε
3452 1973 3559 2040 litui
3625 2009 3860 2061 μιαιφο-

566 2089 639 2130 ne
671 2075 870 2130 autem
907 2081 1012 2144 per
1047 2064 1333 2154 temporis
1365 2064 1810 2154 diuturnitatem
1844 2066 2102 2130 oblivion

2295 2063 2406 2118 νίαν
2463 2064 2775 2140 γενομένην.
2859 2064 3059 2130 ’Ὅπως
3129 2066 3182 2124 δὲ
3241 2071 3318 2144 μὴ
3388 2070 3524 2150 λήθῃ
3583 2073 3862 2154 παραδοθῇ

565 2157 926 2229 traderetur,
961 2151 1216 2214 Psalmis
1261 2153 1485 2214 inserta
1535 2152 1666 2226 fuit,
1695 2163 1750 2215 et
1797 2155 1936 2234 jure
1997 2175 2102 2238 pos

2289 2173 2367 2224 τῳ
2423 2152 2626 2231 χρόνῳ,
2687 2151 2994 2211 ἐντέτακται
3045 2156 3099 2214 ἐν
3151 2163 3270 2222 τοῖς
3328 2159 3605 2236 Ψαλμοῖς
3652 2151 3740 2221 παὶ
3776 2151 3863 2222 εἶέ-

566 2247 856 2328 psalmum
891 2244 1320 2318 octogesimum
1355 2251 1623 2304 octavum
1655 2243 1759 2320 qui
1790 2245 2102 2324 passionen

2291 2245 2459 2304 κοτως
2520 2243 2655 2316 μετὰ
2714 2246 2805 2299 τὸν
2861 2243 2981 2317 σπη’,
3045 2247 3101 2310 ὃς
3160 2250 3247 2304 καὶ
3301 2250 3364 2304 τὸ
3421 2251 3579 2317 πάθος
3613 2261 3704 2312 τοῦ
3739 2265 3862 2313 Κυ-

562 2338 800 2402 Domini
833 2333 1147 2414 signiﬁcat.

2290 2330 2398 2400 ρίου
2433 2332 2846 2406 κατασημαίνει,

563 2433 838 2502 Domine,
877 2427 1183 2505 refugium
1209 2425 1406 2499 [actus
1457 2443 1517 2485 es
1561 2426 1754 2500 nobis,
1790 2447 1823 2486 α
1857 2443 2102 2506 genera-

2292 2419 2466 2497 Κύριε,
2527 2423 2810 2509 καταφυγὴ
2897 2423 3152 2500 ἐγενήθης
3210 2429 3348 2501 ἡμῖν
3423 2428 3478 2484 ἐν
3534 2437 3692 2509 γενεᾷ
3762 2435 3861 2490 καὶ

478 2523 645 2582 tio-ne
671 2525 734 2580 in
765 2516 1244 2598 generationem.
1281 2512 1709 2592 Imploraturus
1739 2513 1844 2575 Dei
1885 2518 2102 2578 miseri-

2207 2513 2384 2584 γενεᾷ,
2455 2508 2678 2566 Μέλλων
2741 2511 3112 2570 ἐπικαλεῖσθαι
3165 2517 3256 2570 τὸν
3341 2519 3471 2574 Θεὸν
3542 2508 3616 2582 εἰς
3674 2519 3858 2596 ἔλεον,

477 2597 938 2686 εοῐόὶδῐηίῇιιυθ
964 2602 1318 2684 prooemium
1352 2601 1515 2663 ducit
1575 2621 1608 2663 a
1660 2601 1974 2665 beneﬁciis
1995 2607 2102 2684 jan

2204 2597 2423 2659 εἰκότως
2483 2597 2534 2664 ἐξ
2591 2601 2667 2656 ὦν
2723 2599 2826 2669 ἤδη
2880 2601 3144 2667 πολλακις
3216 2607 3544 2684 εὸηργέτησε
3605 2615 3858 2668 ποιεῖ’τδ

475 2718 633 2780 saepe
665 2697 782 2759 sibi
815 2692 1072 2757 collatis.
1109 2691 1250 2764 Quae
1308 2699 1504 2752 autem
1541 2693 1830 2755 beneﬁcia
1860 2713 2102 2772 genera-

2202 2687 2498 2762 προοίμιον,
2534 2693 2651 2752 Πῶς
2683 2687 2738 2744 δὲ
2767 2693 2904 2747 κατὰ
2933 2695 3118 2770 γενεὰν
3148 2694 3504 2776 εᾶηργέτησε,
3537 2705 3692 2755 τοῦτο
3724 2699 3848 2757 ἴδοι

477 2774 636 2850 time
694 2783 1043 2856 contulerit,
1100 2782 1411 2863 advertere
1453 2779 1594 2842 licet
1626 2800 1694 2843 ex
1749 2782 1818 2842 iis
1847 2803 1979 2863 qum
2008 2783 2102 2846 sul

2200 2796 2280 2836 τις
2315 2774 2394 2840 ε’ἷς
2423 2777 2481 2832 τέ
2505 2779 2570 2834 τὰ
2601 2778 2686 2835 ἐπὶ
2715 2781 2808 2835 τοῦ
2834 2782 3033 2857 Φαραὼ
3060 2780 3370 2859 ἀποϐλέψας
3415 2774 3498 2850 εἵς
3543 2809 3600 2842 τε
3644 2789 3709 2844 τὰ
3764 2789 3858 2846 ἐπὶ

475 2881 812 2951 Pharaone,
848 2893 979 2953 qua:
1025 2870 1136 2933 sub
1188 2873 1349 2946 .lesu,
1371 2859 1435 2932 'et
1464 2890 1533 2932 ex
1571 2871 1644 2932 iis
1670 2891 1799 2952 quae
1833 2859 1890 2934 in
1923 2873 2102 2954 Baby-

2200 2863 2404 2945 Ἰησοῦ,
2433 2864 2516 2932 εἵς
2552 2889 2606 2923 νε
2637 2869 2703 2925 τὰ
2730 2869 2816 2926 ἐπὶ
2848 2868 3177 2936 Βὰὄυλῶνος.

471 2969 608 3030 lone
643 2967 1045 3044 contigerunt.

552 3059 610 3121 2.
647 3057 1017 3133 Priusquam
1071 3058 1302 3112 montes
1356 3051 1594 3140 ﬁerent,
1629 3057 1685 3113 et
1741 3054 2102 3130 formaretui

2281 3051 2389 3127 Πρὸ
2461 3058 2555 3107 τοῦ
2636 3049 2734 3129 ὅρη
2806 3056 3145 3130 γενηθῆναι,
3227 3058 3314 3113 καὶ
3370 3058 3674 3127 πλασθῆναι
3749 3065 3856 3131 τὴν

469 3159 659 3210 terra.
711 3145 861 3218 Quia
904 3159 1144 3204 carnem
1207 3139 1443 3202 Domini
1501 3148 2102 3233 spectantes,merum

2200 3138 2320 3214 γῆν.
2374 3136 2594 3208 Ἐπειδὴ
2653 3141 2726 3204 είς
2783 3142 2885 3209 τὴν
2943 3142 3112 3222 σᾶρκα
3185 3147 3410 3224 ὁρῶντες
3466 3151 3559 3205 τοῦ
3628 3153 3852 3233 Κυρίου,

470 3238 773 3300 hominem
807 3251 940 3295 esse
987 3230 1288 3311 putabant,
1326 3227 1767 3319 dicebantque:
1834 3229 2102 3312 Triginta

2200 3226 2352 3302 ψιλὸν
2411 3228 2683 3308 ἄνθρωπον
2749 3229 3014 3319 ἐνόμιζον
3046 3231 3316 3311 λέγοντες·
3374 3235 3533 3294 Οὔπω
3581 3226 3850 3319 τριαᾶιορλ

468 3344 661 3388 annos
692 3326 958 3388 nondum
1015 3319 1193 3382 habes
1221 3326 1277 3380 et
1304 3317 1611 3381 Abraham
1673 3321 1882 3383 vidisti
1914 3321 2010 3383 57?
2039 3322 2102 3384 Et

2200 3317 2388 3384 ταετὴς
2447 3319 2670 3396 γέγονας
2708 3367 2724 3399 ,
2777 3321 2866 3376 καὶ
2925 3318 3130 3398 Ἀὄρὰμ
3185 3324 3480 3408 ἑώρακαςς
3537 3317 3633 3386 Καὶ
3683 3317 3854 3391 tofi-to

469 3418 582 3478 hoc
616 3415 871 3477 maxime
902 3413 1089 3474 ruinae
1150 3426 1330 3470 causa
1380 3407 1488 3469 t‘nit
1551 3409 1687 3483 illis,
1725 3409 1882 3490 quod
1936 3411 2102 3489 igno-

2200 3408 2380 3472 αὑτοῖς
2442 3407 2677 3484 μάλιστα
2755 3408 2931 3466 αἴτιον
2987 3411 3084 3479 τῆς
3142 3407 3470 3480 ἱκπτώσεως
3506 3417 3715 3496 γέγονε,
3788 3423 3852 3478 τὸ

2194 3495 2414 3574 ἀγνοεῖν
2443 3499 2543 3564 τὴν
2575 3499 2824 3566 θεότητα.
2876 3501 2973 3555 Διά
3004 3500 3158 3558 τούτο
3185 3509 3272 3558 νῦν
3304 3495 3788 3587 ἐξομολογούμενοι
3828 3558 3846 3586 ,

2193 3595 2376 3666 σαφῶς
2407 3589 2566 3645 αὐτὸν
2596 3593 2738 3645 εἶναι
2765 3588 2983 3669 λέγουσι
3015 3593 3108 3647 τὸν
3137 3593 3238 3669 πρὸ
3268 3594 3446 3662 πάσης
3477 3618 3701 3662 χτισεως
3737 3621 3848 3659 συ-

2193 3676 2350 3732 νόντα
2379 3683 2456 3751 τῷ
2486 3684 2634 3755 Πτρί,

2272 3767 2358 3833 Μὴ
2417 3766 2762 3846 ἀποστρὲψης
2836 3767 3111 3849 ἄνθρωπον
3189 3771 3262 3837 εἰς
3319 3774 3658 3839 ταπείνωσιν.
3704 3777 3845 3836 Ἐν-

2186 3858 2362 3911 τεῦθεν
2413 3858 2446 3922 ἡ
2499 3855 2909 3936 ἐξομολόγησις.
2995 3859 3172 3925 Ἀξιοῖ
3223 3858 3279 3917 δὲ
3361 3862 3454 3943 ἀφ’
3524 3867 3598 3921 ὧν
3657 3868 3843 3927 πάντα

2184 3944 2249 3998 τὰ
2305 3944 2425 4012 ἔθνη
2483 3947 2557 4011 εἰς
2600 3946 2881 4024 ἐπίγνωσιν
2932 3947 3183 4016 ἀληθείας
3240 3949 3485 4027 ἐκάλεσε,
3535 3957 3619 4013 mi
3663 3960 3836 4025 αὗτὸς

2183 4035 2594 4114 ἐπιστραφῆναι,
2627 4037 2698 4092 Σὺ
2745 4037 2932 4112 εἶπας,
2991 4040 3175 4118 φησὶν,
3226 4042 3274 4095 ὦ
3331 4041 3596 4101 Δέσποτα·
3659 4044 3832 4105 Ἐπι-

2183 4123 2461 4200 στρέψατε,
2525 4125 2623 4183 υἱοὶ
2670 4125 3097 4206 ἐπιστρέφοντες,
3161 4131 3249 4185 καὶ
3305 4129 3521 4206 ἰάσομαι
3582 4135 3648 4190 τὰ
3691 4158 3836 4194 συν-

2181 4214 2449 4290 τρίμματα
2478 4216 2647 4280 ὑμῶν.
2685 4215 2903 4284 Ἐπειδή
2931 4217 3105 4274 τοίνον
3125 4217 3632 4301 ἐπεστρέψαμεν,μή
3645 4222 3838 4284 ἀποσ-

2179 4301 2375 4380 τρέψῃς
2421 4306 2567 4379 ἡμᾶς
2599 4307 2672 4368 εἷς
2710 4307 3050 4367 ταπείνωσίν.

2260 4390 2392 4451 ’Ὅτι
2475 4394 2628 4475 χίλια
2673 4395 2768 4463 ἔτη
2833 4396 2889 4452 ἐν
2936 4396 3238 4477 ἑφθαλμοῐς
3295 4421 3416 4475 σαυ,
3493 4400 3669 4480 Κύριε,
3717 4407 3838 4464 Τὸν

2177 4483 2359 4560 γαιρὸν
2405 4489 2504 4551 τῆς
2548 4484 2603 4540 ἐν
2632 4485 2781 4558 νόμῳ
2837 4484 3080 4564 λατρείας
3138 4489 3291 4567 φησὶ,
3351 4489 3473 4546 καθ’
3513 4491 3572 4547 ὃν
3615 4492 3837 4567 μάλισ-

466 3514 670 3568 rarent
741 3505 1042 3566 deitatem.
1119 3499 1498 3578 Quapropter
1569 3499 1692 3576 jam
1753 3501 2111 3561 conﬁtentes

465 3597 671 3657 dicunt
723 3612 858 3656 eum
922 3600 1060 3652 ante
1116 3589 1315 3650 omnia
1377 3585 1614 3667 opiﬁcia
1662 3586 1819 3650 Patri
1872 3589 2108 3651 coexsi-

465 3691 646 3748 stere.

542 3775 604 3836 3.
631 3771 717 3835 Ne
734 3777 976 3834 avertas
998 3767 1307 3830 hominem
1327 3766 1391 3826 in
1414 3765 1942 3829 humilitatem.Ab
1965 3765 2105 3830 hinc

462 3860 861 3926 confessionis
919 3855 1517 3919 exordium‘ducitur.
1555 3856 1745 3934 Rogat
1804 3864 2005 3917 autem
2039 3862 2105 3920 ut

461 3952 700 4029 quando
733 3957 941 4029 gentes
961 3963 1169 4007 omnes
1193 3945 1265 4004 ad
1291 3943 1691 4023 cognitionem
1712 3944 1982 4006 veritatis
2003 3963 2103 4008 vo-

461 4047 637 4112 cavit,
674 4040 802 4120 ipse
827 4054 1065 4119 quoque
1095 4041 1492 4096 convertatur.
1521 4031 1610 4093 Tu
1631 4033 1853 4114 dixisti,
1881 4034 2095 4116 inquit,

461 4131 732 4192 Domine:
747 4124 1216 4197 Convertimini,
1224 4123 1346 4202 ﬁlii
1361 4129 1858 4201 convertentes,et
1869 4123 2101 4188 sanabo

457 4221 855 4282 contritiones
877 4222 1108 4278 vestras
1127 4211 1360 4285 “.tzuia
1385 4211 1563 4290 igitur
1580 4213 1846 4272 conversi
1868 4231 2092 4292 sumus,

459 4332 532 4374 ne
558 4320 873 4375 convertas
895 4327 1006 4369 nos
1038 4307 1094 4368 in
1119 4304 1514 4367 humilitatem
1540 4322 1643 4364 seu
1670 4304 2094 4384 abjectionem.

539 4407 596 4466 4.
633 4403 933 4477 Quoniam
969 4397 1139 4458 mitte
1164 4396 1317 4457 anni
1346 4397 1725 4486 anteoculos
1777 4403 1930 4486 tuos,
1974 4397 2162 4486 Do-D

455 4493 641 4566 mine,
676 4500 793 4553 etc.
849 4486 1110 4566 Tempus
1169 4485 1377 4563 legalis
1434 4483 1626 4544 cultus
1704 4483 1949 4565 indicat,
1990 4505 2099 4566 per

455 4582 624 4659 cujus
655 4584 908 4660 spatium
961 4575 1230 4636 absoluto
1288 4575 1542 4634 maxime
1601 4573 1821 4652 templo
1871 4575 2094 4638 ﬂoruit.

454 4673 504 4732 A
535 4668 874 4733 Salomonis
903 4665 1062 4728 enim
1101 4664 1200 4744 qui
1247 4662 1491 4723 domum
1524 4662 1800 4723 excitavit
1829 4671 2098 4744 tempore

453 4759 526 4821 ad
588 4777 775 4836 usque
834 4755 1232 4820 obsidionem,
1297 4770 1428 4832 quae
1490 4760 1620 4831 post
1681 4753 2090 4816 venerabilem

453 4865 694 4910 crucem
748 4843 1018 4924 contigit,
1055 4849 1480 4923 computantur
1534 4839 1678 4902 anni
1732 4842 1916 4902 mille.
1973 4842 2089 4906 Sed

452 4937 572 5012 isti,
609 4935 830 5015 inquit,
861 4933 1023 4995 mille
1062 4931 1226 5007 anni,
1262 4938 1326 4993 ut
1355 4948 1470 4990 una
1497 4931 1623 4991 dies
1652 4929 1713 4991 in
1768 4939 2092 5012 conspectu

452 5036 551 5086 tuo
602 5024 932 5105 computari
991 5029 1257 5101 possunt,
1294 5020 1411 5080 imo
1475 5036 1617 5080 vero
1677 5019 1911 5081 modica
1969 5020 2092 5082 diei

452 5133 610 5194 pars.
642 5113 857 5178 Merito
883 5119 1079 5172 autem
1117 5111 1275 5172 nocti
1309 5115 1635 5188 comparat,
1669 5117 1905 5188 tempus
1936 5127 2093 5191 prae-

449 5202 670 5264 cedens
713 5201 1033 5265 Salvatoris
1078 5199 1418 5275 adventum,
1444 5216 1516 5258 eo
1547 5196 1705 5276 quod
1738 5203 1797 5258 in
1831 5199 2093 5261 tenebris

448 5299 508 5353 et
547 5293 606 5352 in
657 5291 1038 5353 confessione
1088 5306 1298 5349 omnes
1358 5287 1636 5348 homines
1690 5296 1916 5368 essent,
1953 5290 2093 5371 quia

453 5380 716 5442 nondum
749 5381 891 5462 ipsis
923 5387 1162 5442 exortus
1192 5386 1321 5439 erat
1349 5375 1440 5437 sol
1463 5373 1727 5455 justitize.

523 5627 588 5680 ⁸⁷
617 5631 761 5694 Luc.
796 5644 924 5710 νιιι,
957 5627 1056 5691 57.
1139 5626 1453 5692 liHerem.
1479 5641 1570 5702 In,
1609 5627 1705 5686 ιι.

2178 4593 2245 4628 τα
2287 4571 2753 4638 ὲπιστελεσθὲντος
2797 4582 2891 4631 τοῦ
2919 4578 3058 4633 θείου
3103 4585 3234 4635 ταοῦ
3261 4575 3511 4646 ἤνθησεν.
3552 4579 3686 4639 Ἀπὸ
3716 4585 3837 4665 γὰρ

2181 4660 2528 4734 Σολο’μῶντος
2586 4671 2682 4721 τοῦ
2733 4666 2824 4721 τὸν
2855 4667 3008 4721 οἷκον
3038 4665 3340 4746 ὶγείραντος
3369 4668 3533 4748 μέχρι
3577 4675 3677 4739 τῆς
3708 4660 3827 4731 iro;

2179 4749 2414 4828 λιορκίας
2466 4757 2566 4820 τῆς
2623 4755 2758 4829 μετὰ
2806 4754 2899 4810 τὸν
2953 4755 3128 4830 τίμιον
3159 4757 3451 4834 γενομένης
3485 4763 3709 4838 σταυρὸν
3743 4776 3834 4827 εις

2175 4839 2330 4898 τοῦτο
2374 4841 2622 4898 συντείνει
2676 4842 2772 4910 ἔτη
2803 4843 2982 4922 χίλια.
3015 4841 3185 4901 Ἀλλὰ
3226 4854 3416 4926 ταῦτα,
3447 4849 3600 4926 φησὶ,
3635 4851 3706 4906 τὰ
3734 4855 3838 4932 χί.

2175 4928 2264 4987 λια
2324 4929 2418 4998 ἔτη
2478 4954 2575 5003 μια
2633 4931 2805 5010 ἡμέρα
2856 4931 3129 5011 λογισθείη
3170 4933 3400 4991 ἐνώπιόν
3442 4954 3559 4994 σου⁶
3611 4928 3834 5014 μᾶλλον

2175 5019 2273 5093 μὲν
2317 5022 2406 5076 οὖν
2461 5020 2653 5100 μικρὸν
2726 5020 2928 5099 ἡμέρας
2987 5021 3199 5101 μόριον.
3261 5023 3496 5090 Εὶκότως
3555 5025 3611 5083 δὲ
3673 5031 3836 5086 νυκτὶ

2174 5109 2482 5187 παρεικάζει
2539 5109 2630 5167 τὸν
2707 5111 2810 5188 πρὸ
2880 5115 2979 5179 τῆς
3038 5111 3326 5186 ἐπιδημίας
3383 5123 3476 5173 τοῦ
3559 5121 3832 5191 Σωτῆρος

2173 5197 2379 5276 καιρόν,
2432 5195 2524 5255 ἃτε
2568 5199 2641 5261 ὡς
2685 5198 2740 5254 ἐν
2968 5201 3052 5255 καὶ
3087 5201 3343 5280 συγχύσει
3375 5224 3589 5260 παντων
3620 5206 3833 5283 ἀνθρώ.

2174 5308 2290 5343 πων
2334 5287 2525 5369 ὅντων,
2555 5287 2640 5344 διὰ
2681 5289 2742 5344 τὸ
2798 5290 2969 5364 μήπω
3015 5289 3198 5353 αύτοῖς
3229 5289 3510 5349 ἀνατεῖλαι
3539 5302 3630 5351 τὸν
3661 5294 3829 5362 ἥλιον

2174 5379 2274 5440 τῆς
2304 5375 2669 5445 δικαιοσύνης.
