3992 6208
364 336 482 403 399
1152 334 1215 402 S.
1261 335 1687 404 ATHANASII
1727 339 1893 402 OPP.
1941 335 2154 402 PARS.
2199 337 2308 402 III.
2359 375 2430 385 —
2475 339 2931 406 EXEGETICA.
3609 343 3755 412 400

365 474 743 551 supervenit,
779 488 887 551 pro
906 470 1312 551 superveniat,
1341 470 1445 560 ait.
1469 469 1775 532 Postulant
1805 481 2000 534 autem

2127 497 2192 548 οι,
2230 475 2384 552 φησί.
2421 479 2631 536 Αἱτοῦσι
2663 476 2718 534 δὲ
2749 479 2847 546 τῆς
2878 478 2963 536 διὰ
3013 481 3241 558 Χριστὸν
3288 480 3529 546 παιδείας
3561 504 3750 559 μετα-

367 561 806 642 correptionem
863 561 1141 651 accipere
1214 577 1320 640 per
1357 559 1706 651 _Ghristum,
1764 562 1866 640 qui
1921 570 2003 624 est

2127 561 2316 645 .αϐεῖν,
2351 565 2407 630 ὅς
2429 570 2542 623 ἔστι
2572 566 2713 633 δεξιὰ
2745 576 2836 625 τοῦ
2869 570 3075 648 Πατρός
3111 590 3128 607 ο
3163 569 3244 627 διό
3268 593 3400 651 φησι
3443 591 3456 606 ·

367 651 618 714 dextera
648 651 858 720 Patris,
893 650 1283 730 quamobrem
1316 648 1399 710 ait
1433 669 1448 709 :

446 743 545 823 42,
588 743 684 804 t3.
718 742 1048 803 Dexteram
1095 746 1262 799 tuam
1293 739 1382 800 sic
1408 744 1609 800 notam
1635 739 1758 820 fac,
1795 747 1913 802 etc.
1953 743 2011 800 In

368 831 672 895 communi
708 832 964 910 positum
993 836 1081 888 est
1102 825 1266 898 illud,
1305 834 1508 888 notam
1543 828 1746 905 fac,ita
1776 837 1840 889 ut
1870 849 2010 891 seu»

367 940 470 982 sus
501 923 577 982 sit
610 942 624 982 :
660 919 866 980 Notam
901 918 990 978 fac
1021 916 1193 977 nobis
1244 917 1550 978 dexteram
1585 925 1776 992 tuam,
1806 918 1862 979 id
1899 931 2010 998 est,

371 1011 722 1085 Christum;
760 1016 928 1069 notos
989 1007 1078 1066 fac
1121 1005 1296 1066 nobis
1322 1025 1425 1067 eos
1451 1007 1553 1086 qui
1583 1006 1643 1066 in
1675 1007 1857 1068 corde
1913 1026 2012 1069 sa~

369 1101 651 1180 pientiam
686 1098 907 1159 habent
933 1119 946 1155 :
975 1096 1061 1156 illi
1095 1103 1290 1156 autem
1319 1114 1452 1158 esse
1474 1095 1749 1157 videntur
1763 1098 2013 1174 apostoli

367 1203 429 1254 et
459 1189 862 1268 evangelistze,
895 1204 1148 1265 quorum
1183 1202 1366 1261 opera
1423 1185 1832 1247 conversionis
1881 1205 2010 1248 mo-

369 1282 478 1344 dos
511 1280 890 1343 edidicimus.

449 1373 546 1447 14,
589 1373 683 1431 15.
718 1368 950 1448 Repleti
973 1383 1176 1428 sumus
1202 1381 1384 1427 mane
1420 1365 1849 1427 misericordia
1879 1374 2004 1429 tua.

364 1460 502 1522 Haec
533 1467 700 1521 aiunt
728 1459 896 1540 quasi
924 1458 1048 1537 jam
1082 1455 1370 1516 orationis
1418 1453 1598 1515 ﬁnem
1660 1465 1716 1515 et
1760 1474 2004 1536 scopum

366 1549 727 1611 invenerint.
765 1547 1010 1611 Orietur
1042 1561 1298 1624 namque
1328 1544 1449 1604 illis
1507 1541 1606 1607 Sol
1659 1544 1910 1623 justitiaa
1949 1553 2009 1606 in

362 1637 886 1701 consummatione
921 1634 1122 1697 szeculi
1155 1634 1347 1713 hujus.

450 1730 546 1793 16.
578 1728 829 1808 Respice
890 1727 957 1786 in
1014 1742 1218 1786 servos
1277 1729 1434 1791 tuos.
1467 1731 1523 1784 et
1561 1724 1630 1784 in
1657 1741 1845 1802 Opera
1873 1734 2001 1786 tua.

2178 744 2288 811 Τὴν
2331 743 2500 810 δεξιάν
2559 768 2653 802 σου
2707 747 2877 812 οὕτως
2936 749 3196 830 γνώρισόν
3248 773 3366 826 μοι.
3429 750 3573 808 Ἀπο
3617 773 3766 808 κοι-

2097 839 2189 888 νοῦ
2248 835 2332 906 τὸ,
2369 837 2649 910 γνώρισον,
2682 834 2773 891 ’ίνα
2935 839 3032 894 Καὶ
3061 838 3324 917 γνώρισον
3361 843 3496 908 ἡμῖν
3529 841 3627 907 τὴν
3648 838 3756 895 δε-

2097 917 2210 984 ξιάν
2241 943 2356 993 σου,
2392 923 2631 978 τουτέστι
2683 925 2906 1000 Χριστόν
2935 944 2947 956 ·
2996 926 3254 1006 γνώρισον
3307 928 3362 984 δὲ
3415 932 3552 1003 ἡμῖν
3612 930 3751 992 τοὺς

2096 1013 2165 1083 τῇ
2194 1005 2378 1085 καρδίᾳ
2406 1009 2506 1076 τὴν
2533 1011 2718 1090 σοφίαν
2750 1011 2998 1092 ἔχοντας·
3026 1005 3170 1070 οὗτοι
3201 1013 3248 1070 δ’
3279 1017 3341 1072 ἃν
3373 1017 3490 1074 εἶεν
3519 1021 3564 1074 οἱ
3596 1016 3753 1094 ἅγιοι

2098 1093 2390 1154 ἀπόστολοι
2422 1101 2509 1155 καὶ
2540 1099 2936 1181 εὐαγγελισταὶ,
2993 1101 3060 1158 δι’
3104 1106 3178 1161 ὦ)
3211 1108 3296 1161 καὶ
3329 1105 3595 1181 ἐμάθομεν
3637 1111 3752 1170 τῆς

2096 1183 2423 1266 ἐπιστροφῆς
2457 1189 2580 1250 τοὺς
2611 1188 2859 1266 τρόπους.

2174 1361 2620 1438 Ἐνεπλήσθημεν
2699 1369 2762 1422 τὸ
2842 1373 2986 1446 πρωϊ
3055 1373 3145 1427 τοῦ
3211 1371 3392 1435 ἐλέους
3453 1395 3569 1435 σου.
3635 1373 3754 1436 Ὠς

2093 1449 2213 1519 ’ἤδη
2245 1457 2341 1518 τῆς
2388 1453 2555 1532 εύχῆς
2604 1454 2839 1533 εὑρόντες
2887 1461 2947 1514 τὸ
3004 1460 3168 1538 πέρας
3225 1463 3291 1517 τὰ
3322 1461 3498 1518 τοιάδε
3557 1463 3748 1542 φασίν.

2100 1541 2363 1598 Ανατελεϊ
2395 1544 2497 1621 γὰρ
2528 1547 2615 1600 καὶ
2647 1547 2832 1612 αὐτοῖς
2863 1549 2891 1603 ὁ
2918 1545 3122 1613 ’Ἥλιος
3145 1555 3242 1618 τῆς
3262 1541 3608 1619 δικαιοσύνης
3647 1551 3752 1608 ἐπὶ

2101 1629 2371 1703 συντελείᾳ
2401 1641 2496 1691 τοῦ
2526 1635 2716 1699 αἰῶνος
2747 1637 2956 1700 τούτου,

2179 1717 2284 1780 Καὶ
2329 1719 2408 1776 ἴδε
2451 1721 2537 1778 ἐπὶ
2591 1725 2710 1787 τοὺς
2773 1723 2991 1790 δούλους
3053 1751 3170 1809 σου,
3220 1731 3305 1786 καὶ
3365 1730 3452 1786 ἐπὶ
3493 1732 3556 1786 τὰ
3610 1731 3754 1809 ἔργα

363 1820 538 1893 Illud,
599 1807 857 1895 respice,
918 1832 1127 1877 rursus
1177 1812 1435 1894 positum
1489 1831 1619 1893 pro,
1664 1813 2000 1893 respexisti,

2127 1830 2206 1871 ου,
2259 1813 2354 1889 Τὸ,
2401 1809 2509 1884 ἴδε,
2568 1812 2731 1869 πάλιν
2789 1816 2904 1871 ἀντὶ
2967 1825 3083 1897 τοῦ,
3118 1817 3253 1898 ἴδες,
3304 1816 3424 1886 ἤτοι
3456 1821 3753 1896 ἒπεσκέψω

365 1909 424 1972 id
459 1919 574 1984 est,
619 1904 926 1986 inspexisti
959 1921 1163 1964 servos
1215 1911 1346 1963 tuos
1409 1910 1469 1964 et
1515 1920 1696 1982 opera
1730 1921 2003 1963 manuum

2127 1899 2213 1961 οὺς
2263 1897 2475 1964 δούλους
2539 1923 2633 1956 σου
2681 1905 2771 1959 καὶ
2834 1905 2899 1960 τὰ
2960 1904 3090 1984 ἔργα
3117 1897 3466 1988 τῶνγχειρῶν
3499 1931 3616 1970 σου.
3654 1909 3752 1965 Δι’

363 2007 623 2060 tuarum.
661 2000 777 2059 Per
825 2012 1002 2074 quam
1061 1991 1482 2064 visitationem,
1512 1991 1892 2071 splendorem
1942 2012 2003 2053 ac

2127 2009 2157 2050 ης
2185 1987 2485 2056 ἐπισκοπῆς
2517 1991 2615 2057 τὴν
2647 1990 3012 2071 λαμπρότητα
3069 1997 3154 2052 καὶ
3216 1987 3301 2053 τὸν
3336 2001 3448 2077 φῶς
3479 2006 3570 2055 τοῦ
3604 2005 3755 2055 Θεοῦ

365 2087 571 2149 lumen
614 2085 722 2148 Dei
775 2082 963 2145 nostri
1013 2081 1312 2158 videntes,
1340 2098 1409 2140 ac
1456 2080 1757 2154 conversi,
1787 2092 2003 2142 rectam

2133 2083 2250 2151 μῶν
2310 2078 2635 2156 ἑωρακότες,
2697 2083 2785 2138 καὶ
2830 2085 3270 2163 ἓπιστρέψαντες,
3322 2089 3753 2154 κατευθυνθείη-

364 2176 523 2241 viam
554 2175 926 2246 incedamus,
954 2190 1086 2232 cum
1117 2169 1532 2231 conversionis
1563 2187 1743 2250 opera
1794 2171 2003 2249 imple-

2127 2186 2194 2221 ιεν
2223 2164 2306 2244 ἐφ’
2369 2167 2457 2230 οἷς
2491 2169 2588 2236 τὴν
2621 2169 2717 2238 τῆς
2775 2171 3100 2253 ἐπιστροφῆς
3130 2175 3318 2252 πρᾶξιν
3347 2176 3747 2255 ἆποπληροῦν-

365 2269 648 2330 verimus.

2127 2276 2216 2314 ιεν.

446 2360 545 2420 17.
585 2357 658 2417 Et
687 2361 766 2416 sit
815 2350 1107 2432 splendor
1168 2347 1419 2410 Domini
1460 2349 1573 2410 Dei
1615 2355 1811 2410 nostri
1836 2367 2017 2429 super

373 2465 509 2510 nos.
541 2449 668 2509 Nos
698 2440 1048 2522 Splendidos
1073 2457 1139 2498 ac
1172 2439 1436 2499 illustres
1467 2438 1884 2499 eiiecitlumen
1908 2458 2014 2500 co-

365 2536 651 2615 gnitionis
681 2532 830 2602 Dei;
867 2542 927 2592 et
956 2529 1143 2592 Judaii
1189 2537 1320 2608 post
1377 2527 1651 2588 relictum
1706 2529 2009 2608 conspicui

362 2632 504 2688 item
539 2627 801 2686 fuerunt.
831 2622 913 2682 Et
945 2636 1130 2699 opera
1159 2635 1453 2679 manuum
1486 2627 1837 2681 nostrarum
1861 2619 1984 2680 diri

361 2735 462 2797 ge.
490 2717 684 2794 Opera
715 2719 856 2773 sunt
886 2709 1037 2788 legis
1069 2725 1085 2783 ;
1119 2726 1269 2797 opus
1299 2715 1520 2786 autem,
1557 2716 1645 2768 est
1670 2707 1815 2769 illud
1851 2709 2006 2787 quod

361 2795 424 2870 in
455 2821 611 2869 nova
643 2804 774 2878 lege
809 2798 1139 2880 perﬁcitur.
1177 2795 1321 2858 Nam
1356 2797 1412 2856 in
1435 2798 1634 2858 Veteri
1662 2800 1818 2876 Lege
1852 2798 2008 2858 varia

363 2904 536 2959 erant
565 2891 896 2954 sacriﬁcia:
932 2888 992 2948 in
1024 2889 1190 2950 Nova
1241 2895 1439 2948 autem
1489 2886 1649 2946 solus
1681 2886 1870 2948 Filius
1901 2888 2007 2947 im-

362 2986 647 3048 molatur.
702 2981 780 3043 Et
846 2996 993 3058 opus
1048 2993 1347 3036 manuum
1401 2984 1750 3037 nostrarum
1780 2979 2003 3054 dirige.

361 3072 557 3154 Opera
589 3086 868 3132 manuum
905 3073 1041 3126 sunt
1071 3063 1320 3142 singulm
1348 3068 1652 3154 actiones:
1687 3083 1838 3145 opus
1873 3085 2004 3125 uia-

361 3153 571 3236 nuum,
603 3170 693 3222 est
726 3153 987 3235 cognitio
1021 3173 1157 3234 quae
1184 3171 1251 3214 ex
1286 3153 1377 3214 his
1413 3153 1634 3214 evenit.

366 3260 529 3322 Laus
556 3253 780 3318 cantici
813 3249 1209 3329 David,caret
1248 3247 1652 3328 inscriptione
1682 3248 1844 3327 apud
1877 3248 2002 3310 He—

997 3342 1208 3404 brazos.
1244 3340 1375 3402 XC.

944 3433 1409 3511 Argumentum.

361 3533 675 3613 Postquam
736 3529 798 3589 in
847 3525 1221 3613 octogesimo
1276 3543 1431 3584 nono
1488 3525 1718 3604 psalmo
1779 3525 2007 3588 Judaici

441 3612 646 3704 populi
688 3616 1059 3680 aversionem
1095 3612 1438 3704 declaravit,
1475 3623 1916 3694 consequenter
1946 3615 2005 3676 in

439 3703 551 3776 hoc
586 3709 812 3792 psalmo
848 3723 1163 3787 personam
1216 3703 1445 3766 inducit
1497 3722 1702 3764 eorum
1741 3705 1838 3784 qui
1901 3723 2006 3784 per

438 3804 743 3866 Christum
788 3792 1191 3859 consummati
1221 3801 1379 3864 sunt,
1418 3800 1477 3852 et
1508 3810 1614 3871 per
1638 3811 1772 3852 eum
1835 3796 2005 3873 spiri—

439 3893 627 3954 tuales
658 3891 861 3950 hostes
892 3890 1198 3964 superant,
1226 3881 1598 3961 principatus
1633 3881 1912 3944 videlicet
1947 3894 2005 3945 et

435 3989 778 4063 potestates,
815 3983 871 4035 et
909 3982 1180 4034 rectores
1214 3970 1437 4063 mundi
1471 3969 1856 4063 tenebrarum
1882 3973 2000 4063 lia-

435 4057 593 4145 rum,
613 4063 1017 4146 etspiritualia
1052 4057 1677 4138 nequitiaidpsumque
1708 4061 1997 4122 nefarium

436 4161 711 4223 Satanam
740 4175 756 4228 ;
790 4152 886 4232 qui
919 4148 1098 4209 variis
1130 4146 1325 4207 modis
1356 4147 1414 4206 in
1459 4151 1733 4224 praesenti
1772 4151 1998 4230 psalmo

433 4249 867 4331 signiﬁcantur.
903 4238 1112 4300 Timor
1143 4235 1374 4297 scilicet
1407 4245 1758 4331 nocturnus,
1793 4239 1999 4315 sagitta

433 4323 639 4400 vovlans
664 4334 726 4396 in
759 4332 880 4406 die,
916 4327 1221 4405 negotium
1256 4323 1678 4404 perambulans
1727 4327 1785 4387 in
1824 4336 1994 4390 tene-

434 4428 579 4498 bris,
615 4430 786 4486 ruina
851 4428 908 4478 et
961 4413 1322 4476 daemonium
1377 4413 1798 4495 meridianum,
1835 4417 2066 4493 milleD

355 4539 358 4544 ·
435 4528 495 4579 et
525 4516 736 4577 decetn
773 4508 977 4582 millia,
1003 4504 1186 4584 aspis,
1221 4501 1555 4576 basiliscus,
1585 4505 1677 4566 leo
1709 4513 1767 4566 et
1789 4505 1992 4568 draco.

431 4606 734 4668 Adversus
767 4604 947 4661 hosce
1006 4611 1216 4654 omnes
1265 4592 1490 4654 homini
1525 4593 1629 4654 Dei
1687 4594 1993 4657 victoriam

433 4694 695 4758 ascribit.

435 4787 619 4860 1.οιιὶ
646 4779 879 4844 habitat
913 4778 977 4837 in
1011 4774 1322 4852 adjutorio
1344 4773 1996 4854 Attissimi.Pr0pheti-

354 4895 461 4940 cus
480 4873 748 4954 spiritus,
781 4867 1089 4928 hominem
1121 4863 1218 4942 qui
1241 4861 1524 4922 auxilium
1556 4870 1614 4922 et
1636 4881 1810 4954 opem
1839 4867 1990 4938 tulit,

353 4967 410 5029 id
444 4951 534 5026 est
563 4959 998 5036 Christum,qui
1024 4961 1116 5014 est
1147 4952 1325 5013 etiam
1358 4951 1716 5024 Altissimus,
1755 4953 1990 5015 beatum

354 5053 664 5136 praedicat.
695 5043 1008 5136 Quomodo
1041 5060 1159 5136 non
1191 5040 1401 5136 beatus
1431 5039 1626 5136 qui,ut
1648 5042 1833 5136 Deum
1861 5044 1992 5104 (ςαξιί

355 5129 754 5227 protectorem
789 5134 1038 5227 haberet
1063 5131 1276 5209 dignus
1309 5129 1726 5227 habitusﬁest?
1754 5131 1829 5194 In
1857 5151 1994 5227 ρνρ.

354 5218 612 5297 tectione
645 5229 758 5288 Dei
812 5223 942 5286 (ιειὶ
1000 5219 1495 5284 commorabitur.
1539 5218 1646 5290 Qui
1702 5232 1899 5282 manet
1932 5222 1994 5284 in

351 5324 462 5386 hoc
493 5316 790 5399 adjutorio
823 5312 1150 5394 protegitur
1183 5319 1245 5370 et
1282 5308 1634 5370 custoditur.

430 5418 489 5474 2.
525 5409 700 5470 Dicet
727 5400 1330 5476 DominozSusceptor
1360 5415 1526 5459 meus
1555 5416 1612 5459 es
1643 5404 1728 5462 tu.
1766 5399 1983 5480 Ecq‘uis

2181 2347 2278 2402 Καὶ
2337 2344 2476 2403 ἔστω
2531 2349 2564 2415 ἡ
2619 2347 2936 2426 λαμπρότης
2995 2354 3182 2429 Κυρίου
3239 2361 3335 2412 τοῦ
3395 2355 3526 2410 Θέοὖ
3580 2357 3751 2430 ἡμῶν

2095 2433 2179 2510 ἔφ’
2225 2435 2395 2510 ἡμᾶς.
2445 2439 2543 2494 Καὶ
2584 2438 2727 2512 ἡμᾶς
2781 2439 3056 2520 λαμπροὺς
3102 2444 3189 2499 καὶ
3249 2457 3560 2522 περιφανεῖς
3619 2445 3748 2500 ὰπ-

2094 2522 2253 2602 ἐφηνε
2285 2530 2382 2591 τῆς
2413 2528 2736 2604 Θεογνωσίας
2768 2551 2830 2585 το
2866 2532 2977 2609 φῶς
3011 2546 3025 2561 ⁸
3076 2532 3163 2588 καὶ
3195 2531 3442 2589 Ἰουδαῖοι
3476 2534 3610 2609 μετὰ
3630 2533 3744 2599 τὴν

2093 2611 2350 2671 ἐπάνοδον
2405 2613 2747 2692 περίϐλεπτοι
2793 2613 2972 2674 πάλιν⁸
3011 2620 3280 2699 ἐγένοντο.
3331 2624 3427 2679 Καὶ
3491 2624 3555 2678 τὰ
3603 2623 3748 2699 ἔργα

2091 2708 2197 2756 τῶν
2257 2709 2456 2781 χειρῶν
2513 2705 2668 2779 ἡμῶν
2724 2710 3062 2771 κατεύθυνον,
3113 2708 3298 2789 ’Ἔργα
3365 2718 3456 2767 τοῦ
3511 2716 3676 2787 νόμου
3717 2727 3734 2742 ·

2091 2788 2244 2879 ξργον
2275 2792 2420 2847 τὸέν
2468 2795 2534 2868 τῇ
2575 2795 2682 2867 Νέᾳ
2736 2795 3081 2873 τελούμενον,
3129 2788 3340 2875 Ἐνντῇ
3385 2802 3485 2879 γὰρ
3520 2800 3746 2872 Παλαιᾷ

2089 2876 2325 2958 διάφοροι
2358 2883 2528 2938 Θυσίαι
2560 2899 2574 2912 ⁹
2627 2883 2682 2938 ἐν
2725 2883 2780 2941 δὲ
2825 2893 2893 2962 τῇ
2942 2888 3049 2960 Νέᾳ
3093 2889 3252 2963 μόνος
3283 2891 3311 2944 ὃ
3357 2876 3478 2955 Tibi;
3526 2891 3736 2950 θύεται.

2091 2972 2188 3026 Καὶ
2243 2975 2304 3026 τὸ
2364 2969 2516 3050 ἔργον
2562 2980 2667 3028 τῶν
2725 2979 2925 3053 χειρῶν
2970 2978 3127 3052 ἡμῶν
3173 2979 3508 3043 κατεύθυνον,
3545 2978 3742 3058 ’Ἔργα

2089 3057 2186 3131 μὲν
2244 3059 2442 3137 χειρῶν
2474 3062 2616 3118 ἐστιν
2645 3064 2679 3130 ἡ
2711 3064 2828 3120 καθ’
2886 3065 3119 3132 ἑκάστην
3167 3066 3352 3144 πρᾶξις
3389 3083 3402 3096 ”
3458 3067 3615 3146 ἔργον
3676 3066 3742 3123 δὲ

2089 3154 2318 3226 χειρῶν,
2347 3149 2407 3204 ἐκ
2435 3151 2636 3208 τούτων
2668 3151 3122 3229 ἒπισυμϐαίνουσα
3155 3163 3376 3235 γνῶσις.

2171 3247 2330 3314 Αἶνος
2360 3246 2502 3320 ᾥδῆς
2532 3257 2610 3325 τῷ
2644 3251 2834 3332 Δαυῖδ,
2891 3254 3249 3336 ἀνεπίγραφος
3284 3253 3405 3334 παρ’
3438 3253 3643 3334 Ἐϐραί-

2797 3365 2875 3406 οις
2912 3343 2994 3418 ζ’.

2747 3429 3054 3497 ’Υποθεσις.

2090 3512 2423 3581 Ἀκολούϐως
2455 3518 2589 3593 μετὰ
2635 3521 2696 3574 τὸ
2753 3517 2992 3585 δηλῶσαι
3045 3529 3140 3578 τοῦ
3171 3520 3438 3581 Ἰουδαίων
3469 3523 3598 3584 λαοῦ
3627 3528 3739 3595 τὴν

2170 3608 2515 3687 ἀποστροφὴν
2560 3607 2613 3663 ἐν
2670 3615 2746 3682 τῷ
2795 3608 3140 3687 ὁγδοηκόστῷ
3181 3611 3380 3686 ἐννάτῳ
3416 3613 3640 3696 ψαλμῷ,
3670 3619 3738 3673 ἓν

2168 3696 2340 3769 τούτῳ
2396 3701 2474 3769 τῷ
2517 3696 2718 3772 ψαλμῷ
2770 3700 2830 3754 τὸ
2887 3700 3173 3776 πρόσωπον
3219 3703 3421 3780 εἱσάγει
3477 3711 3576 3760 τῶν
3633 3703 3732 3762 διὰ

2170 3791 2397 3860 Χριστοῦ
2425 3785 2834 3867 τελειουμένων,
2866 3791 2954 3845 καὶ
3021 3791 3289 3847 νικώντων
3318 3789 3387 3849 δι’
3418 3798 3579 3854 αύτοῦ
3605 3797 3735 3862 τοὺς

2165 3875 2389 3940 νοητοὺς
2421 3873 2666 3954 ἐχθροὺς,
2701 3876 2876 3956 ἀρχὰς
2931 3877 3138 3949 δηλαδῆ
3196 3883 3285 3938 καὶ
3343 3882 3601 3959 ἐξουσίας,
3635 3888 3740 3942 καὶ

2163 3963 2282 4026 τοὺς
2337 3965 2774 4044 κοσμοκράτορας
2831 3977 2924 4026 τοῦ
2971 3970 3187 4035 σκότους
3244 3972 3452 4053 τούτου,
3513 3975 3600 4030 καί
3657 3976 3734 4033 τὰ

2163 4054 2494 4127 πνευματικὰ
2543 4054 2642 4122 τῆς
2674 4057 2956 4134 πονηρίας,
2991 4060 3080 4115 καὶ
3128 4061 3286 4116 αὐτὸν
3324 4063 3415 4117 τὸν
3449 4061 3730 4141 ἀλιτήριον

2163 4148 2405 4200 Σατανᾶν
2439 4161 2455 4178 ⁶
2490 4145 2543 4200 οἳ
2580 4145 2666 4200 καὶ
2718 4145 3068 4221 πολυτρόπως
3101 4145 3186 4204 διὰ
3216 4151 3324 4206 τῶν
3353 4152 3734 4230 προκειμένων

2161 4233 2676 4306 κατασημαίνονται,
2723 4233 2898 4300 Φόϐος
2954 4239 3040 4294 καὶ
3097 4243 3398 4318 νυκτερινὸς
3449 4244 3537 4298 καὶ
3565 4241 3727 4318 βέλος

2160 4322 2366 4400 ἡμέρας
2395 4325 2718 4400 πετόμενον,
2753 4329 2839 4382 καὶ
2888 4334 3109 4406 πρᾶγμα
3164 4327 3610 4411 διαπορευόμενον
3664 4337 3732 4390 liv

2163 4413 2368 4479 σκότει,
2405 4413 2491 4468 καὶ
2522 4423 2828 4491 σύμπτωμα
2871 4419 2959 4472 καὶ
3015 4415 3292 4494 δαιμόνιον
3325 4421 3717 4502 μεσημϐρινὸν,

2159 4505 2247 4559 καὶ
2279 4500 2530 4582 χιλιάδες
2563 4505 2652 4560 καὶ
2705 4503 2975 4586 μυριάδες,
3038 4509 3126 4564 καὶ
3184 4509 3366 4584 ἀσπὶς,
3420 4513 3509 4568 καὶ
3553 4500 3730 4590 *βασι-

2160 4592 2366 4664 λίσκος,
2404 4593 2489 4647 καὶ
2521 4590 2682 4665 λέων,
2713 4596 2802 4651 καὶ
2831 4592 3061 4673 δράκων.
3092 4600 3237 4655 Κατᾶ
3265 4600 3468 4657 τούτων
3497 4599 3561 4669 δὴ
3592 4603 3734 4660 πάν.

2160 4704 2267 4736 των
2296 4681 2394 4747 τὴν
2421 4682 2574 4748 νίκην
2607 4682 2915 4762 ἀναγορεύει
2946 4690 3024 4758 τῷ
3054 4692 3146 4743 τοῦ
3178 4691 3308 4744 Θεοῦ
3333 4687 3614 4769 ἀνθρώπῳ.

2157 4770 2221 4828 Ὀ
2263 4775 2526 4827 κατοικῶν
2587 4772 2642 4826 ἐν
2684 4773 2902 4848 βοηθείᾳ
2958 4778 3052 4831 τοῦ
3121 4775 3396 4852 Ὑψίστου.
3459 4782 3532 4838 Τὸ
3579 4802 3728 4860 προ-

2079 4862 2305 4942 φητικὸν
2349 4868 2557 4934 πνεῦμα
2586 4863 2676 4918 τὸν
2723 4860 2997 4941 ἄνθρωπον
3050 4865 3141 4921 τὸν
3171 4868 3548 4944 ποιησάμενον
3584 4870 3733 4946 βοή-

2077 4955 2222 5008 θειαν
2251 4949 2339 5005 καὶ
2368 4949 2675 5027 ἐπικουρίαν
2705 4953 2954 5029 Χριστὸν,
3004 4951 3062 5019 ὅς
3091 4955 3182 5011 καὶ
3211 4955 3352 5013 ἔστιν
3413 4957 3723 5038 ’³Υψιστος,

2078 5041 2378 5118 μακαρίζει.
2417 5044 2534 5102 Πῶς
2565 5040 2664 5117 γὰρ
2698 5044 2758 5099 ού
2789 5043 3050 5118 μακάριος
3083 5047 3110 5100 ὁ
3140 5047 3231 5101 τὸν
3263 5051 3393 5104 Θεὸν
3423 5056 3518 5106 τοῦ
3555 5051 3728 5125 ούρα-

2079 5138 2170 5189 νοῦ
2200 5129 2510 5196 σκεπαστὴν
2544 5127 2694 5209 ἔχειν
2725 5130 2962 5196 ἀξιωθείς
2994 5154 3010 5206 ;
3065 5133 3161 5191 Ἐν
3217 5141 3390 5214 σκέπῃ
3445 5145 3543 5195 τοῦ
3591 5146 3730 5196 Θεοῦ

2079 5228 2172 5277 τοῦ
2227 5223 2446 5298 ούρανοῦ
2503 5218 2905 5289 αύλισθήσεται.
2970 5222 3032 5280 ’0
3087 5222 3263 5298 μένων
3317 5224 3374 5281 ἐν
3423 5227 3592 5304 ταύτῃ
3650 5235 3727 5305 τῇ

2077 5311 2297 5389 βοηθείᾳ
2328 5307 2582 5366 σγέπεται
2614 5311 2704 5365 καὶ
2735 5308 3085 5390 φυλάσσεται.

2148 5399 2300 5470 Ἐρεϊ
2357 5404 2434 5470 τῷ
2493 5399 2710 5475 Κυρίῳ·
2773 5396 3152 5482 Ἀντιλήπτωρ
3212 5425 3318 5478 μου
3358 5417 3433 5467 εἴ.
3492 5407 3590 5464 Καὶ
3638 5408 3723 5472 τίς

350 5513 440 5566 est
468 5499 570 5581 qui
598 5499 709 5558 hoc
741 5492 990 5555 Domino
1032 5488 1200 5581 dicit,
1231 5485 1342 5548 nisi
1394 5487 1571 5547 homo
1601 5488 1704 5563 qui
1736 5491 1980 5552 conﬁdit

2137 5495 2214 5563 τῷ
2246 5487 2419 5563 Κυρίῳ
2448 5483 2623 5565 λέγων
2673 5487 2708 5555 ἢ
2741 5484 3017 5567 ἅνθρωπος
3049 5493 3076 5547 ὁ
3121 5494 3390 5558 πεποιθὼς
3422 5493 3508 5550 ἐπ’
3539 5496 3708 5576 αὐτῷ,

351 5593 412 5655 in
441 5577 593 5673 ipso,
629 5593 688 5648 et
718 5581 893 5646 saluti
919 5582 1046 5658 ejus
1075 5577 1319 5639 innixus
1347 5583 1482 5638 est?

2062 5583 2162 5640 καὶ
2196 5577 2284 5634 ἐπὶ
2312 5581 2381 5652 τῇ
2412 5577 2652 5652 σωτηρίᾳ
2679 5575 2839 5635 αὐτοῦ
2870 5577 3278 5660 ἐπερειδόμενος
3311 5601 3329 5660 ;
