3992 6208
245 346 372 412 401

1410 344 1814 406 EXPOSITIO
1859 345 1940 406 IN
1991 347 2354 410 PSALMUM
2401 348 2522 410 XC.

3549 345 3668 411 402

339 485 500 543 "Ott
541 485 710 550 αὐτὸς
767 484 982 559 ῥύσεταί
1036 504 1096 538 σε
1153 483 1214 539 ἐκ
1257 479 1504 560 παγίδος,
1567 477 1916 561 Προεδίδαξεν,

2095 478 2152 542 3.
2189 479 2496 556 Quoniam
2527 481 2654 558 ipse
2698 477 2976 541 liberabit
3008 487 3064 541 te
3113 479 3183 541 de
3243 481 3482 560 laqueo,
3541 489 3659 545 etc.

239 577 326 640 ὡς
365 577 426 630 αἱ
485 575 854 649 ἀντικείμεναι
899 570 1146 647 δυνέμεις
1199 567 1283 630 διὰ
1335 571 1536 628 τούτων
1585 567 1928 644 κατασημαίο

243 687 484 726 νονται,

336 751 444 810 Ἐν
535 767 656 818 τοῖς
741 749 1090 831 μεταφρένοις
1182 749 1342 806 αὗτοῦ
1421 749 1722 806 ἐπισκιάσει
1820 769 1926 810 σοι,

245 845 576 920 Εἰρηκότος
629 849 722 898 τοῦ
773 841 1051 918 ἀνθρώπου
1093 847 1186 896 τοῦ
1245 841 1402 911 Θεοῦ,
1449 841 1522 902 ὡς
1587 839 1718 902 Θεὸς
1771 839 1929 902 αὒτὸς

233 933 490 1008 ῥύσεται
553 937 616 988 ὲκ
669 933 766 998 τῆς
825 931 930 986 τῶν
989 933 1258 1006 θηρευτῶν
1305 925 1554 1006 παγίδος,
1617 926 1678 983 ἔκ
1723 949 1781 983 τε
1824 931 1932 984 τῶν

235 1020 616 1098 ταραχωδῶν
641 1020 836 1098 λόγων,
871 1020 1214 1096 ἀποκρίνεται
1247 1019 1308 1074 τὸ
1354 1023 1570 1092 Πνεῦμα
1613 1019 1674 1073 τὸ
1705 1039 1924 1096 προφη-

229 1114 404 1166 τικὸν
445 1113 855 1189 παραθαρσύνειν
913 1111 1070 1166 αὒτὸν
1127 1110 1214 1164 καὶ
1279 1110 1352 1171 εἷς
1401 1106 1640 1185 ἀνδρείαν
1690 1105 1928 1164 ὑπαλετ-

235 1225 348 1280 φοι-δ
389 1202 782 1276 πνευματικήν
815 1216 828 1230 ⁸
893 1199 985 1256 Ἐν
1043 1211 1163 1262 τοῖς
1223 1197 1571 1278 μεταφρένοις
1607 1196 1769 1253 αὖτοῦ
1801 1195 1928 1252 ἐπι-

237 1291 486 1346 σκιάσει
539 1312 624 1346 ac:
661 1308 678 1326 °
731 1289 858 1346 ὡσεὶ
929 1289 1250 1366 σαφέστερον
1311 1287 1460 1364 λέγοι
1497 1307 1512 1323 ·
1581 1285 1824 1360 Καλύψει
1871 1305 1929 1339 σε

239 1383 358 1436 Σιπὸ
427 1381 542 1446 τὴν
605 1381 757 1436 σκιὰν
805 1384 912 1434 τῶν
969 1378 1244 1456 πτερύγων
1294 1379 1494 1434 αὐτοῦ·
1555 1378 1642 1432 καὶ
1703 1377 1812 1450 μὴν
1843 1377 1929 1430 καὶ

235 1469 422 1542 ὅπλῳ
493 1469 754 1524 σκεπασει
815 1489 898 1529 σε,
953 1469 1026 1525 0-5
1086 1465 1150 1534 δὴ
1211 1466 1522 1544 γενομένου,
1577 1463 1791 1540 οὐδεμία
1821 1469 1926 1520 τῶν

231 1557 666 1632 ἀντικειμένων
695 1555 964 1632 δυνάμεων
997 1555 1342 1634 παραὸλάψει
1373 1577 1458 1615 σε.

332 1647 498 1702 Ἀπὸ
551 1647 740 1722 βέλους
799 1645 1092 1720 πετομένου
1165 1644 1396 1719 ἡμέρας,
1454 1645 1782 1722 Ἀκάθαρτόν
1839 1666 1924 1700 τι-

233 1759 316 1790 να
363 1733 616 1808 δύναμιν
679 1735 768 1790 νῦν
823 1735 977 1812 βέλος
1035 1735 1336 1809 ὠνόμασεν,
1401 1731 1536 1790 Ἀπὸ
1585 1733 1988 1816 συμπτώμαοθ

233 1847 340 1886 to:
395 1827 503 1878 καὶ
561 1823 834 1898 δαιμονίου
893 1821 1284 1902 μεσημϐρινοῦ.
1341 1823 1414 1880 Οὖ
1467 1823 1732 1902 σύγκριμα
1799 1819 1924 1877 δαι-

233 1911 538 1988 μονιῶδες
571 1913 926 1990 μεσημϐρίας.
964 1916 1068 1970 Τὸν
1119 1914 1217 1990 γὰο
1283 1909 1652 1990 μεσημϐρινὸν
1694 1909 1924 1986 δαίμονά

231 2025 420 2080 quin:
457 2005 606 2057 εἶναι
635 2007 742 2068 τῆς
783 2000 1030 2068 ἀκηδίας.

333 2099 622 2147 lla-321:1:
677 2091 736 2148 ἐκ
790 2093 882 2147 τοῦ
933 2091 1144 2157 κλίτους
1202 2112 1298 2146 σου
1349 2089 1557 2170 χιλιάς.
1627 2088 1814 2150 Κλίτος
1863 2089 1924 2144 τὺ

1091 2229 1106 2260 ,
1185 2181 1408 2245 εἰκότως
1467 2179 1590 2256 μέν.
1638 2179 1818 2250 Τούτῳ
1869 2175 1924 2233 δὲ

237 2273 350 2332 τὰς
389 2267 670 2350 χνλιάδας
717 2267 1079 2326 ἐπιϐουλεύειν
1111 2271 1241 2350 φησί
1273 2290 1289 2304 ·
1342 2281 1458 2330 τοῖς
1498 2289 1559 2346 γε
1595 2267 1702 2343 μῆν
1731 2265 1923 2332 δεξιοῖς

231 2363 340 2422 τὰς
381 2357 686 2436 μυριάδας.
711 2362 787 2418 Τὰ
816 2363 918 2438 γὰρ
953 2359 1184 2424 ἐπιδέξια
1227 2361 1334 2416 τῶν
1379 2359 1713 2436 πραγμάτων
1741 2359 1919 2432 ημῶν,

231 2453 336 2506 καὶ
393 2456 522 2504 τῶν
581 2449 782 2526 ἀρετῶν
841 2452 930 2506 καὶ
989 2451 1184 2530 ἰσχυρὰ
1239 2451 1334 2504 καὶ
1379 2447 1806 2526 θαυμαστότερα,
1859 2447 1922 2502 τὸ

231 2540 476 2606 πλῆθος
527 2545 640 2593 τῶν
695 2545 944 2617 πονηρῶν
996 2539 1271 2614 δυνάμεων
1331 2537 1622 2616 παραλύειν
1697 2535 1918 2616 ἐπιχει-

231 2183 553 2260 ἆριστερὸν
611 2180 768 2258 μέρος
827 2183 1080 2254 σημαίνει

269 2651 434 2686 ςιυσι.

269 2653 434 2686 ςιυσι.

231 2653 266 2708 ρ
331 2717 506 2782 Πλὴν
563 2729 683 2779 τοϊς
731 2717 1030 2796 ὀφθαλμοῖς
1100 2741 1195 2774 σου
1237 2719 1622 2786 κατανοήσεις.
1665 2713 1919 2790 Βλαὸήσῃ

239 2811 356 2882 μέν
391 2805 582 2880 tri-3%»,
621 2809 802 2882 φησιν,
837 2807 897 2864 ἐκ.
941 2814 1048 2864 τῶν
1105 2805 1562 2864 ἐπιϐουλευόντων
1601 2831 1606 2836 ·
1651 2803 1924 2880 συμϐήσε-

239 2920 340 2953 ται
373 2895 440 2952 δέ
475 2917 564 2952 σοι
589 2895 852 2958 πεσόντας
889 2895 1020 2953 ἰδεῖν
1045 2899 1164 2962 τοὺς
1193 2896 1438 2976 ἐχθρούς,

335 2989 454 3044 Τὸν
507 2983 778 3060 ”Ι’ψιστον
853 2985 968 3042 ἔθου
1031 2987 1343 3066 καταφυγήν
1415 3008 1532 3044 σου.
1609 2983 1925 3064 ’Λντιιρθέγ-

239 3099 414 3154 ’τεται
451 3076 524 3130 τὸ
567 3085 664 3133 τοῦ
695 3078 827 3130 Θεοῦ
857 3075 1156 3154 ἀνθρώπου,
1209 3079 1270 3132 τὸ
1303 3079 1520 3150 Πνεῦμα
1549 3078 1612 3132 τὸ
1644 3095 1918 3153 προφητι-

239 3171 370 3234 κὸν,
415 3165 554 3220 ὅσον
581 3167 682 3228 τὴς
715 3166 784 3226 εἷς
819 3163 1190 3230 Θεὸν-ἐλπίδος
1223 3167 1284 3222 τὸ
1305 3163 1488 3242 κέρδος
1522 3166 1684 3220 ἐστίν.

331 3257 412 3310 03
479 3253 892 3332 προσελεύσεται
957 3257 1088 3332 πρὸς
1145 3257 1204 3310 σέ
1279 3255 1440 3312 κακά.
1521 3254 1588 3311 Ἠ
1659 3255 1758 3330 γάρ
1818 3257 1916 3318 τῆς

237 3345 454 3404 κακίας
509 3345 662 3420 φύσις
711 3341 898 3406 ἔξωθεν
945 3342 1260 3422 ἐπέρχεται,
1319 3342 1416 3410 τῆς
1479 3343 1676 3418 ἀρετῆς
1705 3339 1914 3396 οἴκοθεν

243 3435 350 3498 τὴν
383 3433 662 3510 πρόσεισιν
697 3432 954 3510 ἐχούσης.
995 3433 1130 3500 Εἰ)θῆ
1161 3437 1260 3511 γὰρ
1291 3436 1318 3488 ὁ
1369 3433 1498 3497 Θεὸς
1563 3435 1652 3488 τὸν
1709 3429 1914 3508 ἅνθρω-

243 3545 354 3578 πον
419 3523 748 3594 πεποίηκεν,
807 3521 896 3602 ὅς,
950 3525 1190 3593 ζητήσας
1268 3521 1556 3599 λογισμώς
1617 3521 1908 3599 πονηροὺς,

245 3609 448 3675 ἔξωθεν
515 3611 856 3667 ἐπεσπάσατο
937 3615 1037 3678 τήν
1115 3613 1324 3670 κακίαν.
1397 3613 1496 3668 Καὶ
1553 3607 1745 3685 μάστιξ
1821 3609 1916 3666 οὒκ

249 3701 440 3778 ἑγγιεῖ
499 3699 552 3754 ἐν
599 3707 676 3774 τῷ
737 3703 1050 3775 σκηνώματί
1107 3723 1224 3762 σου.
1290 3699 1514 3778 Θαῤῥεῖν
1573 3700 1761 3760 αὐτοὺς
1826 3699 1914 3754 καὶ

249 3788 432 3862 μηδὲν
484 3789 650 3854 ἀηδὲς
717 3791 982 3847 πείσεσθαι
1043 3789 1488 3868 παρακελεύεται,
1543 3789 1604 3844 ἐκ
1663 3794 1754 3844 τοῦ
1819 3809 1915 3842 πι-

255 3880 472 3934 στεύειν
529 3877 762 3956 ἄγγελον
823 3881 1019 3956 βοηθὸν
1064 3885 1142 3938 τῶ
1215 3881 1287 3943 εἷς
1368 3881 1498 3936 Θεὸν
1553 3877 1912 3934 πιστευόντων

253 3967 786 4042 καταπεμπόμενον.

335 4057 486 4114 ’Ὅτι
533 4071 656 4122 τοῖς
721 4059 968 4135 ἀγγέλοις
1045 4061 1206 4116 αὒτοῦ
1265 4059 1560 4116 ἐντελεῖται
1616 4059 1734 4134 περὶ
1795 4079 1912 4114 σου.

261 4153 432 4202 Τοῦτο
481 4148 572 4201 καὶ
603 4147 658 4202 ἐν
691 4153 768 4218 τῷ
798 4147 884 4224 λγ¹
920 4149 1022 4230 ἔφη
1055 4148 1256 4224 ψαλμῷ
1287 4164 1300 4178 ⁸
1357 4145 1702 4225 Παρεμδαλεῖ
1745 4145 1916 4224 ἅγγε-

259 4235 352 4298 λος
419 4239 618 4314 Κυρίου
701 4237 880 4308 κύκλῳ
969 4246 1077 4296 τῶν
1147 4235 1492 4316 φοϐουμένων
1569 4237 1752 4314 αὑτὸν,
1827 4241 1917 4292 καὶ

2013 571 2142 630 tam
2199 569 2400 630 docuit
2451 569 2824 632 adversaries
2857 577 3178 650 potestates
3209 568 3374 630 hisce
3428 568 3660 648 signiﬁ-

2015 677 2138 719 cari
2149 707 2158 719 .

2095 751 2154 830 4,
2192 753 2248 812 5.
2284 745 2569 827 Scapulis
2596 751 2724 810 suis
2751 747 3133 810 obumbrabit
3163 746 3296 828 tibi,
3335 753 3448 810 etc.
3485 751 3662 811 Post-

2015 857 2198 917 quam
2231 837 2478 899 dixisset
2509 839 2686 898 homo
2717 837 2848 912 Dei,
2877 837 3035 918 quod
3085 839 3244 899 Deus
3277 837 3407 916 ipse
3439 838 3658 901 libera-

2014 936 2184 989 turus
2213 926 2288 987 sit
2323 925 2398 988 de
2427 925 2644 1006 laqueo
2681 927 3019 988 venantium
3072 935 3131 988 et
3189 946 3222 987 a
3277 927 3476 990 verbis
3531 937 3662 990 tur-

2014 1015 2296 1093 bulentis,
2360 1015 2686 1094 respondet
2761 1013 3018 1094 Spiritus
3077 1013 3462 1096 propheticus
3513 1017 3662 1080 dans

2013 1105 2124 1184 ipsi
2161 1104 2462 1184 ﬁduciam,
2501 1113 2560 1166 et
2589 1105 2660 1166 ad
2701 1103 3110 1166 fortitudinem
3141 1103 3452 1166 concitans
3485 1107 3664 1186 spiri-

2012 1193 2229 1255 tualezn
2265 1215 2276 1256 :
2311 1193 2588 1274 Scapulis
2647 1195 2777 1257 suis
2848 1192 3230 1256 obrumbubit
3292 1195 3428 1274 tibi,
3486 1197 3664 1277 quasi

2013 1284 2231 1345 clarius
2261 1283 2486 1344 diceret
2521 1306 2533 1340 :
2569 1283 2692 1347 Sub
2716 1283 2926 1346 umbra
2949 1282 3180 1344 alarum
3213 1301 3456 1345 suarum
3513 1304 3658 1366 pro-

2013 1383 2170 1452 teget
2201 1383 2279 1444 te,
2309 1381 2484 1454 atque
2519 1374 2696 1434 etiam
2729 1382 2897 1434 scuto
2929 1373 3158 1453 operiet
3191 1381 3272 1436 te.
3307 1375 3437 1448 Quo
3495 1376 3656 1438 facto

2015 1463 2175 1524 nulla
2204 1479 2276 1524 ex
2305 1461 2662 1524 adversariis
2695 1461 3089 1544 potestatibus
3121 1461 3297 1525 laedet
3333 1473 3412 1525 te.

2091 1643 2150 1706 6.
2193 1647 2238 1703 A
2303 1645 2529 1721 sagitta
2589 1641 2829 1704 volante
2887 1643 2952 1703 in
2999 1641 3122 1714 die,
3179 1649 3293 1704 etc.
3359 1643 3654 1721 impuram

2010 1732 2326 1814 quamdam
2397 1740 2762 1812 potestatem
2825 1749 2982 1792 nunc
3026 1731 3298 1806 sagittam
3345 1741 3535 1793 vocat.
3597 1735 3652 1796 Α

2009 1824 2191 1884 ruina
2213 1829 2272 1884 et
2290 1822 2590 1884 (lanionia
2623 1822 3017 1884 meridiano.
3073 1819 3218 1881 Nam
3253 1821 3651 1885 meridianum

2010 1911 2342 1973 daamonem
2368 1911 2446 1972 ait
2479 1911 2733 1992 pigritiae
2765 1928 2918 1971 esse.

2087 2091 2148 2152 7.
2183 2089 2414 2152 Cadent
2441 2107 2480 2151 a
2501 2090 2700 2151 latere
2733 2103 2836 2152 tuo
2865 2087 3052 2160 mille,
3089 2099 3204 2151 etc.
3233 2091 3416 2152 Latus
3475 2091 3654 2152 sinis-

2009 2189 2160 2240 trum
2217 2179 2605 2258 signiﬁcatur,
2687 2179 2898 2240 merito
2958 2178 3224 2258 quidem.
3305 2179 3456 2242 Huic
3511 2197 3654 2242 vero

2007 2269 2178 2330 lateri
2211 2267 2396 2328 millia
2424 2267 2696 2330 insidiari
2728 2267 2808 2328 ait
2841 2285 2854 2330 :
2891 2267 3122 2330 dextris
3177 2277 3376 2330 autem
3441 2269 3650 2332 decem

2010 2358 2214 2420 millia.
2247 2357 2533 2419 Dexteras
2563 2358 2780 2438 quippe
2808 2357 3079 2418 actiones
3111 2364 3374 2430 nostras,
3411 2367 3470 2419 et
3531 2359 3651 2420 vir-

2010 2457 2197 2510 tutum
2257 2456 2425 2527 gesta
2472 2446 2646 2507 fortia
2712 2467 2780 2507 ac
2859 2445 3248 2521 mirabiliora,
3335 2447 3652 2511 multitudo

2009 2539 2398 2616 malignarum
2432 2543 2788 2616 potestatum
2819 2543 3089 2598 evertere
3120 2547 3432 2600 conantur.

2087 2719 2122 2776 8
2187 2713 2612 2778 Verumtamen
2643 2715 2840 2777 oculis
2872 2717 2992 2777 tuis
3012 2715 3441 2780 considerabis.
3468 2715 3652 2792 Nihil,

2014 2805 2228 2886 inquit,
2267 2804 2482 2866 laedent
2513 2811 2568 2864 te
2623 2803 3028 2866 insidiatores.
3089 2803 3402 2885 Continget
3458 2815 3650 2869 autem

2014 2895 2120 2957 tibi
2155 2903 2215 2956 ut
2246 2894 2441 2974 lapsos
2473 2895 2673 2956 videas
2703 2893 2980 2955 inimicos
3013 2899 3174 2956 tuos.

2089 2985 2206 3047 9.A
2222 2984 2550 3048 ltsssimum
2571 2985 2832 3063 posuisti
2851 2984 3166 3063 refugium
3195 2983 3656 3064 tuum.Spiritus

2012 3075 2394 3154 propheticus
2427 3071 2692 3134 vicissim
2723 3072 3052 3153 alloquitur
3084 3073 3360 3153 spiritum
3396 3073 3656 3136 hominis

2005 3165 2134 3238 Dei,
2168 3163 2390 3224 docens
2421 3171 2704 3243 quantum
2739 3161 2816 3222 sit
2846 3163 2974 3241 spei
3004 3181 3143 3242 erga
3172 3162 3358 3224 Deum
3393 3164 3654 3227 lucrum.

2085 3251 2180 3316 iO.
2215 3252 2348 3314 Non
2377 3251 2648 3314 accedent
2679 3252 2762 3313 ad
2794 3261 2848 3311 te
2879 3255 3070 3314 mala.
3104 3251 3248 3313 Nam
3284 3253 3422 3314 mali
3451 3261 3660 3315 natura

2001 3345 2370 3404 extrinsecus
2400 3341 2656 3414 advenit,
2704 3360 2840 3402 cum
2899 3349 3101 3402 nostra
3155 3344 3336 3403 virtus
3367 3343 3656 3405 intrinse-

1999 3450 2126 3494 cam
2163 3430 2376 3493 habeat
2407 3449 2671 3494 causam.
2707 3428 2852 3492 Nam
2913 3429 3072 3492 Deus
3139 3431 3282 3493 fecit
3346 3431 3652 3494 hominem

1999 3531 2255 3595 rectum,
2291 3521 2392 3602 qui
2425 3539 2699 3600 quaerens
2731 3521 3122 3599 cogitationes
3155 3521 3362 3598 malas,
3419 3521 3650 3584 extrin-

2000 3629 2174 3672 secus
2203 3611 2319 3671 sibi
2372 3609 2656 3671 malitiam
2715 3611 2973 3671 attraxit.
3027 3611 3108 3672 Et
3169 3611 3482 3690 ﬂagellum
3536 3630 3660 3674 non

1997 3700 2510 3780 appropinquabit
2541 3699 2932 3762 tabernaculo
2967 3707 3092 3762 tuo.
3131 3699 3448 3762 Conﬁdere
3487 3701 3660 3780 jubet

1999 3808 2124 3860 eos,
2155 3789 2311 3870 quod
2344 3788 2493 3850 nihil
2517 3789 2814 3867 ingratum
2847 3789 3108 3868 accidat,
3143 3797 3346 3868 utpote
3375 3790 3475 3871 qui
3523 3809 3654 3852 cre-

1999 3879 2099 3938 dat
2129 3879 2370 3940 missum
2405 3877 2679 3957 angelum
2737 3877 2917 3940 fuisse
2976 3879 3389 3940 auxiliatorem
3448 3895 3654 3940 eorum

2003 3969 2104 4048 qui
2139 3971 2194 4028 in
2231 3971 2416 4031 Deum
2452 3969 2726 4032 credunt.

2089 4063 2180 4120 lt.
2213 4059 2516 4133 Quoniam
2550 4058 2780 4138 angelis
2800 4059 2928 4119 suis
2959 4057 3273 4120 mandabit
3296 4059 3367 4120 de
3393 4067 3467 4118 te.
3501 4057 3668 4139 Idip-

2001 4167 2132 4208 sum
2164 4148 2225 4208 in
2259 4147 2564 4209 tricesimo
2597 4152 2770 4210 tertio
2803 4149 3027 4228 psalmo
3051 4149 3132 4209 ait
3189 4167 3203 4212 :
3245 4147 3656 4212 Custrameta—

2001 4241 2140 4296 bitur
2183 4241 2401 4313 angelus
2438 4241 2668 4298 Domini
2693 4243 2752 4298 in
2776 4241 3022 4298 circuitu
3082 4243 3389 4299 timentium
3439 4261 3552 4298 eum
3581 4241 3655 4297 61.

259 4323 476 4398 ῥῖισεται
535 4329 752 4390 uino-3:.
809 4327 1116 4403 Ἀκούωμεν
1175 4325 1226 4383 δὲ
1276 4329 1364 4384 καὶ
1419 4325 1610 4384 Ἰακὼϐ
1661 4333 1755 4382 τοῦ
1804 4348 1910 4382 πα-

2022 4327 2332 4388 tudiamus
2357 4337 2555 4388 autem
2606 4327 2996 4406 patriarcham
3056 4327 3238 4390 Iacob
3300 4329 3652 4393 dicentem:

265 4415 526 4494 τριαρχου
579 4414 836 4492 λέγοντος
877 4439 890 4452 ·
948 4417 1006 4475 Ὀ
1067 4418 1296 4496 ἄγγελος
1355 4421 1382 4474 ὁ
1425 4417 1682 4496 ῥυόμενος
1739 4437 1805 4490 με
1855 4415 1914 4470 ἐκ

2022 4421 2234 4492 ingelus
2263 4421 2359 4494 qui
2384 4421 2584 4493 eripuit
2633 4437 2718 4476 me
2777 4437 2840 4476 ex
2886 4423 3132 4480 omnibus
3189 4422 3348 4478 malis
3399 4425 3522 4478 meis
3577 4421 3650 4478 6³.

271 4503 480 4558 παντων
525 4510 636 4558 τῶν
669 4507 848 4560 κακῶν
907 4529 1030 4580 μου,
1085 4507 1181 4564 Καὶ
1236 4509 1262 4562 ὁ
1317 4505 1483 4583 μέγας
1520 4501 1764 4579 Ἀϐραὰμ
1821 4505 1911 4558 τὸν

269 4593 480 4658 οἰκέτην
511 4593 921 4674 παραθαρρύνων
972 4597 1074 4674 ἔφη
1111 4614 1124 4626 ·
1191 4596 1250 4654 Ὀ
1297 4597 1424 4658 Θεὸς
1481 4593 1774 4650 ἀποστελεῖ
1824 4594 1912 4648 τὸν

1589 4685 1676 4739 καὶ
1761 4680 1914 4758 λήψῃ

1571 4775 1912 4850 Πανταχόθεν

259 4865 434 4918 τοῖνυδ
463 4865 827 4936 μανθανομεν,
861 4867 934 4925 ὡς
979 4867 1064 4920 καὶ
1119 4863 1188 4919 δι’
1247 4863 1489 4942 ἀγγέλων
1545 4875 1764 4942 φρουρεῖ
1793 4863 1914 4922 τοὺς

263 4955 336 5014 εἰς
375 4955 534 5010 αὐτὸν
567 4952 892 5014 πεποιθότας
925 4957 952 5009 ὁ
1003 4959 1107 5008 τῶν
1167 4951 1304 5009 ὅλων
1356 4957 1508 5016 Θεός.
1565 4959 1667 5009 Τοῦ
1723 4949 1914 5029 διαφυσ-

267 5042 422 5108 λαξαι
457 5063 512 5096 σε
571 5041 624 5096 ἐν
689 5043 884 5106 πάσαις
941 5041 1066 5108 ταῖς
1111 5041 1258 5106 ὁδοῖς
1321 5065 1438 5101 σου.
1506 5041 1564 5100 Ὀ
1615 5039 1670 5096 ἐν
1730 5039 1916 5116 μηδενὶ

569 5131 724 5196 οὗτος
769 5129 1184 5211 διαφυλάσσεται
1227 5135 1278 5188 ἐι
1334 5133 1532 5196 πάσαις
1591 5143 1710 5196 ταῖς
1769 5127 1918 5192 ὁδοῖς

267 4683 494 4760 ἇῒῖελῡν
581 4685 742 4739 αὖτοῦ
827 4687 926 4760 πρὸ
1013 4687 1301 4766 προσώπου
1377 4707 1495 4757 σου,

259 4787 496 4850 ofﬂam:
553 4771 742 4830 Ἰσαὰκ
783 4781 860 4848 τῷ
901 4778 996 4848 υἱῷ
1074 4797 1175 4850 μου
1251 4775 1478 4832 ἐκεῖθεν.

269 5133 476 5187 πταίων

273 5223 364 5276 αὖτ
371 5227 430 5276 οὗ
439 5267 452 5277 .

355 5312 576 5378 Μήποτε
649 5311 966 5388 προσκόψῃς
1039 5311 1172 5388 πρὸς
1233 5310 1380 5365 λίθον
1433 5311 1526 5366 τὸν
1599 5305 1734 5365 πόδα
1795 5331 1911 5370 σου,

273 5397 330 5458 Ὀ
383 5399 514 5464 ποῦς
571 5399 668 5474 μὲν
729 5401 832 5470 τήν
891 5401 1078 5478 ψυχήν
1123 5401 1398 5478 σημαίνει,
1455 5402 1482 5454 ὁ
1535 5397 1590 5454 δὲ
1641 5397 1780 5460 λίθος
1815 5398 1916 5467 τήν

275 5491 551 5568 ἁμαρτίαν,

487 5179 504 5210 3

1999 4505 2068 4566 Et
2121 4524 2365 4584 magnus
2437 4507 2730 4567 Abraham
2797 4505 3124 4568 domestico
3185 4527 3294 4568 suo
3372 4507 3646 4568 ﬁduciam

1999 4595 2227 4656 addens
2259 4595 2494 4656 aiebat:
2538 4595 2688 4656 Deus
2717 4597 2912 4658 mittet
2951 4595 3233 4676 angelum
3274 4615 3448 4658 suum
3506 4604 3652 4658 ante

1996 4689 2193 4760 faciem
2223 4693 2383 4756 tuam,
2413 4702 2466 4748 et
2501 4689 2729 4760 accipies
2763 4704 2984 4744 uxorem
3019 4689 3172 4746 lsaac
3190 4689 3302 4760 filio
3332 4705 3450 4746 meo
3479 4689 3644 4745 exin-

1997 4771 2172 4833 de“.
2211 4771 2288 4832 Ex
2321 4777 2484 4832 omni
2517 4781 2680 4852 parte
2717 4771 2895 4852 igitur
2919 4771 3268 4853 ediscimus,
3295 4773 3451 4852 quod
3507 4773 3643 4834 uni-

1999 4880 2304 4922 versorum
2337 4865 2495 4924 Deus
2527 4879 2630 4922 eos
2661 4862 2762 4942 qui
2795 4861 3046 4922 credunt
3079 4869 3136 4922 iu
3179 4863 3366 4941 ipsum
3398 4881 3504 4942 per
3535 4881 3648 4924 an-

2000 4951 2163 5029 gelos
2193 4951 2504 5014 custodiat.
2547 4950 2616 5014 Ut
2648 4951 2996 5014 custodiant
3027 4959 3084 5014 te
3113 4953 3176 5013 in
3205 4953 3486 5015 omnibus
3532 4954 3652 5015 viis

2003 5043 2144 5103 tuis.
2179 5041 2288 5114 Qui
2323 5040 2382 5100 in
2419 5041 2578 5103 nullo
2603 5040 2920 5122 delinquit,
2958 5044 3005 5104 is
3035 5041 3369 5104 custoditur
3405 5043 3466 5104 in
3500 5061 3634 5104 om-

2003 5129 2181 5192 nibus
2207 5130 2314 5190 viis
2339 5128 2492 5192 suis.

2075 5313 2156 5368 1‘2.
2215 5311 2290 5368 Ne
2345 5313 2492 5383 forte
2541 5311 2774 5384 offendas
2827 5309 2896 5366 ad
2958 5311 3192 5385 lapidem
3245 5312 3432 5387 pedem
3497 5321 3650 5370 tuum

2003 5401 2114 5460 Pes
2141 5399 2404 5460 animam
2431 5395 2750 5474 signiﬁcat,
2781 5397 2932 5480 lapis
2961 5407 3294 5479 peccatum.

351 5665 410 5716 οι
449 5665 618 5728 Psal.
641 5684 848 5746 xxxiii,
878 5667 938 5727 8.
1027 5665 1088 5716 ϐε
1119 5669 1268 5730 Gen.
1294 5683 1486 5740 sum,
1531 5666 1620 5731 l6.
1705 5666 1768 5717 6³
1799 5665 1944 5731 Gen.
1977 5683 2133 5740 xxxv,
2167 5667 2225 5729 7.
