3992 6208
418 336 531 399 415

1197 340 1255 401 S.
1309 342 1732 406 ATHANASH
1773 342 1935 405 OPP.
1989 341 2184 402 PARS
2227 341 2336 402 Ill.
2386 372 2455 382 -ο
2508 339 2943 402 EXEGETICA

3671 335 3791 400 416

414 487 547 533 esse
569 487 872 533 recessum
904 488 975 533 ex
1007 471 1121 534 hoc
1148 473 1374 536 mundo
1404 482 1464 536 et
1516 475 1943 539 habitationem
1976 478 2026 538 in

2157 497 2339 541 music.
2377 473 2645 541 Δηλοῦται
2700 472 2815 545 οὖν,
2867 474 2941 539 ὡς
2983 471 3198 540 ἀληθῶς
3252 470 3585 537 κατάπαυσίς
3637 471 3784 528 ἐστιν

410 560 685 641 supernis
708 560 1142 625 mansionibus.

408 743 458 796 ι.
503 739 827 801 ΡεΑιιιυε
878 742 1040 802 xcv.
1094 745 1371 803 Canticum
1418 747 1523 819 ipsi
1578 746 1771 805 David.
1822 748 2046 816 Quando

653 826 834 886 domus
861 827 1228 901 mdiﬁcabotur
1247 836 1370 903 post
1397 831 1778 904 captivitatem.

1014 927 1424 998 Argumentum.

406 1006 470 1068 In
501 1005 857 1087 praecedenti
882 1006 1107 1088 psalmo
1135 1007 1477 1071 Judaeorum
1509 1010 1911 1090 abjectionem
1936 1032 2040 1075 va-

485 1099 765 1162 ticinatus
815 1100 866 1161 si
912 1101 974 1163 iu
1026 1100 1380 1165 inﬁdelitate
1447 1116 1926 1185 perseverarent,
1981 1105 2043 1166 in

483 1189 597 1251 boc
626 1191 893 1268 gentium
923 1191 1297 1253 vocationem
1329 1192 1582 1262 inducit,
1619 1211 1751 1271 quae
1782 1204 1910 1273 post
1942 1213 2044 1254 so-

483 1277 769 1341 lutionem
798 1278 1123 1358 spiritualis
1174 1279 1413 1342 illorum
1471 1280 1830 1362 captivitatis
1889 1282 2043 1345 facta

481 1380 589 1452 est,
625 1372 863 1453 quando
896 1390 1001 1453 per
1029 1380 1217 1434 totum
1248 1373 1457 1436 orbem
1496 1374 1766 1437 Ecclesia
1796 1375 2042 1439 fundata

480 1460 614 1525 fuit.

478 1555 541 1624 2,
554 1550 589 1615 3
618 1550 875 1614 Caritate
891 1550 1151 1615 Domino
1164 1555 1474 1615 canticum
1488 1570 1604 1616 nov
1613 1572 1732 1615 um.
1750 1553 2041 1634 Apostolis

388 1637 563 1719 jubet
593 1640 852 1720 Spiritus
881 1651 1145 1721 sanctus,
1181 1649 1244 1703 ut
1288 1649 1583 1703 canticum
1610 1642 1917 1717 novum,id
1951 1652 2040 1707 est

397 1728 626 1792 Novum
656 1732 1133 1809 Testamentum,
1168 1730 1448 1809 gentibus
1481 1750 1585 1811 per
1610 1742 1794 1793 totum
1830 1732 2035 1794 orbem

2127 566 2162 633 ἡ
2196 566 2330 640 μετὰ
2374 564 2473 630 τὴν
2508 561 2657 620 τοῦδε
2712 571 2806 621 τοῦ
2861 563 3068 638 κόσμου
3124 560 3438 639 ἀπαλλαγὴ,
3502 561 3618 628 ἧὶν
3660 574 3787 625 ταῖς

2128 652 2239 711 ἅνω
2268 667 2464 729 μοναϊς
2496 654 2833 724 κατοίκησις.

2129 749 2420 803 ΨΑΛΜΟΣ
2458 742 2594 819 4Ἐ¹.
2642 741 2775 810 Ὠδῆ
2805 748 2883 817 τῷ
2939 739 3132 821 Δαυῖὃ,
3191 741 3280 797 ὅτε
3330 743 3358 798 ὁ
3417 740 3577 803 οἶκος
3634 737 3786 813 ᾤκο-

2481 831 2690 908 δομήθη
2723 834 2858 908 μετᾶ
2887 832 2985 898 τὴν
3009 830 3416 911 αἰχμαλωσίαν.

2805 919 3105 982 ἰ’πὸθεσις.

2128 1008 2217 1067 Ἐν
2247 1018 2323 1085 τῷ
2364 1013 2466 1087 πρὸ
2498 1010 2683 1071 τούτου
2738 1010 2968 1087 ψαλμῷ,
3033 1012 3133 1077 τὴν
3163 1006 3441 1076 ἆποῦολὴν
3472 1012 3578 1066 τῶν
3636 1008 3786 1068 ἰου-

2206 1097 2364 1155 δαίων
2404 1100 2683 1173 θεσπίσας,
2743 1099 2796 1155 εἴ
2854 1121 2915 1177 γε
2971 1098 3273 1174 ἐπιμένοιεν
3299 1104 3369 1175 τῇ
3423 1098 3664 1177 ἀπιστίᾳ,
3727 1098 3785 1154 ἐν

2202 1190 2371 1262 τούτῳ
2416 1191 2512 1257 την
2564 1196 2669 1246 τῶν
2724 1192 2886 1246 ἐθνῶν
2916 1188 3115 1255 κλῆσιν
3158 1189 3380 1266 εἰσάγει,
3414 1188 3513 1256 την
3544 1187 3783 1265 γενομέ-

2205 1301 2300 1345 νην
2331 1280 2467 1352 μετὰ
2499 1281 2599 1346 τὴν
2628 1278 2779 1336 λύσιν
2808 1280 2906 1345 τῆς
2938 1283 3139 1345 νοητῆς
3174 1280 3344 1334 αὖτίυν
3372 1276 3780 1357 αἰχμαλωσίας,

2203 1366 2290 1423 ὅτε
2336 1367 2423 1424 καὶ
2466 1368 2580 1425 καθ’
2613 1368 2745 1436 ὃλης
2774 1373 2871 1435 τῆς
2932 1369 3251 1443 οἰκουμένης
3284 1370 3317 1435 ἡ
3352 1365 3641 1433 Ἐκκλησία
3677 1387 3785 1423 τε·

2204 1456 2504 1531 θεμελίωτα
2516 1482 2529 1512 ι
2542 1506 2557 1520 ,

2206 1546 2418 1619 ’ᾊσατε
2462 1553 2540 1620 τῷ
2595 1550 2765 1627 Κυρίῳ
2805 1548 2952 1622 ᾆσμα
3010 1549 3213 1605 καινόν.
3272 1555 3399 1610 Τοῖς
3455 1545 3783 1609 ἀποστόλοις

2126 1637 2185 1692 τὸ
2243 1643 2459 1711 Πνεῦμα
2494 1637 2911 1714 παρακελεύεται
2969 1638 3030 1692 τὸ
3075 1648 3255 1692 καινὸν
3309 1638 3480 1711 ᾆσμα,
3535 1635 3784 1695 τουτέστι

2122 1726 2219 1793 τὴν
2252 1726 2387 1783 Νέαν
2422 1728 2716 1797 Διαθήκην,
2778 1724 3082 1805 ἐξηγεῖσθαι
3140 1739 3257 1789 τοῖς
3291 1726 3390 1780 ἀνὰ
3440 1732 3615 1781 πᾶσαν
3675 1726 3784 1793 τὴν

397 1827 700 1881 enarrent.
714 1821 968 1882 Caritate
991 1820 1244 1882 Domino
1264 1822 1463 1883 omnis
1488 1829 1731 1885 terra...
1764 1823 2026 1883 Annuu-

2157 1815 2435 1889 ίκουμένην
2495 1813 2715 1878 ἔθνεσιν,
2750 1812 2961 1872 ’Ἂσατε
3020 1822 3098 1889 τῷ
3150 1816 3343 1893 Κυρίῳ,
3404 1820 3548 1870 πᾶσα
3602 1816 3636 1882 ἡ
3698 1819 3783 1892 γῆ

397 1909 543 1971 tiatc
570 1908 644 1970 de
672 1908 772 1971 die
800 1912 868 1971 in
883 1910 1043 1972 diem
1064 1909 1341 1972 salutare
1362 1912 1836 1991 ejus.Nunquam
1874 1909 2035 1972 enim

398 1997 579 2060 ﬁnem
608 1997 829 2060 facient
860 1999 935 2062 ad
967 2017 1161 2081 usque
1218 2000 1794 2062 consummationem
1833 1999 2036 2063 mundi

390 2084 538 2148 Novi
565 2088 927 2149 Testamenti
961 2088 1241 2169 mysteria
1266 2088 1443 2150 nobis
1476 2090 1852 2153 enuntiandi.

473 2176 845 2253 4.Quom'am
869 2195 1127 2258 magnus
1163 2179 1457 2241 Dominus
1488 2186 1542 2242 et
1574 2179 1916 2241 laudabilis
1933 2185 2034 2241 ni-

396 2271 535 2330 mis.
567 2267 806 2342 Docete,
844 2267 1060 2349 inquit,
1088 2278 1470 2349 gentes,nam
1503 2270 1553 2329 si
1575 2269 2037 2346 audiant.agno-

396 2365 564 2418 scent
594 2359 722 2437 ejus
754 2358 853 2439 qui
886 2358 1242 2439 praedicatur
1271 2358 1553 2420 deitatem
1588 2368 1647 2420 et
1672 2357 2035 2435 magnitudi-

390 2462 525 2506 nem
553 2466 569 2521 ;
601 2446 652 2507 si
676 2454 1021 2524 agnoscant,
1050 2447 1377 2508 laudabunt
1400 2464 1562 2510 eum.
1600 2446 1921 2510 Terribilis
1951 2457 2036 2508 est

389 2549 579 2615 super
598 2552 800 2598 omnes
826 2534 1147 2598 deos.ll|ud
1171 2542 1265 2599 est
1297 2536 1616 2598 maximum
1652 2537 1932 2615 gentibus
1958 2538 2033 2599 ad

390 2623 631 2685 Domini
663 2626 935 2687 timorem
968 2624 1610 2706 incitamentum,quod
1643 2625 1905 2686 viderint
1936 2644 2034 2687 eo-

385 2729 518 2773 rum
551 2712 796 2794 deos,ut
815 2713 1417 2786 vocal»ant,incendio
1449 2713 2033 2777 traditos.Noverunt

387 2801 547 2862 enim
570 2801 704 2865 illos
726 2821 937 2866 omnes
971 2821 1088 2864 non
1114 2822 1247 2865 esse
1278 2804 1561 2875 deos,sed
1593 2802 2028 2867 dzemouia.So-

387 2890 477 2952 lus
498 2898 695 2953 autem
728 2893 1016 2956 Dominus
1045 2892 1374 2954 caelestium
1409 2892 1604 2972 opifex
1630 2901 1743 2956 est.

466 2981 525 3043 5.
561 2980 870 3057 Quoniam
894 2999 1099 3044 omnes
1130 2982 1220 3043 dii
1246 2984 1517 3061 gentium
1544 2983 1875 3046 daemonia.
1912 2984 2029 3057 Qui

387 3069 547 3131 enim
606 3070 687 3133 dii
745 3072 1138 3146 vocabantur,
1204 3069 1447 3149 maligni
1498 3071 1802 3133 daemones
1847 3072 2031 3136 fuisse

385 3159 674 3240 comperti
707 3168 847 3221 sunt
878 3179 894 3220 :
928 3172 987 3221 at
1020 3160 1311 3221 Dominus
1332 3167 1530 3221 noster
1558 3162 1736 3222 oculos
1754 3161 1923 3241 fecit.

464 3249 523 3309 6.
557 3246 981 3312 Sanctimonia
1011 3256 1070 3312 et
1099 3249 1557 3328 magniﬁcentia
1583 3251 1651 3310 in
1673 3253 2026 3333 sanctiﬁca-

383 3339 546 3401 tione
572 3339 725 3408 eius.
757 3338 1157 3400 Sanctiﬁcatio
1188 3340 1320 3416 ejus
1350 3347 1443 3399 est
1471 3336 1760 3421 Ecclesia,
1793 3361 1931 3422 quae
1969 3353 2029 3405 et

380 3435 581 3489 sancta
612 3436 668 3487 et
701 3426 1012 3505 magniﬁca
1041 3434 1155 3489 est.
1196 3426 1477 3488 Excolsus
1510 3446 1768 3509 namque
1798 3441 1888 3493 est
1918 3433 2023 3494 Ec-

380 3514 585 3578 clesia;
616 3524 882 3577 ornatus.

464 3605 582 3669 7-9.
594 3606 637 3666 A
651 3606 823 3684 [ferte
837 3605 1339 3685 Domino,patriae
1357 3607 1634 3683 gentium
1647 3620 1779 3679 ,etc.
1798 3608 2028 3673 Patrias

379 3703 552 3758 vocat
577 3694 978 3757 Ecclesiarum
1018 3692 1345 3773 praefectos,
1386 3695 1443 3755 id
1474 3698 1941 3766 est,sacerdotes
1969 3708 2029 3761 et

378 3783 684 3864 praesides.
720 3783 790 3845 Et
815 3800 961 3845 sane
1002 3782 1285 3844 convenit
1314 3784 1598 3863 operibus
1631 3786 1805 3848 bonis
1837 3792 2023 3851 Deum

378 3873 734 3952 gloriﬁcare,
770 3882 829 3933 et
854 3872 1037 3952 justis
1068 3871 1369 3933 laboribus
1400 3872 1697 3937 honorare
1727 3877 2020 3952 illum,at-

380 3979 495 4043 que
525 3962 777 4042 insuper
805 3962 1131 4041 spiritualia
1160 3961 1247 4022 illi
1279 3963 1571 4027 sacriﬁcia
1611 3966 1849 4028 oﬂ‘erre.
1913 3968 2021 4031 0f-

379 4056 538 4114 terre
573 4050 852 4112 nimirum
886 4050 946 4111 in
973 4050 1133 4111 atriis
1164 4051 1385 4112 sanctis
1414 4054 1805 4131 ejus,scilicet
1837 4056 1895 4117 in
1927 4076 2022 4120 ec-

380 4139 603 4203 clesiis.
640 4141 1104 4202 Commoveatur
1142 4158 1179 4201 ιι
1227 4140 1392 4219 facie
1413 4144 1538 4219 eius
1569 4146 1859 4206 universa
1890 4153 2020 4208 ter-

383 4246 479 4293 ra.
515 4229 801 4292 Futurum
832 4227 993 4289 enim
1027 4237 1153 4290 erat
1176 4239 1243 4291 ut
1269 4249 1374 4309 per
1405 4248 1644 4293 omnem
1674 4244 1895 4296 terram
1924 4257 2023 4299 au-

382 4317 612 4381 diretur
641 4317 1007 4400 praedicatio,
1041 4329 1103 4380 et
1134 4328 1195 4380 ut
1230 4327 1387 4381 terra
1421 4320 1589 4401 quasi
1616 4340 1650 4383 a
1679 4330 1880 4401 priore
1914 4345 2022 4388 suo

378 4417 533 4471 statu
564 4416 1063 4469 commoveretur.

2128 1951 2143 1965 .
2184 1950 2197 1964 .
2238 1946 2252 1962 .
2294 1904 2767 1981 .Ἐῦαγγελίζεσθε
2827 1904 3034 1981 ἡμέραν
3098 1903 3152 1970 ἐξ
3207 1902 3412 1978 ἡμέρας
3468 1905 3530 1959 τὸ
3584 1902 3782 1971 σωτή-

2124 2014 2235 2072 ριον
2266 1996 2445 2067 αὺτοῦ,
2479 1994 2552 2051 Οίι
2580 1994 2679 2072 γὰρ
2705 1994 3000 2050 παύσονται
3035 1995 3199 2070 μέχρι
3231 1991 3530 2057 συντελείας
3561 1995 3780 2069 κόσμου

2120 2084 2186 2138 τὰ
2214 2082 2310 2149 τῆς
2337 2082 2471 2147 Νέας
2506 2085 2778 2150 Διαθήκης
2805 2084 2941 2158 ἡμῖν
2970 2082 3255 2147 λαλοῦντες
3280 2085 3571 2157 μυστήρια.

2203 2171 2338 2230 ’Ὅτι
2397 2172 2563 2250 μέγας
2622 2174 2806 2249 Κύριος
2864 2173 2951 2228 καὶ
3034 2174 3237 2235 αἱνετὸς
3320 2170 3539 2250 σφόδρα.
3601 2172 3784 2230 Διδάσ-

2120 2259 2264 2339 Exte,
2323 2264 2474 2342 φησὶ,
2521 2262 2586 2318 τὰ
2643 2261 2768 2327 ἔθνη
2801 2277 2815 2290 ·
2878 2261 2964 2316 καὶ
3022 2262 3123 2338 γὰρ
3179 2262 3551 2318 ὑπακούσαντα
3581 2275 3780 2339 γνοῖεν

2118 2357 2211 2407 τοῦ
2271 2350 2664 2426 κηρυττομένου
2715 2350 2813 2417 τὴν
2859 2349 3087 2416 θεότητα
3116 2352 3205 2406 καὶ
3234 2354 3334 2417 τὴν
3363 2350 3776 2428 μεγαλοσύνην,

2119 2444 2207 2497 καὶ
2262 2440 2454 2519 γνόντα
2512 2439 2872 2500 ἐπαινέσουσι.
2945 2437 3178 2517 Φοϐερός
3241 2439 3384 2495 ἐστιν
3435 2441 3563 2518 ὑπὲρ
3619 2442 3777 2498 πάν-

2117 2552 2211 2592 τας
2241 2533 2363 2593 τοὺς
2394 2532 2568 2591 θεούς.
2609 2535 2768 2586 Γοῦτο
2796 2527 3053 2603 μάλιστα
3109 2528 3175 2584 τὰ
3218 2529 3343 2596 ἔθνη
3392 2530 3479 2586 ἐπὶ
3533 2532 3621 2586 τὸν
3665 2539 3780 2589 τοῦ

2122 2622 2311 2698 Κυρίου
2359 2616 2521 2700 φόϐον
2573 2620 2944 2696 προτρέπεται,
2979 2619 3068 2673 τὸν
3123 2617 3444 2696 ἐμπρησμὸν
3487 2620 3779 2698 ἑωρακότα

2116 2711 2253 2765 κατὰ
2306 2716 2413 2765 τῶν
2445 2707 2609 2765 πάλαι
2640 2706 3048 2781 ὀνομαζομένων
3089 2711 3261 2764 αὒτῶν
3317 2712 3471 2770 θεῶν,
3533 2707 3778 2789 ’Ἐγνω-

2115 2820 2210 2853 σαν
2240 2800 2365 2878 γὰρ,
2394 2799 2466 2859 ώς
2503 2797 2697 2859 πάντες
2743 2796 2941 2852 ἐκεῖνοι
3001 2799 3094 2854 οὐκ
3142 2795 3278 2863 ἦσαν
3306 2798 3435 2872 θεοὶ,
3471 2796 3608 2856 ἀλλὰ
3637 2797 3776 2855 δαι-

2116 2890 2301 2963 μόνια.
2340 2888 2510 2951 Μόνος
2555 2884 2610 2942 δὲ
2645 2889 2673 2942 ὁ
2709 2886 2895 2964 Κύριος
2925 2890 3033 2940 τῶν
3060 2885 3312 2963 οὐρανίων
3335 2888 3587 2956 ποιητής.

2194 2978 2330 3035 ’Ὅτι
2387 2999 2580 3040 παντες
2645 2977 2696 3031 οἱ
2745 2976 2855 3031 θεοὶ
2910 2981 3016 3031 τῶν
3046 2975 3207 3031 ἐθοὼν
3241 2973 3514 3050 δαιμόνια.
3561 2979 3623 3036 Οἱ
3652 2978 3776 3053 μὲν

2113 3069 2213 3145 γὰρ
2255 3066 2575 3127 καλούμενοι
2605 3067 2712 3122 θεοὶ
2743 3063 2985 3139 δαίμονες
3024 3062 3279 3143 ὤφθησαν
3317 3068 3562 3140 πονηροὶ,
3616 3069 3644 3123 ὁ
3706 3064 3773 3125 δὲ

2044 3165 2085 3214 C
2109 3160 2371 3235 ἡμέτερος
2409 3157 2595 3233 Κύριος
2624 3156 2744 3218 τοὺς
2779 3156 3026 3233 οὐρανοὺς
3055 3154 3328 3222 ἐποίησεν.

2190 3246 2495 3323 Ἀγιωσύνη
2557 3246 2642 3302 καὶ
2705 3244 3144 3323 μεγαλοπρέπεια
3221 3245 3274 3300 ὲν
3334 3253 3410 3319 τῷ
3461 3248 3772 3324 ἀγιᾶσιιατι

2112 3340 2290 3399 αὐτοῦ,
2342 3335 2612 3414 Ἀγίασμα
2656 3336 2815 3393 αὐτοῦ
2856 3335 2890 3402 ἡ
2944 3330 3263 3409 Ἐκκλησία,
3310 3332 3428 3402 ἥτις
3487 3338 3574 3391 καὶ
3630 3337 3773 3417 ἁγία

2112 3425 2227 3483 ἐστι
2276 3430 2363 3481 καὶ
2420 3423 2864 3502 μεγαλοπρεπής.
2927 3420 3166 3497 ἰ’ψηλὸς
3203 3425 3307 3501 γὰρ
3339 3427 3367 3481 ὁ
3399 3424 3603 3500 κόσμος
3652 3433 3771 3495 τῆς

2112 3514 2464 3583 Ἐκκλησίας.

2193 3603 2476 3682 Ἐνέγκατε
2533 3611 2611 3676 τῷ
2667 3614 2858 3681 Κυριῳ,
2895 3606 2945 3659 αἱ
2975 3604 3196 3681 πατριαὶ
3243 3609 3349 3661 τῶν
3403 3604 3585 3668 ἐθνῶν,
3632 3613 3767 3665 Ila-

2108 3696 2255 3772 τριὲις
2307 3693 2468 3751 καλεῖ
2497 3695 2617 3759 τοὺς
2648 3700 2753 3750 τῶν
2813 3692 3151 3759 Ἐκκλησιῶν
3195 3694 3549 3772 ἡγουμένους,
3581 3697 3768 3777 ἱερέας

2109 3785 2249 3863 φημὶ
2278 3788 2365 3841 καὶ
2398 3781 2701 3863 προέδρους,
2741 3784 2837 3842 Καὶ
2895 3782 3082 3861 πρέπει
3143 3780 3229 3838 διὰ
3274 3787 3378 3840 τῶν
3424 3783 3592 3863 ἔργων
3644 3793 3768 3846 τῶν

2110 3878 2320 3955 ἀγαθῶν
2369 3875 2600 3948 δοξάζειν
2642 3877 2734 3931 τὸν
2784 3876 2940 3948 Θεὸν,
2990 3876 3077 3931 καὶ
3127 3876 3236 3947 μὴν
3293 3878 3381 3933 καὶ
3431 3884 3590 3953 τιμᾷν
3643 3880 3769 3939 ἀπὸ

2105 3965 2319 4022 δικαίων
2376 3968 2555 4022 πόνων
2612 3966 2807 4037 αὖτῶν,
2842 3963 2919 4019 ἔτι
2965 3986 3026 4042 γε
3088 3987 3197 4039 μην
3238 3967 3326 4021 καὶ
3379 3969 3558 4032 θυσίας
3607 3968 3769 4045 αύτῷ

2106 4056 2382 4136 ἀναφέρειν
2416 4056 2611 4123 νοητάς
2643 4071 2657 4085 ⁸
2710 4054 2988 4133 ἀναφέρειν
3019 4052 3075 4109 δὲ
3106 4054 3161 4110 ἐν
3194 4068 3317 4117 ταῖς
3371 4056 3541 4122 θείαις
3592 4060 3769 4117 15:05

2108 4151 2319 4225 αὗλαϊς,
2383 4144 2590 4213 δηλαδὴ
2666 4157 2787 4207 ταῖς
2878 4142 3212 4211 ἐκκλησίαις,
3274 4144 3592 4216 Σαλευθήτω
3643 4148 3769 4206 ἀπὸ

2106 4239 2395 4315 προσώπου
2446 4237 2601 4293 αὒνοῦ
2660 4241 2805 4290 πᾶσα
2859 4233 2889 4301 ἡ
2941 4234 3034 4311 γῆ.
3078 4231 3329 4309 ’Ἔμελλε
3372 4236 3471 4314 γὰρ
3522 4238 3595 4300 εἱς
3635 4244 3764 4295 πᾶ-

2105 4348 2202 4381 σαν
2259 4326 2358 4393 τὴν
2417 4323 2734 4399 οἰκουμένην
2795 4322 3107 4388 ἐξάκουσνον
3174 4323 3416 4402 γενέσθαι
3473 4327 3758 4409 κήρυγμα³

2104 4418 2192 4472 καὶ
2249 4415 2406 4471 οἱονεὶ
2446 4420 2545 4481 τῆς
2602 4413 2861 4490 προτέρας
2921 4414 3156 4474 στάσεως
3202 4413 3442 4471 σαλεύειν
3485 4415 3585 4485 τήν
3614 4418 3757 4495 γῆν,

459 4497 809 4560 10.Εεεηὶηι
833 4498 1109 4559 correxit
1128 4498 1329 4559 orbum
1357 4503 1533 4562 terra:
1572 4504 1678 4579 qui
1703 4519 1827 4563 non
1850 4522 2018 4568 com-

2188 4506 2281 4563 Κοιὶ
2341 4506 2440 4581 γὰρ
2488 4503 2803 4581 κατώρθωσε
2848 4503 2944 4570 την
2990 4503 3305 4577 οἶκουμέοιην
3363 4503 3480 4572 ἥτις
3538 4509 3597 4565 οὐ
3639 4528 3761 4563 σα-

378 4585 744 4649 movebitur.
782 4585 1070 4648 Fundavit
1118 4587 1276 4647 enim
1332 4585 1658 4651 Ecclesiam
1699 4609 1877 4672 supra
1910 4614 2020 4674 pe-

380 4683 553 4750 tram,
587 4682 645 4737 et
677 4685 862 4756 porta)
894 4676 1068 4737 inferi
1129 4695 1246 4738 non
1309 4677 1713 4758 praevalebunt
1741 4683 2020 4744 adwrsus

379 4766 859 4828 eamJudicabit
887 4766 1141 4846 populos
1160 4768 1226 4829 in
1255 4769 1750 4847 mquitote.Venit
1776 4771 1936 4833 enim
1963 4782 2021 4834 et

370 4854 659 4934 judicavit
686 4871 924 4917 causam
961 4863 1243 4937 nostram,
1299 4871 1358 4918 et
1404 4856 1711 4939 improbos
1746 4869 2020 4941 tyrannos

381 4946 592 5023 exegit,
621 4943 890 5024 impuros
921 4944 1152 5006 scilicet
1181 4945 1503 5009 daemones.

462 5034 560 5096 11.
598 5033 905 5097 ικεεηιιιν
922 5032 1055 5096 coeli
1075 5041 1135 5097 et
1157 5035 1412 5100 exsultet
1438 5044 1628 5100 terra.
1661 5039 1808 5101 Cum
1842 5042 2020 5103 totius

378 5121 540 5185 orbis
551 5121 773 5211 bonum
796 5130 1073 5202 ageretur
1086 5125 1359 5188 ctelestes
1375 5125 1625 5188 virtutes
1645 5146 1779 5190 cum
1802 5132 2017 5211 gaudio

378 5211 676 5274 dicebant:
705 5210 918 5274 Gloria
938 5214 1002 5273 in
1019 5213 1274 5276 excelsis
1303 5217 1427 5277 Deo
1448 5222 1587 5279 etin
1608 5226 1780 5280 terra
1794 5238 1924 5300 pars
1940 5220 2014 5286 ⁷³.

378 5299 1580 5383 Commoveaturmareetplenitudoeius.
1606 5308 1769 5369 Mare
1798 5299 1897 5369 hic
1929 5312 2016 5372 si-

377 5388 615 5471 gniﬁcat
642 5390 903 5469 gentium
938 5382 1393 5474 plenitudinem,
1412 5412 1544 5474 quae
1573 5386 1875 5462 commota
1901 5410 2012 5479 est,

457 5620 521 5674 π
549 5621 696 5687 Luc.
720 5638 784 5705 ιι,
818 5622 918 5686 t4.

2104 4594 2436 4663 λευθήσεται.
2507 4590 2862 4666 Ἐθεμελίωσε
2918 4593 3017 4669 γὰρ
3074 4590 3161 4648 ἐπὶ
3236 4594 3335 4659 τὴν
3393 4595 3587 4673 πέτραν
3645 4597 3760 4664 τὴν

2106 4682 2450 4756 Ἐκκλησίαν,
2499 4683 2586 4737 καὶ
2637 4680 2798 4737 πύλαι
2828 4680 2954 4754 ᾅδου
3003 4686 3063 4740 οὔ
3107 4684 3523 4762 κατισχύσουσιν
3554 4688 3757 4753 αὐτῆς,

2108 4784 2288 4847 Κρινεῖ
2316 4772 2474 4836 λαοὺς
2505 4770 2558 4827 ἐν
2616 4772 2878 4837 εὖθύτητι.
2944 4767 3104 4828 Ἦλθε
3163 4774 3264 4851 γὰρ
3297 4776 3382 4830 καὶ
3412 4773 3614 4832 ἐδίκασε
3646 4778 3761 4845 τὴν

2103 4864 2271 4935 κρίσιν
2308 4860 2487 4936 ἡμῶν,
2540 4862 2628 4916 καὶ
2674 4860 2796 4919 τοὺς
2849 4863 3113 4936 πονηροὺς
3175 4863 3456 4941 τυράννους
3503 4863 3756 4942 ἐξέϐαλε,

2102 4955 2223 5015 τοὺς
2250 4950 2570 5028 ἀκαθάρτους
2596 4952 2726 5028 φησὶ
2756 4947 3034 5023 δαίμονας,

2184 5040 2653 5120 Εὐφραινέσθωσαν
2762 5040 2810 5094 οἱ
2913 5042 3146 5120 οὐρανοὶ,
3231 5044 3322 5098 καὶ
3404 5041 3760 5121 ἆγαλλιάσθω

2101 5135 2134 5200 ἡ
2193 5136 2289 5208 γῇ,
2351 5127 2474 5186 Ἐπὶ
2519 5130 2619 5207 γὰρ
2669 5135 2738 5204 τῇ
2798 5129 3122 5205 κατορθώσει
3181 5136 3279 5199 τῆς
3332 5132 3643 5208 οἰκουμένης
3692 5138 3758 5192 αἱ

2100 5222 2333 5299 οὗράνιαι
2365 5216 2614 5293 δυνάμεις
2646 5217 2873 5297 ἔφασκον
2926 5219 3210 5297 χαίρουσαι
3245 5237 3259 5251 ·
3319 5221 3455 5287 Δόξα
3507 5224 3562 5278 ἐν
3613 5225 3756 5300 ὑψί-

2100 5332 2241 5373 στοις
2304 5310 2422 5382 Θεῷ
2472 5310 2563 5364 καὶ
2624 5307 2712 5364 ἐπὶ
2783 5313 2888 5384 γῆς
2930 5309 3142 5386 εὶρήνη,
3192 5310 3512 5379 Σαλευθήτω
3559 5315 3593 5381 ἡ
3640 5314 3749 5370 ϐἀ..

2099 5400 2271 5458 λασσα
2315 5401 2401 5456 καὶ
2444 5399 2504 5454 τὸ
2565 5395 2832 5475 πλήρωμα
2864 5400 3051 5464 αὒτῆς.
3087 5398 3370 5458 Θάλασσαν
3430 5399 3484 5456 ἐν
3535 5403 3750 5470 τούτοις
