3992 6208
527 324 644 390 419

1309 327 1368 389 S.
1417 324 1837 391 ATHANASII
1882 328 2045 391 OPP.
2096 321 2309 385 PARS.
2354 324 2462 388 ΙΙΙ.
2515 359 2588 374 -
2634 330 3096 398 EXEGETICA.

3772 337 3880 406 420

525 463 686 542 ligno
715 462 910 523 aversi
945 460 1110 542 estis,
1143 461 1334 523 sancti
1365 462 1561 524 eﬂ‘ecti
1585 465 1750 526 estis.
1801 465 1968 526 Tunc
1998 462 2147 527 enim

2255 461 2316 554 Μ-
2395 463 2824 554 ἀποστραφέντες
2877 473 2969 528 τὸν
3025 475 3284 554 πονηρὸν,
3373 473 3507 532 ὅσιοι
3573 476 3868 554 γεγένησθε,

525 557 826 629 continget
848 549 1014 612 vobis
1044 561 1106 612 ut
1131 550 1422 613 Dominus
1447 571 1548 614 vos
1579 552 1870 615 custodiat
1899 572 1932 614 a
1983 553 2158 615 mali-

523 658 664 722 gno,
692 641 794 722 qui
825 642 1072 724 proprie
1096 651 1373 724 peccator
1403 654 1514 706 est.

609 837 701 897 11.
741 835 878 896 Lux
905 841 1046 896 orta
1077 840 1162 897 est
1213 837 1402 915 justo.
1460 837 1810 915 Eungelica
1859 835 2162 901 videlicet.

518 921 695 985 Justo
721 931 944 1003 autem,
979 923 1116 984 huic
1149 924 1368 1003 populo
1393 925 1628 986 scilicet
1659 932 1759 1006 qui
1821 945 1926 1007 per
1985 925 2164 987 ﬁdem

2247 550 2376 606 To’t:
2411 550 2475 621 δὴ
2502 557 2834 631 συμϐήσεται
2871 563 2996 623 Ζομτν
3055 563 3272 631 καὶτῆς
3321 565 3557 643 φυλακῆς
3602 572 3698 632 τῆς
3740 570 3866 646 παρὰ

2245 642 2340 697 τοῦ
2373 645 2559 722 Κυρίου
2587 662 2779 728 τυχεῖν
2826 651 2932 707 ἀπὸ
2964 660 3055 709 τοῦ
3111 642 3364 733 πονηροῦ·
3425 657 3574 720 οὗτος
3626 657 3721 733 γὰρ
3775 642 3865 713 κυ-

2246 729 2371 807 ρίως
2403 733 2721 814 ἁμαρτωλός
2733 785 2748 800 ,

2330 827 2453 887 Φῶς
2527 824 2760 884 ἀνέτειλε
2853 836 2930 903 τῷ
2990 829 3195 890 δικαίω.
3261 835 3332 891 Τὸ
3390 834 3729 912 εὖαγγελικὸν
3779 835 3866 903 81i-

2251 908 2455 970 λονότι.
2497 918 2696 990 Δικαίῳ
2744 915 2798 973 δὲ
2833 919 2962 994 τῷδε
2993 920 3177 993 δικαίῳ
3220 920 3335 996 λαῷ
3367 919 3450 977 διὰ
3486 908 3580 990 τῆς
3629 926 3862 990 πίστεως.

511 1011 712 1092 justus
747 1021 858 1075 est.
898 1002 972 1074 Et
992 1002 1168 1075 rectis
1197 1014 1381 1075 corde
1412 1002 1748 1088 Icelitiaﬂn
1799 1002 1929 1077 haec
1989 1017 2147 1078 verba

2256 1002 2350 1057 Καὶ
2381 1015 2496 1066 τοῖς
2539 1006 2708 1062 εὖθέσι
2752 1009 2820 1076 τῆ
2862 1008 3043 1084 καρδίᾳ
3095 1012 3412 1090 εὖφροσῦνη·
3496 1013 3566 1078 εἷς
3623 1015 3704 1088 τὸ,
3765 1031 3870 1077 τοῖς

519 1103 700 1164 rectis
733 1101 1311 1182 interpungondum,
1347 1110 1427 1164 ita
1458 1111 1524 1163 ut
1552 1104 1623 1165 iis
1655 1106 1758 1185 qui
1824 1105 1970 1166 recti
2029 1105 2164 1168 fue-

517 1190 640 1254 rint
672 1191 730 1252 in
763 1191 944 1252 corde
976 1190 1206 1252 oriatur
1238 1191 1466 1254 laetitia.
1505 1191 1566 1252 ln
1601 1198 1905 1254 communi
1963 1202 2160 1256 autem

516 1279 685 1355 illud,
719 1286 855 1343 ortu
887 1288 998 1352 est,
1033 1281 1479 1361 accipiendum.

818 1369 1196 1436 PSALMUS
1225 1373 1342 1450 ipsi.
1375 1373 1575 1434 David
1604 1371 1859 1435 XCVII.

1097 1464 1136 1520 Α
1151 1468 1562 1542 rgumentum.

511 1545 620 1610 Hic
648 1567 888 1630 quoque
922 1549 1184 1628 psalmus
1233 1555 1488 1628 priorem
1549 1549 1786 1612 Domini
1845 1551 2162 1614 adventum

596 1637 915 1717 signiﬁcat,
951 1647 1009 1700 et
1046 1639 1226 1700 [idem
1264 1639 1532 1702 omnium
1561 1641 1832 1719 gentium
1881 1658 2021 1719 erga
2086 1640 2164 1701 il-

593 1729 737 1799 lum,
774 1747 949 1808 quam
977 1728 1141 1790 dedit
1173 1729 1260 1790 eis
1291 1738 1357 1792 ut
1388 1729 1656 1811 patribus
1685 1735 1812 1792 suis
1864 1729 2159 1810 pollicitus
2184 1739 2221 1789 Β

593 1818 806 1880 fuerat.
846 1819 930 1880 Ea
958 1817 1032 1878 de
1063 1834 1246 1880 causa
1276 1818 1374 1881 hic
1403 1820 1780 1882 concitantur
1813 1827 2042 1898 gentes,
2098 1827 2158 1880 ut

591 1925 727 1968 cum
754 1907 1113 1987 jubilatioue
1141 1907 1400 1970 victoria:
1428 1926 1677 1970 carmen
1700 1917 1938 1988 canant,
1999 1909 2154 1988 quod

591 2012 800 2058 eorum
834 2013 1010 2058 causa
1040 1996 1262 2058 editum
1297 1997 1430 2058 fuit.

587 2089 646 2149 1.
679 2085 934 2149 Cantate
961 2086 1217 2149 Domino
1245 2089 1560 2150 canticum
1585 2106 1826 2168 novum,
1857 2092 2004 2169 quia
2035 2091 2156 2150 mi-

508 2176 743 2240 rabilia
790 2177 952 2254 fecit.
1018 2176 1286 2238 Mirabile
1346 2196 1588 2258 prorsus
1637 2186 1724 2238 est
1780 2178 1938 2258 quod
1998 2195 2158 2239 mors

508 2267 814 2330 destructa
843 2267 940 2339 sit,
976 2274 1034 2326 et
1055 2266 1216 2343 quod
1249 2267 1573 2329 humanum
1606 2285 1798 2347 genus
1847 2269 2152 2332 revixerit.

508 2355 930 2419 Salvavitsz'bt'
959 2355 1208 2418 dextera
1233 2357 1385 2436 ejus.
1440 2356 1724 2420 Mundum
1778 2359 1934 2420 enim
1998 2359 2156 2421 Patri

511 2444 728 2508 obtulit
787 2444 1082 2525 Christus,
1145 2447 1249 2526 qui
1305 2455 1396 2506 est
1451 2445 1693 2507 dextera
1757 2444 1970 2509 Patris.
2024 2448 2152 2509 Non

507 2535 669 2597 enim
704 2536 966 2596 humano
997 2532 1209 2613 egebat
1241 2534 1482 2597 auxilio.

585 2624 645 2685 θ.
688 2625 911 2688 Notum
936 2623 1082 2702 fecit
1105 2625 1402 2686 Dominus
1431 2625 1697 2686 salutare
1744 2643 1946 2688 suum.
2004 2625 2151 2688 Car-

507 2714 704 2776 nalem
740 2714 869 2793 ejus
908 2714 1229 2776 adventum
1263 2713 1578 2776 salutarem
1632 2714 1865 2778 scilicet
1919 2715 2145 2793 signiﬁ-

505 2801 805 2867 catJuxta
837 2803 986 2864 illud
1022 2803 1243 2864 dictum
1270 2821 1304 2864 a
1331 2800 1610 2864 Simeone
1641 2827 1652 2861 :
1684 2804 1841 2878 Quia
1867 2805 2150 2867 viderunt

504 2895 668 2956 oculi
699 2899 822 2956 mei
852 2893 1129 2955 salutare
1150 2893 1407 2966 tuum75,
1432 2891 1505 2954 In
1526 2902 1844 2973 conspectu
1864 2894 2147 2975 gentium

504 2983 793 3046 reuelauit
811 2984 1128 3064 justitiam
1169 3000 1370 3044 suam.
1431 2979 1636 3062 Ejecto
1687 2982 1917 3045 scilicet
1970 2982 2150 3062 hujus

2251 1089 2473 1164 εὒθέσιν,
2536 1095 2948 1176 ὑποστίξαιδετ,
3002 1099 3093 1154 ἵνα
3149 1089 3269 1162 τοτς
3333 1101 3624 1178 γινομένοις
3682 1103 3870 1160 ενῖιθὲσιν

2245 1181 2300 1234 ὲν
2373 1187 2440 1258 τῇ
2514 1183 2698 1263 καρδίᾳ
2744 1187 2998 1263 ἀνατείλῃ
3057 1191 3374 1270 εὖφροσύνη.
3406 1190 3546 1248 Ἀπὸ
3597 1201 3767 1250 κοινοῦ
3819 1191 3866 1248 δὲ

2243 1269 2323 1332 τὸ,
2364 1270 2636 1348 ἀνατελετ,
2671 1277 2929 1342 ληπτέον.

2678 1371 2967 1424 ΨΑΛΜΟΣ
3000 1375 3075 1441 τῷ
3109 1367 3299 1430 Δαυῖδ.
3338 1359 3458 1444 ζ’Ζ’.

2917 1455 3215 1520 ἰ’πόθεσις.

2253 1546 2349 1600 Καὶ
2406 1547 2554 1609 οὗτος
2602 1547 2629 1601 ό
2689 1545 2901 1622 ψαλμὸς
2955 1550 3054 1616 τὴν
3117 1551 3378 1630 προτέραν
3450 1554 3737 1631 παρουσίαν
3790 1561 3866 1610 τοῦ

2333 1635 2520 1712 Κυρίου
2555 1638 2828 1711 σημαίνει,
2862 1641 2948 1694 καὶ
3007 1641 3106 1706 τὴν
3157 1640 3261 1696 τῶν
3332 1640 3494 1698 ἒθνῶν
3546 1644 3750 1698 πάντων
3800 1644 3863 1706 είς

2329 1725 2484 1780 αὐτὸν
2509 1726 2709 1804 πίστιν,
2743 1727 2809 1794 ἢν
2859 1725 3152 1796 ἐποιήσατο
3209 1732 3346 1787 κατὰ
3403 1731 3497 1796 τὰς
3555 1731 3865 1809 ἐπεγγελμέ-

2323 1835 2414 1876 νας
2445 1828 2564 1880 τοῖς
2595 1817 2854 1893 πατράσιν
2889 1816 3234 1896 ἐπαγγελίας.
3277 1821 3372 1874 Διά
3424 1829 3580 1879 τοῦτο
3641 1822 3700 1874 τὰ
3753 1818 3863 1885 ἔθνη

2321 1903 2494 1959 πάντα
2537 1903 2594 1960 ἀ)
2611 1903 2824 1976 αλάζειν
2853 1909 2879 1961 ὁ
2912 1905 3071 1985 λόγος
3100 1910 3452 1986 προτρέπεται
3486 1911 3579 1964 τὸν
3600 1909 3861 1977 ἐπινίκιον,

2319 1991 2378 2046 ’ὃν
2410 1993 2536 2073 δπὲρ
2574 1996 2743 2051 αὑτῶν
2776 1998 3088 2062 πεποίηται.

2322 2080 2532 2154 ”ᾼσατε
2593 2090 2667 2156 τῷ
2727 2094 2897 2164 Κυριῳ
2954 2091 3097 2161 ᾆσμα
3149 2089 3351 2158 καινὸν,
3429 2087 3516 2144 ὅτι
3602 2090 3859 2164 Θαυμαστὰ

2239 2170 2482 2237 ἐποίησε,
2546 2177 2860 2248 Θαυμαστὸν
2939 2177 3038 2253 γὰρ
3093 2175 3306 2243 ἀληθῶς
3366 2179 3426 2232 τὸ
3480 2181 3860 2254 καταργηθῆναι

2237 2261 2484 2334 θάνατον,
2520 2265 2604 2318 καὶ
2634 2260 2923 2318 ἀναϐιῶναι
2978 2263 3140 2319 πάλιν
3200 2265 3258 2320 τὸ
3316 2265 3642 2340 ἀνθρώπιοον
3697 2265 3856 2343 γένος,

2241 2345 2493 2407 ’Ἔσωσεν
2555 2353 2695 2425 αὐτῴ
2743 2354 2776 2419 ἡ
2836 2352 2977 2417 δεξιὰ
3021 2357 3202 2416 αὐτοῦ,
3270 2356 3586 2432 Προσήγαγε
3639 2355 3730 2432 γὰρ
3794 2361 3861 2426 τῷ

2239 2436 2349 2509 ἰδίῳ
2383 2442 2542 2516 Πατρὶ
2574 2440 2672 2507 τὴν
2701 2441 2788 2496 ὑπ’
2819 2443 3036 2520 οὐρανὸν
3071 2446 3097 2498 ὁ
3143 2446 3391 2519 Χριστὸς,
3454 2442 3515 2502 ὅς
3577 2444 3684 2500 ἐστι
3736 2441 3859 2509 δεξιὰ

2236 2527 2327 2582 τοῦ
2360 2531 2588 2608 [ἰατρὸς.
2639 2530 2712 2587 Οὔ
2733 2531 2832 2609 γὰρ
2863 2530 3052 2600 ἐδεήθη
3097 2531 3430 2611 ἀνθρωπίνης
3458 2534 3730 2609 βοηθείας.

2318 2613 2602 2697 Ἐγνώρισε
2659 2621 2848 2698 Κύριος
2891 2624 2951 2676 τὸ
3011 2620 3272 2696 σωτήριον
3339 2625 3523 2682 αὐτοῦ.
3588 2629 3853 2700 ΣωτΚριον

2235 2711 2395 2762 οὖσαν
2427 2708 2524 2774 τὴν
2555 2706 2808 2786 ἔνσαρκον
2855 2709 3014 2768 αὐτοῦ
3045 2732 3118 2766 πα
3144 2711 3356 2787 ρουσίαν
3413 2713 3678 2784 σημαίνει·
3737 2711 3856 2766 κατὰ

2231 2797 2294 2850 τὸ
2325 2797 2602 2874 εἱρημένον
2633 2799 2734 2853 ὑπὸ
2767 2808 2857 2856 τοῦ
2889 2800 3135 2874 Συμεών,
3187 2796 3321 2856 ’Ὅτι
3371 2799 3520 2856 εἶδον
3581 2803 3626 2856 οἱ
3671 2797 3854 2879 ὀφθαλ-

2233 2886 2324 2960 μοί
2398 2908 2500 2960 μου
2580 2888 2640 2942 τὸ
2703 2887 2966 2960 σωτήριόν
3021 2911 3138 2947 σου.
3232 2888 3502 2944 Ἐναντίον
3556 2895 3658 2944 τῶν
3713 2890 3854 2944 ἐθνῶν

2885 2976 3226 3046 δικαιοσύνην
3328 2979 3511 3041 αὐτοῦ,
3604 2975 3854 3035 Ἐκϐαλὼν

2233 2974 2543 3051 ἀπεκάλυψε
2660 2979 2754 3044 τὴν

503 3073 704 3134 saeculi
737 3073 1032 3154 principe,
1069 3072 1244 3133 nobis
1275 3080 1476 3133 autem
1503 3078 1599 3152 qui
1633 3071 1773 3132 olim
1808 3072 1919 3133 sub
1947 3081 2147 3152 tyran-

2255 3065 2332 3119 ιὲν
2364 3069 2454 3120 τὸν
2485 3065 2725 3146 ἄρχοντα
2781 3069 2872 3123 τοῦ
2923 3069 3108 3130 αἰῶνος
3176 3069 3389 3142 τούτου,
3467 3066 3752 3129 δικαιώσας
3805 3065 3852 3122 δὲ

503 3160 645 3227 nide
682 3180 921 3225 eramus
944 3161 1307 3242 justiﬁcatis.

584 3251 642 3316 3.
683 3252 1054 3316 Recordatus
1084 3260 1169 3316 est
1193 3251 1631 3315 misericordia
1658 3269 1808 3314 suae.
1840 3252 1996 3331 Erga
2045 3254 2148 3315 .Ia-

503 3341 639 3406 cob.
673 3343 956 3405 Promisit
1006 3345 1167 3404 enim
1199 3343 1254 3404 ei
1298 3342 1565 3404 futurum
1627 3360 1763 3405 esse
1819 3349 1881 3404 ut
1941 3360 2150 3404 omnes

500 3442 708 3512 gentes
738 3433 800 3494 in
830 3435 1061 3495 semine
1093 3431 1223 3512 ejus
1263 3431 1789 3494 benedicerentur.
1867 3433 2150 3494 Viderunt

501 3540 710 3584 omnes
736 3524 992 3584 termini
1013 3531 1192 3584 terra?
1213 3521 1487 3584 salutare
1510 3521 1622 3584 Dei
1660 3524 1873 3585 nostri.
1907 3520 2147 3584 Nullum

503 3611 662 3673 enim
694 3629 944 3691 regnum
977 3629 1096 3672 non
1131 3611 1432 3691 particeps
1460 3619 1550 3672 est
1577 3611 1752 3691 regni
1780 3611 2025 3675 Christi.

579 3706 640 3776 5,
675 3702 734 3766 6.
771 3700 1026 3763 Psallz’te
1059 3703 1182 3762 Deo
1207 3707 1409 3762 nostro
1438 3702 1503 3762 in
1533 3701 1794 3762 cithara.
1848 3703 2143 3765 Citharam

498 3790 648 3853 dicit
679 3789 1048 3852 harmoniam
1086 3797 1143 3850 et
1173 3807 1534 3852 consensum
1571 3791 1784 3852 animm
1814 3810 1950 3852 cum
2004 3810 2143 3854 cor-

500 3898 668 3961 pore.
699 3880 773 3942 In
805 3881 962 3942 tubis
991 3879 1322 3941 ductilibus
1363 3887 1421 3942 et
1480 3897 1617 3941 voce
1670 3879 1828 3942 tubae
1883 3900 2138 3947 corneae.

493 3969 732 4033 Ardeas
761 3977 936 4047 atque
966 3969 1287 4031 vehemens
1317 3968 1578 4029 studium
1601 3969 1962 4049 evangelica:
1994 3990 2142 4053 pra:-

495 4058 950 4141 dicationisper
985 4058 1155 4121 tubas
1187 4057 1441 4120 ductiles
1471 4059 1807 4138 signiﬁcat;
1845 4079 1952 4140 per
1998 4081 2136 4124 cor-

498 4166 670 4209 neam
701 4160 901 4209 autem
933 4147 1158 4229 regiam
1191 4148 1565 4225 dignitatem,
1627 4149 1764 4229 quia
1823 4168 1894 4212 ex
1954 4169 2138 4214 cornu

493 4236 802 4318 ungebant
833 4254 1024 4316 reges.
1061 4239 1271 4317 Neque
1303 4236 1362 4298 id
1396 4246 1645 4312 tantum,
1680 4237 1784 4298 sed
1817 4241 1958 4319 quia
2000 4259 2139 4301 cor-

494 4345 605 4389 nea
635 4326 804 4406 regni
837 4326 1367 4406 proclamationem
1403 4326 1724 4389 faciebant.

2165 3142 2209 3196 c
2233 3155 2350 3220 τοὺς
2397 3159 2560 3212 παλαι
2589 3157 3004 3232 τυραννηθέντας
3037 3160 3203 3232 ἡμᾶς.

2317 3245 2593 3320 Ἐμνήσθη
2674 3246 2768 3302 τοῦ
2823 3245 3001 3312 ἐλέους
3086 3249 3266 3308 αὒτοῦ.
3342 3254 3444 3305 Τοῦ
3515 3244 3721 3304 Ἰακὼϐ⁶
3777 3247 3853 3301 καὶ

2231 3336 2332 3414 γὰρ
2385 3335 2437 3390 ἐν
2501 3344 2579 3410 τῷ
2639 3336 2906 3415 σπέρματι
2962 3337 3120 3394 αὐτοῦ
3188 3337 3547 3416 εὖλογηθῆναι
3589 3339 3752 3397 πάντα
3798 3338 3851 3391 τὰ

2233 3423 2358 3492 ἔθνη
2418 3425 2802 3504 ἐπηγγείλατο.
2886 3425 3114 3483 Εἴδοσαν
3171 3428 3344 3484 πάντα
3401 3428 3466 3483 τὰ
3521 3428 3715 3508 πέρατα
3765 3427 3852 3492 τῆς

2231 3520 2335 3594 γῆς
2389 3517 2452 3571 τὸ
2511 3518 2770 3594 σωτήριον
2830 3523 2921 3573 τοῦ
2973 3523 3105 3572 Θεοῦ
3152 3517 3330 3591 ημῶν.
3393 3515 3576 3582 Οὐδεὶς
3629 3519 3722 3596 γαρ
3764 3517 3849 3571 τό·

2229 3627 2330 3670 πος
2367 3605 2640 3688 ἀμέτοχος
2676 3609 2770 3673 τῆς
2803 3606 3075 3683 βασιλείας
3100 3607 3193 3663 τοῦ
3224 3608 3472 3684 Χριστοῦ.

2311 3694 2529 3752 Ψάλατε
2587 3703 2662 3769 τῲ
2723 3702 2838 3770 Θεῷ
2889 3699 3042 3771 ἡμῶν
3103 3701 3154 3753 ἓν
3214 3697 3422 3770 κιθάρᾳ,
3491 3694 3717 3774 Κιθαραν
3764 3695 3847 3760 τὴν

2227 3790 2320 3841 τοῦ
2349 3785 2595 3860 σώματος
2625 3787 2752 3864 πρὸς
2783 3786 2879 3852 τὴν
2930 3787 3114 3865 ψυχὴν
3167 3786 3420 3864 ἁρμονίαν
3507 3787 3656 3866 φησί,
3717 3782 3847 3839 Σάλ-

2227 3873 2401 3952 πιγξιν
2487 3875 2730 3954 ἐλαταϊς,
2824 3877 2912 3932 καὶ
2976 3881 3127 3955 φωνῇ
3203 3874 3506 3953 σάλπιγγος
3563 3877 3846 3952 κερατίνης,

2227 3967 2298 4022 Τὸ
2347 3967 2728 4044 πεπυρωμένον
2812 3967 2900 4020 καὶ
2948 3964 3298 4040 ἐκτεταμένον
3350 3975 3445 4024 τοῦ
3530 3963 3848 4044 εὐαγγελικαῦ

2225 4053 2566 4133 κηρύγματος
2622 4052 2707 4110 διὰ
2764 4061 2868 4111 τῶν
2936 4053 3138 4111 ἐλατῶν
3197 4053 3509 4132 σαλπιγγων
3593 4053 3841 4130 σημαίνει·

2223 4143 2308 4200 διὰ
2333 4144 2388 4200 δὲ
2426 4151 2532 4202 τῶν
2555 4147 2841 4223 κερατίνων
2885 4148 2946 4200 τὸ
2994 4144 3302 4224 βασιλικὸν,
3364 4147 3495 4201 καθὸ
3553 4152 3628 4218 τῷ
3683 4141 3843 4220 κέρατι

2222 4235 2468 4314 ἓχρίοντο
2492 4236 2538 4292 οἱ
2597 4233 2866 4310 βασιλεῖς.
2937 4237 3010 4291 0-3
3041 4235 3202 4308 μόνον
3234 4233 3372 4289 ἀλλὰ
3442 4237 3531 4290 καὶ
3580 4234 3631 4288 ἑν
3690 4251 3834 4310 κερα-

2221 4327 2336 4401 τίνῃ
2367 4332 2465 4391 τῆς
2496 4324 2764 4401 βασιλείας
2794 4326 2891 4390 την
2915 4323 3216 4404 ἐκερώνησιν
3245 4323 3545 4386 ἐποιοῦννο.

577 4417 631 4479 7.
669 4415 990 4479 Moventur
1017 4434 1186 4514 mare
1206 4415 1600 4514 etplenitntto
1621 4419 1772 4496 ejus.
1823 4419 1986 4514 Mare
2023 4437 2138 4514 _vo-

2303 4414 2626 4485 Σαλευθήτω
2680 4416 2716 4482 ἡ
2791 4413 3028 4470 Θάλασσα
3081 4421 3168 4469 και
3241 4415 3299 4469 τὸ
3368 4411 3635 4492 πλήρωμα
3690 4409 3841 4477 αὐτῆς

491 4515 585 4568 cat
618 4514 972 4586 praesentem
991 4507 1200 4581 vitam,
1230 4505 1306 4566 ob
1333 4505 1694 4568 salsedinem
1722 4514 1783 4568 et
1803 4508 2136 4571 molestiam

2255 4504 2508 4562 ἀλασααν
2567 4506 2655 4561 τὸν
2717 4505 2829 4581 βίον
2885 4506 2976 4559 τὸν
3049 4503 3284 4579 παρόντα
3328 4506 3607 4582 σημαίνει,
3667 4500 3746 4558 διὰ
3784 4501 3838 4554 τὸ

492 4593 964 4658 sollicitudinum
985 4595 1138 4674 ejus.
1162 4596 1318 4658 Mota
1343 4595 1544 4678 itaque
1574 4605 1663 4657 est
1691 4615 1725 4658 a
1748 4597 1927 4676 priori
1957 4606 2134 4680 statu,

490 4683 550 4744 id
583 4691 674 4745 est
701 4683 777 4746 ab
812 4683 1170 4746 idololatria.

573 4863 632 4929 8.
665 4862 962 4926 Flumina
999 4861 1300 4942 plaudent
1351 4881 1539 4926 manu
1597 4866 1802 4930 simul.
1865 4866 2140 4931 Flumina

487 4953 636 5015 dicit
677 4959 919 5014 sanctos
979 4958 1399 5032 mysteriorum
1466 4953 1824 5033 initiatores,
1883 4976 2134 5039 quorum

488 5040 856 5124 praedicandi
885 5040 1148 5102 studium
1179 5041 1407 5104 indicat
1434 5061 1504 5104 eo
1529 5045 1685 5125 quod
1725 5047 2005 5127 plaudant
2052 5053 2134 5110 si-

471 5130 634 5195 .mul.
667 5130 904 5194 Montes
965 5130 1358 5194 exsultabant
1407 5151 1442 5194 α
1491 5147 1804 5215 conspectu
1867 5139 2132 5214 Domini,

485 5223 774 5301 quoniam
801 5221 970 5282 venit
1000 5221 1280 5296 iudicare
1311 5229 1571 5287 terram.
1614 5226 1918 5305 Angelicse
1952 5226 2135 5289 nimi-

2221 4595 2458 4675 ἁλμυρὸν
2487 4598 2592 4652 τῶν
2623 4595 2676 4652 ἐν
2727 4597 2872 4667 αὒτῷ
2929 4593 3239 4674 φροντίδων.
3315 4595 3597 4662 Κεκίνηται
3653 4600 3737 4651 οὖν
3789 4589 3843 4645 ἐκ

2219 4693 2320 4754 τῆς
2413 4685 2669 4765 προτέρας
2753 4685 3015 4750 στάσεως,
3096 4684 3334 4740 τουτέστι
3417 4689 3518 4752 τῆς
3565 4680 3839 4740 εἰδωλολα-

2219 4781 2412 4856 τρείας,

2302 4868 2542 4942 Ποταμοῖ
2623 4867 2942 4946 κρατήσουσι
3018 4865 3157 4944 χειρί
3213 4863 3300 4920 ἐπὶ
3355 4866 3416 4920 τὸ
3475 4866 3620 4923 αὐτό.
3682 4868 3839 4919 Ποτα-

2223 4960 2351 5034 μοὺς
2383 4957 2508 5021 τοὺς
2538 4958 2718 5034 ἁγίους
2748 4955 2893 5011 εἷναί
2913 4977 3044 5034 φησι
3076 4953 3482 5034 μυσταγωγοὺς,
3515 4956 3592 5009 ὧν
3646 4953 3730 5009 καὶ
3783 4950 3836 5005 τὸ

2221 5048 2512 5106 σπουδαῖον
2543 5059 2637 5106 τοὺ
2682 5047 3024 5124 κηρύγματος
3069 5043 3152 5100 8ιά
3185 5051 3278 5100 τοῦ
3308 5042 3392 5100 ἐπὶ
3441 5046 3503 5100 τὸ
3543 5045 3664 5099 αὐτὸ
3717 5062 3834 5119 κρο-

2219 5153 2333 5196 τεῖν
2405 5140 2674 5214 σημαίνει.
2743 5139 2817 5194 Τὰ
2895 5135 2992 5214 ὄρη
3063 5131 3533 5212 ἀγγαλλιᾶσονται,
3592 5133 3670 5188 ὅτι
3732 5133 3834 5200 ἣκει

2221 5231 2389 5310 κρίναι
2445 5229 2544 5296 τὴν
2625 5233 2749 5304 γῆν.
2836 5228 2896 5282 Αἱ
2954 5223 3233 5303 ἀγγελικαὶ
3303 5222 3554 5290 δηλονότὲ
3609 5221 3834 5296 δυνάμεις

494 5328 627 5371 rum
659 5308 930 5372 virtutes.
962 5307 1109 5400 Nam
1140 5309 1419 5390 gaudium
1453 5321 1542 5374 est
1573 5332 1756 5396 super
1784 5337 1902 5380 uno
1929 5337 2140 5400 pecca-

2255 5307 2373 5397 ιναρά
2416 5320 2516 5398 γὰρ
2546 5320 2746 5396 γίνεται
2769 5315 2854 5372 ἐπὶ
2897 5315 2972 5372 ivi
2998 5312 3302 5391 ἁμαρτωλῷ
3332 5320 3693 5390 μετανοοῦντι.

503 5408 634 5463 tore
672 5398 1080 5483 paenitentiam
1113 5411 1324 5480 agente
1354 5401 1437 5462 76.

565 5643 629 5697 75
657 5644 799 5710 Luc.
837 5663 898 5719 ιι,
934 5642 1034 5709 30.
1124 5640 1186 5694 ⁷6
1210 5647 1354 5709 Luc.
1392 5667 1485 5729 xv,
1525 5651 1580 5713 7.
