3992 6208
471 331 590 400 423

629 474 688 530 1.
723 463 1090 531 PSALMUS
1119 467 1186 527 in
1227 465 1690 543 confessionem.
1724 463 1940 528 XCIX.

1033 561 1504 639 Argumentum.

467 657 532 719 In
564 655 677 715 hoc
711 653 934 732 psalmo
965 669 1068 712 eos
1100 651 1200 729 qui
1225 654 1350 728 jam
1380 662 1758 714 accesserant
1809 654 1881 714 ad
1931 651 2110 714 ﬁdem

553 743 880 805 adhortatio
912 739 1259 815 alloquitur,
1294 745 1359 802 ut
1397 741 1716 818 gratiarum
1751 741 2018 802 octiones
2040 741 2114 801 de

549 834 618 893 iis
648 849 778 911 quae
807 839 970 908 gesta
999 837 1136 890 sunt
1165 830 1437 892 olferant.
1474 828 1774 892 Confessio
1807 829 1966 892 enim
1997 830 2112 890 hoc

544 922 608 983 in
637 919 1115 996 loco,gratiarum
1137 936 1271 980 cum
1309 919 1482 980 laude
1507 919 1884 1000 conjunctam
1921 918 2106 998 signi-

547 1014 703 1072 ﬁcat.

549 1107 608 1169 2.
639 1102 913 1166 Jubilate
945 1103 1082 1182 Deo,
1113 1108 1310 1164 omnis
1340 1109 1526 1166 terra.
1557 1105 1924 1182 Redemptus
1939 1101 2114 1182 jubet

1247 329 1306 394 S.
1356 329 1778 395 ATHANASII
1820 331 1982 394 OPP.
2031 327 2245 394 PARS.
2289 329 2400 394 III.
2447 366 2521 378 -
2569 331 3022 397 EXEGETICA.

3725 337 3836 402 424

2495 467 2790 530 ΨΑΑΜΟΣ
2825 469 2897 533 εἷς
2927 466 3342 546 ἐξομολόγησιν,
3379 468 3508 546 ζΘ’.

2847 561 3123 620 ἰ’πόθεσις
3135 611 3148 624 .

2195 652 2286 710 Ἐν
2344 659 2514 727 τούτῳ
2572 655 2772 730 ψαλμῷ
2829 655 2950 717 τοῖς
3003 654 3106 723 ἤδη
3167 657 3519 735 προσελθοῦει
3565 658 3634 734 τῇ
3665 659 3831 714 πίστει

2273 749 2580 821 παραίνεσιν
2632 745 2882 823 εἰσφέρει,
2927 746 3054 822 ὑπὲρ
3113 756 3206 805 τοῦ
3263 746 3542 826 ἀναφέρειν
3573 747 3700 823 ὅπερ
3728 751 3830 803 τῶν

2275 829 2378 898 ἤδη
2411 837 2786 911 γεγενημένων
2835 835 3200 914 εὒχαριστίας,
3265 833 3329 891 Ἠ
3381 837 3482 913 γὰρ
3511 833 3834 914 ἔξομολόγη-

2275 941 2357 983 σις
2417 921 2472 976 ὲν
2521 923 2687 994 τούτῳ
2729 927 2828 990 τὴν
2882 922 2998 996 μετ’
3060 923 3306 987 αἰνέσεως
3361 924 3700 1004 εὔχαριστιαν
3731 947 3834 990 ση-

2277 1011 2476 1082 μαίνει.

2276 1099 2600 1164 Ἀλαλάξατε
2629 1106 2705 1174 τῷ
2737 1107 2874 1179 Θεῷ,
2915 1105 3052 1156 πᾶσα
3087 1103 3114 1168 ἦ
3147 1107 3242 1178 γῆ.
3281 1103 3382 1160 Τὸν
3407 1103 3666 1158 ἰεπινίκιον
3715 1105 3830 1164 τοὺς

468 1197 732 1259 victoria;
765 1211 1008 1254 carmen
1039 1209 1278 1254 canere.
1311 1191 1628 1272 Redempti
1687 1193 1908 1274 quippe
1940 1198 2102 1254 erant

2208 1195 2612 1266 ιεευτρωμενους
2689 1187 2830 1260 ᾅδειν
2904 1189 3340 1266 παρακελεύεται,
3415 1182 3578 1246 Ἠταν
3665 1189 3719 1245 δὲ
3785 1193 3831 1246 οἱ

468 1303 681 1348 omnes
711 1280 1264 1345 homines.Terram
1287 1291 1483 1342 autem
1503 1294 1676 1345 vocat
1703 1281 2110 1343 habitantesin

465 1395 553 1438 ea.
591 1373 826 1438 Servite
855 1373 1111 1432 Domino
1143 1373 1210 1432 in
1239 1370 1476 1432 laetitia.
1509 1369 1830 1432 Hominum
1859 1370 2110 1431 servitus

463 1465 712 1527 noxium
741 1461 1016 1522 timorem
1070 1459 1276 1528 efﬁcit,
1313 1458 1552 1520 Domini
1610 1469 1806 1521 autem
1857 1457 2112 1520 servitus

465 1555 740 1616 timorem
767 1557 1014 1622 castum,
1051 1567 1121 1610 ex
1153 1567 1275 1624 quo
1306 1551 1520 1610 anima;
1568 1549 1836 1610 oboritur
1887 1548 2106 1609 laetitia.

465 1643 722 1708 Introite
764 1645 828 1702 in
869 1647 1184 1714 conspectu
1236 1640 1366 1718 ejus
1409 1642 1472 1700 in
1521 1639 1944 1700 exsultatione.
2000 1637 2109 1710 Qui

459 1736 582 1815 jam
607 1727 980 1811 jubilationis
1009 1726 1270 1787 laetitiam
1309 1735 1506 1788 mente
1535 1728 1820 1807 percepit,
1847 1727 1944 1789 hic
1965 1745 2109 1806 qua-

2191 1277 2574 1356 λελυτρωμένοι
2633 1278 2771 1334 ἅπαν
2849 1281 2907 1334 τὸ
2978 1285 3082 1334 τῶν
3139 1280 3426 1354 ἀνθρώπων
3495 1279 3670 1357 γένος.
3733 1279 3832 1347 Γῆν

2189 1369 2288 1444 γὰρ
2349 1369 2468 1428 τοῦς
2509 1375 2885 1441 κατοικοῦντας
2941 1368 3040 1433 τὴν
3105 1369 3204 1444 γῆν
3273 1368 3450 1426 καλεῖ.
3509 1367 3828 1425 Δουλεύσατε

2195 1465 2270 1530 τῷ
2333 1461 2504 1531 Κυρίῳ
2559 1456 2611 1512 ἐν
2669 1459 2984 1536 εὐφροσύνῃ,
3022 1457 3084 1514 Ἢ
3119 1458 3172 1513 δὲ
3229 1466 3333 1514 τῶν
3366 1459 3656 1536 ἀνθρώπων
3715 1456 3832 1514 δου-

2193 1544 2309 1601 λεία
2355 1543 2516 1625 φόϐον
2543 1549 2862 1624 φθοροποιὸν
2894 1546 3136 1628 ἐμποιεῖ,
3169 1550 3202 1615 ἡ
3233 1546 3288 1602 δὲ
3317 1557 3411 1606 τοῦ
3467 1549 3656 1626 Κυρίου
3709 1545 3828 1604 δου-

2193 1635 2306 1691 λεία
2338 1633 2500 1714 φόϐον
2533 1635 2716 1712 ἆγνὸν,
2749 1635 2800 1700 ἐξ
2835 1637 2894 1692 οὗ
2948 1639 3147 1713 γίνεται
3206 1644 3272 1713 τῇ
3318 1642 3477 1717 ψυχῇ
3510 1638 3825 1717 εὖφροσύνη.

2195 1723 2464 1780 Εἷσέλθετε
2522 1723 2748 1780 ἐνώπιον
2803 1727 2960 1784 αὺτοῦ
3019 1725 3074 1780 ἐν
3128 1725 3471 1804 ἀγαλλιάσει.
3517 1725 3580 1783 Ὀ
3611 1725 3712 1793 ἤδη
3741 1733 3832 1782 τοῦ

461 1813 513 1885 si
538 1831 700 1882 stans
732 1819 792 1878 in
821 1826 1140 1896 conspectu
1203 1815 1420 1878 Christi
1477 1815 1690 1896 gaudio
1743 1815 1984 1894 gaudet,
2046 1825 2102 1876 et

2208 1813 2502 1893 ιλαλαγμοῦ
2545 1815 2644 1881 τὴν
2693 1815 2766 1878 εἰς
2824 1821 2941 1872 νοῦν
3001 1813 3282 1890 δεξάμενος
3313 1817 3655 1896 εὐφροσύνην,
3693 1815 3832 1873 οὗτος

463 1913 576 1974 hoc
607 1915 698 1972 est
735 1907 1072 1969 exsultatio.

543 2089 600 2154 3.
635 2087 862 2152 Scitote
884 2087 1170 2166 quoniam
1200 2083 1486 2146 Dominus
1507 2086 1634 2164 ipse
1656 2091 1744 2146 est
1767 2085 1930 2146 Deus
1965 2101 2104 2144 nos-

465 2189 578 2243 ter.
614 2177 718 2240 Hic
749 2175 1060 2252 Dominus,
1085 2171 1406 2253 inquit,qui
1437 2173 1676 2252 proprio
1698 2171 1986 2248 sanguine
2009 2180 2102 2230 to-

469 2279 584 2330 tam
619 2264 876 2328 redemit
909 2273 1147 2339 terram,
1184 2262 1314 2340 ipse
1343 2269 1434 2320 est
1463 2269 1679 2320 nostrae
1707 2259 1950 2320 facturae
1971 2259 2096 2340 opi-

461 2359 580 2422 fex.
615 2359 746 2420 Non
773 2359 930 2416 enim
964 2371 1033 2413 ex
1065 2353 1238 2412 nobis
1263 2350 1407 2430 ipsis
1437 2349 1795 2427 exstitimus,
1828 2350 1932 2410 sed
1958 2367 2106 2428 opus

460 2463 740 2510 manuum
766 2445 897 2524 ejus
926 2461 1154 2504 sumus.
1190 2440 1566 2519 Quapropter
1595 2447 1655 2498 et
1695 2439 1944 2518 populus
1975 2439 2106 2516 ejus

459 2546 516 2599 et
544 2555 686 2598 oves
716 2535 847 2613 ejus
869 2551 1093 2613 sumus,
1119 2531 1198 2591 ita
1219 2538 1280 2590 ut
1311 2527 1412 2590 ille
1445 2529 1686 2609 quidem
1723 2528 1971 2607 populus
2002 2529 2100 2603 sit,

461 2626 564 2707 qui
615 2621 1029 2686 rationabilior
1081 2629 1190 2694 est;
1227 2637 1364 2680 oves
1393 2627 1619 2690 autem,
1671 2617 1772 2696 qui
1804 2617 1862 2676 in
1895 2617 2105 2678 ordine

455 2711 1030 2776 irrationabiliorum
1075 2708 1428 2784 consistunt,
1481 2725 1698 2786 neque
1723 2707 2102 2785 experimen-

367 2871 374 2878 _
459 2813 588 2865 tum
624 2803 943 2884 quodpiam
979 2797 1162 2860 divini
1193 2797 1414 2877 eloquii
1447 2795 1856 2884 habent,juxta
1879 2794 2102 2856 dictum

457 2892 609 2954 illud
645 2883 657 2950 ἐ
695 2891 926 2953 Erravi
945 2893 1097 2951 sicut
1127 2889 1254 2950 ovis
1278 2903 1411 2966 quo?
1437 2885 1622 2964 periit
1648 2883 1722 2942 ⁸ο.

489 2981 678 3044 4.Nos
699 2988 903 3042 autem
933 2977 1194 3058 papulas
1209 2979 1337 3053 eius
1357 2981 1563 3036 etoves
1585 2971 2101 3053 pascuceejus.Alii

2189 1902 2368 1982 ὥσπερ
2412 1903 2636 1960 ἕνώπιον
2695 1905 3003 1978 ἱσταμένος,
3051 1913 3144 1960 τοῦ
3219 1903 3452 1982 Χριστοῦ
3523 1911 3670 1984 χαρᾷ
3701 1906 3828 1984 χαὶ-

2191 2013 2291 2068 ρει,
2329 1995 2416 2048 καὶ
2445 1995 2600 2049 τοῦτό
2630 1992 2772 2050 ἐστιν
2804 1993 3143 2071 ἀγαλλίασις.

2271 2085 2441 2138 Γνώτε
2485 2081 2566 2138 ὅτι
2615 2085 2801 2162 Κύριος
2847 2087 3004 2147 αὒτός
3035 2084 3176 2140 ἐστιν
3205 2087 3234 2140 ὁ
3265 2083 3394 2148 Θεὸς
3425 2084 3606 2158 ἡμῶν.
3639 2085 3824 2162 Οὗτος,

2191 2174 2372 2248 φησὶν,
2433 2173 2460 2227 ὁ
2509 2173 2692 2249 Κύριος
2747 2176 2773 2228 ὃ
2831 2179 2908 2247 τῷ
2950 2171 3062 2247 ἰδίῳ
3107 2173 3298 2248 α’ἷματι
3352 2180 3521 2230 πᾶσαν
3557 2172 3826 2250 λυτρωσάο

2189 2281 2346 2333 μενος
2391 2265 2490 2327 τὴν
2547 2267 2672 2335 γῆν,
2731 2263 2885 2323 αὑτός
2947 2263 3087 2318 ἐστιν
3155 2265 3244 2318 καὶ
3289 2271 3378 2320 τοῦ
3419 2263 3686 2338 ἡμετέρου
3715 2284 3826 2318 ποι-

2193 2348 2394 2416 άματος
2453 2349 2800 2428 δημιουργός,
2859 2351 2930 2408 Οὒ
2985 2353 3086 2428 γὰρ
3131 2354 3440 2427 αὐτομάτως
3477 2373 3820 2424 συνεοτημεν,

2187 2438 2323 2496 ἀλλὰ
2376 2439 2484 2494 τῶν
2539 2447 2738 2519 χειρῶν
2795 2441 2954 2496 αὗτοῦ
3001 2441 3154 2518 ἔργον
3197 2440 3376 2508 ἐσμέν.
3445 2443 3538 2497 Διό
3583 2444 3672 2496 καὶ
3703 2440 3824 2503 λαὸς

2187 2529 2348 2585 αὒτοῦ
2403 2531 2489 2585 καὶ
2535 2527 2787 2604 πρόϐατα
2833 2531 2992 2587 αῦτοῦ
3037 2531 3402 2609 τυγχάνομεν·
3437 2531 3510 2594 ὡς
3555 2531 3702 2587 εἶναι
3732 2529 3826 2603 μὲν

2187 2622 2214 2674 ὁ
2246 2618 2374 2682 λαὸς
2406 2617 2784 2698 λογικώτερος,
2845 2618 3082 2699 πρόϐατα
3133 2620 3188 2676 δὲ
3243 2625 3292 2675 οἱ
3336 2621 3434 2688 τὴν
3493 2618 3826 2698 ἀλογωτέραν

2187 2707 2330 2772 τάξιν
2390 2707 2706 2786 ἐπέχοντες,
2769 2710 2856 2764 καὶ
2901 2711 2978 2784 μὴ
3031 2709 3087 2764 ἐν
3145 2710 3300 2786 πείρᾳ
3331 2715 3434 2764 τῶν
3489 2709 3644 2764 θείων
3685 2705 3825 2769 ὄντες

2189 2795 2422 2875 λωγὶων,
2483 2797 2616 2854 κατᾶ
2649 2800 2710 2854 τὸ
2739 2797 3038 2875 εἰρημένον·
3087 2797 3428 2868 Ἐπλανήθην
3465 2800 3536 2862 ὡς
3569 2793 3826 2876 πρόϐατον

2187 2884 2494 2951 ἀπολωλός.

2269 2975 2462 3048 Ἠμεῒς
2524 2974 2578 3031 δέ
2634 2975 2762 3039 λαὸς
2821 2977 3000 3045 αὑτοῦ,
3063 2978 3149 3032 καὶ
3206 2973 3447 3052 πρόϐατα
3505 2981 3673 3051 νομῆς
3732 2981 3826 3035 αὗ·-

455 3079 593 3133 sunt
625 3077 690 3131 ut
719 3068 974 3149 populus
1019 3067 1178 3146 ejus,
1228 3065 1329 3146 qui
1386 3063 1616 3125 scilicet
1661 3062 2101 3142 praestantiores

2208 3071 2298 3122 τοῦ.
2355 3063 2556 3122 ’Ἀλλοι
2635 3066 2732 3140 μὲν
2785 3067 2858 3129 ὡς
2911 3065 3042 3123 λαὸς
3103 3069 3284 3140 αὖτοῦ,
3349 3069 3397 3121 οἱ
3447 3068 3736 3146 κρείττους⁰
3780 3067 3822 3122 oi

453 3169 615 3232 sunt;
647 3140 746 3220 alii
791 3140 856 3220 ut
907 3140 1068 3218 oves'
1093 3140 1324 3236 pascuae
1355 3159 1507 3235 ejus,
1544 3140 1676 3233 qui
1701 3151 1763 3213 in
1818 3151 2102 3212 inferiore

2208 3153 2240 3208 ῖὲ
2299 3155 2370 3219 ὡς
2455 3151 2696 3232 πρόϐατα
2775 3155 2941 3228 νομῆς
3001 3157 3157 3212 αὐτοῦ
3193 3204 3206 3226 ,

451 3249 638 3328 gradu
667 3247 974 3310 incedunt.
1009 3249 1298 3308 Caeterum
1346 3261 1482 3306 cum
1517 3241 1783 3304 omnium
1835 3239 1995 3303 Deus
2046 3249 2104 3301 et

448 3337 638 3401 factor
667 3337 763 3408 sit,
813 3354 1022 3397 omnes
1075 3343 1243 3397 vocat
1301 3342 1360 3394 et
1405 3331 1677 3410 proprios
1719 3330 1836 3390 sibi
1893 3329 2098 3390 efﬁcit.

448 3424 596 3489 Nam
626 3425 904 3489 homines
947 3433 1006 3486 et
1029 3426 1300 3504 jumenta
1326 3421 1512 3483 salvat
1540 3417 1827 3480 Dominus
1854 3415 1930 3498 8i;
1961 3417 2100 3480 illos

449 3516 690 3597 quidem
723 3525 786 3576 ut
813 3515 1096 3595 populum
1131 3531 1330 3592 suum,
1367 3511 1476 3572 hos
1497 3527 1636 3570 vero
1673 3517 1738 3570 ut
1768 3525 1906 3569 oves
1955 3525 2094 3587 pas-

448 3625 574 3669 cute
595 3624 740 3668 suae.
775 3603 1256 3683 Introiteportas
1281 3603 1410 3680 ejus
1441 3601 1508 3660 in
1529 3597 2096 3674 confessione.Pcr-

445 3705 534 3758 tas
565 3694 805 3758 Domini
836 3694 1163 3755 Ecclesiam
1214 3709 1346 3773 qua)
1377 3691 1438 3750 in
1469 3696 1630 3750 terra
1662 3697 1752 3748 est
1805 3695 2005 3766 vocat,
2035 3685 2098 3747 in

444 3803 561 3865 qua
590 3785 861 3846 conﬁteri
901 3791 1132 3863 oportet
1176 3799 1244 3842 ac
1277 3777 1644 3841 denuntiatis
1671 3785 1844 3837 antea
1878 3793 2094 3856 pecca-

445 3875 540 3948 tis,
577 3871 868 3934 beneﬁcia
889 3873 1060 3932 nobis
1093 3870 1311 3932 collata
1337 3883 1644 3929 enarrare.

807 3963 937 4044 Ipsi
975 3963 1199 4026 David.
1251 3958 1620 4023 PSALMUS
1662 3962 1732 4021 Ο.

1027 4059 1486 4138 Argumentum.

445 4151 512 4215 In
542 4155 654 4216 hoc
689 4153 916 4233 psalmo
955 4150 1290 4230 perfectum
1325 4145 1496 4208 nobis
1525 4146 1830 4206 hominem
1874 4143 2087 4206 descri-

531 4241 636 4318 bit,
671 4243 774 4322 qui
801 4241 1134 4304 secundum
1159 4241 1346 4302 Deum
1381 4235 1558 4297 vitam
1587 4235 1869 4308 instituit,
1903 4233 2098 4296 docet-

515 4327 642 4418 que
673 4353 780 4397 nos
801 4335 957 4416 quod
992 4333 1127 4396 vitae
1175 4349 1366 4410 genus
1421 4327 1704 4409 amplecti
1737 4326 1996 4388 debeant
2027 4327 2093 4408 ii,

3283 3157 3328 3210 οἱ
3411 3154 3818 3223 ὑποϐεϐηκότες,

2187 3241 2336 3310 Πλὴι
2366 3241 2525 3314 ἀλλὰ,
2559 3243 2771 3300 πάντων
2805 3245 2934 3307 Θεὸς
2977 3247 3052 3300 ὢν
3081 3246 3170 3300 καὶ
3203 3247 3461 3316 ποιητὴς,
3493 3246 3696 3311 πάντας
3727 3267 3821 3301 κα-

2185 3331 2272 3387 λεῖ
2299 3333 2388 3388 καὶ
2419 3331 2788 3397 ἐξοικειοῦται,
2850 3335 3188 3410 Ἀνθρώπους
3219 3333 3320 3412 γὰρ
3355 3337 3478 3390 κααὶ
3509 3337 3683 3406 κτήνη
3717 3336 3820 3390 σώ-

2181 3427 2258 3492 ζει
2291 3421 2444 3484 Θεός·
2481 3422 2602 3484 τοὺς
2657 3422 2756 3495 μὲν
2797 3425 2869 3485 ὡς
2929 3421 3056 3478 λαὸν
3087 3423 3266 3494 αὐτοῦ,
3311 3423 3370 3478 τὰ
3393 3420 3448 3478 δὲ
3477 3425 3550 3486 ὡς
3595 3419 3821 3502 πρόϐατα

2182 3509 2346 3584 νομῆς
2378 3514 2558 3571 αὐτοῦ.
2599 3509 2868 3568 Εἰσέλθετε
2899 3513 2972 3576 εἷς
3003 3513 3096 3574 τὰς
3127 3511 3296 3574 πύλας
3319 3512 3476 3568 αὐτοῦ
3501 3511 3554 3567 ἐν
3585 3511 3814 3588 ἐξομολο

2181 3599 2358 3675 γήσει.
2395 3598 2571 3665 Πύλας
2599 3607 2689 3656 τοῦ
2723 3601 2906 3679 Κυρὶο)
2935 3601 3032 3666 τὴν
3063 3602 3149 3655 ἐπὶ
3195 3601 3298 3677 γῆς
3349 3599 3672 3667 Ἐκκλησίαν
3713 3622 3816 3678 φη-

2181 3689 2284 3760 σὶν,
2317 3687 2372 3744 ἐν
2467 3687 2909 3766 ἐξομολογεῖσθαι
2940 3687 3044 3764 δεῖ,
3093 3687 3184 3744 ἅτε
3229 3689 3484 3765 πρότερον
3507 3689 3816 3768 ἐξαγγέλον-

2179 3797 2268 3839 τες
2315 3777 2378 3832 τὰ
2417 3778 2802 3855 ἁμαρτήματα,
2837 3779 2932 3842 τὰς
2961 3799 3019 3833 τε
3051 3778 3126 3841 είς
3155 3779 3300 3852 ἡμᾶς
3355 3779 3650 3856 γενομένας
3678 3780 3815 3859 ἀφη-

2181 3871 2395 3945 γεῖσθαι
2449 3867 2774 3946 εὐεργεσίας.

2625 3969 2713 4035 Τῷ
2739 3959 2926 4024 Δαυίδ.
2951 3967 3265 4024 vannos.
3301 3959 3388 4024 P'.

2847 4053 3152 4117 Τπόθεσις.

2181 4147 2270 4206 Ἐν
2297 4149 2468 4220 τούτῳ
2495 4153 2570 4221 τῷ
2603 4151 2804 4223 ψαλμῷ
2833 4149 2922 4203 τὸν
2953 4147 3157 4204 τέλειον
3185 4149 3322 4222 ἡμῖν
3364 4146 3662 4230 διαγράφει,
3698 4151 3813 4205 vov-

2259 4239 2395 4294 κατὰ
2427 4239 2556 4292 Θεὸν
2585 4235 3018 4312 πολιτευόμενον,
3065 4235 3325 4293 διδάσκων
3374 4238 3517 4312 ἡμᾶς
3551 4241 3703 4296 ποὶαν
3735 4237 3815 4294 δεῖ

2258 4325 2527 4382 πολιτείαν
2555 4323 2881 4392 ἐπιτηδεύειν
2911 4327 3033 4390 τοὺς
3067 4326 3446 4400 ἐπιθυμοῦντας
3477 4332 3576 4396 τῆς
3601 4335 3703 4384 τῶν
3735 4327 3808 4384 οὔ·

2258 4423 2429 4494 ρανῶν
2476 4414 2746 4490 βασιλείας
2794 4415 3100 4495 ἐπιτυχετν,

527 4427 622 4508 qui
655 4444 904 4503 regnum
936 4423 1222 4485 caelorum
1258 4419 1506 4500 adipisci
1540 4425 1848 4498 expetant.

531 4497 586 4579 1'.
619 4497 1106 4577 Misericordiam
1135 4520 1194 4573 et
1207 4497 1506 4590 judicium
1544 4497 1798 4568 cantabo
1836 4505 2098 4582 tibi,Do-

2263 4503 2468 4563 ’Ἕλειον
2517 4506 2605 4560 καὶ
2673 4505 2844 4582 κρίσιν
2903 4503 3100 4580 ᾄσομαι
3126 4528 3233 4586 σοι,
3271 4505 3445 4583 Κύριε.
3482 4513 3676 4584 Ταῦτα,
3707 4527 3810 4583 φης’

445 4607 630 4667 mine.
664 4603 810 4666 Cum
843 4622 910 4664 ea
957 4611 1014 4663 te
1047 4601 1171 4664 scio
1207 4610 1262 4662 te
1295 4595 1470 4658 nobis
1501 4595 1830 4658 contulisse
1861 4593 2095 4657 beneﬁ-

2208 4598 2283 4674 νίν,
2361 4594 2447 4651 ἐπὶ
2519 4593 2786 4668 στόματος
2871 4595 3044 4674 φέρων
3141 4593 3427 4658 διαπαντὸς
3480 4595 3514 4650 ἃ
3562 4591 3684 4651 οἶδα
3742 4595 3810 4656 εἷς

446 4696 536 4756 cia
565 4711 808 4773 semper
838 4693 900 4753 in
931 4709 1035 4755 ore
1063 4691 1276 4764 feram,
1303 4685 1544 4748 dabitur
1563 4685 1886 4765 judicium,
1919 4693 1978 4746 et
2007 4703 2095 4745 sa-

2208 4692 2324 4760 ,μᾶς
2379 4685 2798 4764 κατορθωθέντα,
2857 4681 3134 4754 δοθήσεται
3203 4685 3394 4764 κρίσις,
3445 4684 3710 4740 τουτέστιν
3771 4683 3804 4748 ὴ

445 4803 522 4847 ne
549 4765 841 4864 judicium
869 4783 1119 4862 justum.
1147 4777 1494 4840 Justiﬁcavit
1525 4775 1682 4839 enim
1719 4793 1957 4836 causam
1993 4793 2098 4836 no-

2211 4775 2553 4852 ικαιοκρισία.
2613 4771 2928 4830 Ἐδικαίωσε
2986 4773 3086 4852 γὰρ
3156 4774 3216 4830 ἐκ
3275 4781 3381 4829 τῶν
3415 4765 3629 4853 ¹ἐχθρῶν
3659 4773 3806 4848 ἡμῶν

445 4881 626 4934 stram
656 4872 939 4933 adversus
971 4867 1246 4930 inimicos
1279 4873 1535 4926 nostros.

528 4963 588 5042 2,
611 4960 668 5024 3.
705 4959 976 5022 Psallam
1002 4966 1055 5020 et
1093 4955 1428 5036 intelligam
1455 4957 1520 5015 in
1550 4955 1652 5016 via
1673 4953 2092 5015 immaculata.

443 5049 742 5123 Psallam,
773 5048 984 5128 inquit,
1016 5046 1330 5124 hymnum,
1365 5061 1434 5104 ac
1465 5043 1510 5104 si
1544 5042 1772 5103 diceret
1801 5043 2092 5122 apertius:

2175 4865 2273 4932 τὴν
2303 4861 2453 4930 δίκην
2495 4861 2642 4937 ἡμῶν
2653 4907 2664 4920 .

2259 4951 2430 5008 Ψαλῶ
2487 4954 2574 5008 καὶ
2631 4953 2844 5022 συνήσω
2901 4953 2954 5009 ἐν
3013 4951 3118 5026 ὁδῷ
3189 4951 3420 5027 ἆμῶμῳ.
3485 4951 3552 5009 Τό
3585 4996 3602 5026 ,
3659 4949 3808 5025 ψαλῶ

2179 5045 2270 5100 τὸν
2323 5039 2506 5117 ὕμνον,
2559 5043 2742 5120 φησὶν,
2808 5043 2933 5098 ὡσεὶ
3004 5041 3152 5120 λέγοι
3207 5041 3549 5120 σαφέστερον·
3607 5038 3806 5115 ’Υμνῶν

444 5137 572 5201 Non
604 5139 784 5199 ﬁnem
817 5127 1031 5196 faciam
1065 5135 1316 5214 hymnos
1345 5131 1624 5206 canendi,
1651 5139 1709 5191 et
1731 5131 1880 5192 viam
1903 5151 2094 5194 meam

2211 5133 2239 5188 ὗ
2303 5131 2570 5204 πούσομαι
2646 5132 2732 5186 καὶ
2804 5132 2902 5200 τὴν
2983 5129 3117 5205 ἐμὴν
3205 5127 3323 5186 ὁδὸν
3407 5127 3804 5208 παρααευᾶζων

444 5244 681 5306 semper
711 5227 1148 5286 immaculatam
1181 5220 1572 5301 conservabo,
1610 5231 1798 5296 tuum,
1833 5240 1867 5281 ο
1899 5219 2094 5283 Domi-

2208 5219 2428 5298 ἷμωμον,
2487 5223 2584 5287 τὴν
2614 5219 2738 5292 σὴν,
2783 5221 2830 5275 ὦ
2861 5219 3128 5299 Δέσποτα,
3169 5217 3458 5296 παρουσίαν
3487 5215 3800 5297 προσδοκῶν,

443 5313 862 5389 ne,adventum
891 5311 1517 5396 exspectans.0pﬁortet
1550 5309 1710 5370 enim
1735 5317 1968 5388 paratos
1991 5327 2100 5380 nos

2208 5323 2282 5366 λετ
2337 5309 2436 5387 γάρ
2495 5311 2948 5389 ηύτρεπισμενους
3004 5311 3149 5384 ἡμᾶς
3208 5309 3352 5366 εῖναι
3412 5309 3540 5386 προς
3601 5307 3700 5374 τὴν
3721 5307 3808 5362 τοῦ

445 5422 582 5466 esse
611 5403 683 5464 ad
721 5403 961 5465 Domini
993 5393 1322 5464 accessum.
1353 5395 1608 5460 Tantam
1660 5407 1852 5460 autem
1891 5399 1986 5460 hic
2019 5399 2101 5460 vir

2208 5399 2372 5478 ἱυρίου
2415 5396 2607 5478 ἄφιξιν.
2669 5401 2948 5466 Τοσαύτην
2993 5401 3093 5478 γὰρ
3145 5401 3172 5455 ὃ
3227 5397 3624 5472 θαυμαζόμενος
3665 5393 3804 5455 οὗτος

443 5490 735 5556 mirabilis
777 5493 1107 5572 puritatem
1140 5487 1446 5553 obtinebat
1475 5497 1537 5550 ut
1565 5505 1697 5549 cum
1731 5487 1950 5552 ﬁducia
1970 5488 2099 5550 cla-

2208 5489 2318 5566 ινὴρ
2385 5487 2647 5553 ἐκτὴσατο
2731 5490 3117 5568 καθαρότητα,
3177 5490 3249 5552 ὣς
3321 5486 3458 5562 μετὰ·
3497 5483 3803 5594 ··ιιτιιῤῥηιιίι”ις

462 5743 474 5749 _
521 5651 761 5716 WPsal.
797 5669 998 5728 cxvm,
1029 5656 1162 5718 176.
1245 5649 1293 5690 δί
1329 5647 1488 5712 Psal.
1525 5665 1700 5726 xxxv,
1734 5653 1790 5711 8.
1885 5663 1892 5666 '

502 5761 544 5797 ’Ἃ

2735 5753 2740 5758 ,
3355 5745 3362 5752 ο

710 5981 796 6097 Ἧι
