3992 6208
525 357 632 428 431

1315 359 1376 429 8.
1423 358 1849 430 ATHANASII
1890 358 2062 430 OPP.
2103 348 2319 425 PARS.
2368 357 2479 426 Ill.
2528 397 2605 411 --
2649 356 3108 432 EXEGE'I‘ICA.

3785 360 3920 433 432

525 496 711 570 mine,
746 514 935 577 usque
965 494 1038 556 ad
1071 494 1204 558 illas
1233 497 1659 574 generationes
1687 517 2025 578 permanes,
2061 509 2152 557 ut-

2290 494 2419 561 ένεις
2451 498 2544 562 τὰς
2575 500 2786 582 γενεὰς,
2817 501 2908 558 ἅτε
2957 500 3021 570 δὴ
3073 504 3162 560 καὶ
3216 504 3277 559 σὺ
3339 506 3492 572 αὒτὸς
3548 505 3622 570 ὡς
3697 507 3849 576 Θεὸς,
3887 507 3919 562 ὅ

524 596 668 666 pote
693 588 850 648 Deus
881 585 982 667 qui
1015 586 1202 647 caelos
1233 585 1306 648 ab
1340 586 1507 648 initio
1542 587 1753 648 fecisti.

604 678 701 746 εδδ,
755 677 856 738 27.
906 675 1034 755 Ipsi
1074 678 1376 754 peribunt,
1403 685 1464 738 tu
1483 685 1693 739 autem
1713 697 2052 756 permanes.
2081 675 2167 738 ‘l'u

521 766 706 846 solus,
739 765 955 844 inquit,
988 785 1021 826 o
1057 765 1328 845 Domine,
1358 767 1746 828 mternitatem
1775 777 1978 846 utpote
2015 768 2170 829 Deus

521 857 704 917 habes
740 874 753 914 :
785 856 920 920 σαξΙί
951 874 1090 916 vero
1123 858 1232 917 etsi
1269 875 1544 936 magnum
1588 869 1647 919 et
1705 857 1984 919 eximium
2051 858 2168 917 sint

521 947 1118 1025 opiﬁcium,attamen
1144 953 1203 1005 et
1222 944 1337 1025 ipsi
1363 947 1730 1025 corruptioni
1755 946 2164 1025 sulijicientur.

524 1034 845 1114 Corruptio
875 1043 1076 1095 autem
1113 1034 1235 1094 haec
1269 1035 1384 1094 erit
1417 1035 1534 1095 illis
1567 1034 1627 1097 in
1660 1036 2107 1095 renovationem
2151 1051 2164 1096 :

521 1124 840 1184 voluentur
870 1123 1029 1184 enim
1067 1123 1123 1182 in
1159 1123 1466 1184 meliorem
1497 1123 1745 1184 formam
1799 1124 2165 1184 commutati.

599 1211 700 1282 28,
755 1213 854 1274 99.
916 1211 1070 1272 Filii
1122 1228 1437 1273 servorum
1493 1222 1738 1274 tuorum
1786 1213 2166 1274 habitabant.

522 1304 668 1362 Nam
698 1319 832 1362 cum
865 1301 996 1362 caeli
1031 1302 1238 1363 mutati
1268 1301 1510 1374 fuerint,
1540 1311 1598 1362 et
1653 1313 1928 1364 renovata
1991 1302 2172 1362 fuerit

521 1400 822 1468 creatura,
851 1401 994 1451 tunc
1024 1392 1080 1450 in
1105 1391 1350 1451 aeternis
1399 1390 1800 1452 tabernaculis
1862 1391 2166 1452 constituti

521 1491 695 1543 erunt
726 1481 835 1544 filii
867 1498 1174 1541 servorum
1210 1490 1468 1550 tuorum;
1523 1480 1564 1541 ii
1617 1492 1813 1542 autem
1872 1490 2006 1541 sunt
2066 1482 2164 1561 qui

523 1589 629 1652 per
663 1580 901 1633 sanctos
924 1570 1224 1650 apostolos
1259 1570 1667 1648 crediderunt,
1712 1580 1764 1632 et
1812 1588 2013 1631 semen
2067 1588 2160 1631 eo-

2254 588 2339 641 καὶ
2368 588 2491 650 τοὺς
2527 592 2779 663 οὐρανοὺς
2810 613 3123 659 πεποιηκως
3159 591 3210 659 ἐξ
3235 594 3439 674 ἀρχῆς.

2338 680 2488 735 Αὖτοὶ
2567 679 2916 753 ἀπολοῦνται,
2977 684 3039 738 σὺ
3097 682 3152 738 δὲ
3241 681 3531 758 διαμένεις.
3594 685 3667 741 Σὺ
3723 685 3916 761 μόνος,

2254 767 2506 846 φησὶν,ὦ
2539 768 2807 851 Δέσποτα,
2852 773 2913 828 τὸ
2943 769 3120 829 α’ίδιον
3169 772 3262 829 εἴτε
3324 774 3453 838 Θεὸς
3513 772 3690 854 ἔχεις·
3768 778 3816 832 οἱ
3864 773 3924 830 δὲ

2254 856 2484 931 οὐρανοὶ,
2541 860 2583 914 εἰ
2639 861 2728 915 καὶ
2799 861 2941 939 μέγα
2999 884 3048 917 τι
3114 863 3202 918 καὶ
3280 862 3541 940 ἐξαίρετον
3614 865 3924 944 ὕπαρχουσι

2252 947 2468 1033 κ-ίσμα,
2502 947 2624 1002 ἀλλ’
2668 947 2810 1029 ὅφως
2871 953 2955 1006 καὶ
3002 952 3146 1007 αὐτοὶ
3202 949 3671 1022 ὑποϐληθήσονται
3716 957 3920 1033 φθορα.

2255 1031 2319 1089 Ἠ
2342 1033 2396 1090 δὲ
2439 1038 2603 1116 φθορὰ
2636 1039 2770 1106 αὕτη
2804 1042 3084 1118 γενήσεται
3145 1041 3327 1105 αῦτοϊς
3358 1044 3431 1105 εἰς
3488 1031 3909 1118 ἀνακαινισμὸν⁶

2254 1121 2635 1203 ἒλιχθήσὸνται
2665 1129 2766 1202 γὰρ
2787 1131 2860 1194 εἰς
2891 1128 3105 1204 βέλτιον
3163 1134 3358 1209 σχῆμα
3417 1129 3919 1206 μεταϐαλλόμενοι.

2335 1215 2394 1270 Οἱ
2493 1216 2592 1270 υἱοί
2679 1239 2786 1274 των
2896 1217 3096 1275 δούλων
3195 1242 3286 1277 σου
3374 1220 3916 1287 κατασκηνώσουσιν.

2253 1299 2433 1358 ’Ὅταν
2482 1304 2582 1383 γὰρ
2632 1304 3011 1386 ἐλιχθήσονται
3069 1311 3116 1364 οἱ
3173 1309 3404 1382 οὖρανοὶ,
3479 1310 3564 1364 καὶ
3624 1311 3782 1378 καινὴ
3812 1312 3916 1386 γὲο

2253 1414 2407 1457 νηται
2440 1393 2634 1473 κτίσις³
2667 1397 2786 1452 νότε
2817 1395 2884 1464 δὴ
2941 1397 3062 1453 τότε
3124 1397 3176 1453 ἐν
3228 1410 3352 1460 ταῖς
3403 1398 3632 1458 αἰωνίοις
3680 1413 3916 1466 σκηναῖς

2248 1481 2524 1558 γενόμενοι
2555 1487 2602 1540 οἱ
2632 1488 2738 1541 τῶν
2763 1490 2870 1543 σῶν
2907 1485 3108 1543 δούλων
3150 1486 3274 1543 υἱοί⁶
3306 1486 3447 1544 οὗτοι
3477 1485 3524 1542 δ’
3574 1486 3637 1544 ἂν
3693 1501 3806 1545 εἷεν
3869 1493 3921 1544 οἱ

2251 1566 2337 1625 διὰ
2366 1569 2472 1626 τῶν
2515 1571 2680 1652 ἄγίων
2753 1580 2912 1635 αὐτοῦ
2967 1575 3252 1632 ἆποστόλω
3310 1577 3745 1641 πεπιστευκότες.
3811 1581 3922 1635 Καὶ

521 1679 656 1722 rum
683 1667 744 1722 in
807 1660 1097 1722 sceculum
1150 1663 1475 1740 (Μάρειαν.
1536 1665 1753 1722 Semen
1823 1667 2166 1721 sanctorum

2290 1661 2315 1714 ὸ
2402 1660 2615 1738 σπέρμα
2692 1666 2866 1721 αὐτῶν
2945 1666 3019 1728 εἰς
3108 1667 3198 1721 τὸν
3260 1666 3425 1721 αἰῶνα
3489 1670 3920 1735 κατευθυνθήσε-

520 1751 932 1827 apostolorum
959 1758 1048 1810 est
1068 1749 1412 1828 evangelica
1433 1759 1490 1810 et
1513 1751 1785 1812 salutaris
1808 1750 2166 1827 praedicatio,

2291 1772 2366 1808 αι.
2429 1752 2655 1829 Σπέρμα
2707 1755 2813 1810 τῶν
2870 1756 3034 1833 ἁγίων
3085 1752 3400 1810 ἀποστόλων
3452 1757 3515 1811 τὸ
3564 1755 3920 1833 εὒαγγελικὸν

522 1859 656 1920 quae
688 1845 890 1902 manet
921 1839 978 1899 in
1014 1840 1318 1901 saeculum.

883 2017 1142 2080 PSALM
1155 2016 1256 2080 US
1287 2020 1403 2098 ipsi
1435 2019 1652 2081 David.
1677 2018 1803 2080 CII.

1122 2109 1554 2188 Argumentum
1567 2158 1580 2172 .

525 2199 724 2261 Navus
758 2198 1013 2279 populus
1050 2216 1118 2258 ex
1142 2197 1419 2276 gentibus
1474 2206 1737 2277 coactus,
1798 2197 2048 2259 docetur
2109 2198 2167 2257 in

605 2289 720 2350 hoc
751 2288 976 2368 psalmo
1008 2286 1195 2348 Deum
1229 2286 1464 2366 hymnis
1506 2286 1836 2364 celebrare,
1890 2288 1988 2367 qui
2053 2305 2170 2345 ma-

601 2396 716 2457 gna
757 2378 870 2456 ipsi
903 2375 1193 2437 beneﬁcia
1221 2378 1492 2438 contulit.
1519 2378 1668 2439 Sunt
1690 2387 1887 2438 autem
1916 2395 2006 2449 ea,
2036 2395 2167 2455 pec-

603 2468 717 2528 cati
749 2465 1075 2526 destructio
1100 2475 1159 2526 et
1192 2465 1658 2526 resurrectionis
1686 2465 1874 2544 gloria

606 2558 664 2615 1.
695 2553 981 2632 Benedic,
1002 2555 1207 2614 animo
1229 2555 1688 2616 mea.Domino.
1745 2555 1875 2633 lpse
1919 2572 2053 2614 sese
2097 2553 2167 2613 ad

524 2645 806 2724 hymnum
841 2648 1079 2712 excitat.
1131 2644 1419 2723 optimum
1470 2643 1582 2703 sibi
1633 2644 1704 2704 aii
1760 2644 2011 2704 salutem
2071 2661 2170 2703 re-

2254 1841 2341 1895 καὶ
2411 1841 2671 1918 σωτήριον
2751 1846 3024 1921 κήρυγμα,
3097 1844 3226 1920 ὅπερ
3300 1845 3372 1909 εἰς
3441 1846 3532 1900 τὸν
3579 1847 3744 1900 αἰῶνα
3789 1843 3922 1900 δια-

2256 1949 2431 2001 μενει,

2721 2027 3008 2078 ΨΑΔΜΟΣ
3041 2027 3118 2096 τῷ
3151 2020 3317 2078 Δαυὶδ
3351 2023 3472 2082 ΡΒ’.

2931 2108 3234 2173 ’Υπόθεσις,

2253 2195 2314 2254 Ὀ
2346 2198 2460 2260 νέος
2487 2198 2541 2263 ἒξ
2570 2201 2734 2255 ὲθνῶν
2773 2197 2902 2262 λαὸς
2961 2199 3016 2254 ἐν
3086 2200 3257 2274 τούτῳ
3304 2198 3602 2256 διδάσκεται
3659 2200 3922 2276 ἆνυμνσῐν

2334 2289 2425 2343 τὸν
2511 2289 2643 2343 Θεὸν
2697 2290 2788 2343 τὸν
2846 2290 2912 2344 τὰ
2963 2287 3172 2366 μεγαλα
3249 2289 3674 2368 εὖηργετηκότα.
3735 2297 3920 2347 Ταῦτα

2333 2374 2388 2432 δέ
2419 2377 2530 2433 ἐστι
2561 2377 2627 2433 τὰ
2662 2379 3060 2456 εῦεργετήματα
3091 2378 3126 2446 ἢ
3167 2399 3220 2434 τε
3277 2383 3377 2447 τῆς
3432 2378 3691 2456 ἁμαρτίας
3753 2379 3917 2435 ἀναί-

2334 2488 2476 2540 ρεσις
2507 2469 2593 2523 καὶ
2621 2467 2717 2536 τῆς
2750 2468 3090 2534 ἀναστάσεως
3120 2470 3182 2525 τὸ
3224 2469 3510 2549 καύχημα,

2339 2555 2584 2636 Εὒλόγει,
2642 2558 2678 2624 ἦ
2729 2558 2882 2636 ψυχή
2941 2579 3044 2632 μου
3103 2559 3192 2614 τὸν
3245 2559 3455 2633 Κύριον.
3537 2558 3698 2621 Αὒτὸς
3786 2560 3918 2614 ἑαυ-

2256 2649 2346 2704 τὸν
2379 2645 2463 2701 ἐπὶ
2494 2647 2582 2701 τὸν
2612 2643 2775 2720 ὕμνον
2805 2644 3069 2727 διεγείρει,
3103 2645 3265 2704 καλὸν
3325 2646 3519 2707 ἑαυτοῦ
3578 2647 3670 2714 τῆς
3731 2669 3921 2715 σωτη-

525 2732 785 2794 medium
814 2750 944 2792 esse
971 2750 1336 2812 proponens,
1366 2730 1729 2794 benedicere
1755 2731 1939 2793 Deum
1995 2731 2072 2792 Ex
2099 2751 2173 2793 eo

2293 2738 2372 2798 ίας
2404 2735 2685 2815 φάρμακον
2729 2737 2830 2801 τὴν
2860 2737 2934 2799 εἱς
2967 2738 3099 2792 Θεὸν
3157 2733 3399 2814 εὖλογίαν
3456 2733 3918 2815 προϐάλλόμενος.

518 2829 714 2884 autem
754 2821 910 2900 quod
942 2827 944 2830 ’
973 2824 1128 2883 Deus
1191 2828 1504 2884 miseratus
1560 2821 1842 2901 populum
1879 2831 2063 2898 esset,
2098 2820 2172 2880 (le

2290 2823 2376 2905 ἐφ’
2411 2828 2496 2888 οἷς
2529 2821 2583 2878 δὲ
2617 2825 2746 2886 Θεὸς
2777 2826 2869 2880 τὸν
2895 2824 3025 2881 λαὸν
3070 2823 3304 2901 ἡμελλεν
3363 2824 3538 2882 ἐλεεῖν
3613 2823 3923 2903 δικαιοσύνῃ

511 2910 745 2991 justitia
773 2929 876 2971 sua
907 2911 968 2973 in
994 2909 1326 2989 juiticando
1358 2910 1674 2991 laudatur;
1734 2919 1946 2991 utpote
2007 2910 2106 2990 qui
2143 2929 2173 2970 a

2290 2913 2522 2984 οξάζεται
2574 2918 2808 2991 κριτικῇ,
2877 2918 3068 2992 φθορᾶς
3119 2936 3176 2970 τε
3236 2912 3596 2972 ἂπαλλαττων
3669 2916 3761 2971 καὶ
3808 2917 3913 2992 βα-

519 3001 904 3080 corruptione
925 2999 1140 3060 liberet
1162 3008 1219 3060 et
1240 3018 1491 3079 regnum
1527 3001 1810 3061 caelorum
1846 3001 1946 3060 tlBt
1974 3021 1988 3079 ;
2020 3003 2095 3060 ita
2117 3011 2173 3060 ut

2293 3003 2458 3060 ιλείαν
2543 2999 2711 3068 διδοὺς
2798 3004 3052 3081 οὐρανῶν·
3109 3007 3180 3069 ὡς
3259 3006 3345 3060 καὶ
3419 3011 3578 3061 πᾶσιν
3639 3005 3922 3083 ἀρμὸττειν

521 3108 784 3171 praesens
815 3090 1067 3170 hymnus
1092 3086 1370 3150 omnibus
1427 3089 1767 3151 conveniat.
1831 3089 1910 3151 Et
1969 3092 2173 3150 omnia

2293 3095 2350 3149 ὸν
2421 3092 2767 3172 προκείμενον
2846 3091 3035 3168 ὕμνον.
3112 3096 3207 3151 Καὶ
3258 3093 3430 3149 πάντά
3479 3095 3543 3148 τὰ
3615 3094 3762 3153 ἐντός
3815 3117 3920 3169 μου

2194 3154 2238 3205 C

519 3197 652 3259 qua:
677 3182 840 3241 intra
860 3198 952 3240 me
970 3187 1110 3240 sunt
1136 3181 1375 3240 uommi
1397 3190 1603 3241 sancto
1620 3182 1766 3260 ejus.
1809 3183 1919 3242 Per
1940 3197 2004 3239 ea
2048 3194 2173 3257 qua:

2290 3185 2323 3239 ’ὸ
2355 3180 2524 3256 ὄνομα
2553 3183 2615 3237 τὸ
2645 3181 2796 3260 ἂγιον
2828 3181 3010 3244 αὐτοῦ.
3048 3184 3147 3238 Διὰ
3200 3189 3308 3238 τῶν
3369 3183 3517 3246 ἐντὸς
3571 3185 3632 3238 τὸ
3676 3181 3728 3247 ἐξ
3789 3182 3921 3250 ὅλης

523 3271 683 3332 intra
716 3278 875 3343 sunt,
911 3268 1208 3347 signiﬁcat
1228 3267 1415 3330 Deum
1444 3288 1514 3330 ex
1547 3277 1666 3330 toto
1700 3269 1906 3340 corde,
1941 3287 2010 3328 ex
2059 3278 2180 3328 tota

520 3358 762 3429 virtute,
799 3369 856 3419 et
887 3375 960 3419 ex
994 3368 1112 3420 tota
1143 3367 1344 3419 mente
1376 3359 1774 3419 invocandum
1818 3377 1966 3419 esse.

606 3451 666 3506 ‘2.
707 3447 1002 3522 Benedic,
1037 3449 1245 3509 auium
1298 3465 1460 3528 mea,
1511 3448 1786 3510 Domino.
1835 3447 2182 3508 Perseverat

523 3557 662 3602 sese
694 3539 1062 3599 exhortando
1115 3537 1185 3597 ad
1249 3540 1586 3599 canendum
1650 3539 1923 3618 hymnos.
1996 3536 2178 3616 probe

522 3628 721 3688 sciens
753 3628 809 3686 id
847 3644 978 3687 esse
1011 3626 1190 3686 ofﬁcii
1224 3627 1312 3686 sui
1345 3646 1448 3706 pro
1485 3635 1709 3706 magnis
1747 3627 2014 3707 acceptis
2070 3627 2176 3686 be-

525 3717 781 3778 neﬁciis.
823 3714 970 3776 Nam
1006 3715 1108 3795 qui
1141 3716 1474 3777 divinorum
1508 3716 1937 3778 beneﬁciorum
1978 3733 2181 3777 recor-

524 3809 722 3878 tlatur,
760 3823 1061 3884 nunquam
1096 3806 1273 3865 linem
1300 3804 1438 3867 facit
1469 3807 1648 3886 hujus
1707 3807 1907 3886 hymni
1963 3805 2178 3867 conci-

526 3893 729 3955 nentli.
769 3893 848 3955 Et
883 3893 1010 3953 noli
1039 3893 1313 3955 oblivisci
1344 3913 1552 3956 omnes
1578 3896 2174 3972 retributioneseius.

527 3985 642 4045 Pro
679 3989 904 4060 magnis
937 3983 1092 4042 enim
1130 3984 1393 4061 peccatis
1421 3985 1639 4044 nostris
1671 3985 1948 4045 retribuit
2011 3987 2182 4049 nobis

529 4070 1077 4150 mansuetudinem,
1164 4072 1660 4154 misericordiam,
1743 4075 2178 4140 miserationes.

526 4161 668 4234 Quas
701 4159 966 4220 oblivisci
1003 4179 1120 4219 non
1158 4170 1414 4239 oportet.

607 4255 664 4322 3,
702 4251 758 4311 4.
816 4247 942 4324 Qui
986 4252 1364 4329 propitiatur
1422 4253 1697 4313 omnibus
1758 4255 2183 4331 iniquitatibus

524 4341 669 4414 tuis,
705 4348 819 4400 etc.
855 4337 954 4399 llze
983 4355 1121 4400 sunt
1156 4340 1588 4400 retributiones
1623 4342 1729 4403 Dei
1764 4342 1937 4403 nobis
1988 4345 2178 4406 colla-

526 4440 641 4504 taa;
677 4431 870 4509 primo
903 4429 1063 4506 quod
1103 4429 1456 4508 propitiatus
1489 4432 1563 4490 sit
1623 4433 1882 4510 peccatis
1915 4436 2132 4494 nostris
2161 4453 2177 4508 ;

2264 3269 2503 3350 καρδίας,
2536 3273 2627 3326 καὶ
2656 3269 2708 3335 ἐξ
2761 3271 2892 3337 ὅλης
2951 3271 3049 3339 τῆς
3111 3272 3320 3351 ἰσχύος,
3370 3274 3458 3328 καὶ
3499 3271 3551 3336 ἐξ
3611 3271 3744 3338 ὅλης
3800 3271 3922 3328 3t:-

2263 3361 2406 3425 νοίας
2437 3362 2528 3416 τὸν
2559 3362 2691 3416 Θεὸν
2721 3360 3094 3418 ἐπικαλεῖσθαι
3123 3359 3307 3428 δηλοῖ.

2347 3450 2591 3529 Εὐλόγει,
2653 3453 2688 3520 ἡ
2742 3452 2898 3531 ψυχὴ
2973 3474 3097 3526 μου,
3157 3453 3246 3507 τὸν
3303 3451 3512 3528 Κύριον,
3574 3450 3921 3531 Ἐνδιατρίὸει

2262 3546 2330 3618 τῇ
2414 3542 2533 3618 περὶ
2585 3543 2677 3597 τὸν
2731 3541 2892 3616 ὕμνον
2947 3542 3135 3598 ἑαυτοῦ
3192 3546 3499 3620 προτροπῇ,
3558 3538 3709 3606 εἰδὼς
3768 3551 3926 3600 τοῦτο

2261 3630 2376 3686 ἀντὶ
2433 3635 2538 3685 τῶν
2595 3629 2843 3708 μεγάλων
2910 3632 3069 3687 αὔτοῦ
3147 3631 3462 3709 εὐεργεσιῶν
3547 3630 3735 3687 ἑαυτὸν
3819 3632 3923 3688 ἑπ-

2262 3719 2560 3798 οφείλοντα.
2597 3716 2659 3777 Ὀ
2686 3722 2786 3797 γὰρ
2841 3723 2946 3776 τῶν
2993 3721 3146 3776 θείων
3203 3720 3516 3799 εὐεργεσιῶν
3573 3723 3923 3796 μεμνημένος

2264 3810 2322 3867 οὒ
2397 3810 2651 3865 παύσεται
2727 3817 2881 3866 τοῦτο
2963 3812 3163 3884 ὑμνῶν.
3243 3808 3348 3870 Καὶ
3419 3809 3496 3884 μὴ
3571 3808 3926 3869 ἑπιλανθάνου

2263 3899 2438 3960 πάσας
2518 3901 2610 3964 τὰς
2698 3898 3077 3964 ἀνταποδόσεις
3134 3902 3315 3961 αὐτοῦ.
3394 3895 3766 3957 Ἀνταπέδωκε
3827 3904 3924 3981 γαρ

2264 3989 2398 4064 ἡμῖν
2431 3987 2546 4044 ἀντὶ
2599 3990 2704 4045 τῶν
2753 3988 3004 4068 μεφάλων
3076 3985 3480 4068 ἁμαρτημάτων
3535 3989 3615 4070 ῶν
3672 3991 3923 4070 ἡμάρτο-

2267 4058 2388 4152 μεν,
2448 4058 2848 4157 χρηστότητα,’
2882 4075 3055 4153 ἔλεον,
3114 4058 3458 4157 ὀἰκτιρμούῆ
3535 4058 3632 4133 Ὠν
3689 4058 3806 4136 έεῐι
3849 4082 3924 4156 μὴ

2264 4165 2728 4226 ἐπιλανθάνεσθαι.

2346 4256 2447 4314 Τὸν
2530 4255 2902 4313 εῦϊλατεῦοντα
2983 4257 3176 4323 πάσαις
3260 4270 3384 4318 ταῖς
3469 4258 3716 4334 ἆνομίαις
3804 4283 3918 4318 σου.

2264 4344 2426 4402 Αὗταί
2469 4346 2598 4402 εἰσιν
2675 4349 2727 4402 αἱ
2797 4349 2910 4425 περὶ
2964 4347 3126 4420 ἡμῶν
3178 4345 3561 4414 ἀνταποδόσεις
3612 4355 3704 4405 τοῦ
3758 4352 3914 4406 Θεοῦ·

2263 4434 2345 4492 ὅτι
2400 4436 2611 4513 πρῶτον
2671 4437 2768 4510 μὲν
2800 4434 3026 4512 ἱλασμὸν
3059 4435 3216 4503 ἔθηκε
3246 4443 3351 4492 τῶν
3409 4437 3684 4516 ἡμετέρων
3736 4438 3916 4518 ἆμαρ-

527 4518 818 4589 secundo,
850 4519 1003 4597 quod
1041 4520 1417 4580 inlirmitates
1441 4531 1673 4580 nostras
1703 4523 1993 4582 sanaverit
2023 4544 2038 4600 ;
2070 4535 2173 4586 ter-

2290 4531 2413 4581 ιῶψ
2476 4523 2717 4604 δεύτερον
2805 4524 2860 4581 δὲ
2918 4527 3013 4589 τὰς
3064 4527 3328 4603 ἡμετέρας
3386 4526 3655 4591 ἆτθενειας
3703 4529 3913 4586 ἰάσατο·

527 4609 636 4686 tio,
671 4609 826 4688 quod
864 4609 935 4667 de
968 4607 1216 4668 interitu
1269 4609 1591 4671 redeinet‘it
1639 4611 1818 4670 vitam
1887 4626 2175 4695 nostram,

529 4716 662 4758 cum
700 4707 1000 4776 peccatum
1038 4698 1110 4757 tle
1142 4699 1336 4759 medio
1397 4699 1678 4772 sustulit;
1732 4710 1964 4780 quarto.
2019 4706 2175 4783 quod

531 4790 769 4867 proiiria
797 4806 937 4848 usus
959 4788 1302 4856 clementia.
1335 4789 1744 4850 misericordia
1772 4798 1830 4850 et
1855 4792 2179 4854 miseratio-

531 4877 726 4948 nibus,
764 4896 870 4936 nos
901 4878 1272 4938 coronaverit
1310 4879 1654 4959 atl0ptionis
1685 4880 1912 4960 gratia;
1969 4881 2176 4961 quinto

528 4967 682 5046 quod
709 4967 1126 5046 spiritualibus
1151 4987 1257 5028 nos
1283 4968 1452 5029 bonis
1474 4967 1811 5048 repleverit,
1845 4988 1978 5032 sese
2001 4972 2179 5035 nobis

528 5060 758 5115 donans
794 5074 1008 5135 panem
1043 5057 1202 5119 vitae.

610 5147 644 5207 5
702 5145 1110 5207 Renocabilur
1141 5155 1201 5208 ut
1253 5147 1472 5226 aquilae
1510 5149 1810 5227 juventus
1867 5159 1991 5211 tua.
2060 5155 2180 5215 Deo

531 5251 636 5312 per
719 5236 1230 5313 regenerationem
1300 5237 1673 5318 juventute-m
1707 5249 1961 5300 nostram
2014 5250 2182 5322 quasi

527 5325 743 5403 aquilm
766 5335 1108 5388 reuovante.
1145 5325 1626 5390 Resurreutionis
1685 5329 1932 5406 gratiam
2003 5331 2176 5392 nobis

527 5413 841 5492 significat.
928 5416 1160 5492 Aquilae
1237 5428 1435 5479 autem
1499 5437 1601 5478 eos
1703 5418 1804 5498 qui
1912 5421 2177 5484 renovati

527 5512 666 5563 sunt
697 5514 1027 5583 comparat,
1062 5507 1151 5566 avi
1187 5507 1453 5568 omnium
1514 5511 1770 5568 maxime
1823 5507 2173 5586 altivolanti,

528 5591 731 5671 regiae,
793 5600 852 5654 et
901 5611 1030 5674 qua
1072 5595 1201 5657 sola
1260 5603 1456 5677 potest
1504 5595 1706 5656 radios
1743 5595 1888 5658 solis
1931 5599 2180 5662 ﬁrmiter

528 5682 905 5763 conspicere.

2258 4615 2432 4694 τρίτον
2461 4618 2524 4672 ἒκ
2573 4619 2767 4694 φθορᾶς
2838 4617 2994 4692 ἡμῶν
3051 4618 3151 4673 τὶν
3195 4617 3340 4688 ζωὴν
3397 4615 3757 4693 ἐλυτρώσατο,
3820 4619 3916 4673 ἆν-

2261 4703 2398 4761 ελὼν
2429 4705 2528 4772 τὴν
2557 4705 2840 4784 ἁμαρτίαν,
2873 4705 3121 4782 τέταρτον
3173 4707 3342 4778 οἰκείᾳ
3383 4708 3750 4786 πιλανθρωπίᾳ
3833 4708 3915 4763 καὶ

2261 4793 2394 4870 ἐλέῳ
2439 4801 2527 4852 καὶ
2583 4799 2881 4875 οἱκιιρμοτς
2957 4796 3238 4876 χρώμενος
3325 4797 3691 4876 ἐστεφάνωσεν
3778 4799 3914 4871 ἡμᾶς

2262 4891 2338 4958 τῷ
2365 4885 2465 4953 τῆς
2521 4885 2778 4950 υἱοθεσίας
2836 4888 3154 4966 χαρίσματι’
3215 4885 3461 4958 πέμπτον
3503 4893 3609 4944 τῶν
3671 4908 3909 4960 πνευμα-

2261 4974 2422 5032 τικῶν
2459 4976 2603 5051 ἡμᾶς
2661 4973 2952 5042 ἆνέπλησεν
3020 4975 3256 5053 ἀγαθών,
3316 4975 3504 5031 ἑαυτὸν
3555 4976 3692 5049 ἡμῖν
3767 4974 3915 5044 ἄρτον

2261 5065 2393 5122 ὅντα
2436 5070 2580 5136 ζωῆς
2605 5062 2889 5130 ἐπιδιδούς,

2347 5155 2878 5223 Ἀνακαινισθήσεται
2972 5157 3046 5220 ὡς

2265 5253 2368 5304 Τοῦ

2263 5335 2420 5409 ἡμῶν
2472 5336 2546 5397 ὡς
2583 5334 2740 5390 ἀετοῦ
2777 5338 2878 5400 τὴν
2929 5338 3184 5403 νεότηταο
3257 5337 3330 5394 Τὸ
3387 5340 3486 5403 τῆς
3575 5334 3912 5395 ἀναστάσεως

2263 5426 2398 5500 ἡμῖν
2431 5428 2818 5500 κατασημαίνει
2849 5427 3114 5507 χάρισμα,
3167 5422 3336 5500 ’Λετῷ
3405 5421 3461 5481 δὲ
3511 5426 3634 5488 τοὺς
3689 5427 3910 5481 ἀνακαι-

2263 5513 2549 5590 νο-›μένους
2579 5517 2921 5593 παριείιιασεν⁹
2968 5516 3184 5596 ὀρνίθων
3240 5514 3491 5573 ἁπάντων
3544 5516 3657 5571 ὃντι
3704 5511 3908 5590 ὑψηλο-

2264 5603 2574 5676 πετεστάτῳ
2633 5605 2719 5660 καὶ
2777 5604 3216 5681 βασιλικωτάτῳ,
3275 5606 3363 5662 καὶ
3421 5605 3547 5669 ταῖς
3605 5608 3698 5661 τοῦ
3765 5601 3908 5671 ἡλίου

2263 5696 2642 5773 μαρμαρυγαῖς
2723 5697 2870 5771 μόνῳ
2938 5696 3197 5776 λαμπρῶς
3254 5694 3564 5767 ἓνατενίζειν
3621 5691 3904 5767 δυναμένῳ.

3145 5156 3302 5214 ἀετοῦ
3410 5157 3445 5223 ἡ
3533 5156 3722 5222 νεὸτης
3807 5176 3912 5215 σου,

2467 5252 2601 5301 Θεοῦ
2681 5241 2766 5299 διὰ
2849 5250 2950 5312 τῆς
3013 5244 3421 5324 παλιγγενεσίας
3495 5244 3914 5316 ἆναιιαινίζοντος
