  <div class='ocr_page' id='page_1' title='image "/cluster/home/n/w/nwhite01/storage/ocr_20150623/27/hvd.32044054272802/241.png"; bbox 0 0 3992 6208; ppageno 0'>
   <div class='ocr_carea' id='block_1_1' title="bbox 343 373 455 439">
    <p class='ocr_par' dir='ltr' id='par_1_1' title="bbox 343 373 455 439">
     <span class='ocr_line' id='line_1_1' title="bbox 343 373 455 439; baseline 0.036 -3"><span class='ocrx_word' id='word_1_1' title='bbox 343 373 455 439; x_wconf 74' lang='grc'><strong>451</strong></span> 
     </span>
    </p>
   </div>
   <div class='ocr_carea' id='block_1_2' title="bbox 1141 367 2401 438">
    <p class='ocr_par' dir='ltr' id='par_1_2' title="bbox 1141 367 2401 438">
     <span class='ocr_line' id='line_1_2' title="bbox 1141 367 2401 438; baseline -0.004 0"><span class='ocrx_word' id='word_1_2' title='bbox 1141 375 1200 438; x_wconf 92' lang='lat' dir='ltr'><strong>S.</strong></span> <span class='ocrx_word' id='word_1_3' title='bbox 1247 376 1671 438; x_wconf 72' lang='lat' dir='ltr'><strong>ATllANASII</strong></span> <span class='ocrx_word' id='word_1_4' title='bbox 1717 367 1879 437; x_wconf 83' lang='lat' dir='ltr'><strong>OPP.</strong></span> <span class='ocrx_word' id='word_1_5' title='bbox 1925 367 2138 438; x_wconf 80' lang='lat' dir='ltr'><strong>PARS.</strong></span> <span class='ocrx_word' id='word_1_6' title='bbox 2186 373 2301 438; x_wconf 92' lang='lat' dir='ltr'><strong>III.</strong></span> 
     </span>
    </p>
   </div>
   <div class='ocr_carea' id='block_1_3' title="bbox 2469 371 3724 446">
    <p class='ocr_par' dir='ltr' id='par_1_3' title="bbox 2469 371 3724 446">
     <span class='ocr_line' id='line_1_3' title="bbox 2469 371 3724 446; baseline 0.006 -8"><span class='ocrx_word' id='word_1_7' title='bbox 2469 373 2668 439; x_wconf 79' lang='lat' dir='ltr'><strong>EXEG</strong></span> <span class='ocrx_word' id='word_1_8' title='bbox 2679 371 2773 439; x_wconf 84' lang='lat' dir='ltr'><strong>ET</strong></span> <span class='ocrx_word' id='word_1_9' title='bbox 2782 377 2922 441; x_wconf 80' lang='lat' dir='ltr'><strong>ICA.</strong></span> <span class='ocrx_word' id='word_1_10' title='bbox 3606 377 3724 446; x_wconf 74' lang='grc'><strong>452</strong></span> 
     </span>
    </p>
   </div>
   <div class='ocr_carea' id='block_1_4' title="bbox 426 506 1980 592">
    <p class='ocr_par' dir='ltr' id='par_1_4' title="bbox 426 506 1980 590">
     <span class='ocr_line' id='line_1_4' title="bbox 426 506 1980 590; baseline -0.003 -19"><span class='ocrx_word' id='word_1_11' title='bbox 426 511 524 573; x_wconf 88' lang='lat'><strong>11.</strong></span> <span class='ocrx_word' id='word_1_12' title='bbox 562 510 716 586; x_wconf 82' lang='lat' dir='ltr'><strong>Quia</strong></span> <span class='ocrx_word' id='word_1_13' title='bbox 775 509 1301 572; x_wconf 72' lang='lat' dir='ltr'><strong>exarcebuverunt</strong></span> <span class='ocrx_word' id='word_1_14' title='bbox 1357 509 1603 590; x_wconf 85' lang='lat' dir='ltr'><strong>eloquia</strong></span> <span class='ocrx_word' id='word_1_15' title='bbox 1652 509 1784 570; x_wconf 88' lang='lat' dir='ltr'><strong>Dei.</strong></span> <span class='ocrx_word' id='word_1_16' title='bbox 1840 506 1980 571; x_wconf 81' lang='lat' dir='ltr'><strong>Divi</strong></span> 
     </span>
    </p>
   </div>
   <div class='ocr_carea' id='block_1_5' title="bbox 2086 506 3718 592">
    <p class='ocr_par' dir='ltr' id='par_1_5' title="bbox 2174 509 3718 592">
     <span class='ocr_line' id='line_1_5' title="bbox 2174 509 3718 592; baseline 0.005 -26"><span class='ocrx_word' id='word_1_17' title='bbox 2174 519 2267 566; x_wconf 85' lang='grc' dir='ltr'><strong>Οτι</strong></span> <span class='ocrx_word' id='word_1_18' title='bbox 2324 509 2717 589; x_wconf 71' lang='grc' dir='ltr'>παρεπίκριναν</span> <span class='ocrx_word' id='word_1_19' title='bbox 2770 515 2836 568; x_wconf 81' lang='grc' dir='ltr'><strong>τὰ</strong></span> <span class='ocrx_word' id='word_1_20' title='bbox 2901 514 3058 592; x_wconf 60' lang='grc' dir='ltr'>Λςὶγια</span> <span class='ocrx_word' id='word_1_21' title='bbox 3135 524 3227 571; x_wconf 81' lang='grc' dir='ltr'>τοῦ</span> <span class='ocrx_word' id='word_1_22' title='bbox 3301 526 3454 578; x_wconf 80' lang='grc' dir='ltr'><strong>Θεοῦ.</strong></span> <span class='ocrx_word' id='word_1_23' title='bbox 3542 517 3718 574; x_wconf 64' lang='lat'><strong>0:331-</strong></span> 
     </span>
    </p>
   </div>
   <div class='ocr_carea' id='block_1_6' title="bbox 345 596 1980 682">
    <p class='ocr_par' dir='ltr' id='par_1_6' title="bbox 345 596 1980 678">
     <span class='ocr_line' id='line_1_6' title="bbox 345 596 1980 678; baseline -0.002 -18"><span class='ocrx_word' id='word_1_24' title='bbox 345 618 481 661; x_wconf 89' lang='lat' dir='ltr'><strong>nam</strong></span> <span class='ocrx_word' id='word_1_25' title='bbox 515 601 706 678; x_wconf 82' lang='lat' dir='ltr'><strong>legem</strong></span> <span class='ocrx_word' id='word_1_26' title='bbox 750 598 1092 660; x_wconf 74' lang='lat' dir='ltr'><strong>nullatenus</strong></span> <span class='ocrx_word' id='word_1_27' title='bbox 1123 600 1530 671; x_wconf 75' lang='lat' dir='ltr'><strong>admittentes,</strong></span> <span class='ocrx_word' id='word_1_28' title='bbox 1564 599 1668 660; x_wconf 90' lang='lat' dir='ltr'><strong>sed</strong></span> <span class='ocrx_word' id='word_1_29' title='bbox 1701 596 1980 677; x_wconf 87' lang='lat' dir='ltr'><strong>sapienti-</strong></span> 
     </span>
    </p>
   </div>
   <div class='ocr_carea' id='block_1_7' title="bbox 2086 596 3723 682">
    <p class='ocr_par' dir='ltr' id='par_1_7' title="bbox 2086 600 3723 682">
     <span class='ocr_line' id='line_1_7' title="bbox 2086 600 3723 682; baseline 0.008 -30"><span class='ocrx_word' id='word_1_30' title='bbox 2086 603 2194 672; x_wconf 71' lang='grc' dir='ltr'>μῶς</span> <span class='ocrx_word' id='word_1_31' title='bbox 2251 601 2342 656; x_wconf 86' lang='grc' dir='ltr'>τὸν</span> <span class='ocrx_word' id='word_1_32' title='bbox 2385 605 2532 657; x_wconf 81' lang='grc' dir='ltr'>θεῖον</span> <span class='ocrx_word' id='word_1_33' title='bbox 2590 600 3022 682; x_wconf 83' lang='grc' dir='ltr'>παραδεχόμενοι</span> <span class='ocrx_word' id='word_1_34' title='bbox 3069 605 3254 680; x_wconf 84' lang='grc' dir='ltr'>νόμον,</span> <span class='ocrx_word' id='word_1_35' title='bbox 3303 606 3440 663; x_wconf 80' lang='grc' dir='ltr'>ἀλλὰ</span> <span class='ocrx_word' id='word_1_36' title='bbox 3483 621 3602 673; x_wconf 79' lang='grc' dir='ltr'>τοῖς</span> <span class='ocrx_word' id='word_1_37' title='bbox 3632 630 3723 665; x_wconf 84' lang='grc' dir='ltr'><strong>σο·</strong></span> 
     </span>
    </p>
   </div>
   <div class='ocr_carea' id='block_1_8' title="bbox 342 687 1980 771">
    <p class='ocr_par' dir='ltr' id='par_1_8' title="bbox 342 687 1980 768">
     <span class='ocr_line' id='line_1_8' title="bbox 342 687 1980 768; baseline -0.002 -17"><span class='ocrx_word' id='word_1_38' title='bbox 342 689 455 752; x_wconf 88' lang='lat' dir='ltr'><strong>bus</strong></span> <span class='ocrx_word' id='word_1_39' title='bbox 485 690 663 768; x_wconf 86' lang='lat' dir='ltr'><strong>hujus</strong></span> <span class='ocrx_word' id='word_1_40' title='bbox 691 707 843 751; x_wconf 70' lang='lat' dir='ltr'><strong>saese</strong></span> <span class='ocrx_word' id='word_1_41' title='bbox 873 688 1280 750; x_wconf 87' lang='lat' dir='ltr'><strong>instituendos</strong></span> <span class='ocrx_word' id='word_1_42' title='bbox 1314 689 1639 750; x_wconf 84' lang='lat' dir='ltr'><strong>tradentes.</strong></span> <span class='ocrx_word' id='word_1_43' title='bbox 1675 687 1757 750; x_wconf 85' lang='lat' dir='ltr'><strong>Et</strong></span> <span class='ocrx_word' id='word_1_44' title='bbox 1786 687 1980 748; x_wconf 83' lang='lat' dir='ltr'><strong>consi-</strong></span> 
     </span>
    </p>
   </div>
   <div class='ocr_carea' id='block_1_9' title="bbox 2086 687 3724 771">
    <p class='ocr_par' dir='ltr' id='par_1_9' title="bbox 2086 692 3724 771">
     <span class='ocr_line' id='line_1_9' title="bbox 2086 692 3724 771; baseline 0.003 -26"><span class='ocrx_word' id='word_1_45' title='bbox 2086 703 2200 766; x_wconf 69' lang='lat' dir='ltr'><strong>po‘tc</strong></span> <span class='ocrx_word' id='word_1_46' title='bbox 2232 697 2321 746; x_wconf 78' lang='grc' dir='ltr'>τοῦ</span> <span class='ocrx_word' id='word_1_47' title='bbox 2352 692 2542 755; x_wconf 75' lang='grc' dir='ltr'>αἰῶνος</span> <span class='ocrx_word' id='word_1_48' title='bbox 2586 693 2772 747; x_wconf 88' lang='grc' dir='ltr'>τούτου</span> <span class='ocrx_word' id='word_1_49' title='bbox 2815 694 3173 771; x_wconf 82' lang='grc' dir='ltr'>προνέμοντες</span> <span class='ocrx_word' id='word_1_50' title='bbox 3205 697 3440 759; x_wconf 77' lang='grc' dir='ltr'>ἑαυτούς.</span> <span class='ocrx_word' id='word_1_51' title='bbox 3481 701 3577 756; x_wconf 80' lang='grc' dir='ltr'><strong>Καὶ</strong></span> <span class='ocrx_word' id='word_1_52' title='bbox 3621 697 3724 764; x_wconf 68' lang='grc' dir='ltr'><strong>τὴν</strong></span> 
     </span>
    </p>
   </div>
   <div class='ocr_carea' id='block_1_10' title="bbox 339 776 1980 860">
    <p class='ocr_par' dir='ltr' id='par_1_10' title="bbox 339 776 1980 850">
     <span class='ocr_line' id='line_1_10' title="bbox 339 776 1980 850; baseline -0.003 -9"><span class='ocrx_word' id='word_1_53' title='bbox 339 779 487 841; x_wconf 77' lang='lat' dir='ltr'><strong>lium</strong></span> <span class='ocrx_word' id='word_1_54' title='bbox 543 778 844 840; x_wconf 80' lang='lat' dir='ltr'><strong>Altissimi</strong></span> <span class='ocrx_word' id='word_1_55' title='bbox 885 779 1312 839; x_wconf 73' lang='lat' dir='ltr'><strong>irritaverant.</strong></span> <span class='ocrx_word' id='word_1_56' title='bbox 1351 776 1659 850; x_wconf 86' lang='lat' dir='ltr'><strong>Quodnam</strong></span> <span class='ocrx_word' id='word_1_57' title='bbox 1696 785 1822 838; x_wconf 88' lang='lat' dir='ltr'><strong>erat</strong></span> <span class='ocrx_word' id='word_1_58' title='bbox 1853 795 1980 837; x_wconf 90' lang='lat' dir='ltr'><strong>con-</strong></span> 
     </span>
    </p>
   </div>
   <div class='ocr_carea' id='block_1_11' title="bbox 2086 776 3724 860">
    <p class='ocr_par' dir='ltr' id='par_1_11' title="bbox 2086 778 3724 860">
     <span class='ocr_line' id='line_1_11' title="bbox 2086 778 3724 860; baseline 0.007 -26"><span class='ocrx_word' id='word_1_59' title='bbox 2086 778 2273 847; x_wconf 73' lang='grc' dir='ltr'>Ξουλὴν</span> <span class='ocrx_word' id='word_1_60' title='bbox 2327 788 2418 837; x_wconf 78' lang='grc' dir='ltr'>τοῦ</span> <span class='ocrx_word' id='word_1_61' title='bbox 2479 780 2731 856; x_wconf 75' lang='grc' dir='ltr'><strong>Ὑψίστου</strong></span> <span class='ocrx_word' id='word_1_62' title='bbox 2821 783 3152 860; x_wconf 80' lang='grc' dir='ltr'>παρώξυναν.</span> <span class='ocrx_word' id='word_1_63' title='bbox 3217 788 3314 844; x_wconf 85' lang='grc' dir='ltr'><strong>Καὶ</strong></span> <span class='ocrx_word' id='word_1_64' title='bbox 3382 789 3508 845; x_wconf 89' lang='grc' dir='ltr'>ποία</span> <span class='ocrx_word' id='word_1_65' title='bbox 3563 789 3629 856; x_wconf 73' lang='grc' dir='ltr'>ἦν</span> <span class='ocrx_word' id='word_1_66' title='bbox 3687 791 3724 857; x_wconf 81' lang='grc' dir='ltr'>ἡ</span> 
     </span>
    </p>
   </div>
   <div class='ocr_carea' id='block_1_12' title="bbox 341 866 1980 947">
    <p class='ocr_par' dir='ltr' id='par_1_12' title="bbox 341 866 1980 947">
     <span class='ocr_line' id='line_1_12' title="bbox 341 866 1980 947; baseline -0.002 -17"><span class='ocrx_word' id='word_1_67' title='bbox 341 869 540 930; x_wconf 84' lang='lat' dir='ltr'><strong>silium</strong></span> <span class='ocrx_word' id='word_1_68' title='bbox 572 866 1027 942; x_wconf 82' lang='lat' dir='ltr'><strong>Altissimi,nisi</strong></span> <span class='ocrx_word' id='word_1_69' title='bbox 1056 868 1210 946; x_wconf 85' lang='lat' dir='ltr'><strong>quod</strong></span> <span class='ocrx_word' id='word_1_70' title='bbox 1238 867 1379 928; x_wconf 83' lang='lat' dir='ltr'><strong>velit</strong></span> <span class='ocrx_word' id='word_1_71' title='bbox 1408 868 1535 947; x_wconf 90' lang='lat' dir='ltr'><strong>ipse</strong></span> <span class='ocrx_word' id='word_1_72' title='bbox 1566 885 1769 930; x_wconf 84' lang='lat' dir='ltr'><strong>omnes</strong></span> <span class='ocrx_word' id='word_1_73' title='bbox 1799 867 1980 928; x_wconf 85' lang='lat' dir='ltr'><strong>homi-</strong></span> 
     </span>
    </p>
   </div>
   <div class='ocr_carea' id='block_1_13' title="bbox 2086 866 3719 947">
    <p class='ocr_par' dir='ltr' id='par_1_13' title="bbox 2086 869 3719 947">
     <span class='ocr_line' id='line_1_13' title="bbox 2086 869 3719 947; baseline 0.004 -22"><span class='ocrx_word' id='word_1_74' title='bbox 2086 869 2241 935; x_wconf 74' lang='grc' dir='ltr'><strong>3ουλή</strong></span> <span class='ocrx_word' id='word_1_75' title='bbox 2291 872 2380 928; x_wconf 77' lang='grc' dir='ltr'>τοῦ</span> <span class='ocrx_word' id='word_1_76' title='bbox 2429 871 2706 947; x_wconf 75' lang='grc' dir='ltr'><strong>Ὑψίστου,</strong></span> <span class='ocrx_word' id='word_1_77' title='bbox 2765 873 2801 941; x_wconf 74' lang='grc' dir='ltr'><strong>ἢ</strong></span> <span class='ocrx_word' id='word_1_78' title='bbox 2867 876 2929 930; x_wconf 85' lang='grc' dir='ltr'>τὸ</span> <span class='ocrx_word' id='word_1_79' title='bbox 2971 873 3141 931; x_wconf 85' lang='grc' dir='ltr'>θέλειν</span> <span class='ocrx_word' id='word_1_80' title='bbox 3195 878 3353 934; x_wconf 76' lang='grc' dir='ltr'>αὗτὸν</span> <span class='ocrx_word' id='word_1_81' title='bbox 3383 878 3586 942; x_wconf 82' lang='grc' dir='ltr'>πάντας</span> <span class='ocrx_word' id='word_1_82' title='bbox 3617 879 3719 933; x_wconf 85' lang='grc' dir='ltr'><strong>ἆν-</strong></span> 
     </span>
    </p>
   </div>
   <div class='ocr_carea' id='block_1_14' title="bbox 340 958 1988 1037">
    <p class='ocr_par' dir='ltr' id='par_1_14' title="bbox 340 958 1988 1037">
     <span class='ocr_line' id='line_1_14' title="bbox 340 958 1988 1037; baseline -0.002 -17"><span class='ocrx_word' id='word_1_83' title='bbox 340 976 444 1020; x_wconf 85' lang='lat' dir='ltr'><strong>nes</strong></span> <span class='ocrx_word' id='word_1_84' title='bbox 474 958 675 1020; x_wconf 77' lang='lat' dir='ltr'><strong>salvos</strong></span> <span class='ocrx_word' id='word_1_85' title='bbox 703 958 869 1037; x_wconf 80' lang='lat' dir='ltr'><strong>fieri,</strong></span> <span class='ocrx_word' id='word_1_86' title='bbox 910 966 964 1018; x_wconf 85' lang='lat' dir='ltr'><strong>et</strong></span> <span class='ocrx_word' id='word_1_87' title='bbox 1014 959 1094 1018; x_wconf 82' lang='lat' dir='ltr'><strong>ad</strong></span> <span class='ocrx_word' id='word_1_88' title='bbox 1147 959 1522 1036; x_wconf 73' lang='lat' dir='ltr'><strong>agnitionem</strong></span> <span class='ocrx_word' id='word_1_89' title='bbox 1574 962 1854 1020; x_wconf 84' lang='lat' dir='ltr'><strong>veritatis</strong></span> <span class='ocrx_word' id='word_1_90' title='bbox 1884 973 1988 1018; x_wconf 86' lang='lat' dir='ltr'><strong>ve—</strong></span> 
     </span>
    </p>
   </div>
   <div class='ocr_carea' id='block_1_15' title="bbox 339 1045 601 1110">
    <p class='ocr_par' dir='ltr' id='par_1_15' title="bbox 339 1045 601 1110">
     <span class='ocr_line' id='line_1_15' title="bbox 339 1045 601 1110; baseline 0 0"><span class='ocrx_word' id='word_1_91' title='bbox 339 1049 477 1110; x_wconf 80' lang='lat' dir='ltr'><strong>nire</strong></span> <span class='ocrx_word' id='word_1_92' title='bbox 501 1045 557 1089; x_wconf 80' lang='lat'><strong><em>99</em></strong></span> <span class='ocrx_word' id='word_1_93' title='bbox 573 1053 601 1110; x_wconf 85' lang='lat'><strong>?</strong></span> 
     </span>
    </p>
   </div>
   <div class='ocr_carea' id='block_1_16' title="bbox 422 1133 1988 1217">
    <p class='ocr_par' dir='ltr' id='par_1_16' title="bbox 422 1133 1988 1217">
     <span class='ocr_line' id='line_1_16' title="bbox 422 1133 1988 1217; baseline -0.002 -18"><span class='ocrx_word' id='word_1_94' title='bbox 422 1137 520 1199; x_wconf 75' lang='lat'><strong>1‘2.</strong></span> <span class='ocrx_word' id='word_1_95' title='bbox 557 1137 868 1216; x_wconf 77' lang='lat' dir='ltr'><strong>lnﬁrmati</strong></span> <span class='ocrx_word' id='word_1_96' title='bbox 894 1145 1060 1216; x_wconf 85' lang='lat' dir='ltr'><strong>sunt,</strong></span> <span class='ocrx_word' id='word_1_97' title='bbox 1095 1155 1201 1200; x_wconf 88' lang='lat' dir='ltr'><strong>nec</strong></span> <span class='ocrx_word' id='word_1_98' title='bbox 1225 1141 1346 1214; x_wconf 81' lang='lat' dir='ltr'><strong>fuit</strong></span> <span class='ocrx_word' id='word_1_99' title='bbox 1375 1139 1481 1215; x_wconf 89' lang='lat' dir='ltr'><strong>qui</strong></span> <span class='ocrx_word' id='word_1_100' title='bbox 1509 1133 1988 1217; x_wconf 78' lang='lat' dir='ltr'><strong>adjuvaret.Ne-—</strong></span> 
     </span>
    </p>
   </div>
   <div class='ocr_carea' id='block_1_17' title="bbox 341 1227 1613 1306">
    <p class='ocr_par' dir='ltr' id='par_1_17' title="bbox 341 1227 1613 1306">
     <span class='ocr_line' id='line_1_17' title="bbox 341 1227 1613 1306; baseline 0.002 -19"><span class='ocrx_word' id='word_1_101' title='bbox 341 1245 435 1287; x_wconf 91' lang='lat' dir='ltr'><strong>mo</strong></span> <span class='ocrx_word' id='word_1_102' title='bbox 469 1229 628 1288; x_wconf 90' lang='lat' dir='ltr'><strong>enim</strong></span> <span class='ocrx_word' id='word_1_103' title='bbox 664 1236 898 1302; x_wconf 83' lang='lat' dir='ltr'><strong>poterat</strong></span> <span class='ocrx_word' id='word_1_104' title='bbox 931 1234 1240 1306; x_wconf 88' lang='lat' dir='ltr'><strong>peccatum</strong></span> <span class='ocrx_word' id='word_1_105' title='bbox 1277 1227 1613 1289; x_wconf 76' lang='lat' dir='ltr'><strong>destruere.</strong></span> 
     </span>
    </p>
   </div>
   <div class='ocr_carea' id='block_1_18' title="bbox 422 1317 1987 1382">
    <p class='ocr_par' dir='ltr' id='par_1_18' title="bbox 422 1317 1987 1382">
     <span class='ocr_line' id='line_1_18' title="bbox 422 1317 1987 1382; baseline 0 -3"><span class='ocrx_word' id='word_1_106' title='bbox 422 1319 511 1379; x_wconf 90' lang='lat'><strong>13.</strong></span> <span class='ocrx_word' id='word_1_107' title='bbox 553 1320 625 1380; x_wconf 80' lang='lat' dir='ltr'><strong>Et</strong></span> <span class='ocrx_word' id='word_1_108' title='bbox 655 1318 730 1380; x_wconf 87' lang='lat' dir='ltr'><strong>de</strong></span> <span class='ocrx_word' id='word_1_109' title='bbox 758 1319 1213 1382; x_wconf 69' lang='lat' dir='ltr'><strong>necessitatibus</strong></span> <span class='ocrx_word' id='word_1_110' title='bbox 1262 1336 1468 1380; x_wconf 86' lang='lat' dir='ltr'><strong>eorum</strong></span> <span class='ocrx_word' id='word_1_111' title='bbox 1527 1317 1812 1379; x_wconf 79' lang='lat' dir='ltr'><strong>liberavit</strong></span> <span class='ocrx_word' id='word_1_112' title='bbox 1860 1334 1987 1380; x_wconf 89' lang='lat' dir='ltr'><strong>eos.</strong></span> 
     </span>
    </p>
   </div>
   <div class='ocr_carea' id='block_1_19' title="bbox 341 1405 1987 1488">
    <p class='ocr_par' dir='ltr' id='par_1_19' title="bbox 341 1405 1987 1488">
     <span class='ocr_line' id='line_1_19' title="bbox 341 1405 1987 1488; baseline -0.002 -19"><span class='ocrx_word' id='word_1_113' title='bbox 341 1408 698 1488; x_wconf 68' lang='lat' dir='ltr'><strong>Ecquaenam</strong></span> <span class='ocrx_word' id='word_1_114' title='bbox 736 1409 925 1486; x_wconf 85' lang='lat' dir='ltr'><strong>major</strong></span> <span class='ocrx_word' id='word_1_115' title='bbox 958 1413 1303 1480; x_wconf 84' lang='lat' dir='ltr'><strong>necessitas,</strong></span> <span class='ocrx_word' id='word_1_116' title='bbox 1337 1426 1510 1488; x_wconf 87' lang='lat' dir='ltr'><strong>quam</strong></span> <span class='ocrx_word' id='word_1_117' title='bbox 1547 1417 1609 1467; x_wconf 92' lang='lat' dir='ltr'><strong>ut</strong></span> <span class='ocrx_word' id='word_1_118' title='bbox 1641 1406 1778 1484; x_wconf 84' lang='lat' dir='ltr'><strong>quis</strong></span> <span class='ocrx_word' id='word_1_119' title='bbox 1810 1405 1987 1467; x_wconf 89' lang='lat' dir='ltr'><strong>mali-</strong></span> 
     </span>
    </p>
   </div>
   <div class='ocr_carea' id='block_1_20' title="bbox 339 1497 1988 1576">
    <p class='ocr_par' dir='ltr' id='par_1_20' title="bbox 339 1497 1988 1576">
     <span class='ocr_line' id='line_1_20' title="bbox 339 1497 1988 1576; baseline 0 -19"><span class='ocrx_word' id='word_1_120' title='bbox 339 1515 593 1575; x_wconf 84' lang='lat' dir='ltr'><strong>gnorum</strong></span> <span class='ocrx_word' id='word_1_121' title='bbox 626 1497 942 1576; x_wconf 85' lang='lat' dir='ltr'><strong>spirituum</strong></span> <span class='ocrx_word' id='word_1_122' title='bbox 975 1516 1186 1558; x_wconf 88' lang='lat' dir='ltr'><strong>servus</strong></span> <span class='ocrx_word' id='word_1_123' title='bbox 1216 1498 1316 1576; x_wconf 89' lang='lat' dir='ltr'><strong>sit,</strong></span> <span class='ocrx_word' id='word_1_124' title='bbox 1351 1498 1410 1558; x_wconf 90' lang='lat' dir='ltr'><strong>in</strong></span> <span class='ocrx_word' id='word_1_125' title='bbox 1437 1497 1769 1574; x_wconf 80' lang='lat' dir='ltr'><strong>ignorantia</strong></span> <span class='ocrx_word' id='word_1_126' title='bbox 1812 1514 1988 1557; x_wconf 88' lang='lat' dir='ltr'><strong>men-</strong></span> 
     </span>
    </p>
   </div>
   <div class='ocr_carea' id='block_1_21' title="bbox 340 1584 1987 1667">
    <p class='ocr_par' dir='ltr' id='par_1_21' title="bbox 340 1584 1987 1667">
     <span class='ocr_line' id='line_1_21' title="bbox 340 1584 1987 1667; baseline -0.001 -21"><span class='ocrx_word' id='word_1_127' title='bbox 340 1585 438 1659; x_wconf 87' lang='lat' dir='ltr'><strong>tis,</strong></span> <span class='ocrx_word' id='word_1_128' title='bbox 467 1585 653 1648; x_wconf 86' lang='lat' dir='ltr'><strong>animi</strong></span> <span class='ocrx_word' id='word_1_129' title='bbox 689 1585 1161 1667; x_wconf 83' lang='lat' dir='ltr'><strong>mendicitate,et</strong></span> <span class='ocrx_word' id='word_1_130' title='bbox 1196 1595 1550 1666; x_wconf 83' lang='lat' dir='ltr'><strong>paupertate</strong></span> <span class='ocrx_word' id='word_1_131' title='bbox 1573 1604 1678 1667; x_wconf 90' lang='lat' dir='ltr'><strong>per</strong></span> <span class='ocrx_word' id='word_1_132' title='bbox 1703 1584 1987 1646; x_wconf 89' lang='lat' dir='ltr'><strong>malitiam</strong></span> 
     </span>
    </p>
   </div>
   <div class='ocr_carea' id='block_1_22' title="bbox 338 1673 647 1737">
    <p class='ocr_par' dir='ltr' id='par_1_22' title="bbox 338 1673 647 1737">
     <span class='ocr_line' id='line_1_22' title="bbox 338 1673 647 1737; baseline 0.01 -2"><span class='ocrx_word' id='word_1_133' title='bbox 338 1673 587 1737; x_wconf 89' lang='lat' dir='ltr'><strong>inducta</strong></span> <span class='ocrx_word' id='word_1_134' title='bbox 619 1681 647 1737; x_wconf 87' lang='lat'><strong><em>?</em></strong></span> 
     </span>
    </p>
   </div>
   <div class='ocr_carea' id='block_1_23' title="bbox 421 1762 2050 1855">
    <p class='ocr_par' dir='ltr' id='par_1_23' title="bbox 421 1762 2050 1855">
     <span class='ocr_line' id='line_1_23' title="bbox 421 1762 2050 1855; baseline 0 -31"><span class='ocrx_word' id='word_1_135' title='bbox 421 1765 520 1826; x_wconf 72' lang='lat'><strong>14.</strong></span> <span class='ocrx_word' id='word_1_136' title='bbox 554 1763 641 1855; x_wconf 86' lang='lat' dir='ltr'><strong>Et</strong></span> <span class='ocrx_word' id='word_1_137' title='bbox 670 1763 914 1826; x_wconf 83' lang='lat' dir='ltr'><strong>vincula</strong></span> <span class='ocrx_word' id='word_1_138' title='bbox 946 1782 1156 1829; x_wconf 81' lang='lat' dir='ltr'><strong>eorum</strong></span> <span class='ocrx_word' id='word_1_139' title='bbox 1189 1767 1476 1845; x_wconf 84' lang='lat' dir='ltr'><strong>disrupit.</strong></span> <span class='ocrx_word' id='word_1_140' title='bbox 1503 1762 1678 1855; x_wconf 84' lang='lat' dir='ltr'><strong>Illud,</strong></span> <span class='ocrx_word' id='word_1_141' title='bbox 1700 1764 1985 1845; x_wconf 82' lang='lat' dir='ltr'><strong>disrupit,</strong></span> <span class='ocrx_word' id='word_1_142' title='bbox 2012 1805 2050 1855; x_wconf 72' lang='grc' dir='ltr'><strong>Β</strong></span> 
     </span>
    </p>
   </div>
   <div class='ocr_carea' id='block_1_24' title="bbox 339 1853 1763 1936">
    <p class='ocr_par' dir='ltr' id='par_1_24' title="bbox 339 1853 1763 1936">
     <span class='ocr_line' id='line_1_24' title="bbox 339 1853 1763 1936; baseline -0.001 -22"><span class='ocrx_word' id='word_1_143' title='bbox 339 1854 716 1936; x_wconf 85' lang='lat' dir='ltr'><strong>repentinam</strong></span> <span class='ocrx_word' id='word_1_144' title='bbox 754 1856 980 1932; x_wconf 86' lang='lat' dir='ltr'><strong>peccati</strong></span> <span class='ocrx_word' id='word_1_145' title='bbox 1013 1856 1481 1917; x_wconf 87' lang='lat' dir='ltr'><strong>destructionem</strong></span> <span class='ocrx_word' id='word_1_146' title='bbox 1521 1853 1763 1916; x_wconf 89' lang='lat' dir='ltr'><strong>indicat.</strong></span> 
     </span>
    </p>
   </div>
   <div class='ocr_carea' id='block_1_25' title="bbox 426 1942 1981 2021">
    <p class='ocr_par' dir='ltr' id='par_1_25' title="bbox 426 1942 1981 2021">
     <span class='ocr_line' id='line_1_25' title="bbox 426 1942 1981 2021; baseline -0.001 -15"><span class='ocrx_word' id='word_1_147' title='bbox 426 1942 1058 2021; x_wconf 80' lang='lat' dir='ltr'><strong>15-16.Conﬁteantur</strong></span> <span class='ocrx_word' id='word_1_148' title='bbox 1084 1946 1341 2007; x_wconf 84' lang='lat' dir='ltr'><strong>Domino</strong></span> <span class='ocrx_word' id='word_1_149' title='bbox 1357 1943 1805 2006; x_wconf 71' lang='lat' dir='ltr'><strong>misericordia:</strong></span> <span class='ocrx_word' id='word_1_150' title='bbox 1829 1943 1981 2021; x_wconf 86' lang='lat' dir='ltr'><strong>ejus.</strong></span> 
     </span>
    </p>
   </div>
   <div class='ocr_carea' id='block_1_26' title="bbox 335 2032 1981 2114">
    <p class='ocr_par' dir='ltr' id='par_1_26' title="bbox 335 2032 1981 2114">
     <span class='ocr_line' id='line_1_26' title="bbox 335 2032 1981 2114; baseline -0.001 -19"><span class='ocrx_word' id='word_1_151' title='bbox 335 2032 554 2095; x_wconf 87' lang='lat' dir='ltr'><strong>Eadem</strong></span> <span class='ocrx_word' id='word_1_152' title='bbox 585 2032 715 2113; x_wconf 92' lang='lat' dir='ltr'><strong>ipsa</strong></span> <span class='ocrx_word' id='word_1_153' title='bbox 745 2033 818 2094; x_wconf 86' lang='lat' dir='ltr'><strong>de</strong></span> <span class='ocrx_word' id='word_1_154' title='bbox 855 2033 1169 2096; x_wconf 84' lang='lat' dir='ltr'><strong>beneﬁciis</strong></span> <span class='ocrx_word' id='word_1_155' title='bbox 1191 2035 1325 2114; x_wconf 86' lang='lat' dir='ltr'><strong>ejus</strong></span> <span class='ocrx_word' id='word_1_156' title='bbox 1365 2034 1605 2113; x_wconf 88' lang='lat' dir='ltr'><strong>repetit.</strong></span> <span class='ocrx_word' id='word_1_157' title='bbox 1645 2032 1803 2106; x_wconf 82' lang='lat' dir='ltr'><strong>Quia</strong></span> <span class='ocrx_word' id='word_1_158' title='bbox 1835 2051 1981 2094; x_wconf 87' lang='lat' dir='ltr'><strong>con-</strong></span> 
     </span>
    </p>
   </div>
   <div class='ocr_carea' id='block_1_27' title="bbox 338 2121 1982 2202">
    <p class='ocr_par' dir='ltr' id='par_1_27' title="bbox 338 2121 1982 2202">
     <span class='ocr_line' id='line_1_27' title="bbox 338 2121 1982 2202; baseline -0.002 -17"><span class='ocrx_word' id='word_1_159' title='bbox 338 2124 514 2185; x_wconf 80' lang='lat' dir='ltr'><strong>trivit</strong></span> <span class='ocrx_word' id='word_1_160' title='bbox 531 2129 746 2202; x_wconf 84' lang='lat' dir='ltr'><strong>portas</strong></span> <span class='ocrx_word' id='word_1_161' title='bbox 768 2140 987 2186; x_wconf 79' lang='lat' dir='ltr'><strong>cereas.</strong></span> <span class='ocrx_word' id='word_1_162' title='bbox 1027 2127 1393 2187; x_wconf 84' lang='lat' dir='ltr'><strong>Descensum</strong></span> <span class='ocrx_word' id='word_1_163' title='bbox 1425 2122 1749 2186; x_wconf 87' lang='lat' dir='ltr'><strong>Salvatoris</strong></span> <span class='ocrx_word' id='word_1_164' title='bbox 1778 2121 1850 2182; x_wconf 88' lang='lat' dir='ltr'><strong>ad</strong></span> <span class='ocrx_word' id='word_1_165' title='bbox 1885 2122 1982 2182; x_wconf 89' lang='lat' dir='ltr'><strong>in-</strong></span> 
     </span>
    </p>
   </div>
   <div class='ocr_carea' id='block_1_28' title="bbox 335 2211 1990 2293">
    <p class='ocr_par' dir='ltr' id='par_1_28' title="bbox 335 2211 1990 2293">
     <span class='ocr_line' id='line_1_28' title="bbox 335 2211 1990 2293; baseline 0 -21"><span class='ocrx_word' id='word_1_166' title='bbox 335 2211 568 2272; x_wconf 85' lang='lat' dir='ltr'><strong>fernum</strong></span> <span class='ocrx_word' id='word_1_167' title='bbox 593 2211 905 2289; x_wconf 74' lang='lat' dir='ltr'><strong>significat,</strong></span> <span class='ocrx_word' id='word_1_168' title='bbox 934 2231 1053 2288; x_wconf 87' lang='lat' dir='ltr'><strong>quo</strong></span> <span class='ocrx_word' id='word_1_169' title='bbox 1078 2233 1215 2274; x_wconf 91' lang='lat' dir='ltr'><strong>cum</strong></span> <span class='ocrx_word' id='word_1_170' title='bbox 1250 2214 1640 2293; x_wconf 87' lang='lat' dir='ltr'><strong>pervenisset,</strong></span> <span class='ocrx_word' id='word_1_171' title='bbox 1668 2225 1866 2291; x_wconf 87' lang='lat' dir='ltr'><strong>portas</strong></span> <span class='ocrx_word' id='word_1_172' title='bbox 1899 2211 1990 2272; x_wconf 91' lang='lat' dir='ltr'><strong>in-</strong></span> 
     </span>
    </p>
   </div>
   <div class='ocr_carea' id='block_1_29' title="bbox 331 2300 1984 2381">
    <p class='ocr_par' dir='ltr' id='par_1_29' title="bbox 331 2300 1984 2381">
     <span class='ocr_line' id='line_1_29' title="bbox 331 2300 1984 2381; baseline 0.001 -20"><span class='ocrx_word' id='word_1_173' title='bbox 331 2300 487 2362; x_wconf 81' lang='lat' dir='ltr'><strong>ferni</strong></span> <span class='ocrx_word' id='word_1_174' title='bbox 513 2300 921 2381; x_wconf 83' lang='lat' dir='ltr'><strong>aperuit,olim</strong></span> <span class='ocrx_word' id='word_1_175' title='bbox 946 2303 1200 2364; x_wconf 83' lang='lat' dir='ltr'><strong>vinculis</strong></span> <span class='ocrx_word' id='word_1_176' title='bbox 1234 2302 1683 2374; x_wconf 88' lang='lat' dir='ltr'><strong>insolubilibus,</strong></span> <span class='ocrx_word' id='word_1_177' title='bbox 1706 2300 1984 2362; x_wconf 88' lang='lat' dir='ltr'><strong>omnibus</strong></span> 
     </span>
    </p>
   </div>
   <div class='ocr_carea' id='block_1_30' title="bbox 334 2387 1981 2454">
    <p class='ocr_par' dir='ltr' id='par_1_30' title="bbox 334 2387 1981 2454">
     <span class='ocr_line' id='line_1_30' title="bbox 334 2387 1981 2454; baseline -0.001 -3"><span class='ocrx_word' id='word_1_178' title='bbox 334 2387 729 2452; x_wconf 88' lang='lat' dir='ltr'><strong>clausas.Non</strong></span> <span class='ocrx_word' id='word_1_179' title='bbox 759 2391 915 2451; x_wconf 90' lang='lat' dir='ltr'><strong>enim</strong></span> <span class='ocrx_word' id='word_1_180' title='bbox 947 2390 1195 2454; x_wconf 80' lang='lat' dir='ltr'><strong>facultas</strong></span> <span class='ocrx_word' id='word_1_181' title='bbox 1227 2401 1355 2454; x_wconf 90' lang='lat' dir='ltr'><strong>erat</strong></span> <span class='ocrx_word' id='word_1_182' title='bbox 1393 2392 1734 2452; x_wconf 85' lang='lat' dir='ltr'><strong>volentibus</strong></span> <span class='ocrx_word' id='word_1_183' title='bbox 1784 2402 1981 2451; x_wconf 90' lang='lat' dir='ltr'><strong>retro-</strong></span> 
     </span>
    </p>
   </div>
   <div class='ocr_carea' id='block_1_31' title="bbox 332 2477 1980 2561">
    <p class='ocr_par' dir='ltr' id='par_1_31' title="bbox 332 2477 1980 2561">
     <span class='ocr_line' id='line_1_31' title="bbox 332 2477 1980 2561; baseline -0.001 -19"><span class='ocrx_word' id='word_1_184' title='bbox 332 2477 528 2559; x_wconf 81' lang='lat' dir='ltr'><strong>gradi;</strong></span> <span class='ocrx_word' id='word_1_185' title='bbox 565 2478 668 2540; x_wconf 90' lang='lat' dir='ltr'><strong>sed</strong></span> <span class='ocrx_word' id='word_1_186' title='bbox 697 2480 828 2558; x_wconf 91' lang='lat' dir='ltr'><strong>ipse</strong></span> <span class='ocrx_word' id='word_1_187' title='bbox 859 2480 1008 2541; x_wconf 86' lang='lat' dir='ltr'><strong>dixit</strong></span> <span class='ocrx_word' id='word_1_188' title='bbox 1037 2483 1112 2543; x_wconf 84' lang='lat' dir='ltr'><strong>iis</strong></span> <span class='ocrx_word' id='word_1_189' title='bbox 1137 2482 1245 2561; x_wconf 90' lang='lat' dir='ltr'><strong>qui</strong></span> <span class='ocrx_word' id='word_1_190' title='bbox 1278 2483 1471 2544; x_wconf 79' lang='lat' dir='ltr'><strong>cincti</strong></span> <span class='ocrx_word' id='word_1_191' title='bbox 1493 2487 1638 2542; x_wconf 89' lang='lat' dir='ltr'><strong>sunt</strong></span> <span class='ocrx_word' id='word_1_192' title='bbox 1665 2502 1676 2542; x_wconf 94' lang='lat'><strong>:</strong></span> <span class='ocrx_word' id='word_1_193' title='bbox 1714 2480 1980 2555; x_wconf 72' lang='lat' dir='ltr'><strong>Exite,et</strong></span> 
     </span>
    </p>
   </div>
   <div class='ocr_carea' id='block_1_32' title="bbox 327 2568 1475 2648">
    <p class='ocr_par' dir='ltr' id='par_1_32' title="bbox 327 2568 1475 2648">
     <span class='ocr_line' id='line_1_32' title="bbox 327 2568 1475 2648; baseline -0.002 -19"><span class='ocrx_word' id='word_1_194' title='bbox 327 2569 406 2629; x_wconf 81' lang='lat' dir='ltr'><strong>iis</strong></span> <span class='ocrx_word' id='word_1_195' title='bbox 435 2570 539 2648; x_wconf 85' lang='lat' dir='ltr'><strong>qui</strong></span> <span class='ocrx_word' id='word_1_196' title='bbox 573 2570 640 2629; x_wconf 85' lang='lat' dir='ltr'><strong>in</strong></span> <span class='ocrx_word' id='word_1_197' title='bbox 668 2568 932 2630; x_wconf 73' lang='lat' dir='ltr'><strong>tenebris</strong></span> <span class='ocrx_word' id='word_1_198' title='bbox 972 2590 985 2628; x_wconf 91' lang='lat'>:</span> <span class='ocrx_word' id='word_1_199' title='bbox 1021 2570 1398 2633; x_wconf 78' lang='lat' dir='ltr'><strong>Reuelamini</strong></span> <span class='ocrx_word' id='word_1_200' title='bbox 1426 2570 1475 2627; x_wconf 71' lang='grc' dir='ltr'>ί.</span> 
     </span>
    </p>
   </div>
   <div class='ocr_carea' id='block_1_33' title="bbox 421 2657 1975 2723">
    <p class='ocr_par' dir='ltr' id='par_1_33' title="bbox 421 2657 1975 2723">
     <span class='ocr_line' id='line_1_33' title="bbox 421 2657 1975 2723; baseline 0.001 -3"><span class='ocrx_word' id='word_1_201' title='bbox 421 2661 514 2721; x_wconf 88' lang='grc'><strong>18.</strong></span> <span class='ocrx_word' id='word_1_202' title='bbox 549 2657 786 2720; x_wconf 86' lang='lat' dir='ltr'><strong>Omnem</strong></span> <span class='ocrx_word' id='word_1_203' title='bbox 843 2678 1036 2722; x_wconf 84' lang='lat' dir='ltr'><strong>eseam</strong></span> <span class='ocrx_word' id='word_1_204' title='bbox 1093 2661 1443 2723; x_wconf 82' lang='lat' dir='ltr'><strong>abominata</strong></span> <span class='ocrx_word' id='word_1_205' title='bbox 1501 2669 1586 2722; x_wconf 89' lang='lat' dir='ltr'><strong>est</strong></span> <span class='ocrx_word' id='word_1_206' title='bbox 1626 2662 1840 2723; x_wconf 86' lang='lat' dir='ltr'><strong>anima</strong></span> <span class='ocrx_word' id='word_1_207' title='bbox 1873 2678 1975 2722; x_wconf 87' lang='lat' dir='ltr'><strong>eo-</strong></span> 
     </span>
    </p>
   </div>
   <div class='ocr_carea' id='block_1_34' title="bbox 332 2749 1972 2830">
    <p class='ocr_par' dir='ltr' id='par_1_34' title="bbox 332 2749 1972 2830">
     <span class='ocr_line' id='line_1_34' title="bbox 332 2749 1972 2830; baseline 0.003 -26"><span class='ocrx_word' id='word_1_208' title='bbox 332 2765 490 2809; x_wconf 85' lang='lat' dir='ltr'><strong>rum.</strong></span> <span class='ocrx_word' id='word_1_209' title='bbox 515 2749 658 2808; x_wconf 86' lang='lat' dir='ltr'><strong>Non-</strong></span> <span class='ocrx_word' id='word_1_210' title='bbox 677 2749 837 2810; x_wconf 88' lang='lat' dir='ltr'><strong>enim</strong></span> <span class='ocrx_word' id='word_1_211' title='bbox 867 2749 1076 2811; x_wconf 88' lang='lat' dir='ltr'><strong>aderat</strong></span> <span class='ocrx_word' id='word_1_212' title='bbox 1115 2751 1364 2812; x_wconf 87' lang='lat' dir='ltr'><strong>verbum</strong></span> <span class='ocrx_word' id='word_1_213' title='bbox 1419 2749 1579 2828; x_wconf 91' lang='lat' dir='ltr'><strong>quod</strong></span> <span class='ocrx_word' id='word_1_214' title='bbox 1615 2758 1816 2830; x_wconf 89' lang='lat' dir='ltr'><strong>posset</strong></span> <span class='ocrx_word' id='word_1_215' title='bbox 1845 2768 1972 2811; x_wconf 91' lang='lat' dir='ltr'><strong>eos.</strong></span> 
     </span>
    </p>
   </div>
   <div class='ocr_carea' id='block_1_35' title="bbox 332 2836 1975 2922">
    <p class='ocr_par' dir='ltr' id='par_1_35' title="bbox 332 2836 1975 2922">
     <span class='ocr_line' id='line_1_35' title="bbox 332 2836 1975 2922; baseline 0.001 -24"><span class='ocrx_word' id='word_1_216' title='bbox 332 2838 619 2899; x_wconf 80' lang='lat' dir='ltr'><strong>enutrirc.</strong></span> <span class='ocrx_word' id='word_1_217' title='bbox 651 2836 839 2900; x_wconf 62' lang='lat' dir='ltr'><strong>Porta)</strong></span> <span class='ocrx_word' id='word_1_218' title='bbox 862 2848 1062 2901; x_wconf 85' lang='lat' dir='ltr'><strong>autem</strong></span> <span class='ocrx_word' id='word_1_219' title='bbox 1092 2843 1299 2900; x_wconf 89' lang='lat' dir='ltr'><strong>mortis</strong></span> <span class='ocrx_word' id='word_1_220' title='bbox 1330 2848 1732 2922; x_wconf 86' lang='lat' dir='ltr'><strong>suntpeccata</strong></span> <span class='ocrx_word' id='word_1_221' title='bbox 1751 2858 1885 2919; x_wconf 77' lang='lat' dir='ltr'><strong>quae</strong></span> <span class='ocrx_word' id='word_1_222' title='bbox 1904 2838 1975 2899; x_wconf 90' lang='lat' dir='ltr'><strong>ad</strong></span> 
     </span>
    </p>
   </div>
   <div class='ocr_carea' id='block_1_36' title="bbox 334 2929 853 2991">
    <p class='ocr_par' dir='ltr' id='par_1_36' title="bbox 334 2929 853 2991">
     <span class='ocr_line' id='line_1_36' title="bbox 334 2929 853 2991; baseline 0.008 -5"><span class='ocrx_word' id='word_1_223' title='bbox 334 2935 586 2990; x_wconf 89' lang='lat' dir='ltr'><strong>mortem</strong></span> <span class='ocrx_word' id='word_1_224' title='bbox 609 2929 853 2991; x_wconf 90' lang='lat' dir='ltr'><strong>ducunt.</strong></span> 
     </span>
    </p>
   </div>
   <div class='ocr_carea' id='block_1_37' title="bbox 413 3013 1974 3097">
    <p class='ocr_par' dir='ltr' id='par_1_37' title="bbox 413 3013 1974 3097">
     <span class='ocr_line' id='line_1_37' title="bbox 413 3013 1974 3097; baseline 0.001 -22"><span class='ocrx_word' id='word_1_225' title='bbox 413 3013 511 3078; x_wconf 76' lang='lat'><strong>2‘2.</strong></span> <span class='ocrx_word' id='word_1_226' title='bbox 547 3015 630 3079; x_wconf 87' lang='lat' dir='ltr'><strong>Et</strong></span> <span class='ocrx_word' id='word_1_227' title='bbox 678 3019 1014 3097; x_wconf 82' lang='lat' dir='ltr'><strong>sacriﬁcent</strong></span> <span class='ocrx_word' id='word_1_228' title='bbox 1064 3024 1124 3080; x_wconf 86' lang='lat' dir='ltr'><strong>ei</strong></span> <span class='ocrx_word' id='word_1_229' title='bbox 1171 3021 1545 3097; x_wconf 74' lang='lat' dir='ltr'><strong>sacriﬁcium</strong></span> <span class='ocrx_word' id='word_1_230' title='bbox 1605 3019 1826 3080; x_wconf 85' lang='lat' dir='ltr'><strong>laudis.</strong></span> <span class='ocrx_word' id='word_1_231' title='bbox 1889 3018 1974 3079; x_wconf 83' lang='lat' dir='ltr'><strong>Ad</strong></span> 
     </span>
    </p>
   </div>
   <div class='ocr_carea' id='block_1_38' title="bbox 331 3108 1978 3186">
    <p class='ocr_par' dir='ltr' id='par_1_38' title="bbox 331 3108 1978 3186">
     <span class='ocr_line' id='line_1_38' title="bbox 331 3108 1978 3186; baseline 0 -20"><span class='ocrx_word' id='word_1_232' title='bbox 331 3115 566 3175; x_wconf 82' lang='lat' dir='ltr'><strong>sanctos</strong></span> <span class='ocrx_word' id='word_1_233' title='bbox 596 3108 895 3186; x_wconf 86' lang='lat' dir='ltr'><strong>apostolos</strong></span> <span class='ocrx_word' id='word_1_234' title='bbox 927 3127 1268 3170; x_wconf 88' lang='lat' dir='ltr'><strong>sermonem</strong></span> <span class='ocrx_word' id='word_1_235' title='bbox 1303 3110 1630 3184; x_wconf 85' lang='lat' dir='ltr'><strong>convertit;</strong></span> <span class='ocrx_word' id='word_1_236' title='bbox 1667 3109 1781 3186; x_wconf 86' lang='lat' dir='ltr'><strong>ipsi</strong></span> <span class='ocrx_word' id='word_1_237' title='bbox 1816 3126 1978 3168; x_wconf 90' lang='lat' dir='ltr'><strong>nam-</strong></span> 
     </span>
    </p>
   </div>
   <div class='ocr_carea' id='block_1_39' title="bbox 329 3196 1977 3279">
    <p class='ocr_par' dir='ltr' id='par_1_39' title="bbox 329 3196 1977 3279">
     <span class='ocr_line' id='line_1_39' title="bbox 329 3196 1977 3279; baseline 0.001 -23"><span class='ocrx_word' id='word_1_238' title='bbox 329 3214 444 3276; x_wconf 89' lang='lat' dir='ltr'><strong>que</strong></span> <span class='ocrx_word' id='word_1_239' title='bbox 477 3205 612 3258; x_wconf 91' lang='lat' dir='ltr'><strong>sunt</strong></span> <span class='ocrx_word' id='word_1_240' title='bbox 644 3196 744 3277; x_wconf 86' lang='lat' dir='ltr'><strong>qui</strong></span> <span class='ocrx_word' id='word_1_241' title='bbox 776 3199 1056 3279; x_wconf 76' lang='lat' dir='ltr'><strong>mysteria</strong></span> <span class='ocrx_word' id='word_1_242' title='bbox 1076 3201 1228 3262; x_wconf 89' lang='lat' dir='ltr'><strong>Novi</strong></span> <span class='ocrx_word' id='word_1_243' title='bbox 1254 3199 1625 3263; x_wconf 88' lang='lat' dir='ltr'><strong>Testamenti</strong></span> <span class='ocrx_word' id='word_1_244' title='bbox 1651 3196 1826 3260; x_wconf 90' lang='lat' dir='ltr'><strong>nobis</strong></span> <span class='ocrx_word' id='word_1_245' title='bbox 1859 3206 1977 3258; x_wconf 85' lang='lat' dir='ltr'><strong>tra-</strong></span> 
     </span>
    </p>
   </div>
   <div class='ocr_carea' id='block_1_40' title="bbox 334 3284 638 3348">
    <p class='ocr_par' dir='ltr' id='par_1_40' title="bbox 334 3284 638 3348">
     <span class='ocr_line' id='line_1_40' title="bbox 334 3284 638 3348; baseline 0.007 -2"><span class='ocrx_word' id='word_1_246' title='bbox 334 3284 638 3348; x_wconf 89' lang='lat' dir='ltr'><strong>diderunt.</strong></span> 
     </span>
    </p>
   </div>
   <div class='ocr_carea' id='block_1_41' title="bbox 412 3377 1980 3458">
    <p class='ocr_par' dir='ltr' id='par_1_41' title="bbox 412 3377 1980 3458">
     <span class='ocr_line' id='line_1_41' title="bbox 412 3377 1980 3458; baseline -0.001 -16"><span class='ocrx_word' id='word_1_247' title='bbox 412 3377 509 3442; x_wconf 90' lang='lat'><strong>33.</strong></span> <span class='ocrx_word' id='word_1_248' title='bbox 545 3378 757 3442; x_wconf 81' lang='lat' dir='ltr'><strong>Posuit</strong></span> <span class='ocrx_word' id='word_1_249' title='bbox 789 3382 1043 3458; x_wconf 83' lang='lat' dir='ltr'><strong>ﬂumina</strong></span> <span class='ocrx_word' id='word_1_250' title='bbox 1075 3382 1140 3442; x_wconf 90' lang='lat' dir='ltr'><strong>in</strong></span> <span class='ocrx_word' id='word_1_251' title='bbox 1162 3381 1488 3444; x_wconf 82' lang='lat' dir='ltr'><strong>desertum.</strong></span> <span class='ocrx_word' id='word_1_252' title='bbox 1520 3382 1855 3443; x_wconf 69' lang='lat' dir='ltr'><strong>Judaeorum</strong></span> <span class='ocrx_word' id='word_1_253' title='bbox 1883 3398 1980 3440; x_wconf 86' lang='lat' dir='ltr'><strong>vo-</strong></span> 
     </span>
    </p>
   </div>
   <div class='ocr_carea' id='block_1_42' title="bbox 332 3467 1976 3550">
    <p class='ocr_par' dir='ltr' id='par_1_42' title="bbox 332 3467 1976 3550">
     <span class='ocr_line' id='line_1_42' title="bbox 332 3467 1976 3550; baseline -0.001 -20"><span class='ocrx_word' id='word_1_254' title='bbox 332 3467 518 3531; x_wconf 90' lang='lat' dir='ltr'><strong>lubile</strong></span> <span class='ocrx_word' id='word_1_255' title='bbox 547 3487 616 3531; x_wconf 90' lang='lat' dir='ltr'><strong>ac</strong></span> <span class='ocrx_word' id='word_1_256' title='bbox 649 3470 993 3550; x_wconf 85' lang='lat' dir='ltr'><strong>improbum</strong></span> <span class='ocrx_word' id='word_1_257' title='bbox 1023 3489 1213 3548; x_wconf 88' lang='lat' dir='ltr'><strong>genus</strong></span> <span class='ocrx_word' id='word_1_258' title='bbox 1235 3471 1560 3534; x_wconf 89' lang='lat' dir='ltr'><strong>dicit.Nam</strong></span> <span class='ocrx_word' id='word_1_259' title='bbox 1583 3489 1688 3532; x_wconf 90' lang='lat' dir='ltr'><strong>eos</strong></span> <span class='ocrx_word' id='word_1_260' title='bbox 1709 3471 1807 3550; x_wconf 87' lang='lat' dir='ltr'><strong>qui</strong></span> <span class='ocrx_word' id='word_1_261' title='bbox 1834 3468 1976 3530; x_wconf 92' lang='lat' dir='ltr'><strong>olim</strong></span> 
     </span>
    </p>
   </div>
   <div class='ocr_carea' id='block_1_43' title="bbox 327 3556 1974 3640">
    <p class='ocr_par' dir='ltr' id='par_1_43' title="bbox 327 3556 1974 3640">
     <span class='ocr_line' id='line_1_43' title="bbox 327 3556 1974 3640; baseline 0 -22"><span class='ocrx_word' id='word_1_262' title='bbox 327 3556 483 3619; x_wconf 78' lang='lat' dir='ltr'><strong>fame</strong></span> <span class='ocrx_word' id='word_1_263' title='bbox 517 3559 989 3635; x_wconf 89' lang='lat' dir='ltr'><strong>tabescebant,et</strong></span> <span class='ocrx_word' id='word_1_264' title='bbox 1014 3561 1307 3640; x_wconf 89' lang='lat' dir='ltr'><strong>spirituali</strong></span> <span class='ocrx_word' id='word_1_265' title='bbox 1341 3561 1474 3622; x_wconf 90' lang='lat' dir='ltr'><strong>cibo</strong></span> <span class='ocrx_word' id='word_1_266' title='bbox 1506 3567 1754 3638; x_wconf 78' lang='lat' dir='ltr'><strong>egentes</strong></span> <span class='ocrx_word' id='word_1_267' title='bbox 1783 3567 1974 3638; x_wconf 89' lang='lat' dir='ltr'><strong>erant,</strong></span> 
     </span>
    </p>
   </div>
   <div class='ocr_carea' id='block_1_44' title="bbox 330 3649 1329 3727">
    <p class='ocr_par' dir='ltr' id='par_1_44' title="bbox 330 3649 1329 3727">
     <span class='ocr_line' id='line_1_44' title="bbox 330 3649 1329 3727; baseline 0.008 -21"><span class='ocrx_word' id='word_1_268' title='bbox 330 3654 572 3727; x_wconf 80' lang='lat' dir='ltr'><strong>propter</strong></span> <span class='ocrx_word' id='word_1_269' title='bbox 601 3665 672 3708; x_wconf 90' lang='lat' dir='ltr'><strong>ea</strong></span> <span class='ocrx_word' id='word_1_270' title='bbox 715 3649 961 3710; x_wconf 84' lang='lat' dir='ltr'><strong>ﬂumina</strong></span> <span class='ocrx_word' id='word_1_271' title='bbox 998 3649 1329 3714; x_wconf 84' lang='lat' dir='ltr'><strong>collocavit.</strong></span> 
     </span>
    </p>
   </div>
   <div class='ocr_carea' id='block_1_45' title="bbox 407 3735 1980 3818">
    <p class='ocr_par' dir='ltr' id='par_1_45' title="bbox 407 3735 1980 3818">
     <span class='ocr_line' id='line_1_45' title="bbox 407 3735 1980 3818; baseline -0.001 -18"><span class='ocrx_word' id='word_1_272' title='bbox 407 3738 507 3800; x_wconf 81' lang='lat'><strong>34.</strong></span> <span class='ocrx_word' id='word_1_273' title='bbox 551 3737 794 3800; x_wconf 81' lang='lat' dir='ltr'><strong>Terram</strong></span> <span class='ocrx_word' id='word_1_274' title='bbox 826 3740 1214 3818; x_wconf 83' lang='lat' dir='ltr'><strong>fructiferam</strong></span> <span class='ocrx_word' id='word_1_275' title='bbox 1246 3742 1311 3802; x_wconf 86' lang='lat' dir='ltr'><strong>in</strong></span> <span class='ocrx_word' id='word_1_276' title='bbox 1342 3735 1980 3818; x_wconf 76' lang='lat' dir='ltr'><strong>salsuginemJudaeo-</strong></span> 
     </span>
    </p>
   </div>
   <div class='ocr_carea' id='block_1_46' title="bbox 327 3825 1977 3909">
    <p class='ocr_par' dir='ltr' id='par_1_46' title="bbox 327 3825 1977 3909">
     <span class='ocr_line' id='line_1_46' title="bbox 327 3825 1977 3909; baseline -0.001 -23"><span class='ocrx_word' id='word_1_277' title='bbox 327 3843 461 3887; x_wconf 90' lang='lat' dir='ltr'><strong>rum</strong></span> <span class='ocrx_word' id='word_1_278' title='bbox 494 3845 845 3907; x_wconf 82' lang='lat' dir='ltr'><strong>synagogam</strong></span> <span class='ocrx_word' id='word_1_279' title='bbox 878 3828 1095 3909; x_wconf 85' lang='lat' dir='ltr'><strong>inquit.</strong></span> <span class='ocrx_word' id='word_1_280' title='bbox 1123 3828 1309 3890; x_wconf 88' lang='lat' dir='ltr'><strong>Erant</strong></span> <span class='ocrx_word' id='word_1_281' title='bbox 1342 3830 1649 3890; x_wconf 67' lang='lat' dir='ltr'><strong>daemones</strong></span> <span class='ocrx_word' id='word_1_282' title='bbox 1682 3825 1977 3886; x_wconf 89' lang='lat' dir='ltr'><strong>habitato-</strong></span> 
     </span>
    </p>
   </div>
   <div class='ocr_carea' id='block_1_47' title="bbox 333 3916 1978 3997">
    <p class='ocr_par' dir='ltr' id='par_1_47' title="bbox 333 3916 1978 3997">
     <span class='ocr_line' id='line_1_47' title="bbox 333 3916 1978 3997; baseline 0.002 -23"><span class='ocrx_word' id='word_1_283' title='bbox 333 3933 430 3975; x_wconf 87' lang='lat' dir='ltr'><strong>res</strong></span> <span class='ocrx_word' id='word_1_284' title='bbox 461 3924 714 3977; x_wconf 65' lang='lat' dir='ltr'><strong>terrenaa</strong></span> <span class='ocrx_word' id='word_1_285' title='bbox 747 3916 1023 3989; x_wconf 86' lang='lat' dir='ltr'><strong>civitatis,</strong></span> <span class='ocrx_word' id='word_1_286' title='bbox 1061 3935 1236 3997; x_wconf 89' lang='lat' dir='ltr'><strong>quem</strong></span> <span class='ocrx_word' id='word_1_287' title='bbox 1277 3919 1530 3978; x_wconf 81' lang='lat' dir='ltr'><strong>fructum</strong></span> <span class='ocrx_word' id='word_1_288' title='bbox 1584 3917 1861 3996; x_wconf 87' lang='lat' dir='ltr'><strong>impietas</strong></span> <span class='ocrx_word' id='word_1_289' title='bbox 1886 3916 1978 3978; x_wconf 84' lang='lat' dir='ltr'><strong>fe-</strong></span> 
     </span>
    </p>
   </div>
   <div class='ocr_carea' id='block_1_48' title="bbox 331 4003 1979 4087">
    <p class='ocr_par' dir='ltr' id='par_1_48' title="bbox 331 4003 1979 4087">
     <span class='ocr_line' id='line_1_48' title="bbox 331 4003 1979 4087; baseline 0.001 -24"><span class='ocrx_word' id='word_1_290' title='bbox 331 4003 527 4066; x_wconf 85' lang='lat' dir='ltr'><strong>rebat.</strong></span> <span class='ocrx_word' id='word_1_291' title='bbox 623 4006 768 4066; x_wconf 88' lang='lat' dir='ltr'><strong>Eam</strong></span> <span class='ocrx_word' id='word_1_292' title='bbox 854 4009 1231 4068; x_wconf 77' lang='lat' dir='ltr'><strong>exsiccarunt</strong></span> <span class='ocrx_word' id='word_1_293' title='bbox 1318 4007 1431 4087; x_wconf 89' lang='lat' dir='ltr'><strong>ipsi</strong></span> <span class='ocrx_word' id='word_1_294' title='bbox 1515 4005 1766 4085; x_wconf 88' lang='lat' dir='ltr'><strong>apostoli</strong></span> <span class='ocrx_word' id='word_1_295' title='bbox 1857 4003 1979 4065; x_wconf 90' lang='lat' dir='ltr'><strong>sale</strong></span> 
     </span>
    </p>
   </div>
   <div class='ocr_carea' id='block_1_49' title="bbox 329 4092 1978 4178">
    <p class='ocr_par' dir='ltr' id='par_1_49' title="bbox 329 4092 1978 4178">
     <span class='ocr_line' id='line_1_49' title="bbox 329 4092 1978 4178; baseline 0.001 -25"><span class='ocrx_word' id='word_1_296' title='bbox 329 4092 622 4155; x_wconf 60' lang='lat' dir='ltr'><strong>doctrina;</strong></span> <span class='ocrx_word' id='word_1_297' title='bbox 657 4144 670 4168; x_wconf 89' lang='lat'><strong>,</strong></span> <span class='ocrx_word' id='word_1_298' title='bbox 731 4092 808 4155; x_wconf 88' lang='lat' dir='ltr'><strong>de</strong></span> <span class='ocrx_word' id='word_1_299' title='bbox 861 4095 1081 4174; x_wconf 91' lang='lat' dir='ltr'><strong>quibus</strong></span> <span class='ocrx_word' id='word_1_300' title='bbox 1138 4096 1220 4156; x_wconf 88' lang='lat' dir='ltr'><strong>ait</strong></span> <span class='ocrx_word' id='word_1_301' title='bbox 1274 4119 1286 4154; x_wconf 89' lang='lat'>:</span> <span class='ocrx_word' id='word_1_302' title='bbox 1366 4096 1471 4158; x_wconf 80' lang='lat' dir='ltr'><strong>Vos</strong></span> <span class='ocrx_word' id='word_1_303' title='bbox 1519 4097 1662 4158; x_wconf 86' lang='lat' dir='ltr'><strong>estis</strong></span> <span class='ocrx_word' id='word_1_304' title='bbox 1718 4093 1810 4156; x_wconf 84' lang='lat' dir='ltr'><strong>sal</strong></span> <span class='ocrx_word' id='word_1_305' title='bbox 1860 4102 1978 4178; x_wconf 71' lang='lat' dir='ltr'><strong>ter-</strong></span> 
     </span>
    </p>
   </div>
   <div class='ocr_carea' id='block_1_50' title="bbox 328 4183 495 4245">
    <p class='ocr_par' dir='ltr' id='par_1_50' title="bbox 328 4183 495 4245">
     <span class='ocr_line' id='line_1_50' title="bbox 328 4183 495 4245; baseline -0.006 -1"><span class='ocrx_word' id='word_1_306' title='bbox 328 4199 421 4245; x_wconf 70' lang='lat' dir='ltr'><strong>ra:</strong></span> <span class='ocrx_word' id='word_1_307' title='bbox 447 4183 495 4242; x_wconf 67' lang='grc' dir='ltr'><strong>ε.</strong></span> 
     </span>
    </p>
   </div>
   <div class='ocr_carea' id='block_1_51' title="bbox 410 4273 1976 4354">
    <p class='ocr_par' dir='ltr' id='par_1_51' title="bbox 410 4273 1976 4354">
     <span class='ocr_line' id='line_1_51' title="bbox 410 4273 1976 4354; baseline 0 -19"><span class='ocrx_word' id='word_1_308' title='bbox 410 4274 511 4336; x_wconf 88' lang='grc'><strong>35.</strong></span> <span class='ocrx_word' id='word_1_309' title='bbox 548 4276 763 4336; x_wconf 84' lang='lat' dir='ltr'><strong>Posuit</strong></span> <span class='ocrx_word' id='word_1_310' title='bbox 803 4273 1105 4336; x_wconf 85' lang='lat' dir='ltr'><strong>desertum</strong></span> <span class='ocrx_word' id='word_1_311' title='bbox 1151 4276 1218 4336; x_wconf 86' lang='lat' dir='ltr'><strong>in</strong></span> <span class='ocrx_word' id='word_1_312' title='bbox 1242 4282 1462 4354; x_wconf 86' lang='lat' dir='ltr'><strong>stagna</strong></span> <span class='ocrx_word' id='word_1_313' title='bbox 1494 4291 1823 4354; x_wconf 82' lang='lat' dir='ltr'><strong>aquarum.</strong></span> <span class='ocrx_word' id='word_1_314' title='bbox 1858 4273 1976 4335; x_wconf 51' lang='lat' dir='ltr'><strong>Po.</strong></span> 
     </span>
    </p>
   </div>
   <div class='ocr_carea' id='block_1_52' title="bbox 330 4362 1971 4442">
    <p class='ocr_par' dir='ltr' id='par_1_52' title="bbox 330 4362 1971 4442">
     <span class='ocr_line' id='line_1_52' title="bbox 330 4362 1971 4442; baseline -0.001 -18"><span class='ocrx_word' id='word_1_315' title='bbox 330 4363 531 4442; x_wconf 87' lang='lat' dir='ltr'><strong>pulum</strong></span> <span class='ocrx_word' id='word_1_316' title='bbox 560 4363 842 4442; x_wconf 86' lang='lat' dir='ltr'><strong>gentilem</strong></span> <span class='ocrx_word' id='word_1_317' title='bbox 867 4362 1330 4441; x_wconf 84' lang='lat' dir='ltr'><strong>signiticat,nam</strong></span> <span class='ocrx_word' id='word_1_318' title='bbox 1365 4363 1680 4425; x_wconf 88' lang='lat' dir='ltr'><strong>commista</strong></span> <span class='ocrx_word' id='word_1_319' title='bbox 1710 4371 1799 4423; x_wconf 89' lang='lat' dir='ltr'><strong>est</strong></span> <span class='ocrx_word' id='word_1_320' title='bbox 1833 4381 1971 4442; x_wconf 82' lang='lat' dir='ltr'><strong>pro-</strong></span> 
     </span>
    </p>
   </div>
   <div class='ocr_carea' id='block_1_53' title="bbox 2073 955 3720 1044">
    <p class='ocr_par' dir='ltr' id='par_1_53' title="bbox 2073 955 3720 1044">
     <span class='ocr_line' id='line_1_53' title="bbox 2073 955 3720 1044; baseline 0.006 -29"><span class='ocrx_word' id='word_1_321' title='bbox 2073 961 2310 1037; x_wconf 87' lang='grc' dir='ltr'>θρώπους</span> <span class='ocrx_word' id='word_1_322' title='bbox 2393 961 2674 1034; x_wconf 85' lang='grc' dir='ltr'>σώζεσθαι,</span> <span class='ocrx_word' id='word_1_323' title='bbox 2776 965 2865 1020; x_wconf 83' lang='grc' dir='ltr'><strong>καὶ</strong></span> <span class='ocrx_word' id='word_1_324' title='bbox 2950 965 3025 1029; x_wconf 78' lang='grc' dir='ltr'>εἷς</span> <span class='ocrx_word' id='word_1_325' title='bbox 3109 965 3395 1044; x_wconf 79' lang='grc' dir='ltr'><strong>ἐπίγνωσιν</strong></span> <span class='ocrx_word' id='word_1_326' title='bbox 3466 955 3720 1035; x_wconf 80' lang='grc' dir='ltr'>ἀληθείας</span> 
     </span>
    </p>
   </div>
   <div class='ocr_carea' id='block_1_54' title="bbox 2075 1049 2302 1132">
    <p class='ocr_par' dir='ltr' id='par_1_54' title="bbox 2075 1049 2302 1132">
     <span class='ocr_line' id='line_1_54' title="bbox 2075 1049 2302 1132; baseline -0.004 -26"><span class='ocrx_word' id='word_1_327' title='bbox 2075 1049 2192 1107; x_wconf 73' lang='grc' dir='ltr'>ὶλθε</span> <span class='ocrx_word' id='word_1_328' title='bbox 2203 1065 2253 1107; x_wconf 87' lang='grc' dir='ltr'>ϊν</span> <span class='ocrx_word' id='word_1_329' title='bbox 2287 1072 2302 1132; x_wconf 76' lang='grc'><strong>;</strong></span> 
     </span>
    </p>
   </div>
   <div class='ocr_carea' id='block_1_55' title="bbox 2152 1141 3720 1227">
    <p class='ocr_par' dir='ltr' id='par_1_55' title="bbox 2152 1141 3720 1227">
     <span class='ocr_line' id='line_1_55' title="bbox 2152 1141 3720 1227; baseline 0.005 -30"><span class='ocrx_word' id='word_1_330' title='bbox 2152 1141 2501 1209; x_wconf 81' lang='grc' dir='ltr'>Ἦσθέντ,σαν.</span> <span class='ocrx_word' id='word_1_331' title='bbox 2551 1145 2637 1199; x_wconf 76' lang='grc' dir='ltr'><strong>καὶ</strong></span> <span class='ocrx_word' id='word_1_332' title='bbox 2669 1143 2765 1200; x_wconf 73' lang='grc' dir='ltr'>οὒκ</span> <span class='ocrx_word' id='word_1_333' title='bbox 2791 1143 2858 1210; x_wconf 74' lang='grc' dir='ltr'>ἦν</span> <span class='ocrx_word' id='word_1_334' title='bbox 2889 1147 2915 1200; x_wconf 80' lang='grc' dir='ltr'>ὁ</span> <span class='ocrx_word' id='word_1_335' title='bbox 2946 1145 3178 1220; x_wconf 85' lang='grc' dir='ltr'>βοηθῶν.</span> <span class='ocrx_word' id='word_1_336' title='bbox 3213 1147 3286 1203; x_wconf 73' lang='grc' dir='ltr'><strong>Οὐ</strong></span> <span class='ocrx_word' id='word_1_337' title='bbox 3313 1147 3414 1224; x_wconf 79' lang='grc' dir='ltr'><strong>γὰρ</strong></span> <span class='ocrx_word' id='word_1_338' title='bbox 3443 1145 3609 1227; x_wconf 73' lang='grc' dir='ltr'>ἴσχυὲ</span> <span class='ocrx_word' id='word_1_339' title='bbox 3635 1169 3720 1212; x_wconf 86' lang='grc' dir='ltr'><strong>τις</strong></span> 
     </span>
    </p>
   </div>
   <div class='ocr_carea' id='block_1_56' title="bbox 2073 1231 3287 1313">
    <p class='ocr_par' dir='ltr' id='par_1_56' title="bbox 2073 1231 3287 1313">
     <span class='ocr_line' id='line_1_56' title="bbox 2073 1231 3287 1313; baseline 0.006 -28"><span class='ocrx_word' id='word_1_340' title='bbox 2073 1236 2169 1297; x_wconf 83' lang='grc' dir='ltr'>τῆς</span> <span class='ocrx_word' id='word_1_341' title='bbox 2201 1231 2456 1308; x_wconf 74' lang='grc' dir='ltr'>ἁμαρτίας</span> <span class='ocrx_word' id='word_1_342' title='bbox 2503 1235 2826 1302; x_wconf 86' lang='grc' dir='ltr'>ποιήσασθαι</span> <span class='ocrx_word' id='word_1_343' title='bbox 2862 1233 2958 1300; x_wconf 77' lang='grc' dir='ltr'><strong>τὴν</strong></span> <span class='ocrx_word' id='word_1_344' title='bbox 2995 1233 3287 1313; x_wconf 78' lang='grc' dir='ltr'>αναίρεσιν.</span> 
     </span>
    </p>
   </div>
   <div class='ocr_carea' id='block_1_57' title="bbox 2157 1321 3717 1400">
    <p class='ocr_par' dir='ltr' id='par_1_57' title="bbox 2157 1321 3717 1400">
     <span class='ocr_line' id='line_1_57' title="bbox 2157 1321 3717 1400; baseline 0.004 -23"><span class='ocrx_word' id='word_1_345' title='bbox 2157 1322 2254 1377; x_wconf 83' lang='grc' dir='ltr'>Καὶ</span> <span class='ocrx_word' id='word_1_346' title='bbox 2305 1321 2365 1377; x_wconf 80' lang='grc' dir='ltr'>ἐκ</span> <span class='ocrx_word' id='word_1_347' title='bbox 2417 1323 2526 1376; x_wconf 79' lang='grc' dir='ltr'>τῶν</span> <span class='ocrx_word' id='word_1_348' title='bbox 2598 1323 2843 1400; x_wconf 76' lang='grc' dir='ltr'>ἀναγκῶν</span> <span class='ocrx_word' id='word_1_349' title='bbox 2912 1325 3084 1379; x_wconf 79' lang='grc' dir='ltr'>αὐτῶν</span> <span class='ocrx_word' id='word_1_350' title='bbox 3128 1322 3332 1382; x_wconf 77' lang='grc' dir='ltr'>ἔσωσεν</span> <span class='ocrx_word' id='word_1_351' title='bbox 3391 1325 3604 1393; x_wconf 77' lang='grc' dir='ltr'>αὐτούς.</span> <span class='ocrx_word' id='word_1_352' title='bbox 3626 1331 3717 1391; x_wconf 88' lang='grc' dir='ltr'><strong>Τίς</strong></span> 
     </span>
    </p>
   </div>
   <div class='ocr_carea' id='block_1_58' title="bbox 2073 1409 3717 1490">
    <p class='ocr_par' dir='ltr' id='par_1_58' title="bbox 2073 1409 3717 1490">
     <span class='ocr_line' id='line_1_58' title="bbox 2073 1409 3717 1490; baseline 0.006 -24"><span class='ocrx_word' id='word_1_353' title='bbox 2073 1412 2175 1488; x_wconf 81' lang='grc' dir='ltr'>γὰρ</span> <span class='ocrx_word' id='word_1_354' title='bbox 2235 1412 2425 1485; x_wconf 85' lang='grc' dir='ltr'>μείζων</span> <span class='ocrx_word' id='word_1_355' title='bbox 2482 1411 2687 1489; x_wconf 76' lang='grc' dir='ltr'>ἀνάγκη</span> <span class='ocrx_word' id='word_1_356' title='bbox 2743 1419 2836 1469; x_wconf 83' lang='grc' dir='ltr'><strong>τοῦ</strong></span> <span class='ocrx_word' id='word_1_357' title='bbox 2885 1409 3234 1470; x_wconf 83' lang='grc' dir='ltr'>δεδουλῶσθαι</span> <span class='ocrx_word' id='word_1_358' title='bbox 3296 1417 3556 1490; x_wconf 84' lang='grc' dir='ltr'>πνεύμασι</span> <span class='ocrx_word' id='word_1_359' title='bbox 3609 1441 3717 1476; x_wconf 90' lang='grc' dir='ltr'>πο-</span> 
     </span>
    </p>
   </div>
   <div class='ocr_carea' id='block_1_59' title="bbox 2075 1500 3714 1586">
    <p class='ocr_par' dir='ltr' id='par_1_59' title="bbox 2075 1500 3714 1586">
     <span class='ocr_line' id='line_1_59' title="bbox 2075 1500 3714 1586; baseline 0.007 -33"><span class='ocrx_word' id='word_1_360' title='bbox 2075 1500 2260 1576; x_wconf 79' lang='grc' dir='ltr'>νηροῖς</span> <span class='ocrx_word' id='word_1_361' title='bbox 2317 1501 2372 1555; x_wconf 76' lang='grc' dir='ltr'>ἐν</span> <span class='ocrx_word' id='word_1_362' title='bbox 2424 1502 2610 1577; x_wconf 77' lang='grc' dir='ltr'><strong>ἀγνοίᾳ</strong></span> <span class='ocrx_word' id='word_1_363' title='bbox 2661 1509 2810 1576; x_wconf 81' lang='grc' dir='ltr'>Θεοῦ,</span> <span class='ocrx_word' id='word_1_364' title='bbox 2881 1503 2968 1558; x_wconf 83' lang='grc' dir='ltr'>καὶ</span> <span class='ocrx_word' id='word_1_365' title='bbox 3025 1503 3273 1582; x_wconf 76' lang='grc' dir='ltr'><strong>πτωχείᾳ</strong></span> <span class='ocrx_word' id='word_1_366' title='bbox 3345 1507 3555 1586; x_wconf 76' lang='grc' dir='ltr'>ψυχῆς,</span> <span class='ocrx_word' id='word_1_367' title='bbox 3628 1510 3714 1564; x_wconf 76' lang='grc' dir='ltr'><strong>καὶ</strong></span> 
     </span>
    </p>
   </div>
   <div class='ocr_carea' id='block_1_60' title="bbox 2073 1591 2488 1662">
    <p class='ocr_par' dir='ltr' id='par_1_60' title="bbox 2073 1591 2488 1662">
     <span class='ocr_line' id='line_1_60' title="bbox 2073 1591 2488 1662; baseline 0.002 -17"><span class='ocrx_word' id='word_1_368' title='bbox 2073 1591 2226 1662; x_wconf 79' lang='grc' dir='ltr'>πενίᾳ</span> <span class='ocrx_word' id='word_1_369' title='bbox 2257 1591 2445 1654; x_wconf 78' lang='grc' dir='ltr'><strong>κακίας</strong></span> <span class='ocrx_word' id='word_1_370' title='bbox 2473 1606 2488 1662; x_wconf 89' lang='grc'>;</span> 
     </span>
    </p>
   </div>
   <div class='ocr_carea' id='block_1_61' title="bbox 2156 1768 3714 1852">
    <p class='ocr_par' dir='ltr' id='par_1_61' title="bbox 2156 1768 3714 1852">
     <span class='ocr_line' id='line_1_61' title="bbox 2156 1768 3714 1852; baseline 0.006 -29"><span class='ocrx_word' id='word_1_371' title='bbox 2156 1771 2251 1824; x_wconf 84' lang='grc' dir='ltr'><strong>Καὶ</strong></span> <span class='ocrx_word' id='word_1_372' title='bbox 2298 1771 2418 1832; x_wconf 80' lang='grc' dir='ltr'>τοὺς</span> <span class='ocrx_word' id='word_1_373' title='bbox 2450 1768 2674 1844; x_wconf 66' lang='grc' dir='ltr'>δεσμοὺς</span> <span class='ocrx_word' id='word_1_374' title='bbox 2709 1772 2879 1828; x_wconf 73' lang='grc' dir='ltr'>αὐτῶν</span> <span class='ocrx_word' id='word_1_375' title='bbox 2909 1769 3166 1849; x_wconf 81' lang='grc' dir='ltr'>διὲῤῥηξε.</span> <span class='ocrx_word' id='word_1_376' title='bbox 3199 1775 3290 1847; x_wconf 85' lang='grc' dir='ltr'><strong>Τὸ,</strong></span> <span class='ocrx_word' id='word_1_377' title='bbox 3326 1771 3581 1852; x_wconf 67' lang='grc' dir='ltr'>διέρῤηξε,</span> <span class='ocrx_word' id='word_1_378' title='bbox 3614 1777 3714 1843; x_wconf 80' lang='grc' dir='ltr'>τὴν</span> 
     </span>
    </p>
   </div>
   <div class='ocr_carea' id='block_1_62' title="bbox 2069 1857 3453 1938">
    <p class='ocr_par' dir='ltr' id='par_1_62' title="bbox 2069 1857 3453 1938">
     <span class='ocr_line' id='line_1_62' title="bbox 2069 1857 3453 1938; baseline 0.004 -26"><span class='ocrx_word' id='word_1_379' title='bbox 2069 1857 2260 1934; x_wconf 78' lang='grc' dir='ltr'>ἀθρόαν</span> <span class='ocrx_word' id='word_1_380' title='bbox 2291 1863 2387 1922; x_wconf 77' lang='grc' dir='ltr'><strong>τῆς</strong></span> <span class='ocrx_word' id='word_1_381' title='bbox 2419 1859 2678 1937; x_wconf 80' lang='grc' dir='ltr'>ἁμαρτίας</span> <span class='ocrx_word' id='word_1_382' title='bbox 2702 1860 3002 1938; x_wconf 71' lang='grc' dir='ltr'>καθαίρεσιν</span> <span class='ocrx_word' id='word_1_383' title='bbox 3031 1861 3453 1923; x_wconf 76' lang='grc' dir='ltr'>καταδείκνυσιν,</span> 
     </span>
    </p>
   </div>
   <div class='ocr_carea' id='block_1_63' title="bbox 2151 1944 3716 2024">
    <p class='ocr_par' dir='ltr' id='par_1_63' title="bbox 2151 1944 3716 2024">
     <span class='ocr_line' id='line_1_63' title="bbox 2151 1944 3716 2024; baseline 0.005 -22"><span class='ocrx_word' id='word_1_384' title='bbox 2151 1944 2766 2024; x_wconf 78' lang='grc' dir='ltr'>Ἐξομολογησάσθωσαν</span> <span class='ocrx_word' id='word_1_385' title='bbox 2796 1956 2872 2023; x_wconf 82' lang='grc' dir='ltr'>τῷ</span> <span class='ocrx_word' id='word_1_386' title='bbox 2902 1947 3080 2023; x_wconf 87' lang='grc' dir='ltr'>Κυρίῳ</span> <span class='ocrx_word' id='word_1_387' title='bbox 3111 1954 3176 2008; x_wconf 81' lang='grc' dir='ltr'><strong>τὰ</strong></span> <span class='ocrx_word' id='word_1_388' title='bbox 3219 1951 3344 2019; x_wconf 78' lang='grc' dir='ltr'><strong>ἐλέη</strong></span> <span class='ocrx_word' id='word_1_389' title='bbox 3403 1953 3586 2013; x_wconf 75' lang='grc' dir='ltr'>αὐτοῦ.</span> <span class='ocrx_word' id='word_1_390' title='bbox 3638 1957 3716 2012; x_wconf 78' lang='grc' dir='ltr'><strong>Τὰ</strong></span> 
     </span>
    </p>
   </div>
   <div class='ocr_carea' id='block_1_64' title="bbox 2069 2036 3710 2120">
    <p class='ocr_par' dir='ltr' id='par_1_64' title="bbox 2069 2036 3710 2120">
     <span class='ocr_line' id='line_1_64' title="bbox 2069 2036 3710 2120; baseline 0.007 -28"><span class='ocrx_word' id='word_1_391' title='bbox 2069 2037 2200 2093; x_wconf 72' lang='grc' dir='ltr'>αὔτα</span> <span class='ocrx_word' id='word_1_392' title='bbox 2254 2036 2493 2115; x_wconf 79' lang='grc' dir='ltr'>δεύτερον</span> <span class='ocrx_word' id='word_1_393' title='bbox 2557 2038 2714 2094; x_wconf 74' lang='grc' dir='ltr'>εἶπεν</span> <span class='ocrx_word' id='word_1_394' title='bbox 2773 2039 2858 2094; x_wconf 81' lang='grc' dir='ltr'><strong>ὲπὶ</strong></span> <span class='ocrx_word' id='word_1_395' title='bbox 2914 2052 3038 2102; x_wconf 78' lang='grc' dir='ltr'>ταῖς</span> <span class='ocrx_word' id='word_1_396' title='bbox 3129 2045 3450 2120; x_wconf 69' lang='grc' dir='ltr'>εὐεργεσίαις</span> <span class='ocrx_word' id='word_1_397' title='bbox 3523 2045 3710 2107; x_wconf 71' lang='grc' dir='ltr'>αὐτοῦ.</span> 
     </span>
    </p>
   </div>
   <div class='ocr_carea' id='block_1_65' title="bbox 2068 2125 3715 2211">
    <p class='ocr_par' dir='ltr' id='par_1_65' title="bbox 2068 2125 3715 2211">
     <span class='ocr_line' id='line_1_65' title="bbox 2068 2125 3715 2211; baseline 0.005 -30"><span class='ocrx_word' id='word_1_398' title='bbox 2068 2125 2182 2182; x_wconf 81' lang='grc' dir='ltr'><strong>Ὀτι</strong></span> <span class='ocrx_word' id='word_1_399' title='bbox 2242 2125 2514 2204; x_wconf 82' lang='grc' dir='ltr'>συνέτριψε</span> <span class='ocrx_word' id='word_1_400' title='bbox 2574 2125 2740 2190; x_wconf 81' lang='grc' dir='ltr'>πύλας</span> <span class='ocrx_word' id='word_1_401' title='bbox 2799 2128 3034 2207; x_wconf 83' lang='grc' dir='ltr'>χαλκᾶς.</span> <span class='ocrx_word' id='word_1_402' title='bbox 3117 2133 3223 2199; x_wconf 81' lang='grc' dir='ltr'>Τὴν</span> <span class='ocrx_word' id='word_1_403' title='bbox 3310 2131 3507 2211; x_wconf 75' lang='grc' dir='ltr'>μέγρις</span> <span class='ocrx_word' id='word_1_404' title='bbox 3581 2133 3715 2205; x_wconf 77' lang='grc' dir='ltr'>ᾅδου</span> 
     </span>
    </p>
   </div>
   <div class='ocr_carea' id='block_1_66' title="bbox 2069 2215 3712 2298">
    <p class='ocr_par' dir='ltr' id='par_1_66' title="bbox 2069 2215 3712 2298">
     <span class='ocr_line' id='line_1_66' title="bbox 2069 2215 3712 2298; baseline 0.007 -28"><span class='ocrx_word' id='word_1_405' title='bbox 2069 2221 2320 2294; x_wconf 76' lang='grc' dir='ltr'><strong>Σωτῆρος</strong></span> <span class='ocrx_word' id='word_1_406' title='bbox 2372 2215 2589 2274; x_wconf 75' lang='grc' dir='ltr'>κάθοδον</span> <span class='ocrx_word' id='word_1_407' title='bbox 2647 2218 2919 2298; x_wconf 72' lang='grc' dir='ltr'>σημαίνει,</span> <span class='ocrx_word' id='word_1_408' title='bbox 2964 2217 3030 2285; x_wconf 73' lang='grc' dir='ltr'>ἥν</span> <span class='ocrx_word' id='word_1_409' title='bbox 3087 2223 3478 2296; x_wconf 71' lang='grc' dir='ltr'>ποιησάμενος,</span> <span class='ocrx_word' id='word_1_410' title='bbox 3511 2223 3712 2281; x_wconf 81' lang='grc' dir='ltr'>ἀνεπέ-</span> 
     </span>
    </p>
   </div>
   <div class='ocr_carea' id='block_1_67' title="bbox 2068 2305 3711 2390">
    <p class='ocr_par' dir='ltr' id='par_1_67' title="bbox 2068 2305 3711 2390">
     <span class='ocr_line' id='line_1_67' title="bbox 2068 2305 3711 2390; baseline 0.005 -29"><span class='ocrx_word' id='word_1_411' title='bbox 2068 2327 2195 2361; x_wconf 86' lang='grc' dir='ltr'>τασε</span> <span class='ocrx_word' id='word_1_412' title='bbox 2253 2317 2346 2365; x_wconf 66' lang='grc' dir='ltr'><strong>τοῦ</strong></span> <span class='ocrx_word' id='word_1_413' title='bbox 2402 2305 2528 2379; x_wconf 73' lang='grc' dir='ltr'>ᾅδου</span> <span class='ocrx_word' id='word_1_414' title='bbox 2588 2309 2687 2363; x_wconf 77' lang='grc' dir='ltr'>τὰσ</span> <span class='ocrx_word' id='word_1_415' title='bbox 2758 2307 2958 2387; x_wconf 81' lang='grc' dir='ltr'>πύλας,</span> <span class='ocrx_word' id='word_1_416' title='bbox 3009 2309 3176 2365; x_wconf 67' lang='grc' dir='ltr'>παλαι</span> <span class='ocrx_word' id='word_1_417' title='bbox 3220 2309 3440 2386; x_wconf 77' lang='grc' dir='ltr'>δεσμοῖς</span> <span class='ocrx_word' id='word_1_418' title='bbox 3500 2311 3711 2390; x_wconf 81' lang='grc' dir='ltr'>ἆῤῥήκ-</span> 
     </span>
    </p>
   </div>
   <div class='ocr_carea' id='block_1_68' title="bbox 2066 2395 3711 2479">
    <p class='ocr_par' dir='ltr' id='par_1_68' title="bbox 2066 2395 3711 2479">
     <span class='ocr_line' id='line_1_68' title="bbox 2066 2395 3711 2479; baseline 0.004 -28"><span class='ocrx_word' id='word_1_419' title='bbox 2066 2417 2178 2460; x_wconf 89' lang='grc' dir='ltr'>τοις</span> <span class='ocrx_word' id='word_1_420' title='bbox 2231 2395 2612 2470; x_wconf 77' lang='grc' dir='ltr'>κεκλεισμένας</span> <span class='ocrx_word' id='word_1_421' title='bbox 2662 2403 2845 2457; x_wconf 84' lang='grc' dir='ltr'>πᾶσιν.</span> <span class='ocrx_word' id='word_1_422' title='bbox 2895 2399 2966 2456; x_wconf 72' lang='grc' dir='ltr'>Οὐ</span> <span class='ocrx_word' id='word_1_423' title='bbox 3021 2401 3119 2477; x_wconf 75' lang='grc' dir='ltr'><strong>γὰρ</strong></span> <span class='ocrx_word' id='word_1_424' title='bbox 3163 2399 3226 2466; x_wconf 77' lang='grc' dir='ltr'><strong>ἧν</strong></span> <span class='ocrx_word' id='word_1_425' title='bbox 3283 2399 3711 2479; x_wconf 83' lang='grc' dir='ltr'>παλινδρομῆσαι</span> 
     </span>
    </p>
   </div>
   <div class='ocr_carea' id='block_1_69' title="bbox 2063 2485 3706 2566">
    <p class='ocr_par' dir='ltr' id='par_1_69' title="bbox 2063 2485 3706 2566">
     <span class='ocr_line' id='line_1_69' title="bbox 2063 2485 3706 2566; baseline 0.004 -24"><span class='ocrx_word' id='word_1_426' title='bbox 2063 2485 2428 2562; x_wconf 80' lang='grc' dir='ltr'>βουλομένοις·</span> <span class='ocrx_word' id='word_1_427' title='bbox 2457 2485 2576 2542; x_wconf 82' lang='grc' dir='ltr'>ἀλλ’</span> <span class='ocrx_word' id='word_1_428' title='bbox 2607 2489 2762 2551; x_wconf 81' lang='grc' dir='ltr'>αὐτὸς</span> <span class='ocrx_word' id='word_1_429' title='bbox 2793 2487 2982 2566; x_wconf 64' lang='grc' dir='ltr'>εἴρηκε</span> <span class='ocrx_word' id='word_1_430' title='bbox 3013 2501 3132 2554; x_wconf 77' lang='grc' dir='ltr'>τοῖς</span> <span class='ocrx_word' id='word_1_431' title='bbox 3163 2489 3217 2544; x_wconf 80' lang='grc' dir='ltr'>ὲν</span> <span class='ocrx_word' id='word_1_432' title='bbox 3245 2488 3490 2565; x_wconf 78' lang='grc' dir='ltr'>δεσμοτςο</span> <span class='ocrx_word' id='word_1_433' title='bbox 3521 2491 3706 2558; x_wconf 79' lang='grc' dir='ltr'><strong>Ἐξέλ-</strong></span> 
     </span>
    </p>
   </div>
   <div class='ocr_carea' id='block_1_70' title="bbox 2059 2575 3384 2657">
    <p class='ocr_par' dir='ltr' id='par_1_70' title="bbox 2059 2575 3384 2657">
     <span class='ocr_line' id='line_1_70' title="bbox 2059 2575 3384 2657; baseline 0.005 -28"><span class='ocrx_word' id='word_1_434' title='bbox 2059 2578 2205 2647; x_wconf 86' lang='grc' dir='ltr'>θατε,</span> <span class='ocrx_word' id='word_1_435' title='bbox 2241 2576 2466 2638; x_wconf 71' lang='grc' dir='ltr'>καὶτοῖς</span> <span class='ocrx_word' id='word_1_436' title='bbox 2497 2579 2551 2632; x_wconf 71' lang='grc' dir='ltr'>ἓν</span> <span class='ocrx_word' id='word_1_437' title='bbox 2580 2582 2658 2648; x_wconf 80' lang='grc' dir='ltr'>τῷ</span> <span class='ocrx_word' id='word_1_438' title='bbox 2687 2577 2890 2632; x_wconf 80' lang='grc' dir='ltr'>σκότει·</span> <span class='ocrx_word' id='word_1_439' title='bbox 2929 2575 3384 2657; x_wconf 77' lang='grc' dir='ltr'>’Δνακαλύφθητε,</span> 
     </span>
    </p>
   </div>
   <div class='ocr_carea' id='block_1_71' title="bbox 2143 2662 3707 2747">
    <p class='ocr_par' dir='ltr' id='par_1_71' title="bbox 2143 2662 3707 2747">
     <span class='ocr_line' id='line_1_71' title="bbox 2143 2662 3707 2747; baseline 0.006 -29"><span class='ocrx_word' id='word_1_440' title='bbox 2143 2671 2253 2719; x_wconf 77' lang='grc' dir='ltr'>Πᾶν</span> <span class='ocrx_word' id='word_1_441' title='bbox 2335 2666 2522 2743; x_wconf 77' lang='grc' dir='ltr'>βρῶμα</span> <span class='ocrx_word' id='word_1_442' title='bbox 2608 2662 2916 2732; x_wconf 77' lang='grc' dir='ltr'>ἐϐδελύξατο</span> <span class='ocrx_word' id='word_1_443' title='bbox 2987 2669 3021 2736; x_wconf 79' lang='grc' dir='ltr'>ἡ</span> <span class='ocrx_word' id='word_1_444' title='bbox 3107 2669 3262 2747; x_wconf 83' lang='grc' dir='ltr'><strong>ψυχή</strong></span> <span class='ocrx_word' id='word_1_445' title='bbox 3357 2671 3550 2730; x_wconf 73' lang='grc' dir='ltr'>αὐτῶν.</span> <span class='ocrx_word' id='word_1_446' title='bbox 3633 2673 3707 2729; x_wconf 72' lang='grc' dir='ltr'><strong>Οὔ</strong></span> 
     </span>
    </p>
   </div>
   <div class='ocr_carea' id='block_1_72' title="bbox 2060 2753 3702 2838">
    <p class='ocr_par' dir='ltr' id='par_1_72' title="bbox 2060 2753 3702 2838">
     <span class='ocr_line' id='line_1_72' title="bbox 2060 2753 3702 2838; baseline 0.004 -28"><span class='ocrx_word' id='word_1_447' title='bbox 2060 2756 2159 2832; x_wconf 74' lang='grc' dir='ltr'><strong>γαρ</strong></span> <span class='ocrx_word' id='word_1_448' title='bbox 2229 2758 2296 2822; x_wconf 81' lang='grc' dir='ltr'><strong>ἠν</strong></span> <span class='ocrx_word' id='word_1_449' title='bbox 2380 2758 2407 2810; x_wconf 79' lang='grc' dir='ltr'>ὁ</span> <span class='ocrx_word' id='word_1_450' title='bbox 2495 2753 2790 2834; x_wconf 73' lang='grc' dir='ltr'>διατρέφειν</span> <span class='ocrx_word' id='word_1_451' title='bbox 2866 2757 3056 2821; x_wconf 75' lang='grc' dir='ltr'>αὐτοὺς</span> <span class='ocrx_word' id='word_1_452' title='bbox 3134 2755 3420 2832; x_wconf 85' lang='grc' dir='ltr'>δυναμενος</span> <span class='ocrx_word' id='word_1_453' title='bbox 3517 2759 3702 2838; x_wconf 79' lang='grc' dir='ltr'>λόγος,</span> 
     </span>
    </p>
   </div>
   <div class='ocr_carea' id='block_1_73' title="bbox 2062 2842 3705 2928">
    <p class='ocr_par' dir='ltr' id='par_1_73' title="bbox 2062 2842 3705 2928">
     <span class='ocr_line' id='line_1_73' title="bbox 2062 2842 3705 2928; baseline 0.004 -29"><span class='ocrx_word' id='word_1_454' title='bbox 2062 2843 2228 2900; x_wconf 82' lang='grc' dir='ltr'>Πύλαι</span> <span class='ocrx_word' id='word_1_455' title='bbox 2281 2842 2334 2898; x_wconf 74' lang='grc' dir='ltr'>δὲ</span> <span class='ocrx_word' id='word_1_456' title='bbox 2401 2847 2623 2902; x_wconf 85' lang='grc' dir='ltr'>θανάτου</span> <span class='ocrx_word' id='word_1_457' title='bbox 2678 2848 2729 2902; x_wconf 80' lang='grc' dir='ltr'>αἶ</span> <span class='ocrx_word' id='word_1_458' title='bbox 2783 2846 3028 2925; x_wconf 71' lang='grc' dir='ltr'>φέρουσαι</span> <span class='ocrx_word' id='word_1_459' title='bbox 3090 2848 3222 2926; x_wconf 85' lang='grc' dir='ltr'>πρὸς</span> <span class='ocrx_word' id='word_1_460' title='bbox 3265 2849 3489 2905; x_wconf 82' lang='grc' dir='ltr'>θάνατον</span> <span class='ocrx_word' id='word_1_461' title='bbox 3532 2851 3705 2928; x_wconf 80' lang='grc' dir='ltr'>ἆμαρ-</span> 
     </span>
    </p>
   </div>
   <div class='ocr_carea' id='block_1_74' title="bbox 2060 2940 2193 3012">
    <p class='ocr_par' dir='ltr' id='par_1_74' title="bbox 2060 2940 2193 3012">
     <span class='ocr_line' id='line_1_74' title="bbox 2060 2940 2193 3012; baseline 0 -24"><span class='ocrx_word' id='word_1_462' title='bbox 2060 2940 2193 3012; x_wconf 67' lang='grc' dir='ltr'>ττιαι,</span> 
     </span>
    </p>
   </div>
   <div class='ocr_carea' id='block_1_75' title="bbox 2141 3022 3702 3100">
    <p class='ocr_par' dir='ltr' id='par_1_75' title="bbox 2141 3022 3702 3100">
     <span class='ocr_line' id='line_1_75' title="bbox 2141 3022 3702 3100; baseline 0.001 -17"><span class='ocrx_word' id='word_1_463' title='bbox 2141 3022 2245 3083; x_wconf 71' lang='grc' dir='ltr'><strong>Καὶ</strong></span> <span class='ocrx_word' id='word_1_464' title='bbox 2301 3025 2606 3083; x_wconf 86' lang='grc' dir='ltr'>θυσάτωσαν</span> <span class='ocrx_word' id='word_1_465' title='bbox 2666 3028 2807 3100; x_wconf 84' lang='grc' dir='ltr'><strong>αὑτῷ</strong></span> <span class='ocrx_word' id='word_1_466' title='bbox 2863 3027 3041 3082; x_wconf 81' lang='grc' dir='ltr'>Θυσίαν</span> <span class='ocrx_word' id='word_1_467' title='bbox 3098 3026 3367 3092; x_wconf 76' lang='grc' dir='ltr'>αἰνέσεως.</span> <span class='ocrx_word' id='word_1_468' title='bbox 3427 3027 3547 3085; x_wconf 73' lang='grc' dir='ltr'><strong>Ἐπὶ</strong></span> <span class='ocrx_word' id='word_1_469' title='bbox 3575 3029 3702 3092; x_wconf 71' lang='grc' dir='ltr'>τοὺς</span> 
     </span>
    </p>
   </div>
   <div class='ocr_carea' id='block_1_76' title="bbox 2061 3112 3704 3197">
    <p class='ocr_par' dir='ltr' id='par_1_76' title="bbox 2061 3112 3704 3197">
     <span class='ocr_line' id='line_1_76' title="bbox 2061 3112 3704 3197; baseline 0.005 -30"><span class='ocrx_word' id='word_1_470' title='bbox 2061 3112 2238 3190; x_wconf 79' lang='grc' dir='ltr'>ἁγίους</span> <span class='ocrx_word' id='word_1_471' title='bbox 2283 3114 2606 3178; x_wconf 76' lang='grc' dir='ltr'>ἀποστόλους</span> <span class='ocrx_word' id='word_1_472' title='bbox 2683 3115 2966 3195; x_wconf 80' lang='grc' dir='ltr'>μεταφέρει</span> <span class='ocrx_word' id='word_1_473' title='bbox 3019 3117 3108 3171; x_wconf 83' lang='grc' dir='ltr'>τὸν</span> <span class='ocrx_word' id='word_1_474' title='bbox 3157 3115 3340 3195; x_wconf 82' lang='grc' dir='ltr'><strong>λογον⁸</strong></span> <span class='ocrx_word' id='word_1_475' title='bbox 3395 3120 3542 3175; x_wconf 69' lang='grc' dir='ltr'>αὖτοὶ</span> <span class='ocrx_word' id='word_1_476' title='bbox 3599 3121 3704 3197; x_wconf 78' lang='grc' dir='ltr'><strong>γὰρ</strong></span> 
     </span>
    </p>
   </div>
   <div class='ocr_carea' id='block_1_77' title="bbox 2062 3203 3696 3287">
    <p class='ocr_par' dir='ltr' id='par_1_77' title="bbox 2062 3203 3696 3287">
     <span class='ocr_line' id='line_1_77' title="bbox 2062 3203 3696 3287; baseline 0.004 -29"><span class='ocrx_word' id='word_1_477' title='bbox 2062 3203 2188 3258; x_wconf 85' lang='grc' dir='ltr'>εἰσίν</span> <span class='ocrx_word' id='word_1_478' title='bbox 2244 3205 2291 3260; x_wconf 76' lang='grc' dir='ltr'><strong>οἱ</strong></span> <span class='ocrx_word' id='word_1_479' title='bbox 2351 3205 2415 3259; x_wconf 78' lang='grc' dir='ltr'>τὰ</span> <span class='ocrx_word' id='word_1_480' title='bbox 2463 3204 2728 3283; x_wconf 75' lang='grc' dir='ltr'>μυστήρια</span> <span class='ocrx_word' id='word_1_481' title='bbox 2780 3209 2878 3272; x_wconf 75' lang='grc' dir='ltr'>τῆς</span> <span class='ocrx_word' id='word_1_482' title='bbox 2941 3205 3148 3272; x_wconf 78' lang='grc' dir='ltr'>Καινῆς</span> <span class='ocrx_word' id='word_1_483' title='bbox 3205 3210 3476 3277; x_wconf 86' lang='grc' dir='ltr'>Διαθήκης</span> <span class='ocrx_word' id='word_1_484' title='bbox 3519 3230 3696 3287; x_wconf 68' lang='grc' dir='ltr'><strong>παρα⁶</strong></span> 
     </span>
    </p>
   </div>
   <div class='ocr_carea' id='block_1_78' title="bbox 2061 3290 2427 3368">
    <p class='ocr_par' dir='ltr' id='par_1_78' title="bbox 2061 3290 2427 3368">
     <span class='ocr_line' id='line_1_78' title="bbox 2061 3290 2427 3368; baseline 0.008 -21"><span class='ocrx_word' id='word_1_485' title='bbox 2061 3290 2239 3356; x_wconf 83' lang='grc' dir='ltr'>δόντες</span> <span class='ocrx_word' id='word_1_486' title='bbox 2267 3293 2427 3368; x_wconf 75' lang='grc' dir='ltr'>ἡμῖν,</span> 
     </span>
    </p>
   </div>
   <div class='ocr_carea' id='block_1_79' title="bbox 2060 3379 3707 3463">
    <p class='ocr_par' dir='ltr' id='par_1_79' title="bbox 2060 3379 3707 3463">
     <span class='ocr_line' id='line_1_79' title="bbox 2060 3379 3707 3463; baseline 0.002 -25"><span class='ocrx_word' id='word_1_487' title='bbox 2060 3379 2260 3438; x_wconf 81' lang='grc' dir='ltr'>’Ἒθετο</span> <span class='ocrx_word' id='word_1_488' title='bbox 2315 3385 2584 3458; x_wconf 84' lang='grc' dir='ltr'>ποταμοὺς</span> <span class='ocrx_word' id='word_1_489' title='bbox 2663 3385 2736 3448; x_wconf 78' lang='grc' dir='ltr'>εἷς</span> <span class='ocrx_word' id='word_1_490' title='bbox 2815 3383 3036 3463; x_wconf 71' lang='grc' dir='ltr'>ἔρημον.</span> <span class='ocrx_word' id='word_1_491' title='bbox 3113 3385 3185 3442; x_wconf 81' lang='grc' dir='ltr'><strong>Τὸ</strong></span> <span class='ocrx_word' id='word_1_492' title='bbox 3253 3391 3358 3441; x_wconf 83' lang='grc' dir='ltr'><strong>τῶν</strong></span> <span class='ocrx_word' id='word_1_493' title='bbox 3432 3384 3707 3444; x_wconf 78' lang='grc' dir='ltr'>Ἰουδαίων</span> 
     </span>
    </p>
   </div>
   <div class='ocr_carea' id='block_1_80' title="bbox 2061 3469 3708 3554">
    <p class='ocr_par' dir='ltr' id='par_1_80' title="bbox 2061 3469 3708 3554">
     <span class='ocr_line' id='line_1_80' title="bbox 2061 3469 3708 3554; baseline 0.004 -28"><span class='ocrx_word' id='word_1_494' title='bbox 2061 3469 2268 3548; x_wconf 71' lang='grc' dir='ltr'>εὔρυτον</span> <span class='ocrx_word' id='word_1_495' title='bbox 2306 3471 2560 3548; x_wconf 74' lang='grc' dir='ltr'>ἀδόκιμον</span> <span class='ocrx_word' id='word_1_496' title='bbox 2613 3474 2767 3552; x_wconf 81' lang='grc' dir='ltr'>γένος</span> <span class='ocrx_word' id='word_1_497' title='bbox 2811 3475 2960 3553; x_wconf 79' lang='grc' dir='ltr'>φησί,</span> <span class='ocrx_word' id='word_1_498' title='bbox 3013 3476 3146 3540; x_wconf 84' lang='grc' dir='ltr'>Τοὺς</span> <span class='ocrx_word' id='word_1_499' title='bbox 3192 3477 3292 3554; x_wconf 80' lang='grc' dir='ltr'><strong>γὰρ</strong></span> <span class='ocrx_word' id='word_1_500' title='bbox 3341 3475 3508 3533; x_wconf 81' lang='grc' dir='ltr'>πάλαι</span> <span class='ocrx_word' id='word_1_501' title='bbox 3558 3475 3708 3553; x_wconf 83' lang='grc' dir='ltr'>λιμῷ</span> 
     </span>
    </p>
   </div>
   <div class='ocr_carea' id='block_1_81' title="bbox 2059 3562 3705 3646">
    <p class='ocr_par' dir='ltr' id='par_1_81' title="bbox 2059 3562 3705 3646">
     <span class='ocr_line' id='line_1_81' title="bbox 2059 3562 3705 3646; baseline 0.004 -31"><span class='ocrx_word' id='word_1_502' title='bbox 2059 3562 2388 3636; x_wconf 77' lang='grc' dir='ltr'>τηκομένους</span> <span class='ocrx_word' id='word_1_503' title='bbox 2439 3567 2524 3619; x_wconf 88' lang='grc' dir='ltr'><strong>καὶ</strong></span> <span class='ocrx_word' id='word_1_504' title='bbox 2576 3565 2675 3632; x_wconf 80' lang='grc' dir='ltr'><strong>τῆς</strong></span> <span class='ocrx_word' id='word_1_505' title='bbox 2729 3570 3097 3639; x_wconf 76' lang='grc' dir='ltr'>πνευματικῆς</span> <span class='ocrx_word' id='word_1_506' title='bbox 3149 3571 3348 3646; x_wconf 75' lang='grc' dir='ltr'>τροφῆς</span> <span class='ocrx_word' id='word_1_507' title='bbox 3398 3565 3595 3629; x_wconf 80' lang='grc' dir='ltr'>ἐνδεεῖς</span> <span class='ocrx_word' id='word_1_508' title='bbox 3645 3567 3705 3623; x_wconf 77' lang='grc' dir='ltr'>ἐν</span> 
     </span>
    </p>
   </div>
   <div class='ocr_carea' id='block_1_82' title="bbox 2061 3649 3049 3728">
    <p class='ocr_par' dir='ltr' id='par_1_82' title="bbox 2061 3649 3049 3728">
     <span class='ocr_line' id='line_1_82' title="bbox 2061 3649 3049 3728; baseline 0.006 -24"><span class='ocrx_word' id='word_1_509' title='bbox 2061 3649 2279 3714; x_wconf 74' lang='grc' dir='ltr'>ἐκείνοις</span> <span class='ocrx_word' id='word_1_510' title='bbox 2307 3650 2571 3725; x_wconf 80' lang='grc' dir='ltr'>κατῷκισε</span> <span class='ocrx_word' id='word_1_511' title='bbox 2604 3667 2721 3716; x_wconf 78' lang='grc' dir='ltr'>τοῖς</span> <span class='ocrx_word' id='word_1_512' title='bbox 2752 3665 3049 3728; x_wconf 73' lang='grc' dir='ltr'>ποταμοῖς,</span> 
     </span>
    </p>
   </div>
   <div class='ocr_carea' id='block_1_83' title="bbox 2143 3742 3707 3822">
    <p class='ocr_par' dir='ltr' id='par_1_83' title="bbox 2143 3742 3707 3822">
     <span class='ocr_line' id='line_1_83' title="bbox 2143 3742 3707 3822; baseline 0.006 -27"><span class='ocrx_word' id='word_1_513' title='bbox 2143 3746 2251 3807; x_wconf 85' lang='grc' dir='ltr'>Γῆν</span> <span class='ocrx_word' id='word_1_514' title='bbox 2302 3742 2641 3822; x_wconf 79' lang='grc' dir='ltr'>καρποφόρον</span> <span class='ocrx_word' id='word_1_515' title='bbox 2714 3745 2788 3806; x_wconf 79' lang='grc' dir='ltr'>εἱς</span> <span class='ocrx_word' id='word_1_516' title='bbox 2844 3742 3047 3819; x_wconf 78' lang='grc' dir='ltr'>ἅλμην.</span> <span class='ocrx_word' id='word_1_517' title='bbox 3113 3745 3222 3812; x_wconf 78' lang='grc' dir='ltr'><strong>Τὴν</strong></span> <span class='ocrx_word' id='word_1_518' title='bbox 3275 3747 3381 3802; x_wconf 81' lang='grc' dir='ltr'>τῶν</span> <span class='ocrx_word' id='word_1_519' title='bbox 3440 3744 3707 3805; x_wconf 79' lang='grc' dir='ltr'>Ἰουδαίων</span> 
     </span>
    </p>
   </div>
   <div class='ocr_carea' id='block_1_84' title="bbox 2061 3827 3707 3915">
    <p class='ocr_par' dir='ltr' id='par_1_84' title="bbox 2061 3827 3707 3915">
     <span class='ocr_line' id='line_1_84' title="bbox 2061 3827 3707 3915; baseline 0.003 -29"><span class='ocrx_word' id='word_1_520' title='bbox 2061 3832 2190 3908; x_wconf 80' lang='grc' dir='ltr'>φησὶ</span> <span class='ocrx_word' id='word_1_521' title='bbox 2229 3833 2570 3909; x_wconf 86' lang='grc' dir='ltr'>συναγωγήν.</span> <span class='ocrx_word' id='word_1_522' title='bbox 2630 3827 2797 3889; x_wconf 79' lang='grc' dir='ltr'>Ἦσαν</span> <span class='ocrx_word' id='word_1_523' title='bbox 2855 3834 2956 3910; x_wconf 85' lang='grc' dir='ltr'><strong>γὰρ</strong></span> <span class='ocrx_word' id='word_1_524' title='bbox 3026 3834 3074 3890; x_wconf 80' lang='grc' dir='ltr'><strong>οἱ</strong></span> <span class='ocrx_word' id='word_1_525' title='bbox 3125 3831 3372 3908; x_wconf 87' lang='grc' dir='ltr'>δαίμονες</span> <span class='ocrx_word' id='word_1_526' title='bbox 3429 3836 3707 3915; x_wconf 71' lang='grc' dir='ltr'>οἰκήτορες</span> 
     </span>
    </p>
   </div>
   <div class='ocr_carea' id='block_1_85' title="bbox 2060 3921 3706 4002">
    <p class='ocr_par' dir='ltr' id='par_1_85' title="bbox 2060 3921 3706 4002">
     <span class='ocr_line' id='line_1_85' title="bbox 2060 3921 3706 4002; baseline 0.003 -26"><span class='ocrx_word' id='word_1_527' title='bbox 2060 3925 2159 3986; x_wconf 79' lang='grc' dir='ltr'>τῆς</span> <span class='ocrx_word' id='word_1_528' title='bbox 2209 3923 2408 3998; x_wconf 76' lang='grc' dir='ltr'>γηίνης</span> <span class='ocrx_word' id='word_1_529' title='bbox 2459 3921 2730 3984; x_wconf 80' lang='grc' dir='ltr'>πολιτείας</span> <span class='ocrx_word' id='word_1_530' title='bbox 2767 3942 2780 3958; x_wconf 90' lang='grc'><strong>·</strong></span> <span class='ocrx_word' id='word_1_531' title='bbox 2815 3921 3170 4002; x_wconf 67' lang='grc' dir='ltr'>ἐκαρποφόρει</span> <span class='ocrx_word' id='word_1_532' title='bbox 3200 3921 3255 3979; x_wconf 79' lang='grc' dir='ltr'>δὲ</span> <span class='ocrx_word' id='word_1_533' title='bbox 3287 3923 3454 3991; x_wconf 74' lang='grc' dir='ltr'>αὐτὴν</span> <span class='ocrx_word' id='word_1_534' title='bbox 3491 3927 3525 3993; x_wconf 79' lang='grc' dir='ltr'>ἡ</span> <span class='ocrx_word' id='word_1_535' title='bbox 3569 3925 3706 3981; x_wconf 79' lang='grc' dir='ltr'><strong>ἆσέ-</strong></span> 
     </span>
    </p>
   </div>
   <div class='ocr_carea' id='block_1_86' title="bbox 2060 4007 3707 4088">
    <p class='ocr_par' dir='ltr' id='par_1_86' title="bbox 2060 4007 3707 4088">
     <span class='ocr_line' id='line_1_86' title="bbox 2060 4007 3707 4088; baseline 0.004 -24"><span class='ocrx_word' id='word_1_536' title='bbox 2060 4007 2200 4072; x_wconf 79' lang='grc' dir='ltr'>ϐεια,</span> <span class='ocrx_word' id='word_1_537' title='bbox 2236 4008 2525 4088; x_wconf 77' lang='grc' dir='ltr'>Ἐξήραναν</span> <span class='ocrx_word' id='word_1_538' title='bbox 2555 4009 2611 4066; x_wconf 78' lang='grc' dir='ltr'>δὲ</span> <span class='ocrx_word' id='word_1_539' title='bbox 2641 4014 2805 4080; x_wconf 72' lang='grc' dir='ltr'>αὗτὴν</span> <span class='ocrx_word' id='word_1_540' title='bbox 2836 4015 2883 4069; x_wconf 84' lang='grc' dir='ltr'><strong>οἱ</strong></span> <span class='ocrx_word' id='word_1_541' title='bbox 2915 4011 3209 4070; x_wconf 79' lang='grc' dir='ltr'>ἀπόστολοι</span> <span class='ocrx_word' id='word_1_542' title='bbox 3271 4019 3350 4086; x_wconf 83' lang='grc' dir='ltr'><strong>τῷ</strong></span> <span class='ocrx_word' id='word_1_543' title='bbox 3392 4013 3548 4071; x_wconf 74' lang='grc' dir='ltr'>ἅλατι</span> <span class='ocrx_word' id='word_1_544' title='bbox 3601 4014 3707 4082; x_wconf 83' lang='grc' dir='ltr'><strong>τῆς</strong></span> 
     </span>
    </p>
   </div>
   <div class='ocr_carea' id='block_1_87' title="bbox 2060 4097 3706 4182">
    <p class='ocr_par' dir='ltr' id='par_1_87' title="bbox 2060 4097 3706 4182">
     <span class='ocr_line' id='line_1_87' title="bbox 2060 4097 3706 4182; baseline 0.005 -28"><span class='ocrx_word' id='word_1_545' title='bbox 2060 4097 2421 4180; x_wconf 81' lang='grc' dir='ltr'>διδασκαλίας,</span> <span class='ocrx_word' id='word_1_546' title='bbox 2463 4103 2580 4178; x_wconf 81' lang='grc' dir='ltr'>περὶ</span> <span class='ocrx_word' id='word_1_547' title='bbox 2611 4104 2685 4156; x_wconf 82' lang='grc' dir='ltr'>ὧν</span> <span class='ocrx_word' id='word_1_548' title='bbox 2728 4125 2890 4182; x_wconf 71' lang='grc' dir='ltr'>φησιν</span> <span class='ocrx_word' id='word_1_549' title='bbox 2922 4119 2936 4135; x_wconf 93' lang='grc'><strong>·</strong></span> <span class='ocrx_word' id='word_1_550' title='bbox 2975 4099 3164 4179; x_wconf 79' lang='grc' dir='ltr'>’Υμεϊς</span> <span class='ocrx_word' id='word_1_551' title='bbox 3198 4103 3316 4160; x_wconf 78' lang='grc' dir='ltr'>ἐστε</span> <span class='ocrx_word' id='word_1_552' title='bbox 3348 4107 3410 4161; x_wconf 82' lang='grc' dir='ltr'>τὸ</span> <span class='ocrx_word' id='word_1_553' title='bbox 3439 4104 3573 4169; x_wconf 78' lang='grc' dir='ltr'>ἅλας</span> <span class='ocrx_word' id='word_1_554' title='bbox 3603 4105 3706 4173; x_wconf 78' lang='grc' dir='ltr'><strong>τῆς</strong></span> 
     </span>
    </p>
   </div>
   <div class='ocr_carea' id='block_1_88' title="bbox 2058 4197 3052 4268">
    <p class='ocr_par' dir='ltr' id='par_1_88' title="bbox 2058 4197 3052 4268">
     <span class='ocr_line' id='line_1_88' title="bbox 2058 4197 3052 4268; baseline -0.004 -9"><span class='ocrx_word' id='word_1_555' title='bbox 2058 4197 2185 4268; x_wconf 75' lang='grc' dir='ltr'>γῆς.</span> <span class='ocrx_word' id='word_1_556' title='bbox 3049 4221 3052 4224; x_wconf 52' lang='grc' dir='ltr'><strong>λ</strong></span> 
     </span>
    </p>
   </div>
   <div class='ocr_carea' id='block_1_89' title="bbox 2141 4280 3707 4360">
    <p class='ocr_par' dir='ltr' id='par_1_89' title="bbox 2141 4280 3707 4360">
     <span class='ocr_line' id='line_1_89' title="bbox 2141 4280 3707 4360; baseline 0.002 -21"><span class='ocrx_word' id='word_1_557' title='bbox 2141 4280 2344 4339; x_wconf 72' lang='lat' dir='ltr'><strong>&quot;eam</strong></span> <span class='ocrx_word' id='word_1_558' title='bbox 2402 4281 2600 4360; x_wconf 78' lang='grc' dir='ltr'>ἔρημον</span> <span class='ocrx_word' id='word_1_559' title='bbox 2646 4284 2717 4344; x_wconf 79' lang='grc' dir='ltr'>εἷς</span> <span class='ocrx_word' id='word_1_560' title='bbox 2762 4282 2952 4358; x_wconf 82' lang='grc' dir='ltr'>λίμνας</span> <span class='ocrx_word' id='word_1_561' title='bbox 2995 4282 3220 4343; x_wconf 78' lang='grc' dir='ltr'>ὑδάτων.</span> <span class='ocrx_word' id='word_1_562' title='bbox 3271 4287 3371 4342; x_wconf 82' lang='grc' dir='ltr'><strong>Τὸν</strong></span> <span class='ocrx_word' id='word_1_563' title='bbox 3431 4285 3482 4351; x_wconf 77' lang='grc' dir='ltr'><strong>ἐξ</strong></span> <span class='ocrx_word' id='word_1_564' title='bbox 3539 4285 3707 4342; x_wconf 71' lang='grc' dir='ltr'>ἐθνῶν</span> 
     </span>
    </p>
   </div>
   <div class='ocr_carea' id='block_1_90' title="bbox 2059 4371 3708 4456">
    <p class='ocr_par' dir='ltr' id='par_1_90' title="bbox 2059 4371 3708 4456">
     <span class='ocr_line' id='line_1_90' title="bbox 2059 4371 3708 4456; baseline 0.002 -27"><span class='ocrx_word' id='word_1_565' title='bbox 2059 4371 2396 4448; x_wconf 82' lang='grc' dir='ltr'>διασημαίνει</span> <span class='ocrx_word' id='word_1_566' title='bbox 2457 4373 2586 4429; x_wconf 84' lang='grc' dir='ltr'>λαόν</span> <span class='ocrx_word' id='word_1_567' title='bbox 2619 4392 2636 4408; x_wconf 79' lang='grc'><strong><em>⁸</em></strong></span> <span class='ocrx_word' id='word_1_568' title='bbox 2696 4375 2991 4449; x_wconf 87' lang='grc' dir='ltr'>σύμμικτος</span> <span class='ocrx_word' id='word_1_569' title='bbox 3022 4376 3122 4453; x_wconf 84' lang='grc' dir='ltr'>γὰρ</span> <span class='ocrx_word' id='word_1_570' title='bbox 3168 4377 3197 4443; x_wconf 72' lang='grc' dir='ltr'>ἦ</span> <span class='ocrx_word' id='word_1_571' title='bbox 3243 4379 3562 4456; x_wconf 77' lang='grc' dir='ltr'>προφητεία,</span> <span class='ocrx_word' id='word_1_572' title='bbox 3593 4381 3708 4432; x_wconf 81' lang='grc' dir='ltr'>τῶν</span> 
     </span>
    </p>
   </div>
   <div class='ocr_carea' id='block_1_91' title="bbox 328 4450 1980 4544">
    <p class='ocr_par' dir='ltr' id='par_1_91' title="bbox 328 4452 1972 4544">
     <span class='ocr_line' id='line_1_91' title="bbox 328 4452 1972 4544; baseline -0.001 -30"><span class='ocrx_word' id='word_1_573' title='bbox 328 4453 559 4535; x_wconf 88' lang='lat' dir='ltr'><strong>phetia,</strong></span> <span class='ocrx_word' id='word_1_574' title='bbox 596 4452 846 4544; x_wconf 83' lang='lat' dir='ltr'><strong>duorum</strong></span> <span class='ocrx_word' id='word_1_575' title='bbox 881 4453 1234 4533; x_wconf 90' lang='lat' dir='ltr'><strong>populorum</strong></span> <span class='ocrx_word' id='word_1_576' title='bbox 1269 4453 1469 4515; x_wconf 78' lang='lat' dir='ltr'><strong>ferens</strong></span> <span class='ocrx_word' id='word_1_577' title='bbox 1515 4469 1855 4544; x_wconf 82' lang='lat' dir='ltr'><strong>personam.</strong></span> <span class='ocrx_word' id='word_1_578' title='bbox 1891 4452 1972 4514; x_wconf 89' lang='lat' dir='ltr'><strong>ll-</strong></span> 
     </span>
    </p>
   </div>
   <div class='ocr_carea' id='block_1_92' title="bbox 2086 4450 3702 4544">
    <p class='ocr_par' dir='ltr' id='par_1_92' title="bbox 2087 4462 3702 4544">
     <span class='ocr_line' id='line_1_92' title="bbox 2087 4462 3702 4544; baseline 0.002 -26"><span class='ocrx_word' id='word_1_579' title='bbox 2087 4464 2146 4520; x_wconf 86' lang='grc' dir='ltr'>ύο</span> <span class='ocrx_word' id='word_1_580' title='bbox 2202 4462 2346 4518; x_wconf 81' lang='grc' dir='ltr'>λαῶν</span> <span class='ocrx_word' id='word_1_581' title='bbox 2377 4463 2684 4542; x_wconf 80' lang='grc' dir='ltr'>εἰσφέρουσα</span> <span class='ocrx_word' id='word_1_582' title='bbox 2716 4466 2776 4520; x_wconf 81' lang='grc' dir='ltr'>τὸ</span> <span class='ocrx_word' id='word_1_583' title='bbox 2804 4465 3091 4544; x_wconf 82' lang='grc' dir='ltr'>πρόσωπον</span> <span class='ocrx_word' id='word_1_584' title='bbox 3124 4482 3142 4496; x_wconf 86' lang='grc'><strong>·</strong></span> <span class='ocrx_word' id='word_1_585' title='bbox 3176 4464 3269 4522; x_wconf 81' lang='grc' dir='ltr'>τοῦ</span> <span class='ocrx_word' id='word_1_586' title='bbox 3301 4465 3400 4539; x_wconf 81' lang='grc' dir='ltr'>μὲν</span> <span class='ocrx_word' id='word_1_587' title='bbox 3429 4466 3528 4534; x_wconf 75' lang='grc' dir='ltr'>τὴν</span> <span class='ocrx_word' id='word_1_588' title='bbox 3557 4466 3702 4522; x_wconf 61' lang='grc' dir='ltr'><strong>ἀπο-</strong></span> 
     </span>
    </p>
   </div>
   <div class='ocr_carea' id='block_1_93' title="bbox 329 4543 1931 4625">
    <p class='ocr_par' dir='ltr' id='par_1_93' title="bbox 329 4543 1931 4625">
     <span class='ocr_line' id='line_1_93' title="bbox 329 4543 1931 4625; baseline 0 -19"><span class='ocrx_word' id='word_1_589' title='bbox 329 4544 445 4606; x_wconf 89' lang='lat' dir='ltr'><strong>lius</strong></span> <span class='ocrx_word' id='word_1_590' title='bbox 475 4544 708 4607; x_wconf 88' lang='lat' dir='ltr'><strong>scilicet</strong></span> <span class='ocrx_word' id='word_1_591' title='bbox 737 4543 1162 4625; x_wconf 86' lang='lat' dir='ltr'><strong>abjectionem,</strong></span> <span class='ocrx_word' id='word_1_592' title='bbox 1199 4546 1379 4625; x_wconf 85' lang='lat' dir='ltr'><strong>hujus</strong></span> <span class='ocrx_word' id='word_1_593' title='bbox 1403 4543 1931 4606; x_wconf 88' lang='lat' dir='ltr'><strong>introductionem.</strong></span> 
     </span>
    </p>
   </div>
   <div class='ocr_carea' id='block_1_94' title="bbox 408 4633 1973 4700">
    <p class='ocr_par' dir='ltr' id='par_1_94' title="bbox 408 4633 1973 4700">
     <span class='ocr_line' id='line_1_94' title="bbox 408 4633 1973 4700; baseline -0.002 -3"><span class='ocrx_word' id='word_1_594' title='bbox 408 4634 596 4700; x_wconf 85' lang='lat' dir='ltr'><strong>36.Et</strong></span> <span class='ocrx_word' id='word_1_595' title='bbox 622 4635 1072 4696; x_wconf 73' lang='lat' dir='ltr'><strong>constituerunt</strong></span> <span class='ocrx_word' id='word_1_596' title='bbox 1102 4637 1381 4696; x_wconf 83' lang='lat' dir='ltr'><strong>civitates</strong></span> <span class='ocrx_word' id='word_1_597' title='bbox 1407 4633 1827 4696; x_wconf 73' lang='lat' dir='ltr'><strong>habitationis.</strong></span> <span class='ocrx_word' id='word_1_598' title='bbox 1856 4634 1973 4694; x_wconf 91' lang='lat' dir='ltr'><strong>Bo-</strong></span> 
     </span>
    </p>
   </div>
   <div class='ocr_carea' id='block_1_95' title="bbox 331 4723 1707 4795">
    <p class='ocr_par' dir='ltr' id='par_1_95' title="bbox 331 4723 1707 4795">
     <span class='ocr_line' id='line_1_95' title="bbox 331 4723 1707 4795; baseline -0.003 -9"><span class='ocrx_word' id='word_1_599' title='bbox 331 4743 465 4788; x_wconf 89' lang='lat' dir='ltr'><strong>nam</strong></span> <span class='ocrx_word' id='word_1_600' title='bbox 487 4724 768 4786; x_wconf 87' lang='lat' dir='ltr'><strong>videlicet</strong></span> <span class='ocrx_word' id='word_1_601' title='bbox 801 4736 858 4786; x_wconf 88' lang='lat' dir='ltr'><strong>et</strong></span> <span class='ocrx_word' id='word_1_602' title='bbox 892 4723 1192 4795; x_wconf 71' lang='lat' dir='ltr'><strong>cmlestem</strong></span> <span class='ocrx_word' id='word_1_603' title='bbox 1230 4725 1361 4786; x_wconf 63' lang='lat' dir='ltr'><strong>vita;</strong></span> <span class='ocrx_word' id='word_1_604' title='bbox 1389 4725 1707 4785; x_wconf 90' lang='lat' dir='ltr'><strong>rationem.</strong></span> 
     </span>
    </p>
   </div>
   <div class='ocr_carea' id='block_1_96' title="bbox 410 4811 1975 4893">
    <p class='ocr_par' dir='ltr' id='par_1_96' title="bbox 410 4811 1975 4893">
     <span class='ocr_line' id='line_1_96' title="bbox 410 4811 1975 4893; baseline -0.001 -18"><span class='ocrx_word' id='word_1_605' title='bbox 410 4815 507 4876; x_wconf 87' lang='lat'><strong>37.</strong></span> <span class='ocrx_word' id='word_1_606' title='bbox 544 4812 628 4875; x_wconf 87' lang='lat' dir='ltr'><strong>Et</strong></span> <span class='ocrx_word' id='word_1_607' title='bbox 655 4815 976 4874; x_wconf 78' lang='lat' dir='ltr'><strong>seminavit</strong></span> <span class='ocrx_word' id='word_1_608' title='bbox 1001 4831 1188 4891; x_wconf 90' lang='lat' dir='ltr'><strong>agros</strong></span> <span class='ocrx_word' id='word_1_609' title='bbox 1210 4824 1262 4874; x_wconf 87' lang='lat' dir='ltr'><strong>et</strong></span> <span class='ocrx_word' id='word_1_610' title='bbox 1301 4811 1602 4893; x_wconf 79' lang='lat' dir='ltr'><strong>plantavit</strong></span> <span class='ocrx_word' id='word_1_611' title='bbox 1629 4813 1858 4874; x_wconf 84' lang='lat' dir='ltr'><strong>vineas.</strong></span> <span class='ocrx_word' id='word_1_612' title='bbox 1892 4817 1975 4874; x_wconf 90' lang='grc' dir='ltr'><strong>Α-</strong></span> 
     </span>
    </p>
   </div>
   <div class='ocr_carea' id='block_1_97' title="bbox 326 4902 1978 4985">
    <p class='ocr_par' dir='ltr' id='par_1_97' title="bbox 326 4902 1978 4985">
     <span class='ocr_line' id='line_1_97' title="bbox 326 4902 1978 4985; baseline -0.001 -21"><span class='ocrx_word' id='word_1_613' title='bbox 326 4921 462 4985; x_wconf 89' lang='lat' dir='ltr'><strong>gros</strong></span> <span class='ocrx_word' id='word_1_614' title='bbox 490 4902 782 4981; x_wconf 83' lang='lat' dir='ltr'><strong>intelliges</strong></span> <span class='ocrx_word' id='word_1_615' title='bbox 814 4903 887 4964; x_wconf 85' lang='lat' dir='ltr'><strong>ab</strong></span> <span class='ocrx_word' id='word_1_616' title='bbox 915 4903 1260 4982; x_wconf 87' lang='lat' dir='ltr'><strong>bujusmodi</strong></span> <span class='ocrx_word' id='word_1_617' title='bbox 1291 4904 1488 4965; x_wconf 90' lang='lat' dir='ltr'><strong>dicto:</strong></span> <span class='ocrx_word' id='word_1_618' title='bbox 1525 4902 1702 4964; x_wconf 70' lang='lat' dir='ltr'><strong>Ewiit</strong></span> <span class='ocrx_word' id='word_1_619' title='bbox 1746 4908 1852 4980; x_wconf 88' lang='lat' dir='ltr'><strong>qui</strong></span> <span class='ocrx_word' id='word_1_620' title='bbox 1877 4918 1978 4963; x_wconf 85' lang='lat' dir='ltr'><strong>se-</strong></span> 
     </span>
    </p>
   </div>
   <div class='ocr_carea' id='block_1_98' title="bbox 326 4990 1974 5074">
    <p class='ocr_par' dir='ltr' id='par_1_98' title="bbox 326 4990 1974 5074">
     <span class='ocr_line' id='line_1_98' title="bbox 326 4990 1974 5074; baseline -0.002 -17"><span class='ocrx_word' id='word_1_621' title='bbox 326 4997 546 5074; x_wconf 84' lang='lat' dir='ltr'><strong>minat,</strong></span> <span class='ocrx_word' id='word_1_622' title='bbox 579 4995 888 5055; x_wconf 76' lang='lat' dir='ltr'><strong>seminare</strong></span> <span class='ocrx_word' id='word_1_623' title='bbox 908 5011 1112 5056; x_wconf 84' lang='lat' dir='ltr'><strong>semen</strong></span> <span class='ocrx_word' id='word_1_624' title='bbox 1141 5011 1318 5054; x_wconf 85' lang='lat' dir='ltr'><strong>suum</strong></span> <span class='ocrx_word' id='word_1_625' title='bbox 1348 4990 1607 5054; x_wconf 76' lang='lat' dir='ltr'><strong>3zvineas</strong></span> <span class='ocrx_word' id='word_1_626' title='bbox 1639 5000 1837 5053; x_wconf 89' lang='lat' dir='ltr'><strong>autem</strong></span> <span class='ocrx_word' id='word_1_627' title='bbox 1861 4991 1974 5054; x_wconf 84' lang='lat' dir='ltr'><strong>Ec-</strong></span> 
     </span>
    </p>
   </div>
   <div class='ocr_carea' id='block_1_99' title="bbox 328 5083 1976 5166">
    <p class='ocr_par' dir='ltr' id='par_1_99' title="bbox 328 5083 1976 5166">
     <span class='ocr_line' id='line_1_99' title="bbox 328 5083 1976 5166; baseline -0.001 -20"><span class='ocrx_word' id='word_1_628' title='bbox 328 5085 564 5157; x_wconf 83' lang='lat' dir='ltr'><strong>clesias,</strong></span> <span class='ocrx_word' id='word_1_629' title='bbox 589 5089 651 5143; x_wconf 92' lang='lat' dir='ltr'><strong>ut</strong></span> <span class='ocrx_word' id='word_1_630' title='bbox 673 5083 896 5145; x_wconf 84' lang='lat' dir='ltr'><strong>dictum</strong></span> <span class='ocrx_word' id='word_1_631' title='bbox 928 5091 1018 5144; x_wconf 90' lang='lat' dir='ltr'><strong>est</strong></span> <span class='ocrx_word' id='word_1_632' title='bbox 1049 5104 1061 5145; x_wconf 95' lang='lat'>:</span> <span class='ocrx_word' id='word_1_633' title='bbox 1113 5083 1314 5145; x_wconf 70' lang='lat' dir='ltr'><strong>Vinea:</strong></span> <span class='ocrx_word' id='word_1_634' title='bbox 1340 5084 1706 5166; x_wconf 81' lang='lat' dir='ltr'><strong>ﬂoruerunt,</strong></span> <span class='ocrx_word' id='word_1_635' title='bbox 1731 5083 1976 5144; x_wconf 82' lang='lat' dir='ltr'><strong>odorem</strong></span> 
     </span>
    </p>
   </div>
   <div class='ocr_carea' id='block_1_100' title="bbox 326 5169 698 5237">
    <p class='ocr_par' dir='ltr' id='par_1_100' title="bbox 326 5169 698 5237">
     <span class='ocr_line' id='line_1_100' title="bbox 326 5169 698 5237; baseline -0.011 0"><span class='ocrx_word' id='word_1_636' title='bbox 326 5174 619 5237; x_wconf 83' lang='lat' dir='ltr'><strong>dederunt</strong></span> <span class='ocrx_word' id='word_1_637' title='bbox 648 5169 698 5234; x_wconf 82' lang='grc'><strong>⁴.</strong></span> 
     </span>
    </p>
   </div>
   <div class='ocr_carea' id='block_1_101' title="bbox 409 5261 1975 5341">
    <p class='ocr_par' dir='ltr' id='par_1_101' title="bbox 409 5261 1975 5341">
     <span class='ocr_line' id='line_1_101' title="bbox 409 5261 1975 5341; baseline -0.003 -15"><span class='ocrx_word' id='word_1_638' title='bbox 409 5264 510 5326; x_wconf 88' lang='grc'><strong>38.</strong></span> <span class='ocrx_word' id='word_1_639' title='bbox 550 5261 626 5324; x_wconf 84' lang='lat' dir='ltr'><strong>Et</strong></span> <span class='ocrx_word' id='word_1_640' title='bbox 647 5264 941 5341; x_wconf 83' lang='lat' dir='ltr'><strong>jumenta</strong></span> <span class='ocrx_word' id='word_1_641' title='bbox 973 5280 1182 5326; x_wconf 87' lang='lat' dir='ltr'><strong>eorum</strong></span> <span class='ocrx_word' id='word_1_642' title='bbox 1213 5280 1333 5325; x_wconf 88' lang='lat' dir='ltr'><strong>non</strong></span> <span class='ocrx_word' id='word_1_643' title='bbox 1365 5262 1975 5324; x_wconf 74' lang='lat' dir='ltr'><strong>minoravitJumen-</strong></span> 
     </span>
    </p>
   </div>
   <div class='ocr_carea' id='block_1_102' title="bbox 331 5350 1974 5431">
    <p class='ocr_par' dir='ltr' id='par_1_102' title="bbox 331 5350 1974 5431">
     <span class='ocr_line' id='line_1_102' title="bbox 331 5350 1974 5431; baseline -0.002 -17"><span class='ocrx_word' id='word_1_644' title='bbox 331 5360 390 5414; x_wconf 91' lang='lat' dir='ltr'><strong>ta</strong></span> <span class='ocrx_word' id='word_1_645' title='bbox 411 5361 580 5414; x_wconf 82' lang='lat' dir='ltr'><strong>vocat</strong></span> <span class='ocrx_word' id='word_1_646' title='bbox 603 5369 707 5414; x_wconf 89' lang='lat' dir='ltr'><strong>eos</strong></span> <span class='ocrx_word' id='word_1_647' title='bbox 739 5351 842 5431; x_wconf 89' lang='lat' dir='ltr'><strong>qui</strong></span> <span class='ocrx_word' id='word_1_648' title='bbox 872 5352 1413 5415; x_wconf 89' lang='lat' dir='ltr'><strong>irrationabiliores</strong></span> <span class='ocrx_word' id='word_1_649' title='bbox 1442 5359 1578 5411; x_wconf 90' lang='lat' dir='ltr'><strong>sunt</strong></span> <span class='ocrx_word' id='word_1_650' title='bbox 1609 5350 1671 5410; x_wconf 91' lang='lat' dir='ltr'><strong>in</strong></span> <span class='ocrx_word' id='word_1_651' title='bbox 1704 5350 1974 5412; x_wconf 87' lang='lat' dir='ltr'><strong>Ecclesia</strong></span> 
     </span>
    </p>
   </div>
   <div class='ocr_carea' id='block_1_103' title="bbox 330 5439 1976 5529">
    <p class='ocr_par' dir='ltr' id='par_1_103' title="bbox 330 5439 1976 5529">
     <span class='ocr_line' id='line_1_103' title="bbox 330 5439 1976 5529; baseline -0.001 -25"><span class='ocrx_word' id='word_1_652' title='bbox 330 5442 500 5521; x_wconf 84' lang='lat' dir='ltr'><strong>juxta</strong></span> <span class='ocrx_word' id='word_1_653' title='bbox 529 5439 676 5502; x_wconf 90' lang='lat' dir='ltr'><strong>illud</strong></span> <span class='ocrx_word' id='word_1_654' title='bbox 711 5463 726 5504; x_wconf 74' lang='grc' dir='ltr'>ε</span> <span class='ocrx_word' id='word_1_655' title='bbox 769 5441 838 5504; x_wconf 91' lang='lat' dir='ltr'><strong>Ut</strong></span> <span class='ocrx_word' id='word_1_656' title='bbox 857 5442 1208 5521; x_wconf 82' lang='lat' dir='ltr'><strong>jumentum</strong></span> <span class='ocrx_word' id='word_1_657' title='bbox 1253 5445 1455 5520; x_wconf 83' lang='lat' dir='ltr'><strong>factus</strong></span> <span class='ocrx_word' id='word_1_658' title='bbox 1484 5457 1621 5503; x_wconf 86' lang='lat' dir='ltr'><strong>sum</strong></span> <span class='ocrx_word' id='word_1_659' title='bbox 1651 5442 1815 5529; x_wconf 83' lang='lat' dir='ltr'><strong>apud</strong></span> <span class='ocrx_word' id='word_1_660' title='bbox 1846 5449 1900 5504; x_wconf 82' lang='lat' dir='ltr'><strong>te</strong></span> <span class='ocrx_word' id='word_1_661' title='bbox 1925 5441 1976 5529; x_wconf 72' lang='lat'><strong>5;</strong></span> 
     </span>
    </p>
   </div>
   <div class='ocr_carea' id='block_1_104' title="bbox 334 5527 1795 5613">
    <p class='ocr_par' dir='ltr' id='par_1_104' title="bbox 334 5527 1795 5613">
     <span class='ocr_line' id='line_1_104' title="bbox 334 5527 1795 5613; baseline -0.004 -19"><span class='ocrx_word' id='word_1_662' title='bbox 334 5542 422 5613; x_wconf 84' lang='lat' dir='ltr'><strong>et,</strong></span> <span class='ocrx_word' id='word_1_663' title='bbox 452 5531 740 5595; x_wconf 83' lang='lat' dir='ltr'><strong>Homines</strong></span> <span class='ocrx_word' id='word_1_664' title='bbox 770 5539 829 5595; x_wconf 81' lang='lat' dir='ltr'><strong>et</strong></span> <span class='ocrx_word' id='word_1_665' title='bbox 844 5534 1127 5612; x_wconf 82' lang='lat' dir='ltr'><strong>jumenta</strong></span> <span class='ocrx_word' id='word_1_666' title='bbox 1147 5530 1436 5612; x_wconf 84' lang='lat' dir='ltr'><strong>salvabis,</strong></span> <span class='ocrx_word' id='word_1_667' title='bbox 1466 5531 1720 5594; x_wconf 86' lang='lat' dir='ltr'><strong>Domine</strong></span> <span class='ocrx_word' id='word_1_668' title='bbox 1747 5527 1795 5588; x_wconf 75' lang='grc' dir='ltr'>θ.</span> 
     </span>
    </p>
   </div>
   <div class='ocr_carea' id='block_1_105' title="bbox 408 5664 2004 5778">
    <p class='ocr_par' dir='ltr' id='par_1_105' title="bbox 408 5664 2004 5778">
     <span class='ocr_line' id='line_1_105' title="bbox 408 5664 2004 5778; baseline 0.01 -36"><span class='ocrx_word' id='word_1_669' title='bbox 408 5691 474 5742; x_wconf 78' lang='lat'><strong>99</strong></span> <span class='ocrx_word' id='word_1_670' title='bbox 505 5664 718 5778; x_wconf 46' lang='lat' dir='ltr'><strong>|_&#39;l_‘iin:.</strong></span> <span class='ocrx_word' id='word_1_671' title='bbox 751 5711 811 5773; x_wconf 88' lang='grc' dir='ltr'><strong>ιι,</strong></span> <span class='ocrx_word' id='word_1_672' title='bbox 838 5694 891 5755; x_wconf 8' lang='grc'><strong>4,</strong></span> <span class='ocrx_word' id='word_1_673' title='bbox 986 5696 1006 5736; x_wconf 77' lang='grc' dir='ltr'><strong>ί</strong></span> <span class='ocrx_word' id='word_1_674' title='bbox 1037 5693 1149 5756; x_wconf 87' lang='lat' dir='ltr'><strong>lsa.</strong></span> <span class='ocrx_word' id='word_1_675' title='bbox 1179 5708 1339 5764; x_wconf 76' lang='lat' dir='ltr'><strong>xmx,</strong></span> <span class='ocrx_word' id='word_1_676' title='bbox 1375 5691 1432 5752; x_wconf 80' lang='lat'><strong>9.</strong></span> <span class='ocrx_word' id='word_1_677' title='bbox 1521 5692 1546 5732; x_wconf 60' lang='grc' dir='ltr'><strong>ε</strong></span> <span class='ocrx_word' id='word_1_678' title='bbox 1578 5692 1787 5753; x_wconf 75' lang='lat' dir='ltr'><strong>Matth.</strong></span> <span class='ocrx_word' id='word_1_679' title='bbox 1818 5710 1883 5778; x_wconf 84' lang='grc' dir='ltr'><strong>ν,</strong></span> <span class='ocrx_word' id='word_1_680' title='bbox 1913 5695 2004 5761; x_wconf 89' lang='lat'><strong>13.</strong></span> 
     </span>
    </p>
   </div>
   <div class='ocr_carea' id='block_1_106' title="bbox 325 5771 1022 5856">
    <p class='ocr_par' dir='ltr' id='par_1_106' title="bbox 325 5771 1022 5856">
     <span class='ocr_line' id='line_1_106' title="bbox 325 5771 1022 5856; baseline 0.001 -20"><span class='ocrx_word' id='word_1_681' title='bbox 325 5771 426 5837; x_wconf 79' lang='lat'><strong>23.</strong></span> <span class='ocrx_word' id='word_1_682' title='bbox 512 5774 544 5823; x_wconf 74' lang='grc'><strong>6</strong></span> <span class='ocrx_word' id='word_1_683' title='bbox 569 5771 730 5837; x_wconf 77' lang='lat' dir='ltr'><strong>Psal.</strong></span> <span class='ocrx_word' id='word_1_684' title='bbox 757 5771 929 5856; x_wconf 67' lang='lat' dir='ltr'><strong>xxxv,</strong></span> <span class='ocrx_word' id='word_1_685' title='bbox 960 5778 1022 5837; x_wconf 85' lang='lat'><strong>7.</strong></span> 
     </span>
    </p>
   </div>
   <div class='ocr_carea' id='block_1_107' title="bbox 2058 4549 2882 4623">
    <p class='ocr_par' dir='ltr' id='par_1_107' title="bbox 2058 4549 2882 4623">
     <span class='ocr_line' id='line_1_107' title="bbox 2058 4549 2882 4623; baseline 0 -16"><span class='ocrx_word' id='word_1_686' title='bbox 2058 4550 2247 4623; x_wconf 78' lang='grc' dir='ltr'>ὅολην,</span> <span class='ocrx_word' id='word_1_687' title='bbox 2275 4558 2368 4608; x_wconf 78' lang='grc' dir='ltr'>τοῦ</span> <span class='ocrx_word' id='word_1_688' title='bbox 2397 4549 2452 4607; x_wconf 80' lang='grc' dir='ltr'>δὲ</span> <span class='ocrx_word' id='word_1_689' title='bbox 2483 4553 2583 4618; x_wconf 79' lang='grc' dir='ltr'>τὴν</span> <span class='ocrx_word' id='word_1_690' title='bbox 2613 4549 2882 4621; x_wconf 80' lang='grc' dir='ltr'>εἰσϐολήν,</span> 
     </span>
    </p>
   </div>
   <div class='ocr_carea' id='block_1_108' title="bbox 2143 4640 3377 4711">
    <p class='ocr_par' dir='ltr' id='par_1_108' title="bbox 2143 4640 3377 4711">
     <span class='ocr_line' id='line_1_108' title="bbox 2143 4640 3377 4711; baseline 0 -13"><span class='ocrx_word' id='word_1_691' title='bbox 2143 4643 2240 4698; x_wconf 81' lang='grc' dir='ltr'><strong>Καὶ</strong></span> <span class='ocrx_word' id='word_1_692' title='bbox 2304 4643 2694 4711; x_wconf 78' lang='grc' dir='ltr'>συνεστήσαντο</span> <span class='ocrx_word' id='word_1_693' title='bbox 2772 4640 2957 4704; x_wconf 83' lang='grc' dir='ltr'>πόλεις</span> <span class='ocrx_word' id='word_1_694' title='bbox 3015 4646 3377 4706; x_wconf 81' lang='grc' dir='ltr'>κατοικεσίας,</span> 
     </span>
    </p>
   </div>
   <div class='ocr_carea' id='block_1_109' title="bbox 2058 4730 3019 4810">
    <p class='ocr_par' dir='ltr' id='par_1_109' title="bbox 2058 4730 3019 4810">
     <span class='ocr_line' id='line_1_109' title="bbox 2058 4730 3019 4810; baseline 0.005 -23"><span class='ocrx_word' id='word_1_695' title='bbox 2058 4730 2305 4799; x_wconf 80' lang='grc' dir='ltr'>δηλονότι</span> <span class='ocrx_word' id='word_1_696' title='bbox 2337 4733 2426 4787; x_wconf 85' lang='grc' dir='ltr'><strong>καὶ</strong></span> <span class='ocrx_word' id='word_1_697' title='bbox 2455 4731 2693 4810; x_wconf 71' lang='grc' dir='ltr'>οὐράνιον</span> <span class='ocrx_word' id='word_1_698' title='bbox 2724 4730 3019 4792; x_wconf 73' lang='grc' dir='ltr'>πολιτείιν.</span> 
     </span>
    </p>
   </div>
   <div class='ocr_carea' id='block_1_110' title="bbox 2143 4819 3708 4900">
    <p class='ocr_par' dir='ltr' id='par_1_110' title="bbox 2143 4819 3708 4900">
     <span class='ocr_line' id='line_1_110' title="bbox 2143 4819 3708 4900; baseline 0.001 -23"><span class='ocrx_word' id='word_1_699' title='bbox 2143 4821 2238 4877; x_wconf 84' lang='grc' dir='ltr'><strong>Καὶ</strong></span> <span class='ocrx_word' id='word_1_700' title='bbox 2311 4819 2551 4898; x_wconf 81' lang='grc' dir='ltr'>ἔσπειρεν</span> <span class='ocrx_word' id='word_1_701' title='bbox 2635 4820 2829 4900; x_wconf 84' lang='grc' dir='ltr'>ἀγροὺς</span> <span class='ocrx_word' id='word_1_702' title='bbox 2914 4824 3001 4878; x_wconf 88' lang='grc' dir='ltr'><strong>καὶ</strong></span> <span class='ocrx_word' id='word_1_703' title='bbox 3083 4821 3363 4900; x_wconf 75' lang='grc' dir='ltr'>ἐφύτευσεν</span> <span class='ocrx_word' id='word_1_704' title='bbox 3438 4821 3708 4897; x_wconf 74' lang='grc' dir='ltr'>ἀμπελὼ-</span> 
     </span>
    </p>
   </div>
   <div class='ocr_carea' id='block_1_111' title="bbox 2058 4909 3704 4989">
    <p class='ocr_par' dir='ltr' id='par_1_111' title="bbox 2058 4909 3704 4989">
     <span class='ocr_line' id='line_1_111' title="bbox 2058 4909 3704 4989; baseline 0.001 -23"><span class='ocrx_word' id='word_1_705' title='bbox 2058 4932 2175 4972; x_wconf 84' lang='grc' dir='ltr'>νας.</span> <span class='ocrx_word' id='word_1_706' title='bbox 2212 4910 2438 4978; x_wconf 82' lang='grc' dir='ltr'>Νοήσεις</span> <span class='ocrx_word' id='word_1_707' title='bbox 2467 4910 2587 4974; x_wconf 82' lang='grc' dir='ltr'>τοὺς</span> <span class='ocrx_word' id='word_1_708' title='bbox 2631 4909 2827 4988; x_wconf 82' lang='grc' dir='ltr'>ἀγροὺς</span> <span class='ocrx_word' id='word_1_709' title='bbox 2859 4911 2964 4966; x_wconf 78' lang='grc' dir='ltr'><strong>ἀπὸ</strong></span> <span class='ocrx_word' id='word_1_710' title='bbox 2991 4917 3086 4968; x_wconf 81' lang='grc' dir='ltr'>τοῦ</span> <span class='ocrx_word' id='word_1_711' title='bbox 3117 4912 3391 4989; x_wconf 73' lang='grc' dir='ltr'>εἰρηκότος</span> <span class='ocrx_word' id='word_1_712' title='bbox 3425 4927 3441 4942; x_wconf 73' lang='grc'><strong>⁸</strong></span> <span class='ocrx_word' id='word_1_713' title='bbox 3504 4909 3704 4980; x_wconf 67' lang='grc' dir='ltr'><strong>Ἐξῆλο</strong></span> 
     </span>
    </p>
   </div>
   <div class='ocr_carea' id='block_1_112' title="bbox 2056 5000 3702 5078">
    <p class='ocr_par' dir='ltr' id='par_1_112' title="bbox 2056 5000 3702 5078">
     <span class='ocr_line' id='line_1_112' title="bbox 2056 5000 3702 5078; baseline 0.002 -23"><span class='ocrx_word' id='word_1_714' title='bbox 2056 5001 2140 5056; x_wconf 86' lang='grc' dir='ltr'>θεν</span> <span class='ocrx_word' id='word_1_715' title='bbox 2198 5001 2225 5054; x_wconf 84' lang='grc' dir='ltr'>ὁ</span> <span class='ocrx_word' id='word_1_716' title='bbox 2286 5000 2513 5075; x_wconf 86' lang='grc' dir='ltr'>σπείρων</span> <span class='ocrx_word' id='word_1_717' title='bbox 2599 5007 2690 5055; x_wconf 77' lang='grc' dir='ltr'>τοῦ</span> <span class='ocrx_word' id='word_1_718' title='bbox 2763 5013 2979 5078; x_wconf 82' lang='grc' dir='ltr'>σπεῖραι</span> <span class='ocrx_word' id='word_1_719' title='bbox 3066 5003 3154 5056; x_wconf 84' lang='grc' dir='ltr'>τὸν</span> <span class='ocrx_word' id='word_1_720' title='bbox 3232 5001 3429 5077; x_wconf 86' lang='grc' dir='ltr'>σπόρον</span> <span class='ocrx_word' id='word_1_721' title='bbox 3489 5001 3648 5058; x_wconf 71' lang='grc' dir='ltr'><strong>αὖτοῦ</strong></span> <span class='ocrx_word' id='word_1_722' title='bbox 3683 5020 3702 5036; x_wconf 87' lang='grc'><strong>·</strong></span> 
     </span>
    </p>
   </div>
   <div class='ocr_carea' id='block_1_113' title="bbox 2057 5085 3704 5170">
    <p class='ocr_par' dir='ltr' id='par_1_113' title="bbox 2057 5085 3704 5170">
     <span class='ocr_line' id='line_1_113' title="bbox 2057 5085 3704 5170; baseline 0.002 -25"><span class='ocrx_word' id='word_1_723' title='bbox 2057 5089 2180 5152; x_wconf 86' lang='grc' dir='ltr'>τοὺς</span> <span class='ocrx_word' id='word_1_724' title='bbox 2243 5085 2296 5144; x_wconf 84' lang='grc' dir='ltr'>δὲ</span> <span class='ocrx_word' id='word_1_725' title='bbox 2347 5088 2668 5163; x_wconf 76' lang='grc' dir='ltr'>ἀμπελῶνας</span> <span class='ocrx_word' id='word_1_726' title='bbox 2730 5091 2826 5155; x_wconf 78' lang='grc' dir='ltr'>τὰς</span> <span class='ocrx_word' id='word_1_727' title='bbox 2886 5088 3235 5170; x_wconf 75' lang='grc' dir='ltr'>Ἐγοιλησίας,</span> <span class='ocrx_word' id='word_1_728' title='bbox 3281 5092 3412 5148; x_wconf 80' lang='grc' dir='ltr'>καθὸ</span> <span class='ocrx_word' id='word_1_729' title='bbox 3458 5091 3704 5169; x_wconf 72' lang='grc' dir='ltr'>εἴρηταιδ</span> 
     </span>
    </p>
   </div>
   <div class='ocr_carea' id='block_1_114' title="bbox 2061 5175 3245 5258">
    <p class='ocr_par' dir='ltr' id='par_1_114' title="bbox 2061 5175 3245 5258">
     <span class='ocr_line' id='line_1_114' title="bbox 2061 5175 3245 5258; baseline 0.003 -24"><span class='ocrx_word' id='word_1_730' title='bbox 2061 5181 2120 5234; x_wconf 81' lang='lat' dir='ltr'><strong>Ai</strong></span> <span class='ocrx_word' id='word_1_731' title='bbox 2156 5175 2385 5254; x_wconf 70' lang='grc' dir='ltr'>ἄμπελοι</span> <span class='ocrx_word' id='word_1_732' title='bbox 2413 5178 2731 5258; x_wconf 84' lang='grc' dir='ltr'>ἆκύπρισαν,</span> <span class='ocrx_word' id='word_1_733' title='bbox 2767 5177 2968 5236; x_wconf 81' lang='grc' dir='ltr'>ἔδωκαν</span> <span class='ocrx_word' id='word_1_734' title='bbox 2999 5180 3196 5256; x_wconf 78' lang='grc' dir='ltr'>ὀσμήν.</span> <span class='ocrx_word' id='word_1_735' title='bbox 3232 5239 3245 5251; x_wconf 86' lang='lat'><em>_</em></span> 
     </span>
    </p>
   </div>
   <div class='ocr_carea' id='block_1_115' title="bbox 2143 5269 3706 5348">
    <p class='ocr_par' dir='ltr' id='par_1_115' title="bbox 2143 5269 3706 5348">
     <span class='ocr_line' id='line_1_115' title="bbox 2143 5269 3706 5348; baseline 0.002 -23"><span class='ocrx_word' id='word_1_736' title='bbox 2143 5269 2242 5325; x_wconf 81' lang='grc' dir='ltr'><strong>Καὶ</strong></span> <span class='ocrx_word' id='word_1_737' title='bbox 2293 5269 2358 5324; x_wconf 80' lang='grc' dir='ltr'><strong>τὰ</strong></span> <span class='ocrx_word' id='word_1_738' title='bbox 2414 5269 2587 5338; x_wconf 83' lang='grc' dir='ltr'>κτήνη</span> <span class='ocrx_word' id='word_1_739' title='bbox 2665 5272 2834 5328; x_wconf 72' lang='grc' dir='ltr'>αὐτῶν</span> <span class='ocrx_word' id='word_1_740' title='bbox 2928 5271 3024 5326; x_wconf 77' lang='grc' dir='ltr'>οὐκ</span> <span class='ocrx_word' id='word_1_741' title='bbox 3094 5269 3425 5348; x_wconf 81' lang='grc' dir='ltr'>ἐσμίκρυνεν.</span> <span class='ocrx_word' id='word_1_742' title='bbox 3517 5273 3706 5342; x_wconf 76' lang='grc' dir='ltr'>κτήνη</span> 
     </span>
    </p>
   </div>
   <div class='ocr_carea' id='block_1_116' title="bbox 2061 5355 3709 5439">
    <p class='ocr_par' dir='ltr' id='par_1_116' title="bbox 2061 5355 3709 5439">
     <span class='ocr_line' id='line_1_116' title="bbox 2061 5355 3709 5439; baseline 0.002 -25"><span class='ocrx_word' id='word_1_743' title='bbox 2061 5357 2182 5415; x_wconf 77' lang='grc' dir='ltr'>τοὺς</span> <span class='ocrx_word' id='word_1_744' title='bbox 2214 5356 2576 5436; x_wconf 82' lang='grc' dir='ltr'>ἀλογωτὲρους</span> <span class='ocrx_word' id='word_1_745' title='bbox 2621 5358 2716 5425; x_wconf 75' lang='grc' dir='ltr'>τῆς</span> <span class='ocrx_word' id='word_1_746' title='bbox 2776 5355 3097 5426; x_wconf 87' lang='grc' dir='ltr'>Ἐκκλησίας</span> <span class='ocrx_word' id='word_1_747' title='bbox 3127 5362 3280 5439; x_wconf 78' lang='grc' dir='ltr'>φησὶ,</span> <span class='ocrx_word' id='word_1_748' title='bbox 3314 5361 3450 5416; x_wconf 86' lang='grc' dir='ltr'>κατὰ</span> <span class='ocrx_word' id='word_1_749' title='bbox 3503 5362 3565 5416; x_wconf 81' lang='grc' dir='ltr'><strong>τὸ</strong></span> <span class='ocrx_word' id='word_1_750' title='bbox 3623 5364 3709 5417; x_wconf 73' lang='grc' dir='ltr'><strong>εἰσι</strong></span> 
     </span>
    </p>
   </div>
   <div class='ocr_carea' id='block_1_117' title="bbox 2063 5445 3709 5527">
    <p class='ocr_par' dir='ltr' id='par_1_117' title="bbox 2063 5445 3709 5527">
     <span class='ocr_line' id='line_1_117' title="bbox 2063 5445 3709 5527; baseline 0.003 -25"><span class='ocrx_word' id='word_1_751' title='bbox 2063 5447 2292 5527; x_wconf 84' lang='grc' dir='ltr'>ρημένον</span> <span class='ocrx_word' id='word_1_752' title='bbox 2329 5471 2336 5479; x_wconf 92' lang='grc'>·</span> <span class='ocrx_word' id='word_1_753' title='bbox 2406 5445 2691 5515; x_wconf 82' lang='grc' dir='ltr'>Κτηνώδης</span> <span class='ocrx_word' id='word_1_754' title='bbox 2739 5448 2997 5527; x_wconf 81' lang='grc' dir='ltr'>ἐγενήθην</span> <span class='ocrx_word' id='word_1_755' title='bbox 3029 5451 3172 5527; x_wconf 83' lang='grc' dir='ltr'>παρὰ</span> <span class='ocrx_word' id='word_1_756' title='bbox 3217 5459 3312 5509; x_wconf 81' lang='grc' dir='ltr'><strong>σοῦ</strong></span> <span class='ocrx_word' id='word_1_757' title='bbox 3346 5469 3358 5488; x_wconf 89' lang='grc'><strong>·</strong></span> <span class='ocrx_word' id='word_1_758' title='bbox 3415 5452 3526 5526; x_wconf 77' lang='grc' dir='ltr'>καὶ,</span> <span class='ocrx_word' id='word_1_759' title='bbox 3570 5449 3709 5507; x_wconf 80' lang='grc' dir='ltr'><strong>’Λν-</strong></span> 
     </span>
    </p>
   </div>
   <div class='ocr_carea' id='block_1_118' title="bbox 2063 5537 3136 5620">
    <p class='ocr_par' dir='ltr' id='par_1_118' title="bbox 2063 5537 3136 5620">
     <span class='ocr_line' id='line_1_118' title="bbox 2063 5537 3136 5620; baseline 0.004 -26"><span class='ocrx_word' id='word_1_760' title='bbox 2063 5537 2305 5617; x_wconf 87' lang='grc' dir='ltr'>θρώπους</span> <span class='ocrx_word' id='word_1_761' title='bbox 2337 5537 2423 5593; x_wconf 85' lang='grc' dir='ltr'><strong>καὶ</strong></span> <span class='ocrx_word' id='word_1_762' title='bbox 2451 5538 2624 5608; x_wconf 85' lang='grc' dir='ltr'>κτήνη</span> <span class='ocrx_word' id='word_1_763' title='bbox 2656 5537 2871 5614; x_wconf 82' lang='grc' dir='ltr'>σώσεις,</span> <span class='ocrx_word' id='word_1_764' title='bbox 2908 5540 3136 5620; x_wconf 64' lang='grc' dir='ltr'>Κύριεο</span> 
     </span>
    </p>
   </div>
   <div class='ocr_carea' id='block_1_119' title="bbox 3472 4644 3711 4721">
    <p class='ocr_par' dir='ltr' id='par_1_119' title="bbox 3472 4644 3711 4721">
     <span class='ocr_line' id='line_1_119' title="bbox 3472 4644 3711 4721; baseline -0.008 -21"><span class='ocrx_word' id='word_1_765' title='bbox 3472 4644 3671 4721; x_wconf 79' lang='grc' dir='ltr'>Ἀγαθὴ</span> <span class='ocrx_word' id='word_1_766' title='bbox 3687 4671 3711 4698; x_wconf 71' lang='grc' dir='ltr'>ο</span> 
     </span>
    </p>
   </div>
   <div class='ocr_carea' id='block_1_120' title="bbox 2089 5695 3702 5781">
    <p class='ocr_par' dir='ltr' id='par_1_120' title="bbox 2089 5695 3702 5781">
     <span class='ocr_line' id='line_1_120' title="bbox 2089 5695 3702 5781; baseline 0.006 -26"><span class='ocrx_word' id='word_1_767' title='bbox 2089 5695 2116 5738; x_wconf 78' lang='grc'><strong>³</strong></span> <span class='ocrx_word' id='word_1_768' title='bbox 2147 5697 2355 5761; x_wconf 84' lang='lat' dir='ltr'><strong>Matth.</strong></span> <span class='ocrx_word' id='word_1_769' title='bbox 2381 5716 2512 5778; x_wconf 81' lang='lat' dir='ltr'><strong>xm,</strong></span> <span class='ocrx_word' id='word_1_770' title='bbox 2537 5697 2597 5762; x_wconf 87' lang='lat'><strong>3.</strong></span> <span class='ocrx_word' id='word_1_771' title='bbox 2683 5695 2712 5740; x_wconf 74' lang='grc'>⁸</span> <span class='ocrx_word' id='word_1_772' title='bbox 2764 5702 2932 5764; x_wconf 90' lang='lat' dir='ltr'><strong>Cant.</strong></span> <span class='ocrx_word' id='word_1_773' title='bbox 2966 5717 3028 5775; x_wconf 85' lang='grc' dir='ltr'><strong>ιι,</strong></span> <span class='ocrx_word' id='word_1_774' title='bbox 3069 5699 3166 5764; x_wconf 82' lang='grc'><strong>13.</strong></span> <span class='ocrx_word' id='word_1_775' title='bbox 3251 5701 3285 5751; x_wconf 75' lang='lat'><strong>5</strong></span> <span class='ocrx_word' id='word_1_776' title='bbox 3326 5697 3479 5762; x_wconf 70' lang='lat' dir='ltr'><strong>Psal.</strong></span> <span class='ocrx_word' id='word_1_777' title='bbox 3515 5714 3702 5781; x_wconf 79' lang='lat' dir='ltr'><strong>Lxxu,</strong></span> 
     </span>
    </p>
   </div>
  </div>
