3992 6208
472 347 589 411 455

1267 350 1325 411 S.
1376 348 1800 411 ATHANASII
1844 350 2009 412 OPP.
2058 349 2272 412 PARS.
2324 350 2432 412 III.
2480 384 2552 393 -—
2604 350 3054 414 EXEGETICA.

3736 356 3849 420 456

462 501 600 545 rum
634 488 694 544 et
743 480 1233 570 distributurum,
1299 489 1361 570 ut
1417 479 1889 570 priestantiorem
1951 483 2109 547 illam

2237 507 2344 564 ρειν
2401 486 2492 542 καὶ
2538 487 2767 562 μερίζειν
2816 485 3205 565 ἒπαγγέλλεται
3234 502 3248 519 ⁹
3297 485 3390 542 ’ίνα
3451 489 3553 556 τὴν
3581 488 3841 570 ἐξαίρετον

465 571 599 634 novi
627 570 854 652 Joseph
887 568 1111 633 Christi
1138 569 1554 632 haereditatem
1591 569 1843 649 ﬁgurate
1904 571 2122 636 intelli-

462 681 566 742 gas
595 661 868 743 gentibus
895 660 1280 722 dividendam
1315 679 1468 722 esse.

627 753 683 812 1.
726 750 796 812 1η
825 751 1039 830 ﬁnem,
1064 749 1214 812 PSA
1231 747 1447 811 LMUS
1474 750 1693 812 David.
1733 751 1954 815 CVIII.

1054 841 1104 900 A
1119 849 1526 920 rgumentum.

464 933 741 994 Praesens
765 930 1036 1011 psalmus
1060 930 1366 1010 passiones
1393 930 1612 992 Christi
1635 931 1948 1013 signiﬁcat,
1984 951 2120 994 nec-

541 1039 661 1083 non
685 1019 984 1100 supplicia
1011 1019 1085 1080 de
1115 1018 1269 1080 Juda
1301 1027 1358 1079 et
1389 1020 1464 1080 de
1501 1019 1717 1100 popqu
1746 1019 1997 1082 Judaico
2022 1042 2120 1084 su-

543 1110 1175 1189 menda.Quaecunque
1199 1128 1376 1189 porro
1398 1109 1458 1170 in
1475 1111 1586 1170 hoc
1603 1110 1832 1190 psalmo
1859 1113 2117 1193 optando

546 1198 1211 1279 dicuntur,prophetice
1226 1197 1594 1260 omniadicta
1612 1199 1793 1261 fuisse
1805 1200 2117 1264 sciendum

547 1299 657 1351 est.
694 1287 766 1352 Ut
791 1307 927 1351 cum
959 1289 1102 1350 dicit
1140 1309 1152 1349 :
1189 1287 1481 1350 Diabolus
1499 1296 1607 1349 stet
1632 1307 1670 1351 a
1716 1290 1955 1352 decrtris
1992 1294 2122 1371 ejus

547 1379 908 1460 perindeest
926 1397 993 1440 ac
1018 1380 1067 1441 si
1092 1377 1592 1442 diceret:Stabit.
1618 1378 1744 1440 Non
1773 1381 1934 1441 enim
1960 1391 2122 1462 optat

542 1479 603 1530 ut
636 1469 693 1532 id
720 1469 978 1545 eveniat;
1011 1468 1116 1530 sed
1160 1487 1290 1550 quae
1323 1469 1453 1548 ejus
1509 1469 1908 1550 improbitatis
1940 1489 2120 1534 causa

541 1569 825 1621 eventura
850 1558 970 1620 sint
1002 1559 1131 1639 ipse
1167 1559 1527 1638 praenuntiat
1557 1577 1570 1620 :
1611 1559 1771 1636 quod
1805 1559 1983 1622 etiam
2042 1561 2119 1623 de

539 1649 676 1711 aliis
706 1649 986 1710 similiter
1017 1647 1372 1709 dicendum.
1412 1648 1705 1721 Habeant,
1743 1649 1854 1728 illi,
1899 1649 2111 1731 inquit,

541 1739 730 1802 calum
744 1738 1022 1808 uiatores,
1035 1738 1134 1818 qui
1162 1756 1281 1833 non
1296 1737 1626 1799 abscedant
1648 1739 1720 1798 ab
1741 1738 1920 1802 eis.Si
1943 1759 2116 1820 porro
2143 1785 2178 1833 Β

532 1829 906 1908 judicentur,
941 1827 1014 1888 ab
1047 1826 1170 1888 illis
1187 1825 1572 1908 damnentur.
1602 1828 1726 1889 Imo
1759 1827 1932 1890 etiam
1963 1829 2013 1890 si
2063 1839 2120 1892 te

541 1907 604 1978 in
628 1925 900 1998 tempore
923 1917 1213 1995 angustiae
1230 1907 1730 1989 invocaverint,id
1759 1916 1878 1978 illis
1901 1919 1958 1979 in
1981 1937 2107 2000 pec-

543 2017 738 2071 catum
753 2015 1437 2088 computetur,revocata
1451 2014 1831 2086 peccatorum
1851 2007 2113 2087 ipsorum

542 2097 850 2160 memoria.
886 2099 1023 2162 Dies
1053 2115 1258 2159 eorum
1293 2095 1597 2168 abbrevia,
1634 2107 1698 2156 ut
1728 2097 1875 2176 ipsis
1918 2098 2115 2162 adhuc

541 2187 872 2249 viventibus
901 2206 971 2249 ac
1005 2185 1366 2261 videntibus,
1401 2186 1750 2266 dignitatem
1805 2185 1965 2248 illam
1999 2207 2114 2269 qua

541 2296 844 2359 nunquam
883 2295 1013 2339 vere
1045 2277 1216 2357 potiti
1247 2277 1567 2339 suntalter
1613 2281 1826 2355 rapiat.
1881 2275 2110 2340 Deinde

538 2369 703 2449 ipsos
734 2367 876 2429 tolle
920 2367 995 2427 de
1019 2366 1243 2448 medio,
1272 2363 1448 2428 ita'ut
1473 2366 1746 2448 ipsorum
1803 2365 2110 2428 calamitas

539 2457 612 2519 ad
641 2475 850 2518 eorum
883 2464 1153 2538 posteros
1186 2456 1527 2518 devolvatur
1559 2476 1575 2533 ;
1622 2463 1680 2515 et
1737 2453 1845 2516 ﬁlii
1903 2474 2109 2518 eorum

538 2547 661 2609 sint
694 2546 968 2627 orphani,
1003 2555 1061 2608 et
1085 2565 1233 2609 uxor
1269 2564 1476 2607 eorum
1538 2544 1838 2621 viduitate,
1893 2545 2112 2623 afﬂiga-

535 2645 672 2712 tur;
708 2655 778 2698 ac
810 2635 918 2697 ﬁlii
949 2636 1000 2696 vi
1031 2636 1322 2716 pertracti
1349 2641 1527 2717 atque
1561 2633 1800 2714 raptati,
1860 2634 1935 2696 de
2013 2653 2115 2714 pa-

537 2735 693 2787 trum
728 2725 1067 2787 sceleribus
1101 2743 1307 2805 poenas
1331 2727 1520 2787 luant.

536 2815 598 2877 2.
624 2816 808 2891 Deus,
849 2817 1088 2878 laudem
1108 2833 1302 2878 meam
1321 2834 1398 2878 ne
1421 2817 1714 2877 tacueris.
1745 2816 1806 2876 In
1829 2813 2112 2877 Ecclesiis

457 2908 674 2970 Christi
705 2913 1258 2986 quantumcumque
1278 2923 1386 2985 per
1407 2903 1612 2965 orbem
1638 2903 2114 2983 multiplicentur

460 3006 515 3059 et
535 2995 909 3073 exorientur,
947 2995 1148 3056 laudat
1174 2993 1335 3056 Deus
1357 2991 1572 3054 Filium
1592 3011 1785 3054 suum.
1816 2994 1909 3055 Ait
1938 2993 2117 3071 igitur

2205 583 2299 632 τοῦ
2343 575 2458 632 νέου
2517 573 2718 658 Ἰωσὴφ
2771 586 2862 635 τοῦ
2922 584 3159 654 Χρςστοῦ
3208 575 3569 656 κληρονομίαν
3629 582 3838 660 μερίζε-

2207 669 2324 722 σθαι
2357 663 2692 740 συμϐολικῶς
2717 668 2918 744 νοήσῃς
2951 683 3068 730 τοῖς
3099 668 3320 725 ἔθνεσιν.

2430 757 2598 820 Εἰςτὸ
2621 756 2800 826 τέλος,
2835 764 3123 815 ΨΑΛΜΟΣ
3159 764 3234 832 τῷ
3270 757 3456 818 Δαυίδ.
3496 750 3622 819 pu'.

2872 847 3174 912 Τπόθεσις,

2205 929 2264 990 Ὀ
2316 936 2496 1013 παρὼν
2554 935 2766 1010 ψαλμὸς
2816 938 2880 992 τὰ
2935 938 3076 1003 πάθη
3130 943 3222 993 τοῦ
3255 945 3480 1016 Χριστοῦ
3510 941 3839 1014 κατασημαί.

2287 1045 2386 1098 νει,
2435 1026 2526 1088 τάς
2561 1047 2617 1081 τε
2664 1025 2923 1100 ἐσομένας
2981 1028 3237 1103 τιμωρίας
3297 1031 3434 1083 κατα
3464 1049 3519 1083 τε
3551 1035 3643 1084 τοῦ
3678 1027 3842 1085 Ἰούδα

2280 1115 2368 1169 καὶ
2397 1117 2556 1172 αὐτοῦ
2583 1123 2676 1172 τοῦ
2709 1113 2970 1172 Ἰουδαίων
3002 1114 3153 1178 λαοῦ,
3190 1113 3342 1174 ’Ὅσα
3374 1115 3428 1171 δὲ
3461 1118 3714 1182 εὖκτικῶς
3747 1118 3838 1174 λέ-

2284 1201 2465 1259 λεκται
2511 1205 2565 1260 ἐν
2591 1212 2666 1278 τῷ
2699 1203 2921 1280 ψαλμῷ,
2956 1207 3150 1280 ἰστέον,
3177 1204 3258 1262 ὅτι
3290 1214 3635 1286 προφητικῶς
3669 1210 3839 1267 πάντα

2287 1293 2524 1370 εἴρηται.
2585 1299 2716 1351 Οἷον
2747 1293 2874 1351 ὅταν
2911 1295 3054 1374 λέγει
3091 1313 3102 1328 ·
3145 1294 3404 1359 Διάϐολος
3437 1299 3618 1367 στήτω
3650 1297 3710 1354 ἐκ
3741 1297 3830 1354 δε-

2287 1381 2407 1446 ξιῶν
2468 1383 2646 1459 αὐτοῦ,
2702 1383 2816 1440 ἀντὶ
2877 1407 2992 1458 τοο,
3045 1387 3323 1458 στήσεται,
3379 1385 3548 1464 λέγει.
3614 1390 3686 1444 0-3
3743 1389 3838 1464 γὰρ

2287 1472 2505 1551 εὔχεται
2533 1479 2688 1529 τοῦτο
2719 1473 2958 1551 γενέσθαι
2997 1492 3010 1505 ⁸
3060 1473 3180 1530 ἀλλ’
3216 1476 3243 1530 ὃ
3275 1475 3425 1550 μέλει
3460 1475 3732 1551 συμϐῆναι
3757 1475 3839 1532 διὰ

2283 1562 2380 1628 τὴν
2404 1563 2604 1622 ἐκείνου
2634 1565 2823 1620 κακίαν
2853 1572 3006 1620 τοῦτο
3038 1565 3385 1642 προαγορεύει
3421 1582 3434 1594 ⁸
3475 1569 3562 1622 καὶ
3609 1567 3695 1622 ἐπὶ
3737 1573 3839 1622 τῶν

2283 1650 2460 1706 ἄλλων
2492 1651 2545 1707 δὲ
2578 1653 2855 1716 ὡσαύτως.
2890 1651 3138 1733 ’¹Εξοιεν,
3187 1655 3339 1734 φησὶ,
3389 1657 3478 1711 καὶ
3522 1658 3667 1712 οὗτοι
3726 1661 3840 1720 τοὺς

2281 1739 2692 1821 διαϐάλλοντας,
2727 1744 2813 1798 καὶ
2867 1744 2943 1817 μὴ
2999 1743 3294 1801 ἀποσταῖεν
3329 1746 3522 1806 αύτῶν,
3557 1748 3618 1802 Εἰ
3647 1745 3701 1800 δὲ
3731 1747 3838 1824 κρί-

2283 1852 2482 1909 νοιντο,
2539 1833 2670 1909 πρὸς
2716 1832 2903 1894 αὐτοὺς
2960 1835 3354 1907 κατακριθεῖεν.
3427 1832 3596 1890 Ἀλλά
3655 1835 3742 1890 καὶ
3798 1835 3838 1889 εὶ

2282 1918 2678 1976 ἐπεκαλέσαντό
2710 1941 2794 1996 σε,
2829 1922 3011 2000 φησὶν,
3050 1920 3104 1977 ἐν
3135 1928 3209 1995 τῷ
3239 1928 3409 2000 καιρῷ
3440 1929 3536 1990 τῆς
3575 1923 3836 2000 ἀνάγκης,

2280 2011 2352 2070 εἷς
2409 2011 2669 2086 ἁμαρτίαν
2713 2011 2897 2072 αὺτοῖς
2955 2008 3256 2088 λογισθείη,
3294 2011 3512 2086 μνήμης
3543 2013 3832 2091 γενομένης

2276 2102 2352 2154 ὢν
2400 2097 2664 2176 ἥμαρτον,
2719 2099 2951 2174 Σύντεμε
2994 2095 3050 2155 δὲ
3101 2099 3195 2164 τάς
3250 2100 3454 2179 ἡμέρας
3490 2104 3687 2169 αὐτῶν,
3722 2102 3830 2173 ἵνα,

2277 2189 2490 2259 ζώντων
2548 2189 2634 2243 καὶ
2684 2188 2929 2264 ὁρώντων
2985 2188 3182 2269 αὒτῶν,
3237 2191 3335 2257 τὴν
3395 2190 3564 2270 ἀξίαν,
3625 2190 3692 2258 ἣν
3723 2190 3834 2246 οὐδὲ

2273 2277 2441 2341 ὅντως
2489 2279 2772 2352 ὀνήσαντο,
2807 2276 2987 2354 ἕτερος
3049 2279 3363 2359 ἀφαρπάσῃ.
3398 2278 3638 2338 ’Ἔπειτα
3672 2280 3722 2336 δὲ
3756 2304 3836 2337 και

2276 2369 2463 2430 αὐτοὺς
2496 2365 2672 2442 ἄνελε,
2707 2370 2780 2432 ὡς
2832 2366 3084 2435 διαϐῆναι
3119 2370 3215 2437 τὴν
3259 2372 3532 2451 συμφορὰν
3591 2373 3662 2436 εἷς
3719 2372 3837 2433 τοὺς

2275 2456 2326 2522 ἐξ
2385 2456 2598 2512 ἐκείνων
2625 2473 2641 2488 ⁶
2692 2457 2831 2514 ὥστε
2863 2459 3236 2538 ὀρφανωθῆναι
3269 2459 3369 2535 μέν
3413 2461 3536 2523 τοὺς
3569 2461 3712 2523 υἱοὺς
3743 2464 3836 2518 αὖ·

2274 2552 2404 2609 τῶν,
2440 2547 2638 2626 χηρείᾳ
2668 2545 2723 2602 δὲ
2768 2545 3048 2615 ὲκδοθῆναι
3079 2549 3179 2615 τὴν
3233 2562 3463 2627 γυναῖκα
3500 2571 3515 2583 ⁶
3545 2549 3685 2607 ὥστε
3719 2551 3834 2612 τοὺς

2276 2637 2416 2699 υἱοὺς
2447 2635 2798 2712 βιαζομένους
2858 2637 2944 2693 καὶ
3007 2638 3326 2716 συρομένους
3386 2640 3514 2720 ὅπερ
3579 2641 3832 2718 πατρῴων

2273 2727 2749 2805 παρανομημάτων
2783 2724 2929 2789 δίκας
2960 2727 3190 2806 ὑφέξειν,

2277 2816 2336 2872 Ὀ
2399 2817 2553 2885 Θεὸς,
2613 2815 2712 2882 τὴν
2793 2815 2997 2871 α’ίνεσίν
3069 2839 3171 2890 μου
3227 2818 3307 2892 μὴ
3383 2821 3827 2896 παρασιωπάσῃς.

2200 2897 2375 2962 ’Ὅσον
2435 2906 2486 2959 αἱ
2544 2904 2864 2971 Ἐκκλησίαι
2912 2909 3141 2983 Χριστοῦ
3166 2911 3483 2964 συνεστῶσιν
3516 2911 3568 2964 αἱ
3621 2909 3829 2966 ἀνατέλο

2197 2995 2380 3051 λοῦσαι
2437 3002 2744 3074 πανταχοῦ,
2793 2997 2932 3052 αἰνεῖ
2978 2999 3004 3051 δ
3067 2998 3196 3061 Θεὸς
3242 2997 3297 3052 ἐν
3342 2999 3531 3061 abut;
3564 3001 3656 3054 τὸν
3692 3001 3826 3061 ι’ῐόν,

462 3086 623 3149 Patri
647 3104 754 3146 suo
774 3083 1360 3147 ChristuszEtiamsi
1388 3082 1572 3146 ludas
1596 3101 1729 3144 cum
1783 3101 1879 3144 me
1928 3083 2109 3144 tradi-

2244 3085 2356 3162 έγει
2414 3087 2503 3139 οῦν
2550 3087 2576 3140 ὁ
2624 3086 2848 3162 Χριστὸς
2880 3087 3011 3162 πρὸς
3043 3087 3134 3141 τὸν
3171 3087 3381 3164 Πατέρα
3411 3104 3424 3117 ⁸
3459 3089 3514 3144 Εἰ
3545 3091 3634 3144 καὶ
3667 3087 3832 3167 προδι-

456 3175 539 3236 dit
562 3175 719 3236 visus
739 3173 853 3234 sibi
875 3172 1058 3234 fuerit
1089 3173 1388 3254 impedire
1421 3172 1654 3233 laudem
1689 3189 1880 3233 meam
1908 3191 1924 3248 ;
1958 3181 2017 3233 at
2047 3181 2104 3233 tu

2237 3175 2307 3238 ιύς
2352 3195 2417 3250 με
2481 3177 2506 3230 ὁ
2567 3172 2788 3254 Ἰούδας,
2835 3173 2969 3239 δόξει
3030 3174 3332 3249 ἐμποδίζειν
3365 3182 3456 3233 τὸν
3491 3178 3649 3234 αἶνον
3683 3201 3780 3252 μου
3815 3197 3827 3210 ³

456 3284 552 3327 me
583 3265 850 3338 laudato,
881 3263 1210 3343 deitatique
1239 3282 1388 3325 mete
1420 3262 1619 3344 prmbe
1671 3263 2104 3340 testimonium,

2237 3263 2356 3326 ἱτως
2404 3261 2458 3318 δὲ
2517 3264 2732 3319 αἶνεσόν
2790 3285 2879 3342 με,
2928 3271 3207 3343 μαρτυρῶν
3262 3288 3365 3340 μου
3396 3272 3464 3342 τῇ
3496 3267 3734 3342 θεότητι,
3769 3267 3832 3336 ἢν

455 3374 632 3436 quam
655 3356 796 3434 quia
823 3372 940 3415 non
970 3353 1226 3414 credidit
1249 3353 1559 3433 Judas,me
1587 3351 2030 3428 tradidit.Quia
2046 3371 2110 3415 os

449 3445 792 3525 peccatoris
822 3450 880 3505 et
913 3461 978 3504 os
1035 3441 1232 3504 dolosi
1285 3459 1473 3522 super
1528 3459 1622 3504 me
1669 3450 1947 3522 apertum
1997 3449 2106 3506 est.

456 3535 823 3606 Peecatorz's,
849 3531 1080 3592 scilicet
1110 3530 1354 3612 diaboli;
1388 3531 1518 3612 ipse
1548 3548 1806 3609 namque
1837 3539 2112 3611 peccator

455 3622 738 3686 adversus
769 3621 1080 3683 veritatem
1125 3638 1138 3680 :
1178 3622 1370 3683 dolosi
1399 3629 1621 3692 autem,
1653 3619 1824 3682 Juda:
1856 3639 2109 3702 nempe;

453 3711 628 3776 ambo
652 3712 814 3773 enim
846 3719 1053 3772 contra
1077 3711 1382 3774 Christum
1422 3709 1605 3772 locuti
1644 3720 1804 3772 sunt.

528 3806 582 3876 3,
614 3806 668 3871 l,
701 3806 752 3861 5.
787 3803 894 3859 Pro
922 3819 982 3860 eo
1011 3809 1068 3860 ut
1091 3819 1177 3860 me
1206 3804 1497 3871 diligerent
1526 3802 1880 3860 detrahebant
1905 3803 2108 3859 mihi...

457 3896 508 3948 et
558 3893 852 3961 posuerunt
875 3889 1159 3944 adversum
1181 3903 1264 3943 me
1283 3887 1426 3943 mala
1447 3903 1553 3960 pro
1574 3887 1746 3956 bonis,
1769 3895 1875 3944 etc.
1931 3886 2110 3945 Verba

459 3973 576 4048 alia
595 3973 816 4034 amoris
832 3981 993 4046 sunt,
1014 3972 1130 4033 alia
1157 3971 1306 4050 odii,
1344 3971 1458 4032 alia
1487 3969 1560 4032 ad
1593 3980 1873 4033 neutrum
1919 3971 2111 4051 perti-

462 4073 629 4127 nent.
684 4063 1054 4126 Adulabatur
1103 4082 1360 4145 namque
1402 4064 1505 4125 ille
1573 4081 1684 4125 ceu
1741 4062 2112 4144 magistrum,

457 4164 632 4236 atque
655 4152 812 4214 dolis
837 4153 897 4213 id
922 4151 1320 4216 contendebat
1345 4163 1411 4214 ut
1432 4151 1780 4232 magiswum
1810 4151 2108 4231 proderet.

540 4242 931 4307 6.Cunstitue
945 4260 1132 4320 super
1153 4261 1289 4303 eum
1311 4245 2009 4322 peccatoremJ’eccator
2025 4254 2112 4304 est

457 4335 586 4414 ipse
617 4330 852 4413 peccati
873 4330 1148 4394 inventor
1172 4332 1449 4394 Satanas.
1476 4331 1631 4394 Illud
1649 4334 2104 4404 autem,c0nsti-

458 4433 578 4499 lue,
613 4422 871 4503 positum
910 4432 1004 4482 est
1037 4439 1168 4502 pro,
1203 4421 1466 4483 futurum
1500 4429 1588 4482 est
1613 4421 2107 4486 ntconstituatur.

2192 3356 2269 3430 μή
2330 3353 2617 3418 πιστεύσας
2673 3356 2725 3408 ἓν
2783 3355 2904 3428 ἒμοὶ
2967 3351 3188 3427 Ἰούδας,
3247 3353 3546 3432 προδέδωκέ
3578 3379 3668 3432 με,
3705 3354 3829 3414 "Ott

2193 3443 2366 3518 στόμα
2424 3441 2746 3520 ἁμαρτωλοῦ
2803 3445 2890 3498 καὶ
2947 3443 3122 3518 στόμα
3179 3441 3352 3500 δολίου
3403 3442 3488 3501 ἐπ’
3542 3446 3639 3521 ἐμὲ
3683 3446 3830 3512 ἠνοί-

2193 3537 2324 3613 χθη.
2361 3529 2714 3610 Ἀμαρτωλοῦ
2750 3539 2833 3588 τοῦ
2877 3530 3124 3588 διαϐόλου
3162 3552 3176 3566 ·
3209 3533 3368 3596 αὐτὸς
3420 3535 3518 3614 γὰρ
3580 3537 3828 3611 ἁμαρτω-

2193 3625 2284 3684 λὸς
2318 3623 2454 3699 πρὸς
2478 3620 2729 3690 ἀλήθειαν
2759 3639 2772 3652 °
2803 3620 2979 3679 δολίου
3011 3624 3103 3677 τοῦ
3135 3619 3323 3678 Ἰούδα·
3376 3622 3538 3703 ἄμφω
3569 3625 3669 3703 γάρ
3701 3625 3828 3680 κατά

2193 3714 2286 3767 τοῦ
2318 3710 2545 3782 Χριστοῦ
2587 3710 2882 3777 ἐλάλησαν.

2275 3799 2418 3856 Ἀντὶ
2466 3809 2558 3858 τοῦ
2641 3800 2853 3878 ἀγαπᾷν
2943 3821 3008 3873 με
3099 3798 3437 3857 ἐνδιέϐαλλόν
3524 3824 3671 3878 με,.,
3751 3803 3832 3858 καὶ

2195 3890 2372 3946 ἔθεντο
2431 3889 2548 3945 κατ’
2603 3889 2735 3962 ἐμοῦ
2764 3891 2902 3945 κακά
2935 3890 3049 3945 ἀντὶ
3080 3889 3316 3970 ἀγαθῶν,
3350 3915 3404 3952 κ.
3432 3912 3485 3950 τ.
3521 3891 3576 3955 λ.
3607 3901 3720 3950 Τῶν
3749 3891 3834 3948 λόο

2196 4001 2304 4057 γων
2341 3980 2389 4033 οἱ
2421 3976 2515 4054 μέν
2547 3980 2676 4034 εἰσιν
2707 3977 3000 4056 ἀγάπης,οἰ
3031 3976 3086 4034 δὲ
3119 3979 3326 4059 μίσους,
3353 3981 3400 4036 οἱ
3425 3977 3478 4036 δὲ
3510 3981 3616 4038 οὔδ’
3652 3982 3829 4060 ἑτέρως

2200 4068 2443 4149 ἔχοντες.
2479 4066 2798 4124 Ἐκολάκευε
2829 4069 2928 4147 γὰρ
2980 4069 3052 4132 ὡς
3093 4065 3432 4144 διδάσκαλον,
3474 4072 3562 4128 καὶ
3595 4073 3670 4145 τῷ
3702 4070 3831 4142 δόλῳ

2198 4162 2270 4223 ὼς
2304 4155 2473 4214 ἐδόκει
2501 4157 2792 4235 ἠγωνίζετο
2820 4159 2894 4220 εἷς
2926 4155 3210 4236 προδοσίαν
3236 4166 3328 4215 τοῦ
3359 4157 3698 4219 διδασκάλου.

2283 4247 2632 4313 Κατάστησον
2705 4245 2791 4303 ἐπ’
2849 4248 3004 4302 αὐτὸν
3065 4246 3409 4324 ἁμαρτωλὸν,
3486 4247 3828 4328 Ἀμαρτωλος

2197 4340 2296 4416 μὲν
2342 4337 2497 4399 αὒτὸς
2535 4339 2562 4392 ὸ
2592 4341 2692 4403 τῆς
2736 4337 3249 4417 ἀμαρτίαςΠεῦρετῆς
3292 4341 3319 4394 ὁ
3365 4345 3632 4401 Σατανᾶς⁶
3667 4341 3726 4395 τὸ
3755 4337 3828 4416 δὲ,

2194 4427 2557 4506 κατάστησον,
2589 4425 2701 4482 ἀντὶ
2747 4428 2862 4498 τοῦ,
2921 4425 3106 4500 μέλλει
3147 4429 3510 4490 καθίστασθαι.
3546 4428 3676 4485 Ἐπ’
3733 4431 3827 4485 αὖ·

457 4514 655 4594 Super
672 4530 836 4590 eum,
873 4530 1060 4589 super
1079 4530 1256 4592 quem
1290 4511 1405 4572 nisi
1449 4510 1816 4592 proditorem
1846 4510 2056 4574 Judam
2082 4512 2109 4572 ‘l

2237 4523 2286 4574 ον
2343 4515 2395 4572 δὲ
2428 4518 2543 4571 τίνα
2600 4516 2636 4583 ἢ
2680 4517 2770 4572 τὸν
2827 4513 3093 4594 προδότην
3135 4515 3384 4594 Ἰούδαν,
3439 4519 3538 4576 Καὶ
3588 4515 3825 4579 διάϐολος

456 4603 543 4666 Et
563 4601 847 4665 diabolus
877 4609 996 4663 stet
1019 4619 1058 4663 (ι
1079 4603 1314 4664 dextris
1335 4600 1559 4679 eius.In
1579 4600 1856 4662 Zacbaria
1877 4620 2112 4682 quoque

453 4692 740 4772 scriptum
782 4690 966 4754 est“:
1009 4690 1092 4753 Et
1116 4691 1370 4754 ostendit
1393 4692 1550 4754 mihi
1581 4691 1877 4752 Dominus
1899 4692 2109 4755 Jesum

451 4783 827 4846 sacerdotem
858 4799 1160 4861 magnum,
1191 4788 1452 4843 stantem
1484 4787 1632 4843 ante
1653 4781 1874 4855 faciem
1903 4783 2109 4861 angeli

465 4873 736 4944 Domini,
769 4879 823 4932 et
843 4870 1353 4933 diabolus-stabat
1385 4888 1421 4933 α
1453 4870 1694 4933 dextris
1727 4873 1881 4951 ejus,
1912 4879 1977 4936 ut
1999 4872 2109 4935 ad-

459 4969 818 5025 versaretur
839 4961 980 5041 ipsi,
1011 4958 1140 5021 Non
1173 4959 1522 5022 adversatur
1551 4971 1752 5022 autem
1781 4959 1971 5024 Judte.

536 5051 1094 5130 7.Cumjudicatur
1109 5049 1758 5113 emeatcondemnalus.
1796 5049 1862 5112 In
1885 5052 2106 5133 futuro,

455 5141 667 5222 inquit,
695 5138 983 5201 tribunali
1005 5139 1230 5200 nullam
1256 5137 1502 5201 habebit
1523 5138 1889 5201 defensionis
1919 5141 2105 5202 ratio-

456 5249 619 5292 nem.
646 5228 729 5292 Et
747 5232 945 5292 oratio
965 5230 1092 5308 ejus
1105 5229 1214 5309 ﬁat
1242 5231 1306 5290 in
1324 5235 1661 5308 peccatum.
1688 5227 1942 5300 Quidam
1969 5239 2110 5293 sunt

458 5338 712 5401 quorum
727 5318 962 5400 velipsa
981 5319 1165 5380 oratio
1180 5318 1239 5379 in
1263 5325 1570 5397 peccatum
1591 5319 2108 5396 evadit,ut,exem-

464 5408 545 5489 pli
570 5406 1222 5489 causa,gentilium,qui
1245 5406 1425 5468 idolis
1450 5407 1542 5469 vel
1572 5415 1872 5470 creatura:
1897 5427 2107 5489 preces

461 5496 722 5560 fundunt
744 5518 763 5575 ;
786 5505 843 5559 et
869 5495 1216 5562 Iudaeorum
1251 5495 1354 5578 qui
1378 5496 1566 5560 Deum
1595 5497 1839 5578 quidem
1907 5495 2104 5576 orant,

539 5696 592 5743 η
623 5695 800 5762 Ζιοιι.
832 5714 924 5781 ιιι,
957 5699 1017 5762 1.

2194 4608 2375 4677 στήτω
2418 4605 2478 4662 ἐκ
2535 4603 2717 4669 δεξιῶν
2805 4608 2983 4668 αῦτοῦ.
3073 4604 3176 4666 Καὶ
3227 4607 3281 4663 ἐν
3339 4611 3416 4681 τῷ
3475 4608 3715 4686 Ζαχαρία
3775 4603 3825 4659 δὲ

2192 4719 2323 4764 φησι
2362 4716 2376 4729 ⁸
2435 4697 2532 4752 Καὶ
2603 4693 2763 4760 ἕδειξέ
2834 4716 2925 4770 μοι
3009 4695 3190 4773 Κύριος
3270 4693 3480 4763 Ἰησοῦν
3550 4699 3638 4754 τὸν
3691 4695 3824 4769 ἱερέα

2189 4788 2282 4843 τὸν
2341 4785 2534 4862 μέγαν,
2592 4785 2798 4840 ἑστῶτα
2834 4786 2935 4863 πρὸ
2995 4784 3283 4862 προσώπου
3343 4786 3574 4864 ἀγγέλου
3623 4786 3820 4864 Κυρίου,

2188 4877 2277 4933 καὶ
2330 4871 2576 4937 διάϐολος
2629 4875 2864 4944 εἱστήκει
2914 4873 2973 4929 ἐκ
3019 4873 3200 4939 δεξιῶν
3233 4875 3412 4950 αὺτοῦ,
3465 4875 3556 4932 τοῦ
3586 4876 3823 4932 ἀντικεῖ-

2189 4969 2307 5021 σθαι
2339 4965 2504 5038 αῦτῷ.
2538 4964 2644 5020 Οὔκ
2675 4962 2967 5019 ἀντίκειται
2997 4962 3051 5019 δὲ
3085 4968 3162 5036 τῷ
3195 4963 3388 5036 Ἰούδᾳ.

2273 5055 2362 5112 Ἐν
2447 5060 2524 5127 τῷ
2615 5054 2877 5131 κρίνεσθαι
2965 5055 3122 5111 αὐτὸν
3209 5053 3407 5119 ἐξέλθοι
3479 5053 3821 5110 καταδεδικα-

2189 5146 2406 5220 σμένος.
2460 5143 2552 5201 Ἐν
2617 5150 2693 5218 τῷ
2751 5143 3026 5219 μέλλοντι,
3082 5145 3236 5224 φησὶ,
3271 5142 3594 5223 δικαστηρίῳ
3649 5141 3820 5200 οὐδένα

2188 5235 2288 5301 ἔξει
2349 5233 2508 5312 λόγον
2568 5231 2887 5312 ἀπολογίας.
2949 5230 3054 5295 Καὶ
3111 5235 3146 5300 ἡ
3201 5234 3482 5314 προσευχή
3543 5235 3699 5290 αὐτοῦ
3727 5252 3816 5309 γε·-

2187 5325 2354 5381 νέσθω
2385 5325 2457 5386 εἰς
2490 5324 2781 5403 ἁμαρτίαν,
2822 5325 2933 5381 Εἰσί
2979 5345 3116 5388 τινες
3161 5325 3236 5379 ὧν
3269 5323 3403 5392 αῦτη
3458 5325 3490 5392 ἡ
3552 5319 3818 5402 προσευχὴ

2189 5416 2264 5478 εἷς
2309 5413 2566 5492 ἁμαρτίαν
2623 5413 2847 5490 γίνεται,
2899 5415 2974 5476 ὡς
3024 5411 3184 5470 ἐθνῶν
3240 5412 3683 5492 προσευχομένων
3744 5410 3817 5465 εἱ-

2189 5501 2404 5579 δὼλοις,
2439 5501 2473 5570 ἢ
2516 5509 2586 5579 τῇ
2618 5501 2782 5558 κτίσει
2810 5521 2824 5537 ·
2849 5509 2937 5559 καὶ
2980 5501 3247 5561 Ἰουδαίων
3280 5503 3340 5559 οὐ
3375 5499 3457 5559 διὰ
3487 5499 3663 5568 Ἰησοῦ
3706 5507 3818 5578 Χρι-
