3992 6208
517 315 636 380 459

512 540 684 604 Hunc
715 539 892 616 igitur
924 543 1023 619 qui
1084 545 1326 620 propter
1381 556 1484 600 eos
1533 537 1769 599 dolebat
1801 539 1874 598 ad
1910 546 2160 598 mortem

517 630 888 713 quaerebant.

594 721 689 788 17,
734 718 827 781 -t9.
870 718 942 780 Et
974 717 1191 779 dilexit
1228 716 1740 778 maledictionem.
1781 763 1820 780 ..
1868 728 1922 779 et
1959 719 2163 779 induit

511 809 1001 870 maledictionem
1033 808 1194 868 sicut
1215 805 2157 885 vestimentum.Quando,inquit,

513 897 692 959 ﬁnem
721 896 1008 957 facientes
1042 914 1136 955 me
1175 893 1598 974 benedicendi,
1622 895 1983 955 maledicunt
2016 895 2159 956 mihi

511 986 782 1067 quotidie
808 1007 821 1048 :
852 985 911 1046 id
947 1003 1205 1064 namque
1251 984 1324 1044 ad
1373 983 1530 1044 hunc
1561 1002 1750 1061 usque
1780 983 1934 1044 diem
1965 983 2158 1046 Judaei

514 1085 728 1154 agunt;
767 1075 902 1137 ideo
941 1075 1140 1134 omnia
1173 1073 1449 1153 superius
1501 1081 1826 1134 memorata
1885 1077 2160 1134 evenient

509 1165 674 1245 ipsis.
699 1164 779 1238 Et
802 1165 1056 1225 intravit
1081 1165 1237 1225 situt
1262 1180 1421 1241 aqua
1450 1163 1514 1223 in
1535 1164 1835 1224 interiora
1857 1164 2150 1239 ejus.Non

513 1254 691 1314 modo
725 1254 882 1314 enim
916 1253 1174 1313 exterius
1215 1253 1320 1313 sed
1371 1252 1547 1312 etiam
1606 1250 1856 1311 interius
1888 1250 2149 1312 circum-

508 1344 730 1405 sistunt
763 1362 869 1403 nos
925 1342 1078 1402 mala
1129 1340 1499 1402 inundantia.
1539 1341 1614 1401 Et
1667 1343 1821 1401 sicut
1854 1341 2054 1402 oleum
2086 1343 2152 1401 in

509 1434 742 1494 ossibus
765 1435 916 1508 eius.
955 1431 1168 1494 Oleum
1202 1435 1360 1491 enim
1409 1428 1586 1489 habet
1634 1428 1898 1488 stabilem
1963 1429 2152 1489 humi-

508 1524 779 1583 ditatem.
815 1521 1106 1583 Malorum
1145 1537 1323 1599 porro
1374 1517 1685 1579 colluviem
1719 1517 1881 1578 dicit.
1943 1517 2150 1595 Siqui-

511 1612 645 1671 dem
670 1629 821 1690 aqua
868 1609 1306 1670 vehementiam
1365 1607 1650 1682 denotat;
1707 1607 1903 1666 oleum
1951 1616 2148 1666 autem

510 1699 1158 1772 stabilitatem.Quibus
1183 1697 1373 1776 inquit
1394 1695 1567 1756 malis
1599 1695 1764 1775 quasi
1796 1694 2149 1756 vestimento

508 1790 834 1869 operiatur,
873 1794 933 1849 et
962 1787 1128 1868 quasi
1154 1804 1301 1847 zona
1334 1787 1744 1865 praecingatur.

592 1878 693 1940 20.
731 1877 860 1939 Hoc
886 1895 1034 1957 opus
1065 1893 1276 1938 eorum
1305 1875 1410 1953 qui
1449 1872 1774 1935 detrahunt
1805 1874 1955 1934 mihi.
1987 1873 2148 1952 apud

512 1971 862 2034 Dominum.
896 1967 1092 2046 et’qui
1131 1966 1468 2044 loquuntur
1494 1965 1658 2024 mala
1689 1962 1979 2025 adversus
2005 1965 2145 2024 ani-

506 2076 677 2119 mam
700 2076 922 2120 meam.
956 2055 1078 2117 Hos
1139 2053 1475 2135 percipient
1518 2051 1746 2113 fructus
1789 2052 1890 2131 qui
1940 2051 2143 2112 odium

505 2147 817 2208 adversum
853 2163 948 2207 me
979 2150 1394 2223 susceperunt,
1421 2150 1479 2202 et
1509 2139 1779 2221 proditor
1808 2139 1907 2220 qui
1940 2158 2144 2201 eorum

508 2236 860 2300 administer
890 2235 1019 2297 fuit.
1053 2235 1195 2294 Cum
1229 2232 1388 2293 enim
1422 2249 1558 2292 eum
1591 2229 1710 2291 Deo
1740 2229 2144 2290 adversarium

501 2343 572 2388 ac
609 2324 1119 2406 praevaricatorem
1153 2332 1454 2392 vocarent,
1478 2320 1618 2399 jure
1647 2319 1766 2381 ait:
1804 2318 1922 2394 Qui
1948 2319 2149 2380 (tetra-

504 2415 664 2477 hunt
693 2414 847 2476 mihi
873 2413 1036 2493 apud
1069 2411 1415 2473 Dominum.

583 2505 682 2566 21.
715 2504 787 2566 Et
813 2509 899 2574 tu,
927 2499 1498 2577 Domi’ne,Domine.
1526 2500 1626 2576 fac
1647 2514 1879 2559 mecum
1903 2504 2146 2576 propter

505 2611 728 2656 nomen
763 2602 955 2655 tuum.
979 2589 1117 2652 Haec
1153 2589 1291 2651 item
1327 2587 1611 2650 Dominus
1642 2585 1911 2648 Christus
1940 2603 2150 2646 secun-

506 2684 647 2746 dum
682 2681 1118 2744 humanitatem
1152 2675 1439 2754 loquitur.
1471 2674 1742 2737 Humana
1768 2675 1928 2735 enim
1951 2675 2152 2735 omnia

1290 315 1352 376 S.
1399 313 1820 378 ATHANASII
1864 315 2028 378 OPP.
2077 310 2294 377 PARS.
2340 316 2452 378 III.
2499 347 2572 361 -—
2620 314 3074 381 EXEGETICA.

513 452 854 528 dolentem;
890 448 1128 510 dolebat
1161 449 1321 511 enim
1343 449 1558 510 videns
1579 466 1781 510 eorum
1811 450 2148 528 perniciem.

2249 456 2358 521 τοῦ,
2424 451 2750 522 λυπούμενον
2785 466 2800 481 ’

3765 323 3874 389 460

2859 451 3110 508 ἐλυπεῖτο
3135 451 3233 528 γὰρ
3266 453 3400 530 ὁρῶν
3435 453 3603 509 αὐτῶν
3636 456 3730 523 τὴν
3771 459 3868 514 ἆπ-

2247 536 2464 600 ώλειαν,
2497 547 2690 597 Τοῦτον
2726 543 2814 597 οὗν
2843 542 2934 597 τὸν
2981 539 3052 596 δι’
3103 541 3284 605 αὐτοὺς
3315 539 3644 616 λυπούμενον
3673 543 3874 603 ἐδίωκον

2243 629 2567 686 θανατῶσαι.

2331 719 2428 773 Καὶ
2471 718 2724 796 ἠγάπησε
2814 720 3068 797 κατάραν.
3107 769 3121 783 ,
3161 761 3174 777 .
3215 768 3228 781 .
3269 764 3283 776 .
3326 766 3336 778 .
3377 764 3391 778 .
3453 724 3540 777 καὶ
3614 721 3874 781 ἐνεδύσατο

2242 807 2472 884 κατάραν
2523 809 2647 863 ὡσεὶ
2697 808 2933 882 ἱμάτιον.
2994 807 3244 888 Ἐπειδὴ,
3305 812 3489 889 φησὶν,
3564 811 3776 890 ἀνρέπες
3820 817 3876 870 τὸ

2241 893 2485 972 εὐλογεῖν
2518 895 2634 968 ἐμὲ,
2670 895 2790 952 καθ’
2837 896 3069 963 ἑκάστην
3114 898 3320 975 ἡμέραν
3349 901 3681 974 καταρῶνται
3709 920 3721 934 ·
3757 913 3872 960 τοῦ·

2240 1005 2299 1038 το
2332 985 2430 1060 γὰρ
2489 985 2656 1064 μέχρι
2688 985 2785 1050 τῆς
2837 985 3071 1063 σήμερον
3097 985 3363 1044 Ἰουδαίων
3395 985 3584 1052 παῖδες
3617 993 3870 1048 ποιοῦσινο

2239 1074 2426 1129 τούτου
2458 1075 2617 1152 χάριν
2652 1075 2824 1130 πάντα
2853 1075 3036 1140 αότοῖς
3093 1077 3160 1131 τὰ
3223 1074 3623 1154 προλελεγμένα
3653 1081 3872 1154 γενήσε-

2235 1183 2342 1221 ται.
2422 1165 2516 1219 Καὶ
2574 1163 2817 1229 εἰσῆλθεν
2871 1165 2996 1220 ὡσεὶ
3062 1163 3198 1242 ὕδωρ
3263 1167 3336 1228 εἰς
3411 1166 3475 1220 τὰ
3534 1165 3726 1244 ἔγκατα
3779 1173 3868 1225 αύ-

2235 1257 2349 1310 τοῦ.
2388 1255 2460 1308 Οὐ
2497 1252 2597 1330 γὰρ
2642 1251 2827 1316 ἔξωθεν
2887 1252 3072 1327 μόνον,
3107 1253 3242 1309 ἀλλὰ
3270 1256 3357 1309 καὶ
3387 1253 3591 1310 ἔνδοθεν
3624 1258 3870 1334 περίκειν·

2235 1341 2413 1394 uiti:
2443 1342 2581 1396 κακὰ
2630 1340 3028 1419 περικλύζοντα.
3087 1343 3184 1399 Καὶ
3241 1344 3365 1398 ὡσεὶ
3417 1341 3594 1398 ἔλαιον
3651 1344 3705 1399 ἐν
3760 1358 3868 1411 τότς

2235 1428 2441 1490 ὀστέοις
2506 1432 2685 1490 αὑτοῦ.
2747 1433 2911 1488 Τοῦτο
2961 1433 3059 1509 γὰρ
3113 1429 3229 1510 ἔχει
3291 1432 3516 1506 μόνιμον
3559 1435 3658 1501 τὴν
3718 1437 3868 1513 ὅγρό-

2233 1539 2395 1584 τητα.
2441 1521 2618 1596 Φορὰν
2651 1518 2703 1574 δέ
2735 1541 2865 1597 φησι
2895 1527 3099 1599 κακῶν,
3133 1527 3223 1575 τοῦ
3253 1520 3350 1594 μὲν
3396 1519 3584 1580 ὕδατος
3629 1526 3691 1579 τὸ
3742 1547 3868 1603 σφο-

2234 1604 2353 1682 δρὸν
2406 1605 2719 1685 δηλοῦντος,
2758 1615 2845 1664 τοῦ
2893 1607 2948 1662 δὲ
2977 1607 3155 1664 ἐλαίου
3207 1611 3267 1664 τὸ
3326 1610 3573 1685 μόνιμον,
3631 1609 3748 1692 Ὑφ’
3778 1614 3867 1684 ὧν,

2233 1697 2384 1769 φησὶ,
2419 1698 2506 1751 καὶ
2536 1699 2608 1762 ὡς
2638 1697 2692 1752 ἐν
2734 1696 2913 1762 ἐσθῆτι
2965 1697 3332 1772 καλυπτέσθω,
3367 1701 3454 1755 καὶ
3513 1702 3585 1762 ὡς
3648 1707 3869 1778 ζωστῆρι

2177 1799 2211 1846 Β
2243 1786 2570 1863 σφιγγέσθω.

2313 1881 2478 1931 Τοῦτο
2537 1876 2598 1930 τὸ
2686 1875 2840 1953 ἔργον
2921 1881 3026 1930 τῶν
3107 1873 3560 1933 ἐνδιαϐαλλόντων
3631 1881 3720 1934 καὶ
3772 1880 3868 1936 τῶν

2231 1962 2535 2019 λαλούντων
2586 1966 2797 2040 πονηρὰ
2852 1969 2950 2030 τῆς
3023 1969 3209 2044 ψυχῆς
3298 1989 3424 2030 μου.
3481 1968 3698 2032 Τούτοις
3755 1990 3871 2047 τρυι

2230 2055 2456 2130 γήσουσι
2501 2054 2618 2118 τοὺς
2664 2055 2894 2130 καρποὺς
2924 2056 2972 2110 οἱ
3001 2055 3062 2110 τὸ
3093 2057 3223 2132 πρὸς
3257 2057 3351 2130 ἐμὲ
3403 2069 3565 2131 μῖσος
3620 2055 3867 2122 ἀναδεξά-

2230 2163 2406 2218 μενοι,
2436 2143 2524 2198 καὶ
2577 2144 2604 2198 ὃ
2663 2143 2868 2205 τούτοις
2909 2145 3250 2222 ὑπουργήσας
3305 2144 3592 2221 προδότης.
3656 2143 3865 2214 Ἐπειδὴ

2235 2231 2328 2309 γὰρ
2374 2231 2606 2287 ἀντίθεον
2664 2232 2818 2289 αὐτὸν
2862 2233 2949 2288 καὶ
2992 2233 3299 2308 παράνομον
3358 2235 3604 2310 ἐκάλουν,
3657 2237 3865 2297 εἰκότως

2229 2321 2354 2377 εἷπε
2387 2337 2400 2350 ·
2434 2327 2549 2378 Τῶν
2579 2318 3029 2378 ἐνδιαϐαλλόντων
3060 2343 3128 2396 με
3158 2325 3301 2402 παρα
3337 2326 3544 2403 Κυρίου.

2315 2502 2411 2556 Καὶ
2447 2500 2531 2572 σὺ,
2613 2499 2788 2573 Κύριε,
2857 2499 3036 2580 Κύριε,
3098 2504 3324 2568 ποίησον
3388 2501 3504 2578 μετ’
3565 2507 3698 2578 ἐμοῦ
3755 2505 3862 2560 ἕνε-

2231 2610 2320 2645 κεν
2381 2596 2474 2645 τοῦ
2507 2589 2769 2663 ὺνόματός
2813 2609 2929 2649 σου.
2969 2590 3066 2645 Καὶ
3107 2597 3266 2646 τοῦτα
3317 2590 3661 2669 ἀνθρωπίνως
3718 2594 3865 2671 εἴρη-

2231 2699 2324 2734 κεν
2379 2681 2406 2734 ὁ
2459 2678 2737 2744 Δεσπότης
2783 2679 3033 2751 Χριστός,
3087 2679 3266 2735 Πάντα
3325 2682 3425 2760 γὰρ
3468 2683 3531 2737 τὰ
3578 2682 3869 2758 ἀνθρώπινα

506 2781 724 2855 praeter
749 2777 1055 2851 peccatum
1088 2765 1374 2855 implevit.
1410 2767 1595 2855 Natus
1628 2764 1909 2855 enim__est
1940 2782 2148 2855 secun-

2245 2769 2374 2835 πλὴν
2433 2768 2690 2843 ἁμαρτίας
2722 2765 3104 2843 πεπλήρωκεν.
3145 2768 3379 2848 Ἐτέχθη
3439 2772 3540 2848 γὰρ
3595 2774 3736 2828 κατὰ
3793 2773 3866 2827 νό-

505 2853 648 2924 dum
682 2870 908 2924 natura;
938 2859 1153 2938 legem.
1192 2853 1368 2917 Nasci
1395 2854 1554 2916 enim
1588 2872 1655 2914 ex
1684 2853 2018 2928 muliere,id
2047 2854 2148 2914 hu‘

2245 2879 2333 2929 αον
2379 2857 2612 2936 φύσεως,
2662 2858 2733 2914 Τὸ
2777 2857 2874 2931 μὲν
2933 2856 3031 2934 γὰρ
3060 2859 3123 2913 ἐκ
3152 2861 3428 2938 γυναικὸς,
3463 2861 3562 2926 τῆς
3606 2861 3870 2939 ἀνθρωπίο

503 2970 692 3014 mana:
712 2960 938 3013 naturae
959 2955 1050 3009 est
1073 2968 1089 3024 ;
1116 2963 1296 3026 supra
1315 2945 1633 3005 humanam
1657 2951 1854 3004 autem
1879 2954 2147 3004 naturam

2245 2969 2328 3013 ιης
2369 2947 2578 3024 φύσεως
2613 2965 2630 2981 ⁶
2665 2946 2793 3024 δπὲρ
2826 2946 3022 3012 ταύτην
3081 2945 3157 3019 δὲ,
3215 2947 3274 3003 ἐκ
3305 2950 3589 3026 Παρθένου,
3634 2948 3870 3014 Ἐδὲξατο

501 3050 614 3114 est,
642 3041 803 3101 nasci
837 3057 907 3100 ex
939 3037 1187 3115 virgine.
1216 3033 1466 3095 Admisit
1491 3051 1720 3113 pannos
1750 3043 1810 3093 et
1839 3032 2148 3093 circumci-

2245 3035 2506 3112 τπὰργανα
2536 3038 2624 3091 καὶ
2680 3035 3002 3114 περιτομὴν,
3036 3038 3124 3091 καὶ
3163 3037 3260 3102 τὴν
3317 3037 3376 3093 ἐκ
3426 3038 3698 3114 γάλακτος
3747 3061 3866 3115 τρο-

503 3135 758 3202 sionem,
786 3145 1020 3188 necnon
1047 3124 1216 3186 lactis
1244 3122 1594 3184 alimentum
1625 3141 1639 3182 ε
1667 3121 1889 3182 hostias
1910 3119 2142 3201 obtulit,

2245 3122 2333 3202 ρήν
2366 3139 2378 3153 ⁶
2420 3126 2506 3179 καὶ
2540 3124 2718 3186 θυσίας
2763 3124 3064 3201 ἐξήνεγκεν,
3118 3124 3424 3204 ἐνήστευσε,
3455 3129 3540 3183 καὶ
3599 3127 3864 3200 ἐπείνησε,

500 3219 821 3297 jejunavit,
857 3215 1121 3287 esurivit,
1177 3210 1375 3282 sitivit,
1411 3211 1598 3272 lassus
1653 3211 1796 3283 fuit;
1828 3210 1906 3270 ita
1935 3210 2038 3270 diu
2074 3230 2143 3271 o-

2245 3215 2314 3267 ιαὶ
2373 3211 2613 3292 ἐδίψησε,
2648 3218 2731 3269 καὶ
2763 3213 3044 3269 ἐκοπίασεν
3071 3227 3086 3243 ⁸
3147 3213 3285 3270 οὕτω
3319 3217 3407 3270 καὶ
3439 3220 3865 3296 προσευχόμενος

500 3285 665 3369 rasae
695 3285 862 3368 illum
896 3306 953 3365 in
987 3285 1174 3366 sacris
1205 3300 1536 3380 Evangeliis
1574 3299 1861 3379 scriptum
1886 3308 1998 3360 est.
2031 3302 2140 3358 Pa-

2245 3324 2280 3357 :v
2340 3285 2471 3364 τοῖς
2516 3285 2688 3380 ἁγίοις
2749 3301 3090 3379 [εὐαγγελίοις
3136 3299 3394 3368 διηνεκῶς
3446 3285 3862 3384 ἀναγέγραπται,

500 3397 766 3476 riterque
796 3413 954 3456 nunc
1002 3395 1261 3455 humano
1319 3407 1484 3450 more
1543 3388 1806 3450 divinum
1867 3387 2146 3468 implorat

2245 3401 2272 3448 ζ
2312 3389 2396 3446 ’ἐ
2500 3399 2520 3408 ’
2653 3391 2664 3408 ’
2958 3412 2977 3424 ι
3077 3391 3088 3406 “
3364 3392 3377 3410 ’

2278 3413 2328 3446 αι
2401 3395 2591 3447 νταυθα
2642 3392 2975 3470 ανθρωπίνω,
3035 3413 3135 3457 την
3181 3393 3322 3448 θείαν
3364 3393 3704 3451 επιιαλεῐται
3733 3395 3864 3471 βοή-

504 3486 811 3548 auxilium.

2245 3485 2391 3539 istav.

579 3575 678 3636 22.
714 3575 931 3638 Libera
961 3592 1053 3636 me
1083 3574 1228 3654 quia
1258 3589 1483 3650 egenus
1503 3577 1558 3631 et
1590 3585 1827 3648 pauper
1851 3585 1956 3647 ego
1986 3585 2139 3629 sum.

2309 3568 2486 3627 Ῥὖσαί
2559 3591 2646 3642 με,
2738 3568 2818 3625 ὅτι
2905 3573 3127 3650 πτωχὸς
3185 3574 3274 3627 καὶ
3332 3572 3500 3640 πένης
3556 3575 3666 3648 εἰμὶ
3737 3573 3861 3651 ἐγώ.

502 3666 624 3726 Hoc
653 3663 726 3726 ab
753 3664 883 3745 ipso
918 3665 977 3723 in
1011 3661 1197 3725 sacris
1254 3658 1586 3740 Evangeliis
1638 3656 1858 3718 dictum
1908 3656 2141 3717 inveni-

501 3773 657 3817 mus.
694 3757 1069 3816 Acces‘surus
1100 3751 1257 3812 enim
1293 3750 1365 3809 ad
1415 3747 1751 3828 passionem
1807 3746 1920 3807 ait:
1973 3746 2146 3807 Nunc

498 3847 712 3904 anima
743 3861 878 3905 mea
910 3841 1151 3904 turbata
1202 3847 1312 3901 est.
1349 3839 1424 3901 Et
1457 3838 1598 3917 quid
1647 3837 1893 3897 dicam?
1924 3838 2138 3908 Pater,

494 3933 663 3995 salva
685 3951 778 3993 me
808 3950 885 3994 ex
930 3931 1041 3993 hac
1089 3931 1262 3991 hora.
1319 3929 1853 4007 Abba,propterea
1884 3927 2026 3987 veni
2079 3927 2140 3985 in

495 4022 656 4084 hanc
685 4023 894 4084 horam
925 4021 999 4085 ‘5.

577 4112 677 4172 ‘25.
713 4113 881 4176 Sicut
904 4111 1123 4172 umbra
1144 4125 1278 4170 cum
1300 4106 1557 4169 declinat
1581 4106 1825 4167 ablatus
1846 4107 2144 4166 sum.Per-

497 4199 636 4261 inde
662 4209 839 4278 atque
871 4198 1080 4260 umbra
1109 4196 1442 4274 declinans,
1477 4196 1654 4257 ﬁnem
1710 4195 1840 4254 vita;
1894 4194 2092 4254 inveni
2121 4215 2133 4256 :

2228 3667 2389 3716 Τοῦτο
2443 3661 2527 3714 καὶ
2574 3657 2662 3714 ὑπ’
2704 3661 2862 3715 αὐτοῦ
2919 3658 2971 3714 ἐν
3017 3672 3132 3724 τοῖς
3164 3661 3332 3739 ἱεροῖς
3373 3661 3714 3739 Εὒαγγελίοις
3746 3663 3866 3739 εὑρί-

2227 3770 2425 3824 σκομεν
2457 3748 2755 3826 εἰρημένον,
2821 3747 3043 3803 Μέλλων
3099 3752 3198 3828 γὰρ
3255 3751 3529 3828 προσιέναι
3589 3759 3667 3826 τῷ
3719 3754 3865 3809 πάθει

2227 3838 2351 3894 εἶπε
2388 3854 2401 3867 ⁸
2465 3844 2569 3894 Νῦν
2632 3840 2665 3904 ἠ
2733 3839 2885 3917 ψυχὴ
2938 3860 3041 3911 μου
3083 3841 3422 3918 τετάρακται.
3473 3842 3568 3898 Καὶ
3597 3842 3648 3896 τί
3682 3841 3860 3913 εἴπωί

2227 3929 2422 4004 Πάτερ,
2482 3928 2653 3983 σῶσόν
2700 3949 2765 4001 με
2825 3928 2885 3982 ἐκ
2927 3931 3023 3992 τῆς
3069 3929 3210 4006 ὥρας
3261 3931 3483 3997 ταύτης.
3545 3928 3734 4002 Ἀϐϐὰ,
3789 3929 3866 3986 διὰ

2223 4018 2375 4072 τοῦτο
2407 4014 2638 4085 ἐλήλυθα
2669 4017 2742 4078 εἷς
2772 4019 2869 4084 τὴν
2894 4016 3035 4095 ὥραν
3064 4020 3285 4085 ταύτην.

2305 4104 2452 4161 Ὠσεὶ
2511 4107 2633 4162 σκιὰ
2686 4107 2740 4161 ἐν
2795 4108 2871 4180 τῷ
2929 4106 3172 4164 ἐκκλῖναι
3259 4109 3422 4176 αὐτὴν
3480 4109 3857 4189 ἀντανῃρέθην,

2224 4196 2354 4254 Σκιᾶ
2411 4194 2650 4271 κλιθείσῃ
2683 4195 3068 4273 παραπλησίως
3120 4195 3382 4273 ἐδεξάμην
3415 4205 3506 4254 τοῦ
3535 4200 3650 4273 βίου
3681 4202 3742 4254 τὸ
3773 4199 3859 4254 τέ-

493 4289 597 4351 sed
615 4299 676 4349 et
701 4290 884 4350 instar
910 4291 1264 4350 locustarum
1291 4305 1320 4346 a
1345 4293 1518 4345 vento
1551 4284 2013 4363 circumquaque
2037 4301 2135 4344 ra-

2245 4307 2309 4348 .ος
2345 4301 2359 4315 '
2397 4283 2531 4343 ἀλλὰ
2560 4287 2645 4340 καὶ
2674 4283 2824 4352 δίκην
2859 4290 3289 4365 περιφερομένων
3332 4285 3423 4342 ὑπ’
3468 4287 3681 4360 ἀνέμων
3711 4288 3860 4363 ἀκρί-

496 4388 756 4459 piarum,
789 4379 964 4438 vitam
1015 4385 1130 4455 egi,
1166 4396 1283 4437 non
1333 4375 1566 4454 urbem,
1598 4393 1713 4434 non
1771 4375 1985 4452 vicum,
2019 4389 2134 4437 n0n

2245 4382 2322 4428 ῗων
2365 4372 2633 4429 διετέλεσα
2677 4376 2735 4430 οὔ
2765 4375 2920 4430 πόλιν
2967 4375 3137 4455 ἔχων,
3191 4377 3249 4432 οὗ
3294 4399 3510 4451 κωμην,
3539 4379 3635 4432 οὔκ
3665 4380 3851 4448 οἰκίαν,

494 4470 736 4530 domum
772 4468 1017 4540 habens,
1053 4467 1198 4528 alias
1226 4465 1299 4526 ad
1358 4465 1469 4526 alia
1523 4464 1651 4524 loca
1679 4471 1741 4523 et
1767 4462 1838 4522 ad
1904 4471 2135 4522 montes

2245 4462 2410 4519 ἱλλοτε
2443 4462 2496 4518 δὲ
2564 4462 2808 4542 ἀλλαχοῦ
2841 4467 2925 4520 καὶ
2958 4466 3031 4530 εἷς
3077 4463 3173 4543 ὅρη
3201 4464 3558 4540 μεταϐαίνων,
3605 4465 3716 4523 ἔσθ’
3775 4466 3857 4521 ὅτε

497 4565 920 4638 commigrans,
957 4557 1255 4617 interdum
1307 4555 1376 4617 ad
1437 4554 1738 4614 desertum
1787 4569 2128 4613 accurrens.

2245 4553 2303 4606 ,αὶ
2332 4553 2544 4630 τρέχων
2575 4555 2646 4616 εἰς
2683 4553 2905 4630 ἔρημον.

576 4647 673 4708 25.
718 4647 1005 4708 Viderunt
1036 4663 1127 4706 me
1157 4651 1213 4707 et
1245 4651 1560 4706 moverunt
1611 4644 1814 4720 capita
1842 4659 1978 4702 sua.
2010 4640 2134 4702 Hoc

2299 4639 2525 4698 E’t'800'a’tv
2825 4645 2838 4664 κ
2941 4643 2964 4699 ι
3010 4643 3068 4699 ·’λ
3454 4644 3506 4700 λ’
3703 4647 3716 4668 ’
3769 4652 3793 4661 -

2612 4665 2677 4718 με
2755 4666 2841 4699 και
2969 4665 3033 4699 σα
3073 4666 3229 4700 ευσαν
3314 4666 3449 4724 κεφα
3489 4667 3550 4709 ας
3660 4668 3851 4706 αυτων,

497 4737 578 4797 ait
612 4735 748 4815 quia
779 4736 918 4795 dum
954 4734 1012 4794 in
1046 4752 1221 4795 cruce
1246 4731 1759 4806 esset,movebant
1789 4730 1981 4810 capita
2003 4748 2129 4809 sua,

2245 4729 2379 4786 ὀὖτό
2438 4755 2569 4810 φησι
2629 4731 2713 4788 διὰ
2763 4737 2826 4789 τό
2866 4732 3058 4806 ἐπὶτῷ
3091 4741 3298 4807 σταυρῷ
3345 4733 3459 4790 ὅντι
3491 4738 3631 4808 αὒτῴ
3692 4749 3856 4791 κινεῖν

496 4834 556 4886 et
585 4823 864 4886 dicebant
897 4822 1048 4896 :Qui
1095 4824 1382 4902 templum
1415 4820 1617 4900 solvis,
1653 4819 1878 4880 salvum
1911 4819 2002 4880 fac
2039 4828 2132 4881 te-

2251 4820 2310 4882 ὰς
2341 4821 2599 4902 κεφαλάς,
2631 4823 2719 4878 καὶ
2751 4821 2949 4900 λέγειν·
2988 4823 3047 4880 Ὀ
3072 4822 3348 4880 καταλύων
3377 4826 3469 4880 τὸν
3504 4825 3650 4899 ναὸν,
3688 4831 3856 4882 σῶσον

495 4915 814 4994 metipsum
845 4912 919 4976 “3.

2245 4912 2466 4970 ·εαυτόν.

571 5003 672 5066 27.
711 5003 785 5064 Et
825 5005 1025 5064 sciant
1083 5003 1225 5082 quia
1281 5018 1502 5062 manus
1562 5008 1666 5060 tua
1723 4997 1870 5060 lure.
1933 4999 2137 5059 Manus

2304 5003 2402 5057 Καὶ
2457 5001 2773 5082 γνώτωσαν,
2847 5001 2928 5058 ὅτι
2988 5004 3022 5069 ἡ
3083 5004 3202 5082 χείρ
3257 5025 3349 5058 σου
3434 5004 3585 5069 αὕτη.
3668 5012 3858 5081 Χεῖρας

494 5101 661 5154 vocat
723 5111 872 5172 Opus
923 5092 1067 5154 illud
1129 5112 1245 5170 quo
1306 5109 1438 5153 sese
1498 5107 1565 5150 ex
1613 5089 1861 5150 mortuis
1911 5090 2134 5150 excita-

2249 5095 2440 5147 ντιιῦθα
2500 5093 2595 5159 τὴν
2654 5091 2835 5170 πρᾶξίν
2893 5113 3081 5171 φησιν,
3144 5093 3209 5160 ἢν
3243 5094 3526 5172 εἰργάσατο
3557 5095 3859 5162 ἀναστήσας

493 5183 594 5243 vit.

2252 5183 2408 5238 αυτὸν
2439 5179 2499 5236 ἐκ
2531 5188 2748 5260 νεκρῶν,

563 5272 651 5326 28.
683 5269 999 5328 Maledicent
1047 5271 1152 5340 illi,
1185 5274 1235 5325 et
1274 5274 1334 5324 tu
1382 5268 1689 5334 benedica;
1733 5269 1827 5339 qui
1856 5268 2140 5342 insurgunt

2305 5271 2700 5350 Καταρᾶσονται
2801 5271 2968 5350 αὐτοὶ,
3057 5273 3145 5326 καὶ
3241 5273 3302 5328 σὺ
3395 5270 3726 5350 εὖλογήσεις,
3815 5274 3856 5326 οἱ

491 5360 557 5419 in
582 5374 674 5416 me
694 5358 1172 5434 confundantur.
1198 5355 1345 5416 Nam
1369 5353 1594 5432 pudore
1617 5351 1810 5413 aﬂ‘ecti
1834 5362 1974 5414 sunt
2005 5374 2096 5416 om
2112 5388 2138 5402 ο

2245 5361 2632 5435 ηπανιστάμενοί
2711 5383 2803 5436 μοι
2906 5362 3370 5440 αἷσχυνθήτωσαν.
3462 5363 3852 5442 Κατῃσχύνθηο

485 5445 775 5517 nes,quod
790 5430 904 5502 non
922 5454 1069 5501 esset
1088 5445 1228 5513 ipsis
1243 5430 1643 5502 sacerdosmec
1657 5442 2140 5502 sacriﬁciummec

2245 5473 2319 5505 παν
2363 5452 2461 5527 γὰρ
2493 5451 2750 5527 ἅπαντες,
2784 5455 2878 5508 οὐκ
2909 5449 3058 5514 ὅιτος
3089 5453 3273 5511 αὐτοῖς
3307 5452 3514 5528 ἱερέως,
3549 5451 3663 5505 οὐδὲ
3696 5449 3853 5514 οῧσης

570 5608 622 5650 ¹⁵
651 5610 822 5671 Joan.
852 5625 954 5687 xu,
987 5609 1085 5669 '27.
1173 5604 1228 5648 ¹⁶
1258 5608 1460 5668 Matth.
1497 5622 1681 5676 xxvu,
1719 5605 1817 5669 40.
