  <div class='ocr_page' id='page_1' title='image "/cluster/home/n/w/nwhite01/storage/ocr_20150623/27/hvd.32044054272802/249.png"; bbox 0 0 3992 6208; ppageno 0'>
   <div class='ocr_carea' id='block_1_1' title="bbox 532 356 647 465">
    <p class='ocr_par' dir='ltr' id='par_1_1' title="bbox 532 356 647 465">
     <span class='ocr_line' id='line_1_1' title="bbox 532 356 647 465; baseline -0.017 -1"><span class='ocrx_word' id='word_1_1' title='bbox 532 399 647 465; x_wconf 84' lang='grc'><strong>467</strong></span> 
     </span>
    </p>
   </div>
   <div class='ocr_carea' id='block_1_2' title="bbox 1312 395 3081 467">
    <p class='ocr_par' dir='ltr' id='par_1_2' title="bbox 1312 395 3081 467">
     <span class='ocr_line' id='line_1_2' title="bbox 1312 395 3081 467; baseline 0 -6"><span class='ocrx_word' id='word_1_2' title='bbox 1312 400 1373 461; x_wconf 90' lang='lat' dir='ltr'><strong>S.</strong></span> <span class='ocrx_word' id='word_1_3' title='bbox 1422 397 1847 462; x_wconf 85' lang='lat' dir='ltr'><strong>ATHANASII</strong></span> <span class='ocrx_word' id='word_1_4' title='bbox 1889 396 2052 458; x_wconf 89' lang='lat' dir='ltr'><strong>OPP.</strong></span> <span class='ocrx_word' id='word_1_5' title='bbox 2102 395 2297 458; x_wconf 82' lang='lat' dir='ltr'><strong>PARS</strong></span> <span class='ocrx_word' id='word_1_6' title='bbox 2338 398 2449 460; x_wconf 83' lang='lat' dir='ltr'><strong>III.</strong></span> <span class='ocrx_word' id='word_1_7' title='bbox 2496 430 2575 443; x_wconf 92' lang='lat'><strong>—</strong></span> <span class='ocrx_word' id='word_1_8' title='bbox 2620 402 3081 467; x_wconf 79' lang='lat' dir='ltr'><strong>EXEGETICA.</strong></span> 
     </span>
    </p>
   </div>
   <div class='ocr_carea' id='block_1_3' title="bbox 3779 402 3891 467">
    <p class='ocr_par' dir='ltr' id='par_1_3' title="bbox 3779 402 3891 467">
     <span class='ocr_line' id='line_1_3' title="bbox 3779 402 3891 467; baseline 0.018 -2"><span class='ocrx_word' id='word_1_9' title='bbox 3779 402 3891 467; x_wconf 78' lang='grc'><strong>468</strong></span> 
     </span>
    </p>
   </div>
   <div class='ocr_carea' id='block_1_4' title="bbox 533 530 2165 616">
    <p class='ocr_par' dir='ltr' id='par_1_4' title="bbox 533 531 2165 612">
     <span class='ocr_line' id='line_1_4' title="bbox 533 531 2165 612; baseline -0.001 -19"><span class='ocrx_word' id='word_1_10' title='bbox 533 539 734 595; x_wconf 84' lang='lat' dir='ltr'><strong>noster</strong></span> <span class='ocrx_word' id='word_1_11' title='bbox 761 539 1101 612; x_wconf 77' lang='lat' dir='ltr'><strong>assumptus</strong></span> <span class='ocrx_word' id='word_1_12' title='bbox 1130 531 1207 593; x_wconf 89' lang='lat' dir='ltr'><strong>sit</strong></span> <span class='ocrx_word' id='word_1_13' title='bbox 1234 532 1298 594; x_wconf 91' lang='lat' dir='ltr'><strong>in</strong></span> <span class='ocrx_word' id='word_1_14' title='bbox 1338 533 1581 594; x_wconf 84' lang='lat' dir='ltr'><strong>dextera</strong></span> <span class='ocrx_word' id='word_1_15' title='bbox 1634 532 1845 607; x_wconf 79' lang='lat' dir='ltr'><strong>Patris,</strong></span> <span class='ocrx_word' id='word_1_16' title='bbox 1906 538 2165 594; x_wconf 88' lang='lat' dir='ltr'><strong>attamen</strong></span> 
     </span>
    </p>
   </div>
   <div class='ocr_carea' id='block_1_5' title="bbox 2273 530 3889 616">
    <p class='ocr_par' dir='ltr' id='par_1_5' title="bbox 2279 530 3889 616">
     <span class='ocr_line' id='line_1_5' title="bbox 2279 530 3889 616; baseline 0.004 -29"><span class='ocrx_word' id='word_1_17' title='bbox 2279 530 2455 612; x_wconf 78' lang='grc' dir='ltr'>λῆφθη</span> <span class='ocrx_word' id='word_1_18' title='bbox 2486 537 2513 592; x_wconf 86' lang='lat'><strong>6</strong></span> <span class='ocrx_word' id='word_1_19' title='bbox 2546 536 2732 616; x_wconf 79' lang='grc' dir='ltr'>Κύριος</span> <span class='ocrx_word' id='word_1_20' title='bbox 2776 538 2953 613; x_wconf 72' lang='grc' dir='ltr'>ἡμῶν,</span> <span class='ocrx_word' id='word_1_21' title='bbox 2981 536 3068 593; x_wconf 78' lang='grc' dir='ltr'><strong>καὶ</strong></span> <span class='ocrx_word' id='word_1_22' title='bbox 3098 533 3239 593; x_wconf 75' lang='grc' dir='ltr'>ἔστιν</span> <span class='ocrx_word' id='word_1_23' title='bbox 3271 535 3325 592; x_wconf 69' lang='grc' dir='ltr'>ἰν</span> <span class='ocrx_word' id='word_1_24' title='bbox 3353 535 3495 609; x_wconf 79' lang='grc' dir='ltr'>δεξιᾳ</span> <span class='ocrx_word' id='word_1_25' title='bbox 3522 544 3609 593; x_wconf 79' lang='grc' dir='ltr'>τοῦ</span> <span class='ocrx_word' id='word_1_26' title='bbox 3659 539 3889 615; x_wconf 74' lang='grc' dir='ltr'>Πατρὸς,</span> 
     </span>
    </p>
   </div>
   <div class='ocr_carea' id='block_1_6' title="bbox 530 620 2172 701">
    <p class='ocr_par' dir='ltr' id='par_1_6' title="bbox 530 620 2172 701">
     <span class='ocr_line' id='line_1_6' title="bbox 530 620 2172 701; baseline -0.002 -17"><span class='ocrx_word' id='word_1_27' title='bbox 530 626 705 684; x_wconf 86' lang='lat' dir='ltr'><strong>etiam</strong></span> <span class='ocrx_word' id='word_1_28' title='bbox 733 640 890 684; x_wconf 89' lang='lat' dir='ltr'><strong>nunc</strong></span> <span class='ocrx_word' id='word_1_29' title='bbox 922 622 1157 701; x_wconf 90' lang='lat' dir='ltr'><strong>plenam</strong></span> <span class='ocrx_word' id='word_1_30' title='bbox 1189 639 1325 685; x_wconf 90' lang='lat' dir='ltr'><strong>esse</strong></span> <span class='ocrx_word' id='word_1_31' title='bbox 1371 640 1611 686; x_wconf 87' lang='lat' dir='ltr'><strong>omnem</strong></span> <span class='ocrx_word' id='word_1_32' title='bbox 1673 631 1893 685; x_wconf 87' lang='lat' dir='ltr'><strong>terram</strong></span> <span class='ocrx_word' id='word_1_33' title='bbox 1943 630 2001 683; x_wconf 87' lang='lat' dir='ltr'><strong>et</strong></span> <span class='ocrx_word' id='word_1_34' title='bbox 2055 620 2172 682; x_wconf 81' lang='lat' dir='ltr'><strong>frui</strong></span> 
     </span>
    </p>
   </div>
   <div class='ocr_carea' id='block_1_7' title="bbox 529 710 1047 791">
    <p class='ocr_par' dir='ltr' id='par_1_7' title="bbox 529 710 1047 791">
     <span class='ocr_line' id='line_1_7' title="bbox 529 710 1047 791; baseline 0 -18"><span class='ocrx_word' id='word_1_35' title='bbox 529 710 865 773; x_wconf 85' lang='lat' dir='ltr'><strong>visitatioue</strong></span> <span class='ocrx_word' id='word_1_36' title='bbox 895 712 1047 791; x_wconf 87' lang='lat' dir='ltr'><strong>ejus.</strong></span> 
     </span>
    </p>
   </div>
   <div class='ocr_carea' id='block_1_8' title="bbox 614 799 2171 883">
    <p class='ocr_par' dir='ltr' id='par_1_8' title="bbox 614 799 2171 883">
     <span class='ocr_line' id='line_1_8' title="bbox 614 799 2171 883; baseline 0.001 -23"><span class='ocrx_word' id='word_1_37' title='bbox 614 801 670 863; x_wconf 90' lang='lat'><strong>7.</strong></span> <span class='ocrx_word' id='word_1_38' title='bbox 709 800 1089 864; x_wconf 77' lang='lat' dir='ltr'><strong>Suscitama</strong></span> <span class='ocrx_word' id='word_1_39' title='bbox 1134 808 1299 864; x_wconf 84' lang='lat' dir='ltr'><strong>terra</strong></span> <span class='ocrx_word' id='word_1_40' title='bbox 1354 803 1616 883; x_wconf 81' lang='lat' dir='ltr'><strong>inopem.</strong></span> <span class='ocrx_word' id='word_1_41' title='bbox 1677 799 1974 862; x_wconf 82' lang='lat' dir='ltr'><strong>Videlicet</strong></span> <span class='ocrx_word' id='word_1_42' title='bbox 2020 818 2171 879; x_wconf 89' lang='lat' dir='ltr'><strong>geu-</strong></span> 
     </span>
    </p>
   </div>
   <div class='ocr_carea' id='block_1_9' title="bbox 530 890 1015 970">
    <p class='ocr_par' dir='ltr' id='par_1_9' title="bbox 530 890 1015 970">
     <span class='ocr_line' id='line_1_9' title="bbox 530 890 1015 970; baseline 0.004 -19"><span class='ocrx_word' id='word_1_43' title='bbox 530 891 674 951; x_wconf 89' lang='lat' dir='ltr'><strong>tium</strong></span> <span class='ocrx_word' id='word_1_44' title='bbox 708 890 1015 970; x_wconf 88' lang='lat' dir='ltr'><strong>populum.</strong></span> 
     </span>
    </p>
   </div>
   <div class='ocr_carea' id='block_1_10' title="bbox 609 976 2169 1057">
    <p class='ocr_par' dir='ltr' id='par_1_10' title="bbox 609 976 2169 1057">
     <span class='ocr_line' id='line_1_10' title="bbox 609 976 2169 1057; baseline -0.003 -14"><span class='ocrx_word' id='word_1_45' title='bbox 609 981 668 1043; x_wconf 88' lang='lat'><strong>9.</strong></span> <span class='ocrx_word' id='word_1_46' title='bbox 705 980 825 1054; x_wconf 79' lang='lat' dir='ltr'><strong>Qui</strong></span> <span class='ocrx_word' id='word_1_47' title='bbox 861 981 1140 1042; x_wconf 70' lang='lat' dir='ltr'><strong>habitaic</strong></span> <span class='ocrx_word' id='word_1_48' title='bbox 1162 981 1309 1057; x_wconf 83' lang='lat' dir='ltr'><strong>facit</strong></span> <span class='ocrx_word' id='word_1_49' title='bbox 1339 979 1700 1042; x_wconf 78' lang='lat' dir='ltr'><strong>sterilcmin</strong></span> <span class='ocrx_word' id='word_1_50' title='bbox 1729 979 1927 1041; x_wconf 88' lang='lat' dir='ltr'><strong>domo.</strong></span> <span class='ocrx_word' id='word_1_51' title='bbox 1980 976 2169 1040; x_wconf 89' lang='lat' dir='ltr'><strong>Steri-</strong></span> 
     </span>
    </p>
   </div>
   <div class='ocr_carea' id='block_1_11' title="bbox 529 1068 2169 1149">
    <p class='ocr_par' dir='ltr' id='par_1_11' title="bbox 529 1068 2169 1149">
     <span class='ocr_line' id='line_1_11' title="bbox 529 1068 2169 1149; baseline -0.001 -18"><span class='ocrx_word' id='word_1_52' title='bbox 529 1069 741 1131; x_wconf 86' lang='lat' dir='ltr'><strong>lisfuit</strong></span> <span class='ocrx_word' id='word_1_53' title='bbox 780 1070 1045 1147; x_wconf 84' lang='lat' dir='ltr'><strong>gentium</strong></span> <span class='ocrx_word' id='word_1_54' title='bbox 1082 1069 1425 1143; x_wconf 75' lang='lat' dir='ltr'><strong>multitudo,</strong></span> <span class='ocrx_word' id='word_1_55' title='bbox 1471 1086 1604 1149; x_wconf 61' lang='lat' dir='ltr'><strong>quas</strong></span> <span class='ocrx_word' id='word_1_56' title='bbox 1634 1070 1848 1130; x_wconf 86' lang='lat' dir='ltr'><strong>domus</strong></span> <span class='ocrx_word' id='word_1_57' title='bbox 1881 1069 1986 1130; x_wconf 86' lang='lat' dir='ltr'><strong>fuit</strong></span> <span class='ocrx_word' id='word_1_58' title='bbox 2041 1068 2169 1147; x_wconf 87' lang='lat' dir='ltr'><strong>spi-</strong></span> 
     </span>
    </p>
   </div>
   <div class='ocr_carea' id='block_1_12' title="bbox 525 1158 2169 1239">
    <p class='ocr_par' dir='ltr' id='par_1_12' title="bbox 525 1158 2169 1239">
     <span class='ocr_line' id='line_1_12' title="bbox 525 1158 2169 1239; baseline -0.002 -18"><span class='ocrx_word' id='word_1_59' title='bbox 525 1158 781 1237; x_wconf 87' lang='lat' dir='ltr'><strong>ritualis,</strong></span> <span class='ocrx_word' id='word_1_60' title='bbox 814 1165 1017 1238; x_wconf 82' lang='lat' dir='ltr'><strong>utpote</strong></span> <span class='ocrx_word' id='word_1_61' title='bbox 1050 1178 1179 1239; x_wconf 60' lang='lat' dir='ltr'><strong>quas</strong></span> <span class='ocrx_word' id='word_1_62' title='bbox 1209 1158 1528 1220; x_wconf 90' lang='lat' dir='ltr'><strong>Dominum</strong></span> <span class='ocrx_word' id='word_1_63' title='bbox 1563 1158 1997 1220; x_wconf 87' lang='lat' dir='ltr'><strong>inhabitantcm</strong></span> <span class='ocrx_word' id='word_1_64' title='bbox 2055 1158 2169 1219; x_wconf 90' lang='lat' dir='ltr'><strong>ha-</strong></span> 
     </span>
    </p>
   </div>
   <div class='ocr_carea' id='block_1_13' title="bbox 526 1247 2164 1311">
    <p class='ocr_par' dir='ltr' id='par_1_13' title="bbox 526 1247 2164 1311">
     <span class='ocr_line' id='line_1_13' title="bbox 526 1247 2164 1311; baseline -0.003 -1"><span class='ocrx_word' id='word_1_65' title='bbox 526 1248 742 1311; x_wconf 88' lang='lat' dir='ltr'><strong>buerit.</strong></span> <span class='ocrx_word' id='word_1_66' title='bbox 766 1247 900 1309; x_wconf 88' lang='lat' dir='ltr'><strong>Fuit</strong></span> <span class='ocrx_word' id='word_1_67' title='bbox 929 1250 1103 1308; x_wconf 90' lang='lat' dir='ltr'><strong>etiam</strong></span> <span class='ocrx_word' id='word_1_68' title='bbox 1136 1247 1456 1309; x_wconf 89' lang='lat' dir='ltr'><strong>multorum</strong></span> <span class='ocrx_word' id='word_1_69' title='bbox 1488 1247 1744 1309; x_wconf 84' lang='lat' dir='ltr'><strong>ﬁliorum</strong></span> <span class='ocrx_word' id='word_1_70' title='bbox 1783 1255 1971 1309; x_wconf 90' lang='lat' dir='ltr'><strong>mater</strong></span> <span class='ocrx_word' id='word_1_71' title='bbox 2034 1265 2164 1307; x_wconf 90' lang='lat' dir='ltr'><strong>cum</strong></span> 
     </span>
    </p>
   </div>
   <div class='ocr_carea' id='block_1_14' title="bbox 527 1335 2165 1417">
    <p class='ocr_par' dir='ltr' id='par_1_14' title="bbox 527 1335 2165 1417">
     <span class='ocr_line' id='line_1_14' title="bbox 527 1335 2165 1417; baseline -0.003 -18"><span class='ocrx_word' id='word_1_72' title='bbox 527 1338 747 1400; x_wconf 59' lang='lat' dir='ltr'><strong>laetitia.</strong></span> <span class='ocrx_word' id='word_1_73' title='bbox 782 1336 924 1397; x_wconf 88' lang='lat' dir='ltr'><strong>Nam</strong></span> <span class='ocrx_word' id='word_1_74' title='bbox 959 1336 1065 1396; x_wconf 83' lang='lat' dir='ltr'><strong>ﬁlii</strong></span> <span class='ocrx_word' id='word_1_75' title='bbox 1096 1338 1224 1417; x_wconf 86' lang='lat' dir='ltr'><strong>ejus</strong></span> <span class='ocrx_word' id='word_1_76' title='bbox 1248 1356 1351 1417; x_wconf 91' lang='lat' dir='ltr'><strong>per</strong></span> <span class='ocrx_word' id='word_1_77' title='bbox 1382 1336 1560 1398; x_wconf 84' lang='lat' dir='ltr'><strong>ﬁdem</strong></span> <span class='ocrx_word' id='word_1_78' title='bbox 1588 1336 1646 1398; x_wconf 91' lang='lat' dir='ltr'><strong>in</strong></span> <span class='ocrx_word' id='word_1_79' title='bbox 1678 1336 1981 1399; x_wconf 87' lang='lat' dir='ltr'><strong>Christum</strong></span> <span class='ocrx_word' id='word_1_80' title='bbox 2013 1335 2165 1397; x_wconf 86' lang='lat' dir='ltr'><strong>salu-</strong></span> 
     </span>
    </p>
   </div>
   <div class='ocr_carea' id='block_1_15' title="bbox 527 1424 2169 1490">
    <p class='ocr_par' dir='ltr' id='par_1_15' title="bbox 527 1424 2169 1490">
     <span class='ocr_line' id='line_1_15' title="bbox 527 1424 2169 1490; baseline -0.002 -1"><span class='ocrx_word' id='word_1_81' title='bbox 527 1437 647 1490; x_wconf 90' lang='lat' dir='ltr'><strong>tem</strong></span> <span class='ocrx_word' id='word_1_82' title='bbox 681 1426 840 1488; x_wconf 90' lang='lat' dir='ltr'><strong>nacti</strong></span> <span class='ocrx_word' id='word_1_83' title='bbox 870 1434 1027 1486; x_wconf 90' lang='lat' dir='ltr'><strong>sunt.</strong></span> <span class='ocrx_word' id='word_1_84' title='bbox 1062 1424 1187 1487; x_wconf 88' lang='lat' dir='ltr'><strong>Hoc</strong></span> <span class='ocrx_word' id='word_1_85' title='bbox 1234 1434 1432 1488; x_wconf 90' lang='lat' dir='ltr'><strong>autem</strong></span> <span class='ocrx_word' id='word_1_86' title='bbox 1486 1425 1808 1487; x_wconf 87' lang='lat' dir='ltr'><strong>discrimen</strong></span> <span class='ocrx_word' id='word_1_87' title='bbox 1868 1434 1956 1488; x_wconf 90' lang='lat' dir='ltr'><strong>est</strong></span> <span class='ocrx_word' id='word_1_88' title='bbox 2013 1425 2169 1486; x_wconf 91' lang='lat' dir='ltr'><strong>inter</strong></span> 
     </span>
    </p>
   </div>
   <div class='ocr_carea' id='block_1_16' title="bbox 526 1514 2171 1595">
    <p class='ocr_par' dir='ltr' id='par_1_16' title="bbox 526 1514 2171 1595">
     <span class='ocr_line' id='line_1_16' title="bbox 526 1514 2171 1595; baseline -0.002 -17"><span class='ocrx_word' id='word_1_89' title='bbox 526 1532 656 1578; x_wconf 81' lang='lat' dir='ltr'><strong>eam</strong></span> <span class='ocrx_word' id='word_1_90' title='bbox 698 1522 757 1577; x_wconf 87' lang='lat' dir='ltr'><strong>et</strong></span> <span class='ocrx_word' id='word_1_91' title='bbox 785 1517 1175 1594; x_wconf 75' lang='lat' dir='ltr'><strong>Synag‘ogam,</strong></span> <span class='ocrx_word' id='word_1_92' title='bbox 1210 1514 1367 1595; x_wconf 87' lang='lat' dir='ltr'><strong>quod</strong></span> <span class='ocrx_word' id='word_1_93' title='bbox 1397 1514 1702 1595; x_wconf 81' lang='lat' dir='ltr'><strong>Synagoga</strong></span> <span class='ocrx_word' id='word_1_94' title='bbox 1733 1514 1807 1576; x_wconf 90' lang='lat' dir='ltr'><strong>de</strong></span> <span class='ocrx_word' id='word_1_95' title='bbox 1842 1514 1979 1575; x_wconf 86' lang='lat' dir='ltr'><strong>ﬁliis</strong></span> <span class='ocrx_word' id='word_1_96' title='bbox 2010 1514 2171 1576; x_wconf 66' lang='lat' dir='ltr'><strong>laeta-</strong></span> 
     </span>
    </p>
   </div>
   <div class='ocr_carea' id='block_1_17' title="bbox 529 1603 1812 1684">
    <p class='ocr_par' dir='ltr' id='par_1_17' title="bbox 529 1603 1812 1684">
     <span class='ocr_line' id='line_1_17' title="bbox 529 1603 1812 1684; baseline -0.005 -15"><span class='ocrx_word' id='word_1_97' title='bbox 529 1617 586 1670; x_wconf 90' lang='lat' dir='ltr'><strong>ta</strong></span> <span class='ocrx_word' id='word_1_98' title='bbox 615 1624 733 1668; x_wconf 92' lang='lat' dir='ltr'><strong>non</strong></span> <span class='ocrx_word' id='word_1_99' title='bbox 763 1604 964 1680; x_wconf 79' lang='lat' dir='ltr'><strong>fuerit,</strong></span> <span class='ocrx_word' id='word_1_100' title='bbox 998 1612 1205 1683; x_wconf 89' lang='lat' dir='ltr'><strong>utpote</strong></span> <span class='ocrx_word' id='word_1_101' title='bbox 1237 1603 1524 1684; x_wconf 84' lang='lat' dir='ltr'><strong>perniciei</strong></span> <span class='ocrx_word' id='word_1_102' title='bbox 1554 1603 1812 1678; x_wconf 86' lang='lat' dir='ltr'><strong>traditis,</strong></span> 
     </span>
    </p>
   </div>
   <div class='ocr_carea' id='block_1_18' title="bbox 852 1762 1891 1828">
    <p class='ocr_par' dir='ltr' id='par_1_18' title="bbox 852 1762 1891 1828">
     <span class='ocr_line' id='line_1_18' title="bbox 852 1762 1891 1828; baseline 0 -2"><span class='ocrx_word' id='word_1_103' title='bbox 852 1762 1234 1828; x_wconf 82' lang='lat' dir='ltr'><strong>PSALMUS</strong></span> <span class='ocrx_word' id='word_1_104' title='bbox 1274 1762 1507 1826; x_wconf 81' lang='lat' dir='ltr'><strong>CXIII.</strong></span> <span class='ocrx_word' id='word_1_105' title='bbox 1556 1762 1842 1827; x_wconf 73' lang='lat' dir='ltr'><strong>Alleluia.</strong></span> <span class='ocrx_word' id='word_1_106' title='bbox 1887 1770 1891 1774; x_wconf 81' lang='grc'><strong>’</strong></span> 
     </span>
    </p>
   </div>
   <div class='ocr_carea' id='block_1_19' title="bbox 1116 1926 1572 2004">
    <p class='ocr_par' dir='ltr' id='par_1_19' title="bbox 1116 1926 1572 2004">
     <span class='ocr_line' id='line_1_19' title="bbox 1116 1926 1572 2004; baseline 0 -19"><span class='ocrx_word' id='word_1_107' title='bbox 1116 1926 1572 2004; x_wconf 74' lang='lat' dir='ltr'><strong>Argumentum.</strong></span> 
     </span>
    </p>
   </div>
   <div class='ocr_carea' id='block_1_20' title="bbox 527 2085 2163 2170">
    <p class='ocr_par' dir='ltr' id='par_1_20' title="bbox 527 2085 2163 2170">
     <span class='ocr_line' id='line_1_20' title="bbox 527 2085 2163 2170; baseline -0.002 -17"><span class='ocrx_word' id='word_1_108' title='bbox 527 2089 591 2153; x_wconf 87' lang='lat' dir='ltr'><strong>In</strong></span> <span class='ocrx_word' id='word_1_109' title='bbox 625 2090 738 2152; x_wconf 85' lang='lat' dir='ltr'><strong>hoc</strong></span> <span class='ocrx_word' id='word_1_110' title='bbox 768 2088 911 2151; x_wconf 88' lang='lat' dir='ltr'><strong>item</strong></span> <span class='ocrx_word' id='word_1_111' title='bbox 946 2088 1171 2170; x_wconf 84' lang='lat' dir='ltr'><strong>psalmo</strong></span> <span class='ocrx_word' id='word_1_112' title='bbox 1203 2085 1469 2167; x_wconf 88' lang='lat' dir='ltr'><strong>gentium</strong></span> <span class='ocrx_word' id='word_1_113' title='bbox 1502 2090 1726 2147; x_wconf 85' lang='lat' dir='ltr'><strong>vocatio</strong></span> <span class='ocrx_word' id='word_1_114' title='bbox 1773 2086 2163 2165; x_wconf 80' lang='lat' dir='ltr'><strong>signiﬁcatur.</strong></span> 
     </span>
    </p>
   </div>
   <div class='ocr_carea' id='block_1_21' title="bbox 609 2176 2163 2258">
    <p class='ocr_par' dir='ltr' id='par_1_21' title="bbox 609 2176 2163 2258">
     <span class='ocr_line' id='line_1_21' title="bbox 609 2176 2163 2258; baseline -0.002 -16"><span class='ocrx_word' id='word_1_115' title='bbox 609 2179 700 2243; x_wconf 87' lang='lat' dir='ltr'><strong>Ad</strong></span> <span class='ocrx_word' id='word_1_116' title='bbox 731 2180 877 2253; x_wconf 75' lang='lat' dir='ltr'><strong>haec,</strong></span> <span class='ocrx_word' id='word_1_117' title='bbox 913 2178 1185 2242; x_wconf 84' lang='lat' dir='ltr'><strong>doctrina</strong></span> <span class='ocrx_word' id='word_1_118' title='bbox 1204 2176 1278 2240; x_wconf 86' lang='lat' dir='ltr'><strong>ad</strong></span> <span class='ocrx_word' id='word_1_119' title='bbox 1313 2195 1416 2239; x_wconf 88' lang='lat' dir='ltr'><strong>eos</strong></span> <span class='ocrx_word' id='word_1_120' title='bbox 1447 2176 1545 2257; x_wconf 89' lang='lat' dir='ltr'><strong>qui</strong></span> <span class='ocrx_word' id='word_1_121' title='bbox 1578 2176 1831 2238; x_wconf 85' lang='lat' dir='ltr'><strong>salutem</strong></span> <span class='ocrx_word' id='word_1_122' title='bbox 1862 2194 2163 2258; x_wconf 67' lang='lat' dir='ltr'><strong>cousequ~</strong></span> 
     </span>
    </p>
   </div>
   <div class='ocr_carea' id='block_1_22' title="bbox 611 2265 2165 2350">
    <p class='ocr_par' dir='ltr' id='par_1_22' title="bbox 611 2265 2165 2350">
     <span class='ocr_line' id='line_1_22' title="bbox 611 2265 2165 2350; baseline -0.004 -17"><span class='ocrx_word' id='word_1_123' title='bbox 611 2277 813 2344; x_wconf 86' lang='lat' dir='ltr'><strong>untur;</strong></span> <span class='ocrx_word' id='word_1_124' title='bbox 843 2269 999 2350; x_wconf 88' lang='lat' dir='ltr'><strong>quod</strong></span> <span class='ocrx_word' id='word_1_125' title='bbox 1030 2276 1197 2330; x_wconf 90' lang='lat' dir='ltr'><strong>vetus</strong></span> <span class='ocrx_word' id='word_1_126' title='bbox 1224 2273 1666 2340; x_wconf 88' lang='lat' dir='ltr'><strong>testamentum,</strong></span> <span class='ocrx_word' id='word_1_127' title='bbox 1702 2265 1811 2327; x_wconf 90' lang='lat' dir='ltr'><strong>Dei</strong></span> <span class='ocrx_word' id='word_1_128' title='bbox 1833 2283 1965 2328; x_wconf 90' lang='lat' dir='ltr'><strong>esse</strong></span> <span class='ocrx_word' id='word_1_129' title='bbox 2023 2286 2165 2346; x_wconf 82' lang='lat' dir='ltr'><strong>cog-</strong></span> 
     </span>
    </p>
   </div>
   <div class='ocr_carea' id='block_1_23' title="bbox 605 2354 2167 2439">
    <p class='ocr_par' dir='ltr' id='par_1_23' title="bbox 605 2354 2167 2439">
     <span class='ocr_line' id='line_1_23' title="bbox 605 2354 2167 2439; baseline -0.003 -18"><span class='ocrx_word' id='word_1_130' title='bbox 605 2367 873 2439; x_wconf 84' lang='lat' dir='ltr'><strong>noscant,</strong></span> <span class='ocrx_word' id='word_1_131' title='bbox 908 2366 965 2420; x_wconf 90' lang='lat' dir='ltr'><strong>et</strong></span> <span class='ocrx_word' id='word_1_132' title='bbox 992 2357 1302 2438; x_wconf 87' lang='lat' dir='ltr'><strong>pristinam</strong></span> <span class='ocrx_word' id='word_1_133' title='bbox 1339 2355 1499 2416; x_wconf 86' lang='lat' dir='ltr'><strong>illam</strong></span> <span class='ocrx_word' id='word_1_134' title='bbox 1535 2354 1789 2415; x_wconf 85' lang='lat' dir='ltr'><strong>salutem</strong></span> <span class='ocrx_word' id='word_1_135' title='bbox 1848 2356 2053 2434; x_wconf 91' lang='lat' dir='ltr'><strong>populi</strong></span> <span class='ocrx_word' id='word_1_136' title='bbox 2096 2374 2167 2418; x_wconf 82' lang='lat' dir='ltr'><strong>ex</strong></span> 
     </span>
    </p>
   </div>
   <div class='ocr_carea' id='block_1_24' title="bbox 606 2444 1997 2528">
    <p class='ocr_par' dir='ltr' id='par_1_24' title="bbox 606 2444 1997 2528">
     <span class='ocr_line' id='line_1_24' title="bbox 606 2444 1997 2528; baseline -0.003 -16"><span class='ocrx_word' id='word_1_137' title='bbox 606 2448 1084 2524; x_wconf 87' lang='lat' dir='ltr'><strong>circumcisione,</strong></span> <span class='ocrx_word' id='word_1_138' title='bbox 1111 2464 1219 2528; x_wconf 91' lang='lat' dir='ltr'><strong>per</strong></span> <span class='ocrx_word' id='word_1_139' title='bbox 1248 2444 1565 2509; x_wconf 90' lang='lat' dir='ltr'><strong>Dominum</strong></span> <span class='ocrx_word' id='word_1_140' title='bbox 1599 2444 1811 2505; x_wconf 86' lang='lat' dir='ltr'><strong>factam</strong></span> <span class='ocrx_word' id='word_1_141' title='bbox 1843 2462 1997 2508; x_wconf 89' lang='lat' dir='ltr'><strong>esse.</strong></span> 
     </span>
    </p>
   </div>
   <div class='ocr_carea' id='block_1_25' title="bbox 596 2536 2166 2611">
    <p class='ocr_par' dir='ltr' id='par_1_25' title="bbox 596 2536 2166 2611">
     <span class='ocr_line' id='line_1_25' title="bbox 596 2536 2166 2611; baseline -0.004 -10"><span class='ocrx_word' id='word_1_142' title='bbox 596 2547 643 2602; x_wconf 85' lang='grc'><strong>1.</strong></span> <span class='ocrx_word' id='word_1_143' title='bbox 678 2544 748 2600; x_wconf 75' lang='lat' dir='ltr'><strong>In</strong></span> <span class='ocrx_word' id='word_1_144' title='bbox 776 2541 933 2599; x_wconf 65' lang='lat' dir='ltr'><strong>«situ</strong></span> <span class='ocrx_word' id='word_1_145' title='bbox 991 2540 1167 2598; x_wconf 78' lang='lat' dir='ltr'><strong>Israel</strong></span> <span class='ocrx_word' id='word_1_146' title='bbox 1203 2538 1268 2596; x_wconf 75' lang='lat' dir='ltr'><strong>de</strong></span> <span class='ocrx_word' id='word_1_147' title='bbox 1295 2536 1622 2611; x_wconf 58' lang='grc' dir='ltr'>[Ερνριοηη</span> <span class='ocrx_word' id='word_1_148' title='bbox 1650 2538 1824 2594; x_wconf 86' lang='lat' dir='ltr'><strong>Facta</strong></span> <span class='ocrx_word' id='word_1_149' title='bbox 1855 2542 1933 2596; x_wconf 78' lang='lat' dir='ltr'><strong>est</strong></span> <span class='ocrx_word' id='word_1_150' title='bbox 1981 2537 2166 2595; x_wconf 71' lang='lat' dir='ltr'><strong>ludas</strong></span> 
     </span>
    </p>
   </div>
   <div class='ocr_carea' id='block_1_26' title="bbox 520 2621 2167 2709">
    <p class='ocr_par' dir='ltr' id='par_1_26' title="bbox 520 2621 2167 2709">
     <span class='ocr_line' id='line_1_26' title="bbox 520 2621 2167 2709; baseline -0.004 -17"><span class='ocrx_word' id='word_1_151' title='bbox 520 2628 921 2709; x_wconf 79' lang='lat' dir='ltr'><strong>sanctiﬁcatio</strong></span> <span class='ocrx_word' id='word_1_152' title='bbox 951 2629 1108 2705; x_wconf 76' lang='lat' dir='ltr'><strong>ejus.</strong></span> <span class='ocrx_word' id='word_1_153' title='bbox 1140 2623 1310 2698; x_wconf 87' lang='lat' dir='ltr'><strong>Cum,</strong></span> <span class='ocrx_word' id='word_1_154' title='bbox 1344 2623 1559 2704; x_wconf 90' lang='lat' dir='ltr'><strong>inquit,</strong></span> <span class='ocrx_word' id='word_1_155' title='bbox 1599 2621 1885 2685; x_wconf 90' lang='lat' dir='ltr'><strong>liberatus</strong></span> <span class='ocrx_word' id='word_1_156' title='bbox 1915 2631 2001 2685; x_wconf 87' lang='lat' dir='ltr'><strong>est</strong></span> <span class='ocrx_word' id='word_1_157' title='bbox 2063 2644 2167 2706; x_wconf 89' lang='lat' dir='ltr'><strong>po-</strong></span> 
     </span>
    </p>
   </div>
   <div class='ocr_carea' id='block_1_27' title="bbox 523 2709 2169 2802">
    <p class='ocr_par' dir='ltr' id='par_1_27' title="bbox 523 2709 2169 2802">
     <span class='ocr_line' id='line_1_27' title="bbox 523 2709 2169 2802; baseline -0.002 -21"><span class='ocrx_word' id='word_1_158' title='bbox 523 2718 697 2802; x_wconf 90' lang='lat' dir='ltr'><strong>pulus</strong></span> <span class='ocrx_word' id='word_1_159' title='bbox 723 2734 761 2779; x_wconf 88' lang='lat' dir='ltr'><strong>a</strong></span> <span class='ocrx_word' id='word_1_160' title='bbox 782 2714 1067 2778; x_wconf 89' lang='lat' dir='ltr'><strong>servitute</strong></span> <span class='ocrx_word' id='word_1_161' title='bbox 1095 2711 1501 2802; x_wconf 15' lang='lat' dir='ltr'><strong>Egyﬁptiorum</strong></span> <span class='ocrx_word' id='word_1_162' title='bbox 1533 2716 1721 2802; x_wconf 80' lang='lat' dir='ltr'><strong>;_tuac</strong></span> <span class='ocrx_word' id='word_1_163' title='bbox 1748 2709 1953 2774; x_wconf 66' lang='lat' dir='ltr'><strong>Iudaea</strong></span> <span class='ocrx_word' id='word_1_164' title='bbox 2018 2714 2169 2778; x_wconf 79' lang='lat' dir='ltr'><strong>facta</strong></span> 
     </span>
    </p>
   </div>
   <div class='ocr_carea' id='block_1_28' title="bbox 523 2800 2168 2884">
    <p class='ocr_par' dir='ltr' id='par_1_28' title="bbox 523 2800 2168 2884">
     <span class='ocr_line' id='line_1_28' title="bbox 523 2800 2168 2884; baseline -0.004 -12"><span class='ocrx_word' id='word_1_165' title='bbox 523 2800 613 2872; x_wconf 75' lang='lat' dir='ltr'><strong>est</strong></span> <span class='ocrx_word' id='word_1_166' title='bbox 633 2804 1019 2869; x_wconf 84' lang='lat' dir='ltr'><strong>sanctiﬁcatio</strong></span> <span class='ocrx_word' id='word_1_167' title='bbox 1052 2803 1203 2884; x_wconf 86' lang='lat' dir='ltr'><strong>ejus.</strong></span> <span class='ocrx_word' id='word_1_168' title='bbox 1236 2800 1364 2863; x_wconf 86' lang='lat' dir='ltr'><strong>Non</strong></span> <span class='ocrx_word' id='word_1_169' title='bbox 1396 2801 1458 2863; x_wconf 92' lang='lat' dir='ltr'><strong>in</strong></span> <span class='ocrx_word' id='word_1_170' title='bbox 1485 2800 1677 2863; x_wconf 85' lang='lat' dir='ltr'><strong>solum</strong></span> <span class='ocrx_word' id='word_1_171' title='bbox 1719 2805 1920 2865; x_wconf 87' lang='lat' dir='ltr'><strong>autem</strong></span> <span class='ocrx_word' id='word_1_172' title='bbox 1974 2805 2168 2867; x_wconf 87' lang='lat' dir='ltr'><strong>Israe-</strong></span> 
     </span>
    </p>
   </div>
   <div class='ocr_carea' id='block_1_29' title="bbox 522 2889 2171 2976">
    <p class='ocr_par' dir='ltr' id='par_1_29' title="bbox 522 2889 2171 2976">
     <span class='ocr_line' id='line_1_29' title="bbox 522 2889 2171 2976; baseline -0.001 -17"><span class='ocrx_word' id='word_1_173' title='bbox 522 2897 641 2960; x_wconf 85' lang='lat' dir='ltr'><strong>lem</strong></span> <span class='ocrx_word' id='word_1_174' title='bbox 677 2893 1011 2976; x_wconf 80' lang='lat' dir='ltr'><strong>imperavit,</strong></span> <span class='ocrx_word' id='word_1_175' title='bbox 1063 2892 1170 2955; x_wconf 89' lang='lat' dir='ltr'><strong>sed</strong></span> <span class='ocrx_word' id='word_1_176' title='bbox 1228 2892 1376 2972; x_wconf 87' lang='lat' dir='ltr'><strong>jam,</strong></span> <span class='ocrx_word' id='word_1_177' title='bbox 1424 2891 1524 2966; x_wconf 85' lang='lat' dir='ltr'><strong>ait,</strong></span> <span class='ocrx_word' id='word_1_178' title='bbox 1569 2889 1845 2953; x_wconf 84' lang='lat' dir='ltr'><strong>omnibus</strong></span> <span class='ocrx_word' id='word_1_179' title='bbox 1894 2893 2171 2971; x_wconf 80' lang='lat' dir='ltr'><strong>gentibus</strong></span> 
     </span>
    </p>
   </div>
   <div class='ocr_carea' id='block_1_30' title="bbox 524 2983 951 3068">
    <p class='ocr_par' dir='ltr' id='par_1_30' title="bbox 524 2983 951 3068">
     <span class='ocr_line' id='line_1_30' title="bbox 524 2983 951 3068; baseline -0.012 -19"><span class='ocrx_word' id='word_1_180' title='bbox 524 2985 712 3068; x_wconf 85' lang='lat' dir='ltr'><strong>gratia</strong></span> <span class='ocrx_word' id='word_1_181' title='bbox 754 2983 951 3046; x_wconf 87' lang='lat' dir='ltr'><strong>datur.</strong></span> 
     </span>
    </p>
   </div>
   <div class='ocr_carea' id='block_1_31' title="bbox 605 3070 2171 3137">
    <p class='ocr_par' dir='ltr' id='par_1_31' title="bbox 605 3070 2171 3137">
     <span class='ocr_line' id='line_1_31' title="bbox 605 3070 2171 3137; baseline 0 0"><span class='ocrx_word' id='word_1_182' title='bbox 605 3076 662 3137; x_wconf 79' lang='grc'><strong>4.</strong></span> <span class='ocrx_word' id='word_1_183' title='bbox 690 3072 921 3137; x_wconf 71' lang='lat' dir='ltr'><strong>Montes</strong></span> <span class='ocrx_word' id='word_1_184' title='bbox 947 3070 1410 3135; x_wconf 71' lang='lat' dir='ltr'><strong>exsultavmnt</strong></span> <span class='ocrx_word' id='word_1_185' title='bbox 1441 3074 1508 3132; x_wconf 87' lang='lat' dir='ltr'><strong>ut</strong></span> <span class='ocrx_word' id='word_1_186' title='bbox 1530 3070 1773 3132; x_wconf 71' lang='lat' dir='ltr'><strong>aristas.</strong></span> <span class='ocrx_word' id='word_1_187' title='bbox 1821 3070 1967 3133; x_wconf 88' lang='lat' dir='ltr'><strong>Cum</strong></span> <span class='ocrx_word' id='word_1_188' title='bbox 2015 3075 2171 3137; x_wconf 79' lang='lat' dir='ltr'><strong>Deus</strong></span> 
     </span>
    </p>
   </div>
   <div class='ocr_carea' id='block_1_32' title="bbox 522 3158 2173 3245">
    <p class='ocr_par' dir='ltr' id='par_1_32' title="bbox 522 3158 2173 3245">
     <span class='ocr_line' id='line_1_32' title="bbox 522 3158 2173 3245; baseline -0.002 -19"><span class='ocrx_word' id='word_1_189' title='bbox 522 3165 586 3227; x_wconf 81' lang='lat' dir='ltr'><strong>in</strong></span> <span class='ocrx_word' id='word_1_190' title='bbox 618 3162 768 3245; x_wconf 89' lang='lat' dir='ltr'><strong>ipsis</strong></span> <span class='ocrx_word' id='word_1_191' title='bbox 798 3160 1101 3224; x_wconf 89' lang='lat' dir='ltr'><strong>montibus</strong></span> <span class='ocrx_word' id='word_1_192' title='bbox 1143 3166 1485 3242; x_wconf 86' lang='lat' dir='ltr'><strong>appareret,</strong></span> <span class='ocrx_word' id='word_1_193' title='bbox 1563 3158 1732 3237; x_wconf 86' lang='lat' dir='ltr'><strong>qursi</strong></span> <span class='ocrx_word' id='word_1_194' title='bbox 1798 3158 2173 3224; x_wconf 81' lang='lat' dir='ltr'><strong>exsultabant</strong></span> 
     </span>
    </p>
   </div>
   <div class='ocr_carea' id='block_1_33' title="bbox 523 3251 1109 3318">
    <p class='ocr_par' dir='ltr' id='par_1_33' title="bbox 523 3251 1109 3318">
     <span class='ocr_line' id='line_1_33' title="bbox 523 3251 1109 3318; baseline -0.015 0"><span class='ocrx_word' id='word_1_195' title='bbox 523 3255 599 3318; x_wconf 90' lang='lat' dir='ltr'><strong>de</strong></span> <span class='ocrx_word' id='word_1_196' title='bbox 630 3251 868 3315; x_wconf 87' lang='lat' dir='ltr'><strong>Israelis</strong></span> <span class='ocrx_word' id='word_1_197' title='bbox 897 3252 1109 3314; x_wconf 87' lang='lat' dir='ltr'><strong>salute.</strong></span> 
     </span>
    </p>
   </div>
   <div class='ocr_carea' id='block_1_34' title="bbox 594 3342 2173 3418">
    <p class='ocr_par' dir='ltr' id='par_1_34' title="bbox 594 3342 2173 3418">
     <span class='ocr_line' id='line_1_34' title="bbox 594 3342 2173 3418; baseline -0.003 -14"><span class='ocrx_word' id='word_1_198' title='bbox 594 3347 650 3404; x_wconf 90' lang='lat'><strong>5.</strong></span> <span class='ocrx_word' id='word_1_199' title='bbox 684 3343 828 3414; x_wconf 74' lang='lat' dir='ltr'><strong>Quid</strong></span> <span class='ocrx_word' id='word_1_200' title='bbox 855 3345 1080 3411; x_wconf 75' lang='lat' dir='ltr'><strong>esttibi,</strong></span> <span class='ocrx_word' id='word_1_201' title='bbox 1120 3359 1285 3410; x_wconf 73' lang='lat' dir='ltr'><strong>mare,</strong></span> <span class='ocrx_word' id='word_1_202' title='bbox 1320 3342 1462 3418; x_wconf 66' lang='lat' dir='ltr'><strong>quod</strong></span> <span class='ocrx_word' id='word_1_203' title='bbox 1523 3342 1739 3415; x_wconf 74' lang='lat' dir='ltr'><strong>fugisti,</strong></span> <span class='ocrx_word' id='word_1_204' title='bbox 1792 3350 1843 3397; x_wconf 85' lang='lat' dir='ltr'><strong>et</strong></span> <span class='ocrx_word' id='word_1_205' title='bbox 1876 3349 1932 3401; x_wconf 82' lang='lat' dir='ltr'><strong>tu</strong></span> <span class='ocrx_word' id='word_1_206' title='bbox 1977 3344 2173 3403; x_wconf 74' lang='lat' dir='ltr'><strong>Iorda-</strong></span> 
     </span>
    </p>
   </div>
   <div class='ocr_carea' id='block_1_35' title="bbox 520 3429 2173 3514">
    <p class='ocr_par' dir='ltr' id='par_1_35' title="bbox 520 3429 2173 3514">
     <span class='ocr_line' id='line_1_35' title="bbox 520 3429 2173 3514; baseline -0.003 -17"><span class='ocrx_word' id='word_1_207' title='bbox 520 3433 646 3514; x_wconf 83' lang='lat' dir='ltr'><strong>nis,</strong></span> <span class='ocrx_word' id='word_1_208' title='bbox 681 3434 826 3513; x_wconf 76' lang='lat' dir='ltr'><strong>quia</strong></span> <span class='ocrx_word' id='word_1_209' title='bbox 854 3447 1188 3495; x_wconf 73' lang='lat' dir='ltr'><strong>conversus</strong></span> <span class='ocrx_word' id='word_1_210' title='bbox 1220 3447 1285 3493; x_wconf 80' lang='lat' dir='ltr'><strong>es</strong></span> <span class='ocrx_word' id='word_1_211' title='bbox 1314 3432 1687 3494; x_wconf 77' lang='lat' dir='ltr'><strong>retrorsum?</strong></span> <span class='ocrx_word' id='word_1_212' title='bbox 1718 3429 2011 3502; x_wconf 86' lang='lat' dir='ltr'><strong>Quoniam</strong></span> <span class='ocrx_word' id='word_1_213' title='bbox 2072 3430 2173 3492; x_wconf 88' lang='lat' dir='ltr'><strong>illa</strong></span> 
     </span>
    </p>
   </div>
   <div class='ocr_carea' id='block_1_36' title="bbox 521 3518 2167 3601">
    <p class='ocr_par' dir='ltr' id='par_1_36' title="bbox 521 3518 2167 3601">
     <span class='ocr_line' id='line_1_36' title="bbox 521 3518 2167 3601; baseline -0.001 -17"><span class='ocrx_word' id='word_1_214' title='bbox 521 3520 954 3584; x_wconf 88' lang='lat' dir='ltr'><strong>irrationabilia</strong></span> <span class='ocrx_word' id='word_1_215' title='bbox 992 3529 1049 3583; x_wconf 87' lang='lat' dir='ltr'><strong>et</strong></span> <span class='ocrx_word' id='word_1_216' title='bbox 1079 3519 1409 3583; x_wconf 84' lang='lat' dir='ltr'><strong>inanimata</strong></span> <span class='ocrx_word' id='word_1_217' title='bbox 1440 3525 1636 3595; x_wconf 89' lang='lat' dir='ltr'><strong>erant,</strong></span> <span class='ocrx_word' id='word_1_218' title='bbox 1673 3518 1802 3601; x_wconf 89' lang='lat' dir='ltr'><strong>ipse</strong></span> <span class='ocrx_word' id='word_1_219' title='bbox 1833 3538 2040 3582; x_wconf 82' lang='lat' dir='ltr'><strong>eorum</strong></span> <span class='ocrx_word' id='word_1_220' title='bbox 2075 3519 2167 3583; x_wconf 91' lang='lat' dir='ltr'><strong>vi-</strong></span> 
     </span>
    </p>
   </div>
   <div class='ocr_carea' id='block_1_37' title="bbox 524 3611 2089 3693">
    <p class='ocr_par' dir='ltr' id='par_1_37' title="bbox 524 3611 2089 3693">
     <span class='ocr_line' id='line_1_37' title="bbox 524 3611 2089 3693; baseline -0.008 -18"><span class='ocrx_word' id='word_1_221' title='bbox 524 3631 593 3675; x_wconf 93' lang='lat' dir='ltr'><strong>ce</strong></span> <span class='ocrx_word' id='word_1_222' title='bbox 618 3611 973 3693; x_wconf 90' lang='lat' dir='ltr'><strong>respondet.</strong></span> <span class='ocrx_word' id='word_1_223' title='bbox 2076 3672 2089 3683; x_wconf 45' lang='grc'><strong>,</strong></span> 
     </span>
    </p>
   </div>
   <div class='ocr_carea' id='block_1_38' title="bbox 601 3698 2169 3779">
    <p class='ocr_par' dir='ltr' id='par_1_38' title="bbox 601 3698 2169 3779">
     <span class='ocr_line' id='line_1_38' title="bbox 601 3698 2169 3779; baseline -0.003 -15"><span class='ocrx_word' id='word_1_224' title='bbox 601 3705 664 3764; x_wconf 87' lang='grc'><strong>7.</strong></span> <span class='ocrx_word' id='word_1_225' title='bbox 698 3702 749 3764; x_wconf 82' lang='grc' dir='ltr'><em>Α</em></span> <span class='ocrx_word' id='word_1_226' title='bbox 776 3702 937 3779; x_wconf 79' lang='lat' dir='ltr'><strong>facis</strong></span> <span class='ocrx_word' id='word_1_227' title='bbox 970 3701 1208 3762; x_wconf 85' lang='lat' dir='ltr'><strong>Domini</strong></span> <span class='ocrx_word' id='word_1_228' title='bbox 1239 3708 1402 3764; x_wconf 85' lang='lat' dir='ltr'><strong>mota</strong></span> <span class='ocrx_word' id='word_1_229' title='bbox 1455 3708 1543 3765; x_wconf 86' lang='lat' dir='ltr'><strong>est</strong></span> <span class='ocrx_word' id='word_1_230' title='bbox 1604 3708 1796 3765; x_wconf 82' lang='lat' dir='ltr'><strong>terra.</strong></span> <span class='ocrx_word' id='word_1_231' title='bbox 1858 3708 1974 3762; x_wconf 85' lang='lat' dir='ltr'><strong>etc.</strong></span> <span class='ocrx_word' id='word_1_232' title='bbox 2034 3698 2169 3760; x_wconf 78' lang='lat' dir='ltr'><strong>Haec</strong></span> 
     </span>
    </p>
   </div>
   <div class='ocr_carea' id='block_1_39' title="bbox 522 3788 2172 3869">
    <p class='ocr_par' dir='ltr' id='par_1_39' title="bbox 522 3788 2172 3869">
     <span class='ocr_line' id='line_1_39' title="bbox 522 3788 2172 3869; baseline -0.002 -16"><span class='ocrx_word' id='word_1_233' title='bbox 522 3790 775 3869; x_wconf 84' lang='lat' dir='ltr'><strong>singula,</strong></span> <span class='ocrx_word' id='word_1_234' title='bbox 831 3792 931 3865; x_wconf 90' lang='lat' dir='ltr'><strong>ait,</strong></span> <span class='ocrx_word' id='word_1_235' title='bbox 995 3789 1071 3850; x_wconf 93' lang='lat' dir='ltr'><strong>ob</strong></span> <span class='ocrx_word' id='word_1_236' title='bbox 1124 3790 1539 3853; x_wconf 81' lang='lat' dir='ltr'><strong>advenientem</strong></span> <span class='ocrx_word' id='word_1_237' title='bbox 1611 3790 1929 3853; x_wconf 87' lang='lat' dir='ltr'><strong>Dominum</strong></span> <span class='ocrx_word' id='word_1_238' title='bbox 2017 3788 2172 3851; x_wconf 82' lang='lat' dir='ltr'><strong>facta</strong></span> 
     </span>
    </p>
   </div>
   <div class='ocr_carea' id='block_1_40' title="bbox 524 3878 2167 3942">
    <p class='ocr_par' dir='ltr' id='par_1_40' title="bbox 524 3878 2167 3942">
     <span class='ocr_line' id='line_1_40' title="bbox 524 3878 2167 3942; baseline -0.002 0"><span class='ocrx_word' id='word_1_239' title='bbox 524 3887 682 3942; x_wconf 88' lang='lat' dir='ltr'><strong>sunt.</strong></span> <span class='ocrx_word' id='word_1_240' title='bbox 719 3878 844 3941; x_wconf 86' lang='lat' dir='ltr'><strong>Hac</strong></span> <span class='ocrx_word' id='word_1_241' title='bbox 873 3878 948 3939; x_wconf 90' lang='lat' dir='ltr'><strong>de</strong></span> <span class='ocrx_word' id='word_1_242' title='bbox 976 3896 1153 3940; x_wconf 90' lang='lat' dir='ltr'><strong>causa</strong></span> <span class='ocrx_word' id='word_1_243' title='bbox 1190 3879 1302 3940; x_wconf 81' lang='lat' dir='ltr'><strong>fuit</strong></span> <span class='ocrx_word' id='word_1_244' title='bbox 1334 3888 1507 3941; x_wconf 57' lang='lat' dir='ltr'><strong>terra;</strong></span> <span class='ocrx_word' id='word_1_245' title='bbox 1541 3878 1862 3942; x_wconf 90' lang='lat' dir='ltr'><strong>commotio</strong></span> <span class='ocrx_word' id='word_1_246' title='bbox 1895 3887 1953 3939; x_wconf 92' lang='lat' dir='ltr'><strong>et</strong></span> <span class='ocrx_word' id='word_1_247' title='bbox 2012 3878 2167 3939; x_wconf 88' lang='lat' dir='ltr'><strong>divi—</strong></span> 
     </span>
    </p>
   </div>
   <div class='ocr_carea' id='block_1_41' title="bbox 523 3966 2165 4048">
    <p class='ocr_par' dir='ltr' id='par_1_41' title="bbox 523 3966 2165 4048">
     <span class='ocr_line' id='line_1_41' title="bbox 523 3966 2165 4048; baseline -0.002 -18"><span class='ocrx_word' id='word_1_248' title='bbox 523 3970 610 4031; x_wconf 89' lang='lat' dir='ltr'><strong>sio</strong></span> <span class='ocrx_word' id='word_1_249' title='bbox 643 3967 844 4028; x_wconf 88' lang='lat' dir='ltr'><strong>maris.</strong></span> <span class='ocrx_word' id='word_1_250' title='bbox 870 3966 1003 4047; x_wconf 86' lang='lat' dir='ltr'><strong>Ipse</strong></span> <span class='ocrx_word' id='word_1_251' title='bbox 1035 3984 1300 4045; x_wconf 87' lang='lat' dir='ltr'><strong>namque</strong></span> <span class='ocrx_word' id='word_1_252' title='bbox 1329 3969 1595 4030; x_wconf 85' lang='lat' dir='ltr'><strong>sterilem</strong></span> <span class='ocrx_word' id='word_1_253' title='bbox 1620 3975 1891 4048; x_wconf 87' lang='lat' dir='ltr'><strong>’petram.</strong></span> <span class='ocrx_word' id='word_1_254' title='bbox 1924 3985 1993 4028; x_wconf 89' lang='lat' dir='ltr'><strong>ac</strong></span> <span class='ocrx_word' id='word_1_255' title='bbox 2051 3968 2165 4028; x_wconf 79' lang='lat' dir='ltr'><strong>liu-</strong></span> 
     </span>
    </p>
   </div>
   <div class='ocr_carea' id='block_1_42' title="bbox 525 4055 2163 4137">
    <p class='ocr_par' dir='ltr' id='par_1_42' title="bbox 525 4055 2163 4137">
     <span class='ocr_line' id='line_1_42' title="bbox 525 4055 2163 4137; baseline -0.001 -19"><span class='ocrx_word' id='word_1_256' title='bbox 525 4057 797 4119; x_wconf 86' lang='lat' dir='ltr'><strong>miditate</strong></span> <span class='ocrx_word' id='word_1_257' title='bbox 823 4055 987 4117; x_wconf 90' lang='lat' dir='ltr'><strong>omni</strong></span> <span class='ocrx_word' id='word_1_258' title='bbox 1020 4071 1288 4131; x_wconf 77' lang='lat' dir='ltr'><strong>vacuam,</strong></span> <span class='ocrx_word' id='word_1_259' title='bbox 1322 4075 1454 4137; x_wconf 69' lang='lat' dir='ltr'><strong>quas</strong></span> <span class='ocrx_word' id='word_1_260' title='bbox 1498 4076 1573 4118; x_wconf 89' lang='lat' dir='ltr'><strong>ne</strong></span> <span class='ocrx_word' id='word_1_261' title='bbox 1632 4057 1984 4119; x_wconf 85' lang='lat' dir='ltr'><strong>iucisionem</strong></span> <span class='ocrx_word' id='word_1_262' title='bbox 2030 4056 2163 4137; x_wconf 85' lang='lat' dir='ltr'><strong>qui-</strong></span> 
     </span>
    </p>
   </div>
   <div class='ocr_carea' id='block_1_43' title="bbox 524 4142 2167 4227">
    <p class='ocr_par' dir='ltr' id='par_1_43' title="bbox 524 4142 2167 4227">
     <span class='ocr_line' id='line_1_43' title="bbox 524 4142 2167 4227; baseline 0 -20"><span class='ocrx_word' id='word_1_263' title='bbox 524 4146 662 4207; x_wconf 90' lang='lat' dir='ltr'><strong>dem</strong></span> <span class='ocrx_word' id='word_1_264' title='bbox 743 4142 820 4206; x_wconf 90' lang='lat' dir='ltr'><strong>ob</strong></span> <span class='ocrx_word' id='word_1_265' title='bbox 862 4144 1147 4206; x_wconf 88' lang='lat' dir='ltr'><strong>duritiem</strong></span> <span class='ocrx_word' id='word_1_266' title='bbox 1226 4145 1593 4227; x_wconf 89' lang='lat' dir='ltr'><strong>admittebat,</strong></span> <span class='ocrx_word' id='word_1_267' title='bbox 1647 4164 1936 4225; x_wconf 89' lang='lat' dir='ltr'><strong>aquarum</strong></span> <span class='ocrx_word' id='word_1_268' title='bbox 1996 4147 2167 4227; x_wconf 90' lang='lat' dir='ltr'><strong>copia</strong></span> 
     </span>
    </p>
   </div>
   <div class='ocr_carea' id='block_1_44' title="bbox 522 4232 2158 4316">
    <p class='ocr_par' dir='ltr' id='par_1_44' title="bbox 522 4232 2158 4316">
     <span class='ocr_line' id='line_1_44' title="bbox 522 4232 2158 4316; baseline -0.001 -19"><span class='ocrx_word' id='word_1_269' title='bbox 522 4232 854 4307; x_wconf 79' lang='lat' dir='ltr'><strong>inundavit,</strong></span> <span class='ocrx_word' id='word_1_270' title='bbox 936 4234 1235 4315; x_wconf 88' lang='lat' dir='ltr'><strong>jussitque</strong></span> <span class='ocrx_word' id='word_1_271' title='bbox 1296 4244 1358 4295; x_wconf 92' lang='lat' dir='ltr'><strong>ut</strong></span> <span class='ocrx_word' id='word_1_272' title='bbox 1436 4235 1577 4296; x_wconf 89' lang='lat' dir='ltr'><strong>hinc</strong></span> <span class='ocrx_word' id='word_1_273' title='bbox 1652 4236 1905 4316; x_wconf 64' lang='lat' dir='ltr'><strong>copiosae</strong></span> <span class='ocrx_word' id='word_1_274' title='bbox 1977 4254 2158 4315; x_wconf 85' lang='lat' dir='ltr'><strong>aqua-</strong></span> 
     </span>
    </p>
   </div>
   <div class='ocr_carea' id='block_1_45' title="bbox 523 4323 2161 4405">
    <p class='ocr_par' dir='ltr' id='par_1_45' title="bbox 523 4323 2161 4405">
     <span class='ocr_line' id='line_1_45' title="bbox 523 4323 2161 4405; baseline 0.001 -18"><span class='ocrx_word' id='word_1_275' title='bbox 523 4343 656 4388; x_wconf 87' lang='lat' dir='ltr'><strong>rum</strong></span> <span class='ocrx_word' id='word_1_276' title='bbox 741 4323 1133 4403; x_wconf 76' lang='lat' dir='ltr'><strong>scaturigines</strong></span> <span class='ocrx_word' id='word_1_277' title='bbox 1218 4334 1608 4388; x_wconf 81' lang='lat' dir='ltr'><strong>emanarent.</strong></span> <span class='ocrx_word' id='word_1_278' title='bbox 1697 4326 1857 4389; x_wconf 90' lang='lat' dir='ltr'><strong>Nihil</strong></span> <span class='ocrx_word' id='word_1_279' title='bbox 1946 4329 2161 4405; x_wconf 80' lang='lat' dir='ltr'><strong>igitur,</strong></span> 
     </span>
    </p>
   </div>
   <div class='ocr_carea' id='block_1_46' title="bbox 524 4414 2163 4495">
    <p class='ocr_par' dir='ltr' id='par_1_46' title="bbox 524 4414 2163 4495">
     <span class='ocr_line' id='line_1_46' title="bbox 524 4414 2163 4495; baseline 0.002 -19"><span class='ocrx_word' id='word_1_280' title='bbox 524 4415 630 4495; x_wconf 89' lang='lat' dir='ltr'><strong>ait,</strong></span> <span class='ocrx_word' id='word_1_281' title='bbox 664 4414 881 4476; x_wconf 88' lang='lat' dir='ltr'><strong>mirum</strong></span> <span class='ocrx_word' id='word_1_282' title='bbox 918 4414 1114 4476; x_wconf 89' lang='lat' dir='ltr'><strong>evenit</strong></span> <span class='ocrx_word' id='word_1_283' title='bbox 1145 4431 1158 4474; x_wconf 90' lang='lat'>:</span> <span class='ocrx_word' id='word_1_284' title='bbox 1188 4415 1367 4494; x_wconf 81' lang='lat' dir='ltr'><strong>jussit</strong></span> <span class='ocrx_word' id='word_1_285' title='bbox 1397 4415 1558 4477; x_wconf 88' lang='lat' dir='ltr'><strong>enim</strong></span> <span class='ocrx_word' id='word_1_286' title='bbox 1591 4415 1786 4493; x_wconf 85' lang='lat' dir='ltr'><strong>opifex</strong></span> <span class='ocrx_word' id='word_1_287' title='bbox 1821 4425 1877 4477; x_wconf 90' lang='lat' dir='ltr'><strong>et</strong></span> <span class='ocrx_word' id='word_1_288' title='bbox 1910 4416 2163 4479; x_wconf 85' lang='lat' dir='ltr'><strong>divisum</strong></span> 
     </span>
    </p>
   </div>
   <div class='ocr_carea' id='block_1_47' title="bbox 526 4506 2162 4586">
    <p class='ocr_par' dir='ltr' id='par_1_47' title="bbox 526 4506 2162 4586">
     <span class='ocr_line' id='line_1_47' title="bbox 526 4506 2162 4586; baseline 0 -19"><span class='ocrx_word' id='word_1_289' title='bbox 526 4512 618 4567; x_wconf 90' lang='lat' dir='ltr'><strong>est</strong></span> <span class='ocrx_word' id='word_1_290' title='bbox 639 4521 826 4575; x_wconf 88' lang='lat' dir='ltr'><strong>mare,</strong></span> <span class='ocrx_word' id='word_1_291' title='bbox 860 4522 929 4565; x_wconf 90' lang='lat' dir='ltr'><strong>ac</strong></span> <span class='ocrx_word' id='word_1_292' title='bbox 959 4513 1261 4585; x_wconf 74' lang='lat' dir='ltr'><strong>praerupta</strong></span> <span class='ocrx_word' id='word_1_293' title='bbox 1293 4513 1462 4585; x_wconf 91' lang='lat' dir='ltr'><strong>petra</strong></span> <span class='ocrx_word' id='word_1_294' title='bbox 1522 4506 1839 4567; x_wconf 87' lang='lat' dir='ltr'><strong>scaturivit</strong></span> <span class='ocrx_word' id='word_1_295' title='bbox 1897 4525 2107 4586; x_wconf 88' lang='lat' dir='ltr'><strong>aquam</strong></span> <span class='ocrx_word' id='word_1_296' title='bbox 2151 4525 2162 4566; x_wconf 88' lang='lat'>:</span> 
     </span>
    </p>
   </div>
   <div class='ocr_carea' id='block_1_48' title="bbox 2254 620 3891 703">
    <p class='ocr_par' dir='ltr' id='par_1_48' title="bbox 2254 620 3891 703">
     <span class='ocr_line' id='line_1_48' title="bbox 2254 620 3891 703; baseline 0.002 -26"><span class='ocrx_word' id='word_1_297' title='bbox 2254 620 2376 678; x_wconf 79' lang='grc' dir='ltr'>ἀλλ’</span> <span class='ocrx_word' id='word_1_298' title='bbox 2404 631 2494 681; x_wconf 83' lang='grc' dir='ltr'>οὖν</span> <span class='ocrx_word' id='word_1_299' title='bbox 2522 627 2611 682; x_wconf 76' lang='grc' dir='ltr'><strong>καί</strong></span> <span class='ocrx_word' id='word_1_300' title='bbox 2643 628 2811 689; x_wconf 78' lang='grc' dir='ltr'>οὕτως</span> <span class='ocrx_word' id='word_1_301' title='bbox 2856 625 3071 703; x_wconf 77' lang='grc' dir='ltr'>πλήρης</span> <span class='ocrx_word' id='word_1_302' title='bbox 3116 625 3230 683; x_wconf 74' lang='grc' dir='ltr'>ἐστὶ</span> <span class='ocrx_word' id='word_1_303' title='bbox 3260 633 3404 683; x_wconf 81' lang='grc' dir='ltr'>πᾶσα</span> <span class='ocrx_word' id='word_1_304' title='bbox 3433 628 3467 695; x_wconf 79' lang='grc' dir='ltr'><strong>ἡ</strong></span> <span class='ocrx_word' id='word_1_305' title='bbox 3525 626 3619 701; x_wconf 79' lang='grc' dir='ltr'><strong>γῆ,</strong></span> <span class='ocrx_word' id='word_1_306' title='bbox 3645 628 3733 682; x_wconf 82' lang='grc' dir='ltr'><strong>καὶ</strong></span> <span class='ocrx_word' id='word_1_307' title='bbox 3764 627 3891 683; x_wconf 80' lang='grc' dir='ltr'>ἀπο-</span> 
     </span>
    </p>
   </div>
   <div class='ocr_carea' id='block_1_49' title="bbox 2255 709 3070 781">
    <p class='ocr_par' dir='ltr' id='par_1_49' title="bbox 2255 709 3070 781">
     <span class='ocr_line' id='line_1_49' title="bbox 2255 709 3070 781; baseline 0.006 -15"><span class='ocrx_word' id='word_1_308' title='bbox 2255 709 2401 768; x_wconf 89' lang='grc' dir='ltr'>λαύει</span> <span class='ocrx_word' id='word_1_309' title='bbox 2427 715 2527 780; x_wconf 77' lang='grc' dir='ltr'>τῆς</span> <span class='ocrx_word' id='word_1_310' title='bbox 2560 714 2858 781; x_wconf 79' lang='grc' dir='ltr'>ἐπισκοπῆς</span> <span class='ocrx_word' id='word_1_311' title='bbox 2888 718 3070 777; x_wconf 69' lang='grc' dir='ltr'>αὐτοῦ,</span> 
     </span>
    </p>
   </div>
   <div class='ocr_carea' id='block_1_50' title="bbox 2337 799 3893 885">
    <p class='ocr_par' dir='ltr' id='par_1_50' title="bbox 2337 799 3893 885">
     <span class='ocr_line' id='line_1_50' title="bbox 2337 799 3893 885; baseline 0.002 -27"><span class='ocrx_word' id='word_1_312' title='bbox 2337 799 2397 858; x_wconf 83' lang='grc' dir='ltr'>Ὀ</span> <span class='ocrx_word' id='word_1_313' title='bbox 2482 801 2701 881; x_wconf 75' lang='grc' dir='ltr'><strong>ἐγείρων</strong></span> <span class='ocrx_word' id='word_1_314' title='bbox 2786 803 2893 860; x_wconf 77' lang='grc' dir='ltr'><strong>ἀπὸ</strong></span> <span class='ocrx_word' id='word_1_315' title='bbox 2966 806 3069 882; x_wconf 71' lang='grc' dir='ltr'><strong>γῆς</strong></span> <span class='ocrx_word' id='word_1_316' title='bbox 3118 805 3364 885; x_wconf 81' lang='grc' dir='ltr'>πτωχόν.</span> <span class='ocrx_word' id='word_1_317' title='bbox 3417 805 3516 864; x_wconf 84' lang='grc' dir='ltr'><strong>Τὸν</strong></span> <span class='ocrx_word' id='word_1_318' title='bbox 3580 812 3685 863; x_wconf 82' lang='grc' dir='ltr'><strong>τῶν</strong></span> <span class='ocrx_word' id='word_1_319' title='bbox 3740 805 3893 862; x_wconf 73' lang='grc' dir='ltr'>ἐθνῶν</span> 
     </span>
    </p>
   </div>
   <div class='ocr_carea' id='block_1_51' title="bbox 2254 887 2688 956">
    <p class='ocr_par' dir='ltr' id='par_1_51' title="bbox 2254 887 2688 956">
     <span class='ocr_line' id='line_1_51' title="bbox 2254 887 2688 956; baseline 0.009 -13"><span class='ocrx_word' id='word_1_320' title='bbox 2254 887 2501 955; x_wconf 86' lang='grc' dir='ltr'>δηλονότι</span> <span class='ocrx_word' id='word_1_321' title='bbox 2534 889 2688 956; x_wconf 84' lang='grc' dir='ltr'>λαόν,</span> 
     </span>
    </p>
   </div>
   <div class='ocr_carea' id='block_1_52' title="bbox 2334 976 3893 1061">
    <p class='ocr_par' dir='ltr' id='par_1_52' title="bbox 2334 976 3893 1061">
     <span class='ocr_line' id='line_1_52' title="bbox 2334 976 3893 1061; baseline 0.003 -25"><span class='ocrx_word' id='word_1_322' title='bbox 2334 976 2394 1037; x_wconf 85' lang='grc' dir='ltr'>Ὀ</span> <span class='ocrx_word' id='word_1_323' title='bbox 2422 983 2734 1053; x_wconf 81' lang='grc' dir='ltr'><strong>κατοικίζων</strong></span> <span class='ocrx_word' id='word_1_324' title='bbox 2792 984 2998 1061; x_wconf 78' lang='grc' dir='ltr'>στείρσν</span> <span class='ocrx_word' id='word_1_325' title='bbox 3027 986 3083 1039; x_wconf 81' lang='lat' dir='ltr'><strong>&#39;ev</strong></span> <span class='ocrx_word' id='word_1_326' title='bbox 3113 982 3275 1057; x_wconf 83' lang='grc' dir='ltr'>οἴκῳ.</span> <span class='ocrx_word' id='word_1_327' title='bbox 3308 985 3497 1061; x_wconf 78' lang='grc' dir='ltr'>Στείρα</span> <span class='ocrx_word' id='word_1_328' title='bbox 3553 985 3652 1058; x_wconf 79' lang='grc' dir='ltr'>μὲν</span> <span class='ocrx_word' id='word_1_329' title='bbox 3710 986 3742 1051; x_wconf 72' lang='grc' dir='ltr'>ἡ</span> <span class='ocrx_word' id='word_1_330' title='bbox 3798 990 3893 1040; x_wconf 75' lang='grc' dir='ltr'>τῶν</span> 
     </span>
    </p>
   </div>
   <div class='ocr_carea' id='block_1_53' title="bbox 2253 1068 3880 1152">
    <p class='ocr_par' dir='ltr' id='par_1_53' title="bbox 2253 1068 3880 1152">
     <span class='ocr_line' id='line_1_53' title="bbox 2253 1068 3880 1152; baseline 0.004 -29"><span class='ocrx_word' id='word_1_331' title='bbox 2253 1068 2411 1125; x_wconf 79' lang='grc' dir='ltr'>ἐθνῶν</span> <span class='ocrx_word' id='word_1_332' title='bbox 2459 1068 2689 1145; x_wconf 82' lang='grc' dir='ltr'>πληθὺς,</span> <span class='ocrx_word' id='word_1_333' title='bbox 2723 1071 2840 1139; x_wconf 71' lang='grc' dir='ltr'>ἥτις</span> <span class='ocrx_word' id='word_1_334' title='bbox 2885 1074 2971 1129; x_wconf 84' lang='grc' dir='ltr'><strong>καὶ</strong></span> <span class='ocrx_word' id='word_1_335' title='bbox 3026 1076 3181 1137; x_wconf 79' lang='grc' dir='ltr'>οἶκος</span> <span class='ocrx_word' id='word_1_336' title='bbox 3252 1072 3435 1151; x_wconf 82' lang='grc' dir='ltr'>γέγονε</span> <span class='ocrx_word' id='word_1_337' title='bbox 3506 1076 3880 1152; x_wconf 77' lang='grc' dir='ltr'>πνευματικὸς,</span> 
     </span>
    </p>
   </div>
   <div class='ocr_carea' id='block_1_54' title="bbox 2253 1157 3889 1242">
    <p class='ocr_par' dir='ltr' id='par_1_54' title="bbox 2253 1157 3889 1242">
     <span class='ocr_line' id='line_1_54' title="bbox 2253 1157 3889 1242; baseline 0.004 -30"><span class='ocrx_word' id='word_1_338' title='bbox 2253 1157 2344 1213; x_wconf 80' lang='grc' dir='ltr'>ἅτε</span> <span class='ocrx_word' id='word_1_339' title='bbox 2378 1160 2468 1213; x_wconf 84' lang='grc' dir='ltr'><strong>τὸν</strong></span> <span class='ocrx_word' id='word_1_340' title='bbox 2502 1160 2686 1239; x_wconf 81' lang='grc' dir='ltr'>Κύριον</span> <span class='ocrx_word' id='word_1_341' title='bbox 2718 1158 2919 1219; x_wconf 73' lang='grc' dir='ltr'>ἔνοικον</span> <span class='ocrx_word' id='word_1_342' title='bbox 2951 1161 3177 1242; x_wconf 77' lang='grc' dir='ltr'>ἔχουσα.</span> <span class='ocrx_word' id='word_1_343' title='bbox 3256 1162 3442 1240; x_wconf 80' lang='grc' dir='ltr'><strong>Γέγονε</strong></span> <span class='ocrx_word' id='word_1_344' title='bbox 3502 1162 3556 1218; x_wconf 78' lang='grc' dir='ltr'>δὲ</span> <span class='ocrx_word' id='word_1_345' title='bbox 3614 1165 3701 1219; x_wconf 84' lang='grc' dir='ltr'><strong>καὶ</strong></span> <span class='ocrx_word' id='word_1_346' title='bbox 3758 1162 3889 1219; x_wconf 84' lang='grc' dir='ltr'>πολ-</span> 
     </span>
    </p>
   </div>
   <div class='ocr_carea' id='block_1_55' title="bbox 2252 1246 3895 1332">
    <p class='ocr_par' dir='ltr' id='par_1_55' title="bbox 2252 1246 3895 1332">
     <span class='ocr_line' id='line_1_55' title="bbox 2252 1246 3895 1332; baseline 0.004 -32"><span class='ocrx_word' id='word_1_347' title='bbox 2252 1246 2359 1302; x_wconf 83' lang='grc' dir='ltr'>λῶν</span> <span class='ocrx_word' id='word_1_348' title='bbox 2391 1247 2594 1305; x_wconf 88' lang='grc' dir='ltr'>τέκνων</span> <span class='ocrx_word' id='word_1_349' title='bbox 2624 1252 2805 1329; x_wconf 79' lang='grc' dir='ltr'>μήτηρ</span> <span class='ocrx_word' id='word_1_350' title='bbox 2831 1250 2950 1324; x_wconf 84' lang='grc' dir='ltr'>μετ’</span> <span class='ocrx_word' id='word_1_351' title='bbox 2997 1250 3342 1332; x_wconf 75' lang='grc' dir='ltr'>εὐφροσύνης.</span> <span class='ocrx_word' id='word_1_352' title='bbox 3377 1251 3586 1318; x_wconf 85' lang='grc' dir='ltr'>Ἐσώθη</span> <span class='ocrx_word' id='word_1_353' title='bbox 3634 1253 3735 1331; x_wconf 76' lang='grc' dir='ltr'><strong>γὰρ</strong></span> <span class='ocrx_word' id='word_1_354' title='bbox 3803 1254 3895 1307; x_wconf 72' lang='grc' dir='ltr'>αὒ-</span> 
     </span>
    </p>
   </div>
   <div class='ocr_carea' id='block_1_56' title="bbox 2249 1336 3893 1420">
    <p class='ocr_par' dir='ltr' id='par_1_56' title="bbox 2249 1336 3893 1420">
     <span class='ocr_line' id='line_1_56' title="bbox 2249 1336 3893 1420; baseline 0.002 -29"><span class='ocrx_word' id='word_1_355' title='bbox 2249 1339 2347 1404; x_wconf 81' lang='grc' dir='ltr'>τῆς</span> <span class='ocrx_word' id='word_1_356' title='bbox 2380 1338 2443 1393; x_wconf 84' lang='grc' dir='ltr'><strong>τὰ</strong></span> <span class='ocrx_word' id='word_1_357' title='bbox 2478 1338 2634 1395; x_wconf 85' lang='grc' dir='ltr'>τέκνα</span> <span class='ocrx_word' id='word_1_358' title='bbox 2665 1336 2748 1395; x_wconf 82' lang='grc' dir='ltr'>διὰ</span> <span class='ocrx_word' id='word_1_359' title='bbox 2778 1342 2877 1407; x_wconf 83' lang='grc' dir='ltr'>τῆς</span> <span class='ocrx_word' id='word_1_360' title='bbox 2904 1341 3131 1405; x_wconf 88' lang='grc' dir='ltr'>πίστεως</span> <span class='ocrx_word' id='word_1_361' title='bbox 3164 1345 3263 1407; x_wconf 79' lang='grc' dir='ltr'><strong>τῆς</strong></span> <span class='ocrx_word' id='word_1_362' title='bbox 3293 1343 3367 1406; x_wconf 81' lang='grc' dir='ltr'>εἷς</span> <span class='ocrx_word' id='word_1_363' title='bbox 3420 1342 3671 1418; x_wconf 82' lang='grc' dir='ltr'>Χριστόν.</span> <span class='ocrx_word' id='word_1_364' title='bbox 3729 1341 3893 1420; x_wconf 74' lang='grc' dir='ltr'>’Ἔχει</span> 
     </span>
    </p>
   </div>
   <div class='ocr_carea' id='block_1_57' title="bbox 2250 1422 3891 1509">
    <p class='ocr_par' dir='ltr' id='par_1_57' title="bbox 2250 1422 3891 1509">
     <span class='ocr_line' id='line_1_57' title="bbox 2250 1422 3891 1509; baseline 0.004 -30"><span class='ocrx_word' id='word_1_365' title='bbox 2250 1422 2303 1479; x_wconf 79' lang='grc' dir='ltr'>δὲ</span> <span class='ocrx_word' id='word_1_366' title='bbox 2327 1448 2443 1482; x_wconf 82' lang='grc' dir='ltr'>τινα</span> <span class='ocrx_word' id='word_1_367' title='bbox 2478 1429 2566 1483; x_wconf 80' lang='grc' dir='ltr'><strong>καὶ</strong></span> <span class='ocrx_word' id='word_1_368' title='bbox 2613 1427 3016 1496; x_wconf 74' lang='grc' dir='ltr'>ἆντιδιαστολην</span> <span class='ocrx_word' id='word_1_369' title='bbox 3088 1432 3220 1506; x_wconf 79' lang='grc' dir='ltr'>πρὸς</span> <span class='ocrx_word' id='word_1_370' title='bbox 3280 1432 3377 1497; x_wconf 75' lang='grc' dir='ltr'>τὴν</span> <span class='ocrx_word' id='word_1_371' title='bbox 3423 1433 3761 1509; x_wconf 76' lang='grc' dir='ltr'>συναγωγὴν,</span> <span class='ocrx_word' id='word_1_372' title='bbox 3820 1431 3891 1485; x_wconf 81' lang='grc' dir='ltr'>ὅτι</span> 
     </span>
    </p>
   </div>
   <div class='ocr_carea' id='block_1_58' title="bbox 2258 1513 3893 1595">
    <p class='ocr_par' dir='ltr' id='par_1_58' title="bbox 2258 1513 3893 1595">
     <span class='ocr_line' id='line_1_58' title="bbox 2258 1513 3893 1595; baseline 0.002 -26"><span class='ocrx_word' id='word_1_373' title='bbox 2258 1513 2433 1582; x_wconf 73' lang='grc' dir='ltr'>έκεὶνη</span> <span class='ocrx_word' id='word_1_374' title='bbox 2465 1517 2559 1572; x_wconf 72' lang='grc' dir='ltr'><strong>ουκ</strong></span> <span class='ocrx_word' id='word_1_375' title='bbox 2589 1518 2847 1595; x_wconf 71' lang='grc' dir='ltr'>εὐφράνθη</span> <span class='ocrx_word' id='word_1_376' title='bbox 2919 1518 3004 1575; x_wconf 68' lang='grc' dir='ltr'>ἐπὶ</span> <span class='ocrx_word' id='word_1_377' title='bbox 3037 1531 3154 1582; x_wconf 78' lang='grc' dir='ltr'>τοῖς</span> <span class='ocrx_word' id='word_1_378' title='bbox 3209 1518 3437 1593; x_wconf 82' lang='grc' dir='ltr'>τέκνοις,</span> <span class='ocrx_word' id='word_1_379' title='bbox 3498 1521 3591 1576; x_wconf 77' lang='grc' dir='ltr'>ἅτε</span> <span class='ocrx_word' id='word_1_380' title='bbox 3664 1519 3893 1591; x_wconf 69' lang='grc' dir='ltr'>ἀπωλείᾳ</span> 
     </span>
    </p>
   </div>
   <div class='ocr_carea' id='block_1_59' title="bbox 2260 1602 2730 1681">
    <p class='ocr_par' dir='ltr' id='par_1_59' title="bbox 2260 1602 2730 1681">
     <span class='ocr_line' id='line_1_59' title="bbox 2260 1602 2730 1681; baseline 0.006 -23"><span class='ocrx_word' id='word_1_381' title='bbox 2260 1602 2707 1681; x_wconf 84' lang='grc' dir='ltr'>παραδεδομένοις</span> <span class='ocrx_word' id='word_1_382' title='bbox 2718 1653 2730 1668; x_wconf 90' lang='grc'><strong>,</strong></span> 
     </span>
    </p>
   </div>
   <div class='ocr_carea' id='block_1_60' title="bbox 2630 1765 3537 1836">
    <p class='ocr_par' dir='ltr' id='par_1_60' title="bbox 2630 1765 3537 1836">
     <span class='ocr_line' id='line_1_60' title="bbox 2630 1765 3537 1836; baseline 0.006 -15"><span class='ocrx_word' id='word_1_383' title='bbox 2630 1767 2924 1827; x_wconf 82' lang='grc' dir='ltr'><strong>ΨΑΛΜΟΣ</strong></span> <span class='ocrx_word' id='word_1_384' title='bbox 2989 1765 3134 1831; x_wconf 86' lang='lat' dir='ltr'><strong>PII&quot;.</strong></span> <span class='ocrx_word' id='word_1_385' title='bbox 3188 1766 3537 1836; x_wconf 80' lang='grc' dir='ltr'>⁹Αλληλούϊα.</span> 
     </span>
    </p>
   </div>
   <div class='ocr_carea' id='block_1_61' title="bbox 2928 1926 3234 1993">
    <p class='ocr_par' dir='ltr' id='par_1_61' title="bbox 2928 1926 3234 1993">
     <span class='ocr_line' id='line_1_61' title="bbox 2928 1926 3234 1993; baseline 0.007 -11"><span class='ocrx_word' id='word_1_386' title='bbox 2928 1926 2945 1951; x_wconf 85' lang='lat'><strong>’</strong></span> <span class='ocrx_word' id='word_1_387' title='bbox 2956 1930 3234 1993; x_wconf 77' lang='grc' dir='ltr'>ι’πόθεσις,</span> 
     </span>
    </p>
   </div>
   <div class='ocr_carea' id='block_1_62' title="bbox 2254 2083 3889 2166">
    <p class='ocr_par' dir='ltr' id='par_1_62' title="bbox 2254 2083 3889 2166">
     <span class='ocr_line' id='line_1_62' title="bbox 2254 2083 3889 2166; baseline 0.003 -22"><span class='ocrx_word' id='word_1_388' title='bbox 2254 2086 2352 2144; x_wconf 80' lang='grc' dir='ltr'><strong>Καὶ</strong></span> <span class='ocrx_word' id='word_1_389' title='bbox 2386 2084 2440 2139; x_wconf 81' lang='grc' dir='ltr'><strong>έν</strong></span> <span class='ocrx_word' id='word_1_390' title='bbox 2465 2085 2626 2162; x_wconf 74' lang='grc' dir='ltr'>τούτῃ</span> <span class='ocrx_word' id='word_1_391' title='bbox 2678 2087 2708 2152; x_wconf 70' lang='grc' dir='ltr'>ἡ</span> <span class='ocrx_word' id='word_1_392' title='bbox 2796 2083 2989 2151; x_wconf 78' lang='grc' dir='ltr'><strong>κλῆσις</strong></span> <span class='ocrx_word' id='word_1_393' title='bbox 3048 2093 3154 2143; x_wconf 84' lang='grc' dir='ltr'><strong>τῶν</strong></span> <span class='ocrx_word' id='word_1_394' title='bbox 3198 2088 3358 2144; x_wconf 74' lang='grc' dir='ltr'>ἐθνῶν</span> <span class='ocrx_word' id='word_1_395' title='bbox 3418 2091 3889 2166; x_wconf 67' lang='grc' dir='ltr'>κατασημαίιεται.</span> 
     </span>
    </p>
   </div>
   <div class='ocr_carea' id='block_1_63' title="bbox 2333 2172 3892 2255">
    <p class='ocr_par' dir='ltr' id='par_1_63' title="bbox 2333 2172 3892 2255">
     <span class='ocr_line' id='line_1_63' title="bbox 2333 2172 3892 2255; baseline 0.004 -26"><span class='ocrx_word' id='word_1_396' title='bbox 2333 2172 2658 2230; x_wconf 83' lang='grc' dir='ltr'>Διδασκαλία</span> <span class='ocrx_word' id='word_1_397' title='bbox 2719 2195 2777 2232; x_wconf 82' lang='grc' dir='ltr'><strong>τε</strong></span> <span class='ocrx_word' id='word_1_398' title='bbox 2808 2176 2939 2253; x_wconf 88' lang='grc' dir='ltr'>πρὸς</span> <span class='ocrx_word' id='word_1_399' title='bbox 2969 2182 3125 2233; x_wconf 83' lang='grc' dir='ltr'>τοῦτο</span> <span class='ocrx_word' id='word_1_400' title='bbox 3169 2182 3353 2244; x_wconf 78' lang='grc' dir='ltr'>αὐτοῖς</span> <span class='ocrx_word' id='word_1_401' title='bbox 3405 2180 3523 2245; x_wconf 70' lang='grc' dir='ltr'>τοῖς</span> <span class='ocrx_word' id='word_1_402' title='bbox 3585 2181 3892 2255; x_wconf 78' lang='grc' dir='ltr'>σωζομένοις</span> 
     </span>
    </p>
   </div>
   <div class='ocr_carea' id='block_1_64' title="bbox 2328 2261 3895 2349">
    <p class='ocr_par' dir='ltr' id='par_1_64' title="bbox 2328 2261 3895 2349">
     <span class='ocr_line' id='line_1_64' title="bbox 2328 2261 3895 2349; baseline 0.003 -31"><span class='ocrx_word' id='word_1_403' title='bbox 2328 2261 2414 2320; x_wconf 74' lang='grc' dir='ltr'><strong>ἐπὶ</strong></span> <span class='ocrx_word' id='word_1_404' title='bbox 2475 2270 2553 2337; x_wconf 83' lang='grc' dir='ltr'>τῷ</span> <span class='ocrx_word' id='word_1_405' title='bbox 2575 2264 2661 2319; x_wconf 82' lang='grc' dir='ltr'><strong>καί</strong></span> <span class='ocrx_word' id='word_1_406' title='bbox 2689 2264 2791 2330; x_wconf 71' lang='grc' dir='ltr'>τὴν</span> <span class='ocrx_word' id='word_1_407' title='bbox 2860 2261 3099 2321; x_wconf 79' lang='grc' dir='ltr'>Παλαιὰν</span> <span class='ocrx_word' id='word_1_408' title='bbox 3147 2265 3336 2323; x_wconf 74' lang='grc' dir='ltr'>εἰδέναι</span> <span class='ocrx_word' id='word_1_409' title='bbox 3395 2270 3690 2349; x_wconf 76' lang='grc' dir='ltr'>Διαθήκην,</span> <span class='ocrx_word' id='word_1_410' title='bbox 3749 2270 3895 2325; x_wconf 78' lang='grc' dir='ltr'>οὖσαν</span> 
     </span>
    </p>
   </div>
   <div class='ocr_carea' id='block_1_65' title="bbox 2332 2352 3885 2436">
    <p class='ocr_par' dir='ltr' id='par_1_65' title="bbox 2332 2352 3885 2436">
     <span class='ocr_line' id='line_1_65' title="bbox 2332 2352 3885 2436; baseline 0.004 -28"><span class='ocrx_word' id='word_1_411' title='bbox 2332 2358 2489 2427; x_wconf 82' lang='grc' dir='ltr'>Θεοῦ,</span> <span class='ocrx_word' id='word_1_412' title='bbox 2551 2352 2637 2407; x_wconf 78' lang='grc' dir='ltr'><strong>καὶ</strong></span> <span class='ocrx_word' id='word_1_413' title='bbox 2696 2352 2793 2420; x_wconf 82' lang='grc' dir='ltr'><strong>τὴν</strong></span> <span class='ocrx_word' id='word_1_414' title='bbox 2845 2353 3103 2432; x_wconf 82' lang='grc' dir='ltr'>προτέραν</span> <span class='ocrx_word' id='word_1_415' title='bbox 3163 2358 3432 2435; x_wconf 82' lang='grc' dir='ltr'>σωτηρὶαν</span> <span class='ocrx_word' id='word_1_416' title='bbox 3463 2360 3559 2414; x_wconf 76' lang='grc' dir='ltr'>τοῦ</span> <span class='ocrx_word' id='word_1_417' title='bbox 3590 2359 3652 2414; x_wconf 67' lang='grc' dir='ltr'>ἐκ</span> <span class='ocrx_word' id='word_1_418' title='bbox 3681 2379 3885 2436; x_wconf 84' lang='grc' dir='ltr'>περιτο-</span> 
     </span>
    </p>
   </div>
   <div class='ocr_carea' id='block_1_66' title="bbox 2332 2440 3517 2525">
    <p class='ocr_par' dir='ltr' id='par_1_66' title="bbox 2332 2440 3517 2525">
     <span class='ocr_line' id='line_1_66' title="bbox 2332 2440 3517 2525; baseline 0.004 -29"><span class='ocrx_word' id='word_1_419' title='bbox 2332 2447 2443 2516; x_wconf 79' lang='grc' dir='ltr'>μῆς</span> <span class='ocrx_word' id='word_1_420' title='bbox 2473 2441 2628 2515; x_wconf 82' lang='grc' dir='ltr'>λαοῦ,</span> <span class='ocrx_word' id='word_1_421' title='bbox 2662 2440 2748 2498; x_wconf 79' lang='grc' dir='ltr'><strong>διὰ</strong></span> <span class='ocrx_word' id='word_1_422' title='bbox 2776 2449 2869 2498; x_wconf 81' lang='grc' dir='ltr'>τοῦ</span> <span class='ocrx_word' id='word_1_423' title='bbox 2905 2444 3092 2520; x_wconf 78' lang='grc' dir='ltr'>Κυρίου</span> <span class='ocrx_word' id='word_1_424' title='bbox 3123 2446 3517 2525; x_wconf 75' lang='grc' dir='ltr'>γεγενημένην.</span> 
     </span>
    </p>
   </div>
   <div class='ocr_carea' id='block_1_67' title="bbox 2332 2530 3889 2616">
    <p class='ocr_par' dir='ltr' id='par_1_67' title="bbox 2332 2530 3889 2616">
     <span class='ocr_line' id='line_1_67' title="bbox 2332 2530 3889 2616; baseline 0.006 -18"><span class='ocrx_word' id='word_1_425' title='bbox 2332 2530 2421 2590; x_wconf 78' lang='grc' dir='ltr'>Ἐν</span> <span class='ocrx_word' id='word_1_426' title='bbox 2473 2531 2635 2609; x_wconf 76' lang='grc' dir='ltr'>ἐξόδῳ</span> <span class='ocrx_word' id='word_1_427' title='bbox 2693 2530 2935 2612; x_wconf 69' lang='grc' dir='ltr'>Ἰσραήλ.</span> <span class='ocrx_word' id='word_1_428' title='bbox 2962 2580 2982 2600; x_wconf 94' lang='grc'><strong>.</strong></span> <span class='ocrx_word' id='word_1_429' title='bbox 3013 2581 3029 2597; x_wconf 94' lang='grc'><strong>.</strong></span> <span class='ocrx_word' id='word_1_430' title='bbox 3061 2583 3077 2600; x_wconf 92' lang='grc'><strong>.</strong></span> <span class='ocrx_word' id='word_1_431' title='bbox 3109 2584 3125 2600; x_wconf 94' lang='grc'><strong>.</strong></span> <span class='ocrx_word' id='word_1_432' title='bbox 3164 2582 3178 2599; x_wconf 93' lang='grc'><strong>.</strong></span> <span class='ocrx_word' id='word_1_433' title='bbox 3206 2580 3224 2600; x_wconf 90' lang='grc'><strong>.</strong></span> <span class='ocrx_word' id='word_1_434' title='bbox 3254 2586 3267 2600; x_wconf 90' lang='grc'><strong>.</strong></span> <span class='ocrx_word' id='word_1_435' title='bbox 3300 2585 3313 2598; x_wconf 95' lang='grc'><strong>.</strong></span> <span class='ocrx_word' id='word_1_436' title='bbox 3347 2583 3363 2600; x_wconf 93' lang='grc'><strong>.</strong></span> <span class='ocrx_word' id='word_1_437' title='bbox 3449 2538 3713 2616; x_wconf 80' lang='grc' dir='ltr'>Ἐγενῆθη</span> <span class='ocrx_word' id='word_1_438' title='bbox 3767 2539 3889 2597; x_wconf 82' lang='grc' dir='ltr'>Ἰου-</span> 
     </span>
    </p>
   </div>
   <div class='ocr_carea' id='block_1_68' title="bbox 2250 2619 3888 2708">
    <p class='ocr_par' dir='ltr' id='par_1_68' title="bbox 2250 2619 3888 2708">
     <span class='ocr_line' id='line_1_68' title="bbox 2250 2619 3888 2708; baseline 0.005 -31"><span class='ocrx_word' id='word_1_439' title='bbox 2250 2619 2370 2678; x_wconf 84' lang='grc' dir='ltr'>δαία</span> <span class='ocrx_word' id='word_1_440' title='bbox 2401 2621 2638 2700; x_wconf 80' lang='grc' dir='ltr'>ἆγίασμα</span> <span class='ocrx_word' id='word_1_441' title='bbox 2688 2625 2871 2686; x_wconf 76' lang='grc' dir='ltr'>αὑτοῦ.</span> <span class='ocrx_word' id='word_1_442' title='bbox 2955 2620 3128 2706; x_wconf 73' lang='lat' dir='ltr'><strong>&quot;Ou,</strong></span> <span class='ocrx_word' id='word_1_443' title='bbox 3186 2629 3369 2708; x_wconf 74' lang='grc' dir='ltr'>φησὶν,</span> <span class='ocrx_word' id='word_1_444' title='bbox 3444 2627 3737 2708; x_wconf 81' lang='grc' dir='ltr'>ἀπηλλάγη</span> <span class='ocrx_word' id='word_1_445' title='bbox 3803 2632 3888 2696; x_wconf 76' lang='grc' dir='ltr'>τῆς</span> 
     </span>
    </p>
   </div>
   <div class='ocr_carea' id='block_1_69' title="bbox 2253 2710 3886 2797">
    <p class='ocr_par' dir='ltr' id='par_1_69' title="bbox 2253 2710 3886 2797">
     <span class='ocr_line' id='line_1_69' title="bbox 2253 2710 3886 2797; baseline 0.002 -30"><span class='ocrx_word' id='word_1_446' title='bbox 2253 2716 2356 2767; x_wconf 82' lang='grc' dir='ltr'><strong>τῶν</strong></span> <span class='ocrx_word' id='word_1_447' title='bbox 2421 2712 2727 2797; x_wconf 72' lang='grc' dir='ltr'><strong>Αἰγυπτίων</strong></span> <span class='ocrx_word' id='word_1_448' title='bbox 2784 2710 3048 2777; x_wconf 74' lang='grc' dir='ltr'>δουλείας*</span> <span class='ocrx_word' id='word_1_449' title='bbox 3105 2716 3227 2773; x_wconf 82' lang='grc' dir='ltr'>τότε</span> <span class='ocrx_word' id='word_1_450' title='bbox 3283 2717 3319 2784; x_wconf 83' lang='grc' dir='ltr'><strong>ἠ</strong></span> <span class='ocrx_word' id='word_1_451' title='bbox 3386 2714 3611 2774; x_wconf 79' lang='grc' dir='ltr'>Ἰουδαία</span> <span class='ocrx_word' id='word_1_452' title='bbox 3672 2718 3886 2795; x_wconf 73' lang='grc' dir='ltr'>ἄγίασμι</span> 
     </span>
    </p>
   </div>
   <div class='ocr_carea' id='block_1_70' title="bbox 2252 2799 3885 2883">
    <p class='ocr_par' dir='ltr' id='par_1_70' title="bbox 2252 2799 3885 2883">
     <span class='ocr_line' id='line_1_70' title="bbox 2252 2799 3885 2883; baseline 0.004 -27"><span class='ocrx_word' id='word_1_453' title='bbox 2252 2799 2410 2857; x_wconf 72' lang='grc' dir='ltr'>αὐτοῦ</span> <span class='ocrx_word' id='word_1_454' title='bbox 2453 2800 2697 2878; x_wconf 75' lang='grc' dir='ltr'>γέγονεν.</span> <span class='ocrx_word' id='word_1_455' title='bbox 2762 2801 2869 2859; x_wconf 73' lang='grc' dir='ltr'><strong>Οὔκ</strong></span> <span class='ocrx_word' id='word_1_456' title='bbox 2919 2803 3079 2860; x_wconf 75' lang='grc' dir='ltr'>αὐτοῦ</span> <span class='ocrx_word' id='word_1_457' title='bbox 3134 2802 3188 2860; x_wconf 78' lang='grc' dir='ltr'>δὲ</span> <span class='ocrx_word' id='word_1_458' title='bbox 3261 2802 3475 2882; x_wconf 75' lang='grc' dir='ltr'>Ἰσραὴλ</span> <span class='ocrx_word' id='word_1_459' title='bbox 3535 2804 3661 2883; x_wconf 75' lang='grc' dir='ltr'>ἦρξε</span> <span class='ocrx_word' id='word_1_460' title='bbox 3717 2809 3885 2881; x_wconf 82' lang='grc' dir='ltr'>μόνου,</span> 
     </span>
    </p>
   </div>
   <div class='ocr_carea' id='block_1_71' title="bbox 2254 2887 3884 2975">
    <p class='ocr_par' dir='ltr' id='par_1_71' title="bbox 2254 2887 3884 2975">
     <span class='ocr_line' id='line_1_71' title="bbox 2254 2887 3884 2975; baseline 0.008 -31"><span class='ocrx_word' id='word_1_461' title='bbox 2254 2887 2393 2945; x_wconf 76' lang='grc' dir='ltr'>ἀλλὰ</span> <span class='ocrx_word' id='word_1_462' title='bbox 2448 2896 2560 2969; x_wconf 83' lang='grc' dir='ltr'>νῦν,</span> <span class='ocrx_word' id='word_1_463' title='bbox 2613 2891 2794 2971; x_wconf 76' lang='grc' dir='ltr'>φησὶν,</span> <span class='ocrx_word' id='word_1_464' title='bbox 2870 2892 2944 2955; x_wconf 79' lang='grc' dir='ltr'><strong>είς</strong></span> <span class='ocrx_word' id='word_1_465' title='bbox 2996 2893 3169 2952; x_wconf 83' lang='grc' dir='ltr'>πάντα</span> <span class='ocrx_word' id='word_1_466' title='bbox 3252 2896 3317 2950; x_wconf 76' lang='grc' dir='ltr'><strong>τὰ</strong></span> <span class='ocrx_word' id='word_1_467' title='bbox 3406 2893 3528 2961; x_wconf 74' lang='grc' dir='ltr'>ἔθνη</span> <span class='ocrx_word' id='word_1_468' title='bbox 3618 2898 3654 2963; x_wconf 75' lang='grc' dir='ltr'><strong>ἡ</strong></span> <span class='ocrx_word' id='word_1_469' title='bbox 3736 2897 3884 2975; x_wconf 78' lang='grc' dir='ltr'>χάρις</span> 
     </span>
    </p>
   </div>
   <div class='ocr_carea' id='block_1_72' title="bbox 2255 2976 2478 3043">
    <p class='ocr_par' dir='ltr' id='par_1_72' title="bbox 2255 2976 2478 3043">
     <span class='ocr_line' id='line_1_72' title="bbox 2255 2976 2478 3043; baseline 0.009 -9"><span class='ocrx_word' id='word_1_470' title='bbox 2255 2976 2450 3036; x_wconf 80' lang='grc' dir='ltr'>δίδοται</span> <span class='ocrx_word' id='word_1_471' title='bbox 2463 3027 2478 3043; x_wconf 90' lang='grc'><strong>,</strong></span> 
     </span>
    </p>
   </div>
   <div class='ocr_carea' id='block_1_73' title="bbox 2335 3066 3884 3149">
    <p class='ocr_par' dir='ltr' id='par_1_73' title="bbox 2335 3066 3884 3149">
     <span class='ocr_line' id='line_1_73' title="bbox 2335 3066 3884 3149; baseline 0.003 -25"><span class='ocrx_word' id='word_1_472' title='bbox 2335 3068 2409 3124; x_wconf 78' lang='grc' dir='ltr'><strong>Τὰ</strong></span> <span class='ocrx_word' id='word_1_473' title='bbox 2455 3068 2552 3147; x_wconf 84' lang='grc' dir='ltr'><strong>όρη</strong></span> <span class='ocrx_word' id='word_1_474' title='bbox 2611 3066 2927 3148; x_wconf 77' lang='grc' dir='ltr'>έσκίρτησαν</span> <span class='ocrx_word' id='word_1_475' title='bbox 3004 3071 3130 3127; x_wconf 80' lang='grc' dir='ltr'>ὡσεὶ</span> <span class='ocrx_word' id='word_1_476' title='bbox 3208 3073 3369 3149; x_wconf 86' lang='grc' dir='ltr'>κριοί.</span> <span class='ocrx_word' id='word_1_477' title='bbox 3449 3080 3545 3129; x_wconf 77' lang='grc' dir='ltr'><strong>Τοῦ</strong></span> <span class='ocrx_word' id='word_1_478' title='bbox 3619 3080 3747 3131; x_wconf 71' lang='grc' dir='ltr'>Θεοῦ</span> <span class='ocrx_word' id='word_1_479' title='bbox 3801 3074 3884 3135; x_wconf 80' lang='grc' dir='ltr'><strong>τὰς</strong></span> 
     </span>
    </p>
   </div>
   <div class='ocr_carea' id='block_1_74' title="bbox 2256 3157 3886 3241">
    <p class='ocr_par' dir='ltr' id='par_1_74' title="bbox 2256 3157 3886 3241">
     <span class='ocr_line' id='line_1_74' title="bbox 2256 3157 3886 3241; baseline 0.003 -27"><span class='ocrx_word' id='word_1_480' title='bbox 2256 3159 2561 3236; x_wconf 67' lang='grc' dir='ltr'>επιφανείας</span> <span class='ocrx_word' id='word_1_481' title='bbox 2592 3157 2648 3214; x_wconf 72' lang='grc' dir='ltr'><strong>έν</strong></span> <span class='ocrx_word' id='word_1_482' title='bbox 2678 3160 2861 3223; x_wconf 74' lang='grc' dir='ltr'>αὐτοῖς</span> <span class='ocrx_word' id='word_1_483' title='bbox 2893 3160 3236 3241; x_wconf 73' lang='grc' dir='ltr'>ποιουμένου,</span> <span class='ocrx_word' id='word_1_484' title='bbox 3280 3163 3435 3219; x_wconf 69' lang='grc' dir='ltr'>οἱονεὶ</span> <span class='ocrx_word' id='word_1_485' title='bbox 3500 3162 3754 3241; x_wconf 74' lang='grc' dir='ltr'>ἐσκίρτων</span> <span class='ocrx_word' id='word_1_486' title='bbox 3810 3164 3886 3219; x_wconf 76' lang='grc' dir='ltr'><strong>ἐπὶ</strong></span> 
     </span>
    </p>
   </div>
   <div class='ocr_carea' id='block_1_75' title="bbox 2192 3246 2989 3327">
    <p class='ocr_par' dir='ltr' id='par_1_75' title="bbox 2192 3246 2989 3327">
     <span class='ocr_line' id='line_1_75' title="bbox 2192 3246 2989 3327; baseline 0 -24"><span class='ocrx_word' id='word_1_487' title='bbox 2192 3261 2234 3313; x_wconf 86' lang='lat' dir='ltr'>c</span> <span class='ocrx_word' id='word_1_488' title='bbox 2257 3249 2324 3324; x_wconf 69' lang='grc' dir='ltr'><strong>τῇ</strong></span> <span class='ocrx_word' id='word_1_489' title='bbox 2356 3253 2452 3305; x_wconf 83' lang='grc' dir='ltr'>τοᾶ</span> <span class='ocrx_word' id='word_1_490' title='bbox 2481 3246 2700 3327; x_wconf 73' lang='grc' dir='ltr'>ἰσρατὶλ</span> <span class='ocrx_word' id='word_1_491' title='bbox 2728 3249 2989 3327; x_wconf 77' lang='grc' dir='ltr'>σωτηρίᾳ,</span> 
     </span>
    </p>
   </div>
   <div class='ocr_carea' id='block_1_76' title="bbox 2334 3335 3884 3420">
    <p class='ocr_par' dir='ltr' id='par_1_76' title="bbox 2334 3335 3884 3420">
     <span class='ocr_line' id='line_1_76' title="bbox 2334 3335 3884 3420; baseline 0.004 -28"><span class='ocrx_word' id='word_1_492' title='bbox 2334 3337 2395 3395; x_wconf 86' lang='grc' dir='ltr'>Τί</span> <span class='ocrx_word' id='word_1_493' title='bbox 2431 3337 2512 3393; x_wconf 91' lang='grc' dir='ltr'><strong>σοί</strong></span> <span class='ocrx_word' id='word_1_494' title='bbox 2567 3336 2701 3411; x_wconf 72' lang='grc' dir='ltr'>ἐστι,</span> <span class='ocrx_word' id='word_1_495' title='bbox 2761 3335 3022 3416; x_wconf 77' lang='grc' dir='ltr'>θάλασσα,</span> <span class='ocrx_word' id='word_1_496' title='bbox 3076 3338 3158 3396; x_wconf 79' lang='grc' dir='ltr'><strong>ὅτι</strong></span> <span class='ocrx_word' id='word_1_497' title='bbox 3205 3338 3419 3418; x_wconf 65' lang='grc' dir='ltr'>ἔφυγες,</span> <span class='ocrx_word' id='word_1_498' title='bbox 3464 3341 3555 3395; x_wconf 80' lang='grc' dir='ltr'><strong>καὶ</strong></span> <span class='ocrx_word' id='word_1_499' title='bbox 3601 3342 3685 3415; x_wconf 80' lang='grc' dir='ltr'>σὺ,</span> <span class='ocrx_word' id='word_1_500' title='bbox 3752 3340 3884 3420; x_wconf 82' lang='grc' dir='ltr'>Ἰορ-</span> 
     </span>
    </p>
   </div>
   <div class='ocr_carea' id='block_1_77' title="bbox 2254 3423 3885 3509">
    <p class='ocr_par' dir='ltr' id='par_1_77' title="bbox 2254 3423 3885 3509">
     <span class='ocr_line' id='line_1_77' title="bbox 2254 3423 3885 3509; baseline 0.002 -28"><span class='ocrx_word' id='word_1_501' title='bbox 2254 3423 2412 3492; x_wconf 62' lang='lat' dir='ltr'><strong>saw</strong></span> <span class='ocrx_word' id='word_1_502' title='bbox 2486 3423 2569 3480; x_wconf 77' lang='grc' dir='ltr'><strong>ὅτι</strong></span> <span class='ocrx_word' id='word_1_503' title='bbox 2628 3425 2895 3506; x_wconf 65' lang='grc' dir='ltr'>ἔστράφης</span> <span class='ocrx_word' id='word_1_504' title='bbox 2942 3428 3015 3491; x_wconf 77' lang='grc' dir='ltr'>εἰς</span> <span class='ocrx_word' id='word_1_505' title='bbox 3062 3428 3129 3484; x_wconf 74' lang='grc' dir='ltr'><strong>τὰ</strong></span> <span class='ocrx_word' id='word_1_506' title='bbox 3187 3428 3409 3504; x_wconf 72' lang='grc' dir='ltr'>όπίσως</span> <span class='ocrx_word' id='word_1_507' title='bbox 3456 3428 3678 3497; x_wconf 65' lang='grc' dir='ltr'>Ἐπιιδῆ</span> <span class='ocrx_word' id='word_1_508' title='bbox 3734 3429 3885 3509; x_wconf 79' lang='grc' dir='ltr'>ἄλογα</span> 
     </span>
    </p>
   </div>
   <div class='ocr_carea' id='block_1_78' title="bbox 2253 3514 3885 3595">
    <p class='ocr_par' dir='ltr' id='par_1_78' title="bbox 2253 3514 3885 3595">
     <span class='ocr_line' id='line_1_78' title="bbox 2253 3514 3885 3595; baseline 0.001 -24"><span class='ocrx_word' id='word_1_509' title='bbox 2253 3516 2317 3583; x_wconf 72' lang='grc' dir='ltr'>ἦν</span> <span class='ocrx_word' id='word_1_510' title='bbox 2362 3514 2543 3571; x_wconf 76' lang='grc' dir='ltr'>ἐκεῖνα</span> <span class='ocrx_word' id='word_1_511' title='bbox 2586 3517 2674 3572; x_wconf 82' lang='grc' dir='ltr'><strong>καὶ</strong></span> <span class='ocrx_word' id='word_1_512' title='bbox 2706 3514 2916 3595; x_wconf 77' lang='grc' dir='ltr'>ἄψυχα,</span> <span class='ocrx_word' id='word_1_513' title='bbox 2964 3519 3127 3582; x_wconf 77' lang='grc' dir='ltr'>αὐτὸς</span> <span class='ocrx_word' id='word_1_514' title='bbox 3160 3532 3399 3576; x_wconf 80' lang='grc' dir='ltr'>ποιεῖται</span> <span class='ocrx_word' id='word_1_515' title='bbox 3446 3517 3575 3595; x_wconf 66' lang='grc' dir='ltr'>ὅπερ</span> <span class='ocrx_word' id='word_1_516' title='bbox 3600 3522 3767 3577; x_wconf 77' lang='grc' dir='ltr'>αὐτῶν</span> <span class='ocrx_word' id='word_1_517' title='bbox 3799 3523 3885 3587; x_wconf 70' lang='grc' dir='ltr'>τὴν</span> 
     </span>
    </p>
   </div>
   <div class='ocr_carea' id='block_1_79' title="bbox 2256 3605 2561 3683">
    <p class='ocr_par' dir='ltr' id='par_1_79' title="bbox 2256 3605 2561 3683">
     <span class='ocr_line' id='line_1_79' title="bbox 2256 3605 2561 3683; baseline 0.007 -22"><span class='ocrx_word' id='word_1_518' title='bbox 2256 3605 2561 3683; x_wconf 78' lang='grc' dir='ltr'>ἀπόκρισιν.</span> 
     </span>
    </p>
   </div>
   <div class='ocr_carea' id='block_1_80' title="bbox 2338 3690 3881 3781">
    <p class='ocr_par' dir='ltr' id='par_1_80' title="bbox 2338 3690 3881 3781">
     <span class='ocr_line' id='line_1_80' title="bbox 2338 3690 3881 3781; baseline 0.004 -32"><span class='ocrx_word' id='word_1_519' title='bbox 2338 3690 2470 3749; x_wconf 85' lang='grc' dir='ltr'><strong>Ἀπὸ</strong></span> <span class='ocrx_word' id='word_1_520' title='bbox 2540 3694 2831 3773; x_wconf 85' lang='grc' dir='ltr'>προσώπου</span> <span class='ocrx_word' id='word_1_521' title='bbox 2919 3695 3105 3773; x_wconf 79' lang='grc' dir='ltr'>Κυρίου</span> <span class='ocrx_word' id='word_1_522' title='bbox 3151 3696 3408 3766; x_wconf 72' lang='grc' dir='ltr'>ἐσαλεύθη</span> <span class='ocrx_word' id='word_1_523' title='bbox 3478 3703 3513 3768; x_wconf 81' lang='grc' dir='ltr'><strong>ἡ</strong></span> <span class='ocrx_word' id='word_1_524' title='bbox 3732 3708 3881 3759; x_wconf 78' lang='grc' dir='ltr'>Τούτο</span> 
     </span>
    </p>
   </div>
   <div class='ocr_carea' id='block_1_81' title="bbox 2252 3781 3877 3868">
    <p class='ocr_par' dir='ltr' id='par_1_81' title="bbox 2252 3781 3877 3868">
     <span class='ocr_line' id='line_1_81' title="bbox 2252 3781 3877 3868; baseline 0.007 -28"><span class='ocrx_word' id='word_1_525' title='bbox 2252 3782 2498 3856; x_wconf 79' lang='grc' dir='ltr'>ἕκαστον,</span> <span class='ocrx_word' id='word_1_526' title='bbox 2532 3784 2682 3863; x_wconf 75' lang='grc' dir='ltr'>φησὶ,</span> <span class='ocrx_word' id='word_1_527' title='bbox 2720 3781 2804 3838; x_wconf 76' lang='grc' dir='ltr'><strong>διὰ</strong></span> <span class='ocrx_word' id='word_1_528' title='bbox 2833 3784 2923 3839; x_wconf 83' lang='grc' dir='ltr'>τὸν</span> <span class='ocrx_word' id='word_1_529' title='bbox 2959 3784 3285 3865; x_wconf 65' lang='grc' dir='ltr'>ἐπιφανέντα</span> <span class='ocrx_word' id='word_1_530' title='bbox 3334 3789 3627 3866; x_wconf 73' lang='grc' dir='ltr'>γεγένηται</span> <span class='ocrx_word' id='word_1_531' title='bbox 3692 3792 3877 3868; x_wconf 81' lang='grc' dir='ltr'>Κύριον.</span> 
     </span>
    </p>
   </div>
   <div class='ocr_carea' id='block_1_82' title="bbox 2252 3873 3880 3951">
    <p class='ocr_par' dir='ltr' id='par_1_82' title="bbox 2252 3873 3880 3951">
     <span class='ocr_line' id='line_1_82' title="bbox 2252 3873 3880 3951; baseline 0.004 -21"><span class='ocrx_word' id='word_1_532' title='bbox 2252 3873 2460 3938; x_wconf 81' lang='grc' dir='ltr'>Ταύτην</span> <span class='ocrx_word' id='word_1_533' title='bbox 2492 3874 2659 3929; x_wconf 76' lang='grc' dir='ltr'>αἰτίαν</span> <span class='ocrx_word' id='word_1_534' title='bbox 2693 3875 2791 3940; x_wconf 76' lang='grc' dir='ltr'>τῆς</span> <span class='ocrx_word' id='word_1_535' title='bbox 2836 3873 2936 3951; x_wconf 74' lang='grc' dir='ltr'>γῆς</span> <span class='ocrx_word' id='word_1_536' title='bbox 2969 3877 2996 3930; x_wconf 97' lang='lat'><strong>6</strong></span> <span class='ocrx_word' id='word_1_537' title='bbox 3027 3874 3217 3941; x_wconf 81' lang='grc' dir='ltr'>κλόνος</span> <span class='ocrx_word' id='word_1_538' title='bbox 3256 3879 3343 3933; x_wconf 80' lang='grc' dir='ltr'><strong>καὶ</strong></span> <span class='ocrx_word' id='word_1_539' title='bbox 3399 3881 3433 3946; x_wconf 81' lang='grc' dir='ltr'><strong>ἡ</strong></span> <span class='ocrx_word' id='word_1_540' title='bbox 3485 3885 3587 3947; x_wconf 80' lang='grc' dir='ltr'>τῆς</span> <span class='ocrx_word' id='word_1_541' title='bbox 3634 3880 3880 3945; x_wconf 70' lang='grc' dir='ltr'>θαλάσσης</span> 
     </span>
    </p>
   </div>
   <div class='ocr_carea' id='block_1_83' title="bbox 2249 3958 3875 4044">
    <p class='ocr_par' dir='ltr' id='par_1_83' title="bbox 2249 3958 3875 4044">
     <span class='ocr_line' id='line_1_83' title="bbox 2249 3958 3875 4044; baseline 0.006 -28"><span class='ocrx_word' id='word_1_542' title='bbox 2249 3958 2521 4039; x_wconf 88' lang='grc' dir='ltr'>διαίρεσις.</span> <span class='ocrx_word' id='word_1_543' title='bbox 2556 3961 2693 4017; x_wconf 77' lang='grc' dir='ltr'>Αὐτὸ</span> <span class='ocrx_word' id='word_1_544' title='bbox 2724 3963 2824 4040; x_wconf 82' lang='grc' dir='ltr'><strong>γὰρ</strong></span> <span class='ocrx_word' id='word_1_545' title='bbox 2850 3964 2939 4019; x_wconf 83' lang='grc' dir='ltr'><strong>καὶ</strong></span> <span class='ocrx_word' id='word_1_546' title='bbox 2988 3964 3087 4031; x_wconf 83' lang='grc' dir='ltr'><strong>τὴν</strong></span> <span class='ocrx_word' id='word_1_547' title='bbox 3119 3965 3312 4044; x_wconf 78' lang='grc' dir='ltr'>ἄγονον</span> <span class='ocrx_word' id='word_1_548' title='bbox 3368 3967 3566 4043; x_wconf 83' lang='grc' dir='ltr'>πέτραν</span> <span class='ocrx_word' id='word_1_549' title='bbox 3632 3970 3727 4037; x_wconf 77' lang='grc' dir='ltr'><strong>την</strong></span> <span class='ocrx_word' id='word_1_550' title='bbox 3778 3972 3875 4025; x_wconf 84' lang='grc' dir='ltr'>πά-</span> 
     </span>
    </p>
   </div>
   <div class='ocr_carea' id='block_1_84' title="bbox 2250 4048 3879 4134">
    <p class='ocr_par' dir='ltr' id='par_1_84' title="bbox 2250 4048 3879 4134">
     <span class='ocr_line' id='line_1_84' title="bbox 2250 4048 3879 4134; baseline 0.004 -28"><span class='ocrx_word' id='word_1_551' title='bbox 2250 4074 2349 4117; x_wconf 90' lang='grc' dir='ltr'><strong>σης</strong></span> <span class='ocrx_word' id='word_1_552' title='bbox 2406 4048 2629 4127; x_wconf 72' lang='grc' dir='ltr'>ἰκμάδος</span> <span class='ocrx_word' id='word_1_553' title='bbox 2683 4053 3073 4130; x_wconf 71' lang='grc' dir='ltr'>ὲστερημένην,</span> <span class='ocrx_word' id='word_1_554' title='bbox 3135 4057 3219 4111; x_wconf 79' lang='grc' dir='ltr'><strong>καὶ</strong></span> <span class='ocrx_word' id='word_1_555' title='bbox 3276 4055 3413 4128; x_wconf 83' lang='grc' dir='ltr'>μηδὲ</span> <span class='ocrx_word' id='word_1_556' title='bbox 3463 4066 3640 4134; x_wconf 80' lang='grc' dir='ltr'>τομῆς</span> <span class='ocrx_word' id='word_1_557' title='bbox 3697 4059 3775 4118; x_wconf 79' lang='grc' dir='ltr'><strong>διὰ</strong></span> <span class='ocrx_word' id='word_1_558' title='bbox 3828 4060 3879 4114; x_wconf 76' lang='grc' dir='ltr'>τὸ</span> 
     </span>
    </p>
   </div>
   <div class='ocr_carea' id='block_1_85' title="bbox 2249 4140 3878 4226">
    <p class='ocr_par' dir='ltr' id='par_1_85' title="bbox 2249 4140 3878 4226">
     <span class='ocr_line' id='line_1_85' title="bbox 2249 4140 3878 4226; baseline 0.004 -31"><span class='ocrx_word' id='word_1_559' title='bbox 2249 4140 2554 4219; x_wconf 79' lang='grc' dir='ltr'>στερέμνιον</span> <span class='ocrx_word' id='word_1_560' title='bbox 2624 4141 2988 4222; x_wconf 85' lang='grc' dir='ltr'>ἆνεχομένην,</span> <span class='ocrx_word' id='word_1_561' title='bbox 3059 4149 3126 4220; x_wconf 76' lang='grc' dir='ltr'>τῇ</span> <span class='ocrx_word' id='word_1_562' title='bbox 3170 4148 3468 4226; x_wconf 88' lang='grc' dir='ltr'>προςχύσει</span> <span class='ocrx_word' id='word_1_563' title='bbox 3527 4156 3637 4205; x_wconf 81' lang='grc' dir='ltr'><strong>τῶν</strong></span> <span class='ocrx_word' id='word_1_564' title='bbox 3693 4148 3878 4204; x_wconf 75' lang='grc' dir='ltr'>ὑδάτων</span> 
     </span>
    </p>
   </div>
   <div class='ocr_carea' id='block_1_86' title="bbox 2247 4228 3872 4315">
    <p class='ocr_par' dir='ltr' id='par_1_86' title="bbox 2247 4228 3872 4315">
     <span class='ocr_line' id='line_1_86' title="bbox 2247 4228 3872 4315; baseline 0.002 -30"><span class='ocrx_word' id='word_1_565' title='bbox 2247 4228 2529 4303; x_wconf 77' lang='grc' dir='ltr'>ἐπέκλυσε,</span> <span class='ocrx_word' id='word_1_566' title='bbox 2582 4232 2763 4307; x_wconf 81' lang='grc' dir='ltr'>πηγὰς</span> <span class='ocrx_word' id='word_1_567' title='bbox 2834 4230 3041 4287; x_wconf 79' lang='grc' dir='ltr'>ἐκεῖθεν</span> <span class='ocrx_word' id='word_1_568' title='bbox 3097 4231 3303 4289; x_wconf 76' lang='grc' dir='ltr'>ὑδάτων</span> <span class='ocrx_word' id='word_1_569' title='bbox 3346 4237 3603 4315; x_wconf 72' lang='grc' dir='ltr'>ἀφθόνους</span> <span class='ocrx_word' id='word_1_570' title='bbox 3638 4236 3872 4302; x_wconf 73' lang='grc' dir='ltr'>ἂναδοθῆ·</span> 
     </span>
    </p>
   </div>
   <div class='ocr_carea' id='block_1_87' title="bbox 2248 4317 3877 4405">
    <p class='ocr_par' dir='ltr' id='par_1_87' title="bbox 2248 4317 3877 4405">
     <span class='ocr_line' id='line_1_87' title="bbox 2248 4317 3877 4405; baseline 0.007 -34"><span class='ocrx_word' id='word_1_571' title='bbox 2248 4339 2330 4372; x_wconf 90' lang='grc' dir='ltr'><strong>ναι</strong></span> <span class='ocrx_word' id='word_1_572' title='bbox 2380 4317 2656 4383; x_wconf 84' lang='grc' dir='ltr'>κελεύσας.</span> <span class='ocrx_word' id='word_1_573' title='bbox 2720 4318 2879 4378; x_wconf 77' lang='grc' dir='ltr'>Οὐδὲν</span> <span class='ocrx_word' id='word_1_574' title='bbox 2934 4321 3045 4393; x_wconf 79' lang='grc' dir='ltr'>οὖν,</span> <span class='ocrx_word' id='word_1_575' title='bbox 3106 4324 3261 4402; x_wconf 81' lang='grc' dir='ltr'>φησὶ,</span> <span class='ocrx_word' id='word_1_576' title='bbox 3316 4327 3619 4399; x_wconf 75' lang='grc' dir='ltr'>θαυμαστὸν</span> <span class='ocrx_word' id='word_1_577' title='bbox 3665 4328 3877 4405; x_wconf 83' lang='grc' dir='ltr'>γεγένη-</span> 
     </span>
    </p>
   </div>
   <div class='ocr_carea' id='block_1_88' title="bbox 2247 4406 3875 4492">
    <p class='ocr_par' dir='ltr' id='par_1_88' title="bbox 2247 4406 3875 4492">
     <span class='ocr_line' id='line_1_88' title="bbox 2247 4406 3875 4492; baseline 0.005 -31"><span class='ocrx_word' id='word_1_578' title='bbox 2247 4412 2356 4462; x_wconf 82' lang='grc' dir='ltr'>ται⁶</span> <span class='ocrx_word' id='word_1_579' title='bbox 2393 4406 2680 4486; x_wconf 80' lang='grc' dir='ltr'>προσέταξέ</span> <span class='ocrx_word' id='word_1_580' title='bbox 2712 4410 2812 4486; x_wconf 80' lang='grc' dir='ltr'><strong>γὰρ</strong></span> <span class='ocrx_word' id='word_1_581' title='bbox 2845 4411 2872 4465; x_wconf 89' lang='lat'><strong>6</strong></span> <span class='ocrx_word' id='word_1_582' title='bbox 2901 4411 3159 4481; x_wconf 75' lang='grc' dir='ltr'>ποιητὴς,</span> <span class='ocrx_word' id='word_1_583' title='bbox 3212 4414 3301 4469; x_wconf 84' lang='grc' dir='ltr'><strong>καὶ</strong></span> <span class='ocrx_word' id='word_1_584' title='bbox 3357 4412 3571 4492; x_wconf 76' lang='grc' dir='ltr'>διῃρέθη</span> <span class='ocrx_word' id='word_1_585' title='bbox 3615 4419 3675 4473; x_wconf 78' lang='grc' dir='ltr'>τὸ</span> <span class='ocrx_word' id='word_1_586' title='bbox 3723 4414 3875 4473; x_wconf 65' lang='grc' dir='ltr'>πέλεια</span> 
     </span>
    </p>
   </div>
   <div class='ocr_carea' id='block_1_89' title="bbox 2250 4497 3875 4581">
    <p class='ocr_par' dir='ltr' id='par_1_89' title="bbox 2250 4497 3875 4581">
     <span class='ocr_line' id='line_1_89' title="bbox 2250 4497 3875 4581; baseline 0.004 -30"><span class='ocrx_word' id='word_1_587' title='bbox 2250 4519 2368 4575; x_wconf 84' lang='grc' dir='ltr'>γος,</span> <span class='ocrx_word' id='word_1_588' title='bbox 2425 4498 2512 4552; x_wconf 84' lang='grc' dir='ltr'>καὶ</span> <span class='ocrx_word' id='word_1_589' title='bbox 2538 4498 2570 4565; x_wconf 83' lang='grc' dir='ltr'><strong>ἡ</strong></span> <span class='ocrx_word' id='word_1_590' title='bbox 2596 4497 2895 4574; x_wconf 79' lang='grc' dir='ltr'>ἁκρότομος</span> <span class='ocrx_word' id='word_1_591' title='bbox 2943 4498 3128 4556; x_wconf 79' lang='grc' dir='ltr'>ἕϐλυσε</span> <span class='ocrx_word' id='word_1_592' title='bbox 3189 4502 3379 4580; x_wconf 87' lang='grc' dir='ltr'>πέτρα,</span> <span class='ocrx_word' id='word_1_593' title='bbox 3442 4506 3529 4560; x_wconf 76' lang='grc' dir='ltr'><strong>καὶ</strong></span> <span class='ocrx_word' id='word_1_594' title='bbox 3588 4509 3615 4562; x_wconf 90' lang='lat'><strong>6</strong></span> <span class='ocrx_word' id='word_1_595' title='bbox 3680 4506 3875 4581; x_wconf 70' lang='grc' dir='ltr'>οὖρανὸς</span> 
     </span>
    </p>
   </div>
   <div class='ocr_carea' id='block_1_90' title="bbox 524 4584 2165 4676">
    <p class='ocr_par' dir='ltr' id='par_1_90' title="bbox 524 4584 2165 4676">
     <span class='ocr_line' id='line_1_90' title="bbox 524 4584 2165 4676; baseline 0.001 -20"><span class='ocrx_word' id='word_1_596' title='bbox 524 4594 741 4656; x_wconf 70' lang='lat' dir='ltr'><strong>caelum</strong></span> <span class='ocrx_word' id='word_1_597' title='bbox 780 4612 995 4656; x_wconf 90' lang='lat' dir='ltr'><strong>manna</strong></span> <span class='ocrx_word' id='word_1_598' title='bbox 1045 4584 1426 4676; x_wconf 84' lang='lat' dir='ltr'><strong>supeditavit,</strong></span> <span class='ocrx_word' id='word_1_599' title='bbox 1489 4594 1648 4656; x_wconf 89' lang='lat' dir='ltr'><strong>venti</strong></span> <span class='ocrx_word' id='word_1_600' title='bbox 1707 4584 2165 4676; x_wconf 81' lang='lat' dir='ltr'><strong>ortygometram</strong></span> 
     </span>
    </p>
   </div>
   <div class='ocr_carea' id='block_1_91' title="bbox 2273 4584 3873 4676">
    <p class='ocr_par' dir='ltr' id='par_1_91' title="bbox 2273 4584 3873 4674">
     <span class='ocr_line' id='line_1_91' title="bbox 2273 4584 3873 4674; baseline 0.005 -37"><span class='ocrx_word' id='word_1_601' title='bbox 2273 4584 2565 4665; x_wconf 63' lang='grc' dir='ltr'>χορήγησε</span> <span class='ocrx_word' id='word_1_602' title='bbox 2621 4588 2819 4667; x_wconf 74' lang='grc' dir='ltr'>μάννα,</span> <span class='ocrx_word' id='word_1_603' title='bbox 2880 4590 2927 4644; x_wconf 80' lang='grc' dir='ltr'>οἱ</span> <span class='ocrx_word' id='word_1_604' title='bbox 3030 4586 3217 4664; x_wconf 77' lang='grc' dir='ltr'>ἄνεμοι</span> <span class='ocrx_word' id='word_1_605' title='bbox 3312 4593 3410 4659; x_wconf 78' lang='grc' dir='ltr'><strong>τὴν</strong></span> <span class='ocrx_word' id='word_1_606' title='bbox 3495 4596 3873 4674; x_wconf 72' lang='grc' dir='ltr'>ὀρτυγομήτραν</span> 
     </span>
    </p>
   </div>
   <div class='ocr_carea' id='block_1_92' title="bbox 525 4684 2172 4766">
    <p class='ocr_par' dir='ltr' id='par_1_92' title="bbox 525 4684 2172 4766">
     <span class='ocr_line' id='line_1_92' title="bbox 525 4684 2172 4766; baseline 0 -19"><span class='ocrx_word' id='word_1_607' title='bbox 525 4692 1051 4764; x_wconf 80' lang='lat' dir='ltr'><strong>congregaverunt,</strong></span> <span class='ocrx_word' id='word_1_608' title='bbox 1084 4693 1141 4746; x_wconf 93' lang='lat' dir='ltr'><strong>et</strong></span> <span class='ocrx_word' id='word_1_609' title='bbox 1169 4684 1397 4766; x_wconf 89' lang='lat' dir='ltr'><strong>reliqua</strong></span> <span class='ocrx_word' id='word_1_610' title='bbox 1432 4685 1628 4747; x_wconf 90' lang='lat' dir='ltr'><strong>omnia</strong></span> <span class='ocrx_word' id='word_1_611' title='bbox 1687 4685 1817 4765; x_wconf 90' lang='lat' dir='ltr'><strong>ipso</strong></span> <span class='ocrx_word' id='word_1_612' title='bbox 1873 4695 2172 4747; x_wconf 87' lang='lat' dir='ltr'><strong>annuente</strong></span> 
     </span>
    </p>
   </div>
   <div class='ocr_carea' id='block_1_93' title="bbox 524 4774 863 4838">
    <p class='ocr_par' dir='ltr' id='par_1_93' title="bbox 524 4774 863 4838">
     <span class='ocr_line' id='line_1_93' title="bbox 524 4774 863 4838; baseline 0.012 -4"><span class='ocrx_word' id='word_1_613' title='bbox 524 4774 679 4837; x_wconf 83' lang='lat' dir='ltr'><strong>facta</strong></span> <span class='ocrx_word' id='word_1_614' title='bbox 706 4782 863 4838; x_wconf 88' lang='lat' dir='ltr'><strong>sunt.</strong></span> 
     </span>
    </p>
   </div>
   <div class='ocr_carea' id='block_1_94' title="bbox 610 4863 2170 4945">
    <p class='ocr_par' dir='ltr' id='par_1_94' title="bbox 610 4863 2170 4945">
     <span class='ocr_line' id='line_1_94' title="bbox 610 4863 2170 4945; baseline 0.002 -21"><span class='ocrx_word' id='word_1_615' title='bbox 610 4863 803 4927; x_wconf 85' lang='lat' dir='ltr'><strong>t.Non</strong></span> <span class='ocrx_word' id='word_1_616' title='bbox 819 4864 1297 4945; x_wconf 78' lang='lat' dir='ltr'><strong>nobis,00mtns,</strong></span> <span class='ocrx_word' id='word_1_617' title='bbox 1316 4882 1439 4927; x_wconf 82' lang='lat' dir='ltr'><strong>non</strong></span> <span class='ocrx_word' id='word_1_618' title='bbox 1458 4865 1652 4939; x_wconf 82' lang='lat' dir='ltr'><strong>nobis,</strong></span> <span class='ocrx_word' id='word_1_619' title='bbox 1677 4865 1780 4928; x_wconf 81' lang='lat' dir='ltr'><strong>sed</strong></span> <span class='ocrx_word' id='word_1_620' title='bbox 1800 4867 2038 4927; x_wconf 76' lang='lat' dir='ltr'><strong>nomini</strong></span> <span class='ocrx_word' id='word_1_621' title='bbox 2067 4873 2170 4927; x_wconf 83' lang='lat' dir='ltr'><strong>tuo</strong></span> 
     </span>
    </p>
   </div>
   <div class='ocr_carea' id='block_1_95' title="bbox 520 4953 2168 5035">
    <p class='ocr_par' dir='ltr' id='par_1_95' title="bbox 520 4953 2168 5035">
     <span class='ocr_line' id='line_1_95' title="bbox 520 4953 2168 5035; baseline -0.001 -18"><span class='ocrx_word' id='word_1_622' title='bbox 520 4955 600 5017; x_wconf 80' lang='lat' dir='ltr'><strong>da</strong></span> <span class='ocrx_word' id='word_1_623' title='bbox 628 4954 912 5033; x_wconf 78' lang='lat' dir='ltr'><strong>gloriam.</strong></span> <span class='ocrx_word' id='word_1_624' title='bbox 958 4953 1204 5015; x_wconf 84' lang='lat' dir='ltr'><strong>Videtur</strong></span> <span class='ocrx_word' id='word_1_625' title='bbox 1233 4954 1591 5016; x_wconf 88' lang='lat' dir='ltr'><strong>adumbrare</strong></span> <span class='ocrx_word' id='word_1_626' title='bbox 1616 4955 1844 5035; x_wconf 90' lang='lat' dir='ltr'><strong>lapsum</strong></span> <span class='ocrx_word' id='word_1_627' title='bbox 1874 4954 2075 5034; x_wconf 90' lang='lat' dir='ltr'><strong>populi</strong></span> <span class='ocrx_word' id='word_1_628' title='bbox 2100 4974 2168 5016; x_wconf 81' lang='lat' dir='ltr'><strong>ex</strong></span> 
     </span>
    </p>
   </div>
   <div class='ocr_carea' id='block_1_96' title="bbox 522 5044 2163 5125">
    <p class='ocr_par' dir='ltr' id='par_1_96' title="bbox 522 5044 2163 5125">
     <span class='ocr_line' id='line_1_96' title="bbox 522 5044 2163 5125; baseline -0.001 -19"><span class='ocrx_word' id='word_1_629' title='bbox 522 5044 1463 5121; x_wconf 79' lang='lat' dir='ltr'><strong>circumcisionezorationemque</strong></span> <span class='ocrx_word' id='word_1_630' title='bbox 1488 5044 1635 5125; x_wconf 88' lang='lat' dir='ltr'><strong>ipsis</strong></span> <span class='ocrx_word' id='word_1_631' title='bbox 1662 5044 1896 5106; x_wconf 89' lang='lat' dir='ltr'><strong>tradere</strong></span> <span class='ocrx_word' id='word_1_632' title='bbox 1921 5045 1991 5105; x_wconf 89' lang='lat' dir='ltr'><strong>ad</strong></span> <span class='ocrx_word' id='word_1_633' title='bbox 2017 5061 2163 5107; x_wconf 87' lang='lat' dir='ltr'><strong>con-</strong></span> 
     </span>
    </p>
   </div>
   <div class='ocr_carea' id='block_1_97' title="bbox 2256 4676 3873 4762">
    <p class='ocr_par' dir='ltr' id='par_1_97' title="bbox 2256 4676 3873 4762">
     <span class='ocr_line' id='line_1_97' title="bbox 2256 4676 3873 4762; baseline 0.002 -31"><span class='ocrx_word' id='word_1_634' title='bbox 2256 4677 2621 4753; x_wconf 81' lang='grc' dir='ltr'>συνήθροισαν·</span> <span class='ocrx_word' id='word_1_635' title='bbox 2684 4678 2771 4732; x_wconf 86' lang='grc' dir='ltr'>καὶ</span> <span class='ocrx_word' id='word_1_636' title='bbox 2844 4676 3013 4734; x_wconf 77' lang='grc' dir='ltr'>τᾶλλα</span> <span class='ocrx_word' id='word_1_637' title='bbox 3131 4679 3300 4737; x_wconf 75' lang='grc' dir='ltr'>πάντα</span> <span class='ocrx_word' id='word_1_638' title='bbox 3381 4683 3539 4738; x_wconf 75' lang='grc' dir='ltr'>αὐτοῦ</span> <span class='ocrx_word' id='word_1_639' title='bbox 3615 4684 3873 4762; x_wconf 82' lang='grc' dir='ltr'>γεγένηται</span> 
     </span>
    </p>
   </div>
   <div class='ocr_carea' id='block_1_98' title="bbox 2254 4766 2556 4829">
    <p class='ocr_par' dir='ltr' id='par_1_98' title="bbox 2254 4766 2556 4829">
     <span class='ocr_line' id='line_1_98' title="bbox 2254 4766 2556 4829; baseline 0.013 -10"><span class='ocrx_word' id='word_1_640' title='bbox 2254 4766 2556 4829; x_wconf 83' lang='grc' dir='ltr'>νεύσαντος.</span> 
     </span>
    </p>
   </div>
   <div class='ocr_carea' id='block_1_99' title="bbox 2336 4854 3870 4936">
    <p class='ocr_par' dir='ltr' id='par_1_99' title="bbox 2336 4854 3870 4936">
     <span class='ocr_line' id='line_1_99' title="bbox 2336 4854 3870 4936; baseline 0.001 -27"><span class='ocrx_word' id='word_1_641' title='bbox 2336 4854 2421 4920; x_wconf 76' lang='grc' dir='ltr'><strong>Μὴ</strong></span> <span class='ocrx_word' id='word_1_642' title='bbox 2479 4855 2639 4933; x_wconf 76' lang='grc' dir='ltr'>ἡμῖν,</span> <span class='ocrx_word' id='word_1_643' title='bbox 2701 4855 2878 4933; x_wconf 83' lang='grc' dir='ltr'>Κύριε,</span> <span class='ocrx_word' id='word_1_644' title='bbox 2940 4858 3016 4929; x_wconf 80' lang='grc' dir='ltr'><strong>μὴ</strong></span> <span class='ocrx_word' id='word_1_645' title='bbox 3074 4858 3236 4936; x_wconf 73' lang='grc' dir='ltr'>ἡμῖν,</span> <span class='ocrx_word' id='word_1_646' title='bbox 3310 4856 3397 4912; x_wconf 78' lang='grc' dir='ltr'><strong>ἅλ’</strong></span> <span class='ocrx_word' id='word_1_647' title='bbox 3454 4858 3489 4927; x_wconf 76' lang='grc' dir='ltr'>ἢ</span> <span class='ocrx_word' id='word_1_648' title='bbox 3550 4868 3625 4935; x_wconf 84' lang='grc' dir='ltr'>τῷ</span> <span class='ocrx_word' id='word_1_649' title='bbox 3672 4859 3870 4935; x_wconf 72' lang='grc' dir='ltr'>ὀνόματί</span> 
     </span>
    </p>
   </div>
   <div class='ocr_carea' id='block_1_100' title="bbox 2250 4940 3862 5029">
    <p class='ocr_par' dir='ltr' id='par_1_100' title="bbox 2250 4940 3862 5029">
     <span class='ocr_line' id='line_1_100' title="bbox 2250 4940 3862 5029; baseline 0.002 -29"><span class='ocrx_word' id='word_1_650' title='bbox 2250 4966 2345 5000; x_wconf 90' lang='grc' dir='ltr'><strong>σου</strong></span> <span class='ocrx_word' id='word_1_651' title='bbox 2396 4941 2483 5006; x_wconf 85' lang='grc' dir='ltr'>δὸς</span> <span class='ocrx_word' id='word_1_652' title='bbox 2539 4940 2715 5008; x_wconf 77' lang='grc' dir='ltr'>δόξαν.</span> <span class='ocrx_word' id='word_1_653' title='bbox 2764 4944 2985 5002; x_wconf 82' lang='grc' dir='ltr'>’Ἔοικεν</span> <span class='ocrx_word' id='word_1_654' title='bbox 3014 4947 3330 5003; x_wconf 78' lang='grc' dir='ltr'>αἰνίττεσθαι</span> <span class='ocrx_word' id='word_1_655' title='bbox 3366 4955 3457 5003; x_wconf 79' lang='grc' dir='ltr'>τοῦ</span> <span class='ocrx_word' id='word_1_656' title='bbox 3493 4949 3551 5005; x_wconf 65' lang='grc' dir='ltr'>ὲκ</span> <span class='ocrx_word' id='word_1_657' title='bbox 3605 4948 3862 5029; x_wconf 75' lang='grc' dir='ltr'>παραδιδό·</span> 
     </span>
    </p>
   </div>
   <div class='ocr_carea' id='block_1_101' title="bbox 2252 5031 3865 5111">
    <p class='ocr_par' dir='ltr' id='par_1_101' title="bbox 2252 5031 3865 5111">
     <span class='ocr_line' id='line_1_101' title="bbox 2252 5031 3865 5111; baseline 0.002 -23"><span class='ocrx_word' id='word_1_658' title='bbox 2252 5057 2334 5090; x_wconf 72' lang='grc' dir='ltr'><strong>ναι</strong></span> <span class='ocrx_word' id='word_1_659' title='bbox 2392 5034 2523 5110; x_wconf 80' lang='grc' dir='ltr'>πρὸς</span> <span class='ocrx_word' id='word_1_660' title='bbox 2555 5031 2965 5110; x_wconf 64' lang='grc' dir='ltr'>ἐξομολόγησιν,</span> <span class='ocrx_word' id='word_1_661' title='bbox 3025 5038 3097 5100; x_wconf 85' lang='grc' dir='ltr'>ὼς</span> <span class='ocrx_word' id='word_1_662' title='bbox 3130 5038 3324 5111; x_wconf 85' lang='grc' dir='ltr'>μηκέτι</span> <span class='ocrx_word' id='word_1_663' title='bbox 3369 5038 3466 5104; x_wconf 77' lang='grc' dir='ltr'>τῆν</span> <span class='ocrx_word' id='word_1_664' title='bbox 3497 5038 3865 5096; x_wconf 70' lang='grc' dir='ltr'>ἐπισκοποῦσιν</span> 
     </span>
    </p>
   </div>
   <div class='ocr_carea' id='block_1_102' title="bbox 523 5120 2165 5215">
    <p class='ocr_par' dir='ltr' id='par_1_102' title="bbox 523 5120 2162 5215">
     <span class='ocr_line' id='line_1_102' title="bbox 523 5120 2162 5215; baseline -0.001 -19"><span class='ocrx_word' id='word_1_665' title='bbox 523 5133 871 5201; x_wconf 84' lang='lat' dir='ltr'><strong>fessionem.</strong></span> <span class='ocrx_word' id='word_1_666' title='bbox 895 5142 1095 5215; x_wconf 90' lang='lat' dir='ltr'><strong>utpote</strong></span> <span class='ocrx_word' id='word_1_667' title='bbox 1122 5134 1227 5213; x_wconf 89' lang='lat' dir='ltr'><strong>qni</strong></span> <span class='ocrx_word' id='word_1_668' title='bbox 1255 5120 1815 5197; x_wconf 38' lang='lat' dir='ltr'><strong>divinam&#39;virtutem</strong></span> <span class='ocrx_word' id='word_1_669' title='bbox 1842 5134 2162 5213; x_wconf 79' lang='lat' dir='ltr'><strong>inspeclri-</strong></span> 
     </span>
    </p>
   </div>
   <div class='ocr_carea' id='block_1_103' title="bbox 2273 5120 3863 5215">
    <p class='ocr_par' dir='ltr' id='par_1_103' title="bbox 2273 5120 3863 5204">
     <span class='ocr_line' id='line_1_103' title="bbox 2273 5120 3863 5204; baseline 0.004 -30"><span class='ocrx_word' id='word_1_670' title='bbox 2273 5125 2390 5180; x_wconf 55' lang='grc' dir='ltr'>θείαν</span> <span class='ocrx_word' id='word_1_671' title='bbox 2419 5121 2604 5202; x_wconf 78' lang='grc' dir='ltr'>ἔχουσι</span> <span class='ocrx_word' id='word_1_672' title='bbox 2648 5120 2890 5198; x_wconf 84' lang='grc' dir='ltr'>δύναμιν,</span> <span class='ocrx_word' id='word_1_673' title='bbox 2944 5124 3189 5181; x_wconf 74' lang='grc' dir='ltr'>Διδάσκει</span> <span class='ocrx_word' id='word_1_674' title='bbox 3248 5125 3312 5193; x_wconf 81' lang='grc' dir='ltr'>δὴ</span> <span class='ocrx_word' id='word_1_675' title='bbox 3367 5125 3542 5204; x_wconf 85' lang='grc' dir='ltr'>λέγειν</span> <span class='ocrx_word' id='word_1_676' title='bbox 3598 5129 3668 5191; x_wconf 77' lang='grc' dir='ltr'>ὡς</span> <span class='ocrx_word' id='word_1_677' title='bbox 3719 5129 3863 5203; x_wconf 72' lang='grc' dir='ltr'>ἡμεῖς</span> 
     </span>
    </p>
   </div>
   <div class='ocr_carea' id='block_1_104' title="bbox 520 5211 2165 5303">
    <p class='ocr_par' dir='ltr' id='par_1_104' title="bbox 520 5211 2164 5303">
     <span class='ocr_line' id='line_1_104' title="bbox 520 5211 2164 5303; baseline -0.001 -18"><span class='ocrx_word' id='word_1_678' title='bbox 520 5241 650 5285; x_wconf 92' lang='lat' dir='ltr'><strong>cem</strong></span> <span class='ocrx_word' id='word_1_679' title='bbox 669 5241 736 5285; x_wconf 89' lang='lat' dir='ltr'><strong>ac</strong></span> <span class='ocrx_word' id='word_1_680' title='bbox 751 5211 1162 5303; x_wconf 80' lang='lat' dir='ltr'><strong>providentem</strong></span> <span class='ocrx_word' id='word_1_681' title='bbox 1175 5224 1328 5286; x_wconf 90' lang='lat' dir='ltr'><strong>ultra</strong></span> <span class='ocrx_word' id='word_1_682' title='bbox 1343 5243 1461 5286; x_wconf 92' lang='lat' dir='ltr'><strong>non</strong></span> <span class='ocrx_word' id='word_1_683' title='bbox 1478 5211 1954 5287; x_wconf 85' lang='lat' dir='ltr'><strong>habeant.Docet</strong></span> <span class='ocrx_word' id='word_1_684' title='bbox 1969 5231 2164 5284; x_wconf 90' lang='lat' dir='ltr'><strong>autem</strong></span> 
     </span>
    </p>
   </div>
   <div class='ocr_carea' id='block_1_105' title="bbox 2273 5211 3863 5303">
    <p class='ocr_par' dir='ltr' id='par_1_105' title="bbox 2273 5211 3863 5293">
     <span class='ocr_line' id='line_1_105' title="bbox 2273 5211 3863 5293; baseline -0.001 -22"><span class='ocrx_word' id='word_1_685' title='bbox 2273 5214 2345 5271; x_wconf 78' lang='grc' dir='ltr'>ιὲν</span> <span class='ocrx_word' id='word_1_686' title='bbox 2375 5211 2577 5277; x_wconf 79' lang='grc' dir='ltr'>ἀνάξιοι</span> <span class='ocrx_word' id='word_1_687' title='bbox 2602 5218 2697 5279; x_wconf 83' lang='grc' dir='ltr'>τῆς</span> <span class='ocrx_word' id='word_1_688' title='bbox 2728 5213 2952 5293; x_wconf 85' lang='grc' dir='ltr'>χάριτος</span> <span class='ocrx_word' id='word_1_689' title='bbox 2982 5215 3046 5282; x_wconf 82' lang='grc' dir='ltr'><strong>ἧς</strong></span> <span class='ocrx_word' id='word_1_690' title='bbox 3076 5213 3214 5271; x_wconf 79' lang='grc' dir='ltr'>ἃπαν</span> <span class='ocrx_word' id='word_1_691' title='bbox 3245 5215 3391 5278; x_wconf 79' lang='grc' dir='ltr'>έθνος</span> <span class='ocrx_word' id='word_1_692' title='bbox 3441 5215 3674 5283; x_wconf 62' lang='grc' dir='ltr'>ἠξίωται.</span> <span class='ocrx_word' id='word_1_693' title='bbox 3734 5216 3863 5281; x_wconf 73' lang='grc' dir='ltr'>Πλὴν</span> 
     </span>
    </p>
   </div>
   <div class='ocr_carea' id='block_1_106' title="bbox 518 5300 2165 5395">
    <p class='ocr_par' dir='ltr' id='par_1_106' title="bbox 518 5300 2164 5395">
     <span class='ocr_line' id='line_1_106' title="bbox 518 5300 2164 5395; baseline -0.001 -20"><span class='ocrx_word' id='word_1_694' title='bbox 518 5330 623 5375; x_wconf 89' lang='lat' dir='ltr'><strong>eos</strong></span> <span class='ocrx_word' id='word_1_695' title='bbox 644 5300 843 5375; x_wconf 78' lang='lat' dir='ltr'><strong>dicere</strong></span> <span class='ocrx_word' id='word_1_696' title='bbox 878 5335 891 5372; x_wconf 93' lang='lat'>:</span> <span class='ocrx_word' id='word_1_697' title='bbox 926 5312 1045 5375; x_wconf 88' lang='lat' dir='ltr'><strong>Nos</strong></span> <span class='ocrx_word' id='word_1_698' title='bbox 1093 5314 1329 5395; x_wconf 90' lang='lat' dir='ltr'><strong>quidem</strong></span> <span class='ocrx_word' id='word_1_699' title='bbox 1352 5313 1579 5394; x_wconf 86' lang='lat' dir='ltr'><strong>indigni</strong></span> <span class='ocrx_word' id='word_1_700' title='bbox 1598 5314 1789 5391; x_wconf 88' lang='lat' dir='ltr'><strong>gratia</strong></span> <span class='ocrx_word' id='word_1_701' title='bbox 1815 5332 2017 5374; x_wconf 84' lang='lat' dir='ltr'><strong>sumus</strong></span> <span class='ocrx_word' id='word_1_702' title='bbox 2050 5330 2164 5393; x_wconf 90' lang='lat' dir='ltr'><strong>qua</strong></span> 
     </span>
    </p>
   </div>
   <div class='ocr_carea' id='block_1_107' title="bbox 2273 5300 3862 5395">
    <p class='ocr_par' dir='ltr' id='par_1_107' title="bbox 2273 5300 3862 5395">
     <span class='ocr_line' id='line_1_107' title="bbox 2273 5300 3862 5395; baseline 0 -35"><span class='ocrx_word' id='word_1_703' title='bbox 2273 5306 2330 5360; x_wconf 78' lang='grc' dir='ltr'><strong>ιὰ</strong></span> <span class='ocrx_word' id='word_1_704' title='bbox 2358 5304 2419 5359; x_wconf 78' lang='grc' dir='ltr'><strong>τὸ</strong></span> <span class='ocrx_word' id='word_1_705' title='bbox 2450 5300 2739 5395; x_wconf 22' lang='grc' dir='ltr'>σὸνμὸνομα</span> <span class='ocrx_word' id='word_1_706' title='bbox 2776 5304 3016 5395; x_wconf 63' lang='grc' dir='ltr'><strong>⁸ποίησον</strong></span> <span class='ocrx_word' id='word_1_707' title='bbox 3071 5305 3131 5360; x_wconf 82' lang='grc' dir='ltr'>τὸ</span> <span class='ocrx_word' id='word_1_708' title='bbox 3162 5302 3214 5370; x_wconf 75' lang='grc' dir='ltr'><strong>ἐξ</strong></span> <span class='ocrx_word' id='word_1_709' title='bbox 3244 5305 3420 5386; x_wconf 78' lang='grc' dir='ltr'>ἀρχῆς</span> <span class='ocrx_word' id='word_1_710' title='bbox 3464 5304 3745 5373; x_wconf 69' lang='grc' dir='ltr'>ἐπικληθὲν</span> <span class='ocrx_word' id='word_1_711' title='bbox 3792 5302 3862 5380; x_wconf 71' lang='grc' dir='ltr'><strong>ἐφ’</strong></span> 
     </span>
    </p>
   </div>
   <div class='ocr_carea' id='block_1_108' title="bbox 519 5389 2165 5483">
    <p class='ocr_par' dir='ltr' id='par_1_108' title="bbox 519 5389 2165 5483">
     <span class='ocr_line' id='line_1_108' title="bbox 519 5389 2165 5483; baseline 0 -20"><span class='ocrx_word' id='word_1_712' title='bbox 519 5407 727 5480; x_wconf 89' lang='lat' dir='ltr'><strong>gentes</strong></span> <span class='ocrx_word' id='word_1_713' title='bbox 756 5420 963 5465; x_wconf 87' lang='lat' dir='ltr'><strong>omnes</strong></span> <span class='ocrx_word' id='word_1_714' title='bbox 1012 5389 1203 5483; x_wconf 63' lang='lat' dir='ltr'><strong>digna</strong></span> <span class='ocrx_word' id='word_1_715' title='bbox 1226 5404 1445 5466; x_wconf 75' lang='lat' dir='ltr'><strong>habitae</strong></span> <span class='ocrx_word' id='word_1_716' title='bbox 1473 5389 1629 5466; x_wconf 74' lang='lat' dir='ltr'><strong>sunt.</strong></span> <span class='ocrx_word' id='word_1_717' title='bbox 1669 5405 1890 5465; x_wconf 89' lang='lat' dir='ltr'><strong>Verum</strong></span> <span class='ocrx_word' id='word_1_718' title='bbox 1926 5389 2165 5483; x_wconf 76' lang='lat' dir='ltr'><strong>propter</strong></span> 
     </span>
    </p>
   </div>
   <div class='ocr_carea' id='block_1_109' title="bbox 2273 5389 3862 5483">
    <p class='ocr_par' dir='ltr' id='par_1_109' title="bbox 2273 5389 3862 5471">
     <span class='ocr_line' id='line_1_109' title="bbox 2273 5389 3862 5471; baseline -0.002 -22"><span class='ocrx_word' id='word_1_719' title='bbox 2273 5400 2410 5468; x_wconf 69' lang='grc' dir='ltr'><strong>ιμᾶς.</strong></span> <span class='ocrx_word' id='word_1_720' title='bbox 2450 5389 2598 5448; x_wconf 81' lang='grc' dir='ltr'>Ἀλλ’</span> <span class='ocrx_word' id='word_1_721' title='bbox 2654 5392 2713 5448; x_wconf 78' lang='grc' dir='ltr'>οὖ</span> <span class='ocrx_word' id='word_1_722' title='bbox 2769 5390 3107 5461; x_wconf 85' lang='grc' dir='ltr'>δικαιοσύνης</span> <span class='ocrx_word' id='word_1_723' title='bbox 3132 5392 3300 5457; x_wconf 80' lang='grc' dir='ltr'>διδοὺς</span> <span class='ocrx_word' id='word_1_724' title='bbox 3358 5392 3606 5471; x_wconf 77' lang='grc' dir='ltr'>ἀμοιϐὰς,</span> <span class='ocrx_word' id='word_1_725' title='bbox 3652 5398 3772 5458; x_wconf 83' lang='grc' dir='ltr'>Θεὸς</span> <span class='ocrx_word' id='word_1_726' title='bbox 3799 5401 3862 5449; x_wconf 81' lang='grc' dir='ltr'>ῶν</span> 
     </span>
    </p>
   </div>
   <div class='ocr_carea' id='block_1_110' title="bbox 520 5480 2165 5574">
    <p class='ocr_par' dir='ltr' id='par_1_110' title="bbox 520 5480 2165 5574">
     <span class='ocr_line' id='line_1_110' title="bbox 520 5480 2165 5574; baseline 0.001 -23"><span class='ocrx_word' id='word_1_727' title='bbox 520 5508 737 5551; x_wconf 89' lang='lat' dir='ltr'><strong>nomen</strong></span> <span class='ocrx_word' id='word_1_728' title='bbox 770 5498 960 5567; x_wconf 90' lang='lat' dir='ltr'><strong>tuum,</strong></span> <span class='ocrx_word' id='word_1_729' title='bbox 996 5480 1154 5574; x_wconf 80' lang='lat' dir='ltr'><strong>quod</strong></span> <span class='ocrx_word' id='word_1_730' title='bbox 1186 5493 1260 5555; x_wconf 90' lang='lat' dir='ltr'><strong>ab</strong></span> <span class='ocrx_word' id='word_1_731' title='bbox 1291 5493 1461 5554; x_wconf 92' lang='lat' dir='ltr'><strong>initio</strong></span> <span class='ocrx_word' id='word_1_732' title='bbox 1493 5493 1827 5555; x_wconf 89' lang='lat' dir='ltr'><strong>invocatum</strong></span> <span class='ocrx_word' id='word_1_733' title='bbox 1869 5480 1955 5553; x_wconf 77' lang='lat' dir='ltr'><strong>est</strong></span> <span class='ocrx_word' id='word_1_734' title='bbox 1983 5480 2165 5572; x_wconf 77' lang='lat' dir='ltr'><strong>super</strong></span> 
     </span>
    </p>
   </div>
   <div class='ocr_carea' id='block_1_111' title="bbox 2273 5480 3864 5574">
    <p class='ocr_par' dir='ltr' id='par_1_111' title="bbox 2273 5480 3864 5562">
     <span class='ocr_line' id='line_1_111' title="bbox 2273 5480 3864 5562; baseline 0 -23"><span class='ocrx_word' id='word_1_735' title='bbox 2273 5482 2519 5560; x_wconf 78' lang='grc' dir='ltr'>εληθινὸς,</span> <span class='ocrx_word' id='word_1_736' title='bbox 2597 5480 2716 5535; x_wconf 77' lang='grc' dir='ltr'>ἀλλ’</span> <span class='ocrx_word' id='word_1_737' title='bbox 2794 5481 2897 5562; x_wconf 79' lang='grc' dir='ltr'><strong>οὓχ</strong></span> <span class='ocrx_word' id='word_1_738' title='bbox 2958 5484 3052 5540; x_wconf 74' lang='grc' dir='ltr'>οἶα</span> <span class='ocrx_word' id='word_1_739' title='bbox 3110 5484 3176 5539; x_wconf 81' lang='grc' dir='ltr'>τὰ</span> <span class='ocrx_word' id='word_1_740' title='bbox 3226 5481 3446 5540; x_wconf 72' lang='grc' dir='ltr'>εἵδωϐα⁸</span> <span class='ocrx_word' id='word_1_741' title='bbox 3502 5482 3677 5562; x_wconf 81' lang='grc' dir='ltr'>διόπερ</span> <span class='ocrx_word' id='word_1_742' title='bbox 3744 5483 3864 5549; x_wconf 72' lang='grc' dir='ltr'>ἐπή-</span> 
     </span>
    </p>
   </div>
   <div class='ocr_carea' id='block_1_112' title="bbox 519 5581 2432 5662">
    <p class='ocr_par' dir='ltr' id='par_1_112' title="bbox 519 5581 2432 5662">
     <span class='ocr_line' id='line_1_112' title="bbox 519 5581 2432 5662; baseline -0.001 -23"><span class='ocrx_word' id='word_1_743' title='bbox 519 5599 650 5659; x_wconf 90' lang='lat' dir='ltr'><strong>nos,</strong></span> <span class='ocrx_word' id='word_1_744' title='bbox 686 5581 828 5642; x_wconf 91' lang='lat' dir='ltr'><strong>illud</strong></span> <span class='ocrx_word' id='word_1_745' title='bbox 861 5601 1019 5660; x_wconf 85' lang='lat' dir='ltr'><strong>agas.</strong></span> <span class='ocrx_word' id='word_1_746' title='bbox 1056 5582 1173 5647; x_wconf 90' lang='lat' dir='ltr'><strong>Sed</strong></span> <span class='ocrx_word' id='word_1_747' title='bbox 1205 5603 1278 5645; x_wconf 90' lang='lat' dir='ltr'><strong>ne</strong></span> <span class='ocrx_word' id='word_1_748' title='bbox 1312 5583 1486 5644; x_wconf 89' lang='lat' dir='ltr'><strong>nobis</strong></span> <span class='ocrx_word' id='word_1_749' title='bbox 1524 5582 1775 5662; x_wconf 72' lang='lat' dir='ltr'><strong>justitiaa</strong></span> <span class='ocrx_word' id='word_1_750' title='bbox 1831 5592 1946 5644; x_wconf 70' lang='lat' dir='ltr'><strong>tum</strong></span> <span class='ocrx_word' id='word_1_751' title='bbox 1981 5582 2159 5642; x_wconf 85' lang='lat' dir='ltr'><strong>retri-</strong></span> <span class='ocrx_word' id='word_1_752' title='bbox 2251 5588 2432 5652; x_wconf 77' lang='grc' dir='ltr'>γαγεν·</span> 
     </span>
    </p>
   </div>
   <div class='ocr_carea' id='block_1_113' title="bbox 518 5666 2164 5753">
    <p class='ocr_par' dir='ltr' id='par_1_113' title="bbox 518 5666 2164 5753">
     <span class='ocr_line' id='line_1_113' title="bbox 518 5666 2164 5753; baseline 0.001 -24"><span class='ocrx_word' id='word_1_753' title='bbox 518 5666 825 5733; x_wconf 88' lang='lat' dir='ltr'><strong>butionem</strong></span> <span class='ocrx_word' id='word_1_754' title='bbox 868 5671 1130 5747; x_wconf 91' lang='lat' dir='ltr'><strong>dederis,</strong></span> <span class='ocrx_word' id='word_1_755' title='bbox 1168 5682 1227 5735; x_wconf 91' lang='lat' dir='ltr'><strong>tu</strong></span> <span class='ocrx_word' id='word_1_756' title='bbox 1250 5672 1351 5753; x_wconf 88' lang='lat' dir='ltr'><strong>qui</strong></span> <span class='ocrx_word' id='word_1_757' title='bbox 1383 5689 1524 5733; x_wconf 91' lang='lat' dir='ltr'><strong>vere</strong></span> <span class='ocrx_word' id='word_1_758' title='bbox 1573 5670 1729 5732; x_wconf 90' lang='lat' dir='ltr'><strong>Deus</strong></span> <span class='ocrx_word' id='word_1_759' title='bbox 1791 5690 1877 5745; x_wconf 94' lang='lat' dir='ltr'><strong>es,</strong></span> <span class='ocrx_word' id='word_1_760' title='bbox 1933 5680 1994 5733; x_wconf 90' lang='lat' dir='ltr'><strong>et</strong></span> <span class='ocrx_word' id='word_1_761' title='bbox 2046 5688 2164 5731; x_wconf 89' lang='lat' dir='ltr'><strong>non</strong></span> 
     </span>
    </p>
   </div>
   <div class='ocr_carea' id='block_1_114' title="bbox 516 5756 1667 5845">
    <p class='ocr_par' dir='ltr' id='par_1_114' title="bbox 516 5756 1667 5845">
     <span class='ocr_line' id='line_1_114' title="bbox 516 5756 1667 5845; baseline 0.003 -25"><span class='ocrx_word' id='word_1_762' title='bbox 516 5756 669 5823; x_wconf 90' lang='lat' dir='ltr'><strong>sicut</strong></span> <span class='ocrx_word' id='word_1_763' title='bbox 696 5758 877 5839; x_wconf 87' lang='lat' dir='ltr'><strong>idola,</strong></span> <span class='ocrx_word' id='word_1_764' title='bbox 914 5766 1281 5845; x_wconf 86' lang='lat' dir='ltr'><strong>quapropter</strong></span> <span class='ocrx_word' id='word_1_765' title='bbox 1308 5761 1616 5841; x_wconf 87' lang='lat' dir='ltr'><strong>subjuugit</strong></span> <span class='ocrx_word' id='word_1_766' title='bbox 1649 5784 1667 5837; x_wconf 67' lang='grc' dir='ltr'><strong>ε</strong></span> 
     </span>
    </p>
   </div>
  </div>
