3992 6208
495 307 612 373 475

1290 312 1351 373 S.
1403 312 1825 376 ATHANASII
1872 315 2041 381 OPP.
2085 317 2301 380 PARS.
2349 320 2458 382 ΙΙΙ.
2507 352 2582 365 --
2631 321 3088 386 EXEGETICA.

3725 327 3827 391 476

504 444 1103 526 faciam,inquil,cum
1139 448 1199 507 in
1230 447 1449 510 divinis
1476 449 1628 510 aulis
1657 468 1762 512 ero
1791 474 1806 523 ;
1840 450 1900 512 id
1962 460 2050 514 est
2088 452 2136 514 in

2246 456 2319 510 ιαὶ
2378 459 2615 530 ποιήσω,
2646 459 2826 533 φησὶν,
2861 456 3072 514 ἐπειδὰν
3127 458 3181 515 ἐν
3240 473 3362 523 ταῖς
3415 460 3596 527 θείαις⁶
3655 461 3827 525 αὐλαῖς

493 535 761 597 Ecclesia
786 534 1026 611 Christi,
1055 537 1144 598 vel
1174 537 1232 597 in
1263 555 1521 617 superna
1541 540 1895 602 Jerusalem.

810 717 1098 780 Alleluia.
1133 719 1511 785 PSALMUS
1562 721 1814 784 CXVII.

581 810 633 882 1,
660 809 716 871 2.
768 809 1042 873 Laudate
1078 810 1433 884 Dominum,
1459 830 1662 876 omnes
1682 823 1959 895 gentes...
1989 835 2139 896 quo-

494 898 666 989 niam
696 899 1061 978 conﬁrmata
1089 909 1175 962 est
1196 920 1379 982 super
1399 920 1510 963 nos
1539 906 1955 989 misericordia
1987 908 2140 986 ejus.

493 984 804 1063 Nunquam
833 1002 1044 1066 gentes
1087 989 1264 1052 talem
1302 984 1686 1054 mutationem
1737 997 1962 1074 experti
1993 984 2143 1056 fuis-

496 1086 651 1147 sent,
691 1076 903 1156 inquit,
936 1078 1047 1138 nisi
1088 1079 1347 1159 peccatis
1400 1082 1618 1143 nostris
1649 1082 1896 1145 validior
1942 1085 2149 1149 fuisset

493 1164 900 1228 misericordia
937 1168 1068 1230 Dei.
1132 1169 1213 1231 Et
1267 1173 1494 1233 veritas
1529 1171 1769 1235 Domini
1815 1184 2018 1237 manet
2077 1177 2143 1237 in

491 1261 808 1317 wternum‘.
847 1255 1112 1319 Salutem
1149 1259 1309 1320 enim
1344 1260 1511 1321 dedit
1541 1280 1714 1341 quam
1750 1282 1858 1343 per
1904 1274 2142 1326 sanctos

488 1346 811 1424 prophetas
832 1347 1191 1427 promiserat
1243 1349 1306 1410 Id
1332 1358 1390 1409 et
1422 1349 1630 1413 beatus
1651 1353 2141 1427 Paulns,ordiens

491 1433 717 1495 litteras
772 1435 843 1495 ad
905 1438 1222 1511 Romanos,
1252 1439 1371 1498 ait:
1432 1441 1672 1501 Paulus
1728 1459 1934 1504 servus
1998 1446 2140 1504 Jesu

494 1522 746 1597 Christi,
782 1532 1023 1587 vocatus
1051 1527 1404 1609 Apostolus,
1435 1539 1792 1609 segregatus
1826 1536 1891 1592 in
1918 1532 2136 1595 Evan-

489 1612 718 1689 getium
745 1613 872 1689 Dei,
905 1617 1065 1693 quod
1097 1624 1241 1677 ante
1258 1620 1623 1697 promiserat
1668 1638 1775 1697 per
1818 1623 2139 1699 prophetas

487 1718 629 1763 suos
681 1709 747 1764 in
797 1703 1138 1783 Scripturis
1193 1708 1421 1769 sanctis
1440 1706 1513 1766 ³⁵.
1555 1707 1623 1768 Ει
1682 1708 1937 1772 iterum:
1994 1713 2138 1773 Dico

495 1790 799 1855 Christum
828 1792 1031 1856 Iesum
1089 1798 1440 1858 ministrum
1486 1797 1683 1874 fuisse
1725 1800 2135 1862 circumcisio-
2166 1797 2306 1863 Βλιν
2375 1796 2449 1854 δέ·

490 1882 587 1940 nis
609 1890 858 1961 propter
887 1886 1199 1946 veritatem
1231 1886 1365 1965 Dei,
1400 1887 1476 1947 ad
1505 1888 1954 1968 conﬁrmandus
1987 1907 2134 1967 pro-

489 1970 810 2032 missiones
830 1980 1119 2051 patrum:
1161 1981 1360 2052 gentes
1400 1983 1601 2037 autem
1653 1994 1838 2055 super
1888 1979 2139 2039 miseri-

490 2059 704 2120 cordia
736 2061 1044 2123 honorare
1076 2062 1269 2123 Deum
1295 2061 1372 2123 ³6.
1400 2064 1644 2136 Quando
1671 2066 1851 2144 igitur
1894 2069 2134 2129 univer—

486 2165 688 2208 sorum
756 2152 917 2212 Deus
976 2150 1246 2230 implevit
1297 2151 1745 2232 promissiones,
1780 2163 1839 2216 et
1885 2156 2133 2217 salutem

488 2254 663 2317 quam
699 2238 1000 2316 pollicitus
1031 2250 1121 2301 est
1170 2241 1358 2322 dedit,
1391 2261 1459 2303 ac
1490 2244 1918 2306 misericordiae
1945 2245 2136 2307 lontes

486 2327 721 2406 aperuit
752 2328 1030 2391 omnibus
1066 2346 1081 2404 ;
1114 2337 1173 2391 et
1202 2348 1304 2391 vos
1334 2331 1435 2411 qui
1492 2351 1560 2394 ex
1614 2333 1830 2395 Judaais
1889 2352 2135 2414 proces-

484 2415 667 2489 sistis,
705 2425 759 2478 et
806 2434 909 2478 vos
964 2417 1064 2499 qui
1125 2438 1194 2480 ex
1251 2419 1531 2498 gentibus
1586 2422 1948 2495 credidistis,
1986 2441 2134 2484 con-

487 2505 703 2567 cordes
760 2506 1009 2587 hymnos
1084 2509 1564 2584 commiscentes,
1628 2511 1899 2573 beneﬁco
1950 2512 2134 2573 vicem

486 2593 744 2657 reddite.

802 2690 1091 2756 Alleluia.
1133 2692 1509 2758 PSALMUS
1553 2692 1815 2756 CXVII.

1071 2787 1538 2864 Argumentum.

490 2877 750 2940 Docetur
762 2897 949 2940 novus
966 2880 1217 2960 populus
1228 2882 1589 2961 compositus
1607 2899 1677 2943 ex
1695 2881 1917 2944 Iudaeis
1929 2891 2133 2961 etgen-

568 2966 942 3044 tibus,unum
963 2969 1154 3031 solum
1173 2978 1451 3047 Oportere
1472 2969 1880 3033 auxiliatorem
1901 2971 2134 3033 invoca-

568 3074 658 3130 re,
692 3057 885 3137 ipsum
917 3059 1149 3121 scilicet
1168 3058 1324 3139 quod
1351 3059 1667 3121 humanam
1690 3060 2008 3142 assumpsit
2031 3080 2128 3122 na-

570 3155 759 3208 turam
793 3147 901 3209 Dei
926 3147 1210 3216 Verbum.
1244 3157 1424 3226 atque
1456 3167 1525 3211 ex
1566 3150 1701 3230 ipso
1752 3150 1811 3211 in
1865 3158 2192 3231 temporec

572 3236 1004 3314 persecutionis
1032 3237 1316 3299 auxilium
1354 3256 1530 3302 omne
1580 3257 1872 3320 quaerere,
1905 3240 2135 3302 scilicet

569 3344 742 3406 opem
765 3345 835 3388 ex
857 3328 1006 3389 caelo
1030 3328 1291 3390 missam:
1319 3329 1551 3409 ipsique
1564 3330 1788 3391 referre
1814 3330 2130 3408 gratiarum

568 3415 833 3477 actiones
861 3435 964 3497 pro
997 3418 1263 3493 victoria,
1288 3427 1466 3499 atque
1495 3418 1567 3479 ab
1593 3420 1718 3499 ipso
1753 3417 1875 3479 vias
1902 3420 2134 3482 virtutis

569 3512 811 3587 petere:
848 3514 906 3566 et
935 3508 1006 3568 ad
1038 3508 1163 3568 haec
1194 3509 1425 3581 omnia,
1452 3508 1723 3569 conﬁteri
1752 3507 2001 3571 Domino
2034 3509 2135 3590 qui

574 3596 907 3658 nominatur
942 3597 1132 3676 lapis:
1168 3598 1520 3675 reprobatus
1565 3598 1800 3676 quidem
1828 3598 1902 3661 ab
1942 3598 2137 3661 aediﬁ-

590 3684 889 3759 cantibus,
923 3686 1028 3746 sed
1058 3685 1245 3749 factus
1276 3687 1333 3746 in
1371 3694 1547 3767 caput
1572 3687 1793 3765 anguli.

572 3774 707 3835 4-4.
740 3773 1129 3852 Conﬁtemini
1164 3777 1747 3855 Domino,quoniam
1776 3777 2136 3859 bonus,quo-

489 3868 654 3921 niam
690 3864 752 3922 in
784 3864 1076 3925 secutum
1106 3867 1531 3926 misericordia
1576 3867 1720 3945 ejus.
1775 3867 1949 3928 Dicat
1974 3886 2135 3928 nunc

488 3950 708 4012 domus
741 3951 951 4015 Israel.
987 3950 1155 4029 Ipsos
1219 3954 1449 4032 priores
1496 3955 1935 4017 confessionem
1983 3956 2136 4017 inire

480 4038 680 4118 jubet,
717 4050 923 4119 utpote
952 4041 1052 4120 qui
1081 4042 1257 4121 primi
1291 4044 1474 4103 vocati
1506 4044 1725 4104 fuerint
1753 4063 1858 4123 per
1888 4064 2136 4121 evange-

487 4129 662 4191 licam
706 4130 1214 4211 praedicationem.

564 4221 699 4283 5-9.
756 4220 851 4282 De
901 4219 1291 4282 tribulatione
1358 4227 1636 4284 invocavi
1694 4225 2041 4306 Dominum,
2080 4235 2135 4287 et

485 4312 802 4374 exaudivit
835 4327 928 4370 me
958 4311 1024 4371 in
1055 4310 1401 4374 latitudine.
1426 4310 1553 4374 Duo
1572 4313 1746 4376 docet
1778 4315 1871 4376 hic
1903 4334 2127 4398 versus,

489 4402 641 4481 quod
680 4399 1099 4462 tribulationes
1132 4400 1351 4461 habere
1384 4400 1641 4463 debeant
1691 4405 1791 4483 qui
1842 4405 2134 4467 accedunt

2225 545 2501 619 γενοίμην·
2566 548 2664 614 τὴν
2724 545 3046 614 Ἐκκλησίαν
3107 555 3353 628 Χριστοῦ,
3407 549 3436 617 ἢ
3492 550 3587 617 τὴν
3628 550 3828 629 ἐπουρα-

2224 656 2333 692 νιον
2376 634 2755 714 Ἰερουσαλήμ.

2624 724 2978 792 Ἀλληλούϊα.
3013 733 3302 785 ΨΑΛΜΟΣ
3341 728 3510 802 mg".

2306 824 2494 871 Ανεῖτε
2543 817 2634 872 τὸν
2710 818 2919 894 Κύριον,
2983 818 3155 873 πάντα
3212 818 3278 875 τὰ
3336 817 3535 885 ἔθνη...
3590 817 3831 897 ὄτιὲκρα-

2227 907 2424 972 ταιώθη
2475 907 2538 961 τὸ
2597 904 2745 969 ἔλεος
2806 906 2961 963 adeo;
3013 904 3095 986 ἐφ’
3156 920 3317 982 ημας,
3380 912 3486 967 Οὒκ
3538 906 3637 983 ἂν,
3702 910 3830 987 φησὶ,

2231 996 2324 1060 τῆς
2373 995 2618 1066 τοιαύτης
2679 993 2983 1071 μεταϐολῆς
3040 996 3304 1075 ἐτύγχανε
3366 998 3427 1053 τὰ
3493 998 3636 1072 ἔθνη,
3682 999 3721 1052 εἷ
3769 999 3833 1073 μή

2230 1085 2662 1163 ἐπικρατέστερον
2719 1088 2824 1141 τῶν
2866 1084 3140 1163 τημετὲρων
3172 1086 3446 1166 ἁμαρτιῶν
3482 1089 3540 1143 τὸ
3568 1086 3704 1152 ἕλεος
3730 1086 3833 1164 ἐγέ-

2226 1196 2343 1229 νετο
2395 1182 2487 1231 τού
2544 1182 2698 1236 Θεοῦ,
2738 1176 2834 1232 Καὶ
2892 1178 2923 1242 ἡ
2979 1173 3199 1239 ἀλήθεια
3247 1176 3434 1254 Κυρίου
3488 1175 3628 1250 μένει
3658 1177 3723 1239 εἰς
3752 1178 3830 1231 τὸν

2225 1265 2410 1318 αἰῶνα·
2448 1266 2515 1331 ἢν
2558 1264 2657 1341 γὰρ
2710 1261 2794 1318 διὰ
2850 1268 2953 1318 τῶν
3011 1263 3176 1340 ἆγίων
3233 1268 3520 1344 προφητῶν
3588 1264 3829 1344 ὑπέσχετο

2223 1349 2414 1408 δέδωκε
2472 1356 2760 1427 σωτηρίαν.
2823 1360 2987 1410 Τοῦτο
3037 1354 3126 1409 καὶ
3179 1356 3207 1409 ὁ
3259 1375 3522 1429 μακαριυς
3609 1352 3830 1432 Παῦλος,

2221 1442 2325 1496 τῶν
2375 1443 2504 1509 πρὸς
2554 1441 2825 1515 Ρωμαίους
2883 1443 3210 1518 γραμμάτων
3262 1442 3579 1521 ἀρξάμενος·
3653 1440 3830 1505 Παῦλος

2221 1529 2401 1594 δοῦλος
2451 1530 2653 1596 ἰιησοῦ
2699 1537 2922 1607 Χριστοῦ
2956 1576 2972 1602 ,
3024 1530 3222 1597 κλητὸς
3293 1530 3589 1595 ἀπόστολος
3625 1578 3640 1609 ,
3695 1530 3832 1609 ἀφω-

2222 1620 2464 1696 ρισμένος
2525 1621 2597 1681 εἰς
2658 1618 2981 1696 Εὖαγγέλιον
3038 1619 3190 1699 Θεοῦ,
3227 1621 3253 1675 ὃ
3284 1619 3735 1698 προεπηγγείλατο
3762 1617 3833 1675 διὰ

2221 1714 2324 1764 τῶν
2382 1715 2669 1788 προφητῶν
2714 1710 2870 1764 αὐτοῦ
2914 1708 2969 1764 ἐν
3028 1714 3263 1788 Γραφαϊς
3322 1710 3522 1787 ἁγίαις·
3599 1710 3679 1765 καῖ
3732 1709 3827 1764 πα-

2547 1799 2698 1875 Λέγω
2755 1798 2978 1874 Χριστὸν
3059 1797 3264 1863 Ἰησοῦν
3328 1794 3569 1854 διάκονον
3620 1796 3833 1875 γενέσθαι

2222 1895 2515 1968 περιτομῆς
2571 1890 2703 1966 ὺπέρ
2764 1888 3013 1954 ἀληθείας
3070 1895 3222 1967 Θεοῦ,
3308 1890 3382 1952 εἰς
3453 1890 3517 1944 τὸ
3558 1886 3827 1964 βεϐαιῶσαι

2219 1980 2313 2041 τὰς
2374 1977 2689 2056 ἐπαγγελίας
2748 1983 2852 2033 τῶν
2941 1976 3205 2054 πατέρων·
3264 1979 3330 2033 τὰ
3409 1976 3463 2033 δὲ
3546 1977 3665 2043 ἔθνη
3717 1977 3831 2053 ὑπὲρ

2220 2068 2396 2133 ἐλέους
2455 2066 2667 2133 δοξοίσαι
2727 2069 2817 2123 τὸν
2879 2066 3031 2127 Θεόν.
3097 2065 3315 2134 Ἐπειδὴ
3375 2069 3547 2123 τοίνυν
3629 2065 3826 2134 πεπλή-

2219 2179 2357 2235 ρωκε
2419 2157 2516 2224 της
2574 2156 2894 2236 ὑποσχέσεις
2947 2157 2975 2211 ὃ
3026 2162 3132 2212 τῶν
3211 2155 3350 2212 ὅλων
3439 2158 3593 2229 Θεὸς,
3650 2156 3732 2211 καὶ
3780 2154 3834 2220 ἢν

2216 2247 2502 2327 ύπέσχετω
2560 2244 2754 2303 δὲδωκε
2805 2246 3094 2323 σωτηρίαν,
3153 2246 3242 2303 καὶ
3285 2243 3508 2320 ἀνέῳξεν
3568 2245 3724 2303 ἅπασι
3754 2244 3833 2307 τὰς

2219 2337 2311 2394 τού
2363 2335 2543 2401 ἐλέους
2576 2338 2778 2415 πηγὰς,
2838 2337 2926 2391 καὶ
2953 2336 3109 2409 ὑμεῖς
3141 2336 3186 2391 οἱ
3209 2333 3261 2400 ἐξ
3291 2332 3554 2392 Ἰουδαίων
3586 2332 3834 2413 προσεληο

2220 2426 2460 2496 λυθύτες,
2510 2428 2598 2483 καὶ
2656 2428 2811 2500 ὑμεῖς
2874 2428 2921 2481 οἱ
2977 2424 3029 2489 ἐξ
3084 2423 3244 2481 ἐθνῦν
3274 2422 3833 2501 πεπιστευκότεςρύμ-

2219 2538 2394 2593 φωνον
2449 2514 2708 2591 ῦμνσρδίαν
2767 2514 3082 2593 κεράσαντες
3120 2562 3134 2588 ,
3206 2517 3297 2571 τὸν
3355 2514 3642 2592 εὐεργέτην
3691 2511 3833 2585 ἀμεί-

2220 2609 2412 2682 ψασθε.

2618 2691 2971 2759 Ἀλληλούϊα.
3010 2699 3299 2751 ΨΑΛΜΟΣ
3333 2691 3474 2755 Plz'.

2885 2781 3185 2845 ἰ’πᾶθεσις.

2223 2873 2536 2931 Διδάσκεται
2595 2872 2629 2930 δ’
2687 2872 2803 2936 νέος
2834 2871 2963 2935 λαὸς
2993 2873 3022 2930 ὀ
3050 2874 3387 2940 συνεστηκὼς
3418 2872 3477 2931 ἔκ
3510 2896 3568 2931 τε
3590 2872 3833 2932 Ἰουδαίων

2298 2964 2385 3020 καὶ
2428 2969 2533 3019 τῶν
2561 2962 2745 3020 ἐθνῶν⁶
2793 2962 2865 3024 ὡς
2897 2960 2987 3017 ἕνα
3018 2983 3179 3036 μονον
3210 2959 3293 3018 δεῖ
3322 2962 3691 3021 ἐπικαλεῖσθαι
3716 2964 3838 3039 βοη-

2297 3056 2409 3128 θὸν,
2457 3055 2614 3109 αὒτὸν
2658 3052 2749 3108 τὸν
2805 3050 3279 3131 ἐνανθρππήσαντα
3335 3058 3430 3110 τοῦ
3485 3055 3622 3110 Θεοῦ
3666 3053 3838 3130 Λόγον,

2297 3145 2384 3199 καὶ
2434 3142 2486 3209 ἐξ
2546 3142 2703 3199 αύτοῦ
2760 3140 2815 3197 ἐν
2871 3148 3041 3219 καιρῷ
3106 3138 3344 3219 διωγμοῦ
3402 3143 3494 3210 τὴν
3554 3142 3836 3220 ἐπικουρίαν

2293 3240 2472 3303 ζητειν
2544 3236 2742 3304 πᾶσαν,
2803 3230 2902 3297 τὴν
2960 3229 3012 3295 ἐξ
3082 3231 3299 3307 ούρανοῦ
3356 3230 3837 3307 παραπεμπομένην

2294 3324 2565 3398 βοήθειαν·
2619 3322 2761 3395 σὺτῷ
2805 3324 2864 3377 τὲ
2919 3319 3197 3399 ἀναφέρειν
3255 3321 3354 3387 τῆς
3413 3322 3567 3388 νίκης
3617 3323 3681 3378 τὰ
3733 3342 3834 3401 χαι·

2296 3409 2565 3491 ριστήρια·
2601 3411 2769 3466 αἰτεῖν
2820 3430 2877 3465 τε
2921 3410 3013 3472 τὰς
3073 3407 3154 3466 ate
3214 3415 3320 3466 τῶν
3352 3409 3555 3488 ἀρετῶν
3587 3409 3723 3485 ὁδοὺ,
3758 3410 3835 3464 καὶ

2296 3504 2427 3578 πρὸς
2456 3500 2661 3562 τούτοις
2692 3499 2886 3555 ἅπασιν
2926 3497 3361 3576 ἐξομολογεῖσθαι
3413 3504 3491 3572 τῷ
3544 3497 3716 3577 Κυρίῳ
3769 3504 3837 3570 τῷ

2301 3588 2672 3665 ὀνομαζομένῳ
2727 3588 2873 3661 λίθῳ’
2950 3588 3371 3667 ἀπηγορευμένῳ
3429 3588 3528 3663 μὲν
3577 3589 3719 3666 παρὰ
3745 3592 3837 3643 τῶν

2298 3678 2614 3758 οἱκοδόμων,
2645 3678 2917 3756 γενομένῳ
2954 3677 3008 3734 δὲ
3041 3679 3112 3740 είς
3147 3676 3383 3757 κεφαλὴν
3413 3678 3634 3755 γωνίας,

2299 3767 2739 3846 Ἐξομολογεῖσθε
2769 3772 2845 3840 τῷ
2874 3765 3072 3845 Κυρίῳ,
3105 3766 3185 3822 ὅτι
3244 3766 3462 3847 ἀγαθὸς,
3504 3766 3589 3823 ὅτι
3647 3768 3717 3828 εἷς
3757 3768 3836 3821 τὸν

2299 3861 2462 3915 αἰῶνα
2504 3861 2565 3915 τὸ
2620 3857 2767 3920 ἕλεος
2822 3861 3001 3915 αὗτοῦ.
3067 3854 3279 3913 Εἱπάτω
3312 3854 3375 3925 δή
3428 3856 3588 3921 οἶκος
3614 3853 3832 3934 Ἰσραήλ,

2301 3951 2541 4025 Πρώτους
2594 3948 2779 4008 αὖτοὺς
2832 3968 2891 4009 τς
2941 3944 3374 4022 ἐξομολογήσεως
3433 3945 3692 4025 ἄρχεσθαι
3734 3965 3834 3999 πα-

2299 4037 2660 4117 ρακελεύεται,
2694 4032 2784 4091 ἅτε
2815 4037 3053 4114 πρώτους
3079 4033 3438 4114 κεκλημρνους
3472 4034 3559 4091 διὰ
3587 4042 3676 4093 τοῦ
3702 4034 3838 4110 εὐαγ-

2302 4126 2517 4206 γελικοῦ
2546 4130 2911 4204 κηρύγματος,

2306 4215 2401 4274 Ἐκ
2457 4215 2687 4291 θλίψεως
2746 4211 3154 4291 ἐπεκαϐεσάμην
3182 4217 3274 4272 τὸν
3314 4211 3535 4293 Κύρὶον,
3588 4216 3671 4270 καὶ
3711 4212 3839 4281 ἐπή-

2217 4304 2372 4365 κουσέ
2439 4326 2540 4380 μου
2595 4306 2667 4366 είς
2730 4302 3062 4377 πλατυσμὸν,
3129 4303 3229 4360 Δύο
3279 4300 3513 4359 διδάσκει
3580 4306 3608 4359 ὁ
3669 4302 3838 4379 παρὼν

2212 4397 2428 4475 στίχος,
2488 4396 2561 4456 ὡς
2619 4394 2704 4450 καὶ
2748 4390 2979 4467 θλίψεως
3056 4391 3206 4472 ’ἐχειν
3262 4390 3345 4449 δεῖ
3408 4394 3529 4454 τοὺς
3582 4397 3839 4471 προσεχό-

488 4479 559 4587 εξθ
595 4488 808 4587 fidem:
853 4490 1019 4570 juxta
1069 4490 1257 4587 illud:
1314 4491 1559 4587 Accedis
1616 4479 2128 4587 att-serviendum

2246 4507 2399 4545 ,ενους
2458 4489 2524 4558 τῇ
2566 4503 2768 4553 πιπτει,
2828 4484 2967 4537 κατα
3022 4483 3107 4560 τὸ,
3162 4488 3443 4560 Προσερχῃ
3473 4479 3742 4557 βουλεύειν
3771 4480 3841 4553 τῷ

490 4576 1067 4657 Domino,prwpara
1094 4579 1367 4639 animam
1387 4585 1552 4640 tuam
1566 4580 1645 4641 ad
1661 4581 2124 4643 tentationem3‘l.

2246 4572 2404 4650 ζυρίῳ,
2459 4572 2735 4645 ἐτοίμασον
2794 4571 2891 4636 την
2950 4572 3138 4649 ψυχήν
3209 4592 3301 4625 σου
3382 4571 3455 4631 εἰς
3529 4571 3836 4648 πειρασμὸν.

488 4667 565 4730 Ει
600 4672 751 4746 quod
787 4668 837 4728 is
868 4669 966 4746 qui
1000 4668 1059 4727 in
1118 4668 1399 4729 aerumnis
1451 4677 1737 4742 versatur,
1774 4688 1891 4729 non
1948 4670 2128 4731 alium

487 4755 706 4818 debeat
763 4757 1097 4835 adjutorem
1133 4760 1410 4819 invocare
1441 4776 1614 4837 quam
1673 4758 1869 4839 ipsum
1925 4758 2132 4820 Domi-

490 4864 654 4919 num,
689 4847 786 4927 qui
816 4846 1261 4908 tribulationem
1323 4858 1583 4908 nostram
1645 4849 1704 4908 in
1758 4848 2127 4909 latitudinem

496 4953 767 5013 magnam
801 4936 1063 4998 deducit.
1102 4940 1212 4999 Pro
1271 4938 1463 5016 parvis
1518 4955 1773 5019 namque
1828 4936 2134 5000 laboribus

489 5042 730 5104 magnas
760 5027 1124 5105 accipiemus
1156 5027 1467 5089 mercedes

571 5117 701 5176 tO-t
717 5117 1002 5177 4.0mnes
1013 5124 1221 5194 gentes
1233 5119 1392 5179 circa
1402 5118 1606 5179 ierunt
1618 5135 1731 5179 me.
1744 5163 1753 5175 .
1768 5118 2133 5182 .Circumde-

488 5207 708 5270 derunt
730 5224 823 5267 me
852 5207 1003 5268 sicut
1021 5223 1163 5284 apes
1189 5205 1427 5282 favum,
1452 5210 1593 5270 etin
1616 5212 1857 5268 nomine
1886 5208 2131 5270 Domini

489 5297 659 5360 ultus
687 5313 822 5357 sum
845 5314 961 5357 eos.
989 5295 1092 5357 Dei
1120 5313 1375 5374 namque
1398 5302 1649 5376 populus
1673 5296 1865 5359 solum
1890 5299 2131 5360 vocabat

489 5389 766 5457 Deum,et
791 5403 1008 5446 nomen
1028 5386 1157 5463 ejus
1191 5386 1759 5468 memorans,hostes
1778 5385 2041 5448 visibiles
2070 5400 2131 5454 et

491 5473 815 5536 invisibiles
850 5472 1287 5536 ulciscebatur:
1323 5476 1594 5539 homines
1621 5483 1818 5537 autem
1854 5475 1946 5536 his
1972 5475 2126 5537 insi-

562 5636 822 5700 55liom.
857 5652 899 5707 ι,
936 5639 989 5711 1,
1018 5636 1078 5698 2.
1162 5632 1225 5683 ³6
1250 5633 1426 5697 Rom.
1463 5656 1557 5714 xv,
1594 5637 1655 5715 8,
1683 5636 1743 5702 9.

2211 4664 2315 4725 Καὶ
2343 4659 2654 4736 θλιϐόμενον
2689 4661 2768 4735 μὴ
2800 4660 2976 4738 ἕτερον
3033 4657 3403 4715 ἐπικαλεῖσθαι
3447 4656 3643 4725 ϐοηθὸν
3682 4660 3717 4727 ἢ
3746 4657 3839 4713 αὖ·

2211 4755 2301 4807 τὸν
2371 4753 2462 4806 τὸν
2510 4746 2727 4827 Κύριον,
2762 4746 2819 4814 ὅς
2850 4750 2938 4804 καὶ
2970 4749 3063 4817 τὴν
3094 4747 3270 4823 ⁸τλίψιν
3304 4749 3464 4823 ἡμῶν
3505 4750 3579 4811 εἰς
3605 4750 3839 4827 εύρυχω-

2215 4847 2326 4919 ρίαν
2358 4838 2474 4917 ἄγει
2506 4837 2737 4908 πολλήν.
2774 4841 2888 4895 Τῶν
2946 4846 3152 4917 μικρῶν
3207 4840 3308 4917 γὰρ
3370 4839 3548 4894 πόνων
3605 4836 3838 4917 μεγάλας

2217 4927 2607 5003 ἀποληψόμεθα
2638 4928 2732 4991 τὰς
2778 4927 2882 5001 ἆμο
2897 4924 3037 4991 ιϐἆς.

2298 5108 2471 5164 Πάντα
2531 5106 2597 5159 τὰ
2668 5103 2789 5172 ἔθνη
2849 5102 3154 5161 ἐκύκλωσαν
3204 5128 3353 5181 με...
3413 5105 3751 5165 Ἐκύκλωσᾶν
3779 5124 3841 5179 με

2212 5200 2333 5257 ὼσεῖ
2390 5192 2639 5271 μέλισσαι
2694 5194 2901 5272 κηρίον,
2963 5194 3051 5248 καί
3104 5200 3179 5265 τῷ
3235 5196 3458 5270 ὀνόματι
3496 5197 3677 5272 Κυρίου
3705 5196 3842 5269 ἡμυο

2214 5291 2387 5364 νάμην
2437 5281 2648 5346 αύτούς.
2720 5281 2780 5340 Ὀ
2852 5283 2951 5357 μὲν
3001 5282 3099 5360 γὰρ
3156 5291 3252 5340 τοῦ
3323 5292 3453 5343 Θεοῦ
3505 5283 3631 5344 λαὸς
3692 5283 3842 5339 μόνον

2212 5375 2390 5435 ἐκάλει
2445 5372 2538 5429 τὸν
2600 5372 2730 5427 Θεὸν
2760 5372 2849 5429 καὶ
2883 5372 2944 5427 τὸ
2974 5370 3143 5446 ὄνομα
3196 5371 3367 5451 λέγων
3421 5374 3580 5430 αύτοῦ
3621 5372 3843 5446 ἠμύνετο

2210 5471 2329 5535 τοὺς
2376 5461 2721 5541 φαινομένους
2764 5463 2852 5520 καὶ
2901 5461 3124 5540 ἇοανεῐς
3160 5463 3469 5541 πολεμίους·
3527 5465 3573 5520 οἱ
3623 5462 3676 5519 δὲ
3725 5462 3841 5519 τού·

1827 5635 1889 5686 37
1914 5636 2107 5700 Eccli.
2142 5653 2210 5717 ιι,
2244 5640 2305 5697 ι.
