3992 6208
458 341 575 404 479

1242 344 1301 404 S.
1351 342 1769 404 ATHANASII
1816 343 1979 404 OPP.
2030 340 2243 405 PARS.
2285 345 2397 407 III.
2441 377 2522 392 —-
2563 345 3024 411 EXEGETICA.

3702 353 3816 418 480

530 477 631 537 22.
666 475 960 555 Lapidem
992 494 1167 556 quem
1192 477 1658 558 reprobaverunt
1686 476 2061 556 aediﬁcantes

2251 476 2404 533 Λίθον
2477 478 2535 533 ὃν
2608 475 3001 554 ἀπεδοκίμασαν
3062 483 3107 537 οἱ
3180 481 3602 559 οἰκοδομοῦντες,
3665 486 3813 553 οὗτος

446 565 545 629 hic
571 568 779 643 factus
803 574 888 630 est
919 569 987 627 in
1017 574 1198 647 caput
1228 568 1462 649 anguli.
1495 566 1580 628 Te
1606 567 1799 646 ipsum
1833 568 1933 648 qui
1958 587 2091 649 pro-

448 662 579 734 pter
626 674 735 716 nos
765 655 952 717 factus
984 675 1047 716 es
1106 656 1255 737 lapis
1286 657 1578 736 abjectus,
1617 656 2093 734 reprobaverunt

444 744 687 824 quidem
720 744 1086 807 aediﬁcantes
1116 769 1131 823 ;
1189 746 1295 808 sed
1345 755 1480 826 post
1512 744 1776 824 gentium
1802 746 2086 808 mutatio-

446 852 582 896 nem
615 836 861 896 alterius
895 838 1095 914 angeli
1154 843 1329 915 caput
1357 834 1609 897 etiectus
1639 854 1705 897 es
1738 857 1750 895 :
1787 844 1844 897 et
1890 826 2084 914 quod-

443 941 580 984 nam
614 924 757 985 illud
781 926 809 984 ?
832 924 1149 1003 Copulavit
1180 925 1329 987 duos
1364 924 1612 1005 populos
1654 930 1721 987 in
1757 944 1947 987 unum
1973 943 2087 987 no-

442 1029 585 1074 vum
617 1013 928 1075 hominem
952 1012 1028 1075 θ,

522 1102 781 1164 24.11α·ο
811 1103 942 1164 dies
970 1120 1163 1183 quam
1189 1102 1328 1165 fecit
1360 1102 1807 1182 Dominus,etc.
1845 1104 2083 1185 Ecqua;-

439 1208 573 1251 nam
607 1188 737 1251 dies
766 1190 945 1251 fuerit
966 1192 1081 1252 nisi
1112 1192 1575 1254 resurrectionis
1605 1192 1873 1255 Domini?
1904 1192 2079 1265 Quae-

439 1296 575 1342 nam
610 1276 735 1341 hazc
763 1278 914 1360 dies,
951 1282 1066 1342 nisi
1098 1300 1167 1344 ea
1196 1299 1326 1362 quae
1354 1281 1634 1358 gentibus
1678 1283 1957 1345 omnibus
1986 1302 2074 1345 sa-

437 1369 647 1432 lutaris
677 1378 786 1442 est,
822 1390 936 1451 qua
968 1371 1116 1451 lapis
1144 1372 1246 1434 ille
1277 1372 1540 1452 rejectus
1567 1370 1758 1433 factus
1787 1381 1878 1435 est
1905 1372 1967 1434 in
1989 1391 2084 1433 ca-

439 1462 547 1538 put
576 1458 823 1537 anguli?
854 1458 1229 1539 Signiﬁcatur
1275 1470 1474 1523 autem
1528 1462 1656 1522 dies
1686 1463 2082 1523 resurrectio-

438 1548 878 1611 nisSalvatoris
936 1552 1145 1630 nostri,
1204 1570 1335 1631 qua:
1396 1551 1510 1630 ipsi
1559 1552 1937 1632 cognominis
1971 1561 2080 1624 est,

440 1636 668 1699 scilicet
695 1638 1029 1701 Dominica.

518 1730 786 1794 25-270
819 1732 1336 1804 Domine,salvum
1359 1750 1450 1794 me
1468 1736 1631 1812 fac,o
1652 1731 2083 1808 Domine,bene

424 1837 813 1900 prosperare:
839 1821 1180 1884 benedictus
1202 1825 1309 1902 qui
1335 1801 1504 1884 venit
1535 1801 1598 1882 in.
1615 1825 1857 1884 nomine
1881 1825 2065 1886 Domi-

2184 1801 2539 1892 Ξῦλογημείνος
2632 1820 2658 1872 ὁ
2744 1819 3040 1896 ἐρχόμενος
3129 1822 3183 1874 ἓν

433 1911 521 1972 ni.
556 1909 882 1989 Doxologia
912 1911 992 1990 (id
1013 1922 1103 1973 est
1122 1918 1331 1975 cantus
1348 1912 1408 1973 in
1434 1912 1722 1975 honorem
1746 1913 2080 1993 Trinitatis)

433 2000 925 2079 Jerosolymitana
943 2000 1221 2080 docet,de
1254 2020 1511 2081 quonam
1545 2000 1601 2061 id
1633 2000 1857 2061 dictum
1892 2001 2077 2065 sit.ll-

433 2088 533 2150 lud
556 2097 750 2150 autem
790 2112 804 2149 :
831 2091 1268 2153 Benediceimus
1298 2091 1463 2154 vobis
1493 2093 1566 2150 de
1594 2091 1764 2153 domo
1802 2091 2072 2163 Domini,

431 2179 739 2259 prophetas
770 2180 978 2241 dicunt
1007 2182 1079 2242 iis
1109 2180 1209 2261 qui
1244 2180 1498 2243 credunt
1521 2182 1579 2241 in
1600 2179 2075 2243 Christuszea-

430 2268 965 2349 tos,inquiunt,vos
999 2270 1624 2351 przedicabimusnuia
1646 2270 1840 2331 fuistis
1862 2270 2075 2331 domus

429 2358 793 2435 spiritualis:
845 2359 1137 2422 inhabitat
1188 2359 1412 2440 quippe
1470 2359 1759 2420 Dominus
1788 2359 1847 2419 in
1881 2360 2069 2422 vobis.

430 2445 797 2510 Constituite
817 2448 980 2510 diem
1002 2448 1323 2510 solemnem
1347 2450 1411 2509 in
1437 2449 1757 2509 condensis
1790 2467 1979 2528 usque
1998 2451 2076 2511 ad

424 2554 610 2598 cornu
632 2537 1254 2600 altaris.Constituite
1277 2539 1434 2601 diem
1460 2540 1814 2600 solemnem.
1840 2536 2069 2601 Intelli-

426 2625 688 2704 gendum
720 2629 953 2705 dat,eos
983 2626 1086 2707 qui
1114 2627 1189 2688 ad
1222 2627 1401 2688 ﬁdem
1434 2626 1835 2706 accedent,ita
1857 2627 2073 2707 imple-

428 2724 598 2778 turos
628 2715 896 2777 divinum
930 2716 1406 2796 tabernaculum,
1437 2727 1503 2777 ut
1534 2734 1659 2795 prae
1692 2716 2072 2780 multitudine

426 2822 619 2885 usque
649 2805 722 2866 ad
752 2822 978 2868 cornua
1008 2805 1217 2867 altaris
1246 2806 1581 2886 pertingant
1632 2807 1945 2869 Condensa
1970 2826 2043 2869 au

426 2903 543 2956 tem
573 2903 735 2957 vocat
764 2894 1101 2971 cherubim,
1152 2913 1286 2973 quas
1322 2894 1800 2975 propitiatorium
1853 2895 2068 2957 adum-

425 2982 714 3066 brabant;
748 2984 807 3046 id
837 2983 995 3046 enim
1027 2983 1323 3063 signiﬁcat
1354 2983 1530 3059 illud,
1552 2985 1894 3047 condensis.
1922 2984 2068 3046 Nam

425 3073 795 3136 condensum
829 3092 963 3136 esse
983 3074 1143 3138 idem
1177 3083 1264 3136 est
1296 3073 1451 3155 quod
1484 3083 1707 3152 tegere.
1743 3072 2067 3137 Cherubim

425 3181 564 3226 vero
593 3163 705 3226 alis
734 3163 856 3225 suis
884 3163 1357 3244 propitiatorium
1394 3162 1693 3241 tegebant.

507 3251 608 3316 28.
641 3253 807 3316 Deus
836 3270 1014 3315 meus
1072 3271 1133 3315 es
1189 3261 1339 3319 tu,et
1371 3251 1691 3330 conﬁtebor
1736 3253 1869 3316 tibi.
1912 3256 2070 3316 Hanc

426 3359 630 3404 vocem
663 3342 953 3405 Salvatori
987 3340 1224 3405 Christo
1255 3341 1486 3403 referre
1516 3341 1869 3405 edocentur.

924 3520 1213 3583 Alleluia.
1250 3518 1529 3583 CXVIII.

1009 3615 1468 3692 Argumentum.

423 3704 486 3765 In
523 3704 637 3764 hoc
672 3704 898 3782 psalmo
931 3703 1213 3766 describit
1247 3712 1588 3764 sanctorum
1622 3703 1950 3765 institutum
1970 3705 2058 3765 vi-

504 3801 598 3872 tas,
626 3794 973 3867 certamina,
1040 3811 1334 3855 {erumnas
1366 3814 1381 3868 ;
1440 3793 1649 3855 frudes
1685 3801 1741 3855 et
1774 3794 2057 3873 irruptio-

500 3899 607 3942 nes
630 3882 991 3953 daemonum,
1025 3893 1340 3945 Sexcentas
1398 3882 1785 3961 cogitationes
1824 3883 2058 3944 immis-

501 3989 621 4044 sas,
655 3970 919 4052 laqueos,
975 3972 1289 4046 venabula,
1354 3990 1587 4033 necnon
1624 3990 1692 4033 ea
1723 3972 1939 4053 quibus
1971 3972 2057 4034 is-

500 4060 653 4121 thmc
681 4071 993 4140 superant,
1031 4062 1244 4139 legem,
1297 4061 1532 4140 eloquia
1578 4062 1796 4136 diviua,
1828 4062 2059 4142 patien«

502 4150 666 4230 tiam,
701 4168 1026 4229 supernum
1059 4162 1119 4213 et
1146 4150 1391 4212 cceleste
1422 4150 1863 4231 commilitium;
1895 4152 2062 4212 dein-

396 4290 409 4301 .
506 4238 581 4301 de
614 4248 743 4319 post
775 4239 1033 4316 labores,
1071 4240 1291 4315 bravia,
1326 4240 1600 4314 coronas,
1636 4242 1897 4320 praemia.

509 4421 565 4480 1.
599 4419 772 4480 Beati
822 4417 1203 4480 immaculati
1263 4421 1328 4477 in
1378 4420 1503 4481 via.
1559 4417 1670 4490 Qui
1726 4418 2064 4482 nullatenus

420 4516 648 4588 peccat,
684 4509 731 4568 is
762 4506 1180 4569 immaculatus
1211 4514 1269 4568 et
1293 4506 1507 4568 beatus
1542 4516 1654 4568 est.

499 4687 560 4749 2.
598 4686 774 4748 Beati
796 4687 903 4766 qui
930 4692 1277 4749 scrutantur
1306 4687 1649 4747 testimonia
1687 4684 1845 4765 eius,
1872 4687 1940 4746 in
1964 4694 2055 4746 to-

420 4782 479 4837 to
512 4776 698 4837 corde
716 4780 1033 4854 exquirent
1064 4794 1221 4837 eum.
1254 4772 1383 4837 Non
1410 4783 1646 4854 oportet
1687 4774 1846 4836 enim
1882 4774 2057 4836 modo

420 4864 615 4942 legem
648 4863 921 4944 implere,
959 4865 1135 4926 modo
1168 4864 1559 4945 praevaricari.
1595 4864 1747 4937 Quid
1771 4863 1933 4924 enim
1958 4863 2053 4923 lu-

420 4956 505 5017 cri
538 4954 676 5028 erit,
712 4953 762 5014 si
787 4954 1146 5034 simpliciter
1177 4955 1491 5035 exquirant
1524 4953 1867 5015 testimonia
1896 4952 2051 5032 ejus,

418 5054 480 5107 et
507 5061 579 5107 ex
606 5049 729 5107 toto
762 5044 944 5105 corde
975 5045 1165 5106 Deum
1200 5063 1318 5105 non
1354 5043 1667 5125 quaerant?

490 5225 542 5283 3.
579 5228 705 5286 Non
733 5226 875 5283 enim
894 5228 987 5297 qui
1008 5231 1302 5297 operantur
1346 5225 1682 5299 iniquitatem
1728 5227 1790 5281 in
1809 5227 1911 5283 viis
1941 5227 2058 5297 ejus

418 5310 1081 5389 ambulaveruntlgitur
1093 5310 1351 5371 divinam
1368 5313 1556 5389 legem
1576 5312 1911 5393 ignoratqui
1933 5330 2059 5391 pec-

418 5410 537 5478 cat;
572 5419 704 5461 nam
737 5417 1104 5479 cognoscere
1134 5400 1293 5461 idem
1316 5406 1407 5464 est
1428 5420 1496 5462 ac
1518 5402 1836 5464 observare
1869 5401 2052 5462 illam.

500 5645 555 5692 ⁸³
585 5647 807 5728 Ephes.
840 5664 905 5723 ιι,
939 5649 1039 5710 15.

2174 566 2401 642 ἐγενήθη
2459 568 2530 632 εἰς
2588 566 2827 645 κεφαλὴν
2890 570 3103 646 γωνίας.
3165 573 3257 628 Σοὶ
3307 577 3450 646 αὐτῷ
3505 574 3581 648 τῷ
3651 596 3814 652 γεγο-

2175 657 2283 709 νότι
2313 653 2379 709 δι’
2409 658 2553 731 ἡμᾶς
2612 656 2739 728 λίθῳ
2794 658 3216 737 ἀπηγορευμὲνῳ
3262 660 3658 737 ἀπεδοκίμασαν
3717 665 3816 738 μὲν

2173 745 2219 798 οἱ
2264 743 2705 820 οἰκοδομοῦντες·
2742 748 2877 821 μετά
2930 745 2984 803 δὲ
3037 749 3136 816 τὴν
3185 756 3289 807 τῶν
3323 751 3486 807 ἐθνῶν
3512 750 3820 827 μεταϐολὴν

2174 833 2354 911 ἑτέρας
2413 837 2608 913 γωνίας
2668 834 2878 915 κεφαλὴ
2938 837 3162 916 γέγονας
3197 855 3209 867 ’

2174 928 2388 998 Συνῆψε
2470 924 2592 988 τοὺς
2677 922 2764 980 δύο
2870 925 3034 987 λαοὺς

2172 1014 2382 1089 θρωπον
2395 1061 2409 1075 ,

2253 1102 2396 1169 Αὕτη
2456 1102 2629 1178 ἡμέρα
2686 1104 2751 1172 ἢν
2817 1105 3068 1171 ἐποίησεν
3123 1108 3149 1161 ὁ
3212 1108 3421 1185 Κύριος,
3475 1109 3572 1166 Καὶ
3618 1109 3696 1170 τίς
3754 1107 3817 1165 ἂν

2168 1189 2260 1257 εἴη
2317 1191 2353 1258 ἢ
2410 1193 2444 1260 ἡ
2489 1192 2850 1268 ἀναστάσιμος
2909 1201 2999 1249 τοῦ
3065 1197 3253 1273 Κυρίου
3299 1197 3516 1278 ἡμέρας
3575 1199 3705 1254 Ποία
3762 1195 3818 1253 δὲ

2166 1276 2297 1345 αὕτη
2332 1279 2505 1358 ἡμέρα
2538 1281 2655 1336 ἀλλ’
2715 1282 2747 1350 ἢ
2798 1284 2831 1351 ἡ
2883 1285 3145 1361 σωτήριος
3176 1286 3282 1340 τῶν
3327 1286 3485 1342 ἐθνῶν
3532 1286 3811 1361 ἁπάντων,

2167 1367 2281 1423 καθ’
2314 1369 2379 1438 ἣν
2410 1373 2436 1426 ὃ
2470 1369 2786 1439 ἀποϐληθεὶς
2832 1371 2972 1434 λίθος
3005 1373 3222 1450 γέγονεν
3279 1375 3353 1436 εἷς
3413 1374 3652 1455 κεφαλὴν
3690 1397 3813 1454 γω-

2167 1458 2277 1522 νίας
2319 1479 2334 1532 ;
2383 1461 2639 1534 Σημαίνει
2698 1459 2750 1515 δὲ
2783 1462 2808 1515 ὁ
2840 1459 2998 1539 λόγος
3031 1463 3128 1528 τὴν
3165 1462 3531 1539 ἃναστάσιμον
3561 1474 3652 1523 τοῦ
3683 1471 3814 1520 Σω-

2166 1553 2327 1625 τῆρος
2380 1553 2557 1623 ἡμῶν,
2607 1551 2692 1619 ίήν
2730 1572 2789 1627 γε
2834 1550 3112 1626 ἐπώνυμον
3161 1555 3318 1608 αὖτοῦ
3349 1553 3666 1634 γενομένην,
3703 1552 3813 1620 δη-

2169 1637 2261 1692 λαδ
2274 1639 2299 1704 ἦ
2328 1640 2618 1714 Κυριακῆν,

3289 843 3376 896 καὶ
3449 843 3570 898 ποία
3632 842 3815 923 αὖτης

3119 929 3194 991 εἰς
3280 929 3369 986 ἕνα
3452 952 3630 987 καινον
3715 930 3814 987 ἇν-

2246 1721 2310 1781 Ὧ
2367 1728 2542 1805 Κύριε,
2607 1734 2780 1784 σῶσον
2864 1728 2948 1797 δὴ,
3035 1732 3079 1783 ὡ
3145 1731 3322 1811 Κύριε,
3386 1729 3644 1790 εὒόδωσον
3718 1730 3813 1800 δή.

3288 1820 3509 1894 ὀνόματι
3599 1821 3816 1898 Κυρίου.

2163 1912 2327 1961 Τοῦτο
2388 1907 2473 1960 καὶ
2528 1908 2559 1973 ἡ
2638 1904 2692 1961 ἐν
2772 1906 3158 1984 Ἰεροσολύμοις
3218 1906 3493 1987 δοξολογία
3550 1910 3634 1965 ἐπὶ
3690 1911 3816 1964 τίνα

2801 2000 2870 2054 Τὸ
2955 1995 3033 2075 δὲ,
3127 1998 3509 2076 Εὖλογήκαμεν
3561 2001 3701 2073 ὑμᾶς
3759 1997 3814 2063 ἐξ

2162 2083 2314 2139 οἴκου
2376 2085 2580 2163 Κυρίου,
2630 2094 2793 2142 ταῦτα
2865 2089 2912 2142 οἱ
2988 2089 3252 2167 προφῆταί
3296 2111 3421 2167 φασι
3484 2091 3614 2166 πρὸς
3673 2089 3810 2152 τοὺς

2159 2173 2503 2236 πιστεύοντας
2560 2182 2635 2248 τῷ
2698 2183 2928 2253 Χριστῷ.
2980 2179 3299 2255 Μακαρίους,
3360 2179 3538 2256 φασὶν,
3586 2178 3813 2234 ἀποκα-

2158 2260 2381 2335 λὲσομεν
2413 2265 2570 2342 ὑμᾶς,
2634 2263 2713 2320 ὅτι
2759 2264 2823 2330 δὴ
2870 2266 3024 2332 οἶκος
3085 2270 3336 2344 γεγόνατε
3389 2267 3759 2341 πνευματικός
3789 2283 3805 2297 ⁶

2157 2350 2355 2406 ἐνοικεῖ
2400 2353 2511 2429 γάρ
2558 2355 2611 2408 ἒν
2669 2354 2795 2428 ὑμῖν
2852 2357 2878 2411 ὁ
2946 2357 3155 2434 Κύριος.
3210 2358 3549 2425 Συστήσασθε
3607 2356 3810 2433 ἑορτὴν

2156 2440 2210 2495 ἐν
2272 2454 2389 2501 τοῖς
2462 2448 2774 2512 πυκὶζουπι,
2859 2448 3198 2514 Συστήσασθε
3284 2446 3499 2523 ἑορτήν.
3555 2443 3809 2500 Συνιὲναι

2155 2528 2358 2585 κελεύει
2416 2531 2536 2590 τοὺς
2600 2530 2984 2607 προσελθόντας
3029 2541 3096 2611 τῇ
3152 2535 3346 2604 πίστει,
3413 2535 3501 2591 γαὶ
3559 2532 3810 2611 πληροῦν

2156 2620 2251 2685 τὴν
2284 2619 2435 2675 θείαν.
2457 2621 2684 2701 σκηνὴν,
2729 2623 2802 2684 ὡς
2835 2622 2922 2677 καὶ
2952 2623 3117 2702 μέχρι
3151 2624 3254 2681 τῶν
3302 2624 3541 2702 κεράτων
3583 2622 3808 2702 φθάνειν

2155 2715 2247 2765 τοῦ
2304 2710 2674 2786 θυσιαστηρίου
2727 2708 2811 2767 διὰ
2870 2712 2929 2766 τὸ
2975 2710 3203 2780 πλῆθος.
3267 2714 3569 2784 Πυκάζοντα
3625 2709 3679 2768 δὲ
3733 2714 3808 2769 τὰ

2156 2795 2413 2877 χερουϐίμ
2455 2821 2615 2878 φησι,
2676 2800 2741 2855 τά
2782 2801 3159 2872 ὶπισκιάζοντα
3181 2804 3242 2858 τὸ
3270 2802 3599 2882 ἱλαστήριον·
3637 2809 3808 2858 τοῦτο

2156 2890 2255 2963 γάρ
2313 2888 2426 2943 ἔστι
2485 2888 2567 2954 τὸ,
2634 2889 2947 2959 πυκάζουσι.
3001 2890 3256 2962 Πυκοίζειν
3300 2892 3395 2970 γάρ
3438 2893 3498 2947 τὸ
3551 2891 3802 2953 σκέπειν,

2164 2976 2231 3033 Γά
2289 2975 2546 3057 χερουϐὶμ
2627 2978 2680 3034 δὲ
2765 2977 2992 3037 ἔσκεπον
3073 2994 3195 3039 ταῖς
3255 2979 3461 3060 πτέρυξι
3549 2981 3609 3036 τὸ
3660 2978 3804 3036 ἱλα-

2157 3064 2392 3144 στήριον,

2234 3159 2362 3219 Θεός
2422 3176 2524 3231 μου
2579 3156 2635 3214 εἷ
2692 3159 2777 3230 σὺ,
2846 3159 2933 3214 καὶ
2988 3158 3454 3239 ἐξομολογησομαί
3509 3176 3611 3217 σοι.
3645 3160 3805 3216 Ταύ-

2151 3266 2250 3310 την
2282 3243 2560 3324 ἁναφέρειν
2607 3252 2682 3321 τῷ
2748 3247 2960 3324 Σωτῆρι
3021 3255 3231 3327 Χριστῷ
3286 3245 3625 3305 διδάσκονται
3699 3250 3806 3316 τὴν

2151 3334 2354 3412 φωνήν.

2162 1994 2283 2072 φέρε
2295 1997 2348 2049 σε
2361 2018 2405 2049 χι
2467 1993 2713 2060 ἐδίδαξεν,

2700 3423 3044 3489 Ἀλλελούϊα.
3079 3424 3231 3489 PlH'.

2818 3514 3116 3578 ’Υπὸθεσις,

2147 3602 2237 3659 Ἐν
2259 3605 2429 3675 τούτῳ
2459 3608 2563 3658 τῶν
2595 3604 2759 3680 ἁγίων
2818 3603 3095 3684 διαγράφει
3157 3608 3254 3673 τὴν
3303 3604 3598 3681 πολιτείαν,
3658 3610 3796 3673 τοὺς

2225 3694 2454 3769 ἀγῶνας,
2491 3694 2584 3756 τὰς
2632 3692 2858 3775 θλίψεις,
2905 3697 2968 3750 τὰ
3020 3696 3333 3769 σκάμμκτα,
3370 3697 3463 3759 τὰς
3521 3699 3627 3751 τιῦν
3658 3693 3793 3753 δαι-

2223 3782 2400 3856 μόνων
2446 3785 2854 3864 ἒπαναστάσεις,
2937 3786 3058 3846 τοὺς
3111 3786 3323 3861 μυρίους
3395 3784 3793 3861 ὑποϐαλλομέ-

2225 3895 2341 3935 νους
2388 3872 2705 3952 λογισμοὺς,
2756 3874 2851 3937 τάς
2884 3874 3133 3952 παγίδας,
3169 3876 3234 3930 τά
3264 3877 3498 3954 θήρατρα
3535 3894 3549 3909 ⁸
3584 3880 3644 3934 οὗ
3673 3878 3795 3951 μὴν

2222 3961 2357 4016 ἀλλὰ
2395 3964 2482 4018 καὶ
2512 3964 2575 4017 τά
2597 3960 2670 4017 δι’
2702 3964 2775 4018 ὦν
2808 3963 3209 4041 περιγένωνται,
3255 3967 3345 4046 τὸν
3377 3967 3564 4041 νόμον,
3602 3966 3665 4022 τά
3697 3964 3799 4023 λό-

2220 4073 2335 4129 για,
2372 4052 2467 4119 τήν
2516 4053 2813 4125 ὑπομονήν,
2849 4055 2951 4120 τὴν
2997 4052 3192 4110 ἄνωθεν
3223 4057 3561 4135 συμμαχίαν·
3602 4053 3798 4113 ἔπειτα

2231 4141 2365 4216 μετά
2404 4144 2525 4203 τοὺς
2558 4141 2775 4217 πόνους,
2834 4141 3085 4220 βραδεῖα,
3148 4146 3270 4209 τοὺς
3323 4146 3628 4226 στεφάνους,
3686 4148 3794 4212 τὰς

2231 4228 2480 4306 ἀμοιϐάς,

2234 4412 2491 4490 Μακάριοι
2544 4414 2590 4465 οἱ
2643 4409 2859 4487 ἄμωμοι
2906 4413 2971 4468 ἐν
3027 4412 3152 4486 ὁδῷ.
3204 4413 3266 4471 Ὀ
3324 4412 3549 4489 μηδαμῆ
3595 4410 3799 4488 μηδα-

2146 4508 2259 4577 μῶς
2291 4501 2630 4577 ἁμαρτάνων,
2684 4501 2839 4565 οὗτος
2893 4500 2955 4557 ἂν
3019 4502 3111 4569 εἷή
3158 4500 3383 4578 ἄμωμος
3422 4504 3511 4560 καὶ
3556 4503 3663 4578 μὴν
3699 4508 3802 4562 καὶ

2140 4593 2421 4671 μακάριος.

2223 4683 2481 4760 Μακάριοι
2536 4684 2582 4737 οἱ
2666 4681 3032 4758 ἐξερευνῶντες
3108 4682 3171 4739 τά
3244 4684 3509 4759 μαρτύρια
3596 4682 3795 4765 αὗτόύ,

2139 4773 2192 4827 ἐν
2250 4772 2350 4848 ὅλῃ
2435 4770 2619 4850 καρδίᾳ
2698 4771 3082 4842 ἐκζητήσωσιν
3157 4774 3336 4834 αὑτὸν,
3413 4773 3486 4831 Οὔ
3536 4773 3639 4851 γάρ
3699 4771 3800 4833 δεῖ

2138 4864 2267 4919 ποτὲ
2303 4864 2399 4936 μὲν
2444 4865 2727 4937 κατορθοῦν
2778 4864 2869 4917 τὸν
2928 4861 3114 4940 νόμον,
3175 4862 3305 4918 ποτὲ
3358 4860 3412 4917 δὲ
3469 4860 3795 4939 παραϐάτην

2140 4952 2403 5031 γενέσθαι,
2439 4952 2498 5009 Τί
2526 4953 2626 5028 γὰρ
2656 4948 2840 5029 κέρδος
2874 4958 2963 5006 τοῦ
3009 4950 3344 5031 ἐξερευνῆσαι
3398 4953 3465 5007 τὰ
3522 4953 3795 5030 μαρτύρια

2138 5047 2293 5101 αὒτοῦ
2352 5039 2560 5113 ἁπλῶς,
2618 5040 2707 5095 καὶ
2758 5039 2811 5104 ἒξ
2870 5039 3003 5107 ὅλης
3089 5039 3144 5097 δὲ
3226 5040 3440 5119 καρδίας
3496 5044 3586 5099 τὸν
3649 5045 3798 5099 Θεὸν

2140 5135 2217 5208 μὴ
2253 5130 2503 5201 ὲκζητεῖν
2542 5150 2557 5198 ;

2220 5225 2292 5280 Οὐ
2336 5221 2434 5299 γὰρ
2519 5222 2565 5274 οἱ
2641 5218 2984 5296 ἐργαζόμενοι
3073 5222 3171 5287 τὴν
3244 5221 3466 5295 ἀνομίαν
3544 5219 3599 5275 ἐν
3656 5233 3794 5285 ταῖς

2140 5313 2286 5374 ὁδοῖς
2346 5315 2504 5368 αὒτοῡ
2572 5308 2956 5386 επορεύθησαν.
3019 5311 3218 5366 Οὐκοῦν
3276 5311 3362 5366 τὸν
3412 5312 3557 5365 θετον
3616 5308 3797 5383 νόμον

2141 5400 2236 5457 οὒκ
2265 5396 2409 5454 οἶδεν
2460 5400 2487 5453 ὁ
2538 5394 2854 5471 ἁμαρτάνων
2890 5412 2905 5430 ·
2951 5397 3011 5452 τὸ
3069 5396 3168 5475 γὰρ
3218 5396 3500 5476 γινώσκειν
3549 5394 3659 5451 ἐστὶ
3723 5399 3798 5453 τὸ

2141 5489 2446 5568 ἐργάζεσθαι
2479 5486 2656 5543 αὐτὸν.
