3992 6208
518 293 635 358 483

1284 299 1341 357 S.
1395 297 1822 359 ATHANASII
1863 295 2024 357 OPP.
2075 293 2282 356 PARS.
2337 292 2447 354 III.
2495 327 2572 336 —
2622 292 3074 356 EXEGETICA.

3744 293 3846 359 484

515 446 608 489 me
630 428 790 507 cepit
815 428 874 488 in
900 430 1176 508 praesenti
1195 429 1458 508 vitu,uon
1483 447 1843 500 aurum,n0n
1867 429 2140 508 dignitas,

2242 431 2353 510 3(tp,
2400 434 2458 488 οὔ
2518 431 2742 509 χρυσὸς,
2802 431 2896 510 οὑκ
2963 427 3190 503 ἀξίωμα,
3259 430 3318 484 οὑ
3387 427 3693 484 δυναστεία⁶
3743 431 3842 488 ἀντὶ

515 535 628 576 non
667 515 966 596 potentia:
1004 517 1107 578 sed
1161 524 1291 578 vice
1322 520 1586 580 omnium
1639 517 1783 579 mibi
1815 527 1950 581 sunt
1983 521 2140 580 testi-

2242 517 2290 574 δὲ
2341 508 2562 575 πάντων
2624 517 2743 594 ἐμοὶ
2799 508 2862 574 τά
2917 517 3178 596 μαρτυριά
3238 539 3356 592 σου,
3426 519 3703 597 εὖφροσύνη
3767 523 3846 576 καὶ
3880 518 3893 534 ⁸

512 605 714 666 monia
749 613 878 667 tua:
917 607 1043 668 haec
1072 607 1306 688 gaudia,
1340 607 1434 667 bal.
1460 607 1675 668 divitiae
1707 627 1876 671 meae.

591 695 767 758 16.Ιη
773 696 1320 776 jastiﬁcationibus
1347 699 1468 759 tuis
1491 697 1979 779 meditabor,non
2004 699 2153 762 obli-

507 786 711 846 viscar
729 802 1030 848 sermones
1049 794 1202 850 tuos.
1237 789 1372 850 Non
1397 785 1710 848 verborum
1731 795 1954 848 tantum
1977 796 2150 850 tenus

509 873 814 935 meditatio
848 875 978 936 illa:
1010 875 1113 936 sed
1141 876 1220 936 ita
1249 883 1313 936 ut
1338 875 1438 955 qui
1461 875 1740 953 intelligit
1765 895 1834 937 ea
1863 896 2149 959 exsequa-

509 970 626 1022 tur.
686 960 814 1024 Non
879 963 1037 1024 enim
1089 964 1391 1025 auditores
1445 964 1960 1044 justiﬁcationum,
2008 967 2148 1044 justi

507 1060 646 1114 sunt
673 1054 827 1133 apud
888 1052 1096 1128 Deum,
1132 1054 1236 1115 sed
1287 1053 1541 1114 factores
1601 1073 1822 1115 earum.
1859 1055 1942 1116 Ita
1990 1059 2148 1118 enim

503 1160 678 1203 nemo
710 1160 970 1223 unquam
1015 1161 1218 1204 earum
1253 1141 1662 1204 obliviscetur.

585 1233 678 1292 i7.
714 1230 1000 1294 Retribue
1046 1250 1217 1293 servo
1281 1241 1400 1307 tuo,
1458 1233 1702 1311 vivi/ica
1743 1251 1858 1295 me.
1919 1233 2144 1316 Ecquid

502 1320 765 1382 vultdari
784 1320 895 1382 sibi
922 1340 1026 1400 pro
1059 1320 1129 1381 iis
1161 1341 1296 1401 qua:
1328 1320 1541 1400 attulit,
1573 1321 1684 1381 nisi
1716 1330 1778 1382 ut
1809 1323 1942 1402 ejus
1974 1343 2144 1388 mens

2234 607 2460 672 πλοῦτος
2473 654 2488 671 .

2312 696 2403 754 Ἐν
2453 710 2570 760 τοῖς
2632 694 2954 768 δικαιώμασι
3031 718 3122 753 σου
3179 695 3461 772 μελετήσω
3494 712 3509 728 ⁸
3577 696 3664 753 οὒκ
3733 697 3843 755 ἐπι-

2232 783 2471 862 λήσομαι
2530 792 2634 844 τῶν
2686 785 2862 865 λόγων
2911 808 3027 848 σου.
3091 787 3162 844 Οὑ
3223 786 3385 865 μέχρι
3435 783 3620 850 λέξεως
3667 788 3700 855 ἠ
3749 809 3842 864 με-

2233 872 2388 942 λέτη·
2419 874 2555 931 ἀλλὰ
2585 877 2676 932 τὸν
2708 874 2999 942 νενοηκότα
3032 888 3184 932 ποιεῖ
3217 875 3364 933 αὑτά.
3397 874 3468 931 Οὑ
3490 875 3587 952 γὰρ
3614 875 3845 954 ἀκροαταὶ

2233 961 2615 1039 δικαιωμάτων
2674 971 2805 1022 Θεοῦ
2862 962 3051 1020 δίκαιοι
3100 964 3242 1042 παρὰ
3298 970 3374 1036 τῷ
3447 970 3583 1043 Θεῷ,
3641 963 3753 1021 ἀλλ’
3802 967 3843 1021 οἱ

2233 1057 2456 1120 ποιηταὶ
2541 1055 2736 1114 αὑτῶν.
2811 1051 2961 1110 Οὕτω
3028 1053 3127 1130 γὰρ
3197 1050 3448 1110 οὑδέποτέ
3523 1074 3601 1117 τις
3685 1055 3839 1110 αὑτῶν

2233 1140 2572 1212 ἐπιλήσεται,
3212 1145 3234 1155 ’

2308 1230 2636 1294 Ἀνταπόδος
2691 1238 2768 1305 τῷ
2825 1229 2994 1304 δούλῳ
3053 1253 3167 1301 σου,
3249 1231 3412 1301 ζῆσόν
3469 1252 3560 1304 με.
3638 1228 3734 1292 Καὶ
3795 1233 3840 1288 τί

2225 1318 2468 1395 βούλεται
2531 1318 2863 1388 ἀντιδοθῆναι
2911 1321 3052 1394 αὑτῷ
3105 1316 3214 1376 ἄνθ’
3273 1322 3347 1376 ὦν
3382 1319 3733 1400 εἰσενέγκατο,
3775 1322 3839 1384 είς

506 1409 860 1479 illustratur,
895 1409 1009 1472 nisi
1031 1418 1093 1470 ut
1123 1417 1442 1488 cognoscat
1467 1410 1758 1471 mirabilia
1789 1429 1969 1491 opera
1989 1411 2140 1476 Dei?

2242 1410 2287 1464 τὸ
2343 1413 2668 1487 φωτισθῆναι
2702 1411 2859 1465 αὑτοῦ
2897 1409 2995 1476 τὴν
3038 1408 3296 1478 διάνοιαν,
3329 1410 3402 1472 εἷς
3460 1411 3520 1465 τὸ
3550 1412 3733 1487 γνῶναι
3785 1411 3842 1464 τὰ

590 1501 681 1562 l8.
721 1499 942 1561 Revela
972 1499 1176 1562 oculos
1200 1517 1383 1579 meos,
1417 1507 1476 1560 et
1508 1500 1906 1563 considerabo
1944 1505 2140 1564 mira-

2242 1499 2503 1572 ιαυμαστὰ
2607 1497 2734 1576 ἔργα
2830 1497 2925 1554 τοῦ
2966 1520 2969 1525 ·
3014 1505 3195 1578 Θεοῦ;
3286 1496 3660 1573 Ἀποκάλυψον
3736 1497 3843 1560 τοὺς

504 1589 650 1650 bilia
707 1590 781 1650 de
838 1588 966 1669 lege
1025 1596 1152 1651 tua.
1215 1587 1575 1668 Vanitatem,
1637 1589 1851 1669 inquit.
1895 1590 2140 1670 hujusce

2242 1585 2531 1665 ἰφθαλμούς
2604 1609 2731 1666 μου,
2806 1588 2893 1643 καὶ
2977 1588 3298 1656 κατανοήσω
3369 1587 3436 1643 τὰ
3484 1585 3738 1662 θαυμάσια
3790 1588 3842 1641 ἐκ

502 1676 633 1738 vitae
656 1696 773 1739 non
813 1677 958 1738 mihi
992 1677 1293 1757 propriam
1346 1677 1537 1752 eﬂ‘eci,
1571 1695 1753 1757 quare
1810 1677 2140 1742 divinorum

2242 1678 2318 1729 τοῦ
2362 1676 2524 1750 νόμου
2567 1697 2684 1737 σου.
2747 1675 2855 1732 Οὑκ
2903 1678 3142 1750 οἰκείαν,
3177 1679 3333 1755 φησὶ,
3383 1678 3475 1744 τὴν
3534 1675 3590 1730 ἐκ
3636 1682 3708 1749 τῷ
3757 1675 3843 1752 βίῳ

499 1767 909 1846 cognitionem
973 1767 1384 1856 mandatorum
1436 1777 1671 1846 expeto,
1721 1787 1970 1849 quorum
2027 1771 2140 1832 alia

2242 1764 2527 1839 πεποίημαι
2564 1765 2903 1840 ματαιότητα
2938 1784 2950 1796 ·
3003 1764 3084 1820 διὸ
3137 1767 3269 1821 αἰτῶ
3317 1773 3513 1843 γνῶσιν
3554 1765 3654 1821 τῶν
3707 1766 3841 1820 θείων

499 1855 699 1934 ignota
764 1864 922 1918 sunt.
980 1857 1131 1917 Nota
1192 1854 1427 1935 quidem
1487 1863 1672 1919 sunt:
1726 1857 1862 1919 Non
1909 1859 2140 1923 occides

2242 1850 2465 1916 ἴέξασθαι
2526 1853 2756 1909 ἐντολῶν
2786 1873 2800 1889 ο
2862 1855 2914 1909 αἱ
2959 1855 3057 1929 μὲν
3110 1854 3211 1932 γάρ
3253 1855 3488 1932 γνωσταί
3543 1854 3687 1909 εἰσιν·
3721 1849 3839 1908 αἰδὲ

501 1954 560 2005 et
616 1963 748 2024 quae
791 1942 1258 2026 sequuntur“;
1318 1945 1518 2023 ignota
1575 1955 1712 2008 sunt
1758 1947 1894 2028 alia,
1948 1948 2135 2026 verbi,

2242 1963 2486 2019 ιγνωστοι
2523 1961 2538 1976 ⁶
2607 1945 2840 2021 γνωσταὶ
2897 1943 2995 2019 μὲν
3051 1945 3122 2007 ὡς
3191 1943 3276 2022 τὸ,
3335 1945 3406 2001 Οὑ
3443 1943 3725 2023 φονεύσεις,
3765 1944 3841 1997 καὶ

498 2035 706 2114 gratia,
744 2053 926 2115 quare
959 2039 1123 2117 pueri
1189 2043 1401 2096 octavo
1460 2035 1557 2096 die
1603 2035 2136 2118 circumciduntur,

2242 2032 2285 2086 ιὰ
2331 2030 2485 2110 ἕτερα
2518 2051 2530 2064 ³
2589 2033 2848 2111 ἄγνωστοι
2872 2031 2927 2088 δὲ
2957 2033 3044 2112 τὸ,
3088 2033 3227 2098 τίνος
3277 2033 3442 2112 χάριν
3492 2031 3545 2089 ἐν
3591 2037 3655 2108 τῇ
3681 2028 3826 2110 ὀγδόη

499 2130 554 2185 et
587 2141 705 2200 qua
735 2124 810 2186 de
840 2143 1017 2186 causa
1060 2142 1166 2205 pro
1218 2142 1433 2186 recens
1462 2125 1614 2186 natis
1669 2127 1998 2188 offeruntur
2039 2147 2137 2190 sa-

2242 2119 2396 2198 jpépq
2431 2122 2496 2177 τὰ
2524 2122 2694 2203 βρέφη
2738 2121 3110 2199 περιτέμνεται
3144 2137 3160 2153 ⁶
3207 2121 3268 2202 ἢ,
3326 2123 3469 2186 τίνος
3521 2121 3675 2202 χάριν
3728 2120 3840 2196 ὑπὲρ

498 2211 746 2276 criﬁcia.

2242 2213 2608 2288 ιρτιγεννήτων
2637 2211 2985 2292 ἀναφέρονται
3015 2213 3207 2274 θυσίαι.

577 2303 680 2364 21.
710 2302 1050 2384 Increpasti
1078 2303 1386 2385 superbos.
1427 2302 1539 2376 Qui
1571 2305 1846 2386 superbis
1889 2307 2139 2390 resistit,

2302 2297 2669 2377 Ἐπετίμησας
2768 2301 3154 2382 ὑπερηφάνοις.
3249 2298 3310 2358 Ὀ
3413 2299 3837 2376 ἀντιτασσόμενος

497 2389 594 2451 bic
644 2391 910 2470 increpat
967 2392 1298 2475 superbos:
1363 2393 1523 2472 atqui
1585 2395 1873 2457 Dominus
1922 2389 2140 2459 resistit

2242 2401 2341 2452 ;οῖς
2397 2391 2783 2470 ὑπερηφάνοις,
2837 2392 2991 2455 οὗτος
3050 2393 3137 2448 καὶ
3199 2392 3556 2471 ὑπερηφάνοις
3619 2389 3835 2464 ἐπιτιμᾷ.

495 2479 792 2562 superbis,
827 2479 1116 2543 Dominus
1147 2482 1325 2560 igitur
1353 2482 1622 2561 increpat
1651 2485 1960 2564 superbos.

2242 2475 2415 2556 (opto;
2474 2477 2530 2535 δὲ
2595 2480 2956 2561 ὒπερηφάνοις
3030 2479 3424 2557 ἀντιτάσσεται,
3492 2478 3676 2560 Κύριος
3751 2476 3836 2555 ἄρα

2223 2571 2312 2622 καὶ
2341 2579 2461 2632 τοῖς
2484 2569 2843 2649 ὑπερηφάνοις
2889 2569 3134 2645 ἐπιτιμᾷ.

574 2656 674 2720 22.
711 2659 956 2736 Aufera
1005 2677 1095 2718 me
1152 2660 1548 2740 opprobrium
1599 2669 1655 2723 et
1706 2670 2133 2743 contemptum.

2303 2656 2516 2743 Περίελε
2594 2657 2689 2714 ἀπ’
2758 2657 2891 2735 ἐμοῦ
2976 2657 3174 2720 ὄνειδος
3252 2661 3343 2716 καὶ
3397 2658 3744 2725 ὲξουδένωσιν.
3785 2657 3836 2712 Οἱ

498 2745 673 2827 lmpii
703 2746 764 2808 in
790 2755 1058 2826 tempore
1089 2747 1524 2826 persecutionis
1553 2741 2006 2829 exprobrantes,
2045 2769 2140 2813 me

2242 2741 2433 2810 ισεϐεἰς
2463 2748 2518 2801 ἓν
2575 2754 2746 2825 καιρῷ
2803 2746 3042 2826 διωγμοῦ
3099 2745 3444 2819 ὀνειδίζοντες
3476 2744 3838 2816 ἐξουδενήσουσί

495 2835 669 2897 nihili
701 2836 945 2897 facient.
980 2834 1141 2915 Rogo
1168 2838 1363 2917 itaque
1395 2847 1459 2899 ut
1489 2855 1644 2900 vana
1675 2845 1793 2900 sint
1821 2839 2140 2921 opprobria

2242 2855 2312 2894 ιε.
2371 2836 2624 2910 Αἷτοῦμαι
2681 2839 2768 2892 οὑν
2827 2836 2921 2892 ’ίνα
2993 2838 3195 2912 μάταια
3238 2839 3499 2915 γένωνται
3554 2836 3666 2892 κατ’
3723 2833 3837 2909 ὶμοῦ

499 2943 702 2986 eorum
739 2925 885 2986 mihi
917 2926 1100 2986 illata.
1137 2925 1200 2987 Si
1230 2927 1493 3007 quando,
1518 2927 1736 3008 inquit,
1764 2938 1972 2991 contra
2000 2949 2136 2991 car—

2242 2921 2419 2989 ἱνείδη,
2480 2923 2585 2985 Καὶ
2646 2925 2699 2980 εἴ
2751 2947 2905 3001 ποτε,
2967 2928 3120 3006 φησὶ,
3194 2927 3510 3006 πεφρόνηκα
3571 2926 3699 2982 κατὰ
3749 2923 3835 2987 τῆς

495 3033 630 3074 nem
655 3014 840 3089 sensi,
874 3015 977 3075 sed
1009 3033 1332 3077 conversus
1354 3035 1498 3094 rogo
1529 3017 1745 3078 divinis
1772 3018 1963 3079 verbis
1990 3020 2136 3080 vivi-

2242 3014 2444 3093 παρκὸς,
2478 3013 2599 3069 ἀλλ’
2632 3014 2956 3092 ἐπιστρέψας
2988 3018 3119 3072 αἰτῶ
3161 3029 3280 3079 τοϊς
3335 3020 3494 3079 θείοις
3523 3011 3833 3088 ζωοποιηθῆ-

496 3103 681 3166 ﬁcari.
709 3102 770 3165 Si
805 3103 1046 3183 quidem
1079 3103 1159 3164 ita
1207 3105 1281 3165 ad
1336 3113 1666 3167 extremum
1721 3109 2010 3185 angustia;
2037 3126 2138 3169 re-

2242 3125 2308 3157 m
2357 3101 2538 3181 λόγοις
2574 3120 2587 3134 ⁸
2624 3106 2668 3159 εἰ
2729 3103 2999 3190 οὕτωςοεῖς
3033 3105 3275 3184 ἐσχάτην
3307 3106 3443 3174 ἧκον
3474 3105 3709 3184 ἀπορίαν,
3736 3123 3830 3181 φη·

494 3193 705 3254 dactus
737 3211 892 3268 sum,
932 3193 1140 3272 inquit,
1178 3212 1320 3272 rogo
1356 3193 1594 3256 liberari
1658 3213 1750 3256 me
1791 3197 1866 3257 ab
1919 3197 2140 3278 iniquis

2242 3193 2325 3271 τὶν,
2360 3192 2737 3271 ἐλαυνόμενος,
2785 3193 2846 3249 ἐκ
2901 3201 3009 3250 τῶν
3053 3195 3503 3275 παρανομούντων
3572 3193 3692 3259 ἀξιῶ
3736 3212 3832 3246 σω-

485 3283 657 3361 juxta
689 3283 1147 3363 promissionem
1185 3290 1369 3344 tuam.

2242 3286 2376 3347 »ἦναι
2421 3283 2558 3338 κατά
2587 3283 2686 3350 τὴν
2728 3283 3052 3362 ἐπαγγελίαν
3084 3306 3200 3346 σου,

574 3373 676 3445 23,
712 3372 809 3434 24.
837 3373 1080 3433 Etenim
1104 3373 1390 3435 sederunt
1430 3376 1741 3454 principes
1798 3383 1858 3436 et
1916 3376 2136 3438 adver-

493 3478 629 3523 sum
656 3479 750 3523 me
779 3461 1199 3540 loquebantur,
1237 3470 1350 3524 etc.
1388 3463 1550 3534 Ideo,
1585 3465 1796 3544 inquit,
1832 3465 2030 3543 rogavi
2075 3474 2138 3526 ut

492 3551 832 3613 auferretur
855 3550 1266 3632 opprobrium,
1305 3555 1446 3631 quia
1470 3553 1784 3614 adversum
1817 3573 1912 3615 me
1943 3554 2142 3635 loque-

494 3637 710 3701 bantur
739 3639 1002 3701 assidue.
1037 3638 1325 3701 Caeterum
1355 3640 1410 3701 id
1431 3641 1741 3719 agentibus
1772 3643 2142 3724 principibus

494 3728 849 3809 iniquitatis,
883 3747 1089 3791 servus
1118 3729 1224 3791 Dei
1259 3749 1374 3791 non
1403 3730 1669 3792 abscedit
1695 3749 1730 3793 a
1755 3733 2139 3811 justiﬁcatio-

496 3817 670 3879 nibus
703 3820 869 3897 ejus:
905 3818 1010 3880 Dei
1040 3819 1258 3890 verbis,
1293 3837 1428 3895 quae
1469 3821 1925 3898 justiﬁcationes
1949 3832 2137 3904 vocat,

495 3908 978 3970 consiliariorum
1013 3908 1141 3968 loco
1175 3908 1249 3968 ad
1280 3926 1408 3968 eam
1440 3925 1568 3970 rem
1603 3927 1766 3972 usus.
1790 3909 2142 3989 Hujusmodi

495 4005 694 4056 autem
721 3998 898 4058 homo
932 3997 1161 4057 nullum
1190 3997 1408 4057 malum
1436 3997 1692 4059 admittit
1708 4001 2136 4063 consiliarium.

495 4083 608 4147 Sed
645 4086 948 4164 principes
980 4085 1160 4164 hujus
1225 4087 1453 4165 saeculi,
1488 4088 1647 4147 velut
1701 4097 1908 4149 contra
1962 4090 2139 4152 Chri-

494 4185 648 4236 stum
682 4183 1098 4237 convenerunt
1127 4178 1192 4236 in
1222 4193 1414 4236 unum
1472 4176 1766 4238 adversus
1815 4181 2139 4241 Dominum

489 4274 547 4328 et
579 4265 867 4327 adversus
900 4265 1212 4326 Christum
1261 4267 1391 4343 eius
1417 4263 1492 4324 ιθ.
1528 4265 1617 4326 Ad
1678 4286 1826 4347 quos
1882 4270 2142 4350 pertinet

490 4355 786 4435 sapientia
817 4356 990 4432 hujus
1032 4354 1260 4417 saculi.

572 4445 672 4507 25.
707 4443 976 4505 Adhaesit
1020 4445 1372 4523 pavimento
1421 4445 1634 4506 animo
1660 4463 1814 4507 mea.
1849 4447 1937 4508 Ad
1997 4448 2134 4509 ulti-

491 4552 652 4595 mum
686 4533 976 4612 angustiae
1010 4533 1303 4594 deductus
1361 4552 1516 4614 sum,
1545 4534 1763 4614 inquit,
1797 4537 2138 4617 compulsus

491 4641 525 4684 a
553 4622 886 4702 sceleratis,
918 4630 976 4683 et
1021 4640 1166 4701 rogo
1222 4621 1473 4683 salutem
1517 4623 1662 4683 mihi
1711 4623 1889 4684 tribui
1923 4643 2133 4686 secun-

489 4713 628 4774 dum
662 4713 1124 4793 promissionem
1158 4720 1314 4773 tuam
1346 4730 1464 4790 qua
1495 4713 1730 4775 dixisti:
1765 4714 1848 4775 Et
1901 4724 2136 4777 torren-

493 4811 580 4864 tes
611 4819 731 4863 non
760 4800 1124 4863 concludent
1155 4809 1233 4864 te.

571 4891 672 4967 26,
696 4891 796 4953 27.
833 4892 972 4952 νέαις
995 4908 1160 4952 meas
1181 4894 1503 4954 enuntiavi
1523 4900 1578 4954 et
1607 4892 1916 4956 exaudisti
1931 4912 2056 4958 me.
2071 4942 2144 4974 η,

502 4979 670 5042 Viam
693 4981 1208 5060 justificationum
1243 4987 1486 5044 tuarum
1515 4981 1860 5062 intelligere
1877 5001 1971 5045 me
2005 4985 2134 5064 fac.

487 5071 745 5148 Accepta
803 5071 962 5130 enim
1031 5070 1432 5150 intelligentia
1505 5072 1918 5151 mysteriorum
1981 5076 2134 5155 ejus,

489 5167 700 5238 potero
739 5158 896 5220 circa
926 5158 1224 5222 mirabilia
1273 5163 1404 5239 ejus
1451 5160 1676 5222 versari
1706 5169 1765 5223 et
1793 5161 1868 5222 de
1899 5160 1974 5223 iis
2003 5184 2135 5228 ser-

490 5266 729 5308 monem
759 5247 1008 5311 habere.

569 5338 1046 5403 98.00rmitavit
1066 5342 1273 5402 animo
1293 5358 1432 5403 mea
1443 5358 1576 5421 prce
1596 5341 1985 5408 twdimDocet
2018 5364 2136 5407 non

492 5445 672 5517 posse
692 5427 806 5490 alio
825 5430 1000 5492 modo
1017 5431 1579 5512 segnitieiSpiritum
1595 5433 2016 5515 expelli,quam
2031 5454 2140 5517 per

493 5516 940 5581 meditationem
959 5519 1292 5581 divinorum
1309 5516 2137 5606 eloquiorum.Sobrieitaque

569 5669 623 5714 ‘5
651 5668 843 5736 Exod.
873 5688 978 5751 ιι,
1028 5671 1101 5734 13
1127 5691 1256 5757 seq.
1344 5673 1400 5718 ⁴⁶
1426 5677 1587 5740 Paal.
1621 5695 1685 5758 υ,
1715 5680 1778 5749 2.

2301 3369 2406 3431 K‘il
2461 3373 2561 3452 γάρ
2619 3374 2868 3429 ἐκάθισαν
2927 3374 3188 3454 ἀρχοντες
3242 3376 3335 3431 καὶ
3384 3373 3500 3431 κατ’
3545 3375 3666 3450 ἐμοῦ
3716 3392 3835 3428 κατ·

2220 3459 2464 3522 ελάλουν.
2548 3462 2646 3520 Διά
2703 3469 2878 3538 τοῦτο,
2967 3465 3152 3544 φησὶν,
3224 3463 3409 3540 ᾒτησα
3465 3464 3831 3542 περιαιρεῖσθαι

2221 3551 2280 3606 τὸ
2325 3548 2546 3630 ὄνειδος,
2609 3552 2724 3606 ἐπεὶ
2780 3551 2936 3630 ἔργον
2995 3557 3157 3632 εἶχον
3213 3556 3273 3609 τὸ
3330 3551 3518 3610 λαλεῖν
3577 3549 3690 3608 κατ’
3721 3551 3833 3624 ἐμοῦ

2304 3639 2450 3707 Πλὴν
2496 3643 2583 3697 καὶ
2612 3646 2717 3695 τῶν
2762 3641 3040 3720 ἀρχόντων
3073 3649 3170 3709 τῆς
3205 3640 3411 3705 ἀδικίας
3457 3649 3616 3699 ταῦτα
3643 3639 3832 3697 ποιούν-

2221 3752 2352 3810 των,
2387 3733 2414 3786 ὁ
2469 3741 2562 3788 τοῦ
2620 3739 2750 3789 Θεοῦ
2778 3729 2964 3794 δοῦλος
2998 3733 3091 3788 οὑκ
3120 3732 3406 3812 ἀφίσταται
3437 3738 3542 3787 τῶν
3563 3727 3829 3804 δικαιωμά-

2221 3841 2326 3874 των
2386 3821 2543 3877 αὑτοῦ
2575 3838 2589 3852 ·
2651 3822 2772 3883 τοὺς
2826 3823 2918 3876 τοῦ
2980 3828 3112 3876 θεοῦ
3164 3820 3382 3900 λόγους,
3441 3820 3574 3899 ἅπερ
3615 3819 3708 3899 ἔφη
3760 3815 3831 3871 δί-

2223 3907 2531 3990 γαιώματα,
2588 3910 2916 3988 συμϐούλους
2981 3909 3128 3990 ’έχων
3178 3915 3310 3990 πρὸς
3367 3918 3542 3974 τοῦτο,
3600 3907 3709 3967 Οὐδ’
3755 3906 3831 3962 ἕνα

2223 3996 2278 4053 δὲ
2322 4002 2612 4078 πονηρὸνὺ
2668 4008 2903 4063 τοιοῦτος
2965 3998 3276 4080 ἐπιδέχεται
3329 3997 3642 4077 σύμϐουλον.
3683 3993 3830 4054 Ἀλλά

2221 4090 2310 4143 καὶ
2361 4093 2409 4144 οἱ
2471 4087 2730 4170 ἄρχοντες
2789 4093 2978 4146 τούτου
3036 4097 3128 4147 τοῦ
3186 4093 3403 4170 αἰῶνος,
3475 4090 3700 4165 καθάπερ
3758 4084 3830 4139 ἐπὶ

2222 4186 2449 4253 Χριστοῦ
2550 4182 2898 4258 συνήχθησαν
2995 4181 3080 4236 ἐπὶ
3195 4182 3257 4236 τὸ
3345 4181 3472 4236 αὑτὸ
3553 4177 3680 4234 κατά
3753 4178 3831 4229 τοῦ

2219 4265 2412 4347 Κυρίου
2473 4271 2557 4326 καὶ
2613 4273 2747 4325 κατά
2797 4276 2889 4326 τοῦ
2947 4273 3175 4350 Χριστοῦ
3229 4271 3410 4329 αὑτοῦ.
3467 4266 3557 4324 Ὠν
3605 4268 3736 4322 ἐστιν
3797 4263 3826 4328 ἡ

2163 4389 2204 4439 D
2222 4360 2379 4437 σοφία
2409 4361 2500 4414 τοὺ
2528 4360 2717 4421 αἰῶνος
2750 4359 2962 4422 τούτου.

2301 4447 2605 4518 Ἐκολλήθη
2659 4455 2735 4523 τῷ
2784 4447 2962 4526 ἐδάφει
3012 4449 3048 4516 ἡ
3110 4449 3263 4528 ψυχή
3341 4469 3468 4523 μου.
3544 4447 3628 4506 Εἰς
3680 4441 3831 4521 ἐσχά-

2220 4559 2319 4603 την
2362 4541 2494 4605 ἧκον
2526 4538 2772 4616 ἀπορίαν,
2825 4540 3008 4618 φησὶν,
3066 4537 3420 4612 ἐλαυνόμενος
3467 4537 3568 4591 ὑπὸ
3597 4538 3695 4591 τῶν
3732 4552 3827 4587 πα-

2221 4628 2612 4704 ρανομούντων,
2672 4629 2761 4683 καὶ
2810 4627 2940 4692 ἀξιῶ
2990 4631 3224 4694 σωθῆναι
3271 4627 3409 4684 κατά
3470 4625 3567 4691 τὴν
3611 4624 3826 4698 ἐπαγγε-

2219 4713 2336 4771 λίαν
2379 4723 2472 4772 σοῦ
2509 4716 2606 4783 τὴν
2651 4716 2907 4795 λέγουσαν
2942 4733 2956 4748 ⁶
3015 4717 3119 4779 Καὶ
3175 4715 3460 4796 χείμαῤῥοι
3512 4716 3570 4769 οὑ
3599 4710 3824 4790 συγκλεί-

2222 4807 2370 4860 σουσί
2393 4827 2474 4868 σε,

2305 4896 2408 4959 Τάς
2521 4895 2671 4962 ὁδούς
2775 4917 2875 4972 μοι)
2978 4893 3286 4975 ἐξήγγειλα,
3382 4896 3469 4951 καὶ
3552 4889 3825 4962 ἐπήκουσά(

2223 5006 2348 5058 μου.
2379 5025 2398 5044 .
2426 5032 2440 5047 .
2531 4983 2680 5042 Ὀδὸν
2765 4983 3141 5057 δικαιωμάτων
3225 5007 3319 5042 σου
3403 4979 3668 5040 συνέτισόν
3746 4999 3824 5054 με.

2223 5075 2442 5130 Σύνεσιν
2473 5075 2574 5153 γάρ
2599 5082 2706 5132 τῶν
2737 5076 2788 5131 ἐν
2823 5076 3004 5138 αὑτοῖς
3062 5074 3364 5154 μυστηρίων
3416 5069 3612 5146 λαϐὼν,
3658 5071 3725 5132 ὡς
3752 5067 3826 5124 καὶ

2221 5165 2419 5231 ταύτην
2477 5163 2709 5243 ὁδεῦσαι,
2761 5163 3058 5240 δυνήσομαι
3098 5166 3216 5244 περὶ
3255 5164 3360 5221 τῶν
3418 5164 3473 5219 ἐν
3518 5163 3694 5225 αὑτοῖς
3720 5161 3823 5214 θαυο

2220 5256 2426 5330 μασίων
2457 5253 2670 5331 ὁμιλεῖν
2702 5276 2760 5311 τε
2791 5257 2880 5311 καὶ
2909 5253 3069 5333 λόγον
3101 5257 3399 5315 ποιεῖσθαι.

2298 5344 2608 5410 Ἐνύσταξεν
2689 5347 2726 5413 ἡ
2798 5345 2953 5424 ψυχή
3037 5367 3139 5420 μου
3197 5344 3302 5402 ἀπὸ
3378 5339 3620 5409 ἀκηδίας.
3680 5333 3820 5394 Διδά-

2219 5457 2357 5509 σκει,
2413 5437 2484 5497 ὡς
2541 5437 2602 5491 τὸ
2654 5441 2862 5511 πνεῦμα
2911 5435 3008 5502 τῆς
3067 5432 3285 5502 ἂκηδίας
3344 5435 3439 5489 οὑκ
3490 5431 3626 5487 ἔστιν
3665 5428 3818 5485 ἄλλως

2220 5522 2498 5583 ἐκϐάλλειν
2548 5525 2585 5593 ἢ
2628 5525 2688 5582 ἐκ
2718 5530 2816 5592 τῆς
2863 5524 3097 5601 μελέτης
3151 5531 3260 5581 τῶν
3286 5523 3439 5583 θείων
3467 5520 3676 5603 λογίων.
3718 5515 3820 5584 RIS-
