3992 6208
434 306 549 369 487

513 445 612 502 41.
643 439 724 500 Et
754 443 960 502 veniat
989 457 1169 520 super
1193 457 1287 502 me
1313 441 1738 502 misericordia
1771 447 1900 516 tua,
1953 444 2077 505 Do-
2099 445 2140 493 Α

435 531 624 592 mine.
658 529 720 592 Si
753 529 1246 603 misericordiam,
1305 539 1487 602 tuam,
1551 531 1652 610 ait,
1714 548 2069 612 consequar,

435 637 568 696 quae
599 617 1013 687 misericordia
1043 636 1149 698 per
1179 620 1438 680 salutare
1468 629 1628 680 tuum
1665 619 1737 680 ad
1773 639 1865 682 me
1897 640 2074 682 acce-

435 708 558 788 det,
591 709 868 770 ﬁduciam
903 707 1133 770 habebo
1177 708 1464 770 adversus
1494 727 1596 770 eos
1626 711 1726 789 qui
1759 712 1902 771 mihi
1963 731 2073 789 op-

333 806 340 810 ’
429 797 704 877 probium
737 799 966 877 dicunt,
1001 807 1058 857 et
1088 797 1398 860 adversum
1433 799 1888 875 meinsurgunt.

506 885 606 960 42,
640 887 710 949 Et
733 887 1090 966 respondebo
1114 887 1620 966 exprobrantibus
1635 890 1786 949 mihi
1801 889 2070 962 verbum,

428 979 578 1055 quia
597 980 846 1056 speravi
865 983 933 1037 in
954 975 1896 1057 sermonibustuis.Respondebo
1916 985 2074 1038 enim

429 1083 549 1126 non
567 1085 798 1146 aequum
821 1085 954 1126 esse
977 1066 1265 1127 conviciis
1287 1067 1526 1127 onerari
1545 1085 1680 1126 eum
1705 1068 1802 1142 qui
1823 1086 1890 1127 ea
1917 1076 2077 1129 tenet

429 1154 722 1233 dogmata;
759 1173 892 1236 qnae
923 1155 1178 1216 irrident
1211 1156 1426 1234 impuri
1465 1155 1550 1215 illi
1585 1158 1858 1218 homines
1889 1175 1922 1218 a
1957 1157 2075 1218 ﬁde

425 1244 632 1306 alieni.
665 1247 788 1323 Ego
819 1263 958 1305 vero
1011 1244 1321 1306 ostendam
1377 1245 1472 1305 illa
1525 1245 1854 1324 prudentiae
1903 1256 2076 1326 atque

425 1330 732 1412 sapientiae
763 1333 938 1414 plena
967 1351 1123 1394 esse.
1163 1332 1556 1411 Respondebo
1576 1335 2070 1416 autemverbum,

426 1424 574 1502 quia
607 1425 671 1484 in
703 1424 904 1486 verbis
939 1425 1061 1484 tuis
1081 1426 1528 1502 supersperavi.

505 1512 608 1574 43.
640 1513 723 1574 Et
747 1531 819 1574 ne
852 1512 1097 1590 auferas
1127 1513 1197 1573 de
1227 1530 1328 1573 ore
1358 1531 1489 1574 meo
1513 1515 1762 1574 verbum
1788 1515 2078 1576 veritatis

424 1619 874 1682 usquequaque,
910 1605 1056 1682 quia
1081 1607 1146 1662 in
1177 1603 1424 1678 iudiciis
1459 1605 1582 1664 tuis
1633 1607 2074 1684 supersperavi.

427 1688 627 1770 Usque
659 1691 730 1752 ad
765 1701 1122 1768 extremum,
1159 1691 1372 1771 inquit,
1423 1692 1704 1766 halitum;
1755 1693 1803 1752 si
1836 1691 2078 1770 indigne

1225 307 1284 366 S.
1331 307 1752 368 ATHANASII
1797 304 1962 368 OPP.
2009 300 2222 362 PARS.
2273 301 2381 362 IlI.
2433 333 2504 346 —
2554 301 3006 365 EXEGETICA.

3681 295 3802 358 488

2249 440 2343 495 Καὶ
2395 438 2532 495 ἔλθοι
2583 438 2669 494 ἐπ’
2725 439 2820 513 ἐμὲ
2877 440 2937 494 τὲ
3003 435 3149 500 ἔλεός
3213 457 3328 510 σου,
3373 437 3555 512 Κύριε.
3607 437 3664 491 Εἰ
3707 437 3808 490 τοῦ

2158 533 2250 582 σου
2283 527 2458 592 ἐλέους
2491 529 2666 608 τύχω,
2724 529 2876 606 φησί,
2938 533 3094 583 τοῦτο
3138 523 3191 581 δὲ
3251 527 3310 580 τὸ
3355 522 3498 589 ἔλεος
3555 522 3642 580 διὰ
3711 531 3810 580 τοῦ

2159 619 2422 694 σωτηρίου
2463 640 2556 674 σου
2615 619 2898 694 γενήσεταί
2969 640 3084 694 μοι,
3139 613 3431 691 παρῥηοίαν
3507 612 3608 678 ἕξω
3667 617 3808 690 πρὸς

2158 709 2277 770 τοὺς
2303 706 2647 778 ὀνειδίζοντας
2681 710 2768 763 καὶ
2800 707 3252 782 ἐπανισταμένους
3285 727 3399 778 μοι.

2239 886 2342 947 Καὶ
2413 887 2850 964 ἆποκριθήσομαι
2929 898 3045 948 τοῖς
3095 882 3400 954 ὀνειδίζουσί
3457 906 3562 957 μοι
3617 881 3812 957 λόγον,

2157 976 2238 1031 ὅτι
2295 975 2498 1042 ἣλπισα
2545 975 2630 1030 ἐπὶ
2685 987 2802 1036 τοῖς
2861 971 3042 1050 λόγοις
3073 995 3189 1033 σου,
3227 971 3366 1050 Ἐρω
3396 973 3522 1048 γὰρ,
3575 973 3647 1034 ὡς
3709 971 3812 1024 οὒκ

2159 1063 2299 1130 ἄξιος
2331 1063 2665 1134 ὀνειδίζεσθαι
2724 1067 2816 1118 τὸν
2869 1063 2932 1116 τὰ
2973 1069 3193 1118 τοιαῦτα
3264 1060 3506 1138 δόγματα
3562 1058 3810 1136 ἔχοντα⁴¹

2159 1156 2312 1211 ἅτινα
2343 1153 2570 1230 γελῶσιν
2603 1154 2649 1208 οἱ
2707 1153 2803 1216 τῆς
2853 1152 3084 1212 πίστεως
3143 1149 3410 1226 ἀλλότριοι
3485 1151 3532 1204 οἱ
3595 1146 3803 1224 μωροί,

2159 1245 2304 1322 Ἐγὼ
2351 1241 2404 1297 δὲ
2457 1242 2714 1304 συνέσεως
2800 1239 3058 1303 ἀποδείξω
3113 1240 3203 1294 καί
3255 1241 3442 1317 κοφίας
3502 1235 3806 1313 πεπληρω-

2160 1335 2314 1409 μένα.
2351 1332 2810 1409 Ἀποκριθήσομαι
2867 1327 2920 1384 δὲ
2979 1327 3164 1406 λόγον,
3215 1330 3356 1384 επεὶ
3391 1329 3462 1392 εἰς
3510 1328 3629 1390 τοὺς
3697 1323 3806 1379 λό-

2159 1445 2280 1502 γους
2315 1445 2408 1479 σου
2440 1420 2737 1490 ἐπήλπισα.

2244 1514 2342 1570 Καὶ
2425 1510 2500 1585 μή
2566 1508 2817 1587 περιελῃς
2875 1508 2935 1564 ἐκ
2985 1516 3075 1565 τοῦ
3139 1508 3404 1582 στόματός
3463 1527 3566 1581 μου
3637 1503 3806 1578 λόγον

2159 1603 2409 1669 ἀληθείας
2509 1599 2607 1662 ἕως
2681 1598 2899 1676 σφόδρα·
2979 1599 3058 1654 ὅτι
3123 1599 3214 1654 ἐπὶ
3254 1611 3373 1661 τοῖς
3428 1595 3645 1672 κρίμασί
3699 1613 3804 1646 σου

2159 1691 2456 1762 ἐπήλπισα.
2521 1689 2696 1768 Μέχρι
2725 1694 2821 1754 τῆς
2894 1689 3132 1768 ἐσχάτῆς
3191 1687 3378 1765 ’πνοῆς³
3459 1685 3639 1764 φησίν,
3674 1681 3806 1738 Ἐὰν

427 1779 693 1840 vivamus
725 1780 797 1843 iis
860 1799 993 1859 quae
1049 1787 1212 1841 recte
1251 1770 1596 1860 loquimur,
1637 1781 1798 1868 Deus
1845 1781 2065 1842 auferet

2171 1781 2381 1846 ὶναξίως
2465 1779 2540 1834 ὧν
2614 1778 2793 1840 καλὼς
2879 1777 3110 1856 λὲφομεν
3202 1778 3485 1852 βιώσωμεν
3553 1770 3808 1850 περιελεϊ

427 1869 670 1930 verbum
719 1870 986 1932 veritatis
1011 1869 1086 1930 de
1119 1887 1221 1930 ore
1253 1878 1477 1930 nostro.

507 2049 607 2109 44.
643 2048 722 2108 Et
776 2047 1111 2110 custodiam
1163 2046 1352 2126 legem
1407 2057 1578 2109 tuam
1634 2066 1884 2130 semper.
1938 2051 2071 2127 (47)

439 2135 671 2212 Custos,
709 2137 921 2216 inquit,
960 2155 1062 2197 ero
1096 2135 1248 2216 legis
1280 2147 1434 2197 tum:
1471 2156 1666 2215 neque
1701 2139 1873 2200 modo
1905 2148 2068 2201 recte

426 2242 522 2285 me
565 2243 767 2304 geram
799 2227 975 2287 modo
1007 2243 1204 2305 secus;
1232 2226 1336 2286 sed
1369 2234 1429 2286 et
1461 2225 1522 2286 in
1583 2228 1858 2306 praesenti
1891 2237 1948 2288 et
2009 2229 2068 2289 in

425 2311 631 2374 futuro
665 2314 798 2374 vitae
827 2333 976 2375 meae
1005 2322 1278 2394 tempore
1307 2315 1498 2393 legem
1533 2313 1824 2394 implebo.

508 2403 612 2465 46.
641 2403 723 2464 Et
743 2403 1029 2482 loquebar
1051 2407 1115 2463 in
1137 2405 1495 2465 testimoniis
1519 2410 1641 2464 luis
1663 2407 1728 2465 in
1754 2414 2072 2486 conspectu

423 2509 660 2570 regum.
684 2491 848 2554 Talis
863 2493 970 2552 fuit
995 2493 1229 2572 Paulus,
1255 2493 1388 2554 talis
1404 2491 1633 2566 Petrus,
1663 2494 1799 2556 talis
1827 2504 2070 2573 aposto-

423 2579 616 2641 lorum
637 2591 698 2641 et
711 2590 1034 2661 martyrum
1057 2581 1441 2644 chorus.H:ec
1457 2583 1696 2662 martyri
1710 2601 1820 2643 con
1833 2583 2074 2666 veniunt

421 2669 522 2748 qui
552 2679 797 2750 propter
819 2670 1114 2732 Christum
1136 2671 1210 2732 ad
1235 2689 1410 2748 reges
1433 2681 1486 2731 et
1543 2673 1824 2751 praesides
1874 2673 2068 2733 addu-

421 2759 892 2836 citur;convenit
915 2762 1054 2820 item
1080 2761 1153 2820 iis
1175 2762 1354 2840 quios
1377 2759 1650 2842 aperiunt
1667 2768 1721 2820 in
1743 2771 2070 2840 conspectu

421 2855 762 2910 sanctorum
781 2851 981 2909 animo
995 2850 1159 2927 regio
1175 2850 1892 2928 praeditorumDedecore
1907 2869 2072 2911 nam-

423 2955 538 3017 que
568 2937 782 3014 dignus
841 2939 936 3018 qui
968 2938 1212 2999 verbum
1247 2941 1548 3018 accipiens
1578 2957 1612 3000 a
1645 2942 1791 3014 Deo,
1839 2941 1964 3000 'non
1997 2959 2067 2999 eo

419 3027 605 3088 utitur
626 3027 700 3088 ad
725 3028 1108 3104 Evangelium
1138 3029 1609 3088 annuntiandum
1647 3029 1861 3090 virtute
1906 3029 2064 3089 mul-

423 3123 498 3178 ta.
536 3116 730 3178 Proba
763 3135 1024 3196 namque
1053 3118 1164 3176 vita
1203 3117 1477 3178 ﬁduciam
1509 3119 1683 3197 parit.

497 3205 598 3264 47.
627 3205 709 3266 Et
741 3205 1086 3266 meditabar
1115 3207 1180 3266 in
1203 3207 1508 3268 mandatis
1541 3209 1659 3268 tuis
1710 3223 1841 3285 quae
1868 3207 2063 3269 ἀειθαῑὶ

419 3293 620 3356 valde.
649 3295 725 3355 Et
759 3294 956 3356 levavi
988 3312 1208 3356 manus
1232 3312 1393 3356 meas
1449 3296 1528 3356 ad
1583 3298 1876 3358 mamlala
1929 3305 2058 3358 tua.

417 3386 630 3445 Manus
662 3384 754 3445 hic
783 3391 954 3444 vocat
984 3384 1274 3464 operandi
1309 3386 1571 3445 virtutes.
1599 3383 1876 3464 Operatio
1899 3385 2058 3446 enim

417 3483 508 3533 est
557 3473 692 3533 ﬁnis
747 3473 1156 3535 meditationis
1221 3473 1658 3536 mandatorum.
1721 3473 1866 3535 Nam
1928 3483 2060 3553 post

417 3563 884 3643 assumptionem
956 3561 1136 3623 Verbi
1195 3563 1634 3638 mandatorum,
1679 3581 1873 3642 operae
1923 3581 2056 3642 pre-

416 3651 564 3712 tium
595 3659 686 3713 est
717 3671 926 3712 manus
944 3652 1263 3714 extendere
1289 3653 1362 3713 ad
1397 3652 1810 3714 mandatorum
1843 3669 2062 3731 opera—

413 3741 662 3815 tionem;
699 3761 818 3802 non
846 3760 914 3802 ex
951 3741 1194 3801 tristitia
1223 3748 1322 3802 aut
1354 3760 1422 3801 ex
1447 3742 1827 3812 necessitate,
1857 3741 1962 3801 sed
1992 3758 2062 3802 ex

416 3829 653 3890 affectu.
688 3832 776 3892 Ac
818 3839 1020 3909 postea
1041 3831 1388 3908 frequenter
1418 3849 1598 3909 super
1635 3831 1710 3889 iis
1768 3829 2060 3903 meditari,

412 3937 481 3979 ac
515 3919 590 3978 de
622 3919 696 3979 iis
729 3919 893 3998 loqui
926 3929 1180 3998 oportet.

497 4009 573 4068 49
605 4007 847 4069 Memor
880 4015 1004 4068 esto
1033 4007 1202 4069 verbi
1231 4010 1322 4069 tui
1345 4025 1522 4068 servo
1559 4015 1678 4070 tuo.
1733 4005 1810 4070 Et
1865 4007 2060 4087 cujus-

2150 1875 2240 1930 τὸν
2305 1869 2464 1946 λόγον
2517 1871 2616 1934 τῆς
2656 1866 2926 1933 ,ἀληθείας
2986 1867 3047 1921 ἐκ
3117 1874 3208 1923 τοῦ
3265 1865 3538 1937 πτῦματος
3569 1864 3722 1937 ἡμῶν
3777 1862 3809 1914 ὃ

2153 1965 2310 2025 Θεός.

2231 2051 2334 2111 Καὶ
2418 2045 2631 2127 φυλάξω
2702 2048 2791 2100 τὸν
2851 2045 3012 2118 νόμον
3063 2065 3157 2101 σου
3240 2042 3324 2100 διὰ
3379 2041 3600 2105 παντός.
3683 2040 3802 2094 Φύ-

2152 2139 2269 2219 λαξ,
2299 2139 2482 2218 φησὶν,
2517 2135 2702 2206 ἔσομαι
2736 2135 2829 2190 τοῦ
2859 2135 3022 2209 νόμου
3049 2156 3168 2212 σου,
3202 2136 3262 2190 οὗ
3291 2132 3421 2188 ποτὲ
3487 2132 3588 2205 μὲν
3657 2151 3800 2184 κατ-

2153 2235 2342 2309 ορθῶν,
2403 2226 2533 2282 ποτὲ
2585 2223 2640 2280 δὲ
2699 2225 2780 2280 οὗ·
2815 2221 2954 2278 ἀλλὰ
2985 2225 3072 2280 καὶ
3109 2222 3162 2278 ἐν
3222 2228 3289 2298 τῇ
3363 2221 3599 2299 παρούτῃ
3653 2224 3796 2290 ζωῇ,

2153 2321 2302 2398 φησὶ,
2343 2317 2430 2372 καὶ
2459 2315 2515 2369 ἐν
2541 2320 2608 2389 τῇ
2641 2312 2914 2388 μελλούσῃ
2947 2320 3128 2369 τοῦτον
3164 2311 3512 2387 κατορθώσω.

2232 2407 2336 2469 Καὶ
2373 2405 2597 2462 ἐλάλουν
2655 2403 2708 2460 ἐν
2799 2416 2918 2464 τοῖς
2998 2401 3300 2479 μαρτυρίοις
3384 2421 3475 2456 σου
3563 2398 3800 2454 ἐναντίον

2153 2497 2437 2574 βασιλέων.
2500 2501 2748 2556 Τοιοῦτος
2813 2493 3028 2568 γέγονεν
3073 2492 3100 2546 ὀ
3175 2489 3408 2562 Παῦλος,
3481 2497 3724 2550 τοιοῦτος
3771 2489 3802 2543 ὁ

2154 2594 2375 2662 Πετρος,
2434 2591 2672 2643 τοιοῦτος
2743 2588 2849 2637 τῶν
2901 2578 3218 2637 ἀποστόλων
3265 2582 3293 2636 ὂ
3359 2581 3521 2656 χορὸς
3564 2579 3804 2633 καὶτῶν

2153 2676 2458 2752 μαρτύρων.
2552 2670 2804 2748 Ἀρμόσει
2877 2679 3032 2727 τοῦτο
3109 2671 3184 2741 τῷ
3273 2669 3492 2744 μάρτυρι
3577 2673 3654 2738 τῷ
3711 2665 3804 2722 ἐπὶ

2150 2763 2419 2840 ἡγεμόνας
2449 2763 2535 2816 καὶ
2567 2758 2809 2834 βασιλεῖς
2859 2759 3106 2835 ἀγομένῳ
3161 2755 3247 2812 διὰ
3307 2756 3554 2833 Χριστόν·
3621 2755 3800 2831 ἁρμό-

2151 2875 2230 2908 σει
2289 2853 2375 2907 καὶ
2427 2864 2547 2912 τοῖς
2609 2850 2876 2926 ἀνοίγουσι
2927 2869 2986 2902 το
3016 2847 3188 2918 στόμα
3235 2846 3321 2900 επὶ
3355 2852 3460 2899 τῶν
3507 2843 3804 2918 βασιλικῶν

2149 2943 2242 3002 τὰς
2277 2941 2456 3018 ψυχὰς
2487 2940 2674 3016 ἁγίων,
2737 2937 3009 3015 Αἰσχύνης
3041 2935 3140 3012 γὰρ
3174 2933 3314 2998 ἄξιος
3349 2936 3376 2988 ὸ
3421 2934 3498 3006 μὴ
3559 2935 3689 3009 πρὸς
3735 2935 3803 2987 τὸ

2149 3029 2574 3107 εὐαγγελίζεσθαι
2608 3027 2822 3100 δυνάμει
2847 3025 3022 3100 πολ.ὶῇ
3074 3025 3220 3100 ῥῆμα
3279 3021 3458 3080 λαϐὼν.
3521 3023 3580 3078 ἐκ
3636 3029 3798 3077 Θεοῦ·

2082 3129 2121 3178 C
2146 3118 2180 3185 ἡ
2213 3123 2310 3196 γὰρ
2344 3118 2562 3191 ἔννομος
2595 3115 2702 3182 Euri,
2733 3114 3031 3192 παῤῥησίας
3062 3112 3410 3190 δημιουργός.

2226 3207 2330 3267 Καὶ
2381 3205 2645 3278 ἐμελέτων
2709 3206 2762 3259 ἐν
2817 3205 2944 3268 ταῖς
3005 3202 3248 3266 ἐντολαῖς
3305 3224 3420 3274 σου,
3487 3201 3579 3264 αἶς
3649 3201 3802 3278 ἡγά-

2145 3319 2292 3362 πησα
2365 3293 2586 3374 σφοδρα,
2651 3293 2754 3353 Καὶ
2803 3297 2906 3368 ἦρα
2962 3295 3054 3354 τὰς
3107 3293 3301 3372 χεῖράς
3361 3313 3463 3364 μου
3516 3293 3648 3367 πρὸς
3699 3291 3801 3356 τὰς

2143 3385 2356 3450 ἐντολὰς
2413 3407 2526 3442 σου.
2619 3391 2815 3458 Χεῖρας
2875 3383 3092 3438 ἐνταῦθα
3176 3383 3270 3445 τὰς
3298 3382 3587 3458 πρακτικὰς
3639 3383 3796 3454 ἐνερ-

2143 3477 2290 3551 γείας
2378 3475 2515 3529 εἷναί
2574 3494 2762 3552 φησιν.
2819 3469 2884 3526 Ἠ
2951 3472 3050 3548 γὰρ
3096 3469 3279 3547 πρᾶξις
3359 3468 3508 3532 τέλος
3560 3467 3798 3542 μελέτης

2147 3564 2284 3619 ἐστὶν
2319 3561 2569 3620 ἐντολῶν·
2609 3563 2743 3635 μετὰ
2787 3562 2882 3638 ρὰρ
2939 3560 3205 3639 ἀνάληψιν
3256 3569 3348 3617 τοῦ
3399 3561 3504 3615 τιῦν
3562 3555 3796 3614 ὶντολῶν

2146 3657 2322 3730 Λὸγου
2348 3651 2509 3708 καλὸν
2553 3653 2614 3706 τὸ
2647 3653 2837 3726 ἐπᾶραι
2873 3651 2962 3710 τὰς
2995 3663 3187 3728 χεῖρας
3219 3650 3304 3704 ἐπὶ
3373 3653 3464 3712 τάς
3537 3655 3642 3703 τῶν
3699 3651 3796 3702 ἒν.-

2143 3741 2315 3797 τολῶν
2364 3740 2598 3818 πράξεις·
2665 3740 2741 3814 μὴ
2793 3738 2852 3792 ἐκ
2911 3737 3082 3812 λύπῃς
3143 3740 3178 3804 ἢ
3234 3738 3284 3802 ἕξ
3333 3737 3590 3814 ἀνάγκης,
3651 3735 3796 3792 ἀλλά

2146 3834 2234 3887 καὶ
2264 3829 2688 3892 διαθέσεωςιαὶ
2717 3829 2854 3902 μετά
2910 3837 3073 3885 ταῦτα
3129 3829 3372 3906 συνεχως
3444 3829 3562 3904 περί
3617 3828 3798 3882 αὐτῶν

2142 3919 2466 3998 ἀδολεσχεῖν
2496 3940 2552 3974 τε
2585 3921 2671 3974 καὶ
2703 3917 3058 3994 διαλέγεσθαι.

2225 4011 2501 4078 Μνήσθητι
2595 4011 2687 4064 τὸν
2775 4007 2936 4084 λὸγεν
2993 4015 3084 4063 σοῦ
3141 4012 3217 4077 τῷ
3273 4003 3446 4076 δούλῳ
3507 4027 3625 4068 σου,
3687 4003 3804 4064 Καὶ

411 4113 548 4156 nam
583 4096 748 4158 verbi
791 4113 1114 4156 memorem
1151 4115 1284 4157 esse
1313 4104 1501 4176 rogat,
1553 4097 1690 4171 nisi,
1729 4104 1791 4156 ut
1820 4097 1894 4156 sit
1923 4115 2056 4158 cum

2171 4113 2296 4161 εοϊος
2333 4101 2356 4154 ὅ
2387 4098 2544 4174 λογος
2605 4100 2665 4154 οὗ
2715 4095 3014 4170 μνησθῆναι
3073 4097 3228 4150 αὐτὸν
3281 4093 3452 4169 ἀξιοῖ,
3487 4093 3523 4162 ἢ
3555 4097 3614 4149 τὸ
3643 4095 3798 4150 εἶναι.

415 4185 540 4248 illis
564 4185 728 4264 juxta
773 4185 1237 4266 promissionem
1297 4203 1491 4259 suam,
1549 4205 1681 4263 qua:
1731 4186 2057 4247 consolatio

2171 4188 2259 4244 ιετ’
2353 4189 2525 4244 αὐτῶν
2613 4187 2726 4241 καθ’
2787 4187 2852 4252 ἦν
2909 4184 3132 4240 δέδωκεν
3191 4188 3374 4248 αὐτοῖς
3445 4182 3794 4270 ἐπαγγελίαν,

2141 4278 2258 4344 ἥτις
2309 4278 2394 4332 καὶ
2453 4275 2786 4354 παράκλησις
2839 4274 3022 4338 αὐτοῖς
3079 4274 3131 4330 ἐν
3189 4287 3306 4338 τοῖς
3352 4271 3618 4350 διωγμοῖς
3675 4273 3799 4348 ἐ“ίί’

2081 4389 2262 4447 υνετο
2295 4386 2310 4442 ς

484 4459 571 4513 50.
611 4457 738 4513 Hac
757 4473 834 4513 me
862 4455 1133 4513 consolala
1161 4468 1238 4514 est
1269 4457 1331 4512 in
1362 4455 1658 4512 humilitate
1685 4471 1827 4512 mea.
1853 4456 2062 4527 Septu-

2223 4455 2366 4522 Αὕτη
2454 4477 2519 4528 με
2577 4453 2939 4533 παρεκάλεσεν
3035 4452 3090 4507 ἐν
3161 4452 3228 4528 τῇ
3279 4455 3596 4510 ταπεινώσει
3659 4476 3790 4527 μου,

415 4543 616 4621 aginta
651 4541 1056 4605 :Reviviscere
1071 4543 1256 4619 facies
1277 4541 1798 4620 me.Hrecspesper
1809 4541 2057 4602 verbum

2171 4545 2204 4599 Ii
2238 4542 2627 4614 ἐϐδομήκοντα·
2687 4543 3020 4612 ἁναζωώσεις
3081 4563 3170 4616 με.
3228 4540 3384 4608 Αὕτη
3431 4543 3568 4609 τιςή
3611 4540 3792 4614 ἐλπὶς,

417 4640 582 4692 tuum
605 4631 802 4693 oblata
830 4632 1000 4693 mihi.
1025 4635 1330 4693 consolata
1353 4641 1440 4692 est
1461 4649 1578 4702 tne,
1605 4641 1662 4691 et
1681 4631 1890 4692 solatio
1915 4630 2063 4692 mihi

2172 4632 2462 4710 γγινομένη
2497 4655 2587 4707 μοι
2615 4632 2721 4689 ἀπὸ
2778 4639 2871 4688 τοῦ
2923 4638 3018 4687 συῦ
3077 4629 3262 4707 λὸγου,
3313 4629 3641 4708 παρεκάλεσέ
3693 4651 3790 4704 με³

413 4721 700 4785 fuit.Nam
722 4723 772 4782 si
793 4727 1030 4802 quando
1055 4729 1358 4794 casus,aut
1377 4720 1838 4800 periculum,aut
1853 4719 2060 4779 mortis

2171 4724 2230 4778 ,αὶ
2277 4723 2689 4800 παρεμυθήσατο
2743 4741 2835 4800 με²
2887 4721 2958 4782 εἱς
3021 4721 3103 4774 τὸ’
3163 4719 3216 4774 εἴ
3265 4741 3394 4776 ποτε
3451 4721 3791 4796 περιστάσεις

415 4810 803 4891 exspectatio,
836 4810 1034 4889 gravis
1074 4809 1458 4890 morbus,aut
1495 4827 1670 4884 opum
1710 4809 1941 4886 jactura
1961 4817 2062 4867 aut

2171 4826 2175 4878 ι
2229 4809 2458 4873 κίνδυνος
2546 4811 2580 4878 ἢ
2641 4811 2863 4866 θανάτου
2927 4808 3148 4884 δοκιμὴ,
3228 4811 3379 4872 νόσος
3442 4809 3690 4888 χαλεπὴ,
3751 4809 3790 4876 ἢ

417 4903 754 4982 persecutio
777 4901 1088 4979 quaelibet,
1122 4911 1222 4960 aut
1268 4900 1520 4959 aliorum
1565 4899 1894 4976 quidpiam,
1931 4915 2062 4976 quae

2171 4899 2384 4956 επώλεια
2443 4905 2550 4956 τῶν
2610 4902 2986 4978 ὑπαρχὸντων,
3059 4898 3094 4965 ἢ
3157 4895 3556 4977 διωγμοῦ,ἢεῖ
3597 4921 3646 4953 τι
3680 4897 3784 4966 δή-

414 4991 586 5069 vulgo
609 4997 809 5070 gravia
827 4989 1478 5062 existimantur,evenit
1505 4987 1819 5067 mihi,spes
1844 5003 1982 5065 erga
2006 4995 2062 5046 te

2171 5011 2271 5046 τοτε
2305 4995 2409 5045 τῶν
2438 4991 2800 5063 νομιζομένων
2829 5009 2832 5014 ·
2859 4987 3120 5067 χαλεπῶν
3167 4985 3540 5062 κατελάμϐανέ
3593 5010 3688 5068 με,
3749 4990 3788 5056 ἠ

417 5099 551 5142 mea
569 5080 965 5141 consolationi
997 5079 1143 5140 mihi
1181 5087 1328 5139 erat.
1354 5077 1522 5152 Quia
1546 5079 1856 5156 eloquium
1891 5083 2060 5136 tuum

2207 5081 2221 5102 ι
2290 5080 2310 5109 ι
2369 5079 2376 5086 θ
2467 5080 2480 5098 \
2695 5079 2704 5096 ο
3047 5101 3053 5106 ,
3123 5077 3150 5096 1'
3289 5077 3321 5100 η
3518 5078 3532 5098 \
3641 5079 3654 5096 κ
3731 5079 3744 5094 ι

2171 5102 2224 5136 πι
2255 5101 2312 5133 σε.
2363 5077 2514 5142 ελπις
2570 5077 2904 5155 παρακλησις
2957 5099 3058 5152 μου
3122 5101 3212 5144 ην.
3329 5085 3423 5134 Οτι
3483 5099 3543 5132 το
3603 5077 3792 5154 λογιον

419 5169 751 5248 vivi/ienuit
767 5167 1053 5230 me.Nihil
1076 5186 1240 5248 aeque
1257 5167 1516 5228 animam
1536 5164 1887 5226 rationalem
1909 5163 2058 5224 vive-

2175 5191 2236 5224 ου
2257 5167 2414 5238 ἔζησέ
2447 5189 2538 5242 με,
2575 5167 2734 5224 Οὐδέν
2781 5165 2913 5222 ἄλλο
2971 5180 3120 5224 ποιεῖ
3163 5173 3258 5242 ζῇν
3314 5165 3538 5240 λογικὴν
3599 5167 3789 5248 ψυχὴν

413 5278 476 5320 re
490 5264 758 5332 facit.vita
781 5261 1000 5318 scilicet
1017 5261 1123 5332 ipsi
1147 5261 1574 5332 propria,atque
1595 5257 2053 5328 eloquiuumDei.

2173 5258 2238 5324 ὴν
2271 5259 2464 5322 ἑαυτῆς
2508 5265 2652 5327 ζωην
2683 5257 2754 5319 ὠς
2787 5257 2846 5312 τὸ
2877 5255 3060 5334 λὸγιον
3105 5258 3198 5311 τοῦ
3227 5263 3377 5318 Θεοῦ.
3413 5253 3543 5316 Καθ’
3600 5257 3628 5311 ὃ
3687 5257 3794 5332 γάρ

411 5351 562 5412 Nam
597 5348 736 5408 dum
767 5357 1021 5424 augetur
1047 5345 1350 5424 eloquium
1375 5344 1506 5418 Dei,
1539 5343 1670 5404 sive
1698 5352 2054 5422 conceptum

2171 5346 2281 5411 ὄξει,
2311 5349 2371 5401 τὸ
2401 5345 2584 5422 λὸγιον
2637 5353 2727 5402 τοῦ
2779 5353 2932 5424 Θεοῦ,
2991 5347 3078 5400 καὶ
3138 5346 3420 5420 νοούμενον
3473 5347 3561 5400 καὶ
3624 5367 3795 5423 παρα-

414 5439 544 5500 sive
573 5438 1073 5517 comprehensum
1103 5435 1164 5495 in
1189 5433 1450 5495 hominis
1464 5431 2054 5508 anima,tantumdem

2177 5433 2544 5510 αμϐανὸμενον
2601 5437 2673 5498 εἷς
2728 5435 2826 5501 τὴν
2887 5441 2982 5490 τοῦ
3045 5433 3323 5513 ἀνθρώπου
3379 5435 3588 5512 ψυχὴν,
3649 5435 3794 5490 κατά

412 5535 706 5606 augentur
732 5543 861 5606 qua:
909 5526 1086 5587 vitam
1142 5531 1428 5604 spectant.
1483 5521 1590 5584 Illa
1645 5529 1841 5583 autem
1895 5529 2053 5596 sunt,

2173 5529 2295 5581 οῦτο
2324 5523 2530 5590 αὔξεται
2587 5525 2673 5581 καὶ
2725 5523 2789 5579 τά
2827 5530 2926 5600 τῇς
2985 5524 3151 5593 ζωῆς,
3193 5531 3360 5581 Ταῦτα
3421 5519 3476 5578 δὲ
3547 5523 3662 5579 in:
3729 5525 3794 5578 τὸ

413 4275 608 4356 ipsius
639 4274 746 4335 fuit
769 4275 830 4334 in
861 4272 1432 4354 persecutionibus?

501 5695 620 5774 (47;
655 5693 826 5758 Alius
857 5689 1044 5752 codex
1075 5689 1200 5751 haec
1227 5683 1483 5749 Eusebio
1525 5685 1747 5748 tribuit.
