  <div class='ocr_page' id='page_1' title='image "/cluster/home/n/w/nwhite01/storage/ocr_20150623/27/hvd.32044054272802/261.png"; bbox 0 0 3992 6208; ppageno 0'>
   <div class='ocr_carea' id='block_1_1' title="bbox 58 5510 121 5559">
    <p class='ocr_par' dir='ltr' id='par_1_1' title="bbox 58 5510 121 5549">
     <span class='ocr_line' id='line_1_1' title="bbox 58 5510 79 5533; baseline 0 -18"><span class='ocrx_word' id='word_1_1' title='bbox 58 5510 79 5533; x_wconf 39' lang='grc'><strong>0.</strong></span> 
     </span>
     <span class='ocr_line' id='line_1_2' title="bbox 58 5536 121 5549; baseline 0 0"><span class='ocrx_word' id='word_1_2' title='bbox 58 5536 69 5547; x_wconf 62' lang='grc' dir='ltr'>ι</span> <span class='ocrx_word' id='word_1_3' title='bbox 118 5546 121 5549; x_wconf 53' lang='grc' dir='ltr'><strong><em>λ</em></strong></span> 
     </span>
    </p>
   </div>
   <div class='ocr_carea' id='block_1_2' title="bbox 58 5590 173 5661">
    <p class='ocr_par' dir='ltr' id='par_1_2' title="bbox 58 5590 173 5661">
     <span class='ocr_line' id='line_1_3' title="bbox 58 5590 117 5615; baseline 0 -8"><span class='ocrx_word' id='word_1_4' title='bbox 58 5590 71 5615; x_wconf 54' lang='grc' dir='ltr'>κ</span> <span class='ocrx_word' id='word_1_5' title='bbox 114 5604 117 5607; x_wconf 48' lang='grc' dir='ltr'><strong>η</strong></span> 
     </span>
     <span class='ocr_line' id='line_1_4' title="bbox 58 5626 173 5661; baseline -0.009 0"><span class='ocrx_word' id='word_1_6' title='bbox 58 5626 123 5661; x_wconf 62' lang='grc' dir='ltr'><strong>ἕξιν</strong></span> <span class='ocrx_word' id='word_1_7' title='bbox 166 5652 173 5657; x_wconf 80' lang='lat'><strong>.</strong></span> 
     </span>
    </p>
   </div>
   <div class='ocr_carea' id='block_1_3' title="bbox 96 5684 463 5737">
    <p class='ocr_par' dir='ltr' id='par_1_3' title="bbox 96 5684 463 5737">
     <span class='ocr_line' id='line_1_5' title="bbox 96 5684 113 5707; baseline 0 0"><span class='ocrx_word' id='word_1_8' title='bbox 96 5684 113 5707; x_wconf 66' lang='grc'><strong><em>1</em></strong></span> 
     </span>
     <span class='ocr_line' id='line_1_6' title="bbox 96 5722 463 5737; baseline 0.008 -3"><span class='ocrx_word' id='word_1_9' title='bbox 96 5722 141 5737; x_wconf 70' lang='grc' dir='ltr'><strong>..ι</strong></span> <span class='ocrx_word' id='word_1_10' title='bbox 246 5728 281 5737; x_wconf 63' lang='grc'>,.</span> 
     </span>
    </p>
   </div>
   <div class='ocr_carea' id='block_1_4' title="bbox 58 5628 543 5895">
    <p class='ocr_par' dir='ltr' id='par_1_4' title="bbox 58 5628 543 5895">
     <span class='ocr_line' id='line_1_7' title="bbox 80 5628 173 5661; baseline 0.022 -6"><span class='ocrx_word' id='word_1_11' title='bbox 80 5628 123 5661; x_wconf 61' lang='grc' dir='ltr'><strong>ζ’.</strong></span> <span class='ocrx_word' id='word_1_12' title='bbox 166 5652 173 5657; x_wconf 80' lang='grc'><strong>.</strong></span> 
     </span>
     <span class='ocr_line' id='line_1_8' title="bbox 96 5684 463 5737; baseline 0.008 -3"><span class='ocrx_word' id='word_1_13' title='bbox 96 5684 141 5735; x_wconf 53' lang='grc'><strong>1.</strong></span> <span class='ocrx_word' id='word_1_14' title='bbox 274 5728 281 5735; x_wconf 68' lang='grc' dir='ltr'>ι</span> <span class='ocrx_word' id='word_1_15' title='bbox 378 5732 381 5735; x_wconf 51' lang='grc' dir='ltr'><strong><em>μ</em></strong></span> <span class='ocrx_word' id='word_1_16' title='bbox 458 5732 463 5737; x_wconf 84' lang='grc'><strong>.</strong></span> 
     </span>
     <span class='ocr_line' id='line_1_9' title="bbox 58 5628 543 5895; baseline 0 -56"><span class='ocrx_word' id='word_1_17' title='bbox 58 5628 267 5895; x_wconf 52' lang='grc' dir='ltr'><strong>ἰν</strong></span> <span class='ocrx_word' id='word_1_18' title='bbox 394 5738 531 5831; x_wconf 56' lang='grc' dir='ltr'>τις.</span> 
     </span>
    </p>
   </div>
   <div class='ocr_carea' id='block_1_5' title="bbox 456 378 563 445">
    <p class='ocr_par' dir='ltr' id='par_1_5' title="bbox 456 378 563 445">
     <span class='ocr_line' id='line_1_10' title="bbox 456 378 563 445; baseline -0.019 0"><span class='ocrx_word' id='word_1_19' title='bbox 456 378 563 445; x_wconf 73' lang='grc'><strong>491</strong></span> 
     </span>
    </p>
   </div>
   <div class='ocr_carea' id='block_1_6' title="bbox 1272 356 3019 436">
    <p class='ocr_par' dir='ltr' id='par_1_6' title="bbox 1272 356 3019 436">
     <span class='ocr_line' id='line_1_11' title="bbox 1272 356 3019 436; baseline -0.007 0"><span class='ocrx_word' id='word_1_20' title='bbox 1272 373 1331 436; x_wconf 84' lang='lat' dir='ltr'><strong>S.</strong></span> <span class='ocrx_word' id='word_1_21' title='bbox 1380 367 1801 436; x_wconf 82' lang='lat' dir='ltr'><strong>ATHANASII</strong></span> <span class='ocrx_word' id='word_1_22' title='bbox 1842 367 2003 432; x_wconf 85' lang='lat' dir='ltr'>OPP.</span> <span class='ocrx_word' id='word_1_23' title='bbox 2053 364 2247 430; x_wconf 82' lang='lat' dir='ltr'><strong>PARS</strong></span> <span class='ocrx_word' id='word_1_24' title='bbox 2288 358 2396 428; x_wconf 90' lang='lat' dir='ltr'>III.</span> <span class='ocrx_word' id='word_1_25' title='bbox 2442 400 2520 412; x_wconf 76' lang='grc' dir='ltr'><strong>-ο</strong></span> <span class='ocrx_word' id='word_1_26' title='bbox 2570 356 3019 429; x_wconf 84' lang='lat' dir='ltr'><strong>EXEGETICA.</strong></span> 
     </span>
    </p>
   </div>
   <div class='ocr_carea' id='block_1_7' title="bbox 3713 356 3853 425">
    <p class='ocr_par' dir='ltr' id='par_1_7' title="bbox 3713 356 3853 425">
     <span class='ocr_line' id='line_1_12' title="bbox 3713 356 3853 425; baseline -0.007 0"><span class='ocrx_word' id='word_1_27' title='bbox 3713 356 3853 425; x_wconf 61' lang='lat'><strong>492</strong></span> 
     </span>
    </p>
   </div>
   <div class='ocr_carea' id='block_1_8' title="bbox 456 484 2110 591">
    <p class='ocr_par' dir='ltr' id='par_1_8' title="bbox 456 484 2097 591">
     <span class='ocr_line' id='line_1_13' title="bbox 456 484 2097 591; baseline -0.007 -14"><span class='ocrx_word' id='word_1_28' title='bbox 456 516 713 577; x_wconf 83' lang='lat' dir='ltr'><strong>fructum</strong></span> <span class='ocrx_word' id='word_1_29' title='bbox 748 504 1113 591; x_wconf 69' lang='lat' dir='ltr'><strong>percepit“.</strong></span> <span class='ocrx_word' id='word_1_30' title='bbox 1138 503 1361 569; x_wconf 60' lang='lat' dir='ltr'><strong>Divina</strong></span> <span class='ocrx_word' id='word_1_31' title='bbox 1382 521 1644 582; x_wconf 85' lang='lat' dir='ltr'><strong>namque</strong></span> <span class='ocrx_word' id='word_1_32' title='bbox 1674 501 2097 565; x_wconf 62' lang='lat' dir='ltr'><strong>munificentia:</strong></span> 
     </span>
    </p>
   </div>
   <div class='ocr_carea' id='block_1_9' title="bbox 2215 484 3844 591">
    <p class='ocr_par' dir='ltr' id='par_1_9' title="bbox 2215 484 3844 579">
     <span class='ocr_line' id='line_1_14' title="bbox 2215 484 3844 579; baseline -0.002 -23"><span class='ocrx_word' id='word_1_33' title='bbox 2215 500 2418 579; x_wconf 67' lang='grc' dir='ltr'>κέρασι,</span> <span class='ocrx_word' id='word_1_34' title='bbox 2454 502 2543 558; x_wconf 84' lang='grc' dir='ltr'><strong>καὶ</strong></span> <span class='ocrx_word' id='word_1_35' title='bbox 2572 503 2671 568; x_wconf 75' lang='grc' dir='ltr'>τῆς</span> <span class='ocrx_word' id='word_1_36' title='bbox 2707 499 2878 566; x_wconf 81' lang='grc' dir='ltr'>καλῆς</span> <span class='ocrx_word' id='word_1_37' title='bbox 2907 484 3205 578; x_wconf 10' lang='grc' dir='ltr'>ἀγρυπνίας*</span> <span class='ocrx_word' id='word_1_38' title='bbox 3254 499 3512 579; x_wconf 79' lang='grc' dir='ltr'><strong>ἐτρύγησε</strong></span> <span class='ocrx_word' id='word_1_39' title='bbox 3544 500 3635 556; x_wconf 77' lang='grc' dir='ltr'>τὸν</span> <span class='ocrx_word' id='word_1_40' title='bbox 3684 520 3844 576; x_wconf 70' lang='grc' dir='ltr'>καρσ-</span> 
     </span>
    </p>
   </div>
   <div class='ocr_carea' id='block_1_10' title="bbox 455 604 1000 666">
    <p class='ocr_par' dir='ltr' id='par_1_10' title="bbox 455 604 1000 666">
     <span class='ocr_line' id='line_1_15' title="bbox 455 604 1000 666; baseline -0.018 0"><span class='ocrx_word' id='word_1_41' title='bbox 455 604 626 666; x_wconf 89' lang='lat' dir='ltr'><strong>donis</strong></span> <span class='ocrx_word' id='word_1_42' title='bbox 653 608 861 663; x_wconf 89' lang='lat' dir='ltr'><strong>auctus</strong></span> <span class='ocrx_word' id='word_1_43' title='bbox 886 606 1000 660; x_wconf 92' lang='lat' dir='ltr'><strong>est.</strong></span> 
     </span>
    </p>
   </div>
   <div class='ocr_carea' id='block_1_11' title="bbox 521 680 2104 761">
    <p class='ocr_par' dir='ltr' id='par_1_11' title="bbox 521 680 2104 761">
     <span class='ocr_line' id='line_1_16' title="bbox 521 680 2104 761; baseline -0.007 -13"><span class='ocrx_word' id='word_1_44' title='bbox 521 693 612 748; x_wconf 84' lang='lat'><strong>63.</strong></span> <span class='ocrx_word' id='word_1_45' title='bbox 644 690 924 761; x_wconf 78' lang='lat' dir='ltr'><strong>Particeps</strong></span> <span class='ocrx_word' id='word_1_46' title='bbox 966 705 1056 759; x_wconf 86' lang='lat' dir='ltr'><strong>ego</strong></span> <span class='ocrx_word' id='word_1_47' title='bbox 1113 703 1226 744; x_wconf 81' lang='lat' dir='ltr'><strong>sum</strong></span> <span class='ocrx_word' id='word_1_48' title='bbox 1274 683 1502 740; x_wconf 79' lang='lat' dir='ltr'><strong>omnium</strong></span> <span class='ocrx_word' id='word_1_49' title='bbox 1537 681 1837 737; x_wconf 75' lang='lat' dir='ltr'><strong>timentium</strong></span> <span class='ocrx_word' id='word_1_50' title='bbox 1865 686 1933 737; x_wconf 80' lang='lat' dir='ltr'><strong>te.</strong></span> <span class='ocrx_word' id='word_1_51' title='bbox 1969 680 2104 738; x_wconf 85' lang='lat' dir='ltr'><strong>Per-</strong></span> 
     </span>
    </p>
   </div>
   <div class='ocr_carea' id='block_1_12' title="bbox 453 763 2103 853">
    <p class='ocr_par' dir='ltr' id='par_1_12' title="bbox 453 763 2103 853">
     <span class='ocr_line' id='line_1_17' title="bbox 453 763 2103 853; baseline -0.01 -11"><span class='ocrx_word' id='word_1_52' title='bbox 453 781 642 843; x_wconf 79' lang='lat' dir='ltr'><strong>fectus</strong></span> <span class='ocrx_word' id='word_1_53' title='bbox 676 776 856 835; x_wconf 91' lang='lat' dir='ltr'><strong>homo</strong></span> <span class='ocrx_word' id='word_1_54' title='bbox 889 772 1188 853; x_wconf 81' lang='lat' dir='ltr'><strong>particeps</strong></span> <span class='ocrx_word' id='word_1_55' title='bbox 1221 765 1439 831; x_wconf 76' lang='lat' dir='ltr'><strong>Christi</strong></span> <span class='ocrx_word' id='word_1_56' title='bbox 1476 763 1843 843; x_wconf 65' lang='lat' dir='ltr'><strong>fueritjuxta</strong></span> <span class='ocrx_word' id='word_1_57' title='bbox 1874 764 2103 826; x_wconf 89' lang='lat' dir='ltr'><strong>dictum</strong></span> 
     </span>
    </p>
   </div>
   <div class='ocr_carea' id='block_1_13' title="bbox 454 853 2106 941">
    <p class='ocr_par' dir='ltr' id='par_1_13' title="bbox 454 853 2106 941">
     <span class='ocr_line' id='line_1_18' title="bbox 454 853 2106 941; baseline -0.012 -9"><span class='ocrx_word' id='word_1_58' title='bbox 454 866 600 932; x_wconf 90' lang='lat' dir='ltr'><strong>illud</strong></span> <span class='ocrx_word' id='word_1_59' title='bbox 628 886 643 928; x_wconf 88' lang='lat'><strong>:</strong></span> <span class='ocrx_word' id='word_1_60' title='bbox 672 864 831 929; x_wconf 81' lang='lat' dir='ltr'><strong>Nam</strong></span> <span class='ocrx_word' id='word_1_61' title='bbox 850 860 1085 923; x_wconf 78' lang='lat' dir='ltr'><strong>Chrisii</strong></span> <span class='ocrx_word' id='word_1_62' title='bbox 1116 859 1438 941; x_wconf 82' lang='lat' dir='ltr'><strong>participes</strong></span> <span class='ocrx_word' id='word_1_63' title='bbox 1464 854 1624 933; x_wconf 79' lang='lat' dir='ltr'><strong>[acti</strong></span> <span class='ocrx_word' id='word_1_64' title='bbox 1653 872 1861 915; x_wconf 79' lang='lat' dir='ltr'><strong>sumus</strong></span> <span class='ocrx_word' id='word_1_65' title='bbox 1888 854 1962 913; x_wconf 71' lang='grc'>⁵⁵.</span> <span class='ocrx_word' id='word_1_66' title='bbox 1997 853 2106 915; x_wconf 91' lang='lat' dir='ltr'><strong>Hic</strong></span> 
     </span>
    </p>
   </div>
   <div class='ocr_carea' id='block_1_14' title="bbox 458 943 2105 1033">
    <p class='ocr_par' dir='ltr' id='par_1_14' title="bbox 458 943 2105 1033">
     <span class='ocr_line' id='line_1_19' title="bbox 458 943 2105 1033; baseline -0.013 -10"><span class='ocrx_word' id='word_1_67' title='bbox 458 966 653 1023; x_wconf 82' lang='lat' dir='ltr'><strong>autem</strong></span> <span class='ocrx_word' id='word_1_68' title='bbox 705 951 877 1033; x_wconf 76' lang='lat' dir='ltr'><strong>quasi</strong></span> <span class='ocrx_word' id='word_1_69' title='bbox 937 949 1226 1021; x_wconf 92' lang='lat' dir='ltr'><strong>initiatus,</strong></span> <span class='ocrx_word' id='word_1_70' title='bbox 1266 965 1330 1009; x_wconf 91' lang='lat' dir='ltr'><strong>se</strong></span> <span class='ocrx_word' id='word_1_71' title='bbox 1394 943 1726 1007; x_wconf 83' lang='lat' dir='ltr'><strong>timentium</strong></span> <span class='ocrx_word' id='word_1_72' title='bbox 1789 943 2105 1033; x_wconf 85' lang='lat' dir='ltr'><strong>Dominum</strong></span> 
     </span>
    </p>
   </div>
   <div class='ocr_carea' id='block_1_15' title="bbox 459 1031 2104 1131">
    <p class='ocr_par' dir='ltr' id='par_1_15' title="bbox 459 1031 2104 1131">
     <span class='ocr_line' id='line_1_20' title="bbox 459 1031 2104 1131; baseline -0.011 -21"><span class='ocrx_word' id='word_1_73' title='bbox 459 1031 808 1131; x_wconf 79' lang='lat' dir='ltr'><strong>participem</strong></span> <span class='ocrx_word' id='word_1_74' title='bbox 842 1058 976 1102; x_wconf 90' lang='lat' dir='ltr'><strong>esse</strong></span> <span class='ocrx_word' id='word_1_75' title='bbox 1007 1037 1199 1131; x_wconf 75' lang='lat' dir='ltr'><strong>dicit;</strong></span> <span class='ocrx_word' id='word_1_76' title='bbox 1234 1053 1430 1116; x_wconf 89' lang='lat' dir='ltr'><strong>neque</strong></span> <span class='ocrx_word' id='word_1_77' title='bbox 1487 1040 1709 1131; x_wconf 82' lang='lat' dir='ltr'><strong>tantum</strong></span> <span class='ocrx_word' id='word_1_78' title='bbox 1746 1031 2104 1131; x_wconf 71' lang='lat' dir='ltr'><strong>timentium,</strong></span> 
     </span>
    </p>
   </div>
   <div class='ocr_carea' id='block_1_16' title="bbox 462 1119 2108 1207">
    <p class='ocr_par' dir='ltr' id='par_1_16' title="bbox 462 1119 2108 1207">
     <span class='ocr_line' id='line_1_21' title="bbox 462 1119 2108 1207; baseline -0.013 -6"><span class='ocrx_word' id='word_1_79' title='bbox 462 1119 569 1201; x_wconf 72' lang='lat' dir='ltr'><strong>sed</strong></span> <span class='ocrx_word' id='word_1_80' title='bbox 600 1119 780 1197; x_wconf 74' lang='lat' dir='ltr'><strong>etiam</strong></span> <span class='ocrx_word' id='word_1_81' title='bbox 812 1146 1019 1191; x_wconf 92' lang='lat' dir='ltr'><strong>eorum</strong></span> <span class='ocrx_word' id='word_1_82' title='bbox 1074 1126 1173 1207; x_wconf 87' lang='lat' dir='ltr'><strong>qui</strong></span> <span class='ocrx_word' id='word_1_83' title='bbox 1236 1132 1475 1206; x_wconf 80' lang='lat' dir='ltr'><strong>propter</strong></span> <span class='ocrx_word' id='word_1_84' title='bbox 1521 1124 1795 1183; x_wconf 89' lang='lat' dir='ltr'><strong>timorem</strong></span> <span class='ocrx_word' id='word_1_85' title='bbox 1828 1119 1932 1181; x_wconf 90' lang='lat' dir='ltr'><strong>Dei</strong></span> <span class='ocrx_word' id='word_1_86' title='bbox 1981 1121 2108 1200; x_wconf 87' lang='lat' dir='ltr'><strong>ejus</strong></span> 
     </span>
    </p>
   </div>
   <div class='ocr_carea' id='block_1_17' title="bbox 461 1210 2106 1311">
    <p class='ocr_par' dir='ltr' id='par_1_17' title="bbox 461 1210 2106 1311">
     <span class='ocr_line' id='line_1_22' title="bbox 461 1210 2106 1311; baseline -0.012 -22"><span class='ocrx_word' id='word_1_87' title='bbox 461 1232 771 1311; x_wconf 78' lang='lat' dir='ltr'><strong>praecepta</strong></span> <span class='ocrx_word' id='word_1_88' title='bbox 804 1226 1063 1311; x_wconf 68' lang='lat' dir='ltr'><strong>servant.</strong></span> <span class='ocrx_word' id='word_1_89' title='bbox 1126 1219 1559 1311; x_wconf 84' lang='lat' dir='ltr'><strong>Argumentum</strong></span> <span class='ocrx_word' id='word_1_90' title='bbox 1621 1217 1814 1272; x_wconf 90' lang='lat' dir='ltr'><strong>autem</strong></span> <span class='ocrx_word' id='word_1_91' title='bbox 1878 1210 2106 1271; x_wconf 86' lang='lat' dir='ltr'><strong>timoris</strong></span> 
     </span>
    </p>
   </div>
   <div class='ocr_carea' id='block_1_18' title="bbox 458 1307 1543 1386">
    <p class='ocr_par' dir='ltr' id='par_1_18' title="bbox 458 1307 1543 1386">
     <span class='ocr_line' id='line_1_23' title="bbox 458 1307 1543 1386; baseline -0.019 -5"><span class='ocrx_word' id='word_1_92' title='bbox 458 1307 569 1381; x_wconf 88' lang='lat' dir='ltr'><strong>Dei</strong></span> <span class='ocrx_word' id='word_1_93' title='bbox 601 1318 690 1374; x_wconf 88' lang='lat' dir='ltr'><strong>est</strong></span> <span class='ocrx_word' id='word_1_94' title='bbox 721 1307 1055 1371; x_wconf 81' lang='lat' dir='ltr'><strong>observatio</strong></span> <span class='ocrx_word' id='word_1_95' title='bbox 1091 1309 1543 1386; x_wconf 77' lang='lat' dir='ltr'><strong>praeceptorum.</strong></span> 
     </span>
    </p>
   </div>
   <div class='ocr_carea' id='block_1_19' title="bbox 530 1399 2106 1473">
    <p class='ocr_par' dir='ltr' id='par_1_19' title="bbox 530 1399 2106 1473">
     <span class='ocr_line' id='line_1_24' title="bbox 530 1399 2106 1473; baseline -0.012 -2"><span class='ocrx_word' id='word_1_96' title='bbox 530 1417 619 1472; x_wconf 62' lang='grc'><strong>64.</strong></span> <span class='ocrx_word' id='word_1_97' title='bbox 653 1406 1030 1468; x_wconf 81' lang='lat' dir='ltr'><strong>Misericordia</strong></span> <span class='ocrx_word' id='word_1_98' title='bbox 1076 1412 1190 1473; x_wconf 87' lang='lat' dir='ltr'><strong>tua,</strong></span> <span class='ocrx_word' id='word_1_99' title='bbox 1223 1403 1471 1468; x_wconf 82' lang='lat' dir='ltr'><strong>Domine,</strong></span> <span class='ocrx_word' id='word_1_100' title='bbox 1497 1401 1653 1473; x_wconf 71' lang='lat' dir='ltr'><strong>plena</strong></span> <span class='ocrx_word' id='word_1_101' title='bbox 1699 1406 1774 1454; x_wconf 77' lang='lat' dir='ltr'><strong>est</strong></span> <span class='ocrx_word' id='word_1_102' title='bbox 1805 1409 1976 1455; x_wconf 78' lang='lat' dir='ltr'><strong>terra.</strong></span> <span class='ocrx_word' id='word_1_103' title='bbox 2005 1399 2106 1455; x_wconf 81' lang='lat' dir='ltr'><strong>Ju-</strong></span> 
     </span>
    </p>
   </div>
   <div class='ocr_carea' id='block_1_20' title="bbox 459 1482 2105 1581">
    <p class='ocr_par' dir='ltr' id='par_1_20' title="bbox 459 1482 2105 1581">
     <span class='ocr_line' id='line_1_25' title="bbox 459 1482 2105 1581; baseline -0.013 -17"><span class='ocrx_word' id='word_1_104' title='bbox 459 1498 851 1581; x_wconf 77' lang='lat' dir='ltr'><strong>stiﬁcationes</strong></span> <span class='ocrx_word' id='word_1_105' title='bbox 883 1500 1021 1555; x_wconf 83' lang='lat' dir='ltr'><strong>tuas</strong></span> <span class='ocrx_word' id='word_1_106' title='bbox 1048 1492 1194 1553; x_wconf 83' lang='lat' dir='ltr'><strong>doce</strong></span> <span class='ocrx_word' id='word_1_107' title='bbox 1224 1506 1340 1581; x_wconf 74' lang='lat' dir='ltr'><strong>me.</strong></span> <span class='ocrx_word' id='word_1_108' title='bbox 1376 1485 1730 1581; x_wconf 80' lang='lat' dir='ltr'><strong>Prophetice</strong></span> <span class='ocrx_word' id='word_1_109' title='bbox 1757 1501 1887 1564; x_wconf 82' lang='lat' dir='ltr'><strong>quae</strong></span> <span class='ocrx_word' id='word_1_110' title='bbox 1910 1482 2105 1545; x_wconf 79' lang='lat' dir='ltr'><strong>futura</strong></span> 
     </span>
    </p>
   </div>
   <div class='ocr_carea' id='block_1_21' title="bbox 462 1574 2105 1662">
    <p class='ocr_par' dir='ltr' id='par_1_21' title="bbox 462 1574 2105 1662">
     <span class='ocr_line' id='line_1_26' title="bbox 462 1574 2105 1662; baseline -0.013 -9"><span class='ocrx_word' id='word_1_111' title='bbox 462 1574 599 1653; x_wconf 82' lang='lat' dir='ltr'><strong>sunt</strong></span> <span class='ocrx_word' id='word_1_112' title='bbox 629 1582 917 1656; x_wconf 87' lang='lat' dir='ltr'><strong>enuntiat,</strong></span> <span class='ocrx_word' id='word_1_113' title='bbox 946 1581 1182 1662; x_wconf 89' lang='lat' dir='ltr'><strong>plenam</strong></span> <span class='ocrx_word' id='word_1_114' title='bbox 1214 1577 1445 1640; x_wconf 89' lang='lat' dir='ltr'><strong>scilicet</strong></span> <span class='ocrx_word' id='word_1_115' title='bbox 1470 1575 1597 1637; x_wconf 85' lang='lat' dir='ltr'><strong>fore</strong></span> <span class='ocrx_word' id='word_1_116' title='bbox 1621 1574 1955 1635; x_wconf 83' lang='lat' dir='ltr'><strong>universam</strong></span> <span class='ocrx_word' id='word_1_117' title='bbox 1991 1580 2105 1633; x_wconf 89' lang='lat' dir='ltr'><strong>ter-</strong></span> 
     </span>
    </p>
   </div>
   <div class='ocr_carea' id='block_1_22' title="bbox 458 1663 2107 1745">
    <p class='ocr_par' dir='ltr' id='par_1_22' title="bbox 458 1663 2107 1745">
     <span class='ocr_line' id='line_1_27' title="bbox 458 1663 2107 1745; baseline -0.013 -2"><span class='ocrx_word' id='word_1_118' title='bbox 458 1698 586 1743; x_wconf 89' lang='lat' dir='ltr'><strong>ram</strong></span> <span class='ocrx_word' id='word_1_119' title='bbox 620 1672 957 1737; x_wconf 88' lang='lat' dir='ltr'><strong>timentium</strong></span> <span class='ocrx_word' id='word_1_120' title='bbox 994 1668 1335 1733; x_wconf 89' lang='lat' dir='ltr'><strong>Dominum.</strong></span> <span class='ocrx_word' id='word_1_121' title='bbox 1368 1663 1438 1728; x_wconf 86' lang='lat' dir='ltr'><strong>Et</strong></span> <span class='ocrx_word' id='word_1_122' title='bbox 1467 1666 1602 1745; x_wconf 84' lang='lat' dir='ltr'><strong>hoc,</strong></span> <span class='ocrx_word' id='word_1_123' title='bbox 1638 1663 1849 1744; x_wconf 91' lang='lat' dir='ltr'><strong>inquit,</strong></span> <span class='ocrx_word' id='word_1_124' title='bbox 1886 1680 2001 1723; x_wconf 92' lang='lat' dir='ltr'><strong>non</strong></span> <span class='ocrx_word' id='word_1_125' title='bbox 2037 1680 2107 1723; x_wconf 83' lang='lat' dir='ltr'><strong>ex</strong></span> 
     </span>
    </p>
   </div>
   <div class='ocr_carea' id='block_1_23' title="bbox 463 1751 2107 1840">
    <p class='ocr_par' dir='ltr' id='par_1_23' title="bbox 463 1751 2107 1840">
     <span class='ocr_line' id='line_1_28' title="bbox 463 1751 2107 1840; baseline -0.011 -10"><span class='ocrx_word' id='word_1_126' title='bbox 463 1769 577 1832; x_wconf 91' lang='lat' dir='ltr'><strong>alio</strong></span> <span class='ocrx_word' id='word_1_127' title='bbox 610 1784 720 1828; x_wconf 91' lang='lat' dir='ltr'><strong>usu</strong></span> <span class='ocrx_word' id='word_1_128' title='bbox 750 1778 931 1840; x_wconf 88' lang='lat' dir='ltr'><strong>quam</strong></span> <span class='ocrx_word' id='word_1_129' title='bbox 965 1778 1037 1821; x_wconf 82' lang='lat' dir='ltr'><strong>ex</strong></span> <span class='ocrx_word' id='word_1_130' title='bbox 1061 1766 1158 1820; x_wconf 90' lang='lat' dir='ltr'><strong>tua</strong></span> <span class='ocrx_word' id='word_1_131' title='bbox 1214 1753 1624 1818; x_wconf 89' lang='lat' dir='ltr'><strong>misericordia</strong></span> <span class='ocrx_word' id='word_1_132' title='bbox 1652 1774 1668 1834; x_wconf 86' lang='lat'><strong>;</strong></span> <span class='ocrx_word' id='word_1_133' title='bbox 1702 1771 1836 1813; x_wconf 91' lang='lat' dir='ltr'><strong>nam</strong></span> <span class='ocrx_word' id='word_1_134' title='bbox 1888 1760 1944 1811; x_wconf 93' lang='lat' dir='ltr'><strong>tu</strong></span> <span class='ocrx_word' id='word_1_135' title='bbox 1978 1751 2107 1840; x_wconf 88' lang='lat' dir='ltr'><strong>ipso</strong></span> 
     </span>
    </p>
   </div>
   <div class='ocr_carea' id='block_1_24' title="bbox 2182 587 3433 669">
    <p class='ocr_par' dir='ltr' id='par_1_24' title="bbox 2182 587 3433 669">
     <span class='ocr_line' id='line_1_29' title="bbox 2182 587 3433 669; baseline 0.001 -23"><span class='ocrx_word' id='word_1_136' title='bbox 2182 591 2306 651; x_wconf 77' lang='grc' dir='ltr'>πὸν.</span> <span class='ocrx_word' id='word_1_137' title='bbox 2341 595 2448 657; x_wconf 81' lang='grc' dir='ltr'><strong>Τῆς</strong></span> <span class='ocrx_word' id='word_1_138' title='bbox 2475 590 2615 653; x_wconf 80' lang='grc' dir='ltr'><strong>θείας</strong></span> <span class='ocrx_word' id='word_1_139' title='bbox 2646 590 2745 668; x_wconf 78' lang='grc' dir='ltr'>γὰρ</span> <span class='ocrx_word' id='word_1_140' title='bbox 2777 587 3077 669; x_wconf 71' lang='grc' dir='ltr'>φιλοτιμίος</span> <span class='ocrx_word' id='word_1_141' title='bbox 3111 588 3433 647; x_wconf 82' lang='grc' dir='ltr'>ἀπέλαυσεν.</span> 
     </span>
    </p>
   </div>
   <div class='ocr_carea' id='block_1_25' title="bbox 2266 676 3842 758">
    <p class='ocr_par' dir='ltr' id='par_1_25' title="bbox 2266 676 3842 758">
     <span class='ocr_line' id='line_1_30' title="bbox 2266 676 3842 758; baseline 0.003 -26"><span class='ocrx_word' id='word_1_142' title='bbox 2266 679 2511 758; x_wconf 79' lang='grc' dir='ltr'>Μέτοχος</span> <span class='ocrx_word' id='word_1_143' title='bbox 2573 677 2680 756; x_wconf 85' lang='grc' dir='ltr'><strong>ἐγώ</strong></span> <span class='ocrx_word' id='word_1_144' title='bbox 2738 680 2845 753; x_wconf 84' lang='grc' dir='ltr'>εἶμι</span> <span class='ocrx_word' id='word_1_145' title='bbox 2898 678 3109 735; x_wconf 78' lang='grc' dir='ltr'>πάντων</span> <span class='ocrx_word' id='word_1_146' title='bbox 3170 686 3274 735; x_wconf 83' lang='grc' dir='ltr'><strong>τῶν</strong></span> <span class='ocrx_word' id='word_1_147' title='bbox 3352 676 3690 758; x_wconf 70' lang='grc' dir='ltr'>φοϐουμένων</span> <span class='ocrx_word' id='word_1_148' title='bbox 3747 698 3842 736; x_wconf 90' lang='grc' dir='ltr'><strong>σε.</strong></span> 
     </span>
    </p>
   </div>
   <div class='ocr_carea' id='block_1_26' title="bbox 2185 764 3847 847">
    <p class='ocr_par' dir='ltr' id='par_1_26' title="bbox 2185 764 3847 847">
     <span class='ocr_line' id='line_1_31' title="bbox 2185 764 3847 847; baseline -0.002 -23"><span class='ocrx_word' id='word_1_149' title='bbox 2185 764 2247 824; x_wconf 80' lang='grc' dir='ltr'>Ὀ</span> <span class='ocrx_word' id='word_1_150' title='bbox 2280 767 2378 842; x_wconf 77' lang='grc' dir='ltr'><strong>μὲν</strong></span> <span class='ocrx_word' id='word_1_151' title='bbox 2424 767 2628 830; x_wconf 82' lang='grc' dir='ltr'>τέλειος</span> <span class='ocrx_word' id='word_1_152' title='bbox 2692 774 2921 845; x_wconf 76' lang='grc' dir='ltr'><strong>Χριστοῦ</strong></span> <span class='ocrx_word' id='word_1_153' title='bbox 2976 765 3037 822; x_wconf 78' lang='grc' dir='ltr'>ἂν</span> <span class='ocrx_word' id='word_1_154' title='bbox 3098 766 3190 835; x_wconf 74' lang='grc' dir='ltr'>εἴη</span> <span class='ocrx_word' id='word_1_155' title='bbox 3250 766 3512 847; x_wconf 75' lang='grc' dir='ltr'><strong>μέτοχος,</strong></span> <span class='ocrx_word' id='word_1_156' title='bbox 3575 767 3711 823; x_wconf 78' lang='grc' dir='ltr'>κατὰ</span> <span class='ocrx_word' id='word_1_157' title='bbox 3776 765 3847 821; x_wconf 78' lang='grc' dir='ltr'>τὸ</span> 
     </span>
    </p>
   </div>
   <div class='ocr_carea' id='block_1_27' title="bbox 2189 856 3847 936">
    <p class='ocr_par' dir='ltr' id='par_1_27' title="bbox 2189 856 3847 936">
     <span class='ocr_line' id='line_1_32' title="bbox 2189 856 3847 936; baseline 0.001 -24"><span class='ocrx_word' id='word_1_158' title='bbox 2189 856 2490 935; x_wconf 58' lang='grc' dir='ltr'>εἰρημένον</span> <span class='ocrx_word' id='word_1_159' title='bbox 2576 856 2816 936; x_wconf 84' lang='grc' dir='ltr'><strong>Μέτοχοι</strong></span> <span class='ocrx_word' id='word_1_160' title='bbox 2875 858 2976 936; x_wconf 83' lang='grc' dir='ltr'><strong>γὰρ</strong></span> <span class='ocrx_word' id='word_1_161' title='bbox 3050 865 3142 913; x_wconf 90' lang='grc' dir='ltr'><strong>τοῦ</strong></span> <span class='ocrx_word' id='word_1_162' title='bbox 3207 864 3436 935; x_wconf 76' lang='grc' dir='ltr'><strong>Χριστοῦ</strong></span> <span class='ocrx_word' id='word_1_163' title='bbox 3505 858 3847 935; x_wconf 75' lang='grc' dir='ltr'><strong>γεγόναμεν.</strong></span> 
     </span>
    </p>
   </div>
   <div class='ocr_carea' id='block_1_28' title="bbox 2188 943 3851 1026">
    <p class='ocr_par' dir='ltr' id='par_1_28' title="bbox 2188 943 3851 1026">
     <span class='ocr_line' id='line_1_33' title="bbox 2188 943 3851 1026; baseline -0.002 -23"><span class='ocrx_word' id='word_1_164' title='bbox 2188 944 2249 1003; x_wconf 82' lang='grc' dir='ltr'>Ὀ</span> <span class='ocrx_word' id='word_1_165' title='bbox 2284 943 2335 1001; x_wconf 82' lang='grc' dir='ltr'>δέ</span> <span class='ocrx_word' id='word_1_166' title='bbox 2366 946 2570 1026; x_wconf 87' lang='grc' dir='ltr'>παρὼν,</span> <span class='ocrx_word' id='word_1_167' title='bbox 2621 948 2692 1011; x_wconf 81' lang='grc' dir='ltr'><strong>ὡς</strong></span> <span class='ocrx_word' id='word_1_168' title='bbox 2736 947 3107 1026; x_wconf 72' lang='grc' dir='ltr'>εἰσαγόμενος,</span> <span class='ocrx_word' id='word_1_169' title='bbox 3170 952 3275 1001; x_wconf 81' lang='grc' dir='ltr'><strong>τῶν</strong></span> <span class='ocrx_word' id='word_1_170' title='bbox 3330 943 3673 1026; x_wconf 70' lang='grc' dir='ltr'>φοϐουμένων</span> <span class='ocrx_word' id='word_1_171' title='bbox 3744 948 3851 1001; x_wconf 79' lang='grc' dir='ltr'>τὸν</span> 
     </span>
    </p>
   </div>
   <div class='ocr_carea' id='block_1_29' title="bbox 2195 1031 3855 1115">
    <p class='ocr_par' dir='ltr' id='par_1_29' title="bbox 2195 1031 3855 1115">
     <span class='ocr_line' id='line_1_34' title="bbox 2195 1031 3855 1115; baseline -0.003 -22"><span class='ocrx_word' id='word_1_172' title='bbox 2195 1036 2381 1113; x_wconf 82' lang='grc' dir='ltr'>Κὺριον</span> <span class='ocrx_word' id='word_1_173' title='bbox 2440 1034 2677 1115; x_wconf 79' lang='grc' dir='ltr'>μέτοχον</span> <span class='ocrx_word' id='word_1_174' title='bbox 2749 1034 2936 1091; x_wconf 76' lang='grc' dir='ltr'>ἑαυτὸν</span> <span class='ocrx_word' id='word_1_175' title='bbox 2995 1038 3137 1090; x_wconf 85' lang='grc' dir='ltr'>εἶναι</span> <span class='ocrx_word' id='word_1_176' title='bbox 3196 1033 3364 1113; x_wconf 78' lang='grc' dir='ltr'>λέγει·</span> <span class='ocrx_word' id='word_1_177' title='bbox 3417 1036 3520 1113; x_wconf 72' lang='grc' dir='ltr'>οὔχ</span> <span class='ocrx_word' id='word_1_178' title='bbox 3561 1033 3751 1097; x_wconf 78' lang='grc' dir='ltr'>ἁπλῶς</span> <span class='ocrx_word' id='word_1_179' title='bbox 3787 1031 3855 1088; x_wconf 74' lang='grc' dir='ltr'>δέ</span> 
     </span>
    </p>
   </div>
   <div class='ocr_carea' id='block_1_30' title="bbox 2191 1121 3855 1205">
    <p class='ocr_par' dir='ltr' id='par_1_30' title="bbox 2191 1121 3855 1205">
     <span class='ocr_line' id='line_1_35' title="bbox 2191 1121 3855 1205; baseline -0.001 -26"><span class='ocrx_word' id='word_1_180' title='bbox 2191 1132 2296 1180; x_wconf 83' lang='grc' dir='ltr'>τῶν</span> <span class='ocrx_word' id='word_1_181' title='bbox 2330 1122 2702 1205; x_wconf 73' lang='grc' dir='ltr'>φοϐουμένων,</span> <span class='ocrx_word' id='word_1_182' title='bbox 2736 1122 2873 1180; x_wconf 83' lang='grc' dir='ltr'><strong>ἀλλᾶ</strong></span> <span class='ocrx_word' id='word_1_183' title='bbox 2906 1130 3009 1180; x_wconf 83' lang='grc' dir='ltr'><strong>τῶν</strong></span> <span class='ocrx_word' id='word_1_184' title='bbox 3065 1121 3150 1179; x_wconf 81' lang='grc' dir='ltr'>διὰ</span> <span class='ocrx_word' id='word_1_185' title='bbox 3192 1125 3252 1180; x_wconf 83' lang='grc' dir='ltr'>τὸ</span> <span class='ocrx_word' id='word_1_186' title='bbox 3310 1122 3586 1204; x_wconf 70' lang='grc' dir='ltr'>φοϐεῖσθαι</span> <span class='ocrx_word' id='word_1_187' title='bbox 3637 1122 3855 1203; x_wconf 70' lang='grc' dir='ltr'>φυλασ-</span> 
     </span>
    </p>
   </div>
   <div class='ocr_carea' id='block_1_31' title="bbox 2190 1209 3856 1290">
    <p class='ocr_par' dir='ltr' id='par_1_31' title="bbox 2190 1209 3856 1290">
     <span class='ocr_line' id='line_1_36' title="bbox 2190 1209 3856 1290; baseline 0.001 -21"><span class='ocrx_word' id='word_1_188' title='bbox 2190 1216 2390 1270; x_wconf 88' lang='grc' dir='ltr'>σὸντων</span> <span class='ocrx_word' id='word_1_189' title='bbox 2421 1214 2514 1276; x_wconf 76' lang='grc' dir='ltr'>τὰς</span> <span class='ocrx_word' id='word_1_190' title='bbox 2545 1214 2762 1276; x_wconf 67' lang='grc' dir='ltr'>ὲντολὰς</span> <span class='ocrx_word' id='word_1_191' title='bbox 2806 1220 2897 1269; x_wconf 89' lang='grc' dir='ltr'><strong>τοῦ</strong></span> <span class='ocrx_word' id='word_1_192' title='bbox 2942 1218 3095 1273; x_wconf 90' lang='grc' dir='ltr'>Θεοῦ.</span> <span class='ocrx_word' id='word_1_193' title='bbox 3149 1225 3360 1290; x_wconf 86' lang='grc' dir='ltr'>Δεῖγμα</span> <span class='ocrx_word' id='word_1_194' title='bbox 3430 1209 3485 1267; x_wconf 77' lang='grc' dir='ltr'>δὲ</span> <span class='ocrx_word' id='word_1_195' title='bbox 3556 1221 3649 1271; x_wconf 87' lang='grc' dir='ltr'><strong>τοῦ</strong></span> <span class='ocrx_word' id='word_1_196' title='bbox 3691 1212 3856 1270; x_wconf 75' lang='grc' dir='ltr'>θείου</span> 
     </span>
    </p>
   </div>
   <div class='ocr_carea' id='block_1_32' title="bbox 2188 1300 3082 1383">
    <p class='ocr_par' dir='ltr' id='par_1_32' title="bbox 2188 1300 3082 1383">
     <span class='ocr_line' id='line_1_37' title="bbox 2188 1300 3082 1383; baseline -0.001 -24"><span class='ocrx_word' id='word_1_197' title='bbox 2188 1300 2349 1383; x_wconf 76' lang='grc' dir='ltr'>ιρόὄου</span> <span class='ocrx_word' id='word_1_198' title='bbox 2378 1305 2412 1371; x_wconf 75' lang='grc' dir='ltr'>ἦ</span> <span class='ocrx_word' id='word_1_199' title='bbox 2445 1305 2551 1359; x_wconf 78' lang='grc' dir='ltr'>τῶν</span> <span class='ocrx_word' id='word_1_200' title='bbox 2583 1302 2812 1361; x_wconf 79' lang='grc' dir='ltr'>ἐντολῶν</span> <span class='ocrx_word' id='word_1_201' title='bbox 2844 1301 3082 1381; x_wconf 77' lang='grc' dir='ltr'>φυλακή.</span> 
     </span>
    </p>
   </div>
   <div class='ocr_carea' id='block_1_33' title="bbox 2268 1389 3844 1471">
    <p class='ocr_par' dir='ltr' id='par_1_33' title="bbox 2268 1389 3844 1471">
     <span class='ocr_line' id='line_1_38' title="bbox 2268 1389 3844 1471; baseline -0.004 -19"><span class='ocrx_word' id='word_1_202' title='bbox 2268 1400 2371 1452; x_wconf 88' lang='grc' dir='ltr'><strong>Τοῦ</strong></span> <span class='ocrx_word' id='word_1_203' title='bbox 2427 1392 2608 1456; x_wconf 78' lang='grc' dir='ltr'><strong>ἐλέους</strong></span> <span class='ocrx_word' id='word_1_204' title='bbox 2668 1416 2785 1469; x_wconf 60' lang='grc' dir='ltr'>σο),</span> <span class='ocrx_word' id='word_1_205' title='bbox 2850 1394 3026 1471; x_wconf 80' lang='grc' dir='ltr'>Κύριε,</span> <span class='ocrx_word' id='word_1_206' title='bbox 3102 1392 3315 1470; x_wconf 80' lang='grc' dir='ltr'>πλήρης</span> <span class='ocrx_word' id='word_1_207' title='bbox 3373 1393 3408 1458; x_wconf 75' lang='grc' dir='ltr'><strong>ἡ</strong></span> <span class='ocrx_word' id='word_1_208' title='bbox 3467 1396 3565 1468; x_wconf 78' lang='grc' dir='ltr'><strong>γῆ,</strong></span> <span class='ocrx_word' id='word_1_209' title='bbox 3615 1392 3689 1449; x_wconf 79' lang='grc' dir='ltr'><strong>Τὰ</strong></span> <span class='ocrx_word' id='word_1_210' title='bbox 3751 1389 3844 1446; x_wconf 80' lang='grc' dir='ltr'>δι-</span> 
     </span>
    </p>
   </div>
   <div class='ocr_carea' id='block_1_34' title="bbox 2186 1479 3845 1562">
    <p class='ocr_par' dir='ltr' id='par_1_34' title="bbox 2186 1479 3845 1562">
     <span class='ocr_line' id='line_1_39' title="bbox 2186 1479 3845 1562; baseline -0.003 -23"><span class='ocrx_word' id='word_1_211' title='bbox 2186 1484 2472 1558; x_wconf 80' lang='grc' dir='ltr'>καιώματά</span> <span class='ocrx_word' id='word_1_212' title='bbox 2531 1506 2624 1539; x_wconf 90' lang='grc' dir='ltr'><strong>σου</strong></span> <span class='ocrx_word' id='word_1_213' title='bbox 2682 1480 2883 1548; x_wconf 81' lang='grc' dir='ltr'>δίδαξόν</span> <span class='ocrx_word' id='word_1_214' title='bbox 2957 1482 3430 1562; x_wconf 76' lang='grc' dir='ltr'>με,Προφητικῶς</span> <span class='ocrx_word' id='word_1_215' title='bbox 3485 1482 3549 1536; x_wconf 78' lang='grc' dir='ltr'>τὰ</span> <span class='ocrx_word' id='word_1_216' title='bbox 3603 1479 3845 1557; x_wconf 72' lang='grc' dir='ltr'>ὲσόμενέ</span> 
     </span>
    </p>
   </div>
   <div class='ocr_carea' id='block_1_35' title="bbox 2187 1567 3842 1652">
    <p class='ocr_par' dir='ltr' id='par_1_35' title="bbox 2187 1567 3842 1652">
     <span class='ocr_line' id='line_1_40' title="bbox 2187 1567 3842 1652; baseline -0.003 -24"><span class='ocrx_word' id='word_1_217' title='bbox 2187 1594 2371 1652; x_wconf 76' lang='grc' dir='ltr'>φησιν,</span> <span class='ocrx_word' id='word_1_218' title='bbox 2407 1573 2479 1636; x_wconf 80' lang='grc' dir='ltr'>ὡς</span> <span class='ocrx_word' id='word_1_219' title='bbox 2513 1571 2659 1628; x_wconf 79' lang='grc' dir='ltr'>ἔσται</span> <span class='ocrx_word' id='word_1_220' title='bbox 2692 1579 2835 1628; x_wconf 83' lang='grc' dir='ltr'>πᾶσα</span> <span class='ocrx_word' id='word_1_221' title='bbox 2878 1573 2913 1638; x_wconf 73' lang='grc' dir='ltr'>⁵η</span> <span class='ocrx_word' id='word_1_222' title='bbox 2946 1574 3017 1651; x_wconf 84' lang='grc' dir='ltr'><strong>γῆ</strong></span> <span class='ocrx_word' id='word_1_223' title='bbox 3049 1572 3263 1651; x_wconf 73' lang='grc' dir='ltr'>πλήρης</span> <span class='ocrx_word' id='word_1_224' title='bbox 3322 1576 3427 1627; x_wconf 82' lang='grc' dir='ltr'>τῶν</span> <span class='ocrx_word' id='word_1_225' title='bbox 3487 1567 3842 1648; x_wconf 74' lang='grc' dir='ltr'>φοϐουμένων</span> 
     </span>
    </p>
   </div>
   <div class='ocr_carea' id='block_1_36' title="bbox 2188 1661 3843 1742">
    <p class='ocr_par' dir='ltr' id='par_1_36' title="bbox 2188 1661 3843 1742">
     <span class='ocr_line' id='line_1_41' title="bbox 2188 1661 3843 1742; baseline -0.001 -25"><span class='ocrx_word' id='word_1_226' title='bbox 2188 1664 2279 1717; x_wconf 79' lang='grc' dir='ltr'>τὸν</span> <span class='ocrx_word' id='word_1_227' title='bbox 2328 1663 2543 1740; x_wconf 82' lang='grc' dir='ltr'>Κύριον,</span> <span class='ocrx_word' id='word_1_228' title='bbox 2584 1666 2682 1719; x_wconf 83' lang='grc' dir='ltr'><strong>Καὶ</strong></span> <span class='ocrx_word' id='word_1_229' title='bbox 2713 1666 2808 1721; x_wconf 78' lang='grc' dir='ltr'><strong>οὐκ</strong></span> <span class='ocrx_word' id='word_1_230' title='bbox 2838 1661 2889 1727; x_wconf 77' lang='grc' dir='ltr'><strong>ἐξ</strong></span> <span class='ocrx_word' id='word_1_231' title='bbox 2919 1661 3103 1740; x_wconf 74' lang='grc' dir='ltr'>ἐτέρας</span> <span class='ocrx_word' id='word_1_232' title='bbox 3136 1664 3265 1742; x_wconf 76' lang='grc' dir='ltr'>φησὶ</span> <span class='ocrx_word' id='word_1_233' title='bbox 3294 1668 3451 1718; x_wconf 87' lang='grc' dir='ltr'>τοῦτο</span> <span class='ocrx_word' id='word_1_234' title='bbox 3504 1661 3687 1741; x_wconf 81' lang='grc' dir='ltr'>χρείας</span> <span class='ocrx_word' id='word_1_235' title='bbox 3734 1682 3843 1737; x_wconf 84' lang='grc' dir='ltr'>γε-</span> 
     </span>
    </p>
   </div>
   <div class='ocr_carea' id='block_1_37' title="bbox 2190 1751 3856 1828">
    <p class='ocr_par' dir='ltr' id='par_1_37' title="bbox 2190 1751 3856 1828">
     <span class='ocr_line' id='line_1_42' title="bbox 2190 1751 3856 1828; baseline 0 -23"><span class='ocrx_word' id='word_1_236' title='bbox 2190 1751 2404 1818; x_wconf 74' lang='grc' dir='ltr'>νήσετκι</span> <span class='ocrx_word' id='word_1_237' title='bbox 2438 1751 2473 1819; x_wconf 73' lang='grc' dir='ltr'><strong>ἢ</strong></span> <span class='ocrx_word' id='word_1_238' title='bbox 2533 1752 2595 1808; x_wconf 79' lang='grc' dir='ltr'>ἐκ</span> <span class='ocrx_word' id='word_1_239' title='bbox 2644 1757 2736 1808; x_wconf 90' lang='grc' dir='ltr'><strong>τοῦ</strong></span> <span class='ocrx_word' id='word_1_240' title='bbox 2785 1760 2879 1809; x_wconf 92' lang='grc' dir='ltr'><strong>σοῦ</strong></span> <span class='ocrx_word' id='word_1_241' title='bbox 2938 1751 3138 1816; x_wconf 78' lang='grc' dir='ltr'>ἐλέους’</span> <span class='ocrx_word' id='word_1_242' title='bbox 3189 1752 3277 1807; x_wconf 83' lang='grc' dir='ltr'><strong>καὶ</strong></span> <span class='ocrx_word' id='word_1_243' title='bbox 3335 1751 3493 1813; x_wconf 70' lang='grc' dir='ltr'>αὐτὸς</span> <span class='ocrx_word' id='word_1_244' title='bbox 3536 1751 3634 1828; x_wconf 77' lang='grc' dir='ltr'>γὰρ</span> <span class='ocrx_word' id='word_1_245' title='bbox 3682 1757 3856 1806; x_wconf 84' lang='grc' dir='ltr'>τοῦτο</span> 
     </span>
    </p>
   </div>
   <div class='ocr_carea' id='block_1_38' title="bbox 460 1839 2110 1926">
    <p class='ocr_par' dir='ltr' id='par_1_38' title="bbox 460 1839 2110 1926">
     <span class='ocr_line' id='line_1_43' title="bbox 460 1839 2110 1926; baseline -0.011 -8"><span class='ocrx_word' id='word_1_246' title='bbox 460 1857 520 1920; x_wconf 90' lang='lat' dir='ltr'><strong>id</strong></span> <span class='ocrx_word' id='word_1_247' title='bbox 550 1839 1022 1917; x_wconf 75' lang='lat' dir='ltr'><strong>miseriCOrditer</strong></span> <span class='ocrx_word' id='word_1_248' title='bbox 1048 1848 1214 1922; x_wconf 78' lang='lat' dir='ltr'><strong>facis,</strong></span> <span class='ocrx_word' id='word_1_249' title='bbox 1258 1845 1512 1926; x_wconf 89' lang='lat' dir='ltr'><strong>teipsum</strong></span> <span class='ocrx_word' id='word_1_250' title='bbox 1567 1842 1717 1905; x_wconf 90' lang='lat' dir='ltr'><strong>dans</strong></span> <span class='ocrx_word' id='word_1_251' title='bbox 1763 1839 2110 1903; x_wconf 87' lang='lat' dir='ltr'><strong>hominibus</strong></span> 
     </span>
    </p>
   </div>
   <div class='ocr_carea' id='block_1_39' title="bbox 2215 1839 3852 1926">
    <p class='ocr_par' dir='ltr' id='par_1_39' title="bbox 2215 1839 3852 1918">
     <span class='ocr_line' id='line_1_44' title="bbox 2215 1839 3852 1918; baseline -0.002 -22"><span class='ocrx_word' id='word_1_252' title='bbox 2215 1840 2489 1909; x_wconf 74' lang='grc' dir='ltr'>ιλεητικῶς</span> <span class='ocrx_word' id='word_1_253' title='bbox 2551 1855 2753 1907; x_wconf 86' lang='grc' dir='ltr'>ποιεῖς.</span> <span class='ocrx_word' id='word_1_254' title='bbox 2821 1839 3080 1905; x_wconf 80' lang='grc' dir='ltr'>ἐπιδιδοὺς</span> <span class='ocrx_word' id='word_1_255' title='bbox 3144 1844 3329 1900; x_wconf 78' lang='grc' dir='ltr'>ἑαυτὸν</span> <span class='ocrx_word' id='word_1_256' title='bbox 3384 1846 3488 1897; x_wconf 82' lang='grc' dir='ltr'>τῶν</span> <span class='ocrx_word' id='word_1_257' title='bbox 3549 1840 3852 1918; x_wconf 67' lang='grc' dir='ltr'>ἀνθρώπων</span> 
     </span>
    </p>
   </div>
   <div class='ocr_carea' id='block_1_40' title="bbox 463 1947 2108 2099">
    <p class='ocr_par' dir='ltr' id='par_1_40' title="bbox 463 1947 2108 2099">
     <span class='ocr_line' id='line_1_45' title="bbox 463 1947 2108 2099; baseline -0.009 -6"><span class='ocrx_word' id='word_1_258' title='bbox 463 1947 961 2093; x_wconf 50' lang='grc' dir='ltr'><strong>ὀοὲῦῗΐὲδῖιίωιαη</strong></span> <span class='ocrx_word' id='word_1_259' title='bbox 978 2025 1156 2099; x_wconf 82' lang='lat' dir='ltr'><strong>fecisti</strong></span> <span class='ocrx_word' id='word_1_260' title='bbox 1208 2039 1329 2082; x_wconf 73' lang='lat' dir='ltr'><strong>cum</strong></span> <span class='ocrx_word' id='word_1_261' title='bbox 1383 2039 1536 2082; x_wconf 80' lang='lat' dir='ltr'><strong>seruo</strong></span> <span class='ocrx_word' id='word_1_262' title='bbox 1590 2028 1699 2089; x_wconf 81' lang='lat' dir='ltr'><strong>tuo,</strong></span> <span class='ocrx_word' id='word_1_263' title='bbox 1730 2021 1961 2078; x_wconf 78' lang='lat' dir='ltr'><strong>Domine.</strong></span> <span class='ocrx_word' id='word_1_264' title='bbox 1997 2023 2108 2079; x_wconf 92' lang='lat' dir='ltr'><strong>D0-</strong></span> 
     </span>
    </p>
   </div>
   <div class='ocr_carea' id='block_1_41' title="bbox 464 2107 2109 2194">
    <p class='ocr_par' dir='ltr' id='par_1_41' title="bbox 464 2107 2109 2194">
     <span class='ocr_line' id='line_1_46' title="bbox 464 2107 2109 2194; baseline -0.01 -8"><span class='ocrx_word' id='word_1_265' title='bbox 464 2131 631 2187; x_wconf 90' lang='lat' dir='ltr'><strong>cetur</strong></span> <span class='ocrx_word' id='word_1_266' title='bbox 652 2117 755 2194; x_wconf 89' lang='lat' dir='ltr'><strong>qui</strong></span> <span class='ocrx_word' id='word_1_267' title='bbox 772 2113 991 2178; x_wconf 83' lang='lat' dir='ltr'><strong>divinis</strong></span> <span class='ocrx_word' id='word_1_268' title='bbox 1011 2110 1267 2193; x_wconf 90' lang='lat' dir='ltr'><strong>eloquiis</strong></span> <span class='ocrx_word' id='word_1_269' title='bbox 1302 2109 1572 2172; x_wconf 90' lang='lat' dir='ltr'><strong>eruditus</strong></span> <span class='ocrx_word' id='word_1_270' title='bbox 1595 2118 1708 2183; x_wconf 90' lang='lat' dir='ltr'><strong>est,</strong></span> <span class='ocrx_word' id='word_1_271' title='bbox 1745 2127 1819 2169; x_wconf 92' lang='lat' dir='ltr'><strong>ne</strong></span> <span class='ocrx_word' id='word_1_272' title='bbox 1843 2107 2109 2187; x_wconf 82' lang='lat' dir='ltr'><strong>ingratus</strong></span> 
     </span>
    </p>
   </div>
   <div class='ocr_carea' id='block_1_42' title="bbox 462 2196 2107 2278">
    <p class='ocr_par' dir='ltr' id='par_1_42' title="bbox 462 2196 2107 2278">
     <span class='ocr_line' id='line_1_47' title="bbox 462 2196 2107 2278; baseline -0.011 -2"><span class='ocrx_word' id='word_1_273' title='bbox 462 2212 539 2278; x_wconf 90' lang='lat' dir='ltr'><strong>sit</strong></span> <span class='ocrx_word' id='word_1_274' title='bbox 558 2211 622 2271; x_wconf 92' lang='lat' dir='ltr'><strong>in</strong></span> <span class='ocrx_word' id='word_1_275' title='bbox 642 2207 829 2270; x_wconf 88' lang='lat' dir='ltr'><strong>Deum</strong></span> <span class='ocrx_word' id='word_1_276' title='bbox 856 2202 1148 2267; x_wconf 76' lang='lat' dir='ltr'><strong>beneficia</strong></span> <span class='ocrx_word' id='word_1_277' title='bbox 1168 2197 1922 2277; x_wconf 84' lang='lat' dir='ltr'><strong>conferentem.Nunquam</strong></span> <span class='ocrx_word' id='word_1_278' title='bbox 1949 2196 2107 2258; x_wconf 85' lang='lat' dir='ltr'><strong>enim</strong></span> 
     </span>
    </p>
   </div>
   <div class='ocr_carea' id='block_1_43' title="bbox 462 2286 2112 2383">
    <p class='ocr_par' dir='ltr' id='par_1_43' title="bbox 462 2286 2112 2383">
     <span class='ocr_line' id='line_1_48' title="bbox 462 2286 2112 2383; baseline -0.013 -16"><span class='ocrx_word' id='word_1_279' title='bbox 462 2323 498 2367; x_wconf 88' lang='lat' dir='ltr'><strong>a</strong></span> <span class='ocrx_word' id='word_1_280' title='bbox 527 2297 791 2383; x_wconf 84' lang='lat' dir='ltr'><strong>peccatis</strong></span> <span class='ocrx_word' id='word_1_281' title='bbox 815 2294 1101 2357; x_wconf 84' lang='lat' dir='ltr'><strong>liberatus</strong></span> <span class='ocrx_word' id='word_1_282' title='bbox 1130 2287 1357 2383; x_wconf 82' lang='lat' dir='ltr'><strong>fuisset,</strong></span> <span class='ocrx_word' id='word_1_283' title='bbox 1385 2296 1446 2350; x_wconf 92' lang='lat' dir='ltr'><strong>et</strong></span> <span class='ocrx_word' id='word_1_284' title='bbox 1471 2296 1898 2383; x_wconf 83' lang='lat' dir='ltr'><strong>annumeratus</strong></span> <span class='ocrx_word' id='word_1_285' title='bbox 1920 2303 2003 2383; x_wconf 72' lang='lat' dir='ltr'><strong>seu</strong></span> <span class='ocrx_word' id='word_1_286' title='bbox 2026 2286 2112 2383; x_wconf 72' lang='lat' dir='ltr'><strong>vis</strong></span> 
     </span>
    </p>
   </div>
   <div class='ocr_carea' id='block_1_44' title="bbox 464 2377 2110 2472">
    <p class='ocr_par' dir='ltr' id='par_1_44' title="bbox 464 2377 2110 2472">
     <span class='ocr_line' id='line_1_49' title="bbox 464 2377 2110 2472; baseline -0.011 -17"><span class='ocrx_word' id='word_1_287' title='bbox 464 2377 595 2472; x_wconf 77' lang='lat' dir='ltr'><strong>Dei,</strong></span> <span class='ocrx_word' id='word_1_288' title='bbox 627 2385 742 2449; x_wconf 88' lang='lat' dir='ltr'><strong>nisi</strong></span> <span class='ocrx_word' id='word_1_289' title='bbox 778 2383 975 2447; x_wconf 81' lang='lat' dir='ltr'><strong>divina</strong></span> <span class='ocrx_word' id='word_1_290' title='bbox 1025 2378 1296 2462; x_wconf 65' lang='lat' dir='ltr'><strong>quaedam</strong></span> <span class='ocrx_word' id='word_1_291' title='bbox 1345 2377 1528 2457; x_wconf 79' lang='lat' dir='ltr'><strong>gratia</strong></span> <span class='ocrx_word' id='word_1_292' title='bbox 1588 2395 1795 2440; x_wconf 88' lang='lat' dir='ltr'><strong>eorum</strong></span> <span class='ocrx_word' id='word_1_293' title='bbox 1850 2377 1992 2456; x_wconf 89' lang='lat' dir='ltr'><strong>ipsis</strong></span> <span class='ocrx_word' id='word_1_294' title='bbox 2050 2378 2110 2437; x_wconf 92' lang='lat' dir='ltr'><strong>in</strong></span> 
     </span>
    </p>
   </div>
   <div class='ocr_carea' id='block_1_45' title="bbox 462 2474 907 2547">
    <p class='ocr_par' dir='ltr' id='par_1_45' title="bbox 462 2474 907 2547">
     <span class='ocr_line' id='line_1_50' title="bbox 462 2474 907 2547; baseline -0.022 0"><span class='ocrx_word' id='word_1_295' title='bbox 462 2498 645 2547; x_wconf 92' lang='lat' dir='ltr'><strong>causa</strong></span> <span class='ocrx_word' id='word_1_296' title='bbox 674 2474 907 2537; x_wconf 83' lang='lat' dir='ltr'><strong>fuisset.</strong></span> 
     </span>
    </p>
   </div>
   <div class='ocr_carea' id='block_1_46' title="bbox 541 2566 2109 2657">
    <p class='ocr_par' dir='ltr' id='par_1_46' title="bbox 541 2566 2109 2657">
     <span class='ocr_line' id='line_1_51' title="bbox 541 2566 2109 2657; baseline -0.01 -13"><span class='ocrx_word' id='word_1_297' title='bbox 541 2582 645 2645; x_wconf 86' lang='lat'><strong>67.</strong></span> <span class='ocrx_word' id='word_1_298' title='bbox 676 2579 1052 2657; x_wconf 78' lang='lat' dir='ltr'><strong>Priusquam</strong></span> <span class='ocrx_word' id='word_1_299' title='bbox 1083 2570 1448 2636; x_wconf 77' lang='lat' dir='ltr'><strong>humiliarer</strong></span> <span class='ocrx_word' id='word_1_300' title='bbox 1477 2585 1589 2647; x_wconf 84' lang='lat' dir='ltr'><strong>ego</strong></span> <span class='ocrx_word' id='word_1_301' title='bbox 1647 2566 1902 2647; x_wconf 85' lang='lat' dir='ltr'><strong>deligui.</strong></span> <span class='ocrx_word' id='word_1_302' title='bbox 1961 2566 2109 2629; x_wconf 90' lang='lat' dir='ltr'><strong>Tra-</strong></span> 
     </span>
    </p>
   </div>
   <div class='ocr_carea' id='block_1_47' title="bbox 463 2657 2107 2753">
    <p class='ocr_par' dir='ltr' id='par_1_47' title="bbox 463 2657 2107 2753">
     <span class='ocr_line' id='line_1_52' title="bbox 463 2657 2107 2753; baseline -0.013 -18"><span class='ocrx_word' id='word_1_303' title='bbox 463 2673 645 2753; x_wconf 87' lang='lat' dir='ltr'><strong>ditus,</strong></span> <span class='ocrx_word' id='word_1_304' title='bbox 704 2666 918 2750; x_wconf 83' lang='lat' dir='ltr'><strong>inquit,</strong></span> <span class='ocrx_word' id='word_1_305' title='bbox 952 2663 1028 2725; x_wconf 93' lang='lat' dir='ltr'><strong>ob</strong></span> <span class='ocrx_word' id='word_1_306' title='bbox 1087 2661 1336 2753; x_wconf 84' lang='lat' dir='ltr'><strong>pristina</strong></span> <span class='ocrx_word' id='word_1_307' title='bbox 1389 2665 1631 2753; x_wconf 64' lang='lat' dir='ltr'><strong>peccata</strong></span> <span class='ocrx_word' id='word_1_308' title='bbox 1686 2675 1843 2753; x_wconf 73' lang='lat' dir='ltr'><strong>mea,</strong></span> <span class='ocrx_word' id='word_1_309' title='bbox 1910 2657 2107 2718; x_wconf 86' lang='lat' dir='ltr'><strong>humi-</strong></span> 
     </span>
    </p>
   </div>
   <div class='ocr_carea' id='block_1_48' title="bbox 464 2746 2106 2831">
    <p class='ocr_par' dir='ltr' id='par_1_48' title="bbox 464 2746 2106 2831">
     <span class='ocr_line' id='line_1_53' title="bbox 464 2746 2106 2831; baseline -0.01 -6"><span class='ocrx_word' id='word_1_310' title='bbox 464 2746 643 2825; x_wconf 82' lang='lat' dir='ltr'><strong>liatus</strong></span> <span class='ocrx_word' id='word_1_311' title='bbox 701 2746 859 2831; x_wconf 74' lang='lat' dir='ltr'><strong>sum,</strong></span> <span class='ocrx_word' id='word_1_312' title='bbox 919 2756 1033 2816; x_wconf 89' lang='lat' dir='ltr'><strong>hoc</strong></span> <span class='ocrx_word' id='word_1_313' title='bbox 1086 2771 1157 2814; x_wconf 81' lang='lat' dir='ltr'><strong>ex</strong></span> <span class='ocrx_word' id='word_1_314' title='bbox 1203 2752 1364 2831; x_wconf 86' lang='lat' dir='ltr'><strong>justo</strong></span> <span class='ocrx_word' id='word_1_315' title='bbox 1416 2747 1523 2810; x_wconf 89' lang='lat' dir='ltr'><strong>Dei</strong></span> <span class='ocrx_word' id='word_1_316' title='bbox 1599 2746 1823 2824; x_wconf 85' lang='lat' dir='ltr'><strong>judicio</strong></span> <span class='ocrx_word' id='word_1_317' title='bbox 1875 2766 2106 2826; x_wconf 90' lang='lat' dir='ltr'><strong>passus.</strong></span> 
     </span>
    </p>
   </div>
   <div class='ocr_carea' id='block_1_49' title="bbox 462 2834 2109 2930">
    <p class='ocr_par' dir='ltr' id='par_1_49' title="bbox 462 2834 2109 2930">
     <span class='ocr_line' id='line_1_54' title="bbox 462 2834 2109 2930; baseline -0.012 -15"><span class='ocrx_word' id='word_1_318' title='bbox 462 2851 724 2930; x_wconf 87' lang='lat' dir='ltr'><strong>Ideoque</strong></span> <span class='ocrx_word' id='word_1_319' title='bbox 753 2841 1122 2924; x_wconf 79' lang='lat' dir='ltr'><strong>castigationi</strong></span> <span class='ocrx_word' id='word_1_320' title='bbox 1171 2834 1447 2930; x_wconf 80' lang='lat' dir='ltr'><strong>tr&#39;aditus,</strong></span> <span class='ocrx_word' id='word_1_321' title='bbox 1482 2855 1625 2930; x_wconf 66' lang='lat' dir='ltr'><strong>rogo</strong></span> <span class='ocrx_word' id='word_1_322' title='bbox 1687 2836 1832 2930; x_wconf 84' lang='lat' dir='ltr'><strong>mihi</strong></span> <span class='ocrx_word' id='word_1_323' title='bbox 1882 2836 2109 2930; x_wconf 82' lang='lat' dir='ltr'><strong>doctri-</strong></span> 
     </span>
    </p>
   </div>
   <div class='ocr_carea' id='block_1_50' title="bbox 466 2924 2108 3015">
    <p class='ocr_par' dir='ltr' id='par_1_50' title="bbox 466 2924 2108 3015">
     <span class='ocr_line' id='line_1_55' title="bbox 466 2924 2108 3015; baseline -0.012 -11"><span class='ocrx_word' id='word_1_324' title='bbox 466 2958 604 3003; x_wconf 89' lang='lat' dir='ltr'><strong>nam</strong></span> <span class='ocrx_word' id='word_1_325' title='bbox 631 2924 900 3015; x_wconf 77' lang='lat' dir='ltr'><strong>immitti,</strong></span> <span class='ocrx_word' id='word_1_326' title='bbox 935 2940 999 2995; x_wconf 91' lang='lat' dir='ltr'><strong>ut</strong></span> <span class='ocrx_word' id='word_1_327' title='bbox 1024 2946 1380 3012; x_wconf 80' lang='lat' dir='ltr'><strong>cognoscam</strong></span> <span class='ocrx_word' id='word_1_328' title='bbox 1416 2924 1893 3015; x_wconf 88' lang='lat' dir='ltr'><strong>humiliationem</strong></span> <span class='ocrx_word' id='word_1_329' title='bbox 1947 2925 2108 2986; x_wconf 85' lang='lat' dir='ltr'><strong>illam</strong></span> 
     </span>
    </p>
   </div>
   <div class='ocr_carea' id='block_1_51' title="bbox 465 3013 2109 3110">
    <p class='ocr_par' dir='ltr' id='par_1_51' title="bbox 465 3013 2109 3110">
     <span class='ocr_line' id='line_1_56' title="bbox 465 3013 2109 3110; baseline -0.009 -18"><span class='ocrx_word' id='word_1_330' title='bbox 465 3030 612 3092; x_wconf 89' lang='lat' dir='ltr'><strong>mibi</strong></span> <span class='ocrx_word' id='word_1_331' title='bbox 669 3044 777 3110; x_wconf 90' lang='lat' dir='ltr'><strong>per</strong></span> <span class='ocrx_word' id='word_1_332' title='bbox 832 3013 1157 3085; x_wconf 86' lang='lat' dir='ltr'><strong>bonitatem</strong></span> <span class='ocrx_word' id='word_1_333' title='bbox 1216 3026 1275 3080; x_wconf 93' lang='lat' dir='ltr'><strong>et</strong></span> <span class='ocrx_word' id='word_1_334' title='bbox 1334 3016 1407 3078; x_wconf 91' lang='lat' dir='ltr'><strong>ad</strong></span> <span class='ocrx_word' id='word_1_335' title='bbox 1463 3013 1914 3092; x_wconf 83' lang='lat' dir='ltr'><strong>castigationem</strong></span> <span class='ocrx_word' id='word_1_336' title='bbox 1968 3034 2109 3077; x_wconf 82' lang='lat' dir='ltr'><strong>eve-</strong></span> 
     </span>
    </p>
   </div>
   <div class='ocr_carea' id='block_1_52' title="bbox 466 3120 652 3183">
    <p class='ocr_par' dir='ltr' id='par_1_52' title="bbox 466 3120 652 3183">
     <span class='ocr_line' id='line_1_57' title="bbox 466 3120 652 3183; baseline -0.011 -2"><span class='ocrx_word' id='word_1_337' title='bbox 466 3120 652 3183; x_wconf 90' lang='lat' dir='ltr'><strong>nisse.</strong></span> 
     </span>
    </p>
   </div>
   <div class='ocr_carea' id='block_1_53' title="bbox 2191 1929 2703 1990">
    <p class='ocr_par' dir='ltr' id='par_1_53' title="bbox 2191 1929 2703 1990">
     <span class='ocr_line' id='line_1_58' title="bbox 2191 1929 2703 1990; baseline 0.006 -3"><span class='ocrx_word' id='word_1_338' title='bbox 2191 1934 2332 1987; x_wconf 83' lang='grc' dir='ltr'>εἶναι</span> <span class='ocrx_word' id='word_1_339' title='bbox 2365 1929 2703 1990; x_wconf 79' lang='grc' dir='ltr'>διδάσκαλον.</span> 
     </span>
    </p>
   </div>
   <div class='ocr_carea' id='block_1_54' title="bbox 2272 2015 3841 2099">
    <p class='ocr_par' dir='ltr' id='par_1_54' title="bbox 2272 2015 3841 2099">
     <span class='ocr_line' id='line_1_59' title="bbox 2272 2015 3841 2099; baseline -0.003 -23"><span class='ocrx_word' id='word_1_340' title='bbox 2272 2022 2623 2099; x_wconf 82' lang='grc' dir='ltr'>Χρηστότητα</span> <span class='ocrx_word' id='word_1_341' title='bbox 2707 2021 2965 2087; x_wconf 82' lang='grc' dir='ltr'>ἐποίησας</span> <span class='ocrx_word' id='word_1_342' title='bbox 3046 2020 3183 2095; x_wconf 83' lang='grc' dir='ltr'>μετὰ</span> <span class='ocrx_word' id='word_1_343' title='bbox 3270 2026 3362 2075; x_wconf 86' lang='grc' dir='ltr'><strong>τοῦ</strong></span> <span class='ocrx_word' id='word_1_344' title='bbox 3442 2015 3628 2075; x_wconf 78' lang='grc' dir='ltr'>δούλου</span> <span class='ocrx_word' id='word_1_345' title='bbox 3713 2038 3841 2091; x_wconf 77' lang='grc' dir='ltr'>σου,</span> 
     </span>
    </p>
   </div>
   <div class='ocr_carea' id='block_1_55' title="bbox 2196 2104 3846 2187">
    <p class='ocr_par' dir='ltr' id='par_1_55' title="bbox 2196 2104 3846 2187">
     <span class='ocr_line' id='line_1_60' title="bbox 2196 2104 3846 2187; baseline -0.003 -20"><span class='ocrx_word' id='word_1_346' title='bbox 2196 2110 2371 2187; x_wconf 81' lang='grc' dir='ltr'>Κύριε.</span> <span class='ocrx_word' id='word_1_347' title='bbox 2423 2107 2737 2166; x_wconf 82' lang='grc' dir='ltr'>Διδάσκεται</span> <span class='ocrx_word' id='word_1_348' title='bbox 2796 2113 2824 2166; x_wconf 81' lang='grc' dir='ltr'><strong>ὁ</strong></span> <span class='ocrx_word' id='word_1_349' title='bbox 2881 2111 2947 2167; x_wconf 81' lang='grc' dir='ltr'><strong>τὰ</strong></span> <span class='ocrx_word' id='word_1_350' title='bbox 3001 2114 3121 2175; x_wconf 67' lang='grc' dir='ltr'>θελα</span> <span class='ocrx_word' id='word_1_351' title='bbox 3207 2106 3363 2186; x_wconf 85' lang='grc' dir='ltr'>λόγια</span> <span class='ocrx_word' id='word_1_352' title='bbox 3416 2104 3846 2182; x_wconf 62' lang='grc' dir='ltr'>πεπαιδευμένος</span> 
     </span>
    </p>
   </div>
   <div class='ocr_carea' id='block_1_56' title="bbox 2194 2197 3852 2280">
    <p class='ocr_par' dir='ltr' id='par_1_56' title="bbox 2194 2197 3852 2280">
     <span class='ocr_line' id='line_1_61' title="bbox 2194 2197 3852 2280; baseline 0 -27"><span class='ocrx_word' id='word_1_353' title='bbox 2194 2200 2272 2274; x_wconf 73' lang='grc' dir='ltr'>μὴ</span> <span class='ocrx_word' id='word_1_354' title='bbox 2302 2199 2634 2269; x_wconf 76' lang='grc' dir='ltr'>ἀναισθήτως</span> <span class='ocrx_word' id='word_1_355' title='bbox 2688 2197 2835 2280; x_wconf 80' lang='grc' dir='ltr'>ἔχειν</span> <span class='ocrx_word' id='word_1_356' title='bbox 2892 2201 2986 2262; x_wconf 78' lang='grc' dir='ltr'><strong>τὰς</strong></span> <span class='ocrx_word' id='word_1_357' title='bbox 3044 2205 3136 2255; x_wconf 86' lang='grc' dir='ltr'><strong>τοῦ</strong></span> <span class='ocrx_word' id='word_1_358' title='bbox 3190 2204 3321 2253; x_wconf 88' lang='grc' dir='ltr'>Θεοῦ</span> <span class='ocrx_word' id='word_1_359' title='bbox 3379 2197 3698 2275; x_wconf 72' lang='grc' dir='ltr'>εὐεργεσίας.</span> <span class='ocrx_word' id='word_1_360' title='bbox 3768 2199 3852 2253; x_wconf 67' lang='grc' dir='ltr'>Οὐ</span> 
     </span>
    </p>
   </div>
   <div class='ocr_carea' id='block_1_57' title="bbox 2194 2287 3849 2366">
    <p class='ocr_par' dir='ltr' id='par_1_57' title="bbox 2194 2287 3849 2366">
     <span class='ocr_line' id='line_1_62' title="bbox 2194 2287 3849 2366; baseline -0.002 -23"><span class='ocrx_word' id='word_1_361' title='bbox 2194 2288 2294 2366; x_wconf 81' lang='grc' dir='ltr'>γὰρ</span> <span class='ocrx_word' id='word_1_362' title='bbox 2320 2287 2497 2352; x_wconf 74' lang='grc' dir='ltr'>ἄλλως</span> <span class='ocrx_word' id='word_1_363' title='bbox 2529 2287 2846 2357; x_wconf 75' lang='grc' dir='ltr'><strong>ἀπήλλακτο</strong></span> <span class='ocrx_word' id='word_1_364' title='bbox 2873 2290 2972 2364; x_wconf 80' lang='grc' dir='ltr'>μὲν</span> <span class='ocrx_word' id='word_1_365' title='bbox 2999 2288 3095 2355; x_wconf 75' lang='grc' dir='ltr'>τῆς</span> <span class='ocrx_word' id='word_1_366' title='bbox 3127 2287 3412 2365; x_wconf 75' lang='grc' dir='ltr'>ἁμαρτίας,</span> <span class='ocrx_word' id='word_1_367' title='bbox 3470 2287 3849 2363; x_wconf 81' lang='grc' dir='ltr'>κατηρίθμητο</span> 
     </span>
    </p>
   </div>
   <div class='ocr_carea' id='block_1_58' title="bbox 2193 2374 3843 2458">
    <p class='ocr_par' dir='ltr' id='par_1_58' title="bbox 2193 2374 3843 2458">
     <span class='ocr_line' id='line_1_63' title="bbox 2193 2374 3843 2458; baseline -0.001 -26"><span class='ocrx_word' id='word_1_368' title='bbox 2193 2375 2248 2433; x_wconf 82' lang='grc' dir='ltr'>δὲ</span> <span class='ocrx_word' id='word_1_369' title='bbox 2276 2378 2330 2433; x_wconf 80' lang='grc' dir='ltr'>ἐν</span> <span class='ocrx_word' id='word_1_370' title='bbox 2361 2376 2568 2441; x_wconf 88' lang='grc' dir='ltr'>δούλοις</span> <span class='ocrx_word' id='word_1_371' title='bbox 2631 2379 2840 2458; x_wconf 81' lang='grc' dir='ltr'>Κορίου,</span> <span class='ocrx_word' id='word_1_372' title='bbox 2877 2379 2921 2435; x_wconf 81' lang='grc' dir='ltr'>εἰ</span> <span class='ocrx_word' id='word_1_373' title='bbox 2980 2380 3058 2454; x_wconf 79' lang='grc' dir='ltr'>μὴ</span> <span class='ocrx_word' id='word_1_374' title='bbox 3114 2377 3225 2434; x_wconf 89' lang='grc' dir='ltr'>θεία</span> <span class='ocrx_word' id='word_1_375' title='bbox 3286 2399 3365 2441; x_wconf 91' lang='grc' dir='ltr'><strong>τις</strong></span> <span class='ocrx_word' id='word_1_376' title='bbox 3420 2376 3580 2455; x_wconf 82' lang='grc' dir='ltr'>χάρις</span> <span class='ocrx_word' id='word_1_377' title='bbox 3633 2374 3843 2432; x_wconf 84' lang='grc' dir='ltr'>τούτων</span> 
     </span>
    </p>
   </div>
   <div class='ocr_carea' id='block_1_59' title="bbox 2194 2468 2780 2546">
    <p class='ocr_par' dir='ltr' id='par_1_59' title="bbox 2194 2468 2780 2546">
     <span class='ocr_line' id='line_1_64' title="bbox 2194 2468 2780 2546; baseline -0.003 -23"><span class='ocrx_word' id='word_1_378' title='bbox 2194 2469 2337 2541; x_wconf 86' lang='grc' dir='ltr'><strong>αὸτῷ</strong></span> <span class='ocrx_word' id='word_1_379' title='bbox 2369 2469 2505 2523; x_wconf 81' lang='grc' dir='ltr'>αἰτία</span> <span class='ocrx_word' id='word_1_380' title='bbox 2537 2468 2780 2546; x_wconf 82' lang='grc' dir='ltr'>γέγονεν.</span> 
     </span>
    </p>
   </div>
   <div class='ocr_carea' id='block_1_60' title="bbox 2276 2553 3844 2635">
    <p class='ocr_par' dir='ltr' id='par_1_60' title="bbox 2276 2553 3844 2635">
     <span class='ocr_line' id='line_1_65' title="bbox 2276 2553 3844 2635; baseline -0.002 -24"><span class='ocrx_word' id='word_1_381' title='bbox 2276 2558 2383 2635; x_wconf 82' lang='grc' dir='ltr'><strong>Πρὸ</strong></span> <span class='ocrx_word' id='word_1_382' title='bbox 2427 2563 2522 2614; x_wconf 87' lang='grc' dir='ltr'><strong>τοῦ</strong></span> <span class='ocrx_word' id='word_1_383' title='bbox 2603 2579 2668 2632; x_wconf 86' lang='grc' dir='ltr'><strong>με</strong></span> <span class='ocrx_word' id='word_1_384' title='bbox 2750 2559 3144 2622; x_wconf 71' lang='grc' dir='ltr'><strong>ταπεινωθῆναι</strong></span> <span class='ocrx_word' id='word_1_385' title='bbox 3229 2555 3339 2632; x_wconf 83' lang='grc' dir='ltr'><strong>ἐγὼ</strong></span> <span class='ocrx_word' id='word_1_386' title='bbox 3417 2553 3844 2630; x_wconf 80' lang='grc' dir='ltr'>ἐπλημμέλησα.</span> 
     </span>
    </p>
   </div>
   <div class='ocr_carea' id='block_1_61' title="bbox 2198 2644 3845 2725">
    <p class='ocr_par' dir='ltr' id='par_1_61' title="bbox 2198 2644 3845 2725">
     <span class='ocr_line' id='line_1_66' title="bbox 2198 2644 3845 2725; baseline -0.001 -25"><span class='ocrx_word' id='word_1_387' title='bbox 2198 2647 2295 2701; x_wconf 83' lang='grc' dir='ltr'><strong>Διὰ</strong></span> <span class='ocrx_word' id='word_1_388' title='bbox 2338 2646 2432 2710; x_wconf 77' lang='grc' dir='ltr'>τὰς</span> <span class='ocrx_word' id='word_1_389' title='bbox 2466 2645 2724 2725; x_wconf 78' lang='grc' dir='ltr'><strong>προτέρας</strong></span> <span class='ocrx_word' id='word_1_390' title='bbox 2776 2668 2900 2722; x_wconf 88' lang='grc' dir='ltr'>μου,</span> <span class='ocrx_word' id='word_1_391' title='bbox 2962 2647 3119 2725; x_wconf 75' lang='grc' dir='ltr'>φησὶ,</span> <span class='ocrx_word' id='word_1_392' title='bbox 3187 2646 3518 2724; x_wconf 72' lang='grc' dir='ltr'>πραχθείσας</span> <span class='ocrx_word' id='word_1_393' title='bbox 3577 2644 3845 2722; x_wconf 80' lang='grc' dir='ltr'>ἁμαρτίας</span> 
     </span>
    </p>
   </div>
   <div class='ocr_carea' id='block_1_62' title="bbox 2197 2732 3847 2815">
    <p class='ocr_par' dir='ltr' id='par_1_62' title="bbox 2197 2732 3847 2815">
     <span class='ocr_line' id='line_1_67' title="bbox 2197 2732 3847 2815; baseline -0.002 -24"><span class='ocrx_word' id='word_1_394' title='bbox 2197 2733 2527 2815; x_wconf 84' lang='grc' dir='ltr'>παραδοθεὶς,</span> <span class='ocrx_word' id='word_1_395' title='bbox 2573 2734 2958 2810; x_wconf 79' lang='grc' dir='ltr'>ἐταπεινώθην,</span> <span class='ocrx_word' id='word_1_396' title='bbox 3021 2735 3186 2811; x_wconf 83' lang='grc' dir='ltr'>κρίσει</span> <span class='ocrx_word' id='word_1_397' title='bbox 3265 2732 3442 2807; x_wconf 85' lang='grc' dir='ltr'>δικαίᾷ</span> <span class='ocrx_word' id='word_1_398' title='bbox 3521 2743 3614 2791; x_wconf 92' lang='grc' dir='ltr'><strong>τοῦ</strong></span> <span class='ocrx_word' id='word_1_399' title='bbox 3706 2736 3847 2789; x_wconf 80' lang='grc' dir='ltr'>Θεοῦ</span> 
     </span>
    </p>
   </div>
   <div class='ocr_carea' id='block_1_63' title="bbox 2193 2821 3843 2904">
    <p class='ocr_par' dir='ltr' id='par_1_63' title="bbox 2193 2821 3843 2904">
     <span class='ocr_line' id='line_1_68' title="bbox 2193 2821 3843 2904; baseline 0 -25"><span class='ocrx_word' id='word_1_400' title='bbox 2193 2831 2352 2881; x_wconf 91' lang='grc' dir='ltr'>τοῦτο</span> <span class='ocrx_word' id='word_1_401' title='bbox 2385 2828 2590 2886; x_wconf 87' lang='grc' dir='ltr'>παθών,</span> <span class='ocrx_word' id='word_1_402' title='bbox 2628 2828 2702 2883; x_wconf 83' lang='grc' dir='ltr'><strong>Οῦ</strong></span> <span class='ocrx_word' id='word_1_403' title='bbox 2757 2823 2822 2892; x_wconf 79' lang='grc' dir='ltr'>δη</span> <span class='ocrx_word' id='word_1_404' title='bbox 2882 2824 3186 2904; x_wconf 84' lang='grc' dir='ltr'>καὶ,χάριν</span> <span class='ocrx_word' id='word_1_405' title='bbox 3242 2821 3451 2896; x_wconf 78' lang='grc' dir='ltr'>παιδεία</span> <span class='ocrx_word' id='word_1_406' title='bbox 3506 2821 3843 2903; x_wconf 78' lang='grc' dir='ltr'>παραδοθεὶς,</span> 
     </span>
    </p>
   </div>
   <div class='ocr_carea' id='block_1_64' title="bbox 2195 2911 3844 2993">
    <p class='ocr_par' dir='ltr' id='par_1_64' title="bbox 2195 2911 3844 2993">
     <span class='ocr_line' id='line_1_69' title="bbox 2195 2911 3844 2993; baseline -0.001 -24"><span class='ocrx_word' id='word_1_407' title='bbox 2195 2911 2379 2990; x_wconf 81' lang='grc' dir='ltr'>δέομαι</span> <span class='ocrx_word' id='word_1_408' title='bbox 2432 2912 2768 2980; x_wconf 79' lang='grc' dir='ltr'>διδασκαλίας</span> <span class='ocrx_word' id='word_1_409' title='bbox 2824 2916 2897 2977; x_wconf 84' lang='grc' dir='ltr'>ὡς</span> <span class='ocrx_word' id='word_1_410' title='bbox 2956 2914 3018 2969; x_wconf 76' lang='grc' dir='ltr'>ἂν</span> <span class='ocrx_word' id='word_1_411' title='bbox 3089 2919 3224 2993; x_wconf 82' lang='grc' dir='ltr'>γνῶ,</span> <span class='ocrx_word' id='word_1_412' title='bbox 3288 2913 3369 2968; x_wconf 80' lang='grc' dir='ltr'>ὅτι</span> <span class='ocrx_word' id='word_1_413' title='bbox 3429 2914 3463 2980; x_wconf 72' lang='grc' dir='ltr'>ἡ</span> <span class='ocrx_word' id='word_1_414' title='bbox 3522 2915 3844 2976; x_wconf 73' lang='grc' dir='ltr'><strong>ταπείνωσις</strong></span> 
     </span>
    </p>
   </div>
   <div class='ocr_carea' id='block_1_65' title="bbox 2195 3000 3847 3083">
    <p class='ocr_par' dir='ltr' id='par_1_65' title="bbox 2195 3000 3847 3083">
     <span class='ocr_line' id='line_1_70' title="bbox 2195 3000 3847 3083; baseline -0.002 -25"><span class='ocrx_word' id='word_1_415' title='bbox 2195 3011 2229 3079; x_wconf 61' lang='grc' dir='ltr'><strong>νς.</strong></span> <span class='ocrx_word' id='word_1_416' title='bbox 2314 3004 2576 3080; x_wconf 72' lang='grc' dir='ltr'>γενομένη</span> <span class='ocrx_word' id='word_1_417' title='bbox 2679 3027 2767 3075; x_wconf 84' lang='grc' dir='ltr'><strong>μοι</strong></span> <span class='ocrx_word' id='word_1_418' title='bbox 2830 3004 2967 3060; x_wconf 79' lang='grc' dir='ltr'>κατὰ</span> <span class='ocrx_word' id='word_1_419' title='bbox 3028 3002 3384 3083; x_wconf 83' lang='grc' dir='ltr'><strong>χρηστότητα</strong></span> <span class='ocrx_word' id='word_1_420' title='bbox 3444 3003 3531 3058; x_wconf 82' lang='grc' dir='ltr'>καὶ</span> <span class='ocrx_word' id='word_1_421' title='bbox 3600 3000 3847 3058; x_wconf 76' lang='grc' dir='ltr'>παιδείαν</span> 
     </span>
    </p>
   </div>
   <div class='ocr_carea' id='block_1_66' title="bbox 2194 3091 2425 3170">
    <p class='ocr_par' dir='ltr' id='par_1_66' title="bbox 2194 3091 2425 3170">
     <span class='ocr_line' id='line_1_71' title="bbox 2194 3091 2425 3170; baseline 0.009 -22"><span class='ocrx_word' id='word_1_422' title='bbox 2194 3091 2425 3170; x_wconf 72' lang='grc' dir='ltr'>ἐγένετο.</span> 
     </span>
    </p>
   </div>
   <div class='ocr_carea' id='block_1_67' title="bbox 551 3178 2110 3289">
    <p class='ocr_par' dir='ltr' id='par_1_67' title="bbox 551 3178 2110 3289">
     <span class='ocr_line' id='line_1_72' title="bbox 551 3178 2110 3289; baseline -0.012 -5"><span class='ocrx_word' id='word_1_423' title='bbox 682 3219 883 3282; x_wconf 80' lang='lat' dir='ltr'><strong>Bonus</strong></span> <span class='ocrx_word' id='word_1_424' title='bbox 933 3232 993 3275; x_wconf 88' lang='lat' dir='ltr'><strong>es</strong></span> <span class='ocrx_word' id='word_1_425' title='bbox 1023 3220 1111 3289; x_wconf 89' lang='lat' dir='ltr'><strong>tu,</strong></span> <span class='ocrx_word' id='word_1_426' title='bbox 1136 3209 1405 3274; x_wconf 84' lang='lat' dir='ltr'><strong>Domine.</strong></span> <span class='ocrx_word' id='word_1_427' title='bbox 1433 3206 1539 3279; x_wconf 87' lang='lat' dir='ltr'><strong>Qui</strong></span> <span class='ocrx_word' id='word_1_428' title='bbox 1558 3208 1756 3285; x_wconf 89' lang='lat' dir='ltr'><strong>justus</strong></span> <span class='ocrx_word' id='word_1_429' title='bbox 1786 3213 1876 3266; x_wconf 90' lang='lat' dir='ltr'><strong>est</strong></span> <span class='ocrx_word' id='word_1_430' title='bbox 1904 3205 1965 3266; x_wconf 92' lang='lat' dir='ltr'><strong>in</strong></span> <span class='ocrx_word' id='word_1_431' title='bbox 1991 3225 2110 3269; x_wconf 90' lang='lat' dir='ltr'><strong>om-</strong></span> 
     </span>
    </p>
   </div>
   <div class='ocr_carea' id='block_1_68' title="bbox 2215 3178 3855 3289">
    <p class='ocr_par' dir='ltr' id='par_1_68' title="bbox 2215 3178 3855 3289">
     <span class='ocr_line' id='line_1_73' title="bbox 2283 3178 3855 3264; baseline -0.002 -27"><span class='ocrx_word' id='word_1_432' title='bbox 2283 3182 2528 3261; x_wconf 81' lang='grc' dir='ltr'>Χρηστὸς</span> <span class='ocrx_word' id='word_1_433' title='bbox 2588 3185 2642 3237; x_wconf 83' lang='grc' dir='ltr'>εἴ</span> <span class='ocrx_word' id='word_1_434' title='bbox 2701 3183 2788 3264; x_wconf 81' lang='grc' dir='ltr'><strong>σὺ,</strong></span> <span class='ocrx_word' id='word_1_435' title='bbox 2853 3182 3035 3260; x_wconf 79' lang='grc' dir='ltr'>Κύριε.</span> <span class='ocrx_word' id='word_1_436' title='bbox 3085 3179 3145 3240; x_wconf 83' lang='grc' dir='ltr'>Ὀ</span> <span class='ocrx_word' id='word_1_437' title='bbox 3178 3180 3377 3244; x_wconf 88' lang='grc' dir='ltr'>δίκαιος</span> <span class='ocrx_word' id='word_1_438' title='bbox 3403 3178 3489 3237; x_wconf 79' lang='grc' dir='ltr'><strong>ἐπὶ</strong></span> <span class='ocrx_word' id='word_1_439' title='bbox 3521 3185 3679 3255; x_wconf 82' lang='grc' dir='ltr'>πᾶσι,</span> <span class='ocrx_word' id='word_1_440' title='bbox 3752 3180 3855 3235; x_wconf 69' lang='grc' dir='ltr'>κᾶν</span> 
     </span>
     <span class='ocr_line' id='line_1_74' title="bbox 2215 3268 3808 3289; baseline -0.001 0"><span class='ocrx_word' id='word_1_441' title='bbox 2215 3275 2229 3289; x_wconf 67' lang='grc' dir='ltr'><strong>ρ</strong></span> <span class='ocrx_word' id='word_1_442' title='bbox 2405 3273 2416 3287; x_wconf 77' lang='grc'><strong>.</strong></span> <span class='ocrx_word' id='word_1_443' title='bbox 2528 3273 2538 3285; x_wconf 75' lang='grc' dir='ltr'>ι</span> <span class='ocrx_word' id='word_1_444' title='bbox 2725 3268 2755 3289; x_wconf 75' lang='grc' dir='ltr'><strong><em>ρ</em></strong></span> <span class='ocrx_word' id='word_1_445' title='bbox 2798 3271 2810 3289; x_wconf 77' lang='lat'><strong>.</strong></span> <span class='ocrx_word' id='word_1_446' title='bbox 3056 3270 3111 3289; x_wconf 59' lang='grc' dir='ltr'>κ.</span> <span class='ocrx_word' id='word_1_447' title='bbox 3310 3277 3329 3287; x_wconf 82' lang='lat'><strong>-</strong></span> <span class='ocrx_word' id='word_1_448' title='bbox 3401 3277 3433 3289; x_wconf 66' lang='grc' dir='ltr'>η</span> <span class='ocrx_word' id='word_1_449' title='bbox 3478 3277 3503 3285; x_wconf 79' lang='lat'><strong>..</strong></span> <span class='ocrx_word' id='word_1_450' title='bbox 3600 3277 3633 3289; x_wconf 83' lang='grc'>.,</span> <span class='ocrx_word' id='word_1_451' title='bbox 3794 3272 3808 3286; x_wconf 66' lang='grc' dir='ltr'><strong>ς</strong></span> 
     </span>
    </p>
   </div>
   <div class='ocr_carea' id='block_1_69' title="bbox 475 3293 2116 3390">
    <p class='ocr_par' dir='ltr' id='par_1_69' title="bbox 475 3293 2116 3390">
     <span class='ocr_line' id='line_1_75' title="bbox 475 3293 2116 3390; baseline -0.01 -16"><span class='ocrx_word' id='word_1_452' title='bbox 475 3303 1061 3390; x_wconf 84' lang='lat' dir='ltr'><strong>nibus,quantumvis</strong></span> <span class='ocrx_word' id='word_1_453' title='bbox 1086 3299 1335 3390; x_wconf 84' lang='lat' dir='ltr'><strong>molesta</strong></span> <span class='ocrx_word' id='word_1_454' title='bbox 1356 3299 1476 3390; x_wconf 79' lang='lat' dir='ltr'><strong>sint</strong></span> <span class='ocrx_word' id='word_1_455' title='bbox 1496 3314 1633 3390; x_wconf 47' lang='lat' dir='ltr'><strong>quae</strong></span> <span class='ocrx_word' id='word_1_456' title='bbox 1654 3293 1981 3390; x_wconf 54' lang='grc' dir='ltr'><strong>ειειιξςιιιηῐζ</strong></span> <span class='ocrx_word' id='word_1_457' title='bbox 1976 3295 2116 3390; x_wconf 80' lang='lat' dir='ltr'><strong>dicit</strong></span> 
     </span>
    </p>
   </div>
   <div class='ocr_carea' id='block_1_70' title="bbox 470 3381 2116 3460">
    <p class='ocr_par' dir='ltr' id='par_1_70' title="bbox 470 3381 2116 3460">
     <span class='ocr_line' id='line_1_76' title="bbox 470 3381 2116 3460; baseline -0.013 0"><span class='ocrx_word' id='word_1_458' title='bbox 470 3400 589 3460; x_wconf 88' lang='lat' dir='ltr'><strong>Deo</strong></span> <span class='ocrx_word' id='word_1_459' title='bbox 616 3416 628 3457; x_wconf 95' lang='lat'>:</span> <span class='ocrx_word' id='word_1_460' title='bbox 655 3381 836 3452; x_wconf 67' lang='lat' dir='ltr'><strong>Bonus</strong></span> <span class='ocrx_word' id='word_1_461' title='bbox 864 3410 918 3452; x_wconf 87' lang='lat' dir='ltr'><strong>es</strong></span> <span class='ocrx_word' id='word_1_462' title='bbox 948 3401 1021 3448; x_wconf 87' lang='lat' dir='ltr'><strong>tu.</strong></span> <span class='ocrx_word' id='word_1_463' title='bbox 1055 3388 1254 3449; x_wconf 87' lang='lat' dir='ltr'><strong>Simile</strong></span> <span class='ocrx_word' id='word_1_464' title='bbox 1277 3396 1361 3445; x_wconf 83' lang='lat' dir='ltr'><strong>est</strong></span> <span class='ocrx_word' id='word_1_465' title='bbox 1391 3385 1562 3442; x_wconf 89' lang='lat' dir='ltr'><strong>illud:</strong></span> <span class='ocrx_word' id='word_1_466' title='bbox 1589 3381 1913 3440; x_wconf 81' lang='lat' dir='ltr'><strong>Benedicam</strong></span> <span class='ocrx_word' id='word_1_467' title='bbox 1939 3384 2116 3440; x_wconf 84' lang='lat' dir='ltr'><strong>Domi-</strong></span> 
     </span>
    </p>
   </div>
   <div class='ocr_carea' id='block_1_71' title="bbox 469 3468 2116 3551">
    <p class='ocr_par' dir='ltr' id='par_1_71' title="bbox 469 3468 2116 3551">
     <span class='ocr_line' id='line_1_77' title="bbox 469 3468 2116 3551; baseline -0.013 -7"><span class='ocrx_word' id='word_1_468' title='bbox 469 3502 602 3544; x_wconf 77' lang='lat' dir='ltr'><strong>num</strong></span> <span class='ocrx_word' id='word_1_469' title='bbox 624 3484 681 3539; x_wconf 75' lang='lat' dir='ltr'><strong>in</strong></span> <span class='ocrx_word' id='word_1_470' title='bbox 701 3481 847 3537; x_wconf 81' lang='lat' dir='ltr'><strong>omni</strong></span> <span class='ocrx_word' id='word_1_471' title='bbox 869 3489 1099 3551; x_wconf 83' lang='lat' dir='ltr'><strong>tempore</strong></span> <span class='ocrx_word' id='word_1_472' title='bbox 1116 3474 1191 3530; x_wconf 74' lang='lat'><strong>56.</strong></span> <span class='ocrx_word' id='word_1_473' title='bbox 1224 3506 1293 3516; x_wconf 89' lang='lat'><strong>—</strong></span> <span class='ocrx_word' id='word_1_474' title='bbox 1320 3470 1391 3530; x_wconf 84' lang='lat' dir='ltr'><strong>Et</strong></span> <span class='ocrx_word' id='word_1_475' title='bbox 1419 3471 1479 3527; x_wconf 79' lang='lat' dir='ltr'><strong>in</strong></span> <span class='ocrx_word' id='word_1_476' title='bbox 1507 3470 1743 3527; x_wconf 76' lang='lat' dir='ltr'><strong>bonitate</strong></span> <span class='ocrx_word' id='word_1_477' title='bbox 1769 3477 1859 3525; x_wconf 86' lang='lat' dir='ltr'><strong>tua</strong></span> <span class='ocrx_word' id='word_1_478' title='bbox 1883 3468 2004 3523; x_wconf 83' lang='lat' dir='ltr'><strong>doce</strong></span> <span class='ocrx_word' id='word_1_479' title='bbox 2033 3486 2116 3527; x_wconf 86' lang='lat' dir='ltr'><strong>me</strong></span> 
     </span>
    </p>
   </div>
   <div class='ocr_carea' id='block_1_72' title="bbox 466 3552 2108 3649">
    <p class='ocr_par' dir='ltr' id='par_1_72' title="bbox 466 3552 2108 3649">
     <span class='ocr_line' id='line_1_78' title="bbox 466 3552 2108 3649; baseline -0.015 -11"><span class='ocrx_word' id='word_1_480' title='bbox 466 3569 930 3649; x_wconf 79' lang='lat' dir='ltr'><strong>iustiﬁcationes</strong></span> <span class='ocrx_word' id='word_1_481' title='bbox 950 3562 1191 3625; x_wconf 83' lang='lat' dir='ltr'><strong>tuas.Et</strong></span> <span class='ocrx_word' id='word_1_482' title='bbox 1209 3567 1375 3649; x_wconf 83' lang='lat' dir='ltr'><strong>rogat</strong></span> <span class='ocrx_word' id='word_1_483' title='bbox 1395 3576 1427 3619; x_wconf 90' lang='lat' dir='ltr'><strong>a</strong></span> <span class='ocrx_word' id='word_1_484' title='bbox 1446 3556 1707 3649; x_wconf 62' lang='lat' dir='ltr'><strong>bonitate</strong></span> <span class='ocrx_word' id='word_1_485' title='bbox 1728 3552 1830 3649; x_wconf 82' lang='lat' dir='ltr'><strong>Dei</strong></span> <span class='ocrx_word' id='word_1_486' title='bbox 1846 3553 2108 3649; x_wconf 85' lang='lat' dir='ltr'><strong>edoceri,</strong></span> 
     </span>
    </p>
   </div>
   <div class='ocr_carea' id='block_1_73' title="bbox 466 3643 2111 3744">
    <p class='ocr_par' dir='ltr' id='par_1_73' title="bbox 466 3643 2111 3744">
     <span class='ocr_line' id='line_1_79' title="bbox 466 3643 2111 3744; baseline -0.012 -21"><span class='ocrx_word' id='word_1_487' title='bbox 466 3643 802 3744; x_wconf 38' lang='lat' dir='ltr'><strong>quia-bonae</strong></span> <span class='ocrx_word' id='word_1_488' title='bbox 833 3660 970 3715; x_wconf 86' lang='lat' dir='ltr'><strong>sunt</strong></span> <span class='ocrx_word' id='word_1_489' title='bbox 1018 3644 1644 3744; x_wconf 75' lang='lat' dir='ltr'><strong>justiﬁcationes__l)ei,</strong></span> <span class='ocrx_word' id='word_1_490' title='bbox 1681 3643 1753 3744; x_wconf 83' lang='lat' dir='ltr'><strong>ad</strong></span> <span class='ocrx_word' id='word_1_491' title='bbox 1818 3643 2111 3744; x_wconf 64' lang='lat' dir='ltr'><strong>cujusque</strong></span> 
     </span>
    </p>
   </div>
   <div class='ocr_carea' id='block_1_74' title="bbox 466 3731 2104 3817">
    <p class='ocr_par' dir='ltr' id='par_1_74' title="bbox 466 3731 2104 3817">
     <span class='ocr_line' id='line_1_80' title="bbox 466 3731 2104 3817; baseline -0.012 -4"><span class='ocrx_word' id='word_1_492' title='bbox 466 3731 742 3812; x_wconf 80' lang='lat' dir='ltr'><strong>meritum</strong></span> <span class='ocrx_word' id='word_1_493' title='bbox 775 3740 1233 3805; x_wconf 60' lang='lat' dir='ltr'><strong>accommodata;</strong></span> <span class='ocrx_word' id='word_1_494' title='bbox 1260 3755 1273 3800; x_wconf 89' lang='lat'><strong>:</strong></span> <span class='ocrx_word' id='word_1_495' title='bbox 1302 3737 1376 3798; x_wconf 91' lang='lat' dir='ltr'><strong>de</strong></span> <span class='ocrx_word' id='word_1_496' title='bbox 1407 3735 1622 3817; x_wconf 89' lang='lat' dir='ltr'><strong>quibus</strong></span> <span class='ocrx_word' id='word_1_497' title='bbox 1652 3740 1787 3814; x_wconf 89' lang='lat' dir='ltr'><strong>apte</strong></span> <span class='ocrx_word' id='word_1_498' title='bbox 1836 3731 2065 3795; x_wconf 88' lang='lat' dir='ltr'><strong>dicatur</strong></span> <span class='ocrx_word' id='word_1_499' title='bbox 2091 3753 2104 3793; x_wconf 90' lang='lat'><strong>:</strong></span> 
     </span>
    </p>
   </div>
   <div class='ocr_carea' id='block_1_75' title="bbox 465 3821 1787 3918">
    <p class='ocr_par' dir='ltr' id='par_1_75' title="bbox 465 3821 1787 3918">
     <span class='ocr_line' id='line_1_81' title="bbox 465 3821 1787 3918; baseline -0.014 -17"><span class='ocrx_word' id='word_1_500' title='bbox 465 3839 546 3901; x_wconf 83' lang='lat' dir='ltr'><strong>Et</strong></span> <span class='ocrx_word' id='word_1_501' title='bbox 564 3835 899 3918; x_wconf 77' lang='lat' dir='ltr'><strong>justiﬁeata</strong></span> <span class='ocrx_word' id='word_1_502' title='bbox 927 3838 1070 3893; x_wconf 80' lang='lat' dir='ltr'><strong>sunt</strong></span> <span class='ocrx_word' id='word_1_503' title='bbox 1096 3828 1334 3907; x_wconf 78' lang='lat' dir='ltr'><strong>iudicia</strong></span> <span class='ocrx_word' id='word_1_504' title='bbox 1365 3835 1491 3900; x_wconf 88' lang='lat' dir='ltr'><strong>tua,</strong></span> <span class='ocrx_word' id='word_1_505' title='bbox 1528 3826 1684 3886; x_wconf 84' lang='lat' dir='ltr'><strong>Deus</strong></span> <span class='ocrx_word' id='word_1_506' title='bbox 1712 3821 1787 3885; x_wconf 76' lang='grc'><strong>⁵⁷.</strong></span> 
     </span>
    </p>
   </div>
   <div class='ocr_carea' id='block_1_76' title="bbox 535 3922 2120 4000">
    <p class='ocr_par' dir='ltr' id='par_1_76' title="bbox 535 3922 2120 4000">
     <span class='ocr_line' id='line_1_82' title="bbox 535 3922 2120 4000; baseline -0.009 -10"><span class='ocrx_word' id='word_1_507' title='bbox 535 3935 623 4000; x_wconf 83' lang='grc'><strong>69,</strong></span> <span class='ocrx_word' id='word_1_508' title='bbox 659 3935 746 3989; x_wconf 86' lang='lat'><strong>70.</strong></span> <span class='ocrx_word' id='word_1_509' title='bbox 784 3929 1151 4000; x_wconf 74' lang='lat' dir='ltr'><strong>Muittplicata</strong></span> <span class='ocrx_word' id='word_1_510' title='bbox 1179 3931 1258 3983; x_wconf 75' lang='lat' dir='ltr'><strong>est</strong></span> <span class='ocrx_word' id='word_1_511' title='bbox 1287 3940 1453 3996; x_wconf 71' lang='lat' dir='ltr'><strong>super</strong></span> <span class='ocrx_word' id='word_1_512' title='bbox 1499 3941 1575 3977; x_wconf 86' lang='lat' dir='ltr'><strong>me</strong></span> <span class='ocrx_word' id='word_1_513' title='bbox 1609 3922 1869 3996; x_wconf 77' lang='lat' dir='ltr'><strong>iniquitas</strong></span> <span class='ocrx_word' id='word_1_514' title='bbox 1924 3936 2120 3993; x_wconf 74' lang='lat' dir='ltr'><strong>super-</strong></span> 
     </span>
    </p>
   </div>
   <div class='ocr_carea' id='block_1_77' title="bbox 466 4008 2118 4093">
    <p class='ocr_par' dir='ltr' id='par_1_77' title="bbox 466 4008 2118 4093">
     <span class='ocr_line' id='line_1_83' title="bbox 466 4008 2118 4093; baseline -0.008 -11"><span class='ocrx_word' id='word_1_515' title='bbox 466 4022 700 4082; x_wconf 79' lang='lat' dir='ltr'><strong>borum.</strong></span> <span class='ocrx_word' id='word_1_516' title='bbox 726 4015 807 4077; x_wconf 91' lang='lat' dir='ltr'><strong>Eo</strong></span> <span class='ocrx_word' id='word_1_517' title='bbox 838 4031 1053 4093; x_wconf 89' lang='lat' dir='ltr'><strong>usque,</strong></span> <span class='ocrx_word' id='word_1_518' title='bbox 1084 4010 1189 4085; x_wconf 84' lang='lat' dir='ltr'><strong>ait,</strong></span> <span class='ocrx_word' id='word_1_519' title='bbox 1221 4008 1529 4088; x_wconf 70' lang='lat' dir='ltr'><strong>superbia:</strong></span> <span class='ocrx_word' id='word_1_520' title='bbox 1572 4015 2020 4086; x_wconf 83' lang='lat' dir='ltr'><strong>processerunt,</strong></span> <span class='ocrx_word' id='word_1_521' title='bbox 2052 4013 2118 4069; x_wconf 89' lang='lat' dir='ltr'><strong>ut</strong></span> 
     </span>
    </p>
   </div>
   <div class='ocr_carea' id='block_1_78' title="bbox 464 4095 2117 4180">
    <p class='ocr_par' dir='ltr' id='par_1_78' title="bbox 464 4095 2117 4180">
     <span class='ocr_line' id='line_1_84' title="bbox 464 4095 2117 4180; baseline -0.009 -8"><span class='ocrx_word' id='word_1_522' title='bbox 464 4107 629 4172; x_wconf 90' lang='lat' dir='ltr'><strong>cordi</strong></span> <span class='ocrx_word' id='word_1_523' title='bbox 667 4121 873 4166; x_wconf 90' lang='lat' dir='ltr'><strong>eorum</strong></span> <span class='ocrx_word' id='word_1_524' title='bbox 908 4100 964 4160; x_wconf 92' lang='lat' dir='ltr'><strong>id</strong></span> <span class='ocrx_word' id='word_1_525' title='bbox 988 4099 1143 4180; x_wconf 81' lang='lat' dir='ltr'><strong>quod</strong></span> <span class='ocrx_word' id='word_1_526' title='bbox 1168 4098 1437 4179; x_wconf 82' lang='lat' dir='ltr'><strong>sequitur</strong></span> <span class='ocrx_word' id='word_1_527' title='bbox 1465 4096 1779 4159; x_wconf 87' lang='lat' dir='ltr'><strong>acciderit.</strong></span> <span class='ocrx_word' id='word_1_528' title='bbox 1815 4095 2117 4176; x_wconf 83' lang='lat' dir='ltr'><strong>Coagula-</strong></span> 
     </span>
    </p>
   </div>
   <div class='ocr_carea' id='block_1_79' title="bbox 466 4183 2116 4262">
    <p class='ocr_par' dir='ltr' id='par_1_79' title="bbox 466 4183 2116 4262">
     <span class='ocr_line' id='line_1_85' title="bbox 466 4183 2116 4262; baseline -0.011 0"><span class='ocrx_word' id='word_1_529' title='bbox 466 4206 593 4262; x_wconf 88' lang='lat' dir='ltr'><strong>tum</strong></span> <span class='ocrx_word' id='word_1_530' title='bbox 625 4204 711 4257; x_wconf 83' lang='lat' dir='ltr'><strong>est</strong></span> <span class='ocrx_word' id='word_1_531' title='bbox 743 4195 894 4255; x_wconf 78' lang='lat' dir='ltr'><strong>sicut</strong></span> <span class='ocrx_word' id='word_1_532' title='bbox 928 4192 1022 4251; x_wconf 73' lang='lat' dir='ltr'><strong>(ac</strong></span> <span class='ocrx_word' id='word_1_533' title='bbox 1050 4208 1149 4248; x_wconf 87' lang='lat' dir='ltr'><strong>cor</strong></span> <span class='ocrx_word' id='word_1_534' title='bbox 1182 4203 1413 4249; x_wconf 83' lang='lat' dir='ltr'><strong>eorum.</strong></span> <span class='ocrx_word' id='word_1_535' title='bbox 1457 4183 1912 4246; x_wconf 89' lang='lat' dir='ltr'><strong>Tentationibus</strong></span> <span class='ocrx_word' id='word_1_536' title='bbox 1945 4184 2116 4246; x_wconf 85' lang='lat' dir='ltr'><strong>malis</strong></span> 
     </span>
    </p>
   </div>
   <div class='ocr_carea' id='block_1_80' title="bbox 465 4272 2110 4367">
    <p class='ocr_par' dir='ltr' id='par_1_80' title="bbox 465 4272 2110 4367">
     <span class='ocr_line' id='line_1_86' title="bbox 465 4272 2110 4367; baseline -0.007 -22"><span class='ocrx_word' id='word_1_537' title='bbox 465 4285 862 4367; x_wconf 75' lang='lat' dir='ltr'><strong>gravibusque</strong></span> <span class='ocrx_word' id='word_1_538' title='bbox 900 4274 1400 4357; x_wconf 89' lang='lat' dir='ltr'><strong>traderis,quibus</strong></span> <span class='ocrx_word' id='word_1_539' title='bbox 1431 4274 1492 4335; x_wconf 93' lang='lat' dir='ltr'><strong>in</strong></span> <span class='ocrx_word' id='word_1_540' title='bbox 1524 4274 1638 4367; x_wconf 82' lang='lat' dir='ltr'><strong>vita</strong></span> <span class='ocrx_word' id='word_1_541' title='bbox 1672 4272 2110 4367; x_wconf 81' lang='lat' dir='ltr'><strong>humiliaberis.</strong></span> 
     </span>
    </p>
   </div>
   <div class='ocr_carea' id='block_1_81' title="bbox 465 4363 2113 4443">
    <p class='ocr_par' dir='ltr' id='par_1_81' title="bbox 465 4363 2113 4443">
     <span class='ocr_line' id='line_1_87' title="bbox 465 4363 2113 4443; baseline -0.009 -5"><span class='ocrx_word' id='word_1_542' title='bbox 465 4363 537 4438; x_wconf 77' lang='lat' dir='ltr'><strong>Et</strong></span> <span class='ocrx_word' id='word_1_543' title='bbox 565 4372 868 4436; x_wconf 89' lang='lat' dir='ltr'><strong>docebunt</strong></span> <span class='ocrx_word' id='word_1_544' title='bbox 909 4379 963 4430; x_wconf 90' lang='lat' dir='ltr'><strong>te</strong></span> <span class='ocrx_word' id='word_1_545' title='bbox 994 4385 1212 4443; x_wconf 72' lang='lat' dir='ltr'><strong>corpus</strong></span> <span class='ocrx_word' id='word_1_546' title='bbox 1266 4372 1430 4425; x_wconf 91' lang='lat' dir='ltr'><strong>tuum</strong></span> <span class='ocrx_word' id='word_1_547' title='bbox 1474 4363 1764 4442; x_wconf 78' lang='lat' dir='ltr'><strong>castigare</strong></span> <span class='ocrx_word' id='word_1_548' title='bbox 1796 4371 1853 4424; x_wconf 89' lang='lat' dir='ltr'><strong>et</strong></span> <span class='ocrx_word' id='word_1_549' title='bbox 1888 4364 1945 4422; x_wconf 91' lang='lat' dir='ltr'><strong>in</strong></span> <span class='ocrx_word' id='word_1_550' title='bbox 1978 4381 2113 4424; x_wconf 92' lang='lat' dir='ltr'><strong>ser-</strong></span> 
     </span>
    </p>
   </div>
   <div class='ocr_carea' id='block_1_82' title="bbox 465 4451 2117 4539">
    <p class='ocr_par' dir='ltr' id='par_1_82' title="bbox 465 4451 2117 4539">
     <span class='ocr_line' id='line_1_88' title="bbox 465 4451 2117 4539; baseline -0.008 -12"><span class='ocrx_word' id='word_1_551' title='bbox 465 4467 711 4528; x_wconf 87' lang='lat' dir='ltr'><strong>vitutem</strong></span> <span class='ocrx_word' id='word_1_552' title='bbox 746 4460 1046 4539; x_wconf 74' lang='lat' dir='ltr'><strong>redigere,</strong></span> <span class='ocrx_word' id='word_1_553' title='bbox 1080 4474 1192 4518; x_wconf 91' lang='lat' dir='ltr'><strong>nec</strong></span> <span class='ocrx_word' id='word_1_554' title='bbox 1225 4454 1505 4516; x_wconf 80' lang='lat' dir='ltr'><strong>incedere</strong></span> <span class='ocrx_word' id='word_1_555' title='bbox 1536 4452 1597 4513; x_wconf 90' lang='lat' dir='ltr'><strong>in</strong></span> <span class='ocrx_word' id='word_1_556' title='bbox 1630 4452 1743 4513; x_wconf 86' lang='lat' dir='ltr'><strong>lata</strong></span> <span class='ocrx_word' id='word_1_557' title='bbox 1775 4462 1831 4513; x_wconf 89' lang='lat' dir='ltr'><strong>et</strong></span> <span class='ocrx_word' id='word_1_558' title='bbox 1858 4451 2117 4530; x_wconf 89' lang='lat' dir='ltr'><strong>spatiosa</strong></span> 
     </span>
    </p>
   </div>
   <div class='ocr_carea' id='block_1_83' title="bbox 2199 3268 3853 3349">
    <p class='ocr_par' dir='ltr' id='par_1_83' title="bbox 2199 3268 3853 3349">
     <span class='ocr_line' id='line_1_89' title="bbox 2199 3268 3853 3349; baseline -0.002 -21"><span class='ocrx_word' id='word_1_559' title='bbox 2199 3274 2235 3348; x_wconf 76' lang='grc' dir='ltr'><strong>ᾗ</strong></span> <span class='ocrx_word' id='word_1_560' title='bbox 2267 3273 2430 3349; x_wconf 79' lang='grc' dir='ltr'>πικρὰ</span> <span class='ocrx_word' id='word_1_561' title='bbox 2490 3273 2554 3330; x_wconf 76' lang='grc' dir='ltr'>τὰ</span> <span class='ocrx_word' id='word_1_562' title='bbox 2614 3268 2993 3347; x_wconf 81' lang='grc' dir='ltr'>συμϐαίνοντα,</span> <span class='ocrx_word' id='word_1_563' title='bbox 3056 3270 3202 3349; x_wconf 80' lang='grc' dir='ltr'>λέγει</span> <span class='ocrx_word' id='word_1_564' title='bbox 3261 3277 3339 3344; x_wconf 81' lang='grc' dir='ltr'>τῷ</span> <span class='ocrx_word' id='word_1_565' title='bbox 3398 3277 3535 3343; x_wconf 67' lang='lat' dir='ltr'><strong>Scip“</strong></span> <span class='ocrx_word' id='word_1_566' title='bbox 3597 3272 3853 3349; x_wconf 78' lang='grc' dir='ltr'>Χρηστὸς</span> 
     </span>
    </p>
   </div>
   <div class='ocr_carea' id='block_1_84' title="bbox 2199 3359 3848 3439">
    <p class='ocr_par' dir='ltr' id='par_1_84' title="bbox 2199 3359 3848 3439">
     <span class='ocr_line' id='line_1_90' title="bbox 2199 3359 3848 3439; baseline -0.001 -22"><span class='ocrx_word' id='word_1_567' title='bbox 2199 3362 2254 3417; x_wconf 72' lang='grc' dir='ltr'>εἴ</span> <span class='ocrx_word' id='word_1_568' title='bbox 2317 3362 2401 3420; x_wconf 88' lang='grc' dir='ltr'><strong>σύ.</strong></span> <span class='ocrx_word' id='word_1_569' title='bbox 2455 3370 2703 3419; x_wconf 82' lang='grc' dir='ltr'>Τοιοῦτον</span> <span class='ocrx_word' id='word_1_570' title='bbox 2761 3363 2850 3417; x_wconf 86' lang='grc' dir='ltr'>καὶ</span> <span class='ocrx_word' id='word_1_571' title='bbox 2907 3362 2989 3416; x_wconf 74' lang='grc' dir='ltr'><strong>τό·</strong></span> <span class='ocrx_word' id='word_1_572' title='bbox 3041 3363 3335 3439; x_wconf 74' lang='grc' dir='ltr'>Εὖλογήσω</span> <span class='ocrx_word' id='word_1_573' title='bbox 3391 3361 3483 3415; x_wconf 80' lang='grc' dir='ltr'>τὸν</span> <span class='ocrx_word' id='word_1_574' title='bbox 3544 3359 3729 3436; x_wconf 85' lang='grc' dir='ltr'>Κύριον</span> <span class='ocrx_word' id='word_1_575' title='bbox 3792 3359 3848 3415; x_wconf 77' lang='grc' dir='ltr'><strong>ἐν</strong></span> 
     </span>
    </p>
   </div>
   <div class='ocr_carea' id='block_1_85' title="bbox 2197 3447 3846 3531">
    <p class='ocr_par' dir='ltr' id='par_1_85' title="bbox 2197 3447 3846 3531">
     <span class='ocr_line' id='line_1_91' title="bbox 2197 3447 3846 3531; baseline -0.002 -23"><span class='ocrx_word' id='word_1_576' title='bbox 2197 3454 2353 3509; x_wconf 86' lang='grc' dir='ltr'>παντὶ</span> <span class='ocrx_word' id='word_1_577' title='bbox 2432 3453 2622 3531; x_wconf 84' lang='grc' dir='ltr'>καιρῷ.</span> <span class='ocrx_word' id='word_1_578' title='bbox 2729 3452 2828 3509; x_wconf 79' lang='grc' dir='ltr'><strong>Καὶ</strong></span> <span class='ocrx_word' id='word_1_579' title='bbox 2907 3450 2962 3507; x_wconf 70' lang='grc' dir='ltr'>ἐν</span> <span class='ocrx_word' id='word_1_580' title='bbox 3021 3457 3089 3527; x_wconf 72' lang='grc' dir='ltr'>τῇ</span> <span class='ocrx_word' id='word_1_581' title='bbox 3152 3451 3487 3530; x_wconf 75' lang='grc' dir='ltr'>χρηστὸτητί</span> <span class='ocrx_word' id='word_1_582' title='bbox 3542 3472 3636 3508; x_wconf 83' lang='grc' dir='ltr'>σου</span> <span class='ocrx_word' id='word_1_583' title='bbox 3691 3447 3846 3505; x_wconf 86' lang='grc' dir='ltr'>δίδα-</span> 
     </span>
    </p>
   </div>
   <div class='ocr_carea' id='block_1_86' title="bbox 2197 3538 3846 3619">
    <p class='ocr_par' dir='ltr' id='par_1_86' title="bbox 2197 3538 3846 3619">
     <span class='ocr_line' id='line_1_92' title="bbox 2197 3538 3846 3619; baseline -0.002 -22"><span class='ocrx_word' id='word_1_584' title='bbox 2197 3541 2284 3606; x_wconf 79' lang='grc' dir='ltr'><strong>ξὸν</strong></span> <span class='ocrx_word' id='word_1_585' title='bbox 2315 3564 2381 3618; x_wconf 85' lang='grc' dir='ltr'><strong>με</strong></span> <span class='ocrx_word' id='word_1_586' title='bbox 2426 3543 2492 3599; x_wconf 83' lang='grc' dir='ltr'>τὰ</span> <span class='ocrx_word' id='word_1_587' title='bbox 2535 3540 2876 3617; x_wconf 80' lang='grc' dir='ltr'>δικαιώματά</span> <span class='ocrx_word' id='word_1_588' title='bbox 2947 3562 3064 3601; x_wconf 86' lang='grc' dir='ltr'>σου.</span> <span class='ocrx_word' id='word_1_589' title='bbox 3138 3543 3237 3598; x_wconf 82' lang='grc' dir='ltr'><strong>Καὶ</strong></span> <span class='ocrx_word' id='word_1_590' title='bbox 3291 3538 3463 3597; x_wconf 86' lang='grc' dir='ltr'>δεῖται</span> <span class='ocrx_word' id='word_1_591' title='bbox 3505 3541 3565 3597; x_wconf 86' lang='grc' dir='ltr'>τὸ</span> <span class='ocrx_word' id='word_1_592' title='bbox 3612 3545 3846 3619; x_wconf 81' lang='grc' dir='ltr'>χρηστῷ</span> 
     </span>
    </p>
   </div>
   <div class='ocr_carea' id='block_1_87' title="bbox 2196 3628 3842 3712">
    <p class='ocr_par' dir='ltr' id='par_1_87' title="bbox 2196 3628 3842 3712">
     <span class='ocr_line' id='line_1_93' title="bbox 2196 3628 3842 3712; baseline -0.001 -25"><span class='ocrx_word' id='word_1_593' title='bbox 2196 3638 2327 3689; x_wconf 90' lang='grc' dir='ltr'>Θεοῦ</span> <span class='ocrx_word' id='word_1_594' title='bbox 2355 3630 2691 3712; x_wconf 72' lang='grc' dir='ltr'>διδαχθῆναι*</span> <span class='ocrx_word' id='word_1_595' title='bbox 2725 3629 2806 3687; x_wconf 81' lang='grc' dir='ltr'>ὅτι</span> <span class='ocrx_word' id='word_1_596' title='bbox 2839 3631 3052 3710; x_wconf 85' lang='grc' dir='ltr'>χρηστὰ</span> <span class='ocrx_word' id='word_1_597' title='bbox 3083 3632 3147 3687; x_wconf 76' lang='grc' dir='ltr'><strong>τὰ</strong></span> <span class='ocrx_word' id='word_1_598' title='bbox 3177 3628 3512 3706; x_wconf 78' lang='grc' dir='ltr'>δικαιώματα</span> <span class='ocrx_word' id='word_1_599' title='bbox 3552 3636 3644 3686; x_wconf 90' lang='grc' dir='ltr'><strong>τοῦ</strong></span> <span class='ocrx_word' id='word_1_600' title='bbox 3701 3629 3842 3685; x_wconf 78' lang='grc' dir='ltr'>Θεοῦ</span> 
     </span>
    </p>
   </div>
   <div class='ocr_carea' id='block_1_88' title="bbox 2194 3717 3836 3801">
    <p class='ocr_par' dir='ltr' id='par_1_88' title="bbox 2194 3717 3836 3801">
     <span class='ocr_line' id='line_1_94' title="bbox 2194 3717 3836 3801; baseline -0.002 -23"><span class='ocrx_word' id='word_1_601' title='bbox 2194 3724 2326 3799; x_wconf 85' lang='grc' dir='ltr'>πρὸς</span> <span class='ocrx_word' id='word_1_602' title='bbox 2359 3724 2458 3789; x_wconf 70' lang='grc' dir='ltr'><strong>τῂν</strong></span> <span class='ocrx_word' id='word_1_603' title='bbox 2514 3722 2659 3787; x_wconf 75' lang='grc' dir='ltr'>ἀξίαν</span> <span class='ocrx_word' id='word_1_604' title='bbox 2722 3721 2948 3779; x_wconf 74' lang='grc' dir='ltr'>ἑκάστου</span> <span class='ocrx_word' id='word_1_605' title='bbox 3006 3722 3284 3798; x_wconf 76' lang='grc' dir='ltr'>γινόμενα’</span> <span class='ocrx_word' id='word_1_606' title='bbox 3358 3718 3443 3801; x_wconf 78' lang='grc' dir='ltr'><strong>ἐφ’</strong></span> <span class='ocrx_word' id='word_1_607' title='bbox 3510 3723 3594 3783; x_wconf 82' lang='grc' dir='ltr'><strong>οἷς</strong></span> <span class='ocrx_word' id='word_1_608' title='bbox 3654 3717 3836 3796; x_wconf 79' lang='grc' dir='ltr'>λέγειν</span> 
     </span>
    </p>
   </div>
   <div class='ocr_carea' id='block_1_89' title="bbox 2195 3807 3467 3889">
    <p class='ocr_par' dir='ltr' id='par_1_89' title="bbox 2195 3807 3467 3889">
     <span class='ocr_line' id='line_1_95' title="bbox 2195 3807 3467 3889; baseline 0.001 -24"><span class='ocrx_word' id='word_1_609' title='bbox 2195 3807 2359 3876; x_wconf 80' lang='grc' dir='ltr'>ἄξιον·</span> <span class='ocrx_word' id='word_1_610' title='bbox 2405 3810 2726 3878; x_wconf 79' lang='grc' dir='ltr'>Ἐδικαιώθη</span> <span class='ocrx_word' id='word_1_611' title='bbox 2758 3812 2823 3867; x_wconf 73' lang='grc' dir='ltr'><strong>τὰ</strong></span> <span class='ocrx_word' id='word_1_612' title='bbox 2844 3810 3076 3889; x_wconf 74' lang='grc' dir='ltr'>κρίματα</span> <span class='ocrx_word' id='word_1_613' title='bbox 3101 3831 3219 3887; x_wconf 89' lang='grc' dir='ltr'>σου,</span> <span class='ocrx_word' id='word_1_614' title='bbox 3252 3813 3279 3868; x_wconf 88' lang='grc' dir='ltr'>ὁ</span> <span class='ocrx_word' id='word_1_615' title='bbox 3311 3813 3467 3875; x_wconf 87' lang='grc' dir='ltr'>Θεός,</span> 
     </span>
    </p>
   </div>
   <div class='ocr_carea' id='block_1_90' title="bbox 2285 3896 3842 3981">
    <p class='ocr_par' dir='ltr' id='par_1_90' title="bbox 2285 3896 3842 3981">
     <span class='ocr_line' id='line_1_96' title="bbox 2285 3896 3842 3981; baseline -0.003 -23"><span class='ocrx_word' id='word_1_616' title='bbox 2285 3898 2604 3979; x_wconf 80' lang='grc' dir='ltr'>Ἐπληρώθη</span> <span class='ocrx_word' id='word_1_617' title='bbox 2682 3899 2767 3958; x_wconf 82' lang='grc' dir='ltr'><strong>ἐπ’</strong></span> <span class='ocrx_word' id='word_1_618' title='bbox 2841 3899 2937 3976; x_wconf 71' lang='grc' dir='ltr'><strong>ἐμέ</strong></span> <span class='ocrx_word' id='word_1_619' title='bbox 3012 3897 3185 3956; x_wconf 78' lang='grc' dir='ltr'>ἀδικία</span> <span class='ocrx_word' id='word_1_620' title='bbox 3255 3900 3633 3981; x_wconf 71' lang='grc' dir='ltr'>ὑπερηφάνων,</span> <span class='ocrx_word' id='word_1_621' title='bbox 3709 3896 3842 3955; x_wconf 75' lang='grc' dir='ltr'><strong>Ἐπὶ</strong></span> 
     </span>
    </p>
   </div>
   <div class='ocr_carea' id='block_1_91' title="bbox 2200 3986 3840 4071">
    <p class='ocr_par' dir='ltr' id='par_1_91' title="bbox 2200 3986 3840 4071">
     <span class='ocr_line' id='line_1_97' title="bbox 2200 3986 3840 4071; baseline -0.004 -22"><span class='ocrx_word' id='word_1_622' title='bbox 2200 3998 2477 4070; x_wconf 89' lang='grc' dir='ltr'>τοσοῦτον,</span> <span class='ocrx_word' id='word_1_623' title='bbox 2523 3991 2708 4071; x_wconf 75' lang='grc' dir='ltr'>φησὶν,</span> <span class='ocrx_word' id='word_1_624' title='bbox 2772 3987 2977 4057; x_wconf 72' lang='grc' dir='ltr'>ἤλασαν</span> <span class='ocrx_word' id='word_1_625' title='bbox 3030 3992 3419 4071; x_wconf 76' lang='grc' dir='ltr'><strong>ὑπερηφανίας,</strong></span> <span class='ocrx_word' id='word_1_626' title='bbox 3470 3992 3543 4052; x_wconf 83' lang='grc' dir='ltr'>ὡς</span> <span class='ocrx_word' id='word_1_627' title='bbox 3594 3986 3840 4067; x_wconf 81' lang='grc' dir='ltr'>γενέσθαι</span> 
     </span>
    </p>
   </div>
   <div class='ocr_carea' id='block_1_92' title="bbox 2196 4078 3840 4161">
    <p class='ocr_par' dir='ltr' id='par_1_92' title="bbox 2196 4078 3840 4161">
     <span class='ocr_line' id='line_1_98' title="bbox 2196 4078 3840 4161; baseline -0.004 -23"><span class='ocrx_word' id='word_1_628' title='bbox 2196 4083 2297 4150; x_wconf 80' lang='grc' dir='ltr'><strong>τὴν</strong></span> <span class='ocrx_word' id='word_1_629' title='bbox 2323 4079 2537 4161; x_wconf 86' lang='grc' dir='ltr'>καρδίαν</span> <span class='ocrx_word' id='word_1_630' title='bbox 2569 4080 2624 4136; x_wconf 81' lang='grc' dir='ltr'>ὲν</span> <span class='ocrx_word' id='word_1_631' title='bbox 2680 4083 2886 4157; x_wconf 74' lang='grc' dir='ltr'>αὐτοῖς,</span> <span class='ocrx_word' id='word_1_632' title='bbox 2961 4080 3234 4160; x_wconf 79' lang='grc' dir='ltr'>Ἐτυρῶθη</span> <span class='ocrx_word' id='word_1_633' title='bbox 3294 4082 3365 4146; x_wconf 79' lang='grc' dir='ltr'><strong>ὡς</strong></span> <span class='ocrx_word' id='word_1_634' title='bbox 3422 4078 3562 4158; x_wconf 65' lang='grc' dir='ltr'>γάλα</span> <span class='ocrx_word' id='word_1_635' title='bbox 3616 4080 3650 4145; x_wconf 78' lang='grc' dir='ltr'>ἡ</span> <span class='ocrx_word' id='word_1_636' title='bbox 3699 4100 3840 4155; x_wconf 84' lang='grc' dir='ltr'>καρ-</span> 
     </span>
    </p>
   </div>
   <div class='ocr_carea' id='block_1_93' title="bbox 2197 4171 3843 4251">
    <p class='ocr_par' dir='ltr' id='par_1_93' title="bbox 2197 4171 3843 4251">
     <span class='ocr_line' id='line_1_99' title="bbox 2197 4171 3843 4251; baseline -0.002 -22"><span class='ocrx_word' id='word_1_637' title='bbox 2197 4171 2279 4231; x_wconf 89' lang='grc' dir='ltr'><strong>δία</strong></span> <span class='ocrx_word' id='word_1_638' title='bbox 2310 4172 2504 4232; x_wconf 78' lang='grc' dir='ltr'>αῦτῶν.</span> <span class='ocrx_word' id='word_1_639' title='bbox 2541 4181 2669 4235; x_wconf 87' lang='grc' dir='ltr'>Τοῖς</span> <span class='ocrx_word' id='word_1_640' title='bbox 2705 4184 2965 4251; x_wconf 81' lang='grc' dir='ltr'>πονηροῖς</span> <span class='ocrx_word' id='word_1_641' title='bbox 3026 4173 3114 4228; x_wconf 76' lang='grc' dir='ltr'><strong>καί</strong></span> <span class='ocrx_word' id='word_1_642' title='bbox 3162 4174 3470 4251; x_wconf 73' lang='grc' dir='ltr'>μοχθηροῖς</span> <span class='ocrx_word' id='word_1_643' title='bbox 3514 4183 3843 4247; x_wconf 79' lang='grc' dir='ltr'>πειρασμοῖς</span> 
     </span>
    </p>
   </div>
   <div class='ocr_carea' id='block_1_94' title="bbox 2199 4257 3846 4341">
    <p class='ocr_par' dir='ltr' id='par_1_94' title="bbox 2199 4257 3846 4341">
     <span class='ocr_line' id='line_1_100' title="bbox 2199 4257 3846 4341; baseline -0.004 -20"><span class='ocrx_word' id='word_1_644' title='bbox 2199 4261 2540 4341; x_wconf 67' lang='grc' dir='ltr'>παραδοθᾶσῃ</span> <span class='ocrx_word' id='word_1_645' title='bbox 2598 4263 2695 4339; x_wconf 84' lang='grc' dir='ltr'><strong>βίῳ</strong></span> <span class='ocrx_word' id='word_1_646' title='bbox 2779 4264 2866 4318; x_wconf 83' lang='grc' dir='ltr'>καὶ</span> <span class='ocrx_word' id='word_1_647' title='bbox 2936 4262 3179 4335; x_wconf 78' lang='grc' dir='ltr'>πολιτεία</span> <span class='ocrx_word' id='word_1_648' title='bbox 3236 4268 3566 4336; x_wconf 81' lang='grc' dir='ltr'>ταπεινοῦσι,</span> <span class='ocrx_word' id='word_1_649' title='bbox 3617 4261 3704 4316; x_wconf 80' lang='grc' dir='ltr'>καὶ</span> <span class='ocrx_word' id='word_1_650' title='bbox 3764 4257 3846 4315; x_wconf 83' lang='grc' dir='ltr'>δι-</span> 
     </span>
    </p>
   </div>
   <div class='ocr_carea' id='block_1_95' title="bbox 2197 4349 3845 4429">
    <p class='ocr_par' dir='ltr' id='par_1_95' title="bbox 2197 4349 3845 4429">
     <span class='ocr_line' id='line_1_101' title="bbox 2197 4349 3845 4429; baseline -0.002 -20"><span class='ocrx_word' id='word_1_651' title='bbox 2197 4352 2475 4412; x_wconf 79' lang='grc' dir='ltr'>δάσκουσιν</span> <span class='ocrx_word' id='word_1_652' title='bbox 2505 4350 2813 4424; x_wconf 74' lang='grc' dir='ltr'>ὑποπιάζειν</span> <span class='ocrx_word' id='word_1_653' title='bbox 2856 4355 2917 4409; x_wconf 79' lang='grc' dir='ltr'>τὸ</span> <span class='ocrx_word' id='word_1_654' title='bbox 2972 4354 3127 4429; x_wconf 77' lang='grc' dir='ltr'>σῶμα</span> <span class='ocrx_word' id='word_1_655' title='bbox 3171 4352 3261 4409; x_wconf 89' lang='grc' dir='ltr'><strong>καί</strong></span> <span class='ocrx_word' id='word_1_656' title='bbox 3302 4349 3688 4428; x_wconf 87' lang='grc' dir='ltr'>δουλαγωγεῖν,</span> <span class='ocrx_word' id='word_1_657' title='bbox 3749 4354 3845 4407; x_wconf 83' lang='grc' dir='ltr'><strong>καὶ</strong></span> 
     </span>
    </p>
   </div>
   <div class='ocr_carea' id='block_1_96' title="bbox 2198 4441 3846 4521">
    <p class='ocr_par' dir='ltr' id='par_1_96' title="bbox 2198 4441 3846 4521">
     <span class='ocr_line' id='line_1_102' title="bbox 2198 4441 3846 4521; baseline -0.004 -20"><span class='ocrx_word' id='word_1_658' title='bbox 2198 4445 2276 4520; x_wconf 78' lang='grc' dir='ltr'>μὴ</span> <span class='ocrx_word' id='word_1_659' title='bbox 2332 4443 2529 4500; x_wconf 78' lang='grc' dir='ltr'>ὁδεύειν</span> <span class='ocrx_word' id='word_1_660' title='bbox 2588 4443 2684 4509; x_wconf 74' lang='grc' dir='ltr'><strong>τὴν</strong></span> <span class='ocrx_word' id='word_1_661' title='bbox 2745 4444 3007 4500; x_wconf 67' lang='grc' dir='ltr'>πλατεῖκιν</span> <span class='ocrx_word' id='word_1_662' title='bbox 3066 4444 3156 4500; x_wconf 84' lang='grc' dir='ltr'><strong>καὶ</strong></span> <span class='ocrx_word' id='word_1_663' title='bbox 3234 4441 3536 4521; x_wconf 72' lang='grc' dir='ltr'>εὐρύχωρον</span> <span class='ocrx_word' id='word_1_664' title='bbox 3580 4441 3678 4507; x_wconf 78' lang='grc' dir='ltr'>τὴν</span> <span class='ocrx_word' id='word_1_665' title='bbox 3731 4447 3846 4496; x_wconf 83' lang='grc' dir='ltr'>τῶν</span> 
     </span>
    </p>
   </div>
   <div class='ocr_carea' id='block_1_97' title="bbox 465 4528 2110 4632">
    <p class='ocr_par' dir='ltr' id='par_1_97' title="bbox 465 4528 2110 4632">
     <span class='ocr_line' id='line_1_103' title="bbox 465 4528 2110 4632; baseline -0.009 -18"><span class='ocrx_word' id='word_1_666' title='bbox 465 4554 558 4616; x_wconf 82' lang='lat' dir='ltr'><strong>via</strong></span> <span class='ocrx_word' id='word_1_667' title='bbox 588 4528 1151 4632; x_wconf 20' lang='lat' dir='ltr'><strong>superborum,vsed</strong></span> <span class='ocrx_word' id='word_1_668' title='bbox 1204 4545 1266 4604; x_wconf 94' lang='lat' dir='ltr'><strong>in</strong></span> <span class='ocrx_word' id='word_1_669' title='bbox 1296 4549 1547 4621; x_wconf 83' lang='lat' dir='ltr'><strong>angusta</strong></span> <span class='ocrx_word' id='word_1_670' title='bbox 1602 4549 1658 4601; x_wconf 90' lang='lat' dir='ltr'><strong>et</strong></span> <span class='ocrx_word' id='word_1_671' title='bbox 1716 4528 1918 4632; x_wconf 24' lang='lat' dir='ltr'><strong>arcta.‘</strong></span> <span class='ocrx_word' id='word_1_672' title='bbox 1966 4542 2110 4602; x_wconf 89' lang='lat' dir='ltr'><strong>Nam</strong></span> 
     </span>
    </p>
   </div>
   <div class='ocr_carea' id='block_1_98' title="bbox 2215 4528 3841 4632">
    <p class='ocr_par' dir='ltr' id='par_1_98' title="bbox 2215 4528 3841 4613">
     <span class='ocr_line' id='line_1_104' title="bbox 2215 4528 3841 4613; baseline -0.003 -24"><span class='ocrx_word' id='word_1_673' title='bbox 2215 4533 2572 4613; x_wconf 72' lang='grc' dir='ltr'>ιπερηιράνων,</span> <span class='ocrx_word' id='word_1_674' title='bbox 2656 4531 2793 4588; x_wconf 81' lang='grc' dir='ltr'><strong>ἀλλὰ</strong></span> <span class='ocrx_word' id='word_1_675' title='bbox 2876 4534 2974 4599; x_wconf 79' lang='grc' dir='ltr'><strong>τὴν</strong></span> <span class='ocrx_word' id='word_1_676' title='bbox 3048 4532 3239 4599; x_wconf 81' lang='grc' dir='ltr'>στενὴν</span> <span class='ocrx_word' id='word_1_677' title='bbox 3310 4532 3398 4587; x_wconf 79' lang='grc' dir='ltr'><strong>καὶ</strong></span> <span class='ocrx_word' id='word_1_678' title='bbox 3459 4528 3841 4605; x_wconf 80' lang='grc' dir='ltr'>τεθλιμμένῃν⁸</span> 
     </span>
    </p>
   </div>
   <div class='ocr_carea' id='block_1_99' title="bbox 469 4628 2115 4710">
    <p class='ocr_par' dir='ltr' id='par_1_99' title="bbox 469 4628 2115 4710">
     <span class='ocr_line' id='line_1_105' title="bbox 469 4628 2115 4710; baseline -0.01 -5"><span class='ocrx_word' id='word_1_679' title='bbox 469 4652 647 4706; x_wconf 89' lang='lat' dir='ltr'><strong>tenue</strong></span> <span class='ocrx_word' id='word_1_680' title='bbox 667 4628 769 4701; x_wconf 76' lang='lat' dir='ltr'><strong>est</strong></span> <span class='ocrx_word' id='word_1_681' title='bbox 798 4656 900 4699; x_wconf 91' lang='lat' dir='ltr'><strong>cor</strong></span> <span class='ocrx_word' id='word_1_682' title='bbox 946 4643 1306 4707; x_wconf 90' lang='lat' dir='ltr'><strong>sanctorum,</strong></span> <span class='ocrx_word' id='word_1_683' title='bbox 1341 4649 1445 4693; x_wconf 89' lang='lat' dir='ltr'><strong>cor</strong></span> <span class='ocrx_word' id='word_1_684' title='bbox 1471 4638 1671 4692; x_wconf 87' lang='lat' dir='ltr'><strong>autem</strong></span> <span class='ocrx_word' id='word_1_685' title='bbox 1723 4628 2115 4710; x_wconf 89' lang='lat' dir='ltr'><strong>superborum</strong></span> 
     </span>
    </p>
   </div>
   <div class='ocr_carea' id='block_1_100' title="bbox 469 4732 708 4813">
    <p class='ocr_par' dir='ltr' id='par_1_100' title="bbox 469 4732 708 4813">
     <span class='ocr_line' id='line_1_106' title="bbox 469 4732 708 4813; baseline -0.021 -20"><span class='ocrx_word' id='word_1_686' title='bbox 469 4732 708 4813; x_wconf 78' lang='lat' dir='ltr'><strong>pingue.</strong></span> 
     </span>
    </p>
   </div>
   <div class='ocr_carea' id='block_1_101' title="bbox 544 4809 2119 4893">
    <p class='ocr_par' dir='ltr' id='par_1_101' title="bbox 544 4809 2119 4893">
     <span class='ocr_line' id='line_1_107' title="bbox 544 4809 2119 4893; baseline -0.01 -8"><span class='ocrx_word' id='word_1_687' title='bbox 544 4809 647 4885; x_wconf 77' lang='lat' dir='ltr'><strong>7t.</strong></span> <span class='ocrx_word' id='word_1_688' title='bbox 685 4818 926 4879; x_wconf 82' lang='lat' dir='ltr'><strong>Bonum</strong></span> <span class='ocrx_word' id='word_1_689' title='bbox 953 4814 1108 4877; x_wconf 84' lang='lat' dir='ltr'><strong>mihi</strong></span> <span class='ocrx_word' id='word_1_690' title='bbox 1161 4814 1303 4893; x_wconf 83' lang='lat' dir='ltr'><strong>quia</strong></span> <span class='ocrx_word' id='word_1_691' title='bbox 1358 4809 1702 4873; x_wconf 80' lang='lat' dir='ltr'><strong>humiliasti</strong></span> <span class='ocrx_word' id='word_1_692' title='bbox 1762 4825 1880 4872; x_wconf 86' lang='lat' dir='ltr'><strong>me.</strong></span> <span class='ocrx_word' id='word_1_693' title='bbox 1917 4811 2006 4871; x_wconf 83' lang='lat' dir='ltr'><strong>Ac</strong></span> <span class='ocrx_word' id='word_1_694' title='bbox 2067 4809 2119 4871; x_wconf 90' lang='lat' dir='ltr'><strong>si</strong></span> 
     </span>
    </p>
   </div>
   <div class='ocr_carea' id='block_1_102' title="bbox 2199 4617 3842 4701">
    <p class='ocr_par' dir='ltr' id='par_1_102' title="bbox 2199 4617 3842 4701">
     <span class='ocr_line' id='line_1_108' title="bbox 2199 4617 3842 4701; baseline -0.003 -21"><span class='ocrx_word' id='word_1_695' title='bbox 2199 4623 2370 4691; x_wconf 76' lang='grc' dir='ltr'>λεπτὴ</span> <span class='ocrx_word' id='word_1_696' title='bbox 2428 4624 2526 4698; x_wconf 83' lang='grc' dir='ltr'><strong>μὲν</strong></span> <span class='ocrx_word' id='word_1_697' title='bbox 2584 4623 2737 4700; x_wconf 79' lang='grc' dir='ltr'>γὰρὴ</span> <span class='ocrx_word' id='word_1_698' title='bbox 2780 4628 2885 4680; x_wconf 85' lang='grc' dir='ltr'>τῶν</span> <span class='ocrx_word' id='word_1_699' title='bbox 2917 4622 3103 4701; x_wconf 76' lang='grc' dir='ltr'>ἅγίων,</span> <span class='ocrx_word' id='word_1_700' title='bbox 3166 4621 3302 4678; x_wconf 86' lang='grc' dir='ltr'>πίων</span> <span class='ocrx_word' id='word_1_701' title='bbox 3364 4617 3478 4687; x_wconf 76' lang='grc' dir='ltr'>6ὲὴ</span> <span class='ocrx_word' id='word_1_702' title='bbox 3527 4626 3631 4676; x_wconf 68' lang='grc' dir='ltr'><strong>τῶι</strong></span> <span class='ocrx_word' id='word_1_703' title='bbox 3671 4620 3842 4698; x_wconf 77' lang='grc' dir='ltr'>ὑπερ-</span> 
     </span>
    </p>
   </div>
   <div class='ocr_carea' id='block_1_103' title="bbox 2199 4708 2654 4793">
    <p class='ocr_par' dir='ltr' id='par_1_103' title="bbox 2199 4708 2654 4793">
     <span class='ocr_line' id='line_1_109' title="bbox 2199 4708 2654 4793; baseline -0.002 -22"><span class='ocrx_word' id='word_1_704' title='bbox 2199 4713 2418 4793; x_wconf 80' lang='grc' dir='ltr'>ηφάνων</span> <span class='ocrx_word' id='word_1_705' title='bbox 2447 4708 2654 4791; x_wconf 87' lang='grc' dir='ltr'>καρδία.</span> 
     </span>
    </p>
   </div>
   <div class='ocr_carea' id='block_1_104' title="bbox 2282 4796 3835 4880">
    <p class='ocr_par' dir='ltr' id='par_1_104' title="bbox 2282 4796 3835 4880">
     <span class='ocr_line' id='line_1_110' title="bbox 2282 4796 3835 4880; baseline -0.005 -20"><span class='ocrx_word' id='word_1_706' title='bbox 2282 4801 2508 4880; x_wconf 84' lang='grc' dir='ltr'>Ἀγαθόν</span> <span class='ocrx_word' id='word_1_707' title='bbox 2554 4823 2666 4880; x_wconf 86' lang='grc' dir='ltr'>μοι,</span> <span class='ocrx_word' id='word_1_708' title='bbox 2725 4798 2805 4856; x_wconf 78' lang='grc' dir='ltr'>ὅτι</span> <span class='ocrx_word' id='word_1_709' title='bbox 2854 4799 3213 4865; x_wconf 71' lang='grc' dir='ltr'>ἑταπείνωσάς</span> <span class='ocrx_word' id='word_1_710' title='bbox 3285 4821 3374 4877; x_wconf 81' lang='grc' dir='ltr'>με.</span> <span class='ocrx_word' id='word_1_711' title='bbox 3428 4797 3574 4854; x_wconf 83' lang='grc' dir='ltr'>Ὠσεὶ</span> <span class='ocrx_word' id='word_1_712' title='bbox 3632 4796 3835 4875; x_wconf 73' lang='grc' dir='ltr'>ἔλεγεν·</span> 
     </span>
    </p>
   </div>
   <div class='ocr_carea' id='block_1_105' title="bbox 469 4888 2110 4986">
    <p class='ocr_par' dir='ltr' id='par_1_105' title="bbox 469 4888 2110 4986">
     <span class='ocr_line' id='line_1_111' title="bbox 469 4888 2110 4986; baseline -0.01 -10"><span class='ocrx_word' id='word_1_713' title='bbox 469 4914 736 4977; x_wconf 86' lang='lat' dir='ltr'><strong>diceret:</strong></span> <span class='ocrx_word' id='word_1_714' title='bbox 773 4906 910 4968; x_wconf 80' lang='lat' dir='ltr'><strong>Mihi</strong></span> <span class='ocrx_word' id='word_1_715' title='bbox 943 4904 1146 4986; x_wconf 89' lang='lat' dir='ltr'><strong>placeo</strong></span> <span class='ocrx_word' id='word_1_716' title='bbox 1174 4888 1241 4962; x_wconf 84' lang='lat' dir='ltr'><strong>in</strong></span> <span class='ocrx_word' id='word_1_717' title='bbox 1289 4897 1760 4979; x_wconf 80' lang='lat' dir='ltr'><strong>infirmitatibus,</strong></span> <span class='ocrx_word' id='word_1_718' title='bbox 1795 4898 1857 4958; x_wconf 91' lang='lat' dir='ltr'><strong>in</strong></span> <span class='ocrx_word' id='word_1_719' title='bbox 1908 4907 2110 4960; x_wconf 87' lang='lat' dir='ltr'><strong>contu-</strong></span> 
     </span>
    </p>
   </div>
   <div class='ocr_carea' id='block_1_106' title="bbox 2215 4888 3841 4986">
    <p class='ocr_par' dir='ltr' id='par_1_106' title="bbox 2215 4888 3841 4973">
     <span class='ocr_line' id='line_1_112' title="bbox 2215 4888 3841 4973; baseline -0.004 -23"><span class='ocrx_word' id='word_1_720' title='bbox 2215 4890 2416 4951; x_wconf 78' lang='grc' dir='ltr'>Ξῦδοκῶ</span> <span class='ocrx_word' id='word_1_721' title='bbox 2458 4890 2511 4948; x_wconf 78' lang='grc' dir='ltr'>ὲν</span> <span class='ocrx_word' id='word_1_722' title='bbox 2568 4891 2862 4973; x_wconf 71' lang='grc' dir='ltr'>ἀσθενείας,</span> <span class='ocrx_word' id='word_1_723' title='bbox 2921 4888 2973 4946; x_wconf 78' lang='grc' dir='ltr'>ἐν</span> <span class='ocrx_word' id='word_1_724' title='bbox 3047 4888 3276 4969; x_wconf 73' lang='grc' dir='ltr'>ὕϐρεσιν,</span> <span class='ocrx_word' id='word_1_725' title='bbox 3339 4889 3393 4945; x_wconf 75' lang='grc' dir='ltr'>ἑν</span> <span class='ocrx_word' id='word_1_726' title='bbox 3450 4889 3724 4967; x_wconf 81' lang='grc' dir='ltr'>ἀνάγκαις,</span> <span class='ocrx_word' id='word_1_727' title='bbox 3784 4891 3841 4944; x_wconf 61' lang='grc' dir='ltr'>ἓν</span> 
     </span>
    </p>
   </div>
   <div class='ocr_carea' id='block_1_107' title="bbox 472 4986 2115 5073">
    <p class='ocr_par' dir='ltr' id='par_1_107' title="bbox 472 4986 2115 5073">
     <span class='ocr_line' id='line_1_113' title="bbox 472 4986 2115 5073; baseline -0.009 -10"><span class='ocrx_word' id='word_1_728' title='bbox 472 5000 691 5073; x_wconf 87' lang='lat' dir='ltr'><strong>meliis,</strong></span> <span class='ocrx_word' id='word_1_729' title='bbox 730 5004 790 5057; x_wconf 84' lang='lat' dir='ltr'><strong>in</strong></span> <span class='ocrx_word' id='word_1_730' title='bbox 845 4989 1328 5070; x_wconf 83' lang='lat' dir='ltr'><strong>necessitatibus,</strong></span> <span class='ocrx_word' id='word_1_731' title='bbox 1364 4989 1421 5049; x_wconf 94' lang='lat' dir='ltr'><strong>in</strong></span> <span class='ocrx_word' id='word_1_732' title='bbox 1480 4986 2018 5069; x_wconf 81' lang='lat' dir='ltr'><strong>persecutionibus,</strong></span> <span class='ocrx_word' id='word_1_733' title='bbox 2055 4986 2115 5049; x_wconf 90' lang='lat' dir='ltr'><strong>in</strong></span> 
     </span>
    </p>
   </div>
   <div class='ocr_carea' id='block_1_108' title="bbox 470 5075 2106 5169">
    <p class='ocr_par' dir='ltr' id='par_1_108' title="bbox 470 5075 2106 5169">
     <span class='ocr_line' id='line_1_114' title="bbox 470 5075 2106 5169; baseline -0.009 -17"><span class='ocrx_word' id='word_1_734' title='bbox 470 5088 781 5169; x_wconf 87' lang='lat' dir='ltr'><strong>angustiis,</strong></span> <span class='ocrx_word' id='word_1_735' title='bbox 819 5082 1115 5160; x_wconf 79' lang='lat' dir='ltr'><strong>utdignus</strong></span> <span class='ocrx_word' id='word_1_736' title='bbox 1147 5080 1349 5169; x_wconf 84' lang='lat' dir='ltr'><strong>videar</strong></span> <span class='ocrx_word' id='word_1_737' title='bbox 1386 5075 1918 5158; x_wconf 85' lang='lat' dir='ltr'><strong>justiﬁcationibus</strong></span> <span class='ocrx_word' id='word_1_738' title='bbox 1973 5077 2106 5152; x_wconf 91' lang='lat' dir='ltr'><strong>tuis,</strong></span> 
     </span>
    </p>
   </div>
   <div class='ocr_carea' id='block_1_109' title="bbox 470 5167 1847 5261">
    <p class='ocr_par' dir='ltr' id='par_1_109' title="bbox 470 5167 1847 5261">
     <span class='ocr_line' id='line_1_115' title="bbox 470 5167 1847 5261; baseline -0.009 -19"><span class='ocrx_word' id='word_1_739' title='bbox 470 5167 744 5261; x_wconf 65' lang='lat' dir='ltr'><strong>quaerens</strong></span> <span class='ocrx_word' id='word_1_740' title='bbox 775 5192 843 5235; x_wconf 90' lang='lat' dir='ltr'><strong>ea</strong></span> <span class='ocrx_word' id='word_1_741' title='bbox 866 5188 997 5252; x_wconf 77' lang='lat' dir='ltr'><strong>quae</strong></span> <span class='ocrx_word' id='word_1_742' title='bbox 1028 5170 1171 5231; x_wconf 87' lang='lat' dir='ltr'><strong>alias</strong></span> <span class='ocrx_word' id='word_1_743' title='bbox 1202 5167 1386 5230; x_wconf 89' lang='lat' dir='ltr'><strong>edisci</strong></span> <span class='ocrx_word' id='word_1_744' title='bbox 1419 5185 1538 5227; x_wconf 93' lang='lat' dir='ltr'><strong>non</strong></span> <span class='ocrx_word' id='word_1_745' title='bbox 1574 5174 1847 5246; x_wconf 84' lang='lat' dir='ltr'><strong>possunt.</strong></span> 
     </span>
    </p>
   </div>
   <div class='ocr_carea' id='block_1_110' title="bbox 543 5263 2115 5337">
    <p class='ocr_par' dir='ltr' id='par_1_110' title="bbox 543 5263 2115 5337">
     <span class='ocr_line' id='line_1_116' title="bbox 543 5263 2115 5337; baseline -0.006 -6"><span class='ocrx_word' id='word_1_746' title='bbox 543 5277 630 5331; x_wconf 74' lang='lat'><strong>72.</strong></span> <span class='ocrx_word' id='word_1_747' title='bbox 659 5277 869 5331; x_wconf 84' lang='lat' dir='ltr'><strong>Bonum</strong></span> <span class='ocrx_word' id='word_1_748' title='bbox 900 5268 1029 5325; x_wconf 78' lang='lat' dir='ltr'><strong>mihi</strong></span> <span class='ocrx_word' id='word_1_749' title='bbox 1076 5270 1159 5324; x_wconf 80' lang='lat' dir='ltr'><strong>lea:</strong></span> <span class='ocrx_word' id='word_1_750' title='bbox 1186 5268 1298 5324; x_wconf 81' lang='lat' dir='ltr'><strong>oris</strong></span> <span class='ocrx_word' id='word_1_751' title='bbox 1328 5266 1427 5328; x_wconf 87' lang='lat' dir='ltr'><strong>tui,</strong></span> <span class='ocrx_word' id='word_1_752' title='bbox 1459 5280 1622 5337; x_wconf 81' lang='lat' dir='ltr'><strong>super</strong></span> <span class='ocrx_word' id='word_1_753' title='bbox 1671 5263 1846 5321; x_wconf 76' lang='lat' dir='ltr'><strong>millia</strong></span> <span class='ocrx_word' id='word_1_754' title='bbox 1897 5264 2021 5321; x_wconf 87' lang='lat' dir='ltr'><strong>auri</strong></span> <span class='ocrx_word' id='word_1_755' title='bbox 2063 5269 2115 5321; x_wconf 78' lang='lat' dir='ltr'><strong>et</strong></span> 
     </span>
    </p>
   </div>
   <div class='ocr_carea' id='block_1_111' title="bbox 470 5359 2115 5452">
    <p class='ocr_par' dir='ltr' id='par_1_111' title="bbox 470 5359 2115 5452">
     <span class='ocr_line' id='line_1_117' title="bbox 470 5359 2115 5452; baseline -0.008 -18"><span class='ocrx_word' id='word_1_756' title='bbox 470 5371 730 5452; x_wconf 79' lang='lat' dir='ltr'><strong>argenti.</strong></span> <span class='ocrx_word' id='word_1_757' title='bbox 768 5364 991 5429; x_wconf 87' lang='lat' dir='ltr'><strong>Ediscit</strong></span> <span class='ocrx_word' id='word_1_758' title='bbox 1019 5361 1288 5424; x_wconf 85' lang='lat' dir='ltr'><strong>initiatus</strong></span> <span class='ocrx_word' id='word_1_759' title='bbox 1327 5363 1507 5423; x_wconf 91' lang='lat' dir='ltr'><strong>homo</strong></span> <span class='ocrx_word' id='word_1_760' title='bbox 1538 5368 1755 5440; x_wconf 89' lang='lat' dir='ltr'><strong>quanto</strong></span> <span class='ocrx_word' id='word_1_761' title='bbox 1786 5359 1861 5421; x_wconf 90' lang='lat' dir='ltr'><strong>sit</strong></span> <span class='ocrx_word' id='word_1_762' title='bbox 1887 5360 2115 5422; x_wconf 86' lang='lat' dir='ltr'><strong>honore</strong></span> 
     </span>
    </p>
   </div>
   <div class='ocr_carea' id='block_1_112' title="bbox 472 5461 2113 5623">
    <p class='ocr_par' dir='ltr' id='par_1_112' title="bbox 472 5461 2113 5623">
     <span class='ocr_line' id='line_1_118' title="bbox 472 5461 2113 5623; baseline -0.009 -10"><span class='ocrx_word' id='word_1_763' title='bbox 472 5461 886 5612; x_wconf 45' lang='lat' dir='ltr'><strong>doggflljanus</strong></span> <span class='ocrx_word' id='word_1_764' title='bbox 902 5552 1020 5606; x_wconf 76' lang='lat' dir='ltr'><strong>tuae</strong></span> <span class='ocrx_word' id='word_1_765' title='bbox 1040 5536 2113 5623; x_wconf 74' lang='lat' dir='ltr'><strong>feceruntme.Alteradignitas,quod</strong></span> 
     </span>
    </p>
   </div>
   <div class='ocr_carea' id='block_1_113' title="bbox 594 5904 819 6095">
    <p class='ocr_par' dir='ltr' id='par_1_113' title="bbox 594 5904 819 6095">
     <span class='ocr_line' id='line_1_119' title="bbox 594 5904 819 6095; baseline -0.004 -184"><span class='ocrx_word' id='word_1_766' title='bbox 602 5920 819 6095; x_wconf 28' lang='grc' dir='ltr'><strong>,ιέ</strong></span> 
     </span>
    </p>
   </div>
   <div class='ocr_carea' id='block_1_114' title="bbox 2202 4976 3839 5061">
    <p class='ocr_par' dir='ltr' id='par_1_114' title="bbox 2202 4976 3839 5061">
     <span class='ocr_line' id='line_1_120' title="bbox 2202 4976 3839 5061; baseline -0.004 -23"><span class='ocrx_word' id='word_1_767' title='bbox 2202 4980 2489 5061; x_wconf 85' lang='grc' dir='ltr'>διωγμοῖς,</span> <span class='ocrx_word' id='word_1_768' title='bbox 2548 4981 2602 5037; x_wconf 77' lang='grc' dir='ltr'>ἐν</span> <span class='ocrx_word' id='word_1_769' title='bbox 2651 4995 3064 5060; x_wconf 75' lang='grc' dir='ltr'>στενοχωρίαις,</span> <span class='ocrx_word' id='word_1_770' title='bbox 3126 4976 3269 5045; x_wconf 76' lang='grc' dir='ltr'>ἄξιος</span> <span class='ocrx_word' id='word_1_771' title='bbox 3344 4980 3568 5059; x_wconf 65' lang='grc' dir='ltr'>ὀφθῆναι</span> <span class='ocrx_word' id='word_1_772' title='bbox 3598 4982 3703 5033; x_wconf 84' lang='grc' dir='ltr'><strong>τῶν</strong></span> <span class='ocrx_word' id='word_1_773' title='bbox 3730 4985 3839 5034; x_wconf 82' lang='grc' dir='ltr'>σῶν</span> 
     </span>
    </p>
   </div>
   <div class='ocr_carea' id='block_1_115' title="bbox 2196 5070 3837 5151">
    <p class='ocr_par' dir='ltr' id='par_1_115' title="bbox 2196 5070 3837 5151">
     <span class='ocr_line' id='line_1_121' title="bbox 2196 5070 3837 5151; baseline -0.002 -20"><span class='ocrx_word' id='word_1_774' title='bbox 2196 5070 2592 5151; x_wconf 75' lang='grc' dir='ltr'>δικαιωμᾶίτων,</span> <span class='ocrx_word' id='word_1_775' title='bbox 2685 5074 2862 5145; x_wconf 79' lang='grc' dir='ltr'>ζητῶν</span> <span class='ocrx_word' id='word_1_776' title='bbox 2949 5074 3085 5150; x_wconf 72' lang='grc' dir='ltr'>ἅπερ</span> <span class='ocrx_word' id='word_1_777' title='bbox 3142 5074 3237 5129; x_wconf 81' lang='grc' dir='ltr'>οῦκ</span> <span class='ocrx_word' id='word_1_778' title='bbox 3291 5072 3437 5130; x_wconf 82' lang='grc' dir='ltr'>’ἐστιν</span> <span class='ocrx_word' id='word_1_779' title='bbox 3494 5070 3672 5136; x_wconf 75' lang='grc' dir='ltr'>ἄλλως</span> <span class='ocrx_word' id='word_1_780' title='bbox 3733 5095 3837 5147; x_wconf 86' lang='grc' dir='ltr'>μα-</span> 
     </span>
    </p>
   </div>
   <div class='ocr_carea' id='block_1_116' title="bbox 2195 5169 2334 5226">
    <p class='ocr_par' dir='ltr' id='par_1_116' title="bbox 2195 5169 2334 5226">
     <span class='ocr_line' id='line_1_122' title="bbox 2195 5169 2334 5226; baseline -0.014 -3"><span class='ocrx_word' id='word_1_781' title='bbox 2195 5169 2334 5226; x_wconf 78' lang='grc' dir='ltr'>θεῖν.</span> 
     </span>
    </p>
   </div>
   <div class='ocr_carea' id='block_1_117' title="bbox 2280 5250 3841 5334">
    <p class='ocr_par' dir='ltr' id='par_1_117' title="bbox 2280 5250 3841 5334">
     <span class='ocr_line' id='line_1_123' title="bbox 2280 5250 3841 5334; baseline -0.005 -21"><span class='ocrx_word' id='word_1_782' title='bbox 2280 5256 2504 5334; x_wconf 70' lang='grc' dir='ltr'>Ἀγαθός</span> <span class='ocrx_word' id='word_1_783' title='bbox 2585 5278 2674 5332; x_wconf 90' lang='grc' dir='ltr'><strong>μοι</strong></span> <span class='ocrx_word' id='word_1_784' title='bbox 2749 5256 2777 5311; x_wconf 81' lang='grc' dir='ltr'>ὁ</span> <span class='ocrx_word' id='word_1_785' title='bbox 2866 5255 3024 5331; x_wconf 81' lang='grc' dir='ltr'>νόμος</span> <span class='ocrx_word' id='word_1_786' title='bbox 3073 5252 3167 5311; x_wconf 85' lang='grc' dir='ltr'><strong>τοῦ</strong></span> <span class='ocrx_word' id='word_1_787' title='bbox 3236 5253 3503 5329; x_wconf 78' lang='grc' dir='ltr'>στόματός</span> <span class='ocrx_word' id='word_1_788' title='bbox 3560 5272 3654 5308; x_wconf 65' lang='grc' dir='ltr'><strong>σο)</strong></span> <span class='ocrx_word' id='word_1_789' title='bbox 3710 5250 3841 5329; x_wconf 75' lang='grc' dir='ltr'>ὑπὲρ</span> 
     </span>
    </p>
   </div>
   <div class='ocr_carea' id='block_1_118' title="bbox 2199 5340 3837 5429">
    <p class='ocr_par' dir='ltr' id='par_1_118' title="bbox 2199 5340 3837 5429">
     <span class='ocr_line' id='line_1_124' title="bbox 2199 5340 3837 5429; baseline -0.001 -26"><span class='ocrx_word' id='word_1_790' title='bbox 2199 5345 2448 5429; x_wconf 80' lang='grc' dir='ltr'>χιλιάδας</span> <span class='ocrx_word' id='word_1_791' title='bbox 2548 5346 2769 5427; x_wconf 86' lang='grc' dir='ltr'>χρυσίου</span> <span class='ocrx_word' id='word_1_792' title='bbox 2849 5347 2937 5402; x_wconf 80' lang='grc' dir='ltr'><strong>καὶ</strong></span> <span class='ocrx_word' id='word_1_793' title='bbox 3020 5344 3291 5423; x_wconf 77' lang='grc' dir='ltr'>ἀργτρίου,</span> <span class='ocrx_word' id='word_1_794' title='bbox 3348 5343 3536 5410; x_wconf 80' lang='grc' dir='ltr'>’Ὀσης</span> <span class='ocrx_word' id='word_1_795' title='bbox 3596 5340 3837 5409; x_wconf 74' lang='grc' dir='ltr'>ἠξίωται.</span> 
     </span>
    </p>
   </div>
   <div class='ocr_carea' id='block_1_119' title="bbox 2200 5434 3220 5517">
    <p class='ocr_par' dir='ltr' id='par_1_119' title="bbox 2200 5434 3220 5517">
     <span class='ocr_line' id='line_1_125' title="bbox 2200 5434 3220 5517; baseline -0.002 -23"><span class='ocrx_word' id='word_1_796' title='bbox 2200 5439 2473 5517; x_wconf 81' lang='grc' dir='ltr'>ἄνθρωπος</span> <span class='ocrx_word' id='word_1_797' title='bbox 2503 5434 2801 5492; x_wconf 82' lang='grc' dir='ltr'>διδὰσκεεαι</span> <span class='ocrx_word' id='word_1_798' title='bbox 2848 5435 3220 5513; x_wconf 76' lang='grc' dir='ltr'>είσὰγόμενος.</span> 
     </span>
    </p>
   </div>
   <div class='ocr_carea' id='block_1_120' title="bbox 2282 5522 3841 5610">
    <p class='ocr_par' dir='ltr' id='par_1_120' title="bbox 2282 5522 3841 5610">
     <span class='ocr_line' id='line_1_126' title="bbox 2282 5522 3841 5610; baseline -0.004 -22"><span class='ocrx_word' id='word_1_799' title='bbox 2282 5532 2343 5588; x_wconf 79' lang='lat' dir='ltr'><strong>Al</strong></span> <span class='ocrx_word' id='word_1_800' title='bbox 2400 5529 2589 5610; x_wconf 84' lang='grc' dir='ltr'>χεῖρές</span> <span class='ocrx_word' id='word_1_801' title='bbox 2649 5550 2743 5585; x_wconf 88' lang='grc' dir='ltr'>σου</span> <span class='ocrx_word' id='word_1_802' title='bbox 2799 5528 3057 5597; x_wconf 77' lang='grc' dir='ltr'>ἐποίησάν</span> <span class='ocrx_word' id='word_1_803' title='bbox 3113 5550 3206 5604; x_wconf 86' lang='grc' dir='ltr'><strong>με.</strong></span> <span class='ocrx_word' id='word_1_804' title='bbox 3255 5525 3489 5605; x_wconf 79' lang='grc' dir='ltr'>’Ἕτερον</span> <span class='ocrx_word' id='word_1_805' title='bbox 3532 5522 3735 5600; x_wconf 73' lang='grc' dir='ltr'>ἀξίωμα</span> <span class='ocrx_word' id='word_1_806' title='bbox 3780 5526 3841 5582; x_wconf 75' lang='grc' dir='ltr'>τὺ</span> 
     </span>
    </p>
   </div>
   <div class='ocr_carea' id='block_1_121' title="bbox 546 5696 2110 5795">
    <p class='ocr_par' dir='ltr' id='par_1_121' title="bbox 546 5703 2110 5795">
     <span class='ocr_line' id='line_1_127' title="bbox 546 5703 2110 5795; baseline -0.008 -13"><span class='ocrx_word' id='word_1_807' title='bbox 546 5717 615 5772; x_wconf 70' lang='grc' dir='ltr'><strong>ιι</strong></span> <span class='ocrx_word' id='word_1_808' title='bbox 640 5716 777 5781; x_wconf 79' lang='lat' dir='ltr'><strong>Act.</strong></span> <span class='ocrx_word' id='word_1_809' title='bbox 810 5732 931 5795; x_wconf 74' lang='lat' dir='ltr'><strong>xvr,</strong></span> <span class='ocrx_word' id='word_1_810' title='bbox 968 5713 1065 5779; x_wconf 82' lang='lat'><strong>25.</strong></span> <span class='ocrx_word' id='word_1_811' title='bbox 1155 5711 1208 5755; x_wconf 77' lang='grc'><strong>⁵⁸</strong></span> <span class='ocrx_word' id='word_1_812' title='bbox 1231 5710 1414 5776; x_wconf 84' lang='lat' dir='ltr'><strong>Hebr.</strong></span> <span class='ocrx_word' id='word_1_813' title='bbox 1447 5725 1536 5787; x_wconf 79' lang='lat' dir='ltr'><strong>tu,</strong></span> <span class='ocrx_word' id='word_1_814' title='bbox 1573 5708 1674 5771; x_wconf 78' lang='grc'>14.</span> <span class='ocrx_word' id='word_1_815' title='bbox 1757 5703 1822 5757; x_wconf 73' lang='lat'><strong>56</strong></span> <span class='ocrx_word' id='word_1_816' title='bbox 1844 5706 2008 5775; x_wconf 79' lang='lat' dir='ltr'><strong>Psal.</strong></span> <span class='ocrx_word' id='word_1_817' title='bbox 2032 5723 2110 5769; x_wconf 84' lang='lat' dir='ltr'><strong>xx</strong></span> 
     </span>
    </p>
   </div>
   <div class='ocr_carea' id='block_1_122' title="bbox 2215 5696 3015 5795">
    <p class='ocr_par' dir='ltr' id='par_1_122' title="bbox 2215 5696 3015 5783">
     <span class='ocr_line' id='line_1_128' title="bbox 2215 5696 3015 5783; baseline -0.01 -16"><span class='ocrx_word' id='word_1_818' title='bbox 2215 5747 2244 5783; x_wconf 58' lang='grc' dir='ltr'><strong>ι,</strong></span> <span class='ocrx_word' id='word_1_819' title='bbox 2278 5706 2337 5765; x_wconf 70' lang='grc'>9.</span> <span class='ocrx_word' id='word_1_820' title='bbox 2424 5698 2485 5751; x_wconf 73' lang='lat'><strong>57</strong></span> <span class='ocrx_word' id='word_1_821' title='bbox 2516 5697 2675 5761; x_wconf 80' lang='lat' dir='ltr'><strong>Psal.</strong></span> <span class='ocrx_word' id='word_1_822' title='bbox 2716 5714 2884 5782; x_wconf 80' lang='lat' dir='ltr'><strong>mn,</strong></span> <span class='ocrx_word' id='word_1_823' title='bbox 2916 5696 3015 5763; x_wconf 88' lang='grc'><strong>10.</strong></span> 
     </span>
    </p>
   </div>
  </div>
