3992 6208
125 5715 135 5721 .
187 5689 336 5743 an

383 333 502 398 503

1177 336 1236 397 S.
1287 332 1712 399 ATHANASII
1757 334 1919 396 OPP.
1969 333 2180 398 PARS.
2237 335 2341 397 [ΙΙ.
2393 369 2460 380 -—-
2513 335 2964 398 EXEGETICA.

3639 329 3753 394 504

381 491 516 533 rom
539 471 957 546 comminatus,
985 479 1043 532 et
1057 471 1178 550 jam
1203 471 1364 550 ipsas
1380 471 1686 533 adfuturas
1713 487 1845 534 esse
1871 467 2030 530 testi.

2142 471 2204 527 ,αί
2233 470 2432 538 ταότην
2461 469 2696 530 ἐντεῦθεν
2725 467 2827 536 ἤδη
2861 465 3264 546 διεμαρτύρατο.
3335 465 3614 524 Ἐνετείλω
3671 463 3756 521 δι-

383 561 590 622 ﬁcatus
619 561 717 624 sit.
747 563 1052 624 Maudastt’
1068 561 1372 638 justitiam
1403 563 1747 622 testimonia
1773 567 2023 630 tua,etc.

385 651 669 722 Quianam
719 649 860 730 alia,
897 651 1148 711 testibus
1199 650 1346 711 caelo
1408 659 1466 712 et
1520 655 1709 730 terra,
1739 645 2030 710 mandasti

2111 561 2397 627 καιοσύνην
2442 560 2505 616 τὰ
2537 559 2799 638 μαρτύριά
2827 581 2945 636 σου,
2972 579 3028 615 κ.
3061 580 3112 618 τ.
3147 555 3198 615 λ.
3235 557 3310 614 Τὰ
3367 556 3504 630 μετᾶ
3557 556 3760 632 μαρτύο

2113 671 2216 728 ρων
2245 651 2468 728 οὖρανοῦ
2499 652 2584 706 καὶ
2627 655 2730 726 γῆς
2757 649 2918 705 τινῶν
2953 646 3130 702 ἄλλων
3165 645 3411 703 ὲνετείλω
3471 647 3756 722 μαρτύρια,

386 739 888 820 testimonia,quaa
907 740 1024 801 sint
1038 740 1268 820 justitia
1297 749 1356 801 et
1381 739 1598 801 veritas
1616 740 1987 820 apertissima
2002 735 2033 796 i’

2144 739 2452 804 ικαιοσύνην
2497 737 2622 795 ὄντα
2653 741 2740 793 καὶ
2773 736 3025 806 ἀλήθειαν
3057 737 3397 816 τρανωτάτην
3433 753 3448 810 ;
3481 733 3630 791 Ἀλλ’
3663 734 3758 791 οὒκ

383 827 500 892 Sed
537 848 654 892 non
685 831 998 892 occultasti
1029 849 1096 892 ea
1125 830 1350 892 scilicet
1396 831 1744 892 rectissima;
1776 840 1908 890 sunt
1928 835 2031 910 ju-

381 919 674 980 diciorum
711 917 946 981 tuorum
997 919 1238 997 regula),
1264 939 1396 1000 quae
1447 928 1602 981 tuam
1638 920 1918 998 justitiam
1947 921 2032 980 si-

383 1009 688 1086 gniﬁcant.
721 1007 922 1089 Itaque
955 1008 1294 1071 testimonia
1329 1020 1428 1072 tua
1468 1018 1606 1070 sunt
1629 1027 1813 1071 sacrae
1872 1007 2034 1072 Scri-

385 1104 599 1176 ptum,
635 1117 768 1177 qua:
799 1097 1186 1178 suntjustitia
1217 1099 1458 1179 quidem
1514 1099 1846 1160 secundum
1901 1117 2032 1160 mo-

381 1185 528 1248 ralia
562 1195 880 1267 praacepta,
915 1186 1133 1248 veritas
1188 1197 1386 1250 autem
1431 1187 1766 1250 secundum
1811 1205 2032 1266 specu-

383 1276 666 1338 lationem
697 1279 1049 1338 verborum.

467 1365 600 1428 l39.
643 1365 950 1428 Tabescere
981 1384 1074 1428 me
1103 1367 1248 1443 fecit
1272 1369 1443 1428 zelus
1478 1376 1640 1436 tuus.
1678 1368 1824 1448 quia
1859 1367 2036 1428 obliti

381 1463 526 1519 sunt
545 1456 738 1518 verba
759 1463 863 1517 tua
887 1456 1126 1519 inimici
1137 1457 1537 1528 mei.Qualem
1554 1457 1787 1536 suscepi
1811 1456 2026 1518 zelum.

383 1546 432 1608 si
465 1564 641 1626 quem
675 1545 933 1608 viderem
955 1546 1272 1628 aliquando
1305 1546 1623 1608 verborum
1649 1554 1882 1606 tuorum
1917 1545 2032 1605 im-

383 1653 736 1697 memorem.
769 1633 978 1716 Neque
1000 1635 1352 1715 simpliciter
1382 1635 1600 1716 zolum,
1627 1635 1730 1696 sed
1767 1636 1944 1695 talem
1977 1643 2040 1695 ut

381 1725 750 1788 tabescerent
777 1723 852 1784 ab
883 1725 1226 1806 hujusmodi
1255 1725 1382 1786 zelo
1425 1744 1532 1805 pro
1565 1735 1622 1787 te
1653 1736 1958 1804 suscepto,
1991 1717 2036 1784 si

2116 827 2406 906 ἧμαύρουςο
2441 828 2608 908 ἣγουν
2645 827 2913 884 saevium
2945 833 3049 884 τῶν
3093 827 3202 882 σῶν
3267 825 3535 904 κριμάτων
3589 825 3760 880 κανδ-

2119 941 2204 983 νες
2235 921 2333 986 τὴν
2377 919 2473 988 cii-1
2507 917 2848 985 δικαιοσύνην
2879 920 3161 993 μηνύουσι.
3221 919 3296 976 Τὰ
3343 921 3431 974 οὖν
3489 919 3556 972 σὰ
3615 937 3764 990 μαρ-

2119 1009 2266 1086 τύρια
2295 1011 2344 1063 αἱ
2373 1013 2515 1065 Θεϊαι
2549 1009 2772 1086 Γραφαί’
2807 1005 3115 1074 δικαιοσύνη
3175 1008 3272 1080 μὲν
3315 1005 3452 1062 κατᾶ
3511 1007 3574 1061 τά
3633 1005 3758 1071 ἠθι-

2119 1098 2185 1152 κὰ
2219 1098 2544 1178 τυγχάνουσι
2589 1095 3039 1176 παραγγέλματα,
3095 1095 3317 1163 ἀλήθεια
3361 1094 3414 1151 δὲ
3471 1094 3606 1152 κατά
3660 1095 3768 1160 τὴν

2115 1186 2332 1264 Θεωρίαν
2365 1191 2472 1242 τῶν
2502 1185 2679 1266 λόγων
2693 1231 2706 1245 .

2195 1361 2435 1432 Ἐξέτηξὲ
2515 1385 2583 1439 με
2644 1367 2671 1420 ὁ
2738 1364 2898 1436 ζῆλός
2953 1386 3059 1435 σου,
3125 1363 3201 1420 ὅτι
3281 1363 3598 1418 ἐπελάθοντο
3651 1368 3764 1416 τὼν

2114 1451 2290 1510 λόλων
2344 1474 2437 1510 σου
2495 1455 2542 1509 οἱ
2591 1453 2775 1534 ἐχθροί
2817 1476 2939 1528 μου.
2993 1457 3121 1510 Οἶον
3165 1453 3327 1524 ζῆλον
3361 1450 3758 1526 ἀνελάμϐανον,

2121 1541 2335 1598 εἴποτε
2367 1543 2547 1619 ἑώρων
2592 1543 2708 1598 τι.νᾶ
2766 1541 3188 1616 ἐπιλελησμένον
3236 1547 3342 1597 τῶν
3399 1544 3506 1598 σιῦν
3555 1544 3757 1618 λόγων.

2127 1631 2222 1688 Καὶ
2251 1633 2355 1711 οὔχ
2386 1631 2568 1694 ἁπλῶς
2599 1631 2783 1711 ζῆλον,
2817 1631 2954 1688 ἆλλᾶ
2981 1631 3064 1687 δια
3107 1634 3198 1687 τὸν
3255 1631 3458 1686 τιθέντα
3517 1653 3609 1704 μοι
3657 1633 3761 1684 ὲκ-

2123 1721 2374 1788 τήκεσθαι
2407 1722 2512 1778 ἀπὸ
2543 1728 2633 1778 τοῦ
2661 1720 2822 1791 ζήλοο
2853 1731 2942 1780 τοῦ
2973 1723 3104 1799 πρὸς
3149 1719 3234 1800 σὲ,
3278 1721 3320 1776 εἷ
3353 1717 3608 1796 ἐθεώρουν
3667 1741 3762 1774 τι-

383 1834 535 1899 quos
587 1813 851 1875 viderem
927 1831 1274 1876 sermonum
1335 1821 1570 1876 tuorum
1625 1817 2033 1876 immemores.

2142 1809 2216 1874 νὰς
2245 1810 2749 1885 ἐπιλανθανομένους
2809 1832 2904 1880 σου
2958 1812 3064 1866 τῶν
3113 1809 3309 1886 λόγων.
3399 1811 3522 1887 Περὶ
3575 1811 3766 1865 τούτου

383 1907 574 1984 Hujus
600 1903 710 1964 zeli
759 1903 1054 1965 recordati
1109 1913 1250 1966 sunt
1309 1905 1616 1986 discipuli,
1657 1906 1734 1968 de
1794 1925 1909 1986 quo
1968 1917 2035 1964 ex

386 2013 640 2080 persona
667 1993 900 2056 Domini
921 1994 982 2054 in
1010 1994 1234 2074 psalmo
1257 1993 1474 2056 dicitur
1501 2017 1516 2058 :
1540 1997 1846 2070 Quoniam
1871 1997 2039 2057 zelus

385 2089 594 2150 domus
627 2093 743 2144 tum
771 2083 1027 2145 comedit
1068 2099 1164 2145 me
1192 2083 1268 2142 ⁸⁸.

475 2177 606 2236 140.
639 2173 906 2252 Ignitum
937 2171 1247 2253 eloquium
1280 2181 1452 2236 tuum
1488 2171 2032 2236 vehementerElo-

387 2267 590 2348 quium
623 2262 854 2325 Domini
888 2261 1136 2340 ignitum
1173 2272 1262 2324 est
1303 2263 1718 2336 vehementer,
1754 2264 2032 2336 sublime,

386 2361 546 2416 omni
579 2351 928 2434 probatione
961 2352 1256 2432 superius.
1292 2352 1364 2414 Et
1385 2353 1435 2414 si
1476 2353 1606 2432 quis
1639 2354 1750 2414 hoc
1782 2353 2031 2432 ignitum

387 2442 688 2525 eloquium
716 2440 952 2512 habeat,
987 2441 1037 2501 is
1097 2441 1298 2504 omnia
1343 2443 1576 2524 judicat
1605 2451 1664 2506 et
1715 2463 1748 2504 a
1795 2445 2035 2504 nemine

379 2532 710 2616 judicatur.

469 2623 609 2684 141.
643 2620 1143 2682 Adolescentulus
1189 2639 1322 2682 sum
1375 2637 1480 2700 ego
1525 2627 1584 2682 et
1632 2629 2027 2700 contemptus.

387 2709 886 2776 Adolescentulus
917 2709 1159 2789 quidem
1206 2719 1298 2772 est
1354 2711 1455 2788 qui
1516 2710 1728 2772 divinis
1783 2711 2036 2792 eloquiis

388 2821 500 2864 ceu
535 2801 849 2862 elementis
906 2798 1201 2882 initiatur,
1233 2809 1605 2882 contemptus
1646 2809 1842 2862 autem
1897 2803 2034 2883 quia

387 2909 522 2954 sese
547 2889 841 2952 humiliat.

474 2979 609 3044 14‘2.
639 2977 892 3041 Justitia
941 2983 1046 3039 tua
1088 2977 1338 3057 justitia
1398 2979 1465 3041 in
1515 2986 1834 3044 celet-num.
1888 2979 2034 3043 Nam

383 3069 620 3150 justitia
677 3069 982 3129 hominum
1043 3067 1140 3148 qui
1194 3067 1354 3148 juste
1405 3067 1696 3148 judicent,
1725 3070 1794 3130 ad
1855 3069 2034 3131 breve

390 3170 630 3240 tempus
652 3157 948 3237 judicium
971 3155 1108 3231 fert,
1129 3157 1361 3237 justitia
1391 3165 1587 3219 autem
1609 3158 1714 3220 Dei
1739 3160 2030 3239 judicium
2051 3153 2090 3203 ο

385 3249 586 3310 reddit
607 3255 918 3308 aeternum.

475 3335 608 3400 143.
653 3335 1097 3398 Tribulationes
1115 3343 1174 3398 et
1205 3339 1498 3416 angustia:
1521 3337 1890 3400 invenerunt
1915 3357 2028 3402 me.

387 3429 453 3492 In
487 3425 850 3509 quibuslibet
879 3425 1325 3497 occasionibus,
1359 3427 1462 3496 ait,
1497 3427 1644 3503 legis
1695 3437 1807 3489 tuae
1839 3429 2032 3490 medi-

388 3518 672 3580 tationem
707 3534 826 3577 nou
857 3515 1270 3594 neglexerunt.

471 3607 612 3670 144.
639 3605 928 3686 Equites
950 3607 1293 3668 testimonia
1325 3612 1430 3668 tua
1459 3607 1522 3667 in
1551 3615 1866 3668 internum.
1893 3607 2035 3680 Quae

389 3695 608 3759 dedisti
667 3695 812 3756 mihi
873 3695 1232 3768 testimonia,
1287 3695 1508 3778 inquit,
1543 3714 1658 3756 non
1717 3697 1788 3757 ad
1853 3697 2034 3760 breve

391 3795 626 3866 tempus
685 3785 883 3864 utilia,
929 3784 1164 3864 justitia
1239 3793 1378 3847 sunt
1425 3785 1485 3846 in
1531 3793 1842 3854 internum.
1899 3805 2032 3848 nam

383 3873 711 3954 justiﬁcant
742 3890 884 3933 eum
916 3871 1018 3952 qui
1049 3872 1262 3934 all‘ectu
1293 3874 1365 3935 ad
1398 3874 1525 3952 ipsa
1564 3874 1812 3937 accedit.
1845 3873 2034 3938 Intel-

390 3965 604 4025 lectum
635 3961 712 4024 da
775 3959 953 4040 mihi,
1012 3967 1066 4023 et
1137 3963 1376 4042 viviﬁca
1433 3980 1546 4023 me.
1609 3963 1754 4024 Nam
1807 3965 2039 4042 justitia

391 4069 567 4132 quam
601 4051 658 4110 in
694 4049 976 4129 praesenti
1010 4059 1278 4130 tempore.
1312 4053 2038 4124 exercemusxetribuitur

391 4139 587 4209 nobis.
622 4157 740 4200 non
771 4139 844 4200 ad
880 4157 1103 4216 paucos
1131 4138 1283 4214 dies,
1312 4141 1415 4203 sed
1465 4139 1526 4201 in
1575 4151 1887 4205 internum.
1918 4145 2032 4206 Sed

389 4230 602 4308 vivam,
657 4227 871 4308 inquit,
923 4227 972 4287 si
1031 4227 1397 4289 intellectum
1454 4229 1691 4290 dederis
1753 4232 1915 4292 mihi.
1977 4238 2034 4294 In

393 4318 554 4380 illam
587 4317 746 4379 enim
769 4317 998 4379 beatam
1025 4317 1200 4378 vitam
1234 4318 1522 4398 insipiens
1541 4337 1658 4378 non
1685 4323 2033 4398 ingreditur.

393 4406 750 4468 Postulanda
781 4405 956 4486 igitur
987 4405 1380 4484 intelligentia
1421 4415 1509 4467 est
1566 4407 1638 4467 ab
1691 4426 1761 4469 eo
1811 4412 1908 4490 qui
1943 4413 2038 4472 dat

389 4494 668 4557 omnibus
693 4504 812 4557 toto
837 4495 1038 4556 animo
1072 4495 1532 4575 postulantibus.

473 4585 611 4656 145,
651 4584 786 4648 146.
825 4584 1108 4648 Clamant"
1138 4588 1204 4646 in
1235 4591 1355 4647 toto
1383 4587 1563 4648 corde
1611 4605 1758 4648 meo.
1797 4585 2036 4654 Primo:
2065 4575 2106 4626 θ

387 4673 670 4736 Clamant
695 4677 762 4736 tu
787 4681 910 4736 toto
930 4673 1104 4736 corde
1132 4691 1288 4746 meo,
1327 4675 1554 4736 exaudi
1585 4693 1703 4756 me,
1739 4679 2036 4743 Domine:

371 4764 836 4842 justzﬁcatlones
867 4769 1006 4826 tuas
1037 4765 1380 4842 requiram.
1415 4765 1726 4825 Secundo:
1758 4767 2041 4829 (.‘Inmavi

385 4853 470 4915 ad
491 4860 566 4925 te,
601 4851 840 4914 salvum
873 4869 968 4913 me
991 4855 1118 4930 Iac.
1155 4849 1300 4912 Nam
1333 4852 1490 4932 quod
1515 4851 1802 4932 loquebar
1831 4873 2038 4915 secun-

387 4941 529 5002 dum
565 4941 920 5020 praecipuam
957 4939 1144 5000 animi
1193 4954 1450 5020 partem,
1486 4941 1632 5002 nihil
1693 4942 1849 5004 aliud
1913 4953 2041 5004 erat

385 5047 562 5106 quam
598 5027 774 5094 Deus.
801 5027 1010 5108 Magna
1039 5028 1225 5108 igitur
1247 5045 1392 5090 voce
1417 5037 1472 5090 te
1499 5029 1800 5100 invocans,
1831 5051 2040 5110 magna

385 5137 529 5180 voce
552 5119 833 5198 promitto
865 5137 960 5180 me
995 5127 1096 5178 tua
1132 5126 1428 5198 praecepta
1481 5117 1960 5183 observaturum.

471 5211 586 5270 147
633 5209 920 5272 Prwvem‘
945 5211 1012 5270 in
1031 5209 1395 5270 maturitate
1422 5215 1480 5269 et
1511 5207 2044 5273 cla-mavulliaturi-

384 5307 568 5360 tatem
600 5297 698 5360 hic
723 5307 892 5362 vocat
918 5297 1350 5377 tenebras,sive
1373 5313 1573 5358 rerum
1607 5299 2044 5364 confusionem.

385 5385 511 5449 Hoc
541 5395 741 5450 autem
773 5387 854 5449 ait
887 5408 901 5451 :
937 5386 1184 5449 Etiamsi
1215 5385 1472 5466 improbi
1503 5405 1640 5448 cum
1696 5389 2046 5450 confusione

384 5477 582 5538 omnia
609 5485 878 5556 agerent,
901 5475 1084 5536 multa
1117 5475 1178 5535 in
1213 5483 1314 5535 tua
1349 5473 1482 5552 lege
1521 5475 1814 5537 incedens
1864 5495 2043 5558 pera-

383 5564 598 5645 gebam
611 5613 624 5627 .

454 5722 522 5777 08
550 5724 712 5856 Point.
743 5737 952 5803 una,
989 5725 1092 5790 10.

2123 1907 2212 1957 τοῦ
2235 1901 2398 1970 ζήλου
2429 1900 2768 1974 ἐμνήσθησαν
2796 1902 2842 1958 οἱ
2895 1901 3151 1978 μαθηταὶ,
3215 1899 3274 1954 ἐκ
3329 1899 3611 1976 προσώπου
3667 1905 3768 1954 τοῦ

2120 1987 2312 2066 Κυρίου
2339 1989 2392 2044 ἐν
2433 1988 2633 2064 ψαλμῳ
2691 1989 2991 2066 εἰρημένου.
3061 1985 3197 2046 ’Ὅτι
3239 1989 3266 2044 ὅ
3311 1987 3472 2058 ζῆλος
3539 1997 3629 2047 τοῦ
3681 1989 3772 2044 οἴ-

2120 2099 2213 2134 κο.)
2255 2099 2348 2132 σου
2377 2079 2644 2156 κατὲφαγέ
2675 2099 2765 2152 με,

2203 2167 2590 2246 Πετιυρωμένον
2671 2169 2732 2224 τὸ
2779 2166 2962 2244 λόγιόν
3009 2189 3102 2222 σου
3175 2164 3394 2246 σφόδρα.
3459 2169 3530 2226 Τὸ
3579 2165 3774 2244 λόγιον

2117 2262 2208 2313 τοῦ
2241 2263 2374 2315 Θεοῦ
2419 2255 2800 2336 πεπυρωμένον
2831 2259 2942 2332 ἔστι
2991 2254 3190 2334 σφόδρα
3245 2256 3332 2312 καὶ
3395 2254 3772 2330 ἐξιστάμενον,

2117 2347 2204 2402 καὶ
2234 2346 2383 2412 πάση
2414 2345 2632 2422 βασάνῳ
2653 2343 2997 2422 ἀνέλεγκτον.
3039 2347 3134 2402 Καὶ
3166 2343 3220 2399 εἴ
3263 2365 3344 2407 τις
3395 2344 3514 2423 ἔχει
3586 2365 3774 2400 πεπυ-

2117 2435 2354 2511 ρωμένον
2385 2435 2541 2492 τοῦτο
2584 2436 2645 2490 τὸ
2690 2433 2896 2512 λόγιον,
2929 2435 3196 2512 ἀνακρίνει
3229 2435 3328 2509 μὲν
3365 2436 3561 2508 πάντα,
3609 2437 3774 2500 αὖτὸς

2116 2524 2168 2589 δὲ
2199 2525 2290 2580 ὑπ’
2321 2523 2532 2588 οὐδενὸς
2561 2523 2918 2600 ἀνακρίνεται.

2198 2615 2468 2684 Νεώτερος
2528 2613 2638 2691 ἐγω
2696 2615 2804 2690 εἰμι
2850 2614 2936 2670 καὶ
2995 2610 3425 2686 ἒξουδενωμένος.
3489 2612 3770 2691 Νεώτερος

2119 2701 2214 2778 μὲν
2245 2705 2272 2759 ὁ
2303 2716 2425 2768 τοῖς
2467 2702 2628 2766 θείοις
2673 2702 2857 2781 λόγοις
2889 2704 3351 2783 στοιχειούμενος,
3402 2699 3768 2777 ἐξουδενωμέ-

2120 2815 2204 2856 νος
2235 2791 2290 2848 δὲ
2320 2791 2406 2851 διὰ
2435 2794 2496 2849 τὸ
2525 2799 2804 2849 ταπεινοῦν
2829 2791 3038 2854 ἑαυτόν,

2199 2971 2264 3028 Ἢ
2349 2969 2658 3038 δικαιοσύνη
2744 2993 2837 3027 σου
2940 2968 3252 3037 δικαιοσύνη
3307 2973 3378 3033 είς
3441 2973 3530 3027 τὸν
3587 2973 3772 3030 αἶ’ὼνα

2117 3058 2182 3116 Ἠ
2215 3061 2314 3136 μὲν
2343 3061 2449 3140 γὰρ
2495 3059 2622 3138 παρ’
2679 3060 2973 3140 ἀνθρώποις
3027 3057 3336 3127 δικαιοσύνη
3399 3063 3523 3140 πρὸς
3583 3061 3775 3141 ὀλίγον

2116 3151 2399 3229 ψηφίζεται
2431 3149 2626 3229 χρόνον
2655 3154 2732 3222 τῷ
2759 3149 3054 3226 κρινομένῳ
3097 3151 3158 3204 τὸ
3187 3148 3411 3224 δίκαιον,
3475 3152 3506 3218 ἦ
3577 3149 3632 3206 δὲ
3671 3165 3776 3214 τοῦ

2119 3247 2249 3296 Θεοῦ
2275 3241 2372 3308 τὴν
2395 3239 2564 3318 κρίσιν
2596 3239 2810 3294 αἰώνιον
2841 3237 3184 3300 ἀποδίδωσιν.

2199 3327 2416 3403 Θλίψεις
2472 3329 2556 3383 καὶ
2613 3327 2840 3407 ἀνάγκαι
2899 3327 3114 3406 εὕροσάν
3187 3350 3276 3403 με.
3338 3327 3466 3386 Οὐδὲ
3527 3329 3578 3384 ἐν
3637 3347 3768 3396 ταῖς

2117 3419 2480 3497 περιστάσεσι,
2543 3419 2695 3496 φησὶ,
2755 3423 2854 3474 τοᾶ
2903 3420 2995 3474 τὸν
3037 3420 3128 3474 σὸν
3185 3417 3410 3494 μελετᾷν
3479 3419 3776 3493 ἠμέλησαν

2119 3509 2306 3584 νόμον.

2203 3596 2526 3662 Δικαιοσύνη
2583 3597 2648 3652 τὰ
2715 3597 2974 3675 μαρτύριά
3075 3619 3168 3652 σου
3244 3600 3318 3662 εἰς
3389 3601 3480 3654 τὸν
3573 3601 3774 3663 αἰῶνα.

2120 3685 2195 3744 "A
2233 3685 2462 3750 δέδωκάς
2509 3708 2620 3760 μοι,
2655 3687 2812 3766 φπσὶ,
2848 3687 3130 3766 μαρτύρια,
3167 3689 3226 3744 οὖ
3253 3689 3387 3766 πρὸς
3437 3687 3616 3766 ὀλὶγον
3667 3689 3774 3745 ὅν-

2119 3799 2183 3834 τα
2226 3775 2496 3856 ὠφέλιμα,
2545 3773 2848 3842 δικαιοσύνη
2909 3777 2982 3839 εἰς
3029 3779 3122 3832 τὸν
3193 3781 3355 3833 αἱιῦνα
3413 3780 3772 3856 τυγχάνουσι,

2119 3865 2426 3923 δικαιοῦντα
2475 3867 2565 3921 τὸν
2625 3865 2854 3922 διαθεσει
2924 3868 3294 3944 συνεγγίζοντα
3345 3869 3552 3930 αὐτοῖς.
3628 3875 3774 3924 Συν-

2121 3957 2296 4012 ὲτισὸν
2346 3976 2435 4030 με,
2495 3956 2580 4010 καὶ
2637 3957 2802 4026 ζῆσόν
2858 3977 2950 4030 με.
3003 3955 3123 4011 ’Ἢν
3193 3957 3294 4035 γὰρ
3351 3957 3616 4033 ἀσκοῦμεν
3675 3957 3774 4014 Eni

2121 4067 2212 4102 του
2243 4047 2506 4121 παρόντος
2560 4047 2896 4112 δικαιοσύνην
2953 4044 3258 4102 ἀποδίδοται
3311 4046 3404 4101 οὐκ
3461 4047 3514 4102 ἐν
3565 4046 3774 4123 ὀλίγαις

2117 4135 2340 4214 ἡμέραις
2389 4138 2563 4210 ἡμῶν,
2599 4133 2722 4190 ἀλλ’
2751 4137 2823 4199 εἰς
2867 4137 2958 4190 τὸν
2990 4137 3178 4195 αἰῶνα.
3233 4133 3404 4190 Ἀλλὰ
3465 4137 3548 4192 καί
3595 4137 3776 4206 ζήσο-

2120 4247 2239 4299 μαι,
2273 4227 2459 4305 φησὶν,
2521 4225 2609 4282 ἐάν
2635 4245 2702 4298 με
2743 4225 3041 4300 συνετίσῃς·
3121 4225 3192 4286 εἰς
3252 4223 3460 4291 ἐκείνην
3514 4228 3613 4303 γὰρ
3667 4229 3780 4292 τὴν

2120 4316 2381 4392 μακαρίαν
2414 4317 2554 4386 ζωὴν
2587 4315 2814 4378 ἀνόητος
2849 4315 2941 4369 οὔκ
2993 4313 3318 4392 εἰσέρχεται,
3373 4315 3628 4380 Αἰτητέον
3679 4317 3782 4370 οὖν

2121 4403 2324 4460 σύνεσιν
2359 4405 2500 4482 παρὰ
2527 4411 2620 4459 τοῦ
2649 4398 2880 4465 διδόντος
2913 4407 3040 4458 πᾶσι
3103 4415 3221 4466 τοῖς
3279 4403 3330 4468 ἐξ
3389 4403 3522 4470 ὅλης
3581 4411 3780 4484 ψυχῆς

2125 4496 2356 4551 αἰτοῦσιν
2391 4493 2570 4551 αὒτόν.

2207 4583 2493 4660 Ἐκὲκραξα
2545 4581 2598 4638 ἐν
2669 4581 2772 4650 ὅλη
2819 4578 3006 4658 καρδίᾳ
3065 4603 3190 4654 μου,
3262 4587 3542 4662 Πρότερον·
3607 4585 3781 4642 Ἐκέ-

2121 4671 2284 4752 κραξα
2338 4673 2392 4727 ἐν
2442 4672 2542 4748 ὅλῃ
2613 4669 2797 4746 καρᾶᾳ
2855 4693 2979 4749 μου,
3033 4671 3328 4728 ἐπακουσόν
3405 4697 3528 4748 μου,
3591 4679 3782 4753 Κύριε·

2123 4765 2187 4819 τὰ
2243 4761 2576 4834 δικαιώματά
2623 4783 2716 4818 σου
2775 4761 3081 4831 ἐκζητήσω.
3141 4762 3418 4839 Δεύτερον’
3499 4762 3782 4842 Ἐχέκρα-

2123 4853 2184 4918 ξά
2215 4874 2322 4922 σοι,
2388 4852 2560 4908 σῶσόν
2595 4872 2686 4925 με.
2722 4849 2802 4907 ’Ὀ
2835 4853 2934 4928 γὰρ
2989 4848 3209 4905 ἐλάλουν
3259 4853 3395 4906 κατὰ
3453 4855 3512 4908 τὸ
3563 4857 3784 4930 ἡγεμο-

2125 4943 2292 5019 νικὸν,
2341 4940 2436 4997 οὒκ
2483 4939 2614 4995 ἄλλο
2657 4962 2706 4995 τι
2735 4940 2802 5006 ἦν
2829 4941 2864 5009 ἥ
2889 4937 2944 4993 ’ὅ
2969 4939 3121 5000 Θεός.
3173 4939 3430 5017 Μεγάλως
3463 4949 3550 4999 οὖν
3585 4965 3641 4998 σε
3677 4965 3784 5000 και

2127 5031 2309 5102 λὲσας,
2372 5030 2622 5108 μεγάλως
2684 5027 3086 5106 ἐπαγγέλλομαι
3116 5029 3181 5084 τὰ
3214 5031 3278 5086 σα
3333 5031 3556 5110 φυλάξαι
3633 5057 3778 5110 μαρ-

2129 5125 2302 5200 τύρια.

2209 5209 2516 5290 Προέφθασα
2617 5207 2670 5263 ἐν
2765 5207 2933 5284 ἀωρίᾳ
3015 5209 3102 5264 καὶ
3186 5206 3488 5286 ἐκέκραξα·
3575 5210 3786 5292 Ἀωρίι

2129 5304 2220 5358 τὸν
2251 5301 2467 5370 σκότον,
2500 5297 2622 5365 ἤτοι
2669 5297 2767 5363 τὴν
2789 5297 3052 5375 σύγχυσιν
3111 5303 3214 5353 τῶιι
3289 5301 3620 5376 πραγμάτων
3667 5327 3790 5380 φη-

2130 5392 2202 5454 σί,
2239 5397 2411 5448 Ταῦτα
2435 5385 2490 5443 δὲ
2535 5386 2703 5464 λέγει·
2745 5385 2926 5442 Καίτοι
2972 5391 3078 5441 τῶν
3137 5388 3466 5462 παρανόμων
3517 5390 3573 5446 ἐν
3647 5413 3802 5472 συγ-

2128 5479 2284 5560 χύσει
2337 5479 2512 5536 πάντα
2545 5475 2870 5550 ποιούντων,
2903 5472 3078 5532 πολλὰ
3109 5474 3164 5530 ἐν
3179 5481 3256 5550 τῷ
3287 5483 3366 5550 σῷ
3397 5483 3548 5552 νόμῳ
3607 5481 3802 5538 ὲστοί-

2125 5592 2262 5650 χουν
2277 5614 2288 5628 .
