3992 6208
259 337 371 401 505

329 475 706 554 Προσήγγισαν
782 473 829 528 οἱ
890 468 1308 534 καταδιώκοντες
1362 490 1430 544 με
1484 468 1698 544 ἀνομίᾳ.
1752 473 1955 525 Συν-Λ

255 570 390 638 ἧψαν
421 564 471 620 οἱ
540 559 899 637 πολεμοῦντές
949 581 1015 634 με
1071 565 1141 635 τῇ
1223 558 1414 634 ἀνομίᾳ
1448 607 1463 632 ,
1525 560 1706 638 φησίν.
1771 557 1900 617 Οὒδὲ

256 655 350 731 γάρ
378 675 459 718 τις
485 651 667 709 διώκει
696 654 789 706 τὸν
819 649 1019 707 δίκαιον
1052 651 1129 725 μὴ
1160 648 1351 725 ἀνομίᾳ
1364 660 1599 706 συνεῖναι
1629 648 1900 727 βουλόμε-

256 765 361 806 νος.

330 830 529 909 Ἑγγῦς
561 831 617 888 εἷ
653 834 737 904 σὺ,
778 829 955 908 Κύριε.
989 827 1052 886 Ὀ
1085 831 1220 891 Θεὸς
1273 827 1519 909 ἀλλαχοῦ
1568 848 1720 908 φησι·
1767 829 1896 893 Θεὸς

251 922 472 999 ἒγγζων
522 920 632 998 ἐγώ
661 922 788 994 εἰμι,
825 921 916 975 καὶ
969 920 1093 997 οὐχι
1120 920 1252 984 Θεὸς
1282 917 1572 997 πόρρωθεν,
1605 917 1750 996 λέγει
1785 920 1896 977 Κύ-

252 1031 381 1090 ριος.
417 1007 483 1067 Ἦ
515 1009 734 1085 δύναμις
786 1010 888 1087 γὰρ
943 1016 1036 1065 τοῦ
1095 1015 1225 1064 Θεοῦ
1279 1011 1562 1088 πᾶνταχοῦ
1590 1007 1724 1080 ἔστι,
1761 1009 1898 1065 κατὰ

251 1101 340 1155 τὸν
369 1105 470 1166 τῆς
502 1097 852 1178 δημιουργίας
881 1099 968 1154 καὶ
997 1098 1250 1176 προνοίας
1292 1096 1476 1176 λόγον.

331 1199 529 1267 Κρῐνον
577 1189 678 1255 τὴν
731 1189 904 1267 κρίσιν
965 1210 1092 1267 μου,
1155 1188 1241 1243 καὶ
1294 1185 1557 1266 λύτρωσαί
1619 1209 1685 1264 με
1722 1235 1738 1262 ,
1817 1185 1902 1244 διὰ

250 1281 337 1334 τὸν
420 1277 585 1358 λόγον
669 1299 764 1334 σευ
846 1277 1006 1348 ζῆσὸν
1093 1298 1186 1352 με,
1286 1277 1460 1355 Λόγον
1543 1277 1642 1346 τῆν
1726 1277 1902 1354 ἐπαγ-

251 1367 428 1445 γελιαν
513 1368 697 1449 φησίν·
787 1368 1149 1446 ἐπηγγείλατο
1227 1367 1328 1447 γὰρ
1384 1365 1529 1434 ἥξειν
1567 1413 1582 1440 ,
1643 1367 1730 1423 καὶ
1786 1367 1899 1422 σώ-

249 1479 360 1512 σειν
397 1461 568 1535 ἡμᾶς.

329 1550 550 1628 Μαιρὰν
620 1548 726 1604 ἀπο
775 1545 1107 1625 ἁμαρτωλῶν
1189 1545 1446 1623 σωτηρία.
1529 1545 1648 1603 ’Ἢν
1702 1546 1901 1604 ἐπλεο-

250 1637 517 1704 νέκτησαν
575 1638 622 1694 οἱ
667 1635 932 1716 ἔρχοντεσ
989 1641 1081 1690 τοῦ
1137 1635 1325 1699 αἰῶνος
1375 1635 1584 1697 τούτου.
1632 1632 1769 1693 ’Ὅτι
1815 1633 1900 1691 δι-

251 1728 545 1803 καιώματά
571 1749 665 1783 σου
709 1726 804 1782 οὐκ
834 1723 1182 1795 ἐξεζήτησαν.
1217 1723 1360 1791 Αὕτη
1387 1726 1422 1792 ἦ
1447 1726 1583 1782 αἰτία
1609 1734 1699 1784 τοῦ
1729 1747 1899 1782 κατα-

1334 334 1735 396 EXPOSITIO
1785 335 1864 394 IN
1913 334 2277 395 PSALMUM
2323 331 2584 395 CXVIII.

3505 331 3621 394 506

2059 466 2198 532 150.
2231 468 2896 550 Appropinquaverunt
2922 474 3352 547 persequentes
3383 485 3477 530 me
3491 471 3619 531 ini-

1988 560 2237 638 quitati.
2300 558 2412 633 Qui
2469 558 2618 620 mihi
2679 558 2902 620 bellum
2984 557 3338 632 inferebant,
3403 559 3619 639 inquit,

1984 647 2278 729 iniquitati
2313 648 2534 711 addicti
2557 656 2754 711 erunt.
2792 650 2979 711 Nemo
3013 653 3172 709 enim
3200 648 3426 726 justum
3481 666 3622 729 per-

1982 739 2268 820 sequitur,
2306 739 2415 799 nisi
2440 736 2750 818 iniquitate
2780 738 3008 800 haerere
3041 737 3199 802 velit.

2066 828 2200 891 151.
2227 827 2417 907 Prope
2437 845 2496 890 es
2517 836 2602 909 tu,
2651 829 2906 890 Domine
2953 828 3103 908 (49).
3144 826 3300 888 Deus
3322 824 3462 888 alibi
3493 827 3575 888 ait
3608 845 3626 912 εν

1980 914 2141 979 Deus
2162 920 2657 998 appropinquans
2678 936 2786 999 ego
2803 936 2964 998 sum,
2989 923 3047 980 et
3062 935 3184 979 non
3210 916 3370 978 Deus
3388 933 3424 977 a
3449 917 3629 996 longe

1980 1005 2128 1068 dicit
2156 1006 2456 1070 Dominus
2483 1008 2567 1068 69.
2617 1009 2766 1071 Nam
2824 1009 2938 1071 Dei
2997 1008 3185 1068 virtus
3234 1005 3456 1086 ubique
3513 1012 3620 1082 est,

1975 1095 2144 1175 juxta
2181 1097 2499 1160 creationis
2525 1105 2585 1161 et
2621 1098 3012 1178 providentiae
3040 1097 3360 1159 rationem.
3450 1140 3461 1150 -

2071 1178 2205 1250 154.
2238 1187 2460 1250 Judica
2509 1189 2826 1267 judicium
2884 1196 3054 1252 tuum
3110 1195 3165 1249 et
3219 1187 3452 1248 redime
3508 1204 3624 1260 me,

1982 1285 2228 1354 prapter
2254 1277 2505 1339 verbum
2531 1289 2699 1339 tuum
2731 1279 2981 1357 viviﬁca
3010 1294 3129 1340 me.
3169 1274 3434 1338 Verbum
3480 1275 3627 1337 dicit

1987 1364 2468 1443 promissionem.
2527 1366 2674 1428 Nam
2739 1366 3022 1448 promisit
3080 1384 3144 1428 se
3205 1373 3517 1427 venturum
3571 1372 3630 1426 et

1985 1453 2236 1516 salutem
2270 1456 2582 1518 allaturum
2619 1457 2822 1518 nobis.

2065 1544 2204 1608 155.
2231 1545 2441 1626 Longe
2471 1565 2508 1609 α
2535 1548 2950 1627 peccatoribus
2971 1545 3162 1608 salus.
3206 1550 3422 1609 Contra
3452 1563 3626 1625 quam

1984 1634 2236 1698 salutem
2269 1632 2528 1718 superbe
2560 1646 2812 1719 egerunt
2831 1638 3130 1718 principes
3176 1636 3377 1699 saeculi
3424 1635 3623 1714 hujus.

1987 1725 2140 1798 Quia
2167 1728 2632 1806 iustificationes
2669 1737 2802 1790 tuas
2835 1745 2953 1789 non
2974 1729 3415 1807 exquisierunt.
3482 1723 3619 1784 Haec

250 1817 460 1873 διώκειν
490 1819 583 1873 τὸν
613 1814 838 1892 δίκαιον,
874 1817 937 1870 τὸ
981 1815 1185 1892 μακρὰν
1217 1813 1432 1879 ἑαυτοὺς
1457 1815 1762 1882 ἀποστῆσαι
1808 1821 1901 1872 τοῦ

2012 1833 2162 1876 ausa
2194 1825 2283 1880 est
2308 1835 2415 1878 cur
2437 1819 2666 1897 justum
2701 1817 3006 1898 persecuti
3041 1825 3202 1891 sunt,
3238 1815 3397 1893 quod
3457 1813 3630 1892 longe

249 1907 388 1964 Θείου
430 1907 622 1980 νόμον.

330 1999 393 2054 Οἱ
423 1995 690 2074 οἰκτιρμοί
716 2017 813 2052 σου
842 1991 1056 2068 πολλοὶ,
1094 1993 1272 2071 Κύριε.
1333 1991 1580 2072 ”Εγνων,
1613 1997 1797 2076 φησὶν,
1830 1996 1902 2060 ὡς

249 2085 584 2164 διεμαρτύρω
609 2086 703 2149 τὰς
728 2083 949 2147 ἐντολὰς
986 2085 1146 2158 ἡμῖν,
1176 2083 1256 2139 ὅτι
1287 2081 1490 2160 βέϐαιοι
1521 2085 1618 2140 εἱσι
1651 2085 1740 2141 καὶ
1771 2086 1906 2160 ἀμε-

253 2179 554 2243 τακίνητοι.
589 2182 757 2233 Τοῦτο
787 2175 890 2252 γὰρ
919 2172 1084 2240 δηλοῖ
1112 2173 1201 2230 καὶ
1234 2173 1286 2229 ὲν
1317 2173 1394 2247 τῷ
1439 2172 1547 2230 ἅνω
1591 2175 1784 2253 στίχῳ,
1819 2176 1903 2254 τὸ,

254 2269 387 2324 Κατ’
414 2267 591 2346 ἀρχὰς
622 2263 789 2343 ἔγνων
818 2266 882 2320 ὲκ
907 2269 1010 2319 τῶν
1044 2263 1341 2340 μαρτυρίων
1380 2284 1496 2326 σου,

335 2354 498 2412 Εἶδον
517 2355 920 2424 ἀσυνετώντας,
944 2353 1034 2408 καὶ
1058 2350 1412 2428 ἐξετηκόμην·
1451 2351 1520 2410 Εἴ
1550 2375 1666 2409 τινα
1697 2353 1908 2433 ἑώρακα

254 2447 331 2521 μὴ
364 2445 607 2502 συνιέντα
635 2443 767 2521 ἐγὼ,
801 2442 887 2499 ἐπὶ
910 2443 998 2498 τὸν
1052 2449 1299 2498 τοιοῦτον
1321 2440 1661 2519 ἒξετηχόμην
1691 2443 1796 2499 ἀπὸ
1817 2452 1908 2502 τοῦ

252 2535 419 2606 ζήλου
451 2535 589 2591 κατὰ
618 2535 718 2596 τὴν
750 2530 1074 2593 Θεοσὲϐειαν,

335 2623 460 2698 Ἰδὲ,
493 2623 576 2680 ὅτι
606 2623 703 2687 τὰς
734 2620 951 2685 ἐντολάς
1002 2643 1096 2677 σου
1158 2621 1441 2700 ἠγάπησα,
1502 2622 1680 2703 Κύριε.
1730 2621 1906 2699 ’Ὂψει

253 2719 355 2792 γὰρ
381 2713 434 2769 ἐν
464 2713 582 2788 ἐμοὶ
636 2717 742 2767 τῶν
786 2711 997 2789 ἀγαθῶν
1042 2709 1207 2789 ἔργων
1254 2713 1376 2776 τοὺς
1433 2713 1656 2776 τύπουςο
1694 2715 1754 2770 οὒ
1808 2713 1906 2792 γὰρ

255 2805 438 2869 ἀπλῶς
469 2805 738 2884 ἐτήρησα,
775 2801 898 2859 ἀλλ’
930 2802 1208 2880 ἠγάπησα,
1247 2803 1416 2880 μηδὲν
1449 2803 1592 2886 ἔχων
1623 2807 1754 2885 πρὸς
1783 2807 1906 2863 ταύ.

255 2918 349 2958 τας
407 2894 837 2972 ἠναγκασμένον,
871 2890 1021 2949 Ἀλλ’
1067 2891 1212 2949 οὐδὲν
1265 2895 1427 2962 ἧττον
1485 2893 1758 2960 ἐλεοῦντός
1811 2919 1904 2954 σου

255 2987 439 3063 δέομαι
471 2991 606 3066 πρὸς
637 2987 704 3042 τὸ
735 2985 895 3056 ζῆσαί
937 3005 1026 3060 με,

336 3076 515 3158 Ἀρχὴ
546 3082 654 3132 τῶν
685 3072 860 3152 λόγων
884 3095 976 3130 σου
1006 3073 1249 3142 ἀλήθεια.
1271 3076 1414 3144 Αὕτη
1446 3077 1632 3156 πρώτη
1661 3082 1766 3134 τῶν
1791 3083 1899 3133 σῶν

256 3166 454 3224 δέδοται
486 3165 743 3243 ἐντολῶν,
776 3163 838 3219 τὰ
868 3161 1140 3231 ἀληθεύειν
1171 3165 1226 3220 ὲν
1255 3171 1409 3241 πᾶσι,
1449 3167 1536 3223 καὶ
1567 3166 1779 3248 πράξει³
1810 3169 1897 3226 καὶ
1915 3209 1959 3260 C

257 3256 419 3334 λόγῳ,
452 3257 540 3312 καὶ
585 3253 830 3325 διανοίᾳ...

335 3343 646 3425 ”Αρχοντες
706 3338 1026 3408 κατεδίωξαν
1096 3363 1163 3417 με
1220 3339 1443 3423 δωρεάν,
1485 3344 1749 3403 ’Ἔθλιϐόν
1808 3369 1895 3423 με,

264 3438 444 3516 φησὶν²
477 3437 527 3491 οι
553 3433 691 3489 κατὰ
735 3433 948 3511 καιροὺς
1006 3431 1289 3513 ἄρχοντες,
1353 3434 1540 3514 ἐχθροὶ
1601 3434 1746 3502 ὄντες
1804 3443 1902 3506 τῆς

263 3521 714 3591 ἀληθείας,⁹Αλλ’
745 3523 807 3578 οὗ
855 3519 1061 3578 δέδοικα
1110 3523 1205 3588 τάς
1247 3523 1462 3580 ἐκείνων
1520 3523 1750 3607 θλίψεις,
1812 3529 1903 3587 τὸν

261 3617 351 3671 σὸν
378 3614 537 3694 λόγον
571 3611 846 3675 δεδοικώς.
879 3607 987 3672 Καὶ
1015 3623 1175 3676 ποῖος
1204 3614 1380 3693 οὗτος³
1443 3615 1480 3683 ἢ
1515 3617 1600 3672 τὸο
1660 3618 1747 3684 Μὴ
1811 3641 1903 3697 φο-

261 3703 460 3775 ϐήθητε
519 3705 628 3760 ἀπὸ
685 3708 792 3758 τῶν
859 3701 1284 3758 ἀποκτεινόντων
1342 3706 1402 3760 τὸ
1457 3712 1637 3780 σῶμα,
1691 3707 1793 3774 τὴν
1856 3706 1910 3762 δὲ

259 3796 440 3874 ψυχὴν
528 3791 849 3849 ἀποκτεῖναι
945 3791 1023 3864 μὴ
1111 3790 1436 3866 δυναμένων·
1496 3795 1770 3874 φοϐήθητε
1857 3795 1911 3852 δὲ

262 3865 462 3958 μᾶλλον
521 3884 615 3940 τὸν
670 3880 955 3959 δονρμενον
1014 3883 1102 3936 καὶ
1157 3881 1344 3961 ψυχὴν
1397 3865 1519 3939 καὶ.
1555 3888 1712 3961 σῶμα,
1769 3886 1909 3944 ἀπο..

262 3972 404 4029 λέσαι
437 3975 513 4038 εἷς
559 3971 782 4051 γεὲννην
816 3986 833 4043 ;

336 4062 775 4142 Ἀγαλλιάσομαι
861 4058 970 4137 ἐγὼ
1056 4059 1140 4116 ἐπὶ
1228 4059 1292 4116 τὰ
1378 4058 1534 4138 λόγιά
1583 4085 1699 4136 σου,
1753 4066 1826 4130 ὡς
1885 4067 1912 4121 ὁ

263 4155 518 4233 εὒρεπων
607 4148 773 4209 σκῦλα
857 4147 1053 4205 πολλά.
1141 4148 1212 4205 Οὔ
1258 4147 1407 4227 φόϐῳ
1481 4149 1534 4206 δὲ
1586 4152 1744 4227 μόνον
1817 4155 1913 4222 τὴν

262 4245 502 4311 ὑπακοὴν
575 4240 677 4308 τῆν
736 4238 866 4317 πρός
921 4237 1043 4302 τοὺς
1093 4239 1262 4303 θεὶους
1328 4237 1518 4316 λόγους
1595 4245 1915 4312 πεποιῆσθαι

266 4355 444 4415 φησιν,
492 4331 636 4388 ἀλλὰ
666 4331 755 4386 καὶ
799 4333 968 4408 χαρᾷ,
1002 4325 1123 4393 ἥτις
1175 4327 1260 4384 ἐπὶ
1301 4327 1516 4402 πλούτῳ
1545 4332 1724 4415 χαίρει
1769 4333 1913 4390 πολ-

268 4403 353 4486 λά,
403 4403 746 4497 έεϐαιωτέρα
801 4403 891 4474 ’δὲ⁷
929 4403 1160 4495 τήρησις
1250 4419 1283 4485 ἡ
1341 4418 1395 4473 ἐν
1458 4403 1913 4499 χαρξᾷνγινομένη

271 4512 541 4588 Πολεμίων
569 4509 627 4566 δὲ
658 4507 960 4564 διωκόντων
993 4507 1264 4585 μνησθεὶς,
1300 4510 1389 4564 καὶ
1420 4508 1630 4565 σκύλων
1693 4512 1913 4576 εἰκότως

1986 1903 2387 1968 abscesserint
2418 1925 2450 1967 a
2483 1907 2679 1969 divina
2712 1906 2862 1984 lege.

2075 1995 2207 2058 156.
2241 1997 2681 2061 Misericordia:
2715 2005 2835 2059 tuae
2864 1998 3094 2068 multae,
3124 1994 3412 2057 Domine.
3446 1993 3616 2073 Novi,

1989 2083 2204 2165 inquit,
2231 2094 2290 2146 te
2322 2086 2699 2148 testiﬁcatum
2748 2103 2882 2148 esse
2934 2084 3126 2156 nobis,
3186 2093 3481 2166 praecepta
3533 2092 3628 2144 tua

1992 2175 2161 2236 ﬁrma
2197 2184 2256 2237 et
2279 2178 2522 2238 immota
2551 2194 2707 2238 esse.
2740 2175 2864 2238 Hoc
2888 2175 3048 2236 enim
3080 2175 3370 2256 signiﬁcat
3400 2175 3461 2234 in
3522 2192 3628 2233 su-

1991 2267 2300 2344 superiore
2325 2282 2520 2328 versu:
2535 2265 2722 2328 Initio
2740 2267 2993 2344 cognovi
3005 2265 3080 2326 de
3107 2264 3464 2327 testimoniis
3483 2265 3627 2324 tuis.

2075 2353 2212 2418 158.
2257 2355 2390 2418 Vidi
2445 2358 2947 2436 praevaricantes,
3000 2363 3054 2418 et
3127 2353 3511 2416 tabescebam.
3568 2353 3628 2414 Si

1993 2461 2172 2520 quem
2201 2443 2476 2507 videbam
2513 2463 2632 2505 non
2666 2444 3120 2523 intelligentem,
3159 2444 3288 2523 ejus
3338 2460 3516 2504 causa
3562 2459 3632 2502 ex

1992 2533 2118 2595 zelo
2151 2534 2388 2613 pietatis
2419 2552 2525 2614 ego
2557 2532 2963 2596 tabescebam.

2078 2624 2210 2686 159.
2245 2623 2393 2686 Vide
2423 2624 2711 2705 quoniam
2741 2624 3031 2686 mandata
3059 2633 3163 2686 tua
3185 2623 3403 2697 dilecti,
3442 2623 3635 2683 Domi-

1991 2731 2088 2776 ne.
2123 2712 2371 2775 Videbis
2397 2713 2555 2774 enim
2590 2720 2648 2774 in
2683 2731 2778 2776 me
2813 2714 3104 2775 bonorum
3138 2732 3383 2794 operum
3449 2711 3629 2772 vesti-

1989 2802 2104 2882 gia.
2132 2801 2262 2865 Non
2288 2811 2515 2865 tantum
2543 2803 2700 2864 enim
2727 2801 3058 2875 observavi,
3085 2803 3190 2864 sed
3223 2802 3401 2863 etiam
3426 2800 3627 2871 dilexi,

1987 2893 2148 2955 nulla
2177 2893 2232 2953 vi
2261 2893 2336 2955 ad
2369 2912 2436 2955 ea
2468 2893 2782 2974 impulsus.
2818 2894 3040 2956 Verum
3065 2892 3454 2955 nihilominus
3477 2910 3628 2973 rogo

1986 2989 2042 3044 te
2072 2982 2481 3046 misaratorem
2512 2992 2575 3045 ut
2605 2983 2863 3045 viviﬁces
2893 3000 3010 3046 me.

2065 3072 2204 3136 160.
2238 3072 2623 3154 Principium
2680 3072 3011 3135 verborum
3062 3081 3307 3136 tuorum
3377 3073 3634 3136 veritas.

1984 3159 2105 3223 Hoc
2137 3161 2394 3245 primum
2430 3170 2520 3225 est
2550 3171 2982 3244 praeceptorum
3011 3173 3270 3243 tuorum,
3297 3171 3360 3226 ut
3388 3179 3634 3225 veraces

1986 3250 2174 3314 simus
2203 3252 2264 3314 in
2299 3252 2576 3315 omnibus
2609 3271 2812 3334 opere,
2841 3256 3051 3326 verbo,
3088 3264 3313 3317 mente.

2075 3343 2209 3406 161.
2236 3345 2554 3424 Principes
2572 3345 2873 3423 persecuti
2893 3352 3037 3405 sunt
3068 3362 3162 3406 me
3185 3342 3629 3426 gratis.Me,in-

1989 3431 2138 3514 quit,
2170 3432 2529 3513 afﬂigebant,
2564 3433 2664 3514 qui
2698 3433 2872 3496 variis
2904 3439 3270 3512 temporibus
3326 3432 3624 3513 principes

1989 3521 2176 3598 fuere,
2217 3528 2422 3603 utpote
2458 3525 2719 3584 veritatis
2751 3522 3005 3585 inimici.
3039 3523 3114 3583 At
3151 3541 3354 3584 eorum
3409 3539 3617 3602 perse-

1992 3612 2268 3674 cutiones
2295 3630 2412 3674 non
2445 3612 2802 3688 reformido,
2835 3613 2942 3673 sed
2959 3613 3151 3675 solum
3175 3613 3423 3674 verbum
3455 3620 3630 3674 tuum

1993 3701 2300 3774 Quodnam
2319 3701 2464 3763 illud
2491 3702 2720 3782 est,nisi
2757 3724 2770 3764 :
2808 3702 3005 3765 Nolite
3030 3709 3246 3764 timere
3289 3704 3362 3763 ab
3393 3703 3468 3763 iis
3528 3698 3634 3778 qui

1992 3793 2268 3854 occidunt
2284 3810 2497 3872 corpus
2518 3797 2787 3854 animum
2809 3801 3014 3854 autem
3037 3811 3157 3856 non
3198 3797 3444 3872 possunt
3477 3791 3631 3853 occi-

1993 3883 2128 3944 dere
2160 3883 2301 3946 :sed
2331 3885 2534 3963 potius
2573 3885 2769 3945 timete
2797 3902 2929 3946 eum
2964 3885 3073 3964 qui
3126 3890 3322 3964 potest
3379 3891 3436 3945 et
3493 3881 3636 3943 ani-

1994 3990 2159 4036 mam
2183 3980 2237 4036 et
2267 3991 2484 4053 corpus
2507 3973 2766 4052 perdere
2792 3975 2860 4035 in
2890 3974 3224 4053 gehennam
3253 3974 3316 4025 70
3348 3973 3374 4034 ἰν

2080 4065 2217 4125 162.
2274 4062 2554 4126 Laetabor
2593 4081 2700 4141 ego
2723 4081 2902 4143 super
2935 4063 3178 4145 eloquia
3201 4070 3330 4139 tua,
3353 4065 3510 4126 sicut
3534 4061 3643 4142 qui

1996 4154 2224 4214 invenit
2259 4153 2457 4232 spolia
2490 4151 2704 4216 multa.
2739 4151 2866 4214 Non
2901 4154 3113 4215 timore
3164 4162 3386 4215 tantum
3448 4171 3512 4213 se
3569 4151 3643 4212 ad

1998 4240 2453 4322 obsequendum
2488 4243 2704 4305 divinis
2729 4243 2924 4305 verbis
2955 4243 3169 4306 adduci
3194 4243 3296 4323 ait,
3331 4242 3434 4304 sed
3462 4243 3641 4304 etiam

1995 4331 2230 4410 gaudio,
2266 4332 2424 4410 quod
2461 4332 2537 4392 de
2566 4333 2828 4412 acceptis
2862 4332 3077 4395 divitiis
3110 4351 3496 4412 permagnum
3533 4339 3642 4392 est.

1996 4419 2253 4482 Firmior
2270 4429 2468 4483 autem
2491 4422 2929 4482 estobservatio
2956 4441 3025 4484 ex
3051 4423 3260 4501 gaudio
3305 4419 3646 4502 parta.Cum

1997 4519 2192 4571 autem
2227 4519 2657 4591 persequentes
2712 4511 2995 4573 inimicos
3028 4513 3476 4587 memoraverit,
3506 4511 3649 4589 jure

266 4602 528 4678 ἐμνήσθη.
578 4601 688 4658 οὐκ
730 4596 793 4652 ἂν
823 4597 948 4675 γὰρ⁷
996 4597 1148 4676 φησὶ,
1183 4596 1385 4660 πάντας
1431 4597 1632 4654 ἀνελὼν
1665 4604 1752 4657 καὶ
1784 4624 1907 4657 σκυ-

2012 4600 2326 4678 spoliorum
2354 4600 2716 4661 mentionem
2734 4601 2897 4662 fecit.
2929 4602 3077 4662 Nam
3101 4602 3150 4662 si
3172 4619 3411 4680 omnes,
3431 4599 3644 4679 inquit,

265 4693 477 4764 λεύσας,
516 4697 773 4746 τοσοῦτον
805 4687 1016 4756 ὡήθην,
1044 4686 1117 4745 ὡς
1148 4685 1234 4740 ἐπὶ
1266 4698 1383 4751 τοῖς
1413 4685 1596 4765 λόγοις
1621 4702 1737 4753 τοϊς
1770 4704 1914 4753 σοῖς.

265 4778 503 4859 (ϐοτά.)
551 4777 732 4840 Ποίοις
781 4773 988 4852 λόγοις,
1051 4773 1086 4841 ἢ
1149 4775 1266 4849 περὶ
1291 4775 1365 4830 ὧν
1422 4774 1566 4854 λέγει
1612 4780 1638 4833 ὁ
1689 4777 1914 4845 Παῦλος⁶

266 4877 468 4947 Πρῶτοι
572 4869 674 4946 γὰρ
773 4863 1166 4938 ἐπιστεύσαμεν
1250 4865 1317 4919 τὰ
1404 4865 1570 4945 λόγια
1640 4871 1734 4925 τοῦ
1790 4876 1919 4926 Θεοῦ

266 4963 379 5038 περὶ
405 4963 514 5017 coiri
547 4955 816 5016 Ἰουδαίων
849 4954 1090 5034 φάσκων.

340 5047 575 5106 Ἀδικίαν
602 5047 861 5123 ἒμίσησα,
896 5066 951 5106 κ,
986 5065 1038 5102 τ.
1073 5042 1128 5105 λ.
1164 5043 1236 5100 Οὔ
1279 5045 1380 5122 γὰρ
1415 5045 1538 5101 κατ’
1567 5048 1800 5109 ἒκείνονς
1839 5051 1922 5104 νει

270 5141 389 5214 πρό-ι
429 5138 612 5211 ἤμυνα
641 5136 729 5192 καὶ
760 5132 930 5190 σγῦλα
961 5129 1140 5188 λαϐὼν
1172 5131 1551 5208 βδελύττομαν
1615 5137 1780 5210 μόνον
1833 5138 1919 5214 γὰρ

271 5227 537 5308 ὡῳὲλιμον
570 5223 776 5283 ἀδικίαν
824 5221 1218 5300 βδελύττεσθαι’
1266 5221 1345 5279 διὸ
1403 5247 1497 5281 σου
1553 5228 1640 5282 καὶ
1697 5225 1918 5292 δεόντως

272 5318 353 5375 τὸν
382 5319 543 5394 νόμον
569 5316 767 5387 νοήσας
799 5313 1084 5391 ἠγάπησα,
1135 5309 1398 5389 μηδαμῶς
1428 5315 1584 5371 αὐτὸν
1629 5314 1800 5374 ἕλκων
1831 5316 1916 5373 ἐπὶ

344 5478 658 5542 6919mm.
697 5495 791 5547 xv,
827 5473 926 5535 ‘23.
1018 5472 1079 5521 70
1101 5472 1306 5534 Matth.
1339 5493 1394 5544 λ,
1432 5474 1528 5535 :38.

352 5642 468 5720 (49;
503 5643 565 5704 in
604 5643 672 5702 it.
708 5645 745 5698 '2
778 5641 903 5699 inec
934 5632 1230 5694 dicuntur
1257 5630 1533 5712 Origenis
1564 5652 1728 5696 esse.

2001 4689 2076 4749 de
2110 4688 2304 4750 medio
2338 4689 2713 4751 sustulissem
2745 4708 2812 4750 ac
2845 4690 3222 4770 spoliassem,
3259 4708 3378 4750 non
3413 4687 3554 4750 tanti
3587 4691 3644 4751 id

2001 4777 2283 4856 facerem,
2311 4779 2512 4860 quanti
2539 4778 2718 4841 verba
2745 4779 3423 4860 tua.(Corderius.)Quae
3446 4779 3644 4856 verba,

2002 4868 2115 4930 nisi
2148 4867 2222 4929 de
2255 4870 2469 4950 quibus
2500 4870 2716 4932 Paulus
2753 4890 2766 4929 :
2819 4871 3017 4932 Primi
3054 4872 3217 4932 enim
3280 4869 3650 4932 credidimus

2001 4957 2241 5037 eloquia
2276 4960 2385 5021 Dei
2412 4958 2490 5040 τ’,
2525 4960 2596 5020 de
2626 4958 2846 5021 Judasis
2877 4959 3131 5039 loquens
3161 4960 3191 5019 ?

2088 5047 2649 5128 163.1niquitatem
2675 5050 2810 5112 odio
2827 5049 3033 5123 habui,
3063 5048 3312 5110 etc.Non
3337 5049 3495 5110 enim
3524 5066 3653 5127 per-

2005 5136 2147 5198 inde
2176 5145 2354 5216 atque
2386 5136 2498 5213 illi,
2553 5144 2852 5200 mortuum
2917 5139 3078 5200 ultus
3127 5157 3285 5220 sum,
3354 5151 3411 5201 et
3469 5137 3655 5217 raptis

2002 5225 2229 5307 spoliis,
2264 5227 2461 5306 ipsum
2495 5227 2872 5289 abominatus
2913 5247 3070 5290 sum.
3096 5226 3242 5290 Nam
3276 5228 3652 5308 iniquitatem

2002 5315 2192 5379 solam
2213 5314 2544 5379 abominari
2571 5317 2712 5380 utile
2734 5317 3046 5393 est.Quare
3070 5327 3227 5382 tuam
3257 5318 3446 5398 legem
3471 5316 3650 5379 intel-

1617 5476 1668 5523 Ἠ
1708 5474 1989 5548 ΡιυιΠΛΙΙ,
2029 5483 2088 5540 2.
