3992 6208
307 308 420 371 507

1098 311 1156 370 S.
1206 312 1628 373 ATHANASII
1672 311 1836 371 OPP.
1886 311 2099 372 PARS.
2149 310 2258 372 Ιῐῐ.
2306 344 2378 354 -
2428 313 2882 376 EXEGETICA.

3563 313 3682 378 508

305 441 520 521 ligens,
545 441 627 502 uti
662 459 764 520 par
797 450 922 502 erat
951 441 1152 516 dilexi,
1185 443 1521 505 nullatenus
1552 461 1680 505 eam
1700 445 1934 506 trahens

2026 444 2090 499 τὰ
2118 444 2307 522 γήϊνα.
2359 443 2553 521 Ἠμεϊς
2586 448 2686 526 γὰρ
2745 450 2820 512 ὡς
2863 447 3292 525 συνεγερθένντες
3359 457 3570 527 Χριστῷ
3609 452 3680 506 τὰ

305 531 378 594 ad
410 539 668 594 terrena.
707 530 825 592 Nos
866 532 1024 593 enim
1079 541 1283 612 utpote
1343 551 1460 595 una
1520 551 1655 595 cum
1714 533 1947 597 Christo

309 621 672 703 resuscitati,
701 640 962 702 superna
995 624 1339 702 qumrimus‘
1376 641 1494 684 non
1520 630 1785 686 terrena.

388 710 528 772 164.
556 712 787 792 Septies
826 712 892 773 in
912 712 1011 774 die
1037 712 1273 774 laudem
1299 714 1442 774 dixi
1464 713 1596 774 tibi.
1625 714 1742 775 Per
1763 721 1945 776 totam

303 802 481 861 vitam
503 819 671 864 suam
699 799 1069 863 illuminatus
1087 803 1188 882 qui
1223 803 1423 882 justus
1448 810 1558 877 est,
1592 802 1652 863 in
1687 803 1948 884 perfecta

304 888 402 952 die
425 890 901 966 versabitur,non
926 890 1256 971 interrupta
1285 911 1390 972 per
1420 901 1676 965 noctem,
1697 901 1947 972 etsupra

305 979 592 1041 mundum
627 981 889 1044 elevatus
919 979 1105 1042 Deum
1143 981 1363 1060 septies
1393 979 1611 1057 laudat,
1667 1000 1737 1043 eo
1783 983 1942 1062 quod

303 1085 482 1148 supra
505 1071 791 1132 mundum
819 1089 919 1132 sex
950 1071 1165 1132 diebus
1187 1071 1493 1132 conditum
1519 1071 1943 1146 insurrexerit;

303 1157 581 1221 nimirum
607 1161 665 1222 in
698 1160 972 1240 paradiso
1000 1162 1106 1223 Dei
1140 1161 1521 1235 constitutus,
1545 1161 1865 1223 creationis
1886 1169 1946 1224 et

302 1249 800 1327 providentiaeDei
826 1251 1121 1312 rationem
1145 1251 1800 1332 contemplatus,ipsum
1819 1251 1943 1313 lauo

301 1336 399 1399 dat
427 1356 608 1420 super
629 1341 858 1421 judicia
874 1340 1122 1420 justitia:
1153 1341 1282 1403 Dei.
1318 1339 1667 1403 Secundum
1703 1359 1770 1402 ea
1800 1357 1940 1403 vero

291 1427 544 1507 judicia,
631 1431 999 1510 singulorum
1055 1429 1444 1510 multiplicem
1507 1429 1936 1510 providentiam

297 1517 500 1595 gessit.
545 1518 750 1596 (Alius
773 1521 1013 1590 codex.)
1046 1518 1148 1579 His
1179 1518 1478 1598 significat
1507 1520 1744 1581 laudem
1779 1539 1934 1581 nun-

297 1624 473 1686 quam
507 1607 900 1672 desinentem.
937 1607 1210 1688 Semper,
1245 1607 1348 1680 ait,
1386 1628 1618 1670 memor
1649 1609 1730 1671 l‘ui
1767 1609 1937 1688 judi-

299 1695 528 1758 ciorum
561 1706 821 1780 tuorum,
857 1717 987 1779 quae
1016 1699 1176 1778 juste
1209 1697 1416 1777 tulisti;
1449 1698 1816 1779 principibus
1839 1699 1936 1778 qui

297 1785 554 1866 superbe
585 1787 838 1867 agebant
863 1787 1092 1868 ejectis,
1138 1787 1207 1848 iis
1231 1805 1369 1848 vero
1401 1787 1500 1868 qui
1531 1787 1750 1868 injuria
1805 1787 1937 1849 alii—

298 1873 610 1937 ciebantur
665 1876 958 1938 liberatis.

383 1965 979 2047 l70.Appropinquet
995 1965 1333 2046 deprecatio
1348 1983 1498 2028 mea.
1513 1965 1942 2046 .Intretdigni-

298 2060 390 2114 tas
411 2071 542 2117 mea
564 2059 629 2118 in
674 2065 995 2137 conspectu
1041 2065 1164 2132 tuo,
1211 2056 1481 2119 Domine.
1527 2054 1678 2118 Vide
1713 2067 1938 2120 rectum

295 2141 628 2208 divinorum
653 2146 972 2209 verborum
989 2145 1568 2208 ordinem.Primum
1588 2146 1746 2208 enim
1775 2146 1942 2228 poni-

296 2239 413 2314 tur,
435 2242 904 2318 appropinquat,
931 2236 1175 2317 deinde,
1197 2237 1355 2317 quod
1387 2236 1582 2316 majus
1614 2245 1722 2317 est,
1749 2239 1937 2298 intret

287 2327 616 2402 postulatio
639 2346 773 2390 mea
803 2348 818 2389 :
852 2335 988 2389 ante
1035 2327 1369 2406 ingressum
1417 2327 1575 2388 enim
1609 2327 1935 2407 appropin-

289 2415 616 2488 quandum.
651 2416 796 2479 Nam
829 2420 929 2479 ubi
953 2417 1456 2497 apprOpinquavit
1505 2416 1798 2496 quispiam
1823 2416 1935 2476 do-

288 2521 474 2582 mum,
531 2506 581 2567 si
638 2508 713 2568 sit
769 2506 996 2568 amicus
1058 2506 1522 2586 patrisfamilias,
1572 2505 1932 2584 ingreditur.

286 2591 474 2664 Quam
508 2603 700 2657 autem
738 2596 1225 2676 deprecationem
1259 2595 1507 2670 vacavit,
1567 2613 1724 2656 nunc
1787 2594 1934 2656 dicit

287 2682 656 2760 dignitatem,
682 2704 714 2746 a
732 2686 1067 2764 dignando.
1096 2687 1249 2749 Num
1270 2686 1420 2747 forte
1436 2685 1576 2764 quia
1598 2693 1735 2747 sunt
1755 2703 1931 2746 mun-

285 2772 455 2835 dana)
482 2773 820 2854 dignitates,
852 2775 933 2837 ita
959 2775 1172 2838 animae
1213 2776 1387 2836 etiam
1412 2775 1728 2854 dignitates
1767 2780 1934 2837 sunt?

283 2861 551 2942 Dignitas
581 2869 804 2946 quippe
838 2874 926 2928 est
975 2865 1306 2947 apostolum
1366 2883 1499 2926 esse
1537 2886 1550 2923 :
1605 2863 1931 2941 dignitates

285 2948 426 3012 item
460 2962 596 3014 sunt
622 2953 865 3016 ordines
917 2954 1345 3018 ecclesiastici.
1411 2953 1682 3034 Dignitas
1731 2961 1928 3016 autem

282 3043 520 3120 animae,
555 3044 802 3107 virtutes
835 3045 1076 3118 habere,
1105 3055 1205 3106 aut
1233 3062 1435 3106 earum
1472 3042 1756 3124 aliquam.
1821 3042 1931 3115 Qui

286 3132 628 3212 hujusmodi
662 3135 1004 3214 dignitatem
1029 3134 1255 3196 obtinet
1275 3136 1402 3197 hzcc
1433 3134 1722 3214 loquitur.

371 3225 508 3286 l7l.
541 3223 826 3286 Eructent
854 3225 1012 3285 labia
1036 3241 1168 3286 mea
1185 3226 1500 3304 hymnum.
1531 3222 1930 3298 Eructatio,ut
1948 3232 1988 3284 C

287 3312 633 3392 plurimum,
667 3313 943 3376 saturatis
964 3311 1380 3376 accidit.Novit
1446 3313 1629 3391 igitur
1661 3311 1926 3373 divinum

283 3401 528 3464 verbum
552 3404 919 3484 spiritualem
948 3402 1374 3484 escam.Ipsum
1398 3400 1841 3481 igiturVerbum
1863 3419 1929 3463 se

287 3511 495 3572 panem
553 3513 685 3556 esse
726 3493 976 3576 ait.Ego
1013 3497 1178 3556 enim
1198 3511 1328 3555 sum
1353 3494 1535 3573 panis
1554 3497 1699 3554 vitae
1727 3492 1834 3571 qui
1853 3493 1927 3554 de

285 3582 426 3644 coelo
443 3584 750 3647 descendit
781 3585 856 3643 73.
890 3584 986 3646 Ait
1008 3585 1146 3645 item
1180 3601 1193 3645 :
1224 3585 1350 3657 Qui
1367 3583 1694 3644 manducat
1729 3599 1926 3644 meam

284 3691 552 3754 carnem,
587 3676 768 3738 habet
797 3675 986 3738 vitam
1017 3679 1084 3736 in
1113 3675 1428 3752 semetipso
1452 3673 1534 3734 75.
1571 3671 1740 3734 Hunc
1790 3691 1922 3733 cum

285 3762 685 3844 comedimus,
721 3766 1002 3846 hymnum
1029 3772 1389 3826 eructamus.
1429 3761 1600 3824 Hunc
1622 3770 1763 3842 opto
1807 3761 1920 3822 mi-

285 3852 346 3912 hi
381 3853 815 3916 eructationem
847 3855 1145 3917 accidere.
1179 3853 1342 3926 Quod
1378 3851 1509 3914 ﬁeri
1544 3853 1749 3932 nequit
1807 3849 1923 3912 nisi

285 3959 383 4002 me
412 3941 689 4004 docueris
714 3943 1174 4023 justiticationes
1209 3953 1363 4006 tuas.

365 4029 502 4092 172.
537 4033 906 4094 Pronuntiet
927 4033 1139 4112 lingua
1171 4049 1304 4093 mea
1336 4031 1580 4110 eloquia
1619 4037 1744 4092 tua.
1800 4027 1926 4090 Ro-

283 4125 379 4194 gat
408 4129 475 4181 ut
507 4138 575 4182 ea
605 4140 737 4202 qua:
768 4121 896 4202 ipse
920 4121 1184 4202 loquitur
1211 4127 1330 4182 sint
1363 4119 1608 4181 verbum
1634 4116 1765 4195 Dei,
1795 4117 1928 4196 jux-

292 4216 346 4268 ta
378 4208 521 4270 illud
554 4229 566 4273 :
601 4214 785 4290 Aperi
822 4229 885 4274 os
919 4219 1086 4274 tuum
1119 4210 1299 4273 verbo
1335 4209 1530 4270 Dei“.
1574 4204 1924 4286 Hujusmodi

289 4307 487 4362 autem
523 4300 699 4362 homo
731 4301 924 4366 otiosa
972 4302 1149 4362 verba
1213 4319 1329 4362 non
1385 4299 1667 4379 loquitur.
1729 4296 1926 4370 Quare

287 4389 506 4450 Paulus
534 4391 616 4451 ait
648 4411 662 4450 :
696 4391 859 4452 Illud
890 4393 1074 4469 enim,
1110 4388 1245 4451 Non
1287 4387 1542 4466 occides,
1599 4404 1720 4447 non
1777 4402 1927 4445 mos-

283 4477 575 4553 chaberis,
603 4499 719 4542 non
752 4481 986 4560 furtum
1002 4480 1214 4558 facies,
1241 4487 1298 4541 et
1328 4480 1381 4538 si
1405 4477 1562 4558 quod
1581 4475 1753 4537 aliud
1778 4491 1920 4552 pra:-

2032 533 2140 590 ἅνω
2170 541 2457 613 ζητοῦμεν,
2491 541 2552 595 οῦ
2585 539 2650 594 τὰ
2694 537 2778 594 ἐπὶ
2810 540 2908 605 τῆς
2941 543 3068 618 γῆς.

2107 709 2362 778 Ἐπτάκις
2415 714 2510 782 τῆς
2567 716 2771 794 ἡμέρας
2819 715 2984 784 ἥνεσά
3037 738 3142 780 σοι,
3189 716 3323 795 Παρ’
3399 716 3526 773 ὅλον
3585 714 3683 768 τὸν

2028 800 2139 876 βίον
2185 803 2342 860 αὐτοῦ
2373 807 2400 859 6
2445 802 2641 872 δίκαιος
2671 805 3038 886 φωτιζόμενος
3070 807 3126 862 ἐν
3161 806 3336 882 ἡμέρᾳ
3381 806 3530 863 ’έσται
3577 823 3681 858 τε-

2028 887 2167 969 λείᾳ,
2205 895 2263 950 οῦ
2295 892 2734 972 μεσολαϐοομένῃ
2785 896 2887 952 ὑπὸ
2962 897 3171 962 νυκτός·
3239 899 3326 954 καὶ
3391 897 3528 952 αἰνεῖ
3586 893 3685 948 τὸν

2029 981 2158 1038 Θεὸν
2189 982 2409 1047 ἑπτάκις
2441 985 2800 1059 ὑπερκόσμιος
2846 988 3110 1066 γεγονὼς,
3169 994 3264 1043 τοῦ
3321 985 3429 1043 ἄνω
3486 1005 3682 1063 κεχω-

2026 1069 2242 1147 ρηκέναι
2276 1080 2370 1129 τοῦ
2396 1077 2454 1129 ἒν
2484 1074 2538 1140 ἓξ
2567 1075 2790 1150 ἡμέραις
2821 1076 3110 1155 γενομένου
3141 1075 3371 1151 κόσμου·
3422 1074 3511 1132 ἅτε
3585 1072 3684 1129 καὶ

2026 1157 2080 1213 ἐν
2109 1166 2186 1233 τῷ
2217 1160 2518 1238 παραδείσῳ
2548 1172 2640 1221 τοῦ
2670 1173 2802 1222 Θεοῦ
2849 1165 3236 1246 γεγενημένος,
3273 1167 3363 1222 τὸν
3407 1167 3505 1232 τῆς
3565 1161 3678 1229 δη-

2025 1253 2304 1328 μιουργίας
2363 1255 2451 1309 καὶ
2513 1255 2761 1334 προνοίας
2812 1263 2945 1313 Θεοῦ
3015 1255 3176 1333 λόγον
3227 1254 3528 1335 θεωρήσας,
3581 1250 3678 1317 ἒξ-

2023 1337 2372 1417 ομολογεϊται
2404 1343 2488 1399 ἐπὶ
2531 1345 2596 1400 τὰ
2624 1346 2851 1422 κρίματα
2879 1345 2977 1414 τῆς
3007 1344 3344 1412 δικαιοσύνης
3389 1351 3481 1401 τοῦ
3513 1345 3672 1400 Θεοῦ·

2023 1429 2140 1484 καθ’
2186 1430 2218 1485 ἃ
2276 1433 2507 1510 κρίματα
2581 1435 2817 1491 ἑκάστων
2874 1435 3122 1502 ποικίλην
3180 1434 3525 1514 δημιουργίαν
3586 1435 3679 1489 καὶ

2023 1516 2273 1604 πρόνοιαν
2308 1521 2495 1601 ἔσχεν,
2543 1525 2613 1581 Τὸ
2646 1522 2990 1583 ἀδιάλειπτόν
3021 1547 3205 1604 φησιν,
3264 1524 3421 1602 Λέγει
3475 1522 3556 1595 δὲ,
3590 1524 3678 1578 ὃτι

2023 1603 2310 1676 διαπαντὸς
2370 1611 2736 1689 ἐμνημόνευοι
2788 1617 2892 1671 τῶν
2950 1622 3056 1672 σῶν
3104 1616 3403 1693 κριμάτων,
3452 1614 3528 1670 ὧν
3587 1612 3677 1668 δι·-

2023 1697 2190 1762 καίως
2250 1701 2545 1779 ἐπήγαγες
2602 1705 2720 1769 τοὺς
2779 1705 2876 1780 μὲν
2948 1703 3448 1774 πλεονεκτήσαντας
3507 1700 3670 1758 ἑκϐα-

2024 1783 2129 1842 λὼκ.
2199 1790 2488 1870 ἄρχοντας.
2590 1797 2707 1859 τοὺς
2782 1791 2836 1849 δὲ
2899 1793 3241 1861 ἀδικηθέντας
3305 1792 3677 1871 λυτρωσάμι-

2025 1897 2137 1940 νος.

2109 1967 2416 2048 Ἐγγισείτω
2471 1975 2504 2041 ἡ
2567 1971 2745 2040 δέησίς
2777 1996 2878 2048 μου
2900 2023 2914 2036 .
2943 2018 2956 2033 .
2989 2021 3004 2036 .
3034 2021 3049 2035 .
3081 2019 3093 2032 .
3127 2023 3140 2037 .
3167 2020 3182 2037 .
3213 2020 3228 2036 .
3253 2021 3269 2036 .
3299 2018 3313 2033 ο
3345 2019 3360 2034 .
3391 2019 3406 2034 .
3481 1973 3682 2029 Elaﬁ-

2025 2061 2103 2115 θοι
2152 2059 2211 2115 τὸ
2260 2059 2464 2135 ἀξίωμά
2519 2085 2623 2136 μου
2679 2062 2908 2119 ἐνώπιόν
2938 2085 3057 2143 σου³
3113 2065 3287 2142 Κύριε.
3349 2061 3498 2138 ’Ὅρα
3560 2061 3677 2116 τῶν

2024 2148 2176 2203 θείων
2205 2150 2465 2226 ῥημάτων
2493 2153 2554 2208 τὸ
2615 2151 2890 2214 εὔτακτον.
2955 2160 3169 2228 Πρῶτον
3227 2153 3327 2232 γὰρ
3376 2153 3456 2223 τὸ,
3511 2149 3673 2228 ἐγγι-

2023 2237 2189 2294 σάτω·
2241 2243 2386 2320 εἶτα,
2421 2243 2479 2298 τὸ
2513 2249 2724 2317 μεῖζον,
2759 2244 2844 2323 τὸ³
2895 2241 3120 2300 εἰσέλθοι
3180 2244 3243 2300 τὸ
3283 2239 3492 2316 ἀξίωμά
3535 2257 3668 2314 μου*

2020 2328 2122 2405 πρὸ
2180 2328 2279 2407 γὰρ
2351 2332 2464 2405 τοῦ,
2518 2329 2764 2402 εἰσέλθοι,
2851 2335 2912 2390 τὸ
2971 2333 3202 2411 ἐγγίσαι.
3264 2329 3517 2409 ’Βγγίσας
3562 2329 3670 2407 γάρ

2019 2439 2098 2477 τις
2132 2418 2324 2497 οἰκίαν,
2359 2419 2448 2476 ἐάν
2479 2421 2514 2496 ᾗ
2544 2420 2691 2501 φίλος
2742 2431 2836 2479 τοῦ
2885 2421 3280 2501 οἱκοδεσπότοδ,
3338 2422 3664 2499 εἳσέρχεται.

2020 2503 2136 2562 ’Ἢν
2170 2505 2225 2562 δὲ
2256 2507 2489 2575 κέκληκε
2521 2509 2725 2585 δέησιν,
2760 2520 2848 2570 νῦν
2908 2525 3061 2568 εἶπεν
3121 2511 3346 2590 ἀξίωμα,
3420 2510 3562 2588 παρὰ
3599 2510 3667 2564 τὸ

2018 2593 2216 2660 ἀξιοῦν.
2255 2600 2473 2666 Μήποτε
2505 2601 2578 2663 ὡς
2611 2598 2715 2656 ἔστι
2749 2602 2984 2676 κοσμιιιὰ
3012 2597 3130 2658 καθ’
3169 2600 3438 2680 ὑκεροχὴν
3495 2597 3665 2664 ἀξιώσ-

2018 2706 2184 2760 ματα,
2246 2686 2385 2743 οὕτω
2430 2690 2517 2744 καὶ
2576 2691 2838 2769 ψυχικάς
2915 2688 3151 2766 Ἀξίωμα
3209 2691 3308 2768 γὰρ
3361 2685 3666 2746 ἀπόστολον

2016 2773 2162 2830 εἴναι
2212 2782 2458 2854 Χριστοῦ’
2506 2777 2784 2852 ἀξιώματα
2839 2780 2928 2835 καὶ
2961 2779 3206 2856 τάγματα
3235 2779 3302 2835 τὰ
3361 2777 3667 2844 ἐκκλησια-

2015 2865 2172 2920 στικά
2236 2862 2472 2942 Ἀξίωμα
2517 2865 2573 2922 δὲ
2601 2869 2787 2947 ψυχῆς
2817 2871 2905 2924 καὶ
2935 2871 2996 2924 τὸ
3031 2867 3179 2948 ἔχειν
3234 2869 3329 2933 τὰς
3358 2867 3568 2946 ἀρετὰς,
3625 2867 3670 2934 ἢ

2015 2954 2140 3026 μίαν
2184 2957 2378 3015 αὐτῶν.
2427 2954 2488 3014 Ὀ
2553 2965 2796 3016 τοιοῦτον
2849 2958 2996 3040 ἔχων
3053 2958 3259 3034 ἀξίωμα
3311 2960 3378 3015 τὰ
3430 2958 3669 3036 παρόννσι

2015 3046 2174 3123 φησίν
2189 3091 2200 3104 .

2093 3219 2474 3302 Ἐξερεύξοιντο
2541 3227 2607 3282 τὰ
2705 3226 2868 3306 χείλη
2955 3251 3056 3303 μου
3127 3227 3317 3303 ὕμνον.
3378 3225 3440 3285 ’Β
3498 3227 3663 3305 ὲρυγῆ

2011 3314 2081 3377 ὡς
2115 3312 2201 3370 ἐπὶ
2243 3321 2343 3370 πᾶν
2388 3316 2586 3394 γίνεται
2617 3330 2733 3383 τοῖς
2762 3318 3198 3396 κεκορεσμένοις.
3248 3316 3407 3376 Οῐδεν
3480 3319 3568 3374 οὖν
3628 3320 3662 3373 6

2009 3405 2156 3465 θεῖος
2188 3403 2348 3482 λόγος
2380 3408 2744 3480 πνευματικὴν
2778 3409 3004 3486 τροφήν.
3037 3409 3204 3472 Αύτὸς
3253 3411 3341 3464 οὖν
3402 3410 3430 3464 6
3487 3409 3661 3484 Λόγος

2011 3493 2168 3572 φησὶν
2199 3492 2354 3569 ἄρτος
2385 3498 2552 3554 εἶναι.
2587 3493 2730 3572 Ἐγὼ
2757 3497 2856 3574 γάρ
2905 3499 3017 3571 εἰμι
3070 3499 3097 3554 6
3157 3496 3313 3573 ἄρτος
3363 3497 3460 3564 τῆς
3508 3495 3652 3566 ζωῆς

2010 3577 2037 3634 δ
2104 3581 2158 3646 ἒξ
2217 3586 2437 3659 οὖρανοῦ
2488 3582 2747 3648 καταϐάς·
2821 3584 2967 3662 Ιὲγει
3024 3584 3077 3642 δὲ.
3135 3587 3245 3642 κιιιί⁹
3313 3585 3373 3644 ’0
3430 3585 3655 3662 τρώγων

2010 3691 2112 3744 μου
2196 3672 2297 3738 τὴν
2377 3672 2546 3750 σᾶρκα
2614 3671 2733 3752 ἔχει
2786 3675 2927 3745 ζωὴν
2986 3675 3042 3731 ἐν
3098 3677 3292 3750 ἑαυτῷ.
3347 3677 3540 3734 Τοῦτον
3588 3673 3655 3743 εὴ

2007 3760 2288 3840 φάγοντες,
2323 3762 2488 3836 ὕμνον
2546 3762 2890 3841 ἐρευγόμεθα.
2948 3766 3207 3832 Τοιαύτης
3265 3764 3497 3844 εὔχομαι
3549 3787 3647 3822 τυ·-

2007 3849 2137 3928 χεῖν
2163 3849 2377 3929 ἐρυγῆς.
2412 3849 2595 3932 ’Ὅπερ
2635 3850 2910 3930 ἀδύνατον,
2945 3853 3034 3910 ἐὰν
3079 3856 3157 3930 μή
3192 3875 3260 3930 με
3304 3853 3512 3929 διδάξῃς
3576 3853 3646 3909 τὰ

2008 3932 2371 4014 δικαιώματα.

2093 4028 2371 4106 Φθέγξοιτο
2423 4033 2453 4100 ἦ
2511 4029 2728 4109 γλῶσσά
2787 4055 2890 4105 μου
2945 4034 3010 4091 τὰ
3068 4031 3226 4112 λόγιά
3296 4055 3414 4096 σου.
3471 4032 3652 4112 Εὔχε-

2009 4140 2092 4174 ται
2124 4119 2157 4174 ἃ
2199 4117 2243 4174 δ’
2271 4118 2334 4175 ἂν
2363 4119 2510 4178 εἴποι
2541 4120 2704 4199 λόγον
2735 4125 2876 4178 εἶναι
2908 4128 3063 4198 Θεοῦ³
3113 4123 3253 4179 κατά
3309 4125 3369 4180 τό
3418 4119 3650 4200 ’Ἀνοιγε

2008 4209 2100 4263 σὸν
2150 4208 2322 4283 στόμα
2380 4209 2525 4287 λόγῳ
2587 4218 2736 4269 Θεοῦ.
2799 4210 2857 4269 Ὀ
2887 4210 2941 4267 δὲ
2991 4218 3231 4278 τοιοῦτος
3277 4212 3437 4290 ἀργὸν
3502 4213 3652 4288 ῥῆμα

2008 4301 2066 4355 οῦ
2096 4296 2277 4354 Λαλεϊο
2335 4299 2426 4355 Διό
2483 4303 2699 4378 φησινὸ
2734 4301 2963 4365 Παῦλος·
3027 4303 3098 4359 Τὸ
3148 4303 3271 4381 γὰρ,
3332 4304 3404 4360 Οῦ
3460 4302 3651 4379 φονεύσ-

2009 4407 2145 4468 σεις,
2209 4388 2267 4443 οὗ
2315 4391 2652 4468 μοιχεύσεις,
2708 4394 2769 4448 οὒ
2818 4389 3059 4470 κλέψεις,
3123 4394 3208 4446 καὶ
3253 4391 3305 4446 εἴ
3364 4413 3444 4454 τις
3501 4389 3658 4470 ἑτέρα

2012 4475 2227 4550 ἐντολὴ,
2331 4479 2384 4535 ἐν
2467 4483 2544 4551 τῷ
2602 4478 2748 4557 λόγῳ
2797 4480 2970 4553 τούτῳ
3025 4479 3507 4559 ἀνακεφαλαιοῦται
3565 4483 3654 4551 τὸ,

282 4578 534 4650 ceptum,
571 4572 636 4631 in
664 4559 771 4634 hoc
800 4573 973 4633 verbo
1005 4571 1387 4633 instauratur
1420 4587 1434 4626 :
1467 4565 1692 4646 Diliges
1715 4565 1923 4644 proxi-

2033 4569 2341 4645 Αγαπὴσεις
2403 4571 2492 4624 νὸν
2570 4567 2794 4636 πλησίον
2855 4593 2946 4626 σου
3013 4573 3086 4633 ὡς
3145 4571 3356 4628 ἑαυτόν.
3429 4579 3652 4626 Δικαιο-

282 4678 445 4721 mum
481 4668 650 4723 tuum
675 4663 826 4724 sicut
857 4667 1114 4741 teipsum
1144 4662 1228 4721 75.
1289 4661 1437 4721 Nam
1501 4654 1642 4718 illud
1694 4653 1927 4734 justitia

2026 4658 2140 4724 ιύνη
2174 4661 2273 4736 γὰρ
2325 4661 2479 4715 τοῦτό
2540 4658 2650 4715 ἐστι
2735 4661 2822 4720 τό.
2876 4659 3207 4738 Ἀγαπήσεις
3264 4663 3355 4717 τὸν
3425 4659 3655 4726 πλησίον

285 4761 413 4810 est:
452 4749 682 4832 Diliges
701 4757 1055 4832 proximum
1092 4759 1290 4814 tuum.
2008 4769 2121 4809 σου.

367 4838 502 4900 173.
541 4840 688 4904 Fiat
715 4859 933 4904 manus
984 4852 1090 4903 tua
1124 4849 1188 4902 ut
1219 4838 1407 4902 solvet
1441 4855 1552 4899 me.
1617 4833 1924 4911 Signiﬁcat

2089 4840 2320 4894 Γενέσθω
2372 4840 2406 4906 ἦ
2458 4839 2578 4919 χείρ
2639 4861 2731 4895 σου
2789 4840 2880 4895 τοῦ
2939 4839 3106 4896 σῶσαί
3165 4861 3258 4909 με.
3323 4837 3498 4906 Δηλοϊ
3548 4840 3651 4918 γὰρ

283 4946 402 4989 non
437 4929 648 4990 factam
682 4949 816 4990 esse
848 4949 1086 4991 manum
1137 4931 1290 5010 ejus,
1352 4926 1457 4990 sed
1517 4925 1648 5004 ejus
1706 4932 1918 4984 statum

2026 4931 2066 4985 ὦ
2107 4929 2202 4994 τὴν
2245 4927 2363 4982 κατ’
2397 4930 2574 4986 οὐσίαν
2618 4928 2823 5004 γένεσιν
2863 4929 3049 5000 αῦτῆς,
3097 4927 3233 4987 ἀλλὰ
3262 4930 3358 4996 τὴν
3390 4931 3520 5007 πρὸς
3579 4932 3646 4984 τα

285 5035 425 5096 erga
455 5037 556 5080 eos
589 5019 690 5100 qui
741 5019 992 5082 salutem
1049 5024 1525 5096 consequuntur.
1589 5012 1774 5090 Quale
1834 5021 1924 5075 est

2026 5018 2282 5092 ιωζόμενα
2339 5018 2552 5095 σχέσιν.
2617 5017 2841 5076 Ὀποϊον
2922 5024 3008 5074 καὶ
3069 5018 3152 5074 τό·
3215 5024 3375 5076 Γενοῦ
3425 5040 3517 5093 μοι
3578 5021 3652 5080 sl;

283 5107 428 5168 illud
469 5132 480 5167 :
521 5110 667 5171 Esto
697 5111 852 5172 mihi
873 5112 936 5171 in
974 5113 1158 5172 Deum
1179 5116 1582 5190 protectorem
1615 5107 1697 5170 76.

368 5198 505 5260 174.
531 5200 864 5279 Concupivi
888 5199 1150 5262 salutare
1172 5206 1367 5278 tuum,
1398 5201 1665 5259 Domine.
1695 5197 1756 5262 Si
1779 5198 1929 5260 velis

286 5288 616 5367 retrogradi
648 5295 705 5348 et
735 5289 1046 5368 superiora
1077 5290 1402 5368 respicere,
1448 5288 1707 5350 salutare
1759 5297 1926 5349 tuum

285 5376 554 5438 Christus
584 5376 873 5440 estJesus
894 5396 1052 5439 enim
1076 5375 1690 5456 signiﬁcatDeisalus.
1719 5377 1826 5440 Hic
1849 5379 1923 5438 ad

287 5486 364 5528 no
379 5469 628 5529 smissus
645 5467 953 5545 est.(Alius
968 5467 1376 5550 codem.)0pus
1396 5475 1485 5530 est
1500 5467 1927 5550 concupiscere

367 5628 425 5677 τε
455 5631 622 5691 Joan.
657 5647 736 5710 Vl,
768 5628 867 5694 33.
953 5629 1007 5673 73
1031 5629 1180 5692 ibid.
1215 5629 1314 5692 55.
1396 5630 1451 5673 '7‘
1472 5627 1642 5692 Prov.
1676 5645 1838 5702 XXXI,
1873 5630 1934 5694 9.

2011 5109 2142 5164 Θεὸν
2173 5109 2600 5186 ὑπερασπιστήν.

2089 5197 2431 5264 Ἐπεπόθησα
2489 5199 2552 5254 τὸ
2603 5197 2868 5272 σωτήριόν
2926 5219 3042 5276 σου,
3118 5207 3296 5274 Κυριε.
3365 5195 3487 5254 ‘an
3558 5197 3650 5254 θέ-

2010 5287 2107 5364 λῃς
2139 5287 2465 5355 ἐπαναϐῆναι
2512 5295 2588 5361 τῷ
2610 5285 2776 5365 λόγῳ,
2811 5289 2872 5343 τὸ
2902 5288 3166 5365 σωτήριόν
3197 5307 3290 5345 σου
3341 5287 3368 5342 ὁ
3427 5287 3654 5365 Χριστός

2010 5379 2150 5435 ἐστιν
2183 5377 2388 5444 Ἰησοῦς
2437 5378 2538 5455 γὰρ
2579 5377 2925 5452 ἑρμηνεύεται
2986 5383 3119 5432 Θεοῦ
3169 5380 3425 5452 σωτηρία.
3488 5377 3654 5438 Οὗτος

2007 5473 2144 5545 ἡμῖν
2215 5468 2482 5546 ἐπέμφθη,
2544 5465 2754 5544 ’Ἔργον
2806 5467 2917 5522 εστὶ
2942 5465 3004 5522 τὸ
3057 5468 3338 5522 επιποθετν
3379 5473 3474 5522 τοῦ
3516 5473 3652 5522 Θεοῦ

2020 5629 2074 5674 ⁷⁵
2101 5632 2275 5691 Rom.
2308 5644 2436 5709 xm,
2469 5627 2530 5693 9.
2615 5625 2670 5672 ἰθ
2694 5625 2853 5692 Psal.
2886 5642 3032 5702 xxx,
3065 5625 3127 5692 3.
