3992 6208
33 115 499 371 ῃ

33 115 499 371 ῃ

1373 311 1766 373 EXPOSITIO
1813 311 1893 373 ΙΝ
1939 311 2303 376 PSALMUM
2350 315 2527 379 CXX.

3539 320 3659 384 510

274 446 335 500 τὸ
379 447 673 522 σωτήριον.
712 450 772 504 Οἱ
804 447 905 526 γὰρ
933 446 1125 504 πολλοὶ
1173 448 1234 503 τὸ
1295 445 1432 503 κατὰ
1477 445 1644 524 σάρκα
1674 451 1916 508 ποθοῦσι.

2016 444 2268 508 salutare
2298 447 2430 510 Dei.
2462 445 2630 508 Multi
2661 447 2820 508 enim
2876 467 3011 527 quae
3049 453 3376 514 secundum
3408 471 3647 517 carnem

273 535 344 592 Τὸ
381 531 434 590 δὲ
467 534 562 590 τοῦ
592 543 750 616 Θεοῦ,
785 538 844 592 τὸ
873 537 928 592 έν
961 540 1103 611 αὒτῷ
1133 537 1392 616 σωθῆναι,
1431 538 1490 592 τὸ
1521 535 1578 592 ἐν
1611 538 1752 611 αῦτῷ
1785 538 1920 593 ἀνα-

271 624 554 699 παύεσθαι,
608 624 1009 706 κληρονομῆσαι
1053 628 1118 684 τὰ
1173 626 1325 705 ἅγια.
1360 625 1524 683 Τοῦτο
1569 626 1669 704 γάρ
1703 625 1814 683 ἐστι
1858 629 1920 682 τὸ

271 715 534 792 σωτήριον
575 737 668 772 το)
723 719 878 791 Θεοῦ,
911 718 944 783 ἡ
981 717 1191 779 αἰώνιος
1223 716 1360 787 ζωή.
1397 713 1562 771 Ἀλλὰ
1595 717 1682 771 καὶ
1715 713 1920 783 Ἰησοῦς

267 806 616 884 ἑρμηνεύεται
672 814 806 864 Θεοῦ
862 809 1149 886 σωτήριον,
1201 809 1456 889 πεμφθεὶς
1515 809 1650 883 ἡμῖν
1688 808 1773 864 ἐπὶ
1803 831 1917 864 σω-

268 896 424 972 τηρίᾳ
463 917 473 926 ·
513 897 576 952 οὗ
627 900 758 975 πρὸς
817 898 908 954 τὸν
944 899 1106 954 πόθον
1139 899 1166 955 ὁ
1190 897 1356 954 θέλων
1388 895 1596 954 ὁδεῦσαι
1629 897 1918 973 μελετήσει

267 987 359 1042 τὸν
391 987 580 1062 νόμον.

350 1167 581 1234 Ζήσεται
659 1168 696 1234 ἠ
785 1168 940 1247 ψυχὴ
1025 1188 1151 1242 μου,
1231 1168 1319 1225 καὶ
1378 1167 1572 1224 αἱνέσει
1633 1189 1714 1225 σε.
1803 1173 1928 1245 Περὶ

270 1255 580 1331 μελλούσης
614 1256 758 1336 λέγει
791 1262 959 1328 ζωῆς.
1023 1253 1086 1313 Ἠ
1136 1257 1236 1334 γὰρ
1285 1257 1398 1328 ζωὴ
1441 1258 1598 1332 ὴμῶν
1636 1258 1924 1337 κέκρυπται

271 1349 364 1402 σὺν
417 1353 499 1420 τῷ
561 1353 774 1421 Χριστῷ
833 1347 886 1403 ἐν
938 1351 1014 1420 τῷ
1077 1353 1217 1421 Θεῷ.
1275 1346 1406 1405 Τότε
1455 1348 1647 1426 κυρίως
1706 1348 1918 1424 αἰνέσω,

269 1437 391 1491 τότε
431 1436 698 1511 βοηθῆσαί
746 1456 838 1511 μοι
869 1455 884 1470 ⁸
945 1437 1010 1492 τὰ
1053 1433 1316 1502 ἐπιϐόητα
1373 1437 1636 1516 γενόμενα
1668 1444 1775 1494 τῶν
1798 1461 1920 1517 κρι-

271 1524 511 1600 νομένων
541 1547 626 1581 σοι
658 1527 889 1603 κρίματα
948 1530 1024 1598 τῷ
1075 1525 1170 1601 μὲν
1215 1523 1401 1600 δικαίῳ
1446 1529 1613 1607 χωρὶς
1645 1528 1893 1604 βασάνων

267 1619 347 1687 τῷ
376 1613 432 1670 δὲ
463 1613 702 1690 δεομένῳ
725 1613 808 1670 διὰ
837 1616 1106 1692 βασάνων,

351 1704 701 1774 Ἐπλανήθην
771 1707 845 1766 ὡς
912 1702 1180 1783 πρόϐατον
1255 1704 1558 1770 ἀπωλολός.
1633 1708 1780 1763 Μετὰ
1857 1709 1918 1764 τὸ

2006 543 2147 598 sunt
2178 536 2822 618 concupiscunt.Quod
2855 545 3051 599 autem
3085 540 3413 602 secundum
3441 542 3650 620 Deum,

2005 633 2094 686 est
2122 627 2178 687 in
2201 626 2328 707 ipso
2369 626 2619 688 salutem
2667 629 2976 708 consequi,
3011 629 3066 689 in
3103 629 3653 714 ipsorequiescere,

2004 724 2209 776 sancta
2231 717 2290 776 in
2325 715 2734 779 haereditatem
2767 716 3064 797 accipere.
3097 719 3248 781 Illud
3276 738 3536 802 namque
3562 729 3657 784 est

2004 805 2264 868 salutare
2294 806 2424 876 Dei,
2453 814 2680 868 aeterna
2713 809 2846 868 vita.
2890 807 3010 869 lmo
3043 809 3220 872 etiam
3249 807 3425 872 Jesus
3456 809 3650 889 expli-

2003 903 2172 957 catur
2206 897 2320 959 Dei
2348 897 2635 970 salutare,
2670 897 2810 978 quia
2866 898 3083 961 missus
3123 908 3211 962 est
3241 900 3416 962 nobis
3446 900 3517 961 ad
3549 918 3648 961 sa-

2005 983 2214 1047 lutem.
2247 987 2340 1048 Ad
2376 987 2548 1066 cujus
2571 986 2947 1050 desiderium
2979 994 3028 1050 si
3061 989 3194 1071 quis
3226 990 3511 1052 incedere
3543 1007 3649 1052 ve-

2004 1072 2098 1156 lit,
2127 1075 2510 1138 meditabitur
2540 1076 2760 1156 legem.

2093 1165 2234 1230 175.
2255 1166 2416 1229 Vivet
2443 1167 2650 1228 animo
2683 1186 2824 1230 mea
2846 1177 2901 1230 et
2921 1169 3199 1232 laudabit
3225 1179 3305 1232 te.
3342 1172 3424 1233 De
3454 1169 3652 1231 futura

2009 1257 2124 1316 vita
2154 1255 2598 1336 loquitur.Nam
2631 1260 2755 1319 vita
2779 1265 2991 1320 nostra
3024 1259 3383 1321 abscondita
3404 1269 3494 1322 est
3515 1278 3650 1322 eum

2011 1344 2252 1407 Christo
2283 1348 2350 1408 in
2387 1349 2507 1408 Deo
2537 1344 2618 1406 77.
2683 1346 2849 1409 Tunc
2895 1350 3133 1431 proprie
3184 1349 3458 1429 laudabo,
3511 1357 3648 1411 tunc

2005 1435 2291 1497 auxiliare
2323 1435 2491 1498 mihi.
2538 1436 2822 1498 Laudabo
2872 1439 3103 1502 scilicet
3153 1439 3387 1519 judicia
3418 1447 3520 1500 tua
3549 1439 3650 1501 illa

2004 1522 2342 1594 decantata.
2373 1525 2446 1587 de
2469 1526 2640 1606 justo
2695 1528 2806 1588 lata
2834 1527 2966 1590 sine
2995 1530 3332 1610 tormentis,
3365 1529 3438 1592 de
3473 1528 3647 1591 noxio

2003 1631 2138 1675 cum
2172 1616 2515 1678 tormentis.

2089 1705 2221 1767 176.
2259 1703 2496 1768 Errant
2528 1707 2687 1769 sicut
2735 1708 2870 1770 ovis
2915 1727 3052 1787 quo:
3077 1709 3285 1788 periit.
3323 1711 3647 1789 Postquam

266 1797 445 1851 εἰπεῖν
500 1797 621 1872 περὶ
673 1796 833 1850 αὐτοῦ
867 1793 998 1874 ἔργα
1033 1794 1455 1872 κατορθωκότος,
1503 1793 1662 1851 πάλιν
1706 1795 1916 1876 πρόϐαο

2016 1811 2184 1875 )pera
2202 1802 2365 1856 recte
2391 1814 2425 1856 a
2443 1813 2509 1856 se
2533 1803 2699 1876 gesta
2725 1798 3256 1874 narravitrursum
3287 1798 3366 1859 ait
3388 1817 3454 1860 se
3475 1816 3644 1860 ovem

270 1906 360 1941 τον
388 1885 578 1942 ἑαυτὸν
615 1883 1028 1960 πεπλανημένον
1061 1884 1208 1942 εἶναι
1269 1884 1436 1966 λέγει³
1492 1887 1916 1966 ταπεινοφροσύ-

266 2000 368 2041 νην
417 1973 773 2054 ἒπιτηδεύων,
848 1975 983 2030 κατὰ
1031 1975 1093 2029 τὸ
1167 1976 1446 2054 είρημένον
1516 1977 1618 2031 ὑπὸ
1680 1977 1867 2055 Κυρίου
1901 1992 1917 2009 ⁶

266 2065 454 2123 ’Ὅταν
497 2066 673 2123 πάντα
717 2063 1112 2144 καθορθώσητε,
1163 2062 1348 2142 λέγετε
1383 2081 1396 2095 ’
1466 2063 1655 2122 Δοῦλοι
1702 2065 1921 2145 ἀχρεῖοί

265 2156 364 2230 ἐσμ
375 2177 454 2218 εν,

682 2240 818 2324 ’ῼδή
846 2248 952 2299 τῶν
977 2241 1316 2318 ἀναϐαθμῶν.
1350 2241 1506 2305 ΡΙΘ’.

1000 2329 1303 2394 ’Υπόθεσις.

269 2429 387 2494 Τὴν
440 2425 663 2505 πρώτην
713 2422 852 2498 ᾠδὴν
889 2423 995 2479 τῶν
1052 2420 1369 2496 ἀναϐαθμῶν
1426 2419 1538 2495 ᾅδει
1595 2428 1673 2496 τῷ
1717 2431 1833 2498 Θεῷ
1891 2426 1919 2479 ὁ

351 2517 408 2572 ἐν
455 2513 729 2572 Βαϐυλῶνι
787 2512 940 2592 λαὸς³
1003 2509 1286 2586 ἀδημονῶν
1345 2511 1429 2568 ἐπὶ
1481 2514 1557 2586 τῷ
1614 2513 1773 2588 μήκει
1823 2514 1918 2580 τῆς

350 2606 756 2689 αἰχμαλωσίας,
787 2605 876 2661 καὶ
905 2603 1196 2684 εὒχόμενος
1243 2602 1672 2676 ἐλευθερωϐἧναι.

352 2702 492 2779 Πρὸς
552 2698 742 2775 Κύριον
805 2694 858 2751 ἐν
909 2709 986 2750 τω
1061 2691 1325 2750 Θλίϐεσθαί
1390 2715 1458 2766 με
1526 2692 1911 2773 ἑκέκραξα.....

271 2792 451 2869 Κύριε,
509 2788 662 2866 ῥῦσαι
722 2785 822 2853 τὴν
894 2784 1083 2863 ψυχὴν
1151 2804 1254 2850 μου
1313 2781 1419 2838 ἀπὸ
1500 2782 1732 2862 χειλέων
1796 2781 1916 2839 ἁδί-

267 2901 380 2936 κων
433 2877 523 2935 καί
582 2876 688 2932 ἄπο
745 2873 994 2952 γλώσσης
1053 2870 1254 2937 δολίας.
1304 2877 1424 2936 Πῶς
1470 2873 1568 2951 γὰρ
1611 2877 1705 2931 οὒκ
1764 2872 1916 2930 ἄδικα

270 2969 432 3050 χείλη
489 2973 597 3022 τῶν
648 2962 1022 3042 Βαϐυλωνίων,
1070 2963 1135 3019 τὰ
1165 2963 1263 3029 τὴν
1295 2960 1728 3042 εἱδωλολατρείαν
1759 2965 1915 3039 ὡμο-

271 3057 572 3137 λογηκότα,
607 3055 750 3123 Αὐτὴ
809 3051 862 3109 δὲ
905 3055 993 3110 καὶ
1052 3051 1270 3130 γλῶσσα
1329 3050 1554 3120 κληθείη
1607 3051 1777 3132 δολία,
1824 3053 1916 3108 ἅτε

273 3148 439 3224 μηδὲν
471 3147 618 3208 εῦθὲς
655 3143 890 3201 λαλοῦσα
919 3144 1038 3218 περὶ
1068 3149 1226 3200 Θεοῦ.

354 3239 414 3296 Τί
500 3235 677 3301 δοθείη
770 3255 880 3313 σοι,
964 3234 1050 3289 καὶ
1113 3231 1164 3286 τί
1241 3232 1554 3306 προστεθείη
1629 3254 1717 3288 σοι
1787 3231 1916 3311 πρὸς

274 3326 522 3406 γλῶσσαν
603 3323 825 3399 δολίαν,
913 3323 990 3380 Τὰ
1044 3320 1178 3396 βέλη
1260 3323 1348 3377 τοῦ
1417 3319 1635 3379 δυνατοῦ
1705 3323 1916 3388 ἠκονη-

276 3417 432 3492 μένα.
489 3417 549 3472 Τί
591 3412 755 3470 πλέον
797 3411 1012 3478 δοθῆναί
1071 3433 1153 3466 σοι
1212 3411 1407 3481 αἰτεῖς,
1443 3412 1626 3490 φησὶν,
1659 3409 1696 3478 ἢ
1724 3410 1774 3466 τί
1825 3409 1916 3466 Θέ-

273 3507 386 3570 λεις
442 3505 626 3583 ἓτερον
657 3501 1010 3581 προστεθῆναί
1041 3522 1124 3556 σοι
1154 3507 1247 3557 τοῦ
1277 3501 1412 3556 κατὰ
1448 3505 1545 3556 τῶν
1578 3498 1765 3554 δολίων
1797 3521 1920 3579 χει-

277 3597 410 3653 λέωδ
444 3618 461 3670 ;
508 3594 652 3660 Βέλη
684 3595 845 3668 πυρὸς
876 3591 1043 3666 μεστὰ
1074 3589 1356 3669 ἐξαφθῆναι
1409 3591 1550 3668 παρὰ
1605 3596 1698 3645 τοῦ
1757 3587 1917 3646 δυνα-

274 3696 390 3747 τοῦ.
424 3686 689 3755 Σημαίνει
722 3681 775 3738 δὲ
802 3683 900 3748 τὴν
935 3680 1068 3736 κατὰ
1096 3676 1203 3735 τοῖὶν
1246 3678 1589 3737 Βαϐυλωνίων
1615 3677 1739 3735 ὅσον
1770 3680 1919 3736 οὕπω

276 3777 534 3856 τιμωρίαν
559 3772 845 3848 ἐσομένην.

353 3855 423 3923 0"."
467 3887 584 3939 μοιι
645 3861 725 3919 ὅτι
785 3863 820 3928 ἡ
869 3859 1120 3940 παροικία
1177 3880 1278 3933 μου
1325 3857 1648 3934 ἒμακρύνθη.
1700 3855 1917 3937 Ἐτέραν

275 3957 495 4022 αἴτησιν
527 3953 745 4032 dixerat
799 3951 942 4030 παρὰ
999 3957 1154 4024 Θεοῦ,
1213 3952 1310 4017 τῆς
1369 3948 1649 4026 παροικίας
1702 3947 1917 4005 ἐλευθε-

273 4051 532 4126 ρωθῆναι.
638 4041 1036 4110 Κοτεσκήνωσα
1135 4040 1270 4113 μετὰ
1355 4043 1458 4094 τῶν
1547 4039 1918 4114 σκηνωμάτων

277 4125 476 4213 Κηδᾶρ,
535 4133 696 4209 Χώρα
752 4153 832 4194 τις
884 4131 1025 4186 ἐστὶν
1072 4131 1106 4196 ἡ
1144 4125 1320 4206 Κηδὰρ
1348 4126 1429 4183 ἐπῖ
1462 4129 1559 4194 τῆς
1588 4129 1790 4205 ἐρήμου
1819 4133 1918 4195 τῆς

276 4229 402 4303 πρὸς
462 4222 728 4284 ἀνατολὰς
760 4219 1004 4296 κειμένη,
1049 4220 1134 4276 καὶ
1195 4217 1358 4297 μέχρι
1403 4218 1500 4285 τῆς
1561 4224 1774 4295 Περσῶν
1807 4240 1914 4273 πα-

276 4317 606 4393 ρατείνουσα,
665 4312 733 4379 ἢν
777 4309 928 4389 γένος
989 4308 1316 4388 Σαρακηνῶν
1350 4309 1512 4369 οἰκεῖ,
1550 4306 1728 4365 Πολλὰ
1771 4315 1914 4386 πάρ-

279 4407 484 4472 ιῖηιησεν
511 4407 545 4471 ἡ
579 4401 738 4480 ψυχὴ
769 4422 896 4474 μου.

356 4495 499 4549 sua
558 4497 668 4547 τῶν
740 4489 1033 4564 μισούντων
1111 4487 1326 4564 εἰρήνην
1395 4484 1544 4560 ἤμην
1623 4487 1910 4563 εἰρηνικός.

282 4585 441 4642 Κακία
497 4579 850 4638 Βαϐυλωνίων
905 4579 966 4634 τὸ
1024 4575 1287 4651 πολεμεῖν
1365 4575 1478 4631 ἀντ’
1530 4573 1735 4639 οὐδενὸς
1793 4554 1980 4638 τοϊςο

277 4673 650 4744 εἰρηνεύουσιν.
710 4670 767 4724 Εἰ
824 4669 902 4744 μὴ
958 4689 1009 4723 τι
1065 4665 1172 4722 δέοι
1232 4670 1470 4744 κριτικῆς
1514 4665 1794 4743 τιμωρίας,
1851 4665 1916 4734 ἣν

276 4763 406 4819 κατά
453 4757 766 4817 Χαναναίων
817 4760 902 4813 καὶ
962 4754 1292 4832 ’Ᾱμορῤαίων
1349 4754 1632 4813 ἐπέταττεν
1686 4756 1712 4810 ὁ
1759 4756 1910 4829 Θεὸς,

273 4854 365 4919 τὴν
418 4852 550 4927 πρὸς
611 4847 798 4911 αὖτοὺς
859 4847 1203 4924 ἀπαγορεύων
1265 4842 1463 4923 φιλίαν,
1510 4846 1570 4900 Οἱ
1621 4841 1674 4899 δὲ
1721 4843 1912 4923 φαῦλο,

273 4943 400 5015 πρὸς
452 4939 674 4999 τούτους
734 4933 1051 5010 ἆσύμϐατοι,
1091 4935 1190 5002 τὴν
1229 4931 1528 4990 Θεοαέϐειαν
1560 4931 1914 5009 βδελυττόμε-

275 5055 374 5091 νοι.
450 5026 638 5086 ’Ὅταν
715 5025 934 5082 ἱλάλουν
1021 5023 1229 5098 αῦτόϊς,
1301 5021 1595 5097 ἐπολέμουν
1679 5045 1745 5098 με
1805 5021 1914 5079 δω-

275 5122 412 5198 ρεάν.

689 5203 822 5282 ’ῼδὴ
851 5211 956 5260 τῶν
987 5201 1324 5278 ἀναϐαθμῶν.
1362 5200 1492 5264 ΡΚ’.

939 5293 1238 5358 ’ὶ“πόθεσις,

2003 1891 2299 1945 errantem
2356 1884 2560 1958 fuisse,
2629 1886 2953 1951 humilitati
3002 1906 3244 1969 vacans,
3298 1889 3468 1969 juxta
3497 1887 3645 1948 illud

2002 1973 2242 2035 Domini
2269 1973 2493 2037 dictum
2530 1995 2544 2038 :
2583 1977 2734 2039 Cum
2765 1981 2969 2042 omnia
2994 1979 3591 2060 perfeceritisﬂioite
3624 1996 3641 2037 :

2001 2061 2184 2125 Servi
2218 2064 2466 2128 mutiles
2495 2085 2706 2129 sumus
2734 2067 2818 2130 78.

2353 2243 2675 2309 Canticum
2705 2246 3041 2327 graduum.
3072 2245 3284 2310 CXIX.

2610 2341 3020 2412 Argumentum.

2003 2417 2270 2482 Primum
2300 2419 2593 2498 graduum
2623 2422 2917 2483 canticum
2952 2424 3077 2486 Deo
3108 2421 3268 2483 canit
3294 2422 3547 2502 populus
3580 2423 3640 2484 in

2083 2509 2382 2592 Babylone
2415 2513 2794 2586 constitutus,
2847 2523 3135 2594 pertaesus
3167 2513 3463 2576 diuturnae
3491 2530 3638 2594 cap-

2082 2599 2348 2674 tivitatis,
2383 2608 2442 2662 et
2471 2619 2695 2681 rogans
2716 2603 3087 2666 libertatem.

2082 2691 2142 2765 l,
2202 2690 2262 2750 2.
2325 2691 2424 2752 Ad
2483 2691 2814 2754 Dominum
2871 2711 3012 2755 cum
3047 2691 3643 2756 tribularerclama-

1999 2784 2217 2843 vi...
2283 2778 2552 2858 Domine,
2609 2780 2803 2844 libera
2863 2789 3136 2845 animam
3209 2800 3402 2845 meam
3459 2800 3493 2844 α
3544 2782 3642 2844 la-

2003 2869 2117 2932 biis
2147 2871 2401 2948 iniquis,
2438 2879 2492 2933 et
2522 2889 2558 2932 a
2591 2870 2810 2950 lingua
2871 2873 3106 2935 dolosa.
3159 2871 3287 2944 Quo
3322 2879 3492 2952 pacto
3525 2891 3642 2933 non

1998 2961 2200 3042 iniqua
2231 2962 2694 3041 Babyloniorum
2737 2961 3055 3043 labia,quae
3081 2960 3477 3023 idololatriam
3511 2980 3646 3042 pro-

2001 3051 2351 3114 titebantur?
2381 3051 2518 3114 Hinc
2549 3061 2747 3114 autem
2784 3051 2986 3130 lingua
3026 3059 3193 3114 recte
3228 3051 3435 3113 dolosa
3465 3069 3644 3113 voce-

1930 3188 1976 3240 n
2001 3149 2118 3240 tur,
2157 3149 2358 3240 utpote
2387 3141 2698 3240 quae-nihil
2729 3150 2961 3240 rectum
2993 3141 3069 3203 de
3103 3140 3558 3240 Deploquatur.

2081 3230 2140 3312 3,
2174 3231 2232 3292 4.
2297 3232 2452 3307 Quid
2508 3233 2689 3294 detur
2741 3233 2872 3308 tibi,
2935 3240 3044 3293 aut
3100 3231 3251 3312 quid
3294 3240 3646 3310 apponatur

2001 3319 2112 3383 tibi
2167 3320 2245 3382 ad
2303 3323 2578 3399 linguam
2648 3322 2980 3384 dolosam?
3055 3319 3309 3400 Sagitta:
3379 3325 3648 3400 potentis

2003 3416 2215 3472 acutas.
2249 3410 2398 3482 Quid
2433 3409 2585 3471 ultra
2633 3410 2759 3472 dari
2823 3408 2928 3471 tibi
2979 3409 3262 3488 postulas,
3295 3410 3508 3489 inquit,
3541 3421 3644 3472 aut

2002 3499 2143 3579 quid
2194 3499 2352 3560 aliud
2387 3499 2471 3560 vis
2513 3499 2692 3579 adjici
2729 3497 2832 3560 tibi
2863 3498 3146 3560 adversus
3205 3497 3436 3576 linguas
3467 3502 3643 3560 dolo-

2005 3587 2442 3667 sas9Sagittas
2502 3589 2637 3668 igne
2697 3588 2905 3668 plenas
2955 3605 2988 3648 a
3041 3596 3282 3668 potente
3339 3588 3641 3650 incensas.

2005 3673 2309 3756 Signiﬁcat
2337 3685 2536 3740 autem
2570 3677 3029 3758 Babyloniorum
3066 3677 3349 3739 ultionem
3386 3695 3519 3739 mox
3559 3679 3646 3739 lu-

2007 3773 2222 3828 turam.

2084 3856 2143 3930 5,
2173 3856 2232 3918 6.
2267 3857 2399 3920 Heu
2429 3857 2758 3938 mihi,quia
2790 3859 3091 3920 incolatus
3121 3874 3288 3919 meus
3308 3860 3644 3938 prolonga-

2005 3952 2100 4007 tus
2122 3945 2240 4010 est!
2275 3946 2448 4008 Aliud
2481 3947 2658 4009 aDeo
2691 3947 2970 4026 postulat,
3017 3946 3299 4009 nimirum
3347 3956 3407 4008 ut
3441 3947 3516 4009 ab
3547 3947 3644 4008 in-

2005 4034 2198 4096 colatu
2225 4035 2534 4098 liberetur.
2567 4035 2858 4100 llabitavi
2875 4055 3011 4100 cum
3037 4037 3520 4100 habitationibus
3542 4037 3648 4100 Ce-

2005 4125 2152 4188 dar.
2181 4125 2376 4188 Cedar
2401 4127 2564 4206 regio
2601 4128 2867 4206 quaedam
2903 4134 2994 4189 est
3025 4130 3097 4188 ad
3133 4145 3402 4189 eremum
3434 4145 3644 4189 versus

2005 4213 2298 4276 orientem
2327 4216 2460 4292 sita,
2496 4225 2554 4277 et
2585 4235 2772 4297 usque
2804 4223 2875 4277 ad
2909 4215 3214 4277 Persidem
3271 4216 3635 4296 pertingens,

2001 4322 2177 4384 quam
2204 4304 2412 4368 incolit
2441 4304 2876 4368 Saracenorum
2908 4323 3118 4386 genus.
3156 4307 3417 4368 Multum
3441 4306 3641 4369 incola

1998 4394 2116 4469 fuit
2147 4395 2354 4454 anima
2387 4412 2541 4457 mea.

2083 4481 2298 4545 7.Cum
2314 4483 2348 4544 h
2360 4485 2410 4545 is
2423 4486 2526 4562 qui
2539 4486 2719 4546 oderu
2730 4495 2796 4546 nl
2809 4503 3015 4565 pacem
3029 4503 3195 4547 eram
3208 4483 3635 4565 paciﬁcus(50l.

2000 4574 2085 4635 Ea
2104 4579 2232 4633 erat
2251 4572 2472 4634 malitia
2498 4572 3047 4654 Babyloniorummt
3070 4572 3231 4634 nulla
3257 4573 3330 4634 de
3361 4591 3537 4635 causa
3569 4574 3640 4633 iis

2001 4663 2100 4742 qui
2127 4679 2333 4741 pacem
2360 4662 2634 4725 colebant
2671 4663 2891 4725 bellum
2927 4661 3366 4724 inferrent.Nisi
3389 4661 3638 4724 fortasse

1999 4750 2285 4831 respiciat
2309 4751 2668 4831 supplicium
2695 4753 2849 4832 quod
2882 4753 2954 4813 de
2980 4752 3325 4815 Chananaeis
3349 4758 3407 4812 et
3432 4754 3638 4814 Amor-

1999 4841 2178 4901 rhwis
2192 4840 2347 4901 sumi
2373 4841 2653 4921 prazcepit
2670 4843 3064 4910 Deusnmtans
3088 4859 3160 4902 ne
3183 4839 3504 4902 amicitiam
3537 4840 3634 4900 in—

2001 4929 2157 4990 irent
2187 4948 2323 4990 cum
2356 4929 2685 4994 illis.Nul!a
2703 4938 2896 4992 autem
2932 4929 3184 5009 estipsis
3215 4927 3478 4991 amicitia
3500 4947 3635 4990 cum

2000 5018 2294 5098 improbis
2317 5018 2420 5096 qui
2445 5037 2643 5081 veram
2673 5019 3029 5099 religionem
3055 5026 3460 5081 exsecrantur.
3484 5019 3635 5082 Cum

1997 5107 2285 5188 loquebar
2312 5107 2456 5178 illis,
2487 5110 2922 5188 impugnabant
2953 5127 3046 5171 me
3075 5111 3289 5188 gratis.

2321 5200 2375 5258 1.
2413 5197 2732 5260 Canticum
2758 5200 3088 5279 graduum.
3125 5197 3317 5262 CXX.

2580 5291 3047 5365 Argumentum.

278 5389 382 5454 τὴν
435 5385 683 5464 δευτέραν
731 5381 875 5458 ᾠδὴν
904 5381 1041 5456 εῖδει,
1099 5380 1478 5458 προαπολυθεὶς
1511 5381 1607 5455 μὲν
1663 5387 1762 5447 τῆς
1823 5382 1910 5436 αἰ-

2016 5374 2334 5439 Secundum
2363 5374 2699 5436 modulatur
2729 5377 3201 5452 ranticum,dum
3229 5386 3360 5458 post
3379 5378 3627 5438 so'utam

349 5476 695 5554 γμαλωσίας,
731 5478 784 5528 εν
815 5471 918 5546 ὸδῴ
951 5471 1004 5526 δὲ
1039 5471 1228 5528 ὁδεύων
1264 5474 1360 5536 τῆς
1396 5478 1600 5546 μακρᾶς
1643 5474 1763 5528 ὁόου
1811 5475 1906 5536 τῆς

349 5608 399 5650 π
425 5608 657 5672 Coloss.
680 5624 765 5678 ιιι,
801 5605 858 5668 3.
945 5604 999 5647 ⁷⁸
1031 5607 1180 5669 Ltic.
1215 5620 1352 5677 xm,
1399 5601 1488 5665 lO.

354 5715 476 5795 (50)
510 5717 778 5778 Incertus
797 5713 990 5778 locus.

2074 5466 2463 5546 captivitatem
2500 5465 2736 5560 longum
2775 5478 2884 5531 iter
2913 5479 3114 5549 ageret
3141 5468 3439 5548 Babylone
3463 5471 3631 5530 Jeru-
