3992 6208
337 339 441 400 511
1125 341 1182 401 S.

1231 339 1654 402 ATHANASII
1699 337 1840 398 OPP
1914 335 2126 396 PARS.
2179 339 2286 402 lll.

2349 379 2408 386 -——
2463 345 2914 409 EXEGETICA.
3589 347 3710 412 512

415 473 726 554 solymam.
763 476 954 555 Atque
985 473 1142 534 inter
1166 473 1428 535 medium
1463 469 1758 559 montium
1790 467 1973 530 inter-

2137 471 2330 546 μεταξὺ
2365 477 2670 545 Βαϐυ)ὦνος
2714 480 2802 536 καὶ
2844 479 3220 557 Ἰερουσαλήμ,
3255 480 3388 557 ”Ος,
3449 487 3540 541 καὶ
3599 485 3710 559 μέ-

416 572 650 645 ceptus,
711 573 876 643 rogat
935 563 1215 625 auxilium
1279 562 1398 624 sibi
1456 557 1744 640 impendi,
1803 575 1976 638 quem

419 653 748 715 exaudiens
809 653 1193 734 propheticus
1257 650 1514 734 Spiritus
1575 647 1902 727 respondet
1963 665 1975 706 :

418 745 1040 808 Dominuscustodiet
1077 744 1397 805 introitum
1448 749 1618 802 tuum
1663 745 1717 799 et
1746 737 1992 798 accitum

421 846 612 895 tuum.

418 923 476 998 t,
504 923 562 985 2.
595 924 822 985 Levavi
849 921 1047 985 oculos
1070 940 1228 984 meos
1259 923 1324 983 in
1355 913 1982 982 montes...au:rilium

335 1029 534 1073 meum
564 1029 602 1072 α
637 1014 918 1084 Domino,
952 1015 1062 1092 qui
1084 1015 1228 1090 fecit
1270 1011 1482 1074 caelum
1515 1016 1567 1069 et
1601 1014 1848 1092 terram.
1881 1001 1986 1065 Os-

339 1100 591 1162 tendens
647 1100 754 1164 Dei
811 1091 1132 1181 potentiam
1195 1101 1278 1164 ait
1315 1119 1327 1164 :
1365 1099 1482 1176 Qui
1509 1095 1662 1176 fecit
1694 1091 1904 1154 cretum
1933 1100 1987 1153 et

340 1196 592 1254 terram.

421 1369 480 1448 3,
507 1368 708 1432 4.No-n
730 1370 826 1433 det
859 1373 917 1431 in
943 1371 1395 1432 commotionem
1418 1369 1629 1450 pedem
1651 1376 1844 1436 tuum,
1874 1378 1984 1424 ne-

339 1477 454 1538 que
477 1461 764 1524 dormitet
785 1462 892 1540 qui
912 1461 1170 1522 custodit
1193 1460 1432 1522 te.Ecce
1453 1478 1572 1522 non
1604 1453 1984 1529 dormitobit,

339 1549 628 1612 etc.Hanc
644 1550 856 1612 habeto
877 1569 1067 1630 spem,
1100 1560 1156 1612 et
1189 1547 1536 1611 salvaberis.
1575 1548 1726 1612 Illud
1761 1555 1982 1614 autem,

339 1657 465 1701 non
483 1641 990 1714 dormitobit,non
1015 1639 1276 1718 laborem
1304 1658 1508 1700 corum
1534 1634 1990 1719 quicustodiunt

342 1729 663 1804 exercitus,
692 1729 892 1798 urbes,
925 1729 1141 1800 ovilia;
1207 1727 1310 1790 sed
1347 1729 1846 1808 impatibilitatem
1881 1720 1988 1786 Dei

2143 583 2234 628 σος
2265 569 2369 621 τῶν
2400 567 2562 630 ὀρέων
2597 567 2947 650 ἀποληφθεὶς,
2995 571 3210 652 εὔχεται
3261 576 3402 648 αὖτῷ
3453 575 3711 650 βοήθειαν

2147 652 2382 728 γενέσθαι
2421 673 2433 686 ⁸
2483 661 2544 716 οὗ
2573 661 2662 716 καὶ
2691 659 3014 734 ἐπακούσας⁷
3051 664 3108 717 τὸ
3149 667 3362 736 Πνεῦμα
3391 665 3454 720 τὸ
3485 685 3706 744 προφη-

2146 743 2292 798 τικὸν
2345 745 2736 827 ἀποφθέγγεται
2772 765 2785 778 '
2845 750 3028 830 Κύριος
3081 750 3294 830 φυλάξει
3342 753 3440 820 τὴν
3501 743 3712 812 εἴσοδόν

2147 852 2240 890 σου
2269 835 2355 890 καὶ
2384 837 2482 903 τὴν
2513 836 2684 903 ἔξοδόν
2712 860 2827 896 σου.

2145 913 2280 998 Ἦρα
2329 925 2448 987 τοὺς
2500 927 2796 1002 ὀφθαλμούς
2843 949 2942 1001 μου
2973 929 3043 989 εἷς
3075 927 3140 983 τὰ
3171 928 3270 1008 ὅρη
3309 978 3321 992 .
3359 973 3374 988 .
3415 978 3430 994 .
3465 972 3482 990 .
3529 977 3542 991 .
3581 980 3596 994 .
3634 976 3648 991 .
3693 975 3710 992 .

2068 1007 2132 1064 Ἢ
2190 1011 2406 1086 βοήθειά
2463 1038 2564 1090 μου
2621 1019 2761 1094 παρὰ
2843 1018 3027 1094 Κυρίου
3081 1023 3173 1073 τοῦ
3238 1020 3561 1089 ποιήσαντος
3617 1023 3716 1078 τὸν

2069 1100 2285 1179 οὐρανὸν
2345 1105 2431 1159 καὶ
2489 1107 2585 1174 τὴν
2646 1107 2769 1185 γῆν.
2833 1115 2935 1164 Τοῦ
2989 1113 3121 1164 Θεοῦ
3177 1107 3470 1173 δεικνύντος
3529 1113 3588 1168 τὸ
3613 1109 3714 1168 δυ-

2071 1191 2248 1264 νατὸν,
2331 1201 2433 1250 Τοῦ
2511 1197 2861 1271 ποιήσαντος,
2939 1199 3092 1277 φησὶ,
3165 1201 3256 1254 τὸν
3329 1198 3550 1278 οῦρανὸν
3625 1201 3720 1256 καὶ

2069 1281 2167 1348 τὴν
2199 1283 2324 1358 γῆν,

2153 1371 2238 1436 Μὴ
2281 1367 2392 1444 δῴη
2455 1374 2525 1436 εἰς
2603 1375 2762 1432 σάλον
2824 1379 2914 1432 τον
2978 1374 3114 1432 πόδα
3157 1399 3274 1456 σου,
3327 1376 3464 1452 μηδὲ
3517 1379 3720 1436 νυστά-

2071 1457 2132 1533 ξῃ
2189 1461 2216 1514 ὁ
2271 1459 2552 1540 φυλάσσων
2614 1487 2690 1526 σε,
2769 1466 2976 1532 Ταύτην
3049 1464 3145 1546 ἔχε
3189 1466 3286 1532 τὴδ
3343 1465 3550 1543 ἐλπίδα,
3623 1471 3719 1524 καὶ

2069 1551 2238 1624 σώζῃ,
2287 1555 2359 1606 Τὸ
2403 1551 2477 1630 δὲ,
2538 1555 2598 1610 οὗ
2641 1555 2900 1629 νυστάξει,
2962 1559 3021 1614 οὗ
3071 1558 3132 1611 τὸ
3192 1556 3443 1614 ἐπίπονον
3473 1559 3578 1614 ἆπὸ
3607 1565 3718 1614 τῶν

2073 1637 2439 1718 φυλαττόντων
2497 1644 2591 1708 τὰς
2665 1647 2910 1722 στρατιὰς
2980 1647 3068 1701 καὶ
3110 1643 3296 1710 πόλεις
3334 1649 3422 1704 καὶ
3465 1649 3712 1724 ποίμνια,

2071 1727 2208 1784 ἀλλὰ
2239 1732 2298 1786 τὸ
2333 1732 2528 1794 ἀπαθὲς
2588 1735 2646 1790 τὸ
2709 1742 2865 1790 Θετον
2916 1733 3076 1801 δηλοῖ
3106 1737 3189 1814 τὸ,
3223 1736 3281 1790 οὒ
3313 1735 3547 1802 νυστᾶξει
3593 1736 3720 1794 οὐδὲ

339 1817 630 1898 signiﬁcat
653 1818 820 1880 illud:
863 1817 990 1880 Non
1014 1820 1365 1881 dormitabit
1393 1835 1583 1898 neque
1603 1817 1862 1879 dormiet
1885 1813 1990 1892 qui

2107 1820 2304 1874 πνώσει
2357 1823 2383 1876 ὁ
2448 1822 2730 1901 φυλάσσων
2783 1824 3023 1902 Ἰσραήλ.
3087 1829 3252 1881 Δοκεῖ
3307 1823 3362 1881 δὲ
3420 1828 3722 1902 νυστάζειν,

337 1907 598 1970 custodit
621 1908 832 1970 Israel.
867 1907 1118 1970 Videtur
1137 1919 1336 1970 autem
1359 1907 1685 1968 dormitare
1704 1923 1836 1965 cum
1871 1913 1992 1962 tur-

341 1995 598 2058 bulentis
627 1997 806 2075 hujus
836 1997 970 2060 vita;
1023 1999 1278 2076 negotiis
1325 2007 1384 2058 et
1415 1996 1651 2058 insidiis
1681 1994 1988 2072 agitamur.

422 2088 481 2148 5.
503 2087 798 2148 Dominus
821 2088 1116 2149 custodiat
1141 2090 1522 2162 te,Dominus
1542 2085 1836 2167 protectio
1861 2087 1988 2152 tua,

338 2193 524 2256 super
547 2193 798 2236 manum
829 2178 1148 2239 dexteram
1173 2184 1366 2240 tuam.
1389 2176 1652 2256 Idipsum
1675 2173 1736 2234 in
1760 2171 1990 2232 decimo

342 2264 548 2344 quinto
575 2264 801 2344 psalmo
821 2267 934 2326 ait:
961 2267 1360 2330 Providebam
1399 2268 1725 2330 Dominum
1743 2267 1810 2322 tn
1840 2276 1989 2320 con-

338 2361 550 2435 spectu
573 2373 702 2416 meo
731 2373 993 2435 semper,
1021 2359 1302 2435 quoniam
1335 2377 1370 2416 a
1403 2355 1648 2420 dextris
1685 2359 1771 2413 est
1811 2348 1991 2422 mihi,

338 2463 416 2506 ue
445 2462 828 2506 commoveor
857 2446 1023 2509 79.Et
1052 2447 1164 2508 hoc
1187 2447 1324 2508 item
1351 2447 1481 2508 loco
1517 2443 1661 2504 dicit
1697 2463 1709 2500 :
1739 2439 1824 2500 Ad
1858 2439 1992 2498 dex-

342 2541 526 2595 teram
563 2551 799 2594 manum
835 2543 990 2598 tuam
1044 2537 1422 2608 constitutus,
1481 2545 1536 2596 et
1587 2537 1878 2614 proteget,
1933 2537 1993 2588 et

343 2623 642 2686 custodiet
701 2631 762 2687 et
793 2634 957 2687 omni
986 2627 1357 2706 providentia
1391 2623 1788 2702 dignabitur.‘

689 2713 1012 2778 Canticum
1043 2717 1369 2794 graduum.
1408 2711 1638 2776 CXXI.

939 2807 1400 2886 Argumentum.

349 2891 612 2954 Tertium
645 2893 938 2956 canticum
973 2883 1088 2955 iter
1117 2893 1432 2974 agentibus
1493 2888 1778 2974 praedicat
1837 2897 1900 2945 ut
1931 2883 1992 2944 in

429 2981 670 3044 domum
701 2981 806 3043 Dei
837 2984 1186 3046 concedant.

430 3165 485 3224 t.
525 3166 786 3226 Ltetatus
805 3182 940 3226 sum
971 3167 1038 3226 in
1069 3166 1148 3226 iis
1181 3183 1308 3244 qua
1339 3163 1498 3228 dicto
1531 3168 1670 3225 sunt
1703 3163 1856 3227 mihi
1887 3183 1899 3219 :
1931 3161 1993 3222 in

2161 3169 2472 3249 Ηῦιρράνθην
2559 3167 2648 3224 ὲπί
2730 3182 2850 3230 τοῖς
2935 3169 3172 3247 εἱρηκόσι
3243 3191 3336 3244 μοι
3373 3183 3386 3199 ’

351 3251 590 3314 domum
623 3253 874 3316 Domini
907 3255 1162 3316 ibimus:

432 3341 746 3405 2.8tantes
777 3352 947 3406 erant
959 3345 1141 3422 pedes
1159 3349 1354 3406 nostri
1373 3345 1438 3404 in
1457 3347 1638 3406 atriis
1659 3339 1997 3416 tuis,Jeru-

353 3433 562 3495 solem.
593 3433 714 3496 Vox
741 3455 956 3496 senum
979 3435 1104 3496 haec
1137 3435 1354 3515 est,qui
1389 3435 1784 3516 captivitatem
1819 3432 1998 3492 susti-

358 3533 642 3597 nuerunt,
696 3533 754 3586 et
785 3533 1027 3586 narrant
1058 3523 1240 3605 pedes
1293 3543 1434 3586 suos
1464 3525 1680 3606 quibus
1731 3531 1856 3611 jam
1889 3525 2002 3590 iter

357 3623 602 3692 agerent
631 3615 771 3677 olim
805 3617 1040 3679 stetisse
1075 3618 1133 3678 in
1165 3617 1519 3679 Jerusalem.

442 3797 498 3858 3.
531 3791 890 3868 Jerusalem,
955 3814 1090 3876 qua:
1149 3795 1490 3874 adtﬁcotur
1523 3803 1590 3858 ut
1619 3798 1858 3858 civ-itas.
1895 3797 2000 3872 Ita,

363 3883 579 3964 inquit,
629 3885 832 3944 civitas
862 3885 1003 3946 olim
1067 3895 1233 3964 erat;
1297 3903 1413 3945 non
1472 3885 1610 3946 hinc
1681 3887 1820 3948 inde
1878 3888 2004 3948 dis-

364 3991 536 4052 persa
566 3974 668 4034 sed
731 3973 808 4034 ita
863 3983 1223 4048 constructa,
1279 3983 1340 4034 ut
1389 3973 1695 4034 videretur
1745 3995 1860 4037 una
1893 3979 2004 4038 do-

361 4081 492 4124 mus
524 4081 680 4144 esse,
717 4081 788 4126 ex
818 4063 1132 4124 domorum
1166 4063 1446 4125 continua
1477 4064 1640 4125 serie
1671 4075 1728 4124 et
1758 4067 2005 4128 concin-

363 4153 572 4216 nitate.

441 4242 664 4306 4.]tluc
685 4245 844 4305 enim
878 4241 1276 4304 ascenderunt
1300 4239 1516 4304 tribus.
1539 4243 1763 4303 Omnes
1791 4241 2001 4320 tribus,

2077 1905 2287 1964 ἐπειδὰν
2316 1912 2436 1976 τοῖς
2470 1913 2717 1978 ἁστάτοις
2761 1924 2853 1973 τοῦ
2891 1915 3006 1990 βίου
3052 1913 3380 1990 σαλευόμεθα
3411 1917 3720 1996 πράγμασι,

2075 2009 2196 2062 ταῖς
2228 1999 2342 2057 καθ’
2379 2004 2528 2076 ἡμῶν
2559 2000 2894 2064 ἐπιϐουλαῖς.

2163 2089 2348 2165 Κύριος
2399 2091 2620 2169 φυλάξαι
2681 2115 2762 2168 σε,
2825 2095 3010 2172 Κύριος
3063 2093 3237 2161 σκέπη
3294 2115 3400 2166 σοι,
3452 2095 3536 2152 ἐπὶ
3593 2110 3730 2174 χεῖ-

2078 2201 2140 2255 ρα
2183 2177 2351 2244 δεξιάν
2409 2203 2524 2242 σου.
2574 2185 2737 2240 Τοῦτο
2789 2185 2877 2239 καὶ
2938 2183 2990 2238 ἐν
3055 2190 3131 2257 τῷ
3175 2183 3240 2238 ιε’
3305 2183 3404 2264 ἔφη
3465 2183 3665 2260 ψαλμῷ
3705 2204 3724 2220 ο

2076 2269 2449 2346 Προεωρώμην
2505 2273 2595 2328 τὸν
2677 2273 2862 2350 Κύριον
2935 2272 3160 2328 ἐνώπιόν
3244 2295 3345 2346 μου
3411 2271 3730 2354 διαπαντὸς,

2077 2357 2157 2413 ὅτι
2215 2357 2274 2413 ἐκ
2330 2357 2510 2425 δεξιῶν
2563 2363 2664 2435 μού
2708 2361 2872 2443 ἐστιν,
2919 2363 3011 2418 ’ίνα
3063 2363 3142 2435 μὴ
3187 2362 3446 2426 σαλευθῶ,
3503 2365 3730 2422 [inii-w-

2077 2451 2238 2503 ταῦθα
2294 2449 2452 2505 πάλιν
2495 2453 2674 2529 φησὶν,
2733 2450 2814 2508 ὅτι
2861 2453 3007 2530 Παρὰ
3045 2453 3144 2518 τὴν
3203 2450 3374 2517 δεξιοίν
3420 2476 3502 2509 σοι
3555 2465 3734 2533 χεῖρα

2077 2539 2386 2618 γενόμενος,
2421 2541 2508 2596 καὶ
2541 2541 2818 2616 σκεπάσει,
2877 2545 2970 2596 καὶ
3032 2542 3336 2621 φρουρήσει,
3399 2544 3485 2599 καὶ
3543 2543 3732 2609 πάσης

2079 2625 2288 2692 ἀξιώσει
2321 2630 2564 2705 προνοίας
2577 2678 2588 2689 .

2461 2717 2593 2800 ᾪδὴ
2637 2725 2744 2776 τῶν
2787 2717 3130 2796 ἀναϐαθμῶν,
3179 2709 3346 2778 ΡΚΑ’.

2753 2805 3050 2876 ἰ’πόθεσις.

2077 2899 2142 2955 Ἥ
2172 2900 2322 2975 τρίτη
2367 2897 2476 2971 ᾠδὴ
2537 2899 2656 2960 τοὺς
2713 2898 2790 2954 ’ἐτι
2836 2897 3240 2978 ὁδοιποροῦντας
3302 2897 3730 2978 εὐαγγελίζεται,

2155 2991 2253 3057 τὴν
2289 2991 2360 3050 εἱς
2392 2991 2483 3044 τὸν
2516 2981 2668 3048 οἷκον
2698 2995 2789 3044 τοῦ
2821 2996 2951 3048 Θεοῦ
2981 2989 3176 3068 ἄφιξιν,
3215 2989 3307 3044 Διὸ
3333 2990 3422 3045 καὶ
3451 2988 3734 3068 ἀναφθέγ-

2159 3101 2332 3158 γεται.

3443 3169 3514 3234 εἰς
3571 3171 3738 3224 οἷκον

2087 3261 2270 3337 Κυρίου
2303 3259 2686 3336 πορευσόμεθα,

2163 3351 2427 3412 Ἐστὼ-ιες
2486 3349 2624 3417 ἦσαν
2681 3352 2728 3404 οἱ
2785 3347 2942 3413 πόδες
3019 3349 3175 3422 ἡμῶν
3229 3345 3282 3401 ἐν
3357 3361 3478 3408 ταῖς
3533 3347 3738 3412 αὐλαῖς

2085 3463 2196 3496 σου.
2258 3437 2628 3516 Ἰερουσαλήμ,
2693 3439 2835 3504 Αὕτη
2894 3444 2997 3495 τῶν
3051 3437 3431 3516 γεγηρακότων
3461 3437 3494 3503 ἡ
3545 3438 3734 3516 φωνὴ,

2085 3535 2190 3584 τῶν
2249 3531 2336 3584 καί
2380 3530 2476 3595 τὴν
2524 3525 2902 3608 αἰχμαλωσίαν
2953 3526 3376 3602 ὑπομεινάντων,
3433 3522 3738 3603 διηγουμέ-

2087 3641 2212 3695 νων,
2248 3620 2319 3679 ὡς
2353 3615 2451 3694 ἄρα
2497 3621 2667 3676 αὔτιύν
2697 3619 2744 3673 οἱ
2775 3616 2956 3697 πόδες,
2993 3620 3039 3674 οἱ
3073 3639 3157 3674 νυν
3201 3616 3297 3684 τὴν
3333 3615 3546 3696 πορείαν
3596 3637 3738 3672 ποι-

2085 3709 2318 3785 ούμενοι,
2349 3706 2518 3762 πάλαι
2551 3707 2780 3773 ἔστησαν
2801 3706 2863 3762 ἐν
2893 3703 3272 3781 Ἰερουσαλήμ.

2169 3793 2520 3874 Ἰερουσαλὴμ
2588 3794 3006 3870 οἰκοδομουμένη
3120 3797 3194 3860 ὡς
3281 3793 3464 3856 πόλις.
3549 3792 3734 3870 Οὕτω,

2087 3887 2272 3965 φησὶν,
2331 3887 2398 3953 ἦν
2429 3884 2593 3941 πάλαι
2628 3887 2700 3948 ὡς
2732 3883 2914 3958 πόλις,
2948 3885 3006 3942 οῦ
3053 3880 3414 3962 διεσπαρμένη
3466 3880 3566 3938 ὧδε
3621 3905 3741 3939 κα-

2086 3988 2237 4030 κεϊσε
2271 3993 2284 4006 '
2321 3973 2442 4030 ἀλλ’
2485 3974 2650 4038 οὕτως
2697 3975 2763 4042 ἧν
2812 3973 3148 4052 ἡρμοσμένη,
3178 3975 3250 4036 ὡς
3284 3971 3424 4038 δόξαι
3453 3971 3545 4028 ἕνα
3573 3972 3742 4030 οἶκον

2089 4069 2226 4120 εἶναι
2257 4071 2326 4141 τῇ
2367 4067 2617 4144 συναφείᾳ
2661 4065 2750 4120 καὶ
2809 4063 2877 4139 τῇ
2923 4063 3146 4141 ἁρμονίᾳ
3195 4068 3300 4118 τῶν
3359 4061 3740 4138 οἰκοδομημέ-

2089 4177 2194 4211 των
2207 4203 2218 4214 .

2169 4244 2322 4301 Ἐκεῖ
2375 4247 2473 4323 γὰρ
2531 4243 2794 4311 ἀνέϐησαν
2854 4245 2904 4298 αἱ
2963 4241 3143 4323 φυλαί.
3207 4247 3376 4298 Πᾶσαι
3438 4243 3489 4296 αἱ
3547 4237 3740 4320 φυλαὶ,

363 4333 715 4414 inquit,qua3
729 4351 794 4394 ex
823 4332 1070 4412 [Egypto
1105 4347 1211 4410 per
1232 4327 1503 4390 virtutem
1529 4327 1768 4392 Domini
1801 4351 1993 4411 egres-

2106 4337 2271 4414 ρησὶν,
2335 4334 2386 4402 ἐξ
2447 4337 2706 4413 Αἰγύπτου
2764 4332 2982 4408 δυνάμει
3049 4330 3234 4411 Κυρίου
3286 4329 3606 4408 ἐξελθοῦσαι,
3659 4331 3746 4393 εἷς

363 4443 442 4486 εω
471 4423 715 4500 sunt,ad
741 4442 868 4484 eam
903 4421 1110 4482 urbem
1141 4419 1561 4500 properabant,
1588 4419 1660 4482 ad
1691 4421 1993 4484 ferendum

2106 4427 2256 4492 ιιῦτὴν
2288 4424 2538 4484 ἔσπευδον
2597 4425 2695 4492 τὴν
2751 4423 2905 4480 πόλιν
2960 4425 3315 4500 μαρτυρῆσαι,
3359 4419 3478 4488 ἤτοι
3511 4421 3744 4498 εὐχαρι-

365 4487 792 4582 testimonium,
827 4513 947 4574 sive
979 4511 1050 4570 ad
1103 4487 1318 4587 gratias
1349 4509 1608 4586 agendas
1643 4511 1761 4570 Deo
1797 4509 1993 4576 Israel.

2106 4487 2284 4582 πτῆσαι
2345 4521 2414 4588 τῷ
2466 4521 2582 4588 θεῴ
2630 4487 2724 4570 τοῦ
2775 4487 3197 4590 ’ίσραήλδτόῦή
3241 4487 3744 4586 ἐξομολογήσασθαι

361 4605 454 4666 Ad
477 4603 878 4684 conﬁtendum
895 4602 1130 4664 nomini
1153 4595 1514 4660 Dom-ini.Eo
1538 4597 1694 4678 quod
1719 4599 1993 4678 impleve-

2106 4613 2163 4679 τῷ
2202 4608 2422 4680 ὀνόματι
2485 4605 2694 4682 Κυρίου,
2738 4602 2856 4684 Ἐφ’
2911 4603 3000 4664 οἷς
3057 4599 3338 4676 ἐπλήρωσε
3369 4599 3468 4666 τὴν
3523 4601 3746 4672 θαυμα-

363 4703 440 4758 rit
460 4691 871 4756 admirabilem
907 4689 1362 4772 promissionem
1399 4689 1869 4750 suam.Thronos
1897 4711 1993 4752 au-

2106 4697 2205 4754 τίαν
2239 4697 2555 4775 ὑπόσχεσιν,
2601 4696 2814 4774 θρόνους
2865 4714 2922 4748 τε
2985 4699 3074 4749 τοῦ
3106 4691 3258 4748 οἴκου
3293 4687 3464 4744 Δαυ³ιδ
3489 4685 3746 4765 ίδρυνθῆ-

362 4795 488 4847 tem
521 4785 734 4844 domus
769 4781 950 4844 David
1011 4797 1195 4860 super
1224 4795 1354 4840 eam
1413 4777 1691 4838 l‘undatos
1741 4797 1872 4841 esse
1901 4781 1984 4843 ait

2106 4785 2173 4842 ναί
2231 4807 2393 4864 φησιν
2437 4781 2521 4841 ἐπ’
2579 4785 2742 4852 αῦτῆς
2778 4803 2793 4820 ·
2851 4783 2966 4840 ἐπεὶ
3004 4805 3091 4839 και
3148 4779 3422 4857 βασιλείαν
3453 4777 3664 4834 πάντων
3713 4779 3748 4832 ὁ

367 4875 647 4956 quoniam
670 4873 892 4936 scilicet
917 4889 1164 4949 regnum
1193 4869 1250 4928 in
1289 4885 1498 4928 omnes
1523 4871 1880 4956 praenuntiat
1901 4873 2010 4933 Da-

365 4955 620 5026 vid.Non
657 4963 833 5024 unius
857 4961 1178 5041 imperium
1207 4973 1570 5029 memorans,
1603 4955 1707 5017 sed
1735 4975 2010 5022 commu-

371 5055 534 5130 ne,in
562 5053 818 5134 optimos
839 5059 896 5112 et
915 5048 1396 5130 religiosissimos
1414 5064 1710 5126 quosque,
1734 5065 1766 5107 a
1797 5051 2013 5128 quibus

372 5163 618 5224 regnum
647 5141 886 5203 Davidis
932 5139 1184 5216 erigitur
1207 5154 1312 5218 per
1337 5135 1584 5214 gratiam
1617 5135 1838 5198 Christi
1870 5157 1882 5201 :
1913 5143 2014 5221 qui

375 5232 689 5296 duodecim
718 5230 1020 5312 apostolis,
1057 5246 1238 5309 super
1287 5225 1602 5286 duodecim
1637 5225 1887 5290 thronos
1919 5249 2010 5292 se-

375 5323 678 5398 dentibus,
713 5329 1064 5403 potestatem
1090 5317 1256 5379 dedit
1285 5313 1592 5396 judicandi
1627 5315 1930 5403 lsraelem.

410 5415 643 5488 5.()uiu
657 5401 787 5475 illic
802 5411 1084 5474 sederunt
1099 5408 1302 5470 throni
1319 5404 1634 5483 injudicio
1649 5401 2014 5471 .Secundum

372 5503 676 5569 historiam
709 5501 832 5564 illic
863 5499 1032 5581 regia
1053 5495 1319 5572 luit,illic
1347 5492 1728 5556 sacerdotum
1767 5496 1965 5560 throni
1997 5521 2012 5582 ;

453 5697 506 5740 79
541 5696 693 5759 l’sal.
732 5712 830 5773 xv,
863 5695 922 5758 8.

2097 4873 2264 4931 Δαυῖδ
2293 4875 2614 4954 προςρητεύει
2651 4891 2664 4904 ·
2713 4878 2820 4952 οὔχ
2851 4874 2966 4933 ἐνὸς
3013 4869 3184 4949 λέγων
3217 4869 3419 4949 ἀρχὴν,
3449 4866 3587 4922 ἀλλὰ
3616 4887 3742 4921 κοι-

2096 4967 2213 5035 νὴν,
2247 4965 2375 5042 ὑπὲρ
2407 4965 2632 5042 ἀρίστων
2665 4965 2752 5020 καὶ
2799 4959 3223 5018 θεοσεϐεσττὶτων
3261 4979 3272 4991 ·
3331 4955 3399 5014 δι’
3451 4960 3526 5012 ὧν
3553 4959 3586 5023 ἡ
3633 4956 3744 5030 βα-

2097 5056 2267 5112 σιλεία
2299 5053 2468 5110 Δαυϊδ
2497 5053 2802 5130 ἀνορθοῦται
2837 5053 3020 5132 χάριτι
3051 5057 3142 5106 τοῦ
3175 5053 3422 5126 Χριστοῦ,
3479 5059 3599 5110 τοῖς
3633 5043 3748 5100 δώ-

2099 5145 2224 5202 δεκα
2254 5143 2544 5208 δεδωκότος
2605 5141 2948 5212 ἀποστόλοις,
3003 5153 3122 5202 τοῖς
3177 5138 3263 5194 ἐπὶ
3308 5135 3510 5193 δώδεκα
3537 5137 3752 5214 θρόνοις

2099 5237 2464 5310 καθεζομένοις
2498 5235 2692 5310 κρίνειν
2724 5233 2815 5287 τὸν
2839 5228 3080 5308 Ἰσραήλ.

2181 5413 2315 5472 ’Ὅτι
2368 5413 2484 5468 ἐκεῖ
2535 5409 2781 5470 ἐκάθισαν
2831 5409 3006 5486 θρόνοι
3055 5409 3128 5473 εἷς
3185 5407 3382 5484 κρίσιν.
3451 5405 3547 5462 Καὶ
3611 5403 3756 5458 κατὰ

2097 5505 2196 5571 τὴν
2226 5502 2458 5581 ἱστορίαν
2500 5501 2616 5558 ἐκεῖ
2643 5499 2707 5556 τὰ
2738 5497 3004 5578 βασίλεια,
3057 5501 3144 5555 καὶ
3185 5501 3291 5554 τῶν
3325 5493 3510 5575 ἱερέων
3537 5494 3586 5550 οἱ
3617 5493 3756 5572 θρό-
