3992 6208
307 363 424 426 515

1113 368 1172 430 S.
1222 365 1642 431 ATHANASII
1686 368 1848 429 OPP.
1896 369 2108 431 PARS.
2154 369 2264 430 III.
2315 403 2389 412 —
2442 369 2888 435 EXEGETICA.

3564 380 3681 443 516

306 547 310 551 -
394 501 471 563 lio
524 504 652 575 Dei,
710 503 871 582 «qui
923 522 1038 564 non
1090 502 1372 584 relinquit
1430 503 1646 582 virgam
1735 523 1950 584 pecca-

2117 507 2226 580 ρίας
2260 505 2419 562 πάλιν
2474 514 2566 563 τοῦ
2628 515 2781 589 Θεοῦ,
2836 533 2864 565 α
2911 512 2988 585 μὴ
3051 510 3293 592 ἀφιέντος
3346 516 3446 581 την
3496 515 3685 591 ῥάϐδον

398 600 593 653 torum
611 612 792 675 super
806 602 1024 657 sortem
1048 593 1345 672 justorum
1367 602 1423 655 et
1448 603 1785 655 sanctorum
1819 614 1956 657 suo-

317 698 452 741 rum
483 679 557 742 39.
587 706 613 738 »

401 773 460 834 5.
496 771 630 834 Pax
657 791 838 853 super
903 771 1121 833 Israel.
1181 774 1291 832 Pax
1354 772 1513 834 enim
1555 792 1686 854 qum
1716 791 1956 836 omnem

318 869 558 941 superat
596 871 853 923 mentem
895 859 971 938 8³,
1005 861 1057 921 ei
1105 861 1212 922 soli
1246 861 1423 922 datur
1457 863 1556 942 qui
1611 871 1808 924 mente
1859 881 1953 924 va-

317 948 416 1011 let.
453 951 575 1012 lmo
612 951 786 1012 etiam
817 949 1037 1011 deletis
1086 949 1349 1012 inimicis
1378 952 1435 1012 hi
1471 970 1615 1032 pace
1671 952 1956 1015 frueban-

309 1047 430 1101 tur.

673 1133 988 1195 Canticum
1009 1136 1339 1214 graduum.
1379 1134 1618 1200 CXXV.

893 1230 1362 1308 Argumentum.

2117 595 2449 667 ἁμαρτωλῶν
2500 596 2584 653 ἐπὶ
2617 600 2703 654 τὸν
2740 605 2941 678 κλῆρον
2999 607 3104 658 τῶν
3163 600 3379 658 δικαίων
3436 607 3522 661 καὶ
3577 607 3685 663 τῶν

2119 685 2282 760 ἀγίῳν
2313 689 2494 747 αὐτοῦ.
2531 711 2558 742 »
3417 750 3423 755 ,

2124 775 2318 849 Εἰρήνη
2378 778 2461 831 ἐπὶ
2515 778 2606 832 τὸν
2693 774 2981 854 ’Ἰσραήλη
3037 777 3100 836 Ἠ
3167 780 3266 860 γὰρ
3350 783 3689 864 ὑπερέχουσα

2044 863 2215 920 πάντα
2266 871 2382 920 νοῦν
2428 866 2609 944 εἰρήνη
2669 867 2815 941 μόνῳ
2864 874 2940 941 τῷ
3007 868 3126 924 νοῦν
3197 869 3381 949 ἔχοντι
3455 863 3676 934 δίδοται.

2040 953 2206 1010 Ἀλλὰ
2236 955 2323 1009 καὶ
2351 961 2448 1017 τῶ,
2501 955 2774 1030 πολεμίων
2805 956 3192 1039 ἀπολωλότων,
3227 960 3370 1018 οὗτοι
3402 963 3496 1028 τῆς
3527 965 3685 1041 εἰρή-

2040 1066 2136 1110 νης
2169 1042 2504 1114 ἀπήλαυσαν,

2430 1136 2561 1218 ’ῼδη
2596 1139 2700 1193 τῶν
2733 1137 3072 1216 ἀναϐαθμῶο,
3111 1141 3280 1200 ΡΚΕ’.

2710 1231 2726 1255 ’
2737 1232 2954 1289 Γπξῖθεσι
2967 1257 2984 1296 ς
2996 1283 3010 1297 ,

311 1321 646 1400 Septimum
681 1323 980 1384 canticum
1012 1330 1235 1390 canunt
1269 1323 1368 1402 qui
1393 1342 1523 1384 cum
1557 1323 1629 1385 ad
1651 1323 1838 1404 ipsam
1860 1341 1954 1385 ur-

2068 1320 2146 1388 ’ὴν
2205 1319 2435 1396 ἑϐδόμην
2493 1323 2703 1396 ᾳδουσιν
2750 1324 2892 1396 ᾠδὴν
2952 1329 2997 1383 οἱ
3063 1329 3122 1383 τὸ
3168 1328 3402 1407 ἀσφαλὲς
3433 1331 3680 1410 ἐσχηκό-

398 1412 528 1472 bem
565 1411 970 1490 pervenerint,
997 1411 1368 1473 liberationis
1391 1432 1423 1472 a
1452 1413 1784 1492 captivitate
1816 1431 1947 1475 cer—

2118 1432 2205 1475 τες
2235 1412 2332 1479 τῆς
2364 1410 2676 1490 λυτρώσεως
2735 1412 2818 1470 διὰ
2873 1417 2934 1471 τὸ
2976 1419 3031 1471 ἓν
3078 1419 3211 1493 αὐτῇ
3267 1425 3582 1498 γεγενῆσθαι
3615 1422 3684 1489 τῆ

395 1499 708 1561 titudinem
738 1499 1213 1582 habent.Rogant
1234 1509 1431 1562 autem
1454 1520 1562 1582 pro
1584 1502 1832 1584 reliquis
1855 1504 1954 1582 qui

2117 1498 2292 1558 πόλει.
2355 1502 2725 1572 Παρακιλοῦσι
2784 1501 2837 1558 δὲ
2894 1504 3023 1583 ὑπὲρ
3084 1511 3188 1561 τῶν
3247 1506 3452 1564 λοιπῶν
3490 1557 3504 1586 ,
3569 1513 3678 1565 τῶν

392 1590 587 1659 adhuc
611 1598 782 1651 erant
810 1589 870 1650 in
908 1589 1225 1669 Babylone,
1256 1591 1463 1671 utipsi
1480 1592 1656 1653 etiam
1691 1592 1953 1654 redime-

2118 1589 2194 1646 ἔτι
2225 1589 2389 1646 ὄντων
2419 1593 2472 1646 ἓν
2503 1592 2572 1661 τῇ
2598 1591 2894 1666 Βαλυλῶνι,
2927 1593 3074 1657 ὅπως
3103 1593 3165 1650 ἂν
3189 1597 3273 1651 καὶ
3302 1599 3446 1653 αὐτοὶ
3475 1597 3678 1669 λυτρω-

392 1689 623 1745 rentur.

2117 1682 2302 1740 θῶσιν.

398 1776 450 1832 1.
482 1769 557 1830 In
585 1769 987 1832 convertenda
1018 1768 1319 1832 Dominus
1347 1772 1762 1850 captivitatem
1801 1768 1954 1832 Sion

2119 1767 2207 1825 Ἐν
2289 1776 2364 1844 τῷ
2448 1770 2762 1850 ἐπιστρέψαι
2868 1773 3060 1845 Κύριον
3156 1775 3252 1843 τὴν
3344 1776 3680 1856 αἶχαλωσίαν

311 1860 458 1937 facti
484 1876 696 1921 sumus
715 1864 871 1920 sicut
891 1857 1203 1921 consolati.
1229 1858 1367 1920 Haec
1388 1859 1644 1939 apostoli
1676 1878 1954 1938 praenun-

2068 1859 2178 1914 ἒιὼν
2219 1859 2554 1936 ἐγενήθημεν
2616 1861 2742 1916 ὡσεὶ
2798 1863 3290 1940 παρακεκλημένοι,
3376 1869 3434 1923 Οἱ
3508 1867 3685 1923 ἀπόσ-

312 1949 462 2010 tiant
483 1949 559 2010 de
579 1947 793 2028 seipsis
824 1957 882 2009 et
911 1947 986 2008 de
1009 1947 1308 2024 gentibus.
1336 1948 1480 2010 Nam
1529 1948 1769 2012 Davidis
1803 1958 1954 2010 tem-

2068 1946 2189 2004 ῑολοι
2247 1950 2411 2003 ταῦτα
2465 1951 2889 2028 προφητεύονται
2969 1954 3084 2024 περὶ
3172 1955 3371 2010 ἑαυτῶν
3432 1957 3521 2012 καὶ
3576 1958 3680 2014 τῶν

314 2057 459 2120 pore
509 2038 672 2099 nulla
719 2038 1024 2118 captivitas
1051 2049 1198 2101 erat.
1236 2037 1513 2100 Fortasse
1557 2057 1696 2100 vero
1731 2039 1853 2104 haec
1883 2039 1954 2101 de

2072 2063 2097 2091 ν
2127 2049 2241 2101 τοῖς
2272 2035 2458 2097 ἔθνεσι.
2528 2041 2672 2095 Κατὰ
2729 2041 2830 2118 γάρ
2887 2043 3007 2105 τοὺς
3069 2042 3158 2098 τοῦ
3219 2042 3385 2102 Δαυΐδ
3452 2047 3680 2124 χρόνους

312 2127 600 2208 spirituali
629 2127 964 2209 captivitate
999 2129 1164 2190 dicit.
1202 2129 1348 2190 Illud
1382 2129 1568 2203 enim,
1599 2131 1825 2202 dicent,
1856 2129 1954 2190 fu-

313 2226 508 2280 turum
534 2219 881 2300 prophetico
907 2218 1225 2298 signiﬁcat.

392 2400 517 2464 2-4.
555 2403 718 2462 Tunc
746 2402 950 2464 dicent
984 2403 1149 2464 inter
1199 2407 1407 2481 gentes
1456 2419 1475 2463 :
1526 2400 1956 2480 Magniﬁcavit

315 2491 635 2553 Dominus.
675 2499 790 2553 etc.
825 2487 950 2552 Hoc
979 2509 1088 2552 uos
1115 2491 1315 2552 multis
1344 2489 1958 2570 lacrymisdeploran-

313 2583 424 2642 dos
446 2597 582 2641 esse
611 2578 684 2641 ab
708 2579 989 2641 omnibus
1041 2580 1350 2658 signiﬁcat.
1398 2578 1622 2642 Omnes
1651 2579 1812 2640 enim
1848 2580 1953 2641 Dei

311 2667 808 2746 magniﬁcentiam
843 2669 1156 2749 mirantur,
1183 2669 1340 2749 quod
1384 2687 1492 2730 nos
1523 2688 1594 2730 ex
1618 2669 1833 2730 acerba
1855 2668 1956 2730 illa

308 2761 586 2819 servitute
617 2756 1060 2822 liberaverit.Et
1089 2777 1197 2820 nos
1219 2757 1462 2838 quidem
1493 2757 1956 2839 clamamus,ne-

308 2865 425 2927 que
454 2847 612 2908 enim
641 2865 918 2908 vacamus
957 2866 1157 2922 sensu,
1214 2866 1348 2908 cum
1402 2847 1667 2927 reliquos
1692 2847 1954 2928 captivos

307 2937 574 2998 nondum
605 2936 1033 3018 receperimus,
1072 2956 1177 3018 pro
1229 2937 1446 3015 quibus
1501 2938 1584 2998 ita
1643 2937 1948 3018 supplica-

307 3044 440 3088 mus
467 3048 481 3090 :
514 3027 1543 3106 Concede,Domine,captivitatem
1575 3035 1850 3089 nostram
1879 3028 1952 3088 si-

308 3123 408 3176 cut
429 3121 668 3178 torrens
692 3117 757 3177 in
776 3115 1118 3179 austroﬂis
1148 3116 1483 3195 signiﬁcant
1514 3134 1786 3194 magnam
1840 3115 1951 3176 ad-

2040 2127 2134 2182 οῦκ
2183 2131 2250 2194 ἦν
2306 2125 2650 2206 αἰχμαλωσία
2737 2130 2891 2209 Τάχα
2955 2133 3045 2186 οὖν
3110 2133 3224 2209 περὶ
3309 2138 3408 2200 τῆς
3481 2139 3682 2202 νοητῆς

2037 2217 2200 2275 ταῦτά
2223 2239 2375 2294 φησι.
2404 2219 2476 2274 Τὸ
2502 2219 2623 2298 γὰρ,
2658 2219 2859 2298 ἐροῦσι,
2889 2243 3232 2301 προφητικως
3263 2225 3324 2279 τὸ
3356 2222 3550 2299 μέλλον
3581 2223 3680 2292 δη-

2039 2305 2243 2363 λοῦται.

2118 2397 2247 2453 Τότε
2293 2397 2495 2474 ἐροῦσιν
2554 2397 2608 2452 ἐν
2686 2412 2807 2462 τοῖς
2872 2399 3092 2455 ἔθνεσιν
3180 2399 3508 2478 Ἐμεγάλυνε
3569 2404 3682 2461 Κύ-

2039 2508 2175 2564 ριος,
2206 2507 2340 2546 κ.τ.
2414 2484 2468 2547 λ.
2531 2493 2695 2544 Τοῦτο
2739 2486 2793 2543 δὲ
2853 2487 2996 2562 ἡμᾶς
3052 2488 3479 2570 πολυθρηνήτους
3535 2497 3682 2570 παρὰ

2038 2581 2198 2631 πᾶσιν
2227 2574 2516 2653 ἀπέφηνεν.
2545 2575 2825 2638 ’Ἅπαντες
2858 2579 2958 2655 γὰρ
2987 2577 3084 2645 τήν
3114 2586 3204 2636 τοῦ
3239 2586 3372 2636 Θεοῦ
3404 2579 3680 2658 μεγαλου..

2038 2663 2154 2741 γίαν
2205 2665 2586 2744 θασμάζουσιν,
2635 2664 2716 2721 ὅτι
2765 2671 2866 2733 τῆς
2912 2674 3104 2746 πικρᾶς
3156 2669 3360 2736 ἐκείνης
3394 2672 3537 2746 ἡμᾶς
3568 2670 3683 2731 δου-

2039 2751 2180 2818 λείας
2211 2751 2508 2819 ἀπήλλαξε
2546 2756 2634 2811 καὶ
2669 2758 2834 2830 ἡμεῖς
2867 2755 3049 2831 μέντοι
3078 2757 3380 2838 βοῶμεν,οῦ
3409 2760 3506 2838 γὰρ
3536 2762 3680 2817 ἐναιο

2038 2845 2354 2920 σθητοῦμεν,
2390 2844 2434 2898 εἰ
2462 2845 2549 2900 καὶ
2579 2845 2655 2919 μὴ
2683 2845 2804 2906 τοὺς
2874 2844 3093 2910 λοιποὺς
3126 2846 3518 2926 ἀπειλήφαμεν·
3574 2873 3682 2906 πε-

2037 2932 2084 3010 ρὶ
2139 2931 2212 2986 ὧν
2254 2929 2557 3007 ἱκετεύομεν
2617 2932 2890 3011 λέγοντες·
2954 2934 3328 3016 Ἐπίστρεψον,
3367 2939 3542 3018 Κύριε,
3576 2942 3680 3007 τὴν

2039 3021 2412 3100 αἰχμαλωσίαν
2468 3027 2615 3098 ημῶν
2667 3026 2739 3087 ὡς
2783 3023 3104 3103 χειμάῤῥους
3161 3027 3213 3082 ἐν
3255 3033 3331 3102 τῷ
3375 3027 3510 3101 νότῳ
3565 3040 3684 3096 Δη-

2036 3107 2180 3166 λοῦσι
2239 3113 2299 3167 τὸ
2352 3111 2483 3167 πολὺ
2553 3111 2756 3178 πλῆθος
2834 3114 3194 3190 ἐναπομεϊναν
3249 3117 3301 3172 ἐν
3357 3114 3621 3192 βαϐυλῶνι
3663 3169 3678 3193 ,

309 3203 424 3266 huc
457 3205 894 3266 multitudinem
947 3205 1008 3266 in
1052 3204 1348 3286 Babylone
1390 3223 1729 3285 remanere,
1764 3205 1843 3266 ita
1891 3213 1954 3265 ut

2068 3221 2108 3263 »ς
2155 3202 2240 3256 καὶ
2291 3201 2397 3267 τὴα
2446 3201 2770 3283 ἐπιστροφὴν
2829 3203 3010 3277 αῦτοῦ,
3070 3207 3410 3284 παρεικάζειν
3479 3209 3667 3272 αὐτοὺς

306 3293 536 3357 reditus
567 3296 695 3375 ejus
727 3294 981 3376 )Egyptii
1012 3295 1278 3356 ﬂuminis
1301 3295 1586 3363 decursui
1617 3293 1830 3356 similis
1854 3293 1950 3356 di-

2068 3295 2111 3362 ᾦ
2159 3289 2377 3367 ρεύματι
2419 3298 2511 3347 τοῦ
2574 3294 2853 3370 Αἰγυπτίου
2906 3297 3171 3370 ποταμοῦ.
3223 3295 3386 3353 Νότον
3419 3297 3516 3375 γὰρ
3573 3298 3673 3364 τὴν

307 3393 498 3451 catur.
532 3387 753 3449 Auster
779 3389 874 3449 hic
919 3388 1224 3450 desertum
1258 3387 1500 3449 dicitur.

387 3480 443 3552 5,
471 3478 528 3541 6.
560 3477 672 3552 Qui
701 3480 1006 3540 semina-nt
1038 3480 1102 3540 in
1134 3479 1418 3558 lacrymis
1449 3480 1512 3539 in
1543 3477 1953 3541 exsultatione

304 3574 542 3629 metant.
604 3567 837 3630 Euntes
915 3569 1086 3630 ibant
1157 3575 1211 3629 et
1290 3567 1518 3644 ﬂebant
1587 3566 1953 3647 Rogantibus

305 3673 413 3737 pro
490 3657 762 3738 reliquiis
841 3658 1207 3738 captivorum
1243 3707 1258 3738 ,
1347 3657 1674 3736 respondet
1759 3656 1950 3736 Spiri-

306 3759 402 3806 tus
459 3746 888 3826 propheticus,
977 3754 1036 3807 et
1086 3747 1168 3807 ait
1242 3767 1255 3805 :
1334 3746 1394 3806 Si
1475 3746 1746 3806 ﬁeverint
1845 3763 1952 3824 pro

305 3833 381 3896 iis
433 3835 535 3915 qui
566 3835 626 3895 in
677 3833 983 3915 Babylone
1034 3843 1375 3916 supersunt,
1412 3834 1638 3896 reditus
1669 3835 1786 3896 illis
1817 3853 1955 3895 con-

304 3923 571 3985 cedetur.

453 4015 776 4078 Canticum
805 4019 1120 4096 graduum
1147 4018 1491 4081 Salomoni.
1527 4017 1694 4081 CXX
1699 4017 1798 4082 γι.

895 4113 1351 4190 Argumentum.

301 4201 584 4265 Octavum
603 4201 840 4265 canitur
855 4204 1152 4265 canticum
1164 4205 1342 4283 jactis
1374 4203 1778 4265 fundamentis
1801 4213 1951 4266 tem-

385 4290 875 4370 pli,sperantibus
904 4289 1129 4354 Judaais
1159 4292 1285 4354 fore
1315 4302 1376 4353 ut
1406 4292 1722 4356 mdiﬁcium
1746 4292 1956 4354 immo-

388 4388 510 4441 tum
539 4398 778 4461 semper
809 4390 1098 4443 maneret.
1135 4386 1410 4444 Latenter
1456 4382 1638 4462 igitur
1670 4402 1950 4464 praenun-

389 4470 493 4531 tiat
521 4469 781 4532 futurum
805 4471 934 4551 ejus
959 4472 1156 4533 denuo
1183 4472 1294 4534 sub
1315 4471 1601 4534 Romanis
1621 4471 1945 4535 excidium.

386 4559 729 4653 AAdjicitque
764 4562 1140 4642 prophetiam
1174 4562 1248 4624 de
1281 4560 1500 4625 Christi
1534 4561 1951 4653 Ecclesia._Ca-
1975 4600 2024 4653 υ

391 4649 553 4711 nitur
577 4668 750 4730 porro
776 4654 1125 4731 prOphetice
1156 4671 1189 4714 a
1222 4653 1567 4716 Salomone.
1595 4651 1952 4714 Sicutetiam

385 4758 594 4802 revera
633 4741 816 4821 aliqui
859 4742 1070 4822 psalmi
1121 4741 1416 4804 Zachariae
1447 4752 1584 4803 sunt
1636 4751 1694 4804 et
1721 4742 1948 4821 Aggzei.

384 4829 606 4894 Octava
625 4839 823 4894 autem
847 4831 985 4910 jure
1018 4833 1402 4912 intelligatur,
1431 4850 1564 4893 esse
1592 4831 1951 4912 principium

389 4919 534 4981 Novi
566 4919 956 4986 Testamenti.

395 5013 447 5073 l.
503 5009 642 5071 Nisi
716 5012 1010 5075 Dominus
1079 5013 1472 5091 aediﬁcaverit
1531 5011 1775 5073 domum
1809 5058 1825 5084 ,
1888 5013 1955 5072 in

309 5118 534 5163 vanum
565 5099 1002 5164 laboraverunt
1031 5104 1135 5180 qui
1165 5102 1471 5181 aediﬁcant
1503 5118 1656 5163 eam.
1685 5098 1823 5162 Haec
1841 5098 1952 5162 Ju-

311 5189 459 5252 daais
517 5192 620 5269 ait,
672 5191 748 5252 de
808 5191 1087 5254 ﬁrmitate
1145 5191 1380 5256 aedilicii
1408 5189 1502 5250 sui
1544 5189 1656 5250 alta
1693 5189 1952 5250 sentien-

310 5276 494 5341 tibus.

392 5368 449 5432 3.
460 5369 609 5432 Cum
624 5369 856 5433 dederit
871 5371 1107 5435 dilectis
1115 5373 1245 5434 suis
1255 5389 1377 5433 som
1386 5385 1686 5443 num,ecce
1701 5368 1953 5433 haeredi-

310 5466 404 5521 tas
424 5457 839 5540 Domini,ﬁlii.
877 5461 1016 5524 Alte
1046 5464 1120 5524 de
1144 5461 1365 5541 templo
1388 5459 1568 5521 nolite
1591 5459 1842 5534 sentire,
1862 5458 1952 5520 in-

308 5549 634 5631 quit,quasi
661 5550 723 5611 in
741 5551 845 5614 illo
870 5550 1041 5615 vobis
1059 5549 1378 5613 haareditas
1401 5547 1867 5611 datasit.Verum
1881 5567 1951 5610 ea

385 5735 451 5788 33
479 5739 652 5806 Vere.
687 5739 744 5804 3.
831 5739 886 5785 33
911 5738 1173 5820 Philipp.
1205 5752 1286 5810 tv,
1311 5736 1376 5798 7.

2037 3377 2234 3456 ἔρημόν
2281 3402 2463 3456 φησιν.

2117 3471 2176 3525 Οἱ
2225 3470 2528 3547 σπείροντες
2599 3471 2652 3527 ἐν
2713 3484 2829 3534 τοῖς
2912 3470 3158 3552 δάκρυσιν
3252 3475 3307 3530 ἐν
3365 3475 3681 3553 ἀγαλλιάσει

2035 3561 2284 3636 θεριοῦσι,
2384 3558 2756 3638 ’Πορευόμενοι
2857 3564 3167 3642 ἐπορεύοντο
3263 3568 3351 3623 καὶ
3445 3565 3678 3625 ἔκλαιον.

2037 3656 2164 3711 Τοῖς
2221 3647 2524 3724 εὐξαμένοις
2584 3653 2702 3728 περὶ
2756 3658 2862 3708 τῶν
2914 3653 3252 3711 καταλοίπων
3340 3656 3681 3733 ἀποκρίνεται

2036 3737 2095 3791 τὸ
2151 3740 2481 3817 προφητικὸν
2543 3746 2778 3816 Πνεῦμα,
2839 3751 2929 3797 καί
2977 3765 3160 3821 φησιν,
3226 3742 3332 3818 ὅτι,
3393 3747 3452 3802 El
3506 3745 3681 3801 κλαύ-

2037 3848 2182 3882 σαιεν
2212 3827 2343 3906 ὑπὲρ
2374 3827 2479 3885 τῶν
2507 3828 2562 3884 ἐν
2592 3828 2882 3906 βαϐυλῶνι,
2927 3831 3072 3889 ’ἐσται
3125 3834 3211 3891 καὶ
3246 3837 3428 3898 αῦτοτς
3457 3836 3490 3902 ἡ
3519 3835 3680 3892 ἐπισ-

2037 3919 2208 3996 τροφή
2219 3959 2234 3975 .

2199 4003 2330 4086 ’ῼδη
2361 4013 2468 4063 τῶν
2496 4005 2810 4084 ἀναϐαθμῶν
2837 4011 2914 4085 τῷ
2946 4009 3252 4086 Σολομῶνι.
3291 4012 3477 4087 PKQ”.

2722 4103 3018 4171 ²1⁴πόθεσις.

2037 4189 2100 4254 Ἠ
2155 4195 2316 4277 ὀγδόη
2371 4199 2550 4272 ᾅδεται
2609 4198 2745 4274 ᾤδὴ,
2798 4200 3280 4279 καταϐεϐλημένων
3309 4203 3416 4272 ἤδη
3449 4211 3552 4261 τῶν
3583 4209 3682 4262 ϐε·-

2123 4287 2318 4364 μελίων
2365 4299 2459 4347 τοῦ
2507 4291 2665 4368 ίεροῦ’
2718 4289 3042 4362 ἐλπιζόντων
3118 4294 3445 4350 ἁδιάσειστον
3534 4295 3686 4351 εἷναι

2115 4380 2178 4434 τὸ
2223 4378 2503 4457 τείχισμα,
2557 4379 2867 4446 Λεληθύτως
2918 4385 3006 4438 οῦν
3066 4385 3386 4464 προφητεύει
3432 4384 3530 4452 τὴν
3559 4384 3688 4442 ἐσο-

2120 4467 2288 4543 μένην
2342 4466 2500 4526 αὐτοῦ
2545 4476 2744 4526 πτῶσιν
2807 4470 2968 4527 πάλιν
2998 4472 3085 4529 ἐπὶ
3131 4479 3228 4541 της
3278 4473 3551 4542 Ῥωμαίων
3581 4474 3687 4551 ἆρ-

2120 4556 2252 4636 χῆς.
2314 4558 2574 4613 Συνάπτει
2620 4556 2674 4613 δὲ
2740 4561 2828 4615 καὶ
2892 4563 3220 4643 προφητείαν
3273 4566 3390 4642 περὶ
3420 4569 3518 4630 τῆς
3549 4570 3686 4642 Χρι-

2117 4653 2242 4701 στοῦ
2277 4644 2629 4713 Ἐκκλησίαςο
2685 4647 2874 4720 ᾼδεται
2942 4649 2996 4706 δὲ
3057 4659 3399 4732 προφητικῶς
3452 4655 3554 4709 ὑπὸ
3583 4655 3688 4710 τοῦ

2113 4735 2452 4810 Σολομῶνος’
2516 4737 2752 4816 καθάπερ
2833 4739 3018 4815 ἀμέλει
3089 4745 3175 4798 καὶ
3254 4745 3521 4822 Ζαχαρίου
3579 4745 3682 4800 εἰσὶ

2119 4823 2318 4899 ψαλμοὶ
2377 4826 2464 4880 καὶ
2519 4825 2798 4904 Ἂγγαίου·
2862 4829 2925 4886 Ἥ
2970 4828 3025 4885 δὲ
3066 4830 3227 4909 ὀγδόη
3287 4831 3506 4898 εἰκότως
3577 4831 3676 4910 ἆρ-

2118 4912 2200 4993 χτὶ
2231 4919 2330 4981 τῆς
2362 4914 2498 4980 Νέας
2535 4914 2830 4984 Διαθήκης,

2119 5001 2244 5058 Ἐὰν
2305 5005 2382 5078 μὴ
2453 5005 2638 5082 Κύριος
2719 5006 3050 5082 οἱκοδομήση
3120 5010 3275 5066 οἷκον
3307 5054 3324 5085 ,
3377 5012 3452 5071 εἷς
3504 5009 3683 5084 μάτην

2038 5092 2328 5150 ἑκοπίασαν
2378 5095 2425 5149 οἱ
2479 5093 2903 5170 οἰκοδομοῦντες,
2968 5096 3056 5163 ’u;
3127 5099 3266 5177 μέγα
3349 5100 3680 5179 φρονούντων

2035 5191 2140 5241 τῶν
2169 5179 2436 5241 ’[οόδαίων
2505 5183 2591 5241 ἐπὶ
2649 5193 2724 5260 τῷ
2765 5195 2962 5267 στερεῷ
2989 5193 3089 5256 τῆς
3119 5186 3430 5268 οἰκοδομῆς,
3471 5189 3537 5244 τὰ
3563 5209 3684 5244 τοι-

2040 5274 2173 5332 αὖτά
2225 5296 2409 5355 φησιν,

2120 5361 2300 5421 ’Ὂναν
2373 5361 2446 5436 δῷ
2515 5377 2634 5427 τοῖς
2719 5367 3020 5444 ἁγαπητοις
3091 5367 3250 5424 αὐτοῦ
3333 5365 3516 5446 ὕπνον,
3575 5364 3688 5423 ῑδοὸ

2037 5456 2072 5524 ἠ
2129 5453 2460 5532 κληρονομία
2513 5459 2722 5535 Κυρίου,
2807 5458 2929 5520 υἱοί,
3023 5458 3110 5524 Μὴ
3196 5455 3336 5535 μέγα
3415 5469 3687 5536 φρονεῖτε,

2039 5547 2224 5626 φησιν,
2284 5543 2371 5599 ἐπὶ
2421 5546 2498 5615 τῷ
2547 5543 2694 5625 ἱερῷ,
2745 5548 2817 5613 ὡς
2867 5547 2920 5604 ἐν
2969 5549 3112 5621 αὐτῷ
3173 5549 3272 5613 τῆς
3321 5544 3688 5625 κληρονομίας
