3992 6208
339 329 454 392 519
1139 332 1196 393 S.
1247 332 1670 396 ATHANASII
1714 334 1877 396 OPP.
1929 334 2141 396 PARS.
2191 333 2299 396 Ill.

419 463 481 524 9.
511 461 704 523 Fiant
732 479 905 524 aures
947 469 1068 524 tuae
1115 463 1492 526 intendentes
1547 467 1844 534 invocem
1876 474 2047 532 tle-1».

2473 335 2922 400 EXEGETICA.
3609 323 3742 403 520'

2157 469 2439 538 Γενηθήτω
2489 469 2556 523 τὰ
2597 471 2707 524 ὦτα
2763 490 2856 527 σου
2913 470 3254 548 προσέχοντα
3315 473 3386 532 εἱς
3435 472 3534 538 τὴν
3597 496 3720 552 τρω-

339 551 718 631 precationis
739 567 902 613 meae.
939 551 1128 612 Aures
1153 552 1212 612 in
1237 551 1358 614 Deo
1389 555 1687 632 angelicas
1723 569 1984 637 potesta-

343 649 433 702 tes
465 639 853 720 intelligimus
874 659 1028 715 esse,
1063 659 1169 722 per
1208 660 1355 724 quas
1388 643 1854 724 supplicationes
1887 671 1991 712 no-

345 740 483 792 strae
514 732 586 792 ad
619 730 806 792 Deum
840 731 1154 792 accedunt.

424 823 484 884 3.
513 821 583 884 Si
605 821 962 900 iniquitates
1001 821 1438 903 observaveris,
1475 824 1756 902 Domine,
1783 829 1988 890 Domi-

345 928 444 991 ne,
471 913 606 991 quis
625 910 976 972 sustinebit?
1006 913 1112 974 llla
1141 921 1337 973 autem
1374 913 1772 993 reduplicatio
1803 917 1985 992 vocis,

344 1001 618 1072 Domine,
635 999 910 1080 Domine,
945 1001 1296 1064 admirantis
1318 1011 1407 1064 est
1427 1003 1993 1070 divinaeclementiaa

343 1089 833 1168 magnitudinem,
883 1091 1038 1170 apud
1088 1111 1267 1169 quem
1324 1110 1457 1154 esse
1509 1096 1986 1175 propitiationem

341 1179 506 1250 dicit,
542 1187 598 1240 at
629 1199 746 1240 non
773 1179 834 1239 in
866 1178 1038 1241 bonis
1063 1182 1354 1259 operibus
1383 1184 1622 1246 nostris.

418 1269 479 1330 4.
517 1269 770 1348 Propter
818 1288 1030 1333 nomen.
1089 1278 1259 1334 tuum
1295 1274 1568 1334 sustinui
1593 1283 1666 1347 te,
1711 1275 1983 1339 Domine.

341 1357 476 1420 Haec
503 1369 640 1420 sunt
667 1359 848 1420 verba
877 1377 1082 1421 eorum
1109 1361 1208 1440 qui
1240 1380 1357 1422 non
1389 1370 1636 1440 propter
1657 1372 1985 1427 necessita-

344 1456 461 1510 tem
490 1448 882 1529 spiritualem,
917 1451 1018 1509 sed
1067 1459 1314 1530 propter
1338 1455 1740 1514 venerandum
1767 1473 1986 1516 nomen

337 1537 532 1618 ipsum
563 1537 953 1617 accedunt,ac
981 1541 1032 1600 si
1055 1541 1116 1600 in
1147 1542 1449 1620 patientia
1479 1550 1738 1604 currunt
1765 1561 1986 1624 propo-

338 1632 525 1690 situm
549 1637 856 1690 certamen
889 1629 974 1701 87,
1009 1637 1064 1690 et
1086 1629 1247 1689 nullo
1285 1639 1556 1710 tempore
1595 1631 1930 1694 abscedunt
1953 1651 1988 1693 a

339 1717 486 1792 Deo,
525 1728 580 1778 et
605 1717 678 1778 ab
711 1717 782 1778 iis
813 1737 944 1794 quas
975 1719 1086 1798 ipsi
1119 1720 1380 1794 placent.

2072 557 2166 622 νην
2196 561 2293 622 τῆς
2323 555 2556 626 δεήσεώς
2617 579 2741 632 μου.
2808 551 2936 616 Ὠτα
2989 558 3074 614 ἐπὶ
3135 566 3289 640 Θεοῦ,
3324 559 3410 616 καὶ
3469 562 3558 627 τὰς
3615 563 3728 642 ἆγ-

2073 644 2286 722 γελικὰς
2335 644 2581 722 δυνάμεις
2629 645 2878 723 νοοῦμεν,
2923 645 2990 703 δι’
3049 647 3123 703 ὦν
3183 652 3236 704 αἱ
3289 647 3502 718 δεήσεις
3560 651 3724 726 quin

2072 735 2201 812 πρὸς
2251 736 2381 791 Θεὸν
2413 735 2772 816 εἰσέρχονται,

2155 821 2280 879 Ἐὰν
2370 824 2593 899 ἀνομίας
2673 827 3086 902 παρατηρήσης,
3167 829 3342 902 Κύριε,
3407 829 3582 906 Κύριε,
3641 831 3728 895 τίς

2071 913 2481 988 uncosque-catt;
2541 913 2600 972 Ὀ
2647 913 2700 969 δὲ
2758 922 2875 978 τοῦ,
2955 917 3135 996 Κύριε,
3195 917 3372 994 Κύριε,
3427 914 3724 974 διπλασια-

2075 1005 2206 1076 σμὸς
2263 1003 2622 1078 θαυμάζοντὸς
2672 1002 2783 1060 ἐστι
2847 1006 2943 1072 τῆς
2993 1012 3086 1062 τοῦ
3131 1011 3264 1062 Θεοῦ
3325 1003 3724 1084 φιλανθρωπίας

2074 1094 2164 1147 τὸν
2210 1093 2390 1170 ὄγκον⁹
2431 1090 2554 1166 παρ’
2601 1093 2664 1160 ἧς
2695 1096 2780 1149 καὶ
2811 1095 2902 1150 τὸν
2945 1093 3172 1166 ἱλασμὸν
3201 1094 3346 1152 εἷναί
3373 1116 3558 1172 φησιν,
3594 1095 3726 1152 ἀλλ’

2071 1186 2165 1239 οὒκ
2196 1181 2248 1236 ἐν
2278 1196 2396 1244 τοῖς
2427 1183 2709 1262 ἡμετέροις
2740 1184 3172 1262 κατορθώμασιν,

2153 1269 2384 1328 ’Ἕνεκεν
2448 1278 2540 1328 τοῦ
2593 1273 2853 1342 ὀνόματος
2916 1295 3008 1330 σο)
3055 1272 3316 1348 ὑπέμεινά
3389 1295 3474 1352 σε,
3535 1275 3716 1353 Κύριε,

2070 1366 2246 1416 Ταῦτα
2303 1361 2410 1416 τῶν
2466 1361 2544 1436 μὴ
2600 1362 2684 1416 διὰ
2733 1363 2921 1440 χρείαν
2971 1364 3359 1437 πνεδματικὴν,
3391 1361 3460 1418 δι’
3492 1365 3616 1421 αὐτὸ
3657 1361 3722 1418 δὲ

3006 1498 3022 1530 ,
3103 1450 3240 1508 οὕτω
3316 1453 3405 1509 καὶ
3461 1455 3516 1508 ὲν
3572 1455 3720 1508 ὕπο-

2072 1545 2212 1614 μονῇ
2252 1539 2555 1618 τρεχόντων
2618 1541 2704 1596 τὸν
2763 1542 3109 1616 προκείμενον
3188 1541 3393 1618 ἀγῶνα,
3441 1543 3530 1597 καὶ
3577 1543 3724 1597 κατὰ

2069 1450 2132 1504 τὸ
2192 1450 2384 1506 σεπτὸν
2442 1449 2610 1524 ὄνομα
2668 1449 2996 1529 προσιόντων

2073 1625 2198 1700 μηδ’
2247 1627 2338 1684 ἕνα
2383 1632 2566 1700 καιρὸν
2627 1629 2996 1708 ἀφισταμένων
3031 1637 3162 1686 Θεοῦ
3192 1633 3278 1687 καὶ
3312 1637 3418 1687 τῶν
3449 1631 3720 1705 ἀρεσκόν-

2069 1739 2173 1773 των
2207 1720 2370 1793 αὐτῷ,

418 1812 478 1869 6.
515 1809 558 1866 A
587 1809 860 1898 custodia
891 1809 1203 1898 matutina
1245 1827 1438 1889 usque
1471 1809 1550 1870 ad
1589 1819 1815 1874 noctem
1844 1829 1981 1892 spe—

2151 1807 2285 1864 Ἀπὸ
2345 1806 2588 1888 φυλακῆς
2663 1811 2873 1888 πρωίας
2935 1809 3104 1888 μέχρι
3175 1810 3359 1874 νυκτὸς
3445 1808 3723 1866 ὲλπισάτω

338 1906 432 1960 ret
457 1898 654 1960 Israel
683 1899 748 1958 in
775 1897 1050 1960 Domino.
1085 1896 1332 1977 Oportet
1363 1899 1524 1958 enim
1556 1899 1734 1960 etiam
1759 1901 1818 1962 in
1851 1919 1980 1961 mo-

2149 1895 2360 1975 Ἰσραὴλ
2419 1897 2502 1954 ἐπὶ
2545 1901 2635 1953 τὸν
2693 1899 2901 1976 Κύριον.
2967 1907 3063 1954 Δεῖ
3119 1899 3218 1976 γὰρ
3247 1898 3411 1954 καὶέν
3447 1911 3564 1962 τοῖς
3591 1920 3724 1958 σλυ-

336 1986 502 2048 lestis
561 1987 744 2050 rebus
791 1987 1111 2049 Dominum
1169 1998 1544 2067 exspectare.
1599 1991 1729 2052 Non
1787 1991 1980 2051 solum

2103 2001 2299 2064 ρωποϊς
2353 1985 2652 2066 προσδοκᾷν
2711 1987 2799 2043 επὶ
2858 1985 3076 2064 Κύριον.
3144 1989 3215 2045 Ob
3265 1989 3364 2064 γὰρ
3419 1987 3581 2060 μόνον
3623 1989 3721 2046 ὅτε

337 2077 496 2139 enim
531 2076 590 2138 in
624 2077 908 2138 matutina
938 2077 1233 2158 custodia,
1269 2096 1384 2138 non
1419 2081 1746 2159 consizicua
1780 2081 1981 2141 omnia

2107 2075 2275 2140 υλακη
2334 2081 2479 2156 πρωϊ
2537 2075 2612 2150 μή
2669 2077 2757 2132 καὶ
2805 2075 3027 2154 λαμπρὰ.
3071 2076 3132 2131 τὰ
3161 2076 3422 2155 παρόντα,
3457 2075 3594 2132 ἀλλὰ
3624 2079 3720 2134 καὶ

335 2173 496 2247 sunt,
533 2165 636 2228 sed
672 2171 856 2237 etiam
915 2185 1106 2246 usque
1165 2169 1236 2228 ad
1291 2165 1612 2229 tenebrosa
1659 2171 1897 2250 negotia
1927 2176 1985 2230 et

337 2265 566 2320 eventa.
599 2255 714 2319 Sed
777 2255 1009 2318 oriente
1061 2276 1200 2318 vero
1260 2257 1508 2336 lumine,
1547 2276 1714 2318 mens
1746 2258 1982 2338 perspi-

335 2366 464 2421 cax,
491 2347 754 2408 laetarum
785 2363 986 2407 rerum
1019 2355 1429 2426 augmentum,
1490 2346 1742 2408 tristium
1779 2347 1980 2408 vacui-

336 2445 514 2498 tatem
547 2435 802 2516 accipit;
843 2441 1047 2514 speret
1098 2434 1159 2496 in
1216 2435 1381 2496 illum
1416 2436 1582 2514 quasi
1616 2436 1675 2496 in
1710 2435 1978 2514 fontem;

335 2525 490 2606 apud
521 2524 688 2586 illum
722 2541 984 2604 namque
1009 2534 1102 2584 est
1137 2523 1554 2586 misericordia
1581 2525 1678 2604 qui
1709 2525 1981 2606 redemp-

341 2615 420 2676 tio
452 2623 543 2675 est
589 2622 648 2674 et
678 2613 1042 2694 pr0pitiatio,
1103 2615 1200 2692 qui
1262 2613 1472 2674 virtute
1529 2614 1713 2674 multa
1743 2624 1984 2695 peccata

335 2711 562 2784 purgat.
1629 2768 1632 2770 ν

333 2835 342 2840 -
676 2791 994 2854 Canticum
1026 2792 1352 2871 graduum.
1389 2791 1639 2855 CXXX.

923 2883 1386 2960 Argumentum.

336 2975 768 3042 Duodecimum
796 2975 1091 3036 canticum
1150 2973 1323 3036 docet
1380 2994 1516 3038 eum
1550 2977 1650 3056 qui
1684 2977 1981 3058 propitia-

417 3067 578 3128 tione
605 3069 859 3128 donatus
891 3063 1020 3144 fuit,
1049 3082 1122 3125 ue
1149 3063 1341 3125 ﬁdens
1371 3083 1479 3127 suo
1513 3065 1782 3146 profectu
1815 3067 1980 3128 exal-

417 3165 596 3236 tetur,
633 3155 738 3218 sed
767 3153 1077 3216 humiliter
1105 3154 1354 3216 sentiat.

2067 2164 2230 2244 μέχρι
2289 2171 2392 2222 τὼν
2448 2171 2682 2245 ζοφερῶν
2745 2167 3131 2242 περιστάσεων.
3209 2161 3378 2220 Ἀλλὰ
3437 2167 3524 2222 καὶ
3582 2165 3722 2221 ἄνα·-

2063 2252 2344 2318 τέλλοντος
2377 2261 2467 2310 τοῦ
2497 2254 2752 2322 ἀληθινοῦ
2797 2255 2972 2334 φωτὸς
3004 2255 3030 2309 ὃ
3061 2251 3358 2334 δισρατικὸς
3390 2264 3506 2318 νοῦς
3539 2276 3716 2332 προσ-

2063 2345 2236 2412 θήκην
2285 2341 2548 2418 λαμϐάνει
2606 2343 2666 2400 ἐκ
2727 2344 2856 2400 Θεοῦ
2935 2349 3042 2399 τῶν
3126 2342 3385 2423 φαιδρῶν,
3459 2346 3545 2400 καὶ
3605 2349 3724 2400 τῶν

2065 2436 2387 2510 σκυθρωπῶν
2418 2431 2740 2510 ἀπαλλαγήν
2764 2431 2918 2512 (50⁸)
2941 2451 2953 2465 ·
2988 2431 3258 2489 ἐλπισάτω
3283 2431 3408 2511 παρ’
3441 2437 3580 2507 αὒτῷ
3611 2434 3723 2512 γὰρ

2065 2523 2135 2584 ὡς
2167 2524 2223 2577 ἓν
2252 2529 2428 2600 πηγῇ.
2493 2523 2583 2578 καὶ
2624 2521 2752 2601 παρ’
2795 2522 2956 2579 αὐτοῦ
3007 2523 3069 2577 τὸ
3101 2521 3274 2597 ἕλεος,
3319 2529 3397 2598 τῷ
3423 2523 3564 2596 αὐτῷ
3597 2521 3721 2578 ὄντι

2066 2609 2344 2692 λυτρώσει,
2405 2611 2490 2667 καὶ
2544 2618 2619 2685 τῷ
2671 2610 2907 2688 ἱλασμῳ,
2954 2617 3030 2684 τῷ
3083 2611 3328 2668 ἱκανώσει
3375 2609 3551 2687 πολλῇ
3609 2611 3718 2674 τὰς

2065 2701 2323 2779 ἁμαρτίας
2355 2701 2803 2779 περικαθαίροντι.

2484 2787 2618 2870 ’ῼδὴ
2655 2793 2758 2846 τῶν
2789 2785 3132 2865 ἀναϐαθμῶν.
3167 2788 3291 2852 ΡΛ’,

2731 2880 2744 2902 ’
2758 2882 3031 2942 Γπὸθεσις.

2066 2967 2132 3025 Ἠ
2161 2967 2434 3036 δωδεκάτη
2492 2967 2604 3043 ᾧδή
2663 2971 2754 3026 τὸν
2812 2969 3200 3035 καταξιωθέντα
3259 2977 3352 3026 τοῦ
3381 2969 3606 3046 ἰλασμοῦ
3634 2970 3722 3026 δι-

2144 3057 2323 3114 δάσκει
2365 3059 2442 3134 μὴ
2500 3060 2820 3138 ἐπαίρεσθαι,
2877 3063 2944 3137 τῇ
3004 3061 3190 3115 ἑαυτοῦ
3229 3059 3508 3136 βελτιώσει
3567 3060 3710 3139 θαῤ-

2145 3149 2356 3228 ῥοῦντα,
2385 3147 2522 3204 ἀλλὰ
2555 3162 3012 3229 ταπεινοφρονετν.

417 3215 691 3326 Domine,
723 3261 844 3306 non
866 3251 957 3305 est
987 3247 1326 3306 exaltatum
1357 3261 1458 3307 cor
1489 3262 1734 3306 meum..
1755 3241 1981 3324 .Neque

2145 3215 2356 3318 'Képts,’
2389 3241 2493 3318 οὑχ
2554 3240 2742 3314 ὑψώθη
2890 3236 3073 3318 καρδία
3159 3261 3264 3314 μου
3299 3281 3316 3299 .
3353 3283 3369 3298 .
3407 3284 3422 3298 .
3462 3287 3476 3302 .
3517 3287 3531 3302 .
3589 3239 3722 3298 οῦδὲ

332 3335 646 3398 ambulavi
673 3341 737 3396 in
771 3335 1044 3414 magnis,
1075 3351 1264 3412 neque
1291 3335 1358 3396 in
1379 3333 1770 3396 mirabilibus
1797 3351 1981 3413 super

332 3421 659 3506 me,etc.Ut
687 3424 824 3501 quis
848 3441 967 3484 non
1004 3424 1317 3504 exaltetur,
1351 3423 1436 3486 ait:
1466 3423 1822 3486 contrariam
1855 3423 1978 3484 vir-

334 3523 522 3577 tutem
559 3531 693 3575 esse
724 3511 1045 3573 admodum
1080 3513 1317 3594 utilem,
1360 3531 1537 3594 quam
1571 3511 1838 3576 Salvator
1867 3511 1977 3573 do-

331 3605 454 3667 cuit
486 3604 577 3666 bis
607 3602 808 3665 verbis
843 3623 858 3662 :
891 3600 1026 3664 Nisi
1081 3605 1359 3665 conversi
1384 3603 1630 3680 fueritis
1663 3609 1722 3664 et
1752 3600 1980 3680 efﬁcia-

329 3695 484 3757 mi-ni
504 3695 661 3755 sicut
681 3690 951 3772 parvuli,
975 3709 1100 3753 non
1121 3693 1356 3754 intrabi
1363 3695 1439 3754 tis
1469 3693 1538 3755 in
1571 3709 1830 3772 regnum
1859 3709 1980 3754 cte-

331 3785 526 3846 lorum
553 3783 638 3845 88.
669 3782 910 3844 Ablacta
925 3790 1012 3841 tos
1041 3790 1237 3844 autem
1283 3799 1500 3862 pueros
1524 3780 1694 3856 dicit,
1721 3782 1978 3844 tribula-

334 3874 558 3934 tionem
583 3869 946 3949 significans.
980 3869 1212 3932 Etenim
1269 3871 1509 3932 nonnisi
1557 3889 1693 3933 cum
1743 3869 1981 3932 ﬂetibus

331 3963 530 4023 infans
573 3979 603 4022 a
635 3969 820 4022 matre
848 3959 1125 4036 discedit,
1161 3959 1373 4022 dolens
1405 3959 1564 4040 quod
1595 3960 1750 4023 lacte
1785 3960 1976 4040 priva-

332 4062 425 4113 tus
453 4051 650 4111 fuerit.
687 4048 770 4110 lta
802 4057 861 4110 et
891 4067 1021 4128 ego,
1057 4049 1272 4130 inquit,
1311 4051 1368 4111 in
1419 4049 1702 4112 aerumnis
1732 4048 1975 4126 degens,

331 4157 576 4220 semper
617 4139 806 4201 Deum
859 4156 1095 4218 precor.
1158 4137 1328 4210 Quod
1363 4137 1416 4200 si
1450 4157 1566 4199 non
1626 4138 1708 4199 ita
1734 4139 1980 4200 affectus

334 4247 550 4311 essem,
599 4237 930 4292 extremum
961 4227 1322 4309 supplicium
1351 4228 1603 4294 luerem.

658 4319 980 4383 Canticum
1011 4317 1342 4397 graduum.
1379 4315 1650 4392 CXXXI.

923 4409 1384 4488 Argumentum.

2061 3327 2350 3406 ἐπορεύθην
2418 3325 2472 3381 ἐν
2531 3327 2788 3405 μεγάλοις
2857 3325 2974 3383 οὐδὲ
3043 3327 3095 3383 ἐν
3179 3330 3488 3404 θαυμασίοις
3577 3331 3720 3410 ὑπὲρ

2062 3416 2244 3493 ἔμενε,
2277 3439 2331 3476 τ.
2355 3415 2556 3495 λ,1]ρὸς
2589 3416 2645 3472 δὲ
2673 3417 2734 3472 τὸ
2765 3417 2842 3493 μὴ
2875 3417 3165 3495 ὲπαρθῆναί
3195 3441 3324 3498 φησι
3347 3421 3446 3486 τὴν
3467 3419 3716 3476 ἐναντίαν

2061 3507 2254 3585 ἀρετὴν
2287 3507 2358 3568 εἷς
2389 3505 2688 3584 ὑπερϐολὴν
2718 3505 3043 3586 ἐπιτήδειον,
3077 3507 3143 3576 ἢν
3173 3509 3260 3564 καὶ
3289 3509 3317 3564 ὁ
3368 3509 3554 3588 Σωτήρ
3599 3508 3718 3565 ἒδί-

2063 3594 2181 3661 δαξε
2237 3595 2409 3674 λέγων
2444 3613 2458 3626 ·
2521 3595 2646 3654 Ἐὰν
2706 3599 2783 3674 μὴ
2843 3597 3112 3676 στραφῆτε
3171 3599 3260 3653 καί
3338 3599 3562 3676 γένησθε
3633 3601 3722 3665 ὡς

2064 3688 2128 3741 τὰ
2187 3687 2390 3761 παιδία,
2478 3687 2537 3743 οὐ
2608 3687 2686 3762 μὴ
2772 3685 3042 3753 εἰσέλθητε
3109 3687 3182 3751 εἷς
3255 3688 3351 3755 τὴν
3433 3687 3722 3764 βασιλείαν

2063 3781 2170 3832 τῶν
2226 3775 2484 3849 οὐρανῶν,
2536 3774 3097 3855 Ἀπογαλακτισθέντα
3152 3774 3206 3831 δὲ
3293 3775 3440 3856 λέγει
3497 3775 3720 3860 παιδία,

2062 3885 2160 3932 την
2215 3865 2390 3941 θλίψιν
2447 3864 2647 3932 δηλῶν.
2711 3867 2781 3924 Οὒ
2837 3865 2936 3944 γὰρ
2990 3865 3270 3944 ἀφίσταται
3321 3871 3419 3934 τῆς
3473 3869 3714 3946 μητρὸς,

2065 3953 2391 4030 ὁδτνώμενον
2436 3955 2520 4012 ἐπὶ
2553 3958 2646 4012 τοῦ
2689 3957 3008 4034 στερηθῆναι
3040 3963 3134 4012 τοῦ
3178 3955 3468 4034 γάλακτος.
3525 3955 3720 4022 Οὕτως

2063 4042 2136 4099 ὢν
2193 4044 2248 4100 ἐν
2299 4058 2602 4126 συμφοραῖς
2658 4045 2830 4123 κάγώ,
2893 4047 3074 4123 φησὶν,
3147 4045 3409 4126 ηὐχόμην
3477 4047 3558 4102 ἀεὶ
3613 4054 3724 4104 τοῦ

2064 4141 2216 4192 Θεοῦ.
2249 4137 2304 4192 Εἰ
2337 4133 2390 4190 δὲ
2421 4136 2500 4211 μὴ
2531 4133 2698 4199 οὕτως
2728 4133 2875 4210 εἴην,
2923 4131 3072 4204 δίκην
3103 4133 3252 4202 δοίην
3288 4135 3550 4216 ἐσχάτην,

2445 4312 2581 4390 ’ῼδὴ
2624 4319 2729 4371 τῶν
2773 4311 3112 4390 ἀναϐαθμῶν.
3147 4313 3318 4378 ΡΛΔ’.

2483 4375 2498 4396 δ
2571 4375 2581 4382 '
2975 4375 2986 4390 |

2730 4404 2746 4428 ’
2761 4405 2924 4460 Γπόθε
2931 4427 2981 4460 σι
2990 4426 3011 4466 ς
3021 4449 3033 4462 .

329 4501 637 4566 Decimum
663 4498 898 4562 tertium
921 4477 1219 4560 canticum
1242 4500 1574 4560 oralionem
1591 4497 1978 4576 continetpro

2103 4499 2126 4550 1
2159 4477 2568 4572 τρισκαιδεκάτη
2597 4493 2711 4567 ᾠδὴ
2742 4495 2911 4574 εὐχὴν
2956 4493 3200 4574 περιέχει
3231 4495 3359 4572 ὑπὲρ
3385 4501 3476 4552 τοῦ
3511 4494 3716 4556 Δαυΐδ.

415 4589 653 4654 Davide.
679 4589 827 4650 Nam
849 4605 982 4648 cum
1003 4585 1338 4666 prapitiatio
1358 4585 1642 4648 omnibus
1660 4585 1974 4648 remissio-

414 4699 552 4742 nem
589 4686 971 4760 peccatorum
1013 4675 1319 4752 conciliet,
1353 4675 1694 4740 necessario
1724 4677 1979 4757 Spiritus

411 4769 952 4852 propheticus,cum
966 4765 1215 4846 reliquis
1227 4765 1329 4846 qui
1343 4767 1592 4829 salutem
1605 4783 1978 4846 consequun-

410 4869 506 4922 tur
523 4867 712 4921 etcun
739 4856 959 4918 Davide
981 4855 1083 4918 ait:
1098 4854 1974 4936 «Domine,memento,secun-

408 4951 549 5011 dum
571 4945 1086 5008 mansuetudinem
1109 4946 1238 5023 ejus
1257 4943 1975 5017 retribueilli.»Quemad-

410 5037 654 5100 modum
673 5035 834 5097 enim
855 5034 978 5107 ille,
1017 5043 1357 5096 mansuetus
1377 5053 1508 5097 cum
1535 5043 1718 5114 esset,
1749 5033 1977 5094 dimisit

395 5125 556 5189 Sauli
573 5124 821 5204 injurias
837 5122 951 5184 sibi
965 5121 1270 5202 illatas,ita
1286 5121 1470 5202 etipsi
1487 5121 1702 5184 delicta
1712 5123 1971 5184 remitte.

407 5213 862 5290 1,“)..Memento,
875 5211 1143 5286 Domine,
1169 5213 1368 5274 David
1390 5219 1445 5276 et
1467 5213 1666 5275 omnis
1689 5229 1973 5275 mansue-

333 5306 568 5368 tudinis
588 5304 738 5382 ejus.
749 5302 1156 5379 Sieutiuravit
1172 5301 1431 5364 Domino
1443 5353 1454 5377 ,
1465 5309 1668 5364 votum
1683 5304 1973 5364 vovitDeo

339 5391 821 5469 Jacob,etc.Cum
856 5389 1165 5451 didicisset
1193 5389 1352 5451 enim
1388 5409 1459 5452 ex
1489 5389 1710 5470 Spiritu
1739 5401 1968 5469 sancto,

333 5483 654 5546 Dominum
667 5481 824 5561 apud
847 5478 1120 5542 homines
1141 5479 1972 5562 adV'enturum,daturumque

410 5616 464 5660 ⁸⁷
493 5616 675 5679 Hebr.
714 5633 818 5686 xu,
854 5619 912 5677 t.
1001 5614 1064 5666 88
1091 5615 1308 5678 Matth.
1343 5633 1504 5692 xvul,
1537 5615 1598 5678 3.

405 5725 562 5807 (ὅθ’)
589 5725 784 5790 Locus
811 5723 1065 5786 vitiatus.

2141 4587 2244 4644 Τοῦ
2290 4586 2390 4664 γὰρ
2477 4583 2704 4659 ἱλασμοῦ
2780 4591 2909 4640 πᾶσι
2985 4583 3362 4664 προξενοῦντος
3433 4587 3720 4664 ἁμαρτιῶν

2141 4671 2351 4754 ἄφεσιν,
2385 4674 2684 4753 ἀναγκαίως
2713 4676 2774 4730 τὸ
2833 4679 3047 4748 Πνεῦμα
3103 4677 3164 4731 τὸ
3195 4677 3524 4756 προφητικὸν
3567 4680 3720 4752 μετὰ

2141 4771 2246 4821 τῶν
2300 4763 2503 4821 λοιπῶν
2541 4769 2646 4819 τῶν
2705 4763 3044 4840 σοζωμένων,
3077 4766 3165 4819 καὶ
3209 4771 3301 4821 τοῦ
3353 4763 3518 4822 Δαυὶδ
3545 4785 3716 4843 φησιο

2144 4875 2173 4909 α
2212 4853 2389 4933 Κύριε,
2425 4854 2714 4929 μνήσθητι,
2749 4854 2886 4910 κατὰ
2908 4853 3006 4920 τὴν
3039 4853 3321 4932 πραότητα
3344 4853 3500 4910 αὖτιδῦ
3517 4853 3716 4910 ἆποδι·

2139 4941 2257 5006 δοὺς
2289 4945 2452 5017 αὐτῷ.
2478 4965 2502 5000 ν
2539 4940 2633 5007 Ὠς
2665 4943 2764 5020 γὰρ
2797 4943 2954 5005 αὑτὸς
2980 4949 3144 5021 πρᾶος
3175 4944 3246 4998 ὢν
3277 4943 3414 5021 ἠφίει
3437 4944 3514 5018 τῷ
3532 4945 3721 5002 Σαοὺλ

2139 5035 2205 5089 τὰ
2248 5035 2321 5096 εἰς
2353 5033 2510 5088 αὐτὸν
2541 5029 2869 5108 ἀδικήματα,
2903 5031 3042 5088 οὕτω
3071 5034 3159 5088 καὶ
3211 5034 3356 5105 αὐτῷ
3405 5033 3716 5114 συγχώρη-

2139 5143 2230 5178 σον
2262 5123 2356 5186 τὰς
2393 5121 2790 5198 πλημμελείας.

2141 5215 2438 5286 Μνήσθητι,
2523 5213 2702 5292 Κύριε⁶
2781 5217 2872 5267 τοῦ
2951 5207 3122 5267 Δαυῗδ
3189 5212 3277 5268 καὶ
3343 5211 3523 5278 πάσης
3613 5219 3720 5282 τῆς

2057 5303 2357 5379 πραότητος
2422 5307 2601 5362 αὺτοῦ.
2691 5300 2786 5365 ἰὶς
2863 5299 3048 5376 ὤμοσε
3105 5304 3182 5374 τῷ
3242 5301 3437 5382 Κυρίῳ,
3509 5300 3720 5369 ηὔξατο

2054 5399 2131 5467 τῷ
2188 5401 2302 5467 Θεῷ
2363 5389 2578 5466 Ἰακὼϐ,
2635 5395 2723 5449 καὶ
2773 5393 2837 5447 τὰ
2869 5389 3012 5457 ἑξῆς.
3073 5391 3266 5446 Μαθὼν
3313 5392 3414 5471 γὰρ
3469 5389 3522 5457 ἕξ
3554 5393 3720 5471 ἁγίου

2058 5483 2388 5563 Πνεύματος,
2421 5485 2490 5545 ὡς
2523 5480 2844 5559 ἐπιδημήσω
2875 5491 2995 5542 τοῖς
3063 5479 3356 5558 ἀνθρώποις
3417 5483 3446 5537 ὁ
3485 5481 3714 5561 Κύριος,
