3992 6208
172 376 265 444 533

163 516 298 588 μήπω
332 509 664 584 κεκμηκότας
698 521 712 536 ⁸
757 513 916 563 τοῦτο
974 505 1077 584 γὰρ
1105 502 1357 579 σημαίνει
1390 504 1475 576 τὸ,
1509 499 1628 558 κατ’
1659 500 1752 579 ὄρ-
1774 509 1809 558 Α

162 608 276 680 ὅρον,
314 600 490 676 νεαρὰς
547 597 601 654 ἐν
660 601 734 671 τῲ
784 595 1045 655 πέτασθαι
1106 596 1194 650 καὶ
1241 591 1511 666 δυνάμεως
1545 591 1756 658 πεπλη-

160 691 379 770 ρωμένας,
423 687 483 746 Ὀ
515 685 568 743 δέ
608 709 722 747 πως
771 690 891 748 νοῦς
938 683 1093 748 οὗτος
1125 698 1138 713 ⁸
1178 683 1382 764 Πάντα,
1415 704 1569 761 φησὶ,
1601 703 1753 762 περι-

162 783 356 860 ειληςρὼς
407 779 614 855 Κύριος,
677 777 760 832 καὶ
816 774 993 830 πάντα
1063 769 1350 852 προλαϐὼτ
1425 770 1608 848 οἶδας,
1671 772 1756 829 καὶ

159 870 398 948 πανταχοῦ
449 866 627 944 πάρει,
672 865 760 921 καὶ
800 864 980 924 πάντα
1029 861 1266 940 πληροῖς
1295 862 1370 927 ὡς
1401 861 1553 925 Θεός.
1591 864 1752 918 Εἶτα’

161 963 228 1021 Τίς
269 960 517 1035 γένωμαι,
577 955 639 1014 ἄν
691 977 742 1011 τι
799 951 978 1029 συμϐῇ
1029 975 1118 1028 μοι
1178 950 1496 1030 ἁμάρτημα,
1556 952 1644 1006 καὶ
1709 951 1753 1006 εί

158 1048 322 1126 γένοιτό
365 1069 452 1122 μοι
497 1044 653 1124 χρεία
702 1041 940 1121 δρασμοῦ
968 1044 1057 1098 καὶ
1088 1041 1289 1122 φυγῆς,
1324 1047 1419 1098 006
1448 1046 1541 1098 τοῦ
1566 1040 1753 1119 Κυρίου

159 1139 291 1194 πάντα
322 1135 692 1214 ὑπειληφότος,

219 1228 300 1286 Καὶ
339 1226 487 1283 εἶπα⁹
524 1211 679 1302 ’Ἆρα
730 1224 922 1298 σκότος
969 1221 1339 1291 καταπλτήσει
1397 1242 1490 1296 με.
1525 1221 1616 1295 Τὸ,
1653 1241 1750 1277 κα-

159 1319 425 1395 τιππήσει,
483 1314 599 1370 ἀντὶ
641 1321 761 1382 τοῦ,
822 1312 1083 1370 σκεπάσει
1153 1312 1242 1367 καὶ
1297 1309 1600 1387 ἀποκρύψει
1643 1311 1750 1368 τῶν

159 1408 237 1462 τῶν
286 1403 578 1484 ὀφθαλμῶν.
639 1401 811 1460 Ἀλλὰ
867 1403 955 1458 καί
1000 1399 1183 1481 τοῦτο,
1250 1400 1402 1481 φησὶ,
1449 1403 1510 1456 τὸ
1559 1401 1748 1461 σκότος

162 1495 288 1555 οὖτως
327 1494 461 1549 ἐστὶν
491 1491 542 1548 ἒν
672 1495 744 1568 σῇ
769 1490 989 1571 γνώσει,
1021 1489 1203 1568 ὥσπερ
1236 1489 1298 1544 ἃν
1353 1487 1448 1555 εἴη
1492 1489 1581 1546 καὶ
1623 1487 1751 1545 αὒτὸ

158 1587 202 1639 τὸ
225 1583 340 1663 φῶς.

221 1673 296 1734 Ὠς
345 1675 399 1729 τό
455 1671 647 1735 σκότος
711 1673 899 1743 αὐτῆς,
957 1667 1098 1725 οὕτω
1139 1669 1228 1725 καὶ
1283 1669 1345 1724 τὸ
1403 1675 1514 1748 φῶς
1559 1668 1746 1735 αὐτῆς,

163 1763 357 1838 Καθάπερ
399 1762 494 1838 γὰρ
542 1761 666 1834 ἐμοὶ
718 1757 964 1838 ζοφώδης
1009 1757 1046 1824 ἦ
1105 1756 1214 1832 νὺξ,
1271 1757 1440 1820 οὕτως
1497 1757 1608 1815 ἐστί
1665 1779 1749 1813 σοι

161 1852 366 1928 ceruini.
400 1849 630 1928 Νεφροὺς
672 1847 727 1903 δέ
776 1869 938 1926 φησιν
983 1850 1123 1903 εἶναι
1166 1846 1288 1912 τοὺς
1331 1843 1495 1927 φόϐου
1529 1869 1749 1913 ποιητι-
1776 1867 1812 1918 Β

159 1939 266 2000 χούς.
310 1939 450 2016 Λέγει
493 1936 576 2010 δὲ,
640 1937 721 1993 ὅτι
772 1937 838 1991 Σὲ
898 1935 1185 1994 διαπαντὸς
1244 1933 1573 2016 ἐφοϐούμην,
1635 1936 1749 1992 ἐπεὶ

163 2031 240 2105 πρὸ
267 2027 527 2107 ὀφθαλμῶν
557 2031 724 2106 εἰχον
767 2026 847 2082 ἀεὶ
889 2026 988 2093 τὴν
1046 2025 1148 2092 σὴν
1197 2026 1396 2104 κρίσιν.
1425 2023 1750 2085 Ἀντελάϐου

169 2139 242 2188 μου
285 2118 337 2172 ἐκ
373 2118 594 2194 γαστρὸς
653 2116 859 2193 μητρός
911 2136 1036 2190 μου.
1114 2115 1370 2189 Εἰκότως,
1446 2117 1598 2194 φησὶ,
1658 2117 1750 2171 τὸν

169 2209 234 2262 σὸν
271 2204 414 2286 φόϐον
454 2206 798 2280 ἒκτησάμην,
845 2202 1030 2272 ἐπειδή
1060 2203 1319 2280 κυόμενόν
1351 2224 1418 2280 με
1448 2206 1483 2273 ἡ
1527 2206 1597 2273 σὴ
1645 2226 1750 2260 πε·-

169 2312 382 2374 ριςερουρεῖ
409 2296 652 2373 πρόνοια.

221 2384 685 2462 Ἐξομολογήσομαι
753 2405 860 2456 σοι,
949 2381 1032 2439 ὅτι
1106 2380 1345 2462 φοϐερῶς
1396 2383 1747 2460 ἐθαυμαστώο

167 2482 255 2540 θης.
301 2477 548 2552 Εὒκαίρως
582 2475 723 2545 μετὰ
754 2475 852 2541 τὴν
903 2474 1299 2552 προειρημένην
1344 2472 1620 2551 θεολογίαν
1650 2473 1748 2541 τὴν

167 2564 487 2643 ἐξομολόγησιν
549 2563 967 2641 ἆναφθέγγεται,
1021 2563 1296 2638 Θαυμάσια
1354 2565 1418 2620 τὰ
1468 2564 1599 2641 ἔργα
1627 2586 1746 2636 σου,

169 2657 230 2708 καὶ
342 2656 484 2734 ψυχή
540 2675 648 2730 μου
694 2652 947 2729 γινώσκει
990 2650 1213 2732 σφόδρα.
1271 2651 1438 2715 ’Ἠτις
1472 2643 1606 2728 ἓστὶ,
1639 2676 1750 2731 φη-

169 2745 368 2819 σὶν,ἒμοὶ
412 2744 627 2819 δύναμις
694 2741 1022 2821 ἀπόρρητος,
1082 2743 1170 2798 καὶ
1221 2741 1354 2810 αὕτη
1409 2764 1491 2800 σοι
1525 2749 1600 2816 τῷ
1635 2743 1750 2817 Θεῷ

171 2835 319 2909 causa
343 2834 585 2913 τδγχάίνει
597 2879 610 2892 .

229 2922 314 2980 Οὔκ
372 2923 558 3001 ἐκρύκη
625 2923 692 2978 τὸ
751 2921 938 2979 ὀστοῦν
1003 2942 1107 2995 μου
1158 2919 1264 2976 ἀπὸ
1319 2920 1414 2978 σοῦ
1469 2923 1498 2977 ὃ
1564 2919 1746 2989 ἐποίη-

180 3034 249 3074 σας
297 3012 341 3067 ἐν
379 3018 563 3091 κρυερῇ.
625 3014 740 3070 06x
783 3008 957 3088 ἔλαθε,
1032 3010 1188 3088 φησὶ,
1248 3009 1344 3078 τῆξ
1402 3012 1652 3088 γυναικὸς
1724 3013 1751 3067 ὁ

172 3102 356 3181 initiae,
407 3102 468 3169 ἦν
510 3102 569 3158 ἐκ
629 3109 727 3158 τοῦ
758 3099 946 3156 ὀστέου
1001 3120 1102 3173 μου
1132 3097 1434 3165 λεληθότως
1465 3099 1748 3167 ἐποίησας,

173 3189 285 3263 ὕπνῳ
305 3193 439 3269 βαρεῖ
466 3191 692 3253 εὖνάσας
740 3209 807 3264 με
842 3207 858 3223 ·
906 3187 1028 3244 ἀλλ’
1060 3186 1228 3266 ἔγνως
1257 3190 1323 3246 τὰ
1351 3188 1591 3269 ἡμέτερα
1623 3191 1750 3267 κρύ-
1771 3228 1812 3279 C

178 3281 522 3356 ρεα,ὂίκείνην
575 3280 813 3357 κρυφίως
869 3277 1333 3352 ὑποστησάμενος.
1373 3281 1471 3337 Καὶ
1527 3281 1560 3347 ἡ
1615 3281 1751 3335 ὑπό-

178 3374 311 3434 στισίς
349 3395 436 3438 um
489 3372 541 3426 ἐν
594 3383 726 3432 τοῖς
797 3367 1130 3430 κατωτάτοις
1188 3372 1286 3434 τῆς
1358 3372 1483 3445 γῆς.
1553 3369 1650 3426 Καὶ
1710 3370 1754 3424 εἰ

177 3454 430 3538 ὃιαλυθείην,
459 3461 612 3540 φησὶ,
647 3460 740 3515 καὶ
797 3459 870 3520 εἰς
916 3467 1052 3536 χοῦν
1111 3458 1444 3534 πορευθείην,
1479 3459 1561 3513 σοὶ
1591 3456 1753 3514 πάλιν

183 3551 362 3623 γνωστὸν
387 3565 440 3606 το
481 3556 723 3607 τοιοῦτον
755 3547 922 3609 ἐστιν,

243 3641 294 3694 Τὸ
337 3640 712 3718 ὰατέργαστον
787 3659 891 3712 μου
982 3636 1124 3694 εἶδον
1184 3640 1232 3692 οἱ
1291 3634 1553 3716 ὀφθαλμοί
1629 3659 1749 3697 σου.

191 3729 277 3800 Πρὶν
321 3728 557 3805 γενέσθαι,
609 3730 768 3809 φησὶ,
825 3730 906 3807 κρὶ
955 3727 1074 3806 πρὶν
1133 3727 1506 3807 μορφωθῆναι,
1566 3728 1614 3783 οἱ
1673 3729 1752 3783 σοὶ

192 3819 260 3879 τῆς
282 3820 586 3894 προγνώσεως
647 3815 916 3896 ὀφθαλμοὶ
967 3817 1252 3873 ἐθεάσαντο
1311 3839 1379 3891 με
1412 3818 1497 3872 καὶ
1554 3831 1749 3893 προεῖ-

195 3899 254 3956 δὸν
274 3927 340 3978 με,
359 3911 449 3986 οὐχ
476 3907 686 3979 ἁπλῶς,
724 3905 845 3962 ἁλλ’
902 3907 975 3970 ὠς
1006 3904 1110 3973 ἤδη
1144 3906 1472 3986 ἐγκείμενον,
1508 3909 1596 3963 καὶ
1625 3929 1749 3966 συν-

195 3995 448 4076 θριθτιμὲνον,
502 3999 589 4053 καὶ
642 3998 702 4052 ἐν
785 3998 854 4072 τῇ
927 3993 1094 4073 βίϐλῳ
1175 4017 1268 4054 σου
1356 3995 1746 4074 γεγραμμένον.

195 4075 360 4161 Ἡμέραι
431 4085 869 4160 πλασθήσονται,
955 4089 1042 4142 καὶ
1156 4084 1321 4149 οὐδεὶς
1406 4088 1459 4142 ἐν
1530 4088 1750 4148 αὺτοῖς.

201 4173 301 4227 Κιτᾶ
321 4181 466 4239 πάσας
522 4178 620 4242 τῆς
685 4180 830 4245 ζωῆς
879 4180 1049 4234 αὐτῶν
1109 4176 1202 4239 τὰς
1235 4175 1436 4254 ἡμέρας
1485 4175 1751 4253 εὐρύθμως

200 4261 260 4313 καὶ
297 4261 558 4330 εὖπλᾶστως
623 4265 846 4329 ἑαυτοὺς
909 4263 1194 4342 διήγαγον,
1282 4267 1370 4321 καὶ
1428 4263 1566 4340 μηδὲ
1629 4265 1750 4340 μίαν

201 4345 339 4422 ἡμέραν
362 4353 526 4418 αὐτοὺς
557 4351 761 4410 ἄτυπον
789 4353 825 4421 ἢ
857 4352 1125 4410 ἄπλαστον
1159 4352 1481 4433 ἐσχηκέναι.

256 4433 364 4510 Ἐμοὶ
401 4440 450 4496 δὲ
490 4441 605 4499 λίαν
667 4443 1004 4518 ἑτιμὴθησαν
1052 4445 1099 4500 οἱ
1153 4443 1296 4522 φίλοι
1337 4465 1456 4518 σου,
1517 4446 1542 4500 ὁ
1575 4444 1704 4506 Θεὸς
1736 4457 1750 4472 ⁸

203 4521 376 4598 ’Ὅμοιον
431 4535 523 4588 τὸ·
584 4531 600 4551 ⁹
681 4529 976 4612 δεχῦμενος
1056 4521 1337 4612 προφήτην
1442 4535 1514 4597 εἰς
1585 4531 1753 4608 ὄνομα
1783 4592 1813 4608 Γ,

198 4619 423 4692 προφήτου,
497 4627 682 4697 μισθὸν
757 4623 1034 4701 προφήτου
1111 4621 1358 4697 λήψεται.
1439 4619 1790 4698 Ἐξιιριθμή-’

195 4721 317 4776 mpm
377 4711 568 4793 αὐτοὺς,
633 4712 724 4768 καὶ
793 4711 921 4789 ὑπὲρ
1003 4711 1182 4786 ἄμμον
1267 4711 1751 4781 πληθυνθήσονται,

200 4791 363 4857 Εῧελπξς
412 4803 532 4874 εἰμι,
589 4803 742 4880 φησὶ,
808 4802 928 4864 τοὺς
976 4800 1160 4880 φίλους
1217 4802 1385 4876 τιμῶν
1441 4803 1560 4866 τοὺς
1606 4804 1752 4873 006:,

195 4876 251 4934 '3“
277 4881 393 4950 δῆέν
418 4896 477 4964 τῇ
516 4891 796 4946 ἀναστάσει
846 4888 963 4964 μετ’
1018 4892 1189 4947 αὐτῶν
1233 4892 1522 4965 στήσομαι,
1557 4893 1646 4948 καὶ
1689 4891 1758 4947 δι’

198 4967 336 5062 ωδῖυὺς
359 4977 442 5044 τὴν
468 4982 598 5057 παρὰ
630 4987 725 5036 σοῦ
753 4979 1024 5054 κτήσομαι
1075 4982 1262 5055 τιμήν.
1311 4981 1441 5039 Τότε
1472 4979 1563 5061 δὴ,
1603 4982 1754 5062 φησὶν

197 5059 260 5114 καὶ
301 5065 336 5117 oi
373 5065 648 5140 ἀμαρτωλοί
705 5069 1112 5139 ἀποκτενοϊντο,
1159 5071 1422 5144 τουτέστι,
1460 5073 1552 5134 τὰς
1584 5092 1757 5149 προσ-

201 5151 376 5216 ηλώσας
412 5155 763 5234 ἀπολήψονται
794 5157 963 5224 δίκας.

257 5235 350 5296 ἐὰν
409 5243 703 5323 ἀποκτείνῃς
780 5246 1153 5323 ἁμαρτωλοὺς,
1244 5250 1270 5303 ὁ
1353 5250 1504 5312 Θεὸς.
1599 5245 1758 5312 Εἰδὼς

203 5323 268 5385 τὰς
311 5331 527 5405 ἐσομένας
593 5337 707 5393 κατ’
767 5338 940 5397 αὐτῶν
997 5336 1166 5408 δίκας,
1227 5336 1327 5402 ἔξω
1370 5360 1472 5398 που
1528 5338 1759 5418 ἀφορίζει

202 5415 340 5516 αὐτοὺς
399 5421 580 5483 ἑαυτοῦ.
661 5426 893 5506 ’Ἄνδρες
978 5427 1240 5506 αἱμάτων,
1317 5427 1588 5485 ἐκκλίνατε
1665 5426 1757 5484 ἀπ’

205 5509 318 5582 ἐμω,
363 5509 430 5566 ὅτι
484 5514 672 5585 ὶρισταί
714 5517 833 5575 ἐστε
891 5520 962 5583 εἷς
1038 5512 1442 5594 διαλογισμοὺς.
1510 5520 1610 5584 Τὴν
1672 5519 1759 5572 αἰ-

265 5670 506 5744 Mtauh.
535 5699 590 5760 ι,
626 5685 723 5749 [ιι.

1100 368 1507 436 EXPOSITIO
1551 369 1633 432 IN
1679 366 2038 432 PSALMUM
2084 367 2472 433 CXXXVIII.

1836 500 2082 581 integris
2112 500 2342 563 scilicet
2393 498 2615 562 viribus
2643 497 2715 560 ad
2776 497 3114 571 volandum,
3171 509 3232 560 et
3261 501 3481 562 robore

1838 590 2066 669 plenas.
2101 588 2240 654 Haec
2270 600 2363 652 est
2404 598 2601 652 autem
2652 589 2948 650 sententia
2991 608 3003 647 :
3060 590 3176 668 Tu,
3205 589 3483 670 Domine,

1838 679 1940 758 qui
1973 681 2174 741 omnia
2205 680 2501 752 contines,
2564 678 2766 738 omnia
2830 677 3172 757 priusquam
3207 677 3484 740 eveniant

1838 770 2171 848 cognoscis,
2206 769 2429 850 ubique
2464 786 2745 848 praesens,
2782 768 2982 829 omnia
3010 769 3226 846 imples
3278 773 3488 847 utpote

1837 859 2020 923 Deus.
2082 858 2333 940 Deinde,
2383 878 2498 939 quo
2550 876 2645 919 me
2703 871 2950 928 vertam.
2983 857 3035 919 si
3067 862 3126 918 in
3159 856 3485 937 quodpiam

1836 960 2147 1032 peccatum
2182 951 2468 1027 incidam,
2502 958 2561 1013 et
2593 956 2638 1012 si
2672 950 2821 1028 fugae
2855 949 3000 1011 mihi
3032 951 3361 1013 necessitas
3393 949 3487 1010 in-

1834 1039 2095 1122 cumbat,
2121 1059 2258 1102 cum
2283 1050 2366 1116 tu,
2396 1039 2672 1116 Domine,
2700 1038 2900 1101 omnia
2930 1038 3284 1102 contineas?

1914 1221 2011 1282 tt.
2047 1219 2130 1282 Et
2160 1219 2342 1282 dixi:
2396 1218 2698 1282 Forsitan
2739 1217 2998 1282 tenebrat
3043 1217 3488 1282 conculcabunt

1833 1325 1949 1371 me.
1987 1308 2470 1382 Conculcabunt,
2504 1308 2566 1368 id
2597 1315 2709 1381 est,
2753 1317 3072 1386 contegent
3122 1317 3180 1370 et
3210 1307 3484 1370 occulta-

1836 1396 1980 1460 bunt
2011 1417 2106 1459 me
2135 1399 2328 1460 oculis
2358 1397 2498 1460 tuis.
2547 1396 2663 1460 Sed
2725 1395 2869 1478 ipsas
2923 1397 3188 1460 tenebrae
3221 1396 3481 1477 perinde

1837 1497 1952 1548 tute
1971 1486 2302 1567 cognitioni
2330 1494 2473 1549 sunt
2501 1494 2681 1567 atque
2713 1485 2942 1549 lumen.

1923 1665 2012 1727 12.
2044 1667 2220 1729 Sicut
2236 1672 2294 1728 et
2313 1667 2572 1729 tenebra:
2591 1667 2723 1745 ejus
2744 1669 2830 1728 ita
2853 1674 2910 1728 et
2939 1667 3147 1730 lumen
3175 1669 3326 1747 ejus,
3364 1676 3486 1729 etc.

1834 1754 2352 1828 Quemadmodum
2381 1755 2543 1818 enim
2576 1754 2725 1817 mihi
2763 1773 2877 1816 nox
2911 1756 3230 1818 tenebrosa
3256 1765 3367 1831 est,
3403 1757 3485 1820 ita

1835 1853 1923 1906 est
1947 1844 2047 1906 tibi
2080 1845 2300 1908 lucida.
2336 1846 2534 1908 Renes
2567 1854 2767 1906 autem
2801 1844 2973 1921 dicit,
3009 1846 3258 1907 terroris
3282 1845 3484 1908 incus-

1833 1952 2023 1997 sores.
2078 1933 2187 2004 Te,
2253 1935 2468 2015 inquit,
2523 1952 2766 2015 semper
2825 1933 3131 2015 timebam,
3165 1935 3303 2012 quia
3337 1935 3484 1998 mihi

1833 2042 2075 2104 semper
2089 2023 2382 2101 judicium
2417 2033 2580 2084 tuum
2610 2023 2684 2084 ob
2719 2023 2926 2086 oculos
2956 2023 3483 2088 versabatur.Sus-

1835 2115 2047 2194 cepisti
2077 2131 2170 2176 me
2190 2115 2262 2175 de
2295 2122 2467 2176 utero
2499 2114 2715 2174 matris
2745 2130 2912 2174 mea.
2954 2114 3117 2188 iure,
3151 2114 3367 2194 inquit,
3398 2117 3485 2178 tui

1838 2204 2112 2267 timorem
2146 2202 2358 2284 habui,
2392 2201 2876 2284 quandoquidem
2920 2220 3014 2264 me
3045 2204 3106 2264 in
3138 2212 3307 2266 utero
3342 2223 3479 2268 ver—

1833 2301 2068 2355 santem
2109 2290 2480 2372 providentia
2509 2300 2607 2352 tua
2635 2299 2968 2353 conservat.

1916 2383 2010 2445 14.
2047 2381 2394 2461 Conﬁtebor
2421 2381 2537 2444 tibi
2557 2383 2704 2461 quia
2729 2381 3094 2444 terribiliter
3115 2385 3480 2464 magniﬁca-

1835 2481 1929 2534 tus
1949 2489 2031 2535 es.
2059 2469 2410 2553 Opportune
2435 2469 2746 2551 praemissa
2770 2471 2870 2532 illa
2891 2471 3217 2548 theologia,
3247 2475 3478 2536 confes-

1831 2560 2061 2622 sionem
2088 2568 2293 2642 postea
2320 2559 2463 2622 edit.
2492 2559 2805 2622 Mirabitia
2837 2577 3019 2639 opera
3047 2569 3241 2634 tua,et
3271 2564 3484 2626 anima

1830 2668 1963 2712 mea
1997 2653 2299 2729 cognoscit
2327 2651 2532 2711 nimis.
2566 2647 2771 2712 Virtus
2803 2650 2905 2712 illa
2934 2668 3067 2730 qua
3089 2651 3234 2712 mihi
3263 2653 3473 2715 occul-

1833 2748 1890 2802 ta
1909 2749 2021 2820 est,
2054 2739 2161 2802 tibi
2192 2742 2316 2802 Deo
2350 2743 2672 2819 conspicua
2696 2746 2810 2804 est.

1916 2921 2014 2980 45.
2048 2919 2183 2983 Non
2213 2927 2302 2980 est
2328 2918 2696 2981 occultatum
2721 2936 2787 2981 os
2815 2935 3014 2981 meum
3033 2938 3072 2982 α
3102 2928 3156 2982 te
3181 2921 3344 3001 quod
3370 2923 3466 3000 fe-

1835 3011 1971 3071 cisti
2000 3010 2065 3070 in
2090 3010 2486 3072 oceutto.Non
2512 3007 2705 3083 latuit,
2733 3007 3232 3089 inquit,mulieris
3257 3011 3484 3092 lapsus,

1836 3115 2015 3179 quam
2047 3117 2117 3160 ex
2150 3117 2283 3161 osse
2315 3117 2450 3160 meo
2481 3098 2632 3159 ctam
2668 3098 3014 3177 eﬂ'ormasti,
3037 3111 3348 3180 postquam
3383 3119 3479 3162 me

1837 3189 1996 3266 gravi
2023 3206 2235 3250 somno
2267 3186 2715 3269 oppressisses;
2762 3187 2868 3249 sed
2899 3188 3250 3252 abscondita
3275 3198 3480 3252 nostra

1838 3277 2169 3359 cognoscis,
2203 3280 2304 3358 qui
2336 3279 2591 3340 latenter
2617 3275 2780 3337 illam
2817 3279 3103 3340 exsistere
3143 3279 3360 3342 fecisti.
3403 3278 3483 3341 Et

1836 3369 2180 3431 substantia
2202 3385 2332 3431 mea
2354 3374 2421 3429 in
2440 3366 2838 3445 inferioribus
2869 3373 3069 3430 terrae.
3095 3366 3338 3430 Etiamsi
3365 3369 3480 3432 dis-

1837 3455 2052 3537 solvar,
2089 3457 2305 3538 inquit,
2341 3465 2400 3518 et
2427 3455 2488 3517 in
2519 3455 2826 3536 pulverem
2857 3455 3092 3532 abeam,
3120 3456 3268 3519 illud
3302 3459 3480 3521 etiam

1840 3557 2046 3608 notum
2079 3557 2168 3609 est
2190 3547 2319 3609 tibi.

1922 3637 2018 3700 16.
2053 3636 2481 3718 Imperfectum
2502 3652 2704 3697 meum
2725 3634 3013 3698 viderunt
3044 3635 3206 3698 oculi
3236 3638 3476 3718 tui,etc.

1838 3729 2171 3807 Antequam
2205 3727 2438 3797 ﬁerem,
2465 3725 2681 3804 inquit,
2713 3734 2776 3786 et
2805 3731 3129 3804 antequam
3163 3725 3480 3804 formarer,
3541 3792 3546 3796 _

1839 3817 2354 3899 praescientiaetuac
2375 3814 2530 3876 oculi
2549 3832 2645 3874 me
2660 3814 3047 3894 contemplati
3068 3825 3214 3876 sunt
3238 3835 3306 3878 ac
3333 3836 3485 3897 prae-

1839 3907 2135 3986 viderunt;
2161 3925 2273 3968 nec
2290 3903 2783 3984 simpliciter,sed
2804 3905 3000 3984 utjam
3025 3905 3284 3983 positum
3301 3956 3315 3979 ,
3331 3924 3482 3968 con-

1839 4002 2215 4058 numeratum
2267 4003 2327 4056 et
2349 3993 2713 4073 descriptum
2744 3991 2806 4054 in
2834 3992 2987 4054 libro
3024 4000 3144 4056 tuo.
3182 3995 3319 4058 Dies
3351 3999 3484 4074 for-

1837 4086 2164 4148 mabuntur
2193 4091 2250 4148 et
2278 4100 2462 4146 nemo
2490 4085 2557 4145 in
2587 4085 2694 4144 ets.
2721 4081 3015 4145 Omnibus
3046 4083 3176 4145 vitae
3205 4103 3329 4146 suae
3350 4085 3486 4148 die-

1839 4175 1948 4236 bus
1980 4175 2164 4256 probe
2194 4182 2252 4236 et
2302 4172 2579 4236 ordinate
2636 4191 2774 4235 sese
2803 4182 3140 4251 gesserunt,
3178 4174 3263 4235 ita
3295 4184 3359 4236 ut
3411 4194 3488 4237 ne

1837 4284 2015 4327 unam
2049 4265 2288 4345 quidem
2321 4263 2482 4325 diem
2536 4262 2992 4343 incompositam
3043 4270 3101 4324 et
3152 4263 3486 4326 ordinatam

1837 4356 2088 4434 egerint.

1920 4442 2290 4519 17,18.Mihi
2315 4449 2514 4504 autem
2533 4442 2719 4504 nimis
2742 4441 3135 4522 honoriﬁcati
3161 4451 3306 4505 sunt
3337 4443 3489 4505 ami-

1835 4533 1892 4594 ci
1923 4533 2035 4613 tui,
2069 4531 2249 4593 Deus.
2280 4529 2488 4592 Simile
2519 4539 2610 4592 est
2635 4531 2782 4593 illud
2803 4531 2868 4582 96
2902 4552 2914 4590 :
2955 4531 3078 4607 Qui
3107 4535 3315 4612 recipit
3336 4550 3489 4613 pro-

1835 4623 2078 4700 phetam
2108 4622 2173 4682 in
2203 4624 2448 4683 nomine
2474 4621 3150 4702 praphetce,mercedem
3182 4623 3490 4701 prophetae

1839 4708 2534 4788 accipiet.Dinumerabo
2562 4727 2657 4771 eos
2688 4717 2748 4771 et
2779 4727 2958 4789 super
2987 4725 3243 4772 arenam
3275 4704 3488 4774 multi-

1838 4799 2256 4878 plicabuntur.
2293 4799 2468 4876 Spes,
2504 4798 2722 4875 inquit,
2757 4798 2906 4860 mihi
2956 4807 3045 4859 est
3086 4799 3241 4880 quod
3266 4801 3491 4863 amicos

1844 4897 1972 4949 tuos
1995 4889 2223 4950 honore
2254 4905 2604 4968 prosequar,
2628 4887 2890 4949 futurum
2922 4896 2986 4950 ut
3009 4889 3068 4950 in
3094 4891 3492 4952 resurrectio-

1843 4996 1917 5038 ne
1945 4995 2080 5038 cum
2107 4976 2226 5038 illis
2257 4976 2598 5051 consistam,
2630 4985 2688 5038 et
2719 4987 2964 5060 propter
3008 4996 3112 5040 eos
3135 4979 3424 5040 honorem
3457 4997 3493 5041 a

1843 5074 1898 5127 te
1927 5066 2238 5147 accipiam.
2268 5067 2457 5144 Tunc,
2489 5065 2702 5146 inquit,
2736 5075 3085 5147 peccatores
3115 5068 3488 5147 occidantur,

1845 5156 1956 5217 hoc
1984 5164 2094 5234 est,
2132 5155 2487 5234 promeritae
2519 5173 2724 5235 pcenas
2757 5156 2941 5218 luant.

1925 5248 2022 5308 19.
2056 5246 2125 5307 Si
2144 5244 2459 5317 occideris,
2498 5249 2670 5324 Ueus,
2698 5246 3309 5326 peccatorrsﬁnarus
3340 5268 3490 5330 sup-

1846 5336 2154 5416 pliciorum
2187 5333 2405 5415 quibus
2457 5334 2717 5398 futurum
2772 5345 2862 5397 est
2905 5347 2967 5398 ut
2995 5337 3348 5413 aiﬁciantur,
3386 5357 3490 5401 eos

1843 5429 2281 5510 quodammodo
2305 5429 2378 5490 ab
2407 5448 2470 5490 se
2502 5441 2801 5510 segregat.
2824 5430 2949 5495 Viri
2975 5435 3493 5516 sanguinum.(te-

1842 5525 2090 5582 clinatea
2119 5539 2212 5590 me,
2246 5524 2373 5594 quia
2422 5525 2751 5583 contentiosi
2809 5526 2934 5584 esti:
2962 5526 3022 5582 in
3060 5527 3477 5600 cogitationibus
