3992 6208
413 331 530 398 535

1197 333 1258 396 S.
1308 335 1733 399 ATHANASII
1775 337 1940 400 OPP.
1992 339 2186 402 PARS
2227 340 2340 403 IIl.
2387 373 2464 385 —
2507 341 2966 406 EXEGETICA.

3669 343 3802 408 536

413 464 660 556 Causam
704 467 928 530 indicat
967 485 1072 530 cur
1119 467 1194 530 ab
1253 486 1318 531 se
1377 477 1725 550 peccatores
1773 471 2047 552 expellat.

2155 473 2250 530 τίαν
2280 475 2410 554 φησὶ
2439 473 2506 531 δι’
2537 473 2604 544 ἢν
2634 472 2916 532 ἀπελαύνει
2957 474 3052 555 ⁴ἀφ’
3109 475 3292 534 ἑαυτοῦ
3349 477 3472 542 τοὺς
3522 478 3793 556 ἀμαρτω-

411 555 576 624 Ideo.
630 558 848 638 inquit,
909 557 1310 638 expelluntur,
1365 558 1505 639 quia
1547 559 1832 621 adversus
1868 563 2054 624 Deum

413 646 737 725 loquuntur
767 646 996 728 ipsique
1020 658 1376 728 repugnant,
1429 657 1489 709 et
1517 648 1736 710 frustra
1781 651 1918 712 elati
1950 669 2054 711 su-

415 735 595 812 perbe
623 747 807 816 agunt
835 737 1148 799 adversum
1177 756 1364 816 genus
1390 738 1741 800 humanum.

492 825 592 898 21,
626 825 951 888 29.1Vonne
979 828 1089 906 qui
1117 827 1382 889 oderunt
1411 828 2057 904 te,Domine,oderam?

411 916 659 980 Amicos
684 917 924 995 quidem
960 928 1096 979 tuos
1124 917 1440 997 diligebam
1503 927 1561 980 et
1618 926 1678 980 in
1729 921 2053 984 amicitiam

413 1024 605 1067 meam
635 1005 998 1086 recipiebam
1037 1023 1049 1066 :
1085 1007 1362 1068 inimicos
1391 1016 1593 1070 autem
1626 1017 1757 1072 tuos
1791 1009 2057 1088 perfecte

411 1095 918 1160 oderam.lnimici
949 1106 1148 1158 antem
1182 1096 1290 1159 Dei
1322 1105 1457 1158 sunt
1489 1098 1683 1177 primo
1715 1100 1963 1176 quidem
1997 1109 2058 1162 et

413 1189 653 1266 praprie
683 1185 902 1264 impuri
933 1185 1241 1248 daemones
1274 1205 1289 1246 :
1325 1185 1576 1248 secundi
1603 1197 1732 1268 post
1765 1189 1924 1263 illos,
1956 1188 2054 1269 qui

411 1273 807 1338 idololatriam
841 1275 1193 1357 detendunt,
1228 1287 1287 1338 et
1317 1279 1611 1338 haeresum
1647 1278 1971 1357 principes.

575 1377 649 1440 In
665 1382 865 1458 ﬁnem
895 1377 1168 1442 PSALM
1179 1379 1278 1441 US
1306 1378 1522 1442 David.
1557 1377 1906 1442 CXXXIX.

495 1485 550 1544 1.
587 1482 779 1562 Eripe
804 1500 922 1556 me,
956 1485 1230 1558 Domine,
1254 1484 1328 1544 ab
1356 1483 1601 1546 homine
1622 1482 1804 1546 malo.
1830 1483 2056 1544 Clamat

413 1574 483 1633 ad
512 1573 701 1634 Deum
729 1580 790 1632 ut
820 1571 1142 1634 ulciscatur
1164 1570 1438 1651 injuriam
1472 1589 1506 1632 a
1537 1571 1909 1634 daemonibus
1941 1575 2053 1634 Im-

412 1679 603 1722 manae
633 1669 858 1723 naturas
886 1660 1134 1740 illatam,
1189 1668 1340 1725 etut
1367 1659 1738 1741 iniquitatem
1792 1662 1850 1722 in
1883 1670 2058 1741 caput

410 1750 753 1832 iniquorum
789 1759 1114 1814 convertat.
1152 1752 1286 1813 Haec
1313 1759 1515 1812 autem
1544 1750 1720 1814 etiam
1752 1749 1826 1813 de
1859 1751 2053 1812 sensi-

412 1837 634 1902 bilibua
664 1840 929 1903 inimicis
959 1839 1078 1902 dici
1111 1839 1366 1921 possint.

489 2015 682 2094 2.0ui
698 2023 1114 2100 cegituverunt
1129 2020 1518 2099 iniquitatem
1537 2018 1603 2081 in
1623 2019 1954 2099 corde,tota
1964 2018 2061 2080 die

410 2107 847 2171 constituebant
875 2107 1111 2187 pratia.
1144 2107 1272 2170 Non
1316 2115 1541 2170 tantum
1605 2108 1767 2170 enim
1803 2108 2061 2169 humana

408 2197 725 2259 ratiocinia
750 2197 1144 2276 admiserunt,
1175 2197 1278 2260 sed
1312 2198 1488 2260 etiam
1518 2216 1700 2279 opera
1739 2197 2054 2277 cogitatio-

409 2285 585 2347 nibus
607 2286 980 2367 adjecerunt.
1007 2286 1160 2350 Illud
1203 2299 1429 2356 autem.
1467 2293 1591 2351 tota
1621 2287 1744 2368 die,
1781 2284 2054 2366 Symma-

407 2375 578 2457 chus,
607 2394 713 2456 per
740 2377 1009 2456 singulos
1037 2377 1187 2446 dies,
1222 2383 1670 2455 interpretatur.

489 2473 547 2526 6.
579 2463 772 2530 Juxta
802 2470 926 2530 iter
954 2466 1311 2529 scandalum
1335 2474 1668 2545 posuerunt
1708 2464 1882 2528 mihi.
1917 2467 2056 2528 Hac

407 2555 632 2626 omnia,
672 2555 887 2634 inquit,
923 2554 1222 2619 faciebant
1253 2565 1317 2621 ut
1339 2573 1580 2616 cursum
1605 2556 1739 2635 ejus
1759 2554 1831 2614 ad
1868 2557 2058 2617 Deum

405 2641 708 2718 sisterent,
736 2645 963 2725 laqueis
989 2645 1173 2726 pedes
1201 2645 1334 2725 ejus
1364 2645 1899 2726 complicantespt
1920 2663 2057 2706 eum

405 2750 439 2793 a
469 2731 579 2794 Dei
611 2743 934 2814 conspectu
966 2733 1324 2815 dejicerent.

487 2911 549 2974 9.
582 2911 672 2975 Ne
717 2912 927 2975 tradas
985 2929 1102 2985 me,
1156 2911 1438 2991 Domine,
1489 2930 1527 2974 ιι
1585 2911 1889 2977 desiderio
1929 2932 2055 2976 meo

403 3005 731 3084 peccaturi.
768 3005 915 3081 Ego,
948 3001 1168 3082 inquit,
1203 3001 1476 3076 Domine,
1527 3003 1780 3065 salutem
1813 3012 2050 3083 expeto,

409 3109 484 3153 ne
513 3089 691 3170 igitur
719 3090 1103 3172 derelinquas
1134 3109 1252 3164 me,
1286 3107 1363 3152 ne
1394 3109 1464 3152 ex
1494 3091 1603 3152 hac
1642 3091 1735 3154 via
1765 3091 2052 3154 deturba-

2143 563 2284 626 λούς.
2338 565 2434 621 Διᾶ
2465 571 2639 640 τοῦτο,
2673 565 2855 644 φησὶν,
2890 563 3224 640 ἒλαύνονται,
3255 565 3342 622 ὅτι
3394 567 3792 647 ἀντιφθέγγον-

2137 675 2223 709 ται
2275 654 2364 711 καὶ
2406 653 2878 734 ἀντιφιλονεικοῦσι
2933 661 3071 730 Θεῷ,
3118 657 3206 711 καὶ
3263 655 3439 731 μάτην
3483 656 3792 735 ἐπαιρόμε-

2138 765 2217 799 νοι
2247 741 2789 820 καταλαζονευόμενοι
2821 750 2913 801 τοῦ
2942 749 3048 801 τῶν
3078 743 3366 821 ἀνθρώπων
3397 746 3533 823 βίου.

2219 835 2353 912 Οὐχὶ
2411 834 2533 899 τοὺς
2608 842 2891 910 μισοῦντας
2952 855 3033 908 σε,
3087 834 3264 916 Κύριε,
3309 835 3592 912 ἒμίσησας
3643 836 3794 896 ’Ὅτι

2138 924 2258 986 τοὺς
2308 922 2406 999 μὲν
2466 925 2586 984 σοὺς
2631 925 2859 1006 ἠγάπων
2887 924 2976 981 καὶ
3005 924 3354 1004 ἀπεδεχόμην
3382 926 3561 1006 φίλους
3597 945 3610 961 ⁶
3657 927 3792 992 τοὺς

2138 1009 2193 1068 δὲ
2251 1011 2474 1093 ἐχθρούς
2547 1036 2642 1071 σου
2719 1013 2934 1078 τελείως
3008 1013 3243 1090 ἑμίσουν.
3307 1013 3526 1095 Ἐχθροὶ
3581 1014 3634 1072 δὲ
3690 1024 3794 1075 τοῦ

2140 1109 2272 1159 Θεοῦ
2303 1103 2525 1180 πρώτως
2557 1104 2653 1178 μὲν
2696 1105 2781 1160 καὶ
2812 1104 3001 1182 κυρίως
3060 1105 3108 1161 οἱ
3150 1103 3434 1184 ἀκάθαρτοι
3482 1103 3727 1180 δαίμονες
3764 1119 3784 1135 ⁶

2139 1188 2366 1271 δεύτεροι
2409 1190 2464 1248 δί
2515 1190 2637 1268 μετ’
2691 1191 2917 1258 ἐκείνους
2975 1192 3029 1250 οἵ
3096 1215 3150 1249 τε
3199 1193 3294 1262 τὴν
3353 1193 3789 1273 εἰδωλολατρείαν

2140 1278 2540 1362 πρεσϐεύοντες,
2583 1283 2672 1340 καὶ
2712 1283 2760 1340 οἱ
2802 1289 2909 1340 τῶν
2939 1281 3189 1362 αἱρέσεων
3219 1282 3480 1364 ἀρχηγοί.

2386 1386 2473 1449 Εἰς
2502 1384 2656 1452 τέλος
2689 1390 2978 1443 ΨΑΛΜΟΣ
3021 1392 3096 1460 τῷ
3139 1385 3324 1449 Δαυίδ.
3361 1386 3538 1450 ΡΔΘ’.

2225 1473 2436 1540 Ἐξέλου
2492 1496 2583 1555 με,
2673 1475 2850 1556 Κύριε,
2929 1473 2981 1541 ἐξ
3037 1475 3312 1554 ἀνθρώπω
3355 1484 3610 1544 πονηοού.
3673 1483 3789 1546 Τῆς

2138 1564 2428 1644 γενομένης
2464 1563 2666 1630 ἀδικίας
2725 1567 2867 1644 παρὰ
2921 1568 3026 1624 τῶν
3088 1563 3354 1642 δαιμόνων
3409 1573 3477 1644 τῇ
3509 1570 3810 1646 ἀνθρώπου,

2139 1654 2289 1734 φύσει
2351 1653 2665 1733 κεκραγέναι
2722 1655 2852 1734 πρὸς
2904 1657 2995 1712 τὸν
3045 1661 3176 1712 Θεον
3218 1659 3440 1722 ποιῆσαι
3493 1656 3588 1723 τὴν
3636 1654 3787 1713 ἐκδί-

2139 1765 2321 1818 κησιν,
2355 1745 2444 1800 καὶ
2474 1743 2833 1820 μεταστρέψαι
2892 1746 2964 1808 εἰς
3002 1743 3241 1824 κεφαλὴν
3301 1745 3405 1802 τῶν
3463 1743 3790 1803 ἀδικούντων

2081 1835 2239 1902 Βτὴν
2269 1832 2492 1894 ἀδικίαν.
2528 1835 2760 1914 Λεχθείη
2791 1831 2846 1890 δὲ
2879 1835 2962 1891 καὶ
2993 1835 3081 1892 ἐπὶ
3134 1835 3399 1902 αἰσθητῶν
3457 1834 3661 1914 ἐχθρῶν
3719 1837 3788 1892 τα

2142 1922 2430 2003 λεγόμενα.

2222 2013 2430 2077 θ’ἶτινες
2515 2011 2825 2090 ἐλογίσαντο
2894 2011 3096 2070 ἀδικίαν
3195 2013 3250 2070 ἐι
3338 2013 3542 2093 καρδίᾳ,
3647 2013 3786 2081 ὅλην

2139 2105 2237 2172 τὴν
2294 2102 2498 2182 ἡμέραν
2564 2102 2898 2182 παρέτασσω
2973 2102 3264 2179 πολέμους.
3337 2108 3410 2163 Οὔ
3459 2105 3558 2182 γὰρ
3619 2105 3787 2180 μόνον

2141 2207 2398 2271 πονηροῖς
2461 2192 2763 2273 ἐχρήσαντο
2820 2192 3132 2272 λογισμοῖς,
3188 2193 3326 2252 ἀλλὰ
3399 2196 3489 2251 καὶ
3536 2195 3601 2250 τὰ
3656 2194 3786 2272 "spy:

2139 2281 2473 2361 προσέθηκαν
2523 2295 2644 2344 τοῖς
2702 2280 3004 2360 λογισμοῖς.
3081 2285 3143 2341 Γὸ
3189 2281 3268 2357 δὲ,
3315 2282 3448 2343 ὅλην
3491 2284 3588 2351 τὴν
3637 2282 3783 2359 ὴμέ-

2139 2393 2258 2452 ραν,
2291 2374 2320 2429 ὁ
2349 2372 2670 2453 Σύμμαχος,
2706 2372 2842 2429 κατὰ
2874 2378 3047 2428 πᾶσαν
3076 2372 3301 2451 ἡμέραν,
3329 2372 3629 2450 ἑρμηνεύει.

2219 2461 2498 2542 Ἐχόμενα
2552 2459 2758 2540 τρίϐους
2837 2459 3105 2518 σκάνδαλα
3175 2461 3350 2519 ἔθεντό
3431 2484 3547 2538 μοι.
3609 2471 3785 2522 Ταῦτα

2141 2553 2340 2634 πάντα,
2386 2552 2570 2631 φησὶν,
2634 2550 2872 2626 ἐποίουν,
2927 2550 3021 2608 ἵνα
3073 2553 3162 2609 τὸν
3194 2551 3388 2630 δρόμον
3417 2555 3654 2623 στήσωαι
3688 2555 3782 2623 τῆς

2141 2644 2276 2700 κατὰ
2329 2640 2460 2700 Θεδν
2503 2641 2742 2720 πορείας,
2787 2642 2910 2706 τοὺς
2974 2639 3140 2706 πόδας
3204 2642 3360 2701 αὐτοῦ
3413 2644 3596 2722 παγίσι
3628 2665 3784 2722 περι-

2139 2731 2450 2808 ϐάλλοντες,
2505 2730 2599 2788 ἵνα
2655 2731 2754 2800 τῆς
2810 2733 2868 2788 ἓν
2926 2738 3044 2789 Θεῶ
3075 2731 3311 2798 στάσεως
3368 2735 3524 2793 αὐτὸν
3555 2733 3787 2791 καταϐα-

2141 2821 2335 2885 λωσιν.

2219 2916 2308 2980 Μὴ
2358 2909 2605 2991 παραδῷς
2664 2932 2756 2988 με,
2821 2911 2998 2991 Κύριε,
3047 2911 3154 2969 ἀπὸ
3203 2917 3300 2990 τῇς
3351 2915 3536 2988 ὶπιθυμ
3551 2914 3627 2979 ίας
3679 2939 3786 2989 μου

2136 3000 2460 3080 ἁμαρτωλῷ.
2532 3001 2694 3079 Ἐγὼ,
2768 3001 2920 3080 φησὶ,
2984 3002 3136 3081 Κύριε
3209 3001 3486 3077 ἐπιθυμίαν
3545 3003 3787 3080 ἐπιθυμῶ

2137 3091 2404 3170 σωτηρίας
2433 3108 2448 3122 ⁸
2508 3092 2585 3168 μὴ
2645 3091 2734 3148 οὖν
2797 3089 3188 3170 ἰγκαταλείπῃς
3247 3113 3342 3172 με,
3399 3092 3535 3149 ὥστε
3582 3095 3784 3159 ταύτης

406 3188 499 3242 tus
534 3180 733 3242 tradar
780 3180 1102 3261 peccaturi,
1151 3178 1379 3242 scilicet
1435 3179 1697 3244 diabolo.
1734 3181 2052 3259 Cogitave-

2155 3180 2550 3259 ταρατραπέντα
2607 3178 2966 3259 παραδοθῆναι
3018 3180 3346 3262 ἁμαρτωλῷ,
3379 3181 3496 3248 ἤτοι
3534 3189 3610 3256 τῷ
3659 3181 3786 3239 δια-

404 3275 553 3333 runt
583 3277 800 3332 contra
830 3289 944 3343 me,
981 3287 1059 3332 ne
1087 3271 1478 3352 derelinquas
1497 3288 1590 3332 me
1613 3288 1687 3334 ne
1703 3273 1859 3349 forte
1889 3271 2052 3334 exal-

2155 3267 2306 3345 ἲόλῳ,
2384 3269 2761 3347 Διελογίσαντο
2817 3266 2934 3327 κατ’
3011 3269 3143 3345 ἐμοῦ
3176 3285 3191 3301 ⁸
3253 3272 3330 3346 μὴ
3390 3271 3786 3349 ἐγκαταλείπῃς

404 3367 641 3424 tentur.
677 3357 801 3424 Sub
835 3369 1175 3441 tegumenta
1200 3360 1428 3422 alarum
1447 3360 1579 3441 ejus
1601 3361 1833 3441 contegi
1865 3369 2052 3442 rogat,

2155 3381 2233 3435 ιε,
2285 3362 2497 3436 μήποτε
2555 3362 2857 3436 ὑψωθῶσιν.
2922 3358 3014 3418 Ἐν
3093 3359 3268 3436 σκέπῃ
3321 3367 3428 3417 τῶν
3509 3363 3785 3440 πτερύγων

406 3458 467 3512 et
497 3449 610 3512 sub
643 3452 866 3530 potenti
900 3468 1079 3512 manu
1109 3449 1307 3531 ejus,a
1335 3467 1454 3531 qua
1486 3467 1664 3512 nemo
1687 3449 1923 3530 eripere
1958 3470 2052 3529 p0-

2155 3454 2296 3510 ιῦτοῦ
2326 3448 2468 3516 ἀξιοῖ
2500 3450 2884 3524 σκεπασθῆναι,
2928 3452 3016 3508 καὶ
3061 3451 3163 3508 ὑπὸ
3217 3452 3316 3520 τὴν
3365 3452 3616 3530 κραταιὰν
3679 3457 3784 3512 αὖα-

405 3547 562 3616 test;
595 3557 670 3600 ne
699 3537 901 3619 itaque
935 3548 996 3600 ut
1024 3538 1086 3600 in
1139 3537 1259 3602 alia
1313 3536 1579 3620 qualibet
1635 3557 1702 3600 re
1738 3539 2052 3618 magniﬁce

2203 3547 2224 3557 -
2584 3538 2599 3561 ς
2661 3541 2688 3564 τ
2818 3539 2873 3560 νδ
2907 3542 2920 3560 .
3048 3539 3060 3562 ι
3400 3541 3412 3560 ,
3564 3541 3589 3560 ρ.
3754 3544 3768 3559 .

2155 3562 2228 3597 που
2259 3553 2446 3620 χεῖρα,
2509 3540 2580 3620 ἀφ
2659 3563 2724 3609 ης
2783 3558 2950 3606 ουοεις
3006 3538 3220 3598 δυναται
3275 3541 3530 3620 ἁρπασαι,
3574 3565 3658 3598 ενα
3702 3567 3785 3611 μη

403 3635 822 3798 δθῖᾋῗηὲιιραε
849 3719 1137 3780 circuitus
1164 3733 1399 3792 eorum,
1424 3715 1617 3790 labor,
1643 3715 1835 3780 etc.In
1862 3716 2049 3798 ipsos,

407 3806 856 3888 inquit,recidat
884 3806 1199 3870 consilium
1227 3824 1458 3870 eorum.
1494 3804 1621 3868 Hoc
1645 3807 1803 3868 enim
1831 3806 2078 3885 signiﬁ--

409 3903 527 3968 cat,
579 3904 754 3977 caput
783 3898 1068 3958 circuitus
1098 3914 1322 3958 eorum.
1364 3894 1550 3972 Caput
1581 3895 1743 3959 enim
1773 3907 2052 3976 peccato-

409 4003 542 4048 rum
575 3994 670 4048 est
700 3985 974 4066 cogitatio
1007 3984 1682 4048 etsensus.lnsidiarum
1717 3985 1934 4066 quibus
1960 4005 2055 4047 me

410 4074 939 4138 circumdederunt
987 4075 1350 4156 principium
1386 4083 1444 4136 et
1473 4084 1668 4156 caput,
1717 4075 1840 4136 imo
1873 4077 2052 4137 etiam

409 4163 747 4244 defetigatio
785 4172 842 4226 et
871 4163 1041 4226 labor
1069 4163 1335 4246 ipsorum
1367 4163 1685 4226 adversum
1722 4183 1817 4226 me
1847 4183 2054 4230 susce-

409 4262 556 4333 ptus
578 4252 640 4314 in
671 4252 834 4334 ipsos
862 4251 1112 4317 recidat.
1138 4251 1298 4327 Quos
1337 4270 1576 4334 aquam
1607 4261 1698 4314 est
1729 4252 1882 4330 ignis
1912 4272 2059 4335 sup-

411 4341 590 4424 plicio
623 4341 797 4404 tradi.

496 4432 839 4496 lt.Cadent
858 4450 1044 4514 super
1075 4450 1173 4496 eos
1191 4433 1476 4497 carbones
1498 4435 1567 4496 in
1595 4433 1914 4516 igne.Nam
1949 4452 2058 4497 ceu

2135 3631 2208 3695 ὡς
2249 3631 2338 3687 ὶπί
2380 3652 2430 3686 τι
2459 3627 2592 3688 ἄλλο
2633 3652 2684 3687 τι
2716 3632 3214 3712 μεγαφρονήσωσιν.

2215 3718 2284 3776 Ἠ
2341 3719 2549 3799 κεφαλὴ
2607 3727 2700 3776 τοῦ
2773 3717 3125 3795 κυκλώματος
3195 3719 3391 3780 αὒτῶν.
3474 3717 3597 3779 Ἐπ’
3676 3726 3782 3781 αὗ-

2135 3810 2283 3884 τοὺς,
2313 3812 2498 3889 φησὶν,
2534 3807 2675 3866 ἔλθοι
2707 3807 2734 3864 ὅ
2763 3807 3174 3872 ἒϐουλεύσαντο.
3209 3816 3376 3867 Τοῦτο
3425 3812 3524 3887 γὰρ
3571 3815 3781 3886 σημαί-

2138 3921 2219 3957 νει
2254 3901 2286 3967 ἡ
2347 3899 2554 3979 κεφαλὴ
2609 3908 2702 3958 τοῦ
2751 3899 3104 3974 κυκλώματος
3164 3900 3355 3955 αὐτῶν.
3416 3898 3639 3979 Κεφαλῆ
3679 3903 3786 3978 γὰρ

2139 3995 2244 4045 τῶν
2275 3988 2607 4068 ἁμαρτωλῶν
2638 3993 2666 4046 ὁ
2715 3989 2977 4069 λογισμὸς
3034 3991 3121 4046 καὶ
3179 3991 3213 4057 ἡ
3245 3989 3518 4057 αἴσθησις,
3553 3995 3658 4060 Τῆς
3688 3994 3786 4048 οῦν

2140 4076 2428 4146 ἐπιϐουλῆς
2459 4081 2630 4138 αὑτῶν
2659 4080 2758 4148 τῆς
2787 4079 2906 4136 κατ’
2941 4079 3092 4156 ἐμοῦ,
3131 4077 3199 4134 δι’
3233 4083 3300 4146 ῆς
3358 4078 3662 4138 ἐκύκλωσαν
3713 4103 3786 4154 με

2139 4167 2177 4235 ἡ
2228 4168 2377 4247 ἀρχὴ
2423 4170 2506 4225 καὶ
2550 4171 2583 4236 ἡ
2628 4167 2862 4250 κεφαλὴ,
2893 4169 2952 4226 οὗ
2981 4169 3090 4242 μὴν
3141 4167 3279 4224 ἀλλὰ
3309 4171 3396 4224 καὶ
3428 4171 3456 4225 ὁ
3494 4170 3659 4233 κόπος
3690 4175 3788 4230 αὖ.

2143 4264 2272 4339 τῶν,
2305 4259 2393 4314 καὶ
2437 4260 2465 4314 ὁ
2503 4259 2710 4338 μόχθος
2755 4261 2783 4314 ί»
2821 4257 2940 4315 κατ’
2972 4259 3128 4333 ἐμοῦ,
3162 4261 3232 4323 εἱς
3265 4260 3452 4323 αὐτοὺς
3483 4257 3645 4322 ἔλθοι,
3681 4264 3788 4327 Οὓς

2142 4349 2230 4406 καὶ
2259 4346 2380 4415 δίκη
2410 4346 2768 4427 παραδοθῆναι
2799 4354 2868 4424 τῇ
2897 4346 2982 4404 διὰ
3013 4349 3196 4426 πυρὸς.

2227 4443 2509 4494 Πεσοῦνται
2585 4436 2672 4494 ἔπ’
2748 4438 2934 4500 αὐτούς
2993 4436 3242 4514 ἄνθρακες
3300 4438 3356 4494 ἐν
3426 4440 3566 4517 πυρί.
3642 4441 3788 4498 Οἷον

411 4521 668 4606 quodam
699 4521 837 4602 igne
862 4524 944 4584 ira
976 4529 1078 4586 tua
1115 4521 1392 4585 absumes
1422 4541 1547 4586 eos.
1585 4523 1832 4599 Deiieies
1865 4542 1962 4586 eos
1994 4527 2052 4587 in

2155 4528 2242 4606 γάρ
2291 4549 2392 4582 τινι
2453 4529 2574 4598 πυρὶ
2619 4527 2686 4602 τῇ
2733 4529 2867 4606 ὀργῇ
2899 4528 3294 4592 καταναλώσεις
3327 4529 3538 4592 αὓτούς.
3590 4539 3788 4587 Καται-

410 4613 774 4686 miserias,et
802 4631 924 4676 non
951 4613 1294 4677 subsistent.
1335 4611 1626 4677 Decident
1651 4613 1710 4674 in
1742 4614 2055 4676 calamita-

413 4710 526 4783 tes,
561 4720 631 4764 ex
664 4702 884 4784 quibus
911 4721 1029 4765 non
1076 4702 1350 4766 evadent.
1404 4702 1530 4764 Hoc
1558 4708 1758 4764 autem
1812 4704 2058 4781 contigit

411 4790 578 4856 Sauli
610 4790 672 4853 in
702 4789 860 4854 bello
883 4791 1172 4855 adversus
1204 4789 1685 4870 alienigenas.lbi
1716 4791 1876 4853 enim
1908 4811 2057 4853 con-

409 4881 606 4947 fossus
636 4884 816 4947 tinem
850 4886 984 4947 vitae
1002 4884 1256 4964 accepit.

495 5063 594 5126 l2.
628 5061 734 5126 Vir
754 5062 1066 5139 linguosus
1085 5079 1210 5123 non
1230 5061 1542 5142 dirigetur
1562 5063 1630 5123 in
1665 5069 1854 5124 terra.
1879 5060 2053 5123 Exci-

413 5152 500 5230 pit
521 5152 737 5232 impios
759 5151 916 5231 ignis
931 5157 1214 5213 internus.
1253 5148 1321 5213 Et
1343 5151 1402 5212 in
1427 5150 1540 5214 hac
1572 5151 1686 5213 vita
1701 5151 1791 5212 vir
1821 5150 2055 5228 linguo-

413 5258 518 5303 sus
551 5259 667 5302 non
691 5240 980 5317 dirigetur
1009 5259 1199 5322 usque
1222 5241 1282 5303 in
1311 5240 1710 5304 tinem.Nemo
1735 5240 1894 5316 enim
1921 5258 2060 5300 con-

416 5327 706 5391 tentiosus
720 5337 780 5390 et
800 5329 1256 5412 maledicus,qui
1273 5330 1332 5392 in
1359 5339 1597 5392 terreno
1624 5329 1906 5410 quopiam
1927 5347 2057 5408 pro-

413 5421 604 5499 posito
627 5419 1228 5498 versetur,dirigitur:
1254 5438 1325 5484 ex
1349 5439 1420 5484 eo
1441 5439 1696 5501 namque
1725 5420 1880 5502 quod
1906 5438 2055 5479 con-

412 5507 705 5569 tentiosus
725 5507 803 5568 sit
825 5509 1196 5587 pervertitur.
1225 5513 1368 5574 Cum
1391 5510 1550 5572 enim
1571 5510 1913 5590 hujusmodi
1942 5510 2048 5569 ho-

413 5595 608 5660 mines
632 5597 890 5678 peccatis
913 5597 1098 5660 dediti
1129 5599 1391 5680 sint,qua
1414 5601 1643 5661 ratione
1665 5618 1700 5660 a
1733 5598 1945 5658 virtute
1967 5599 2053 5656 di-

405 5685 672 5768 rigantur
691 5684 722 5746 ?
775 5685 988 5750 Virum
1015 5687 1316 5766 iniustum
1341 5687 1504 5751 mata
1525 5690 1765 5769 capient
1796 5689 1865 5749 in
1893 5687 2048 5750 inte-

2140 4614 2326 4681 ϐαλεῖς
2375 4616 2561 4675 αὖτοὺς
2614 4617 2670 4672 ἐν
2745 4617 3152 4696 ταλαιπωρίαις,
3231 4619 3318 4673 καὶ
3389 4620 3444 4674 οὗ
3497 4619 3572 4694 μή
3634 4621 3790 4676 ὑπο-

2142 4709 2328 4768 στῶσι.
2384 4712 2797 4785 Περιπεσοῦνται
2866 4719 3191 4786 συμφοραῖς,
3241 4708 3328 4762 καὶ
3379 4708 3439 4763 οὗ
3496 4709 3786 4785 περιέσον-

2139 4817 2224 4850 ται
2279 4795 2501 4857 τούτων.
2564 4805 2738 4855 Ταῦτα
2787 4793 2838 4851 δὲ
2903 4793 3178 4870 συμϐαίνει
3237 4802 3313 4869 τῷ
3374 4795 3544 4852 Σαοὺλ
3589 4798 3642 4853 ἐν
3699 4806 3791 4873 τῷ

2140 4885 2275 4942 κατὰ
2331 4887 2452 4949 τοὺς
2513 4884 2840 4965 ἀλλοφύλους
2896 4884 3132 4960 πολέμῳ.
3191 4884 3343 4942 Ἐκεῖ
3399 4886 3497 4964 γὰρ
3555 4888 3788 4966 σφαγεὶς

2139 4971 2350 5039 ὶδέξατο
2379 4977 2441 5031 τὸ
2472 4983 2564 5033 τοῦ
2593 4977 2705 5050 βίου
2732 4974 2908 5040 τέλος.

2221 5061 2386 5139 Ἀνὴρ
2444 5061 2772 5142 γλωσσώδης
2853 5064 2912 5119 οῦ
2986 5063 3458 5132 κατευθυνθήσεται
3533 5064 3616 5119 ἐπὶ
3679 5073 3790 5134 τῆς

2141 5151 2265 5229 γῆς.
2315 5151 2626 5234 Ἐκδέχεται
2686 5154 2783 5228 μὲν
2843 5153 2964 5215 τοὺς
3009 5150 3216 5217 ἀσεϐιῖς
3273 5153 3335 5209 τὸ
3389 5154 3598 5210 αἰώνιον
3650 5164 3788 5225 πῦρ,

2141 5240 2244 5304 Καὶ
2287 5241 2342 5297 ὲν
2375 5243 2543 5316 τούτῳ
2586 5241 2640 5298 δὲ
2669 5248 2748 5316 τῷ
2794 5244 2892 5319 βίῳ
2935 5244 3006 5305 εἰς
3047 5240 3201 5304 τέλος
3242 5242 3302 5298 οὐ
3359 5245 3786 5311 κατευθυνθήσεο

2139 5353 2226 5388 ται
2256 5329 2588 5408 γλοσσώδης.
2625 5330 2801 5396 Οὐδεὶς
2834 5332 2933 5408 γὰρ
2974 5332 3219 5411 μάχιμὸς
3268 5351 3325 5385 τε
3369 5331 3452 5386 καὶ
3513 5329 3789 5410 λοίδορος,

2140 5420 2196 5487 ὅς
2251 5421 2392 5476 ἐστιν
2434 5419 2489 5475 έν
2534 5426 2599 5496 τῇ
2643 5419 2828 5497 γεώδει
2887 5419 3212 5498 προαιρέσει,
3247 5419 3638 5491 κατευθύνεται,
3673 5423 3787 5479 ὑπὸ

2137 5521 2230 5569 τοῦ
2287 5511 2533 5590 μάχιμος
2593 5511 2736 5566 εἶναι
2793 5508 3233 5588 στρεϐλούμενος,
3293 5505 3788 5586 Φιλαμαρτήμονες

2135 5600 2236 5679 γὰρ
2285 5600 2431 5664 ὄντες
2473 5601 2520 5657 οἱ
2582 5603 2834 5676 τοιοῦτοι,
2880 5601 2994 5665 πῶς
3037 5599 3128 5656 ὑπ’
3187 5598 3381 5676 ἀρετῆς
3432 5600 3786 5658 κατευθύνον-

2135 5708 2271 5770 ται;
2331 5687 2539 5768 ’Ἄνδρα
2599 5689 2782 5751 ἄδικον
2837 5691 2978 5749 κακὰ
3021 5689 3269 5767 θηρεύσει
3329 5687 3405 5750 εἰς
3437 5684 3777 5769 διαφθοράν,
