4062 6216
457 359 575 426 539

1247 367 1309 430 S.
1354 368 1778 433 ATHANASII
1819 366 1986 430 OPP.
2033 365 2246 433 PARS.
2294 372 2405 438 III.
2453 407 2529 424 ι-
2575 381 3032 446 EXEGETICA.

3702 391 3822 456 540

457 493 768 598 licitudine
816 499 1222 580 pertransibo,
1257 520 1392 564 cum
1452 502 1568 583 ipsi
1631 507 1975 581 peccatores
2033 497 2124 561 in.

2225 505 2334 579 ότε,
2396 514 2548 610 queri,
2592 516 3001 610 ⁸παρελεύσομαι
3062 519 3276 599 ἀφόϐως
3336 523 3421 578 καὶ
3497 523 3822 610 ἀμερίμνως,

463 605 572 647 sua
598 587 756 651 retia
806 589 1149 654 inciderint.
1185 593 1308 672 Ego
1361 610 1500 654 vero
1530 590 1606 654 ab
1652 592 1722 653 iis
1771 597 2111 671 segregatus

457 676 689 755 degam,
726 677 918 742 donec
949 682 1080 742 vitae
1111 681 1290 744 ﬁnem
1325 700 1644 764 accepero.

545 863 603 920 t.
642 859 982 925 Intellectus
1010 864 1228 939 David,
1262 883 1399 927 cum
1440 873 1588 928 esset
1621 865 1689 927 in
1713 861 2020 945 spelunca,

1045 965 1262 1022 oratio.
1299 959 1514 1023 CXLI.

1043 1054 1087 1113 Α
1100 1059 1512 1130 rgumentum.

465 1144 668 1207 Oratio
700 1153 763 1208 et
813 1145 962 1208 nihil
1011 1146 1169 1208 aliud
1215 1155 1352 1209 sunt
1396 1148 1624 1212 isthaec.
1661 1148 1881 1210 Verum
1934 1141 2117 1206 intel-

549 1235 706 1297 lectu
739 1253 888 1317 opus
922 1235 1181 1308 habent;
1208 1246 1270 1298 ut
1301 1236 1641 1300 ediscamus
1672 1256 1779 1299 nos
1799 1255 1912 1317 quo
1947 1243 2120 1317 pacto

546 1325 706 1386 inter
760 1331 948 1388 varias
999 1332 1370 1408 occasiones,
1407 1331 1558 1390 mala
1609 1327 1870 1406 effugere
1909 1323 2108 1386 valea-

551 1435 704 1478 IDUS.

543 1506 679 1569 2-3.
717 1504 864 1569 Voce
884 1525 1022 1570 mea
1043 1508 1122 1570 ad
1155 1508 1486 1571 Dominum
1517 1507 1948 1576 clamavi,voce
1977 1521 2114 1566 mea

465 1597 548 1657 ad
568 1597 894 1658 Dominum
907 1599 1267 1678 deprecatus
1279 1597 1780 1677 sum.E/Tundam
1795 1599 1858 1658 in
1871 1610 2115 1673 conspe-

469 1694 566 1746 ctu
589 1688 718 1761 eius
762 1685 1100 1750 orationem
1133 1706 1347 1752 meam.
1380 1687 1590 1749 Totam
1625 1698 1886 1747 mentem
1919 1701 2111 1756 suam,

464 1774 682 1855 inquit,
703 1776 954 1838 Domino
977 1776 1212 1842 dicavit.
1253 1777 1730 1842 Tribulationem
1766 1793 1958 1838 meam
1975 1778 2118 1836 ante

467 1871 664 1942 ipsum
698 1867 1126 1945 pronuntiabo.
1165 1869 1228 1930 In
1261 1867 1588 1940 curriculo,
1623 1865 1835 1945 inquit,
1855 1883 1959 1944 pro
1990 1863 2118 1942 ipsa

467 1954 664 2016 anima
710 1965 1091 2036 concertans,
1141 1955 1608 2037 supplicationes
1661 1955 1867 2033 oil‘cro,
1901 1969 2119 2032 rogans

2192 595 2317 693 δταν
2360 605 2501 659 αὐτο)
2563 606 2608 662 οἷ
2665 607 3007 686 ἁμααρτωλοὶ
3065 623 3182 676 τοῖς
3231 612 3447 668 ’ἑαυτῶν
3504 595 3821 693 περιπέσωσί

2191 682 2442 780 ἓικτύοις.
2507 697 2628 772 Εγὼ
2692 695 2746 752 δὲ
2817 699 3020 755 τούτων
3067 701 3483 780 κεχωρισμένως
3541 682 3822 764 δίατελὲσω

2190 773 2290 842 ἕως
2322 777 2384 834 ἂν
2414 777 2640 858 δέξωμαι
2671 794 2764 844 τοῦ
2793 788 2906 863 βίου
2930 791 2988 845 τὸ
3013 773 3198 868 πέραξ.

2341 870 2610 938 Συνὲσεως
2747 876 2934 949 Δαυ“ιδ,
2970 879 3025 934 ἐν
3055 885 3131 952 τῷ
3164 883 3304 936 εἶναι
3337 880 3495 938 αὐτὸν
3527 882 3580 939 ἐν
3614 885 3690 958 τῷ

2597 964 2865 1047 σπηλαίῳ,
2898 969 3201 1048 προσευχή.
3255 970 3432 1033 ΡΜΑ’.

2201 1100 2203 1102 -
2866 1055 3166 1122 ἰ’πόθεσις.

2200 1141 2485 1230 Προσευχὴ
2533 1143 2629 1216 μὲν
2663 1142 2771 1201 ἔστι
2802 1148 2888 1203 καὶ
2918 1145 3062 1203 οὒδέν
3115 1147 3292 1227 ἕτερον
3357 1151 3423 1209 τὰ
3491 1151 3826 1230 προκείμενα,

2287 1228 2431 1297 [Ιλῆν
2465 1231 2602 1289 ἀλλὰ
2643 1232 2816 1292 δεῖται
2847 1237 3131 1303 συνέσεως⁶
3162 1237 3308 1305 ὅπως
3341 1238 3404 1294 ἂν
3434 1228 3604 1316 ἡμεῖς
3647 1243 3829 1314 μάθω-

2275 1341 2372 1411 μεν
2420 1323 2518 1378 τίνι
2577 1326 2758 1403 τρόπῳ
2816 1325 2872 1382 ἐν
2930 1328 3301 1407 περιστάσεσιν
3361 1328 3510 1394 ὄντες
3563 1330 3830 1411 διαφυγεῖν

2277 1408 2582 1488 δυνηθῶμεν
2625 1416 2692 1470 τὰ
2725 1418 2956 1497 πονηρὰ.

2276 1507 2438 1590 Φωνῇ
2517 1525 2618 1578 μοι)
2713 1507 2844 1583 πρὸς
2933 1507 3118 1581 Κύριον
3176 1506 3451 1579 ἒκέκραξα’
3515 1513 3669 1590 φωνῇ
3738 1535 3833 1585 μου

2198 1590 2327 1663 πρὸς
2386 1587 2580 1669 Κύριον
2640 1592 2886 1665 ἐδεήθην.
2957 1593 3173 1676 Ἐκχεῶ
3242 1597 3467 1654 ἐνώπιον
3531 1587 3694 1657 αὺτοῦ
3739 1601 3832 1668 τὴν

2199 1677 2377 1747 δέησίν
2445 1705 2568 1756 μου.
2601 1682 2791 1752 ’Ὅλην
2824 1685 3004 1765 ὥσπερ
3057 1690 3157 1755 τὴν
3207 1686 3439 1744 δίανοιαν
3489 1688 3651 1745 αὐτοῦ
3707 1690 3834 1746 ἀνα-

2200 1769 2396 1826 τέθεικε
2452 1777 2601 1850 φησὶ,
2658 1781 2734 1848 τῷ
2791 1785 2984 1848 Κυρίῳ.
3051 1781 3159 1843 Τῆν
3210 1776 3392 1852 θλιψιν
3449 1800 3556 1851 μου
3615 1776 3834 1836 ἐνώπιον

2200 1858 2358 1916 αὐτοῦ
2406 1860 2719 1939 ἀπαγγελῶ.
2771 1865 2872 1922 Τὸν
2902 1866 3019 1942 περὶ
3048 1865 3238 1942 αὕτης,
3290 1867 3442 1944 φησὶ,
3505 1871 3604 1931 τῆς
3662 1871 3836 1946 ψυχῆς

2202 1949 2591 2025 ἀγωνιζόμενος
2671 1950 2887 2029 δρόμον,
2954 1955 3048 2016 τὰς
3143 1951 3352 2023 δεήσεις
3405 1954 3677 2034 ἀναφέρω,
3749 1957 3836 2018 τὰς

468 2043 882 2106 tribulationes
916 2019 1124 2110 minui.
1159 2019 1320 2108 Nosti
1356 2051 1558 2125 utique
1595 2063 1688 2106 me
1720 2020 1936 2123 injuria
1973 2019 2115 2122 per-

2222 2037 2404 2112 ιλίψεις
2461 2037 2724 2100 διαδοῦναι
2796 2045 3114 2122 εὐχομενος.
3149 2043 3246 2106 ἰὶς
3278 2047 3340 2103 οὐ
3392 2040 3611 2107 δικαίως
3644 2043 3833 2101 διώκο-

468 2133 834 2195 secutionem
871 2136 1014 2215 pati.
1662 2203 1667 2208 _

553 2224 589 2283 4
605 2273 617 2284 .
633 2222 710 2284 In
730 2223 1058 2304 deﬁniendo
1077 2243 1153 2288 ex
1174 2243 1267 2287 me
1285 2224 1574 2305 spiritum
1594 2241 1815 2286 meum.
1847 2219 2113 2294 Haec,ait,

472 2313 784 2388 faciebam,
822 2317 1117 2378 malorum
1156 2317 1531 2379 vehementia
1581 2324 1935 2395 conspecta;
1982 2331 2118 2374 nam

472 2421 654 2483 prope
675 2413 925 2466 mortem
955 2405 1144 2486 ipsam
1165 2406 1468 2468 versabar.
1495 2406 1569 2468 Et
1588 2413 1651 2468 tu
1673 2405 2017 2483 cognovisti
2033 2421 2122 2464 se-

469 2495 652 2555 mitas
674 2511 856 2557 meas.
887 2493 1022 2558 Hazc
1049 2495 1262 2557 verba:
1303 2496 1375 2557 Et
1414 2503 1478 2557 tu
1526 2495 1860 2574 cognovisti
1878 2494 2123 2555 semitas

472 2601 660 2663 meas,
693 2592 830 2645 sunt
851 2584 1095 2645 ﬁdentis
1125 2578 1192 2646 in.
1220 2585 1352 2646 vitae
1383 2603 1564 2645 cursu
1595 2593 1652 2646 et
1701 2583 1763 2644 in
1813 2583 2133 2663 operibus..

473 2672 615 2736 Cum
642 2673 868 2735 videret
893 2683 1090 2736 autem
1123 2672 1464 2753 spirituales
1497 2674 1698 2735 hostes
1731 2685 2010 2734 curantes
2033 2669 2122 2730 in-

479 2762 713 2825 troduci
759 2763 996 2826 Saulem
1057 2763 1116 2824 in
1172 2763 1544 2842 speluncam,
1578 2761 1816 2824 Davidis
1845 2757 2123 2840 capiendi

472 2871 673 2928 causa,
693 2854 833 2934 jure
858 2851 1101 2914 dicebat
1127 2872 1140 2912 ε
1164 2851 1622 2914 Absconderunt
1641 2850 1923 2931 laqueum
1947 2847 2120 2919 mihi,

473 2962 650 3024 quem
691 2960 958 3023 praesens
989 2942 1176 3004 oratio
1211 2938 1706 3022 dissipavit.Nam
1741 2937 1899 3020 quod
1932 2937 2118 2999 homi«

476 3050 581 3094 nes
603 3030 939 3111 spectabat,
959 3030 1430 3112 comprehensus
1460 3030 1763 3110 spelunca,
1799 3027 1963 3088 omni
1981 3026 2126 3089 etfu-

473 3122 677 3200 giendi
707 3122 796 3182 via
825 3121 1183 3184 interclusus
1214 3129 1362 3202 erat,
1397 3139 1506 3182 nec
1537 3128 1662 3182 erat
1690 3118 1792 3200 qui
1843 3117 2127 3179 liberaret

479 3230 642 3285 eum,
678 3230 788 3275 nec
821 3213 923 3293 qui
957 3211 1293 3288 requireret
1325 3211 1580 3272 animam
1606 3209 1759 3290 ejus.

553 3302 612 3364 5.
645 3301 717 3363 In
743 3303 844 3364 υεα
870 3303 985 3364 hac
1017 3320 1136 3382 qua
1169 3300 1553 3364 ambulabnm
1579 3298 2020 3361 absconderant
2037 3296 2186 3358 ιιι-Ο

475 3409 696 3472 queum
717 3391 889 3452 mihi.
933 3389 994 3453 Si
1027 3391 1159 3471 quis
1186 3391 1483 3469 speluncae
1509 3389 1700 3450 locum
1763 3386 2125 3466 consideret,

476 3481 602 3542 haec
632 3488 1032 3558 congruenter
1053 3479 1210 3540 dicta
1234 3479 1416 3540 fuisse
1445 3478 1707 3558 reperiet
1775 3477 2131 3540 Considera-

474 3573 611 3632 bam
640 3570 718 3631 ad
745 3571 1059 3632 dexteram
1091 3578 1145 3631 et
1179 3567 1480 3640 videbam,
1518 3575 1708 3630 etnon
1736 3573 1870 3628 erat
1901 3567 2002 3644 qui
2034 3582 2127 3626 co-

477 3666 790 3739 gnosceret
806 3657 1327 3740 me.Apponebant
1352 3657 1628 3719 virtutem
1645 3655 2132 3718 colentiboscon-

479 3749 756 3829 gruentia
790 3750 1026 3810 malitias
1077 3748 1578 3820 machinamenta,
1612 3745 1887 3807 videlicet
1936 3744 1988 3805 ei
2029 3744 2129 3824 qui

481 3859 615 3902 cum
651 3840 944 3919 sapientia
1000 3836 1378 3914 ambulabat;
1423 3835 1873 3899 abscondebant
1899 3853 2004 3914 pro
2040 3835 2129 3894 la-

480 3946 658 4009 queo,
695 3927 1045 4006 sapientiam
1077 3944 1210 4002 quaa
1241 3925 1572 3988 secundum
1623 3925 1808 3986 Deum
1842 3943 1958 3985 non
1996 3931 2084 3983 est
2113 3937 2129 3992 ;

479 4018 776 4100 quazrenti
810 4015 1211 4093 cognitionem
1245 4014 1626 4094 apponebant
1658 4030 1787 4074 eam
1827 4031 1960 4092 quae
1987 4012 2130 4075 falso

481 4108 559 4167 ita
589 4114 852 4166 vocatur.
887 4102 1011 4165 Hoc
1046 4122 1221 4184 porro
1254 4104 1480 4166 dictum
1508 4103 1766 4183 aliquam
1801 4100 2130 4162 habetcum

477 4196 576 4256 illo
607 4194 983 4274 afﬁnitatem,
1017 4192 1214 4255 Juxta
1246 4193 1756 4272 iterscandatum
1789 4197 2126 4268 posuerunt

459 4287 656 4348 .mihi.
688 4282 944 4345 Possunt
994 4291 1192 4344 autem
1245 4281 1341 4342 hic
1393 4281 1592 4361 laquei
1623 4298 1730 4361 per
1763 4278 2132 4359 hyperbolen

481 4375 812 4447 declarari;
841 4374 900 4433 in
931 4391 1084 4453 quos
1108 4370 1337 4432 scilicet
1367 4369 1576 4431 incidit
1605 4371 1705 4450 qui
1738 4385 1854 4430 non
1885 4368 2001 4429 sibi
2031 4388 2130 4431 ca-

475 4474 593 4545 vet,
626 4465 700 4526 de
727 4463 945 4544 quibus
973 4461 1118 4524 dicit
1153 4482 1166 4524 :
1207 4459 1674 4523 Considerabam
1704 4459 1782 4520 ad
1813 4458 2132 4523 dexteram

478 4567 638 4615 sunt.
1553 4585 1557 4590 '

479 4648 673 4710 Periit
694 4646 844 4725 fuga
887 4663 920 4706 α
954 4662 1069 4714 me,
1093 4651 1146 4707 et
1177 4661 1298 4707 non
1351 4652 1441 4706 est
1498 4643 1605 4723 qui
1651 4645 1931 4723 requirat
1982 4648 2125 4707 ani-
2153 4656 2192 4706 D

479 4755 642 4799 mam
674 4754 890 4798 meam.
925 4733 1098 4796 Nulla
1128 4735 1346 4815 quippe
1379 4742 1690 4811 supererat
1721 4732 1987 4811 fugiendi
2040 4742 2131 4797 via

478 4827 540 4887 in
608 4825 916 4906 spelunca.
954 4841 1089 4886 cum
1150 4833 1290 4885 ante
1351 4823 1567 4884 ostium
1625 4821 2046 4886 obsiderentur
2098 4844 2132 4887 a

478 4915 675 4978 Saule.
714 4915 926 4994 Nemo,
963 4913 1064 4992 ait,
1101 4912 1316 4974 anima:
1350 4931 1496 4973 mete
1523 4915 1776 4973 salutem
1810 4913 2046 4992 quaerit.

559 5099 618 5162 6.
655 5097 940 5159 Ctamavi
965 5095 1041 5158 ad
1064 5096 1506 5169 te,Domine.ln
1529 5094 1723 5173 ipsum
1748 5093 1906 5154 enim
1938 5093 2132 5156 solum

480 5207 648 5270 spem
680 5185 888 5247 salutis
921 5203 1216 5264 reponere
1258 5185 1564 5246 convenit.

563 5284 623 5338 8.
663 5275 833 5338 Educ
862 5273 1226 5337 det-ustodta
1275 5275 1551 5336 animam
1611 5290 1834 5335 meum.
1872 5272 2007 5334 Haec
2054 5273 2136 5334 ait

487 5365 654 5447 quasi
671 5366 741 5426 ad
769 5363 1110 5444 speluncam
1134 5361 1887 5443 respiciens.Symmachus
1906 5369 2126 5425 autem:

488 5456 656 5517 Educ
703 5473 737 5514 a
770 5452 1154 5514 conclusione
1215 5455 1490 5515 animam
1533 5467 1749 5513 meam.
1785 5450 1879 5511 Ad
1936 5452 2130 5530 conﬁ-

482 5545 731 5606 tendum
763 5544 998 5604 nomint
1024 5550 1147 5604 tuo.
1177 5542 1426 5616 Quando
1456 5539 1763 5620 ine,ait,ab
1789 5538 2131 5618 hujusmodi

483 5651 754 5692 aerumna
786 5639 842 5690 et
902 5650 934 5691 ιι
994 5633 1261 5692 custodia
1324 5629 1610 5699 liberasti,
1651 5627 1750 5688 tibi
1813 5626 2131 5704 gratiarum

479 5722 731 5785 actionis
753 5721 978 5782 cantica
1001 5721 1350 5802 rependam.
1365 5720 1453 5781 .tle
1474 5725 1832 5788 exspectant
1846 5717 2005 5795 justi
2025 5720 2135 5780 d0-

2202 2149 2317 2201 μαι,
2345 2127 2644 2203 ἐπίστασαι,
2685 2131 2866 2210 φησίν,

2283 2217 2372 2274 Ἐν
2427 2224 2503 2292 τῷ
2561 2218 2822 2276 ἐκλείπειν
2879 2220 2931 2286 ἐξ
2984 2221 3114 2285 ἐμοῦ
3162 2223 3221 2278 τὸ
3253 2222 3461 2296 πνεῦμά
3507 2244 3641 2298 μου.
3675 2229 3839 2282 Ταῦτα

2201 2308 2252 2366 δὲ
2291 2308 2476 2388 ἔδρων,
2511 2311 2610 2378 τὴν
2639 2311 2937 2392 ὑηερϐολὴν
2981 2315 3247 2390 θεώμενος
3297 2321 3404 2370 τῶν
3457 2321 3663 2372 κακῶν
3725 2307 3840 2392 παρ’

2203 2401 2362 2456 αὐτὸν
2417 2402 2516 2477 γὰρ
2571 2401 2912 2477 ἑσκηνούμην
2973 2406 3064 2459 τὸν
3111 2405 3360 2466 θάνατον,
3425 2406 3525 2462 Καὶ
3566 2406 3634 2462 σὰ
3690 2403 3842 2481 ἔγνως

2203 2491 2297 2554 τὰς
2392 2489 2595 2568 τρίϐους
2668 2514 2795 2566 μου,
2851 2493 3162 2572 θαρροῦντος
3221 2499 3288 2570 τῇ
3332 2501 3426 2550 τοῦ
3486 2495 3604 2570 βίου
3668 2495 3838 2573 πορείᾳ

2204 2581 2292 2635 καὶ
2349 2594 2471 2644 ταῖς
2533 2580 2747 2659 πράξεσι
2808 2583 2892 2662 τὰ,
2954 2585 3026 2639 Σὺ
3085 2583 3251 2660 ἔγνως
3309 2585 3401 2650 τὰς
3456 2582 3665 2663 τρίϐους
3726 2605 3839 2658 μου.

2209 2668 2374 2748 Ὀρῶν
2397 2668 2451 2725 δὲ
2482 2671 2602 2734 τοῖος
2635 2675 2864 2738 νοητοὺς
2897 2674 2996 2740 τῆς
3032 2677 3224 2754 ψυχῆς
3255 2673 3478 2754 ἐχθροὺς
3511 2672 3841 2752 παρασκευά-

2207 2781 2402 2821 σαντας
2457 2760 2721 2818 εἰσελθεῖν
2769 2765 2863 2819 τὸν
2921 2763 3096 2820 Σαοὺλ
3163 2767 3236 2828 εἰς
3285 2766 3347 2819 τὸ
3396 2764 3668 2832 σπήλαιον
3723 2763 3840 2839 ὗπὶρ

2209 2856 2298 2906 τοῦ
2342 2848 2706 2931 συλληφθῆναι
2736 2853 2828 2909 τὸν
2873 2851 3064 2933 Δαοῖδ,
3098 2854 3318 2917 εἰκότως
3341 2852 3582 2930 ἐλέγετο·
3645 2850 3843 2930 "Expu-

2209 2942 2315 3013 ψαν
2365 2938 2559 3016 παγίδα
2625 2964 2741 3016 μοι,
2802 2941 2868 3011 ἢν
2927 2944 2960 3010 ἡ
3021 2943 3260 3021 παροῦσα
3311 2943 3629 3021 κατήργησε
3679 2961 3838 3018 προσ-

2210 3029 2373 3108 ευχή.
2408 3030 2476 3088 Τὸ
2513 3031 2613 3108 γὰρ
2642 3028 2727 3088 ἐπ’
2752 3031 3069 3112 ἀνθρώποις,
3101 3031 3417 3110 συλληφθεὶς
3449 3030 3506 3086 ἐν
3571 3039 3648 3105 τῷ
3703 3053 3838 3096 σπη-

2209 3116 2365 3191 λαίῳ,
2428 3117 2661 3196 δρασμοῦ
2718 3124 2916 3183 παντὸς
2981 3121 3387 3198 ἂποκέκλειστο,
3448 3122 3538 3178 καὶ
3583 3121 3676 3178 οὐκ
3720 3118 3843 3186 ἧνὸ

2208 3208 2485 3286 ῥυόμενος,
2522 3211 2558 3279 ἢ
2608 3211 2846 3282 ἐκζητῶν
2877 3214 3038 3270 αὖτοῦ
3067 3212 3165 3280 τὴν
3199 3211 3409 3291 ψυχάν.

2290 3299 2381 3357 Ἐν
2437 3299 2543 3374 ὃδῷ
2587 3303 2754 3378 ταύτῃ
2821 3306 2857 3379 ᾗ
2943 3302 3281 3380 ἐπορευόμην
3355 3303 3591 3382 ἔκρυψαν
3666 3297 3844 3377 παγίδα

2211 3413 2326 3465 μοι.
2375 3389 2437 3446 Εἴ
2471 3413 2550 3455 τις
2584 3393 2675 3447 τὸν
2698 3391 2754 3447 ἐν
2778 3399 2854 3467 τῷ
2883 3390 3134 3464 σπηλαίῳ
3182 3391 3461 3471 λογίσηται
3505 3392 3694 3469 τόπον,
3763 3389 3843 3444 εί)-

2211 3481 2360 3558 ρήσει
2409 3479 2788 3557 προσηκόντως
2835 3483 2899 3538 τὰ
2971 3482 3248 3559 εἰρημένα.
3309 3481 3608 3540 Κατενόουν
3664 3482 3735 3544 εἰς
3786 3477 3845 3534 τὰ

2210 3568 2349 3634 δεξιὰ
2424 3573 2510 3626 καὶ
2585 3569 2902 3650 ἐπέϐλεπον,
2954 3576 3041 3628 καὶ
3113 3575 3208 3631 οὐκ
3262 3575 3328 3640 ἦν
3388 3574 3415 3628 ὁ
3487 3571 3844 3650 ἐπιγινώσκων

2213 3679 2302 3733 με,
2354 3660 2724 3736 [Ιαρατιθὲντες
2759 3663 2847 3722 τὰς
2895 3661 3212 3742 ἀγχιθύρους
3260 3662 3446 3726 κακίας
3480 3675 3602 3726 τοῖς
3661 3660 3843 3716 ἀσκου-

2214 3749 2392 3821 μένοις
2425 3749 2668 3825 ἀρεταῖς.
2703 3750 2837 3806 Οἶον
2897 3749 3124 3807 ὁδεύοντι
3181 3750 3267 3806 ἐπὶ
3314 3751 3524 3829 σοφίαν,
3601 3750 3842 3825 ἔκρυπτον

2213 3835 2432 3915 παγίδα,
2481 3840 2668 3916 σοφίαν
2701 3841 2762 3895 οὗ
2806 3849 2962 3899 Θεοῦ’
2997 3842 3086 3896 καὶ
3129 3842 3375 3911 ζητοῦντι
3438 3843 3658 3918 γνῶσιν,
3715 3856 3844 3914 παρ·

2214 3927 2448 3983 ετίθεσαν
2506 3928 2601 3993 τὴν
2663 3927 3026 4003 ψευδώνυμον.
3091 3927 3350 4009 ’Ἐχειδὲ
3409 3953 3529 3986 τινα
3561 3929 3842 4003 ὁμοιότητα

2213 4019 2274 4071 τὸ
2352 4017 2512 4092 ῥητὸν
2611 4019 2741 4094 πρὸς
2829 4021 2914 4087 τὸ,
2997 4017 3276 4099 Ἐχόμενα
3330 4017 3532 4098 τρίϐου,
3596 4013 3848 4074 σκάνδαλα

2215 4106 2390 4161 ἕθεντό
2417 4114 2529 4176 μόι.
2591 4108 2847 4163 Δύνανται
2887 4105 2942 4163 δὲ
2990 4110 3075 4164 καὶ
3128 4111 3176 4164 αἱ
3235 4105 3524 4187 ὑπερϐολαὶ
3581 4105 3846 4173 δηλοῦσθαι

2216 4193 2454 4273 παγίδες,
2513 4197 2586 4259 εἷς
2631 4195 2693 4260 ἂς
2738 4197 2990 4270 ἐμπίπτει
3044 4200 3072 4253 ὁ
3127 4199 3204 4274 μή
3274 4197 3692 4278 φυλαττόμενος,
3739 4191 3848 4270 περὶ

2215 4283 2289 4340 ὧν
2321 4283 2488 4362 λέγει·
2557 4286 2852 4343 Κατενόουν
2914 4289 2987 4351 εἰς
3039 4289 3106 4344 τὰ
3161 4286 3322 4354 δεξιά.
3385 4297 3516 4350 Τοτς
3569 4289 3669 4366 γὰρ
3711 4281 3848 4364 φθο⁶

2213 4375 2512 4454 τιμοτέροις
2546 4377 2617 4440 είς
2652 4375 2792 4442 δεξιὰ
2828 4378 3066 4454 παγίδες.

2207 4451 2727 4527 Ambitiosioribus
2787 4451 2946 4527 enim
2983 4466 3058 4528 ad
3089 4465 3395 4529 dexteram
3452 4464 3654 4547 laquei
3691 4451 3852 4545 positi

2294 4649 2574 4707 Ἀπώλετο
2633 4653 2774 4730 φυγή
2831 4652 2923 4708 ἀπ’
2969 4656 3123 4728 ἐμοῦ,
3188 4654 3275 4708 καὶ
3331 4655 3425 4710 οὔκ
3477 4651 3621 4708 ἔστιν
3673 4651 3699 4704 ί»
3754 4647 3841 4703 ἔκ-

2213 4746 2386 4811 ζητῶν
2444 4741 2538 4808 τήν
2597 4743 2782 4820 ψυχήν
2831 4765 2955 4815 μου.
3032 4744 3105 4800 Οὖ
3161 4743 3259 4821 γὰρ
3329 4742 3396 4810 ἦν
3459 4737 3848 4816 ἀποδιδράσκειν

2215 4831 2274 4885 ἐκ
2302 4837 2394 4886 τοῦ
2425 4829 2687 4897 σπηλαίου
2725 4837 2830 4887 τῶν
2861 4832 3155 4911 ἔμπροσθεν
3201 4833 3584 4912 κατεχομένων
3637 4830 3734 4885 ὑπὸ
3761 4830 3844 4883 τοῦ

2218 4918 2412 4975 Σαοὺλ.
2451 4917 2654 4992 Οὒδεῑς,
2689 4924 2844 5001 φησὶ,
2878 4928 2976 4989 τῆς
3021 4922 3157 4996 ἐμῆς
3221 4927 3403 5002 ψδχῆς
3451 4921 3577 4996 τήν⁸
3603 4915 3850 4986 σωτηρίαν

2216 5009 2491 5079 ἐπιζητεῖ,

2301 5097 2584 5177 Ἐκέκραξα
2613 5102 2742 5176 πρὸς
2803 5098 2882 5176 σὲ,
2962 5102 3135 5176 Κύριε.
3171 5097 3290 5159 Ἐπ’
3345 5101 3484 5157 αὓτῶ
3541 5099 3641 5176 γὰρ
3711 5094 3847 5170 μόνῳ

2215 5185 2385 5245 δεῖται
2418 5191 2512 5254 τὰς
2545 5187 2761 5254 ἐλπίδας
2791 5195 2890 5252 τῆς
2917 5192 3210 5267 σωτηρίας,

2299 5275 2555 5355 »Εξάγαγε
2643 5277 2703 5334 ἐκ
2781 5279 3023 5359 φυλακῆς
3102 5281 3200 5347 τὴν
3255 5281 3442 5360 ψυχήν
3497 5299 3622 5353 μου.
3693 5271 3849 5333 Ταῦτά

2215 5389 2377 5447 φησιν
2407 5369 2480 5427 ὡς
2511 5368 2639 5446 πρὸς
2667 5369 2756 5424 τὸν
2787 5375 2878 5424 τοῦ
2914 5367 3179 5435 σπηλαίου
3227 5374 3416 5429 τόπον.
3483 5367 3541 5426 ’0
3602 5365 3657 5422 δὲ
3714 5365 3848 5438 Σύμ-

2216 5479 2422 5536 μαχος.
2516 5457 2672 5524 "Eia;
2756 5459 2982 5523 ποίησον
3083 5458 3454 5533 ἁποκλεισμοῦ
3522 5457 3623 5524 τήν
3680 5452 3851 5531 ψυχήν

2219 5567 2344 5620 μου.
2445 5552 2550 5604 Τοῦ
2647 5543 3139 5623 ἐξομολογήσασθαι
3241 5553 3318 5620 τῷ
3403 5546 3622 5622 ὀνόματί
3705 5563 3790 5600 σου
3831 5581 3846 5597 .

2223 5633 2492 5708 ’ἰίπειδὲιν,
2575 5637 2700 5714 φησὶ
2774 5635 2968 5700 ταύτης
3024 5657 3089 5709 με
3147 5637 3245 5704 τῆς
3301 5637 3529 5712 θλίψεως
3590 5631 3845 5690 ἀπέλυσας

2225 5727 2309 5781 καὶ
2358 5725 2451 5793 τῆς
2511 5729 2746 5802 εἱρκτῆς,
2807 5727 3247 5807 εὐχαριστηρίους
3307 5726 3611 5802 ἀναπέμψω
3693 5719 3842 5796 ᾧδᾶςο
