4062 6216
383 359 502 425 543

1173 365 1234 430 S.
1280 370 1706 434 ATHANASII
1745 369 1911 433 OPP.
1961 369 2174 432 PARS.
2220 369 2329 432 III.
2383 403 2448 414 --
2497 369 2952 434 EXEGETICA.

3641 369 3770 435 544

387 497 689 578 perderet.
723 499 920 579 Atque
967 498 1058 562 illi
1107 499 1223 581 ipsi
1272 499 1500 566 fuerint
1555 503 1663 566 lilii
1693 501 1896 584 alieni,
1924 500 2013 582 qui

2116 500 2354 581 στόλους,
2385 501 2440 559 ὲν
2476 509 2553 577 τῷ
2597 514 2821 582 συσχεῐν
2851 503 2941 562 καὶ
2990 501 3273 564 ἀπολέσαι.
3348 505 3446 562 Καὶ
3475 503 3619 561 οὗτοι
3650 509 3767 564 εἷεν

384 605 534 649 vana
583 587 950 670 loquuntur:
989 597 1048 651 et
1100 609 1234 670 quae
1291 609 1465 673 vana,
1516 593 1634 655 nisi
1665 612 1801 656 cum
1828 591 2028 656 Chris-

384 684 440 736 to
471 676 788 752 dicerent:
828 678 1028 752 Quare
1057 687 1146 756 tu,
1178 678 1356 744 homo
1395 700 1529 744 cum
1575 685 1683 759 sis,
1717 684 1872 762 facis
1913 680 2028 743 tel-

375 784 553 846 psum
585 767 773 830 Deum
801 766 856 810 93
879 774 907 830 ’ξ

458 856 520 919 9.
560 856 730 927 Deus,
762 861 1072 921 canticum
1101 876 1328 922 nouum
1359 862 1606 924 cantabo
1654 862 1785 925 tibi.
1831 859 2028 924 Evan-

377 946 632 1025 gelicum
666 945 912 1029 scilicet;
951 965 1150 1011 sermo
1181 959 1379 1012 autem
1409 959 1498 1012 est
1525 969 1594 1014 ex
1627 969 1883 1032 persona
1907 950 2024 1013 Da.

377 1034 554 1098 vidis.
586 1035 660 1098 In
687 1037 975 1116 psalterio
1005 1038 1376 1102 decachordo
1402 1040 1668 1120 psallam
1701 1042 1834 1104 tibi.
1857 1040 2026 1104 Psal-

380 1125 594 1188 terium
621 1126 1061 1189 decachordum
1115 1137 1205 1190 est
1252 1147 1495 1212 corpus,
1556 1132 1714 1213 quod
1763 1131 2028 1212 quinque

2109 591 2209 648 υἱοὶ
2237 589 2680 671 ἧλλοτριωμένοι,
2718 595 2765 650 οἱ
2791 593 2881 649 καὶ
2905 593 3106 668 μάταια
3150 589 3459 657 λαλοῦντες.
3496 597 3594 653 Καὶ
3624 609 3761 653 ποῖα

2111 681 2334 761 μάταια,
2369 681 2402 748 i‘,
2433 683 2494 739 τὸ
2551 681 2729 760 λέγειν
2777 687 2856 756 τῷ
2901 689 3131 762 Χριστῷ·
3187 691 3305 748 Πῶς
3350 685 3436 760 σὺ,
3492 684 3768 765 ἄνθρὼπος

2111 770 2209 845 ὢν,
2240 777 2415 837 ποιεῖς
2445 773 2666 828 σεαυτὸν
2714 774 2871 852 Θεόνς

2194 863 2255 919 '0
2286 862 2443 936 Θεὸς,
2475 859 2621 936 ᾠδὴν
2650 864 2842 930 καινὴν
2871 862 3066 938 ᾃσομαί
3097 886 3202 924 σοι.
3237 863 3349 932 Τὴν
3408 862 3774 944 εὺαγγελικὴν

2111 949 2357 1018 δηλονότι
2394 949 2478 1016 Ἐξ
2510 955 2667 1009 αὐτοῦ
2713 949 2768 1006 δὲ
2797 957 2889 1009 τοῦ
2919 951 3208 1030 προσώπου
3251 963 3344 1012 τοῦ
3378 952 3547 1013 Δαυλιδ
3594 955 3623 1010 ὁ
3664 953 3770 1012 λό-

2111 1063 2200 1119 γος
2235 1039 2394 1098 ἐστίν.
2429 1039 2521 1098 Ἐν
2542 1039 2822 1120 ψαλτηρῄρ
2869 1039 3174 1123 δεκαχόρδῳ
3204 1041 3362 1118 ψαλῶ
3389 1065 3498 1105 σοι.
3529 1042 3768 1115 Ψαλτή-

2110 1153 2220 1210 ριον
2277 1127 2602 1210 δεκάχορδον
2633 1132 2695 1186 τὸ
2724 1130 2882 1206 σωμά
2912 1130 3080 1211 ἐστιν,
3115 1131 3208 1188 ἅτε
3229 1191 3240 1200 ,
3265 1133 3423 1190 πέντε
3482 1135 3765 1204 αἰσθήσεις

379 1233 588 1278 sensus
621 1215 816 1292 habet,
852 1227 908 1279 et
934 1217 1202 1300 quinque
1231 1219 1864 1301 animaaoperationes:
1886 1219 2013 1282 sin-

2116 1219 2260 1302 ἕχον³
2291 1221 2378 1276 καὶ
2408 1218 2566 1276 πέντε
2597 1219 2859 1298 ἐνεργείας
2893 1220 3101 1302 ψυχῆς,
3129 1219 3197 1277 δι’
3229 1221 3457 1291 ἑκάστης
3490 1223 3745 1293 αἰσθήσει-

376 1303 533 1382 gulis
564 1305 798 1368 scilicet
817 1308 1096 1370 sensibus
1129 1308 1332 1370 insunt
1357 1309 1602 1390 singulae
1622 1311 2013 1392 operationes.

2116 1331 2177 1374 se;
2208 1309 2526 1388 γιγνομένης
2573 1309 2832 1388 ἐνεργείας
2852 1309 3107 1378 ἑκάστης.

457 1397 557 1469 40,
593 1397 690 1460 l1.
727 1397 848 1472 Qui
869 1398 978 1461 das
1002 1398 1257 1462 salutem
1281 1400 1516 1477 regibus
1547 1403 1794 1463 nostris.
1835 1403 2013 1464 Sanc-

2185 1406 2272 1473 Τῷ
2355 1397 2547 1456 διδόντι
2658 1400 2757 1467 τὴν
2860 1399 3127 1479 σωτηρίαν
3236 1412 3356 1462 τοτς
3448 1399 3766 1478 βασιλεῦσιν

379 1485 452 1546 tis
483 1486 708 1548 scilicet
739 1488 1049 1569 apostolis,
1082 1507 1232 1570 quos
1263 1487 1533 1553 Christus
1583 1489 1884 1572 principes
1914 1508 2013 1552 eo-

2116 1489 2284 1562 ἣμῶν,
2337 1499 2466 1553 Τοῖς
2512 1489 2686 1569 ἁγίοις
2755 1487 3104 1562 ἀποστόλοις,
3151 1491 3241 1553 οὓς
3301 1489 3628 1558 κατέστησεν
3658 1492 3765 1569 ἄρ·-

379 1593 510 1636 rum
533 1575 990 1652 constituit.0ui
1017 1580 1326 1642 redimiin
1352 1579 1556 1642 David
1578 1597 1822 1642 servum
1853 1588 2013 1643 tuum

2116 1601 2306 1658 χοντας
2355 1583 2526 1638 αὐτῶν
2580 1581 2608 1636 ὁ
2666 1579 2913 1656 Χριστός.
2977 1587 3064 1654 Τῷ
3095 1578 3431 1658 λυτρουμένῳ
3465 1580 3636 1639 Δαυ“ιδ
3663 1585 3760 1640 τὸν

375 1666 454 1727 de
482 1665 685 1744 gladio
714 1668 1007 1749 maligno,
1040 1674 1204 1750 eripe
1253 1687 1368 1742 me,
1403 1679 1460 1731 et
1489 1687 1629 1732 erue
1657 1687 1752 1731 me
1782 1670 1856 1732 (le
1886 1687 2013 1732 ma-

2116 1665 2289 1724 Βοῦλνν
2341 1669 2497 1725 αὺτοῦ
2551 1668 2610 1724 ἐκ
2663 1668 2922 1746 ῥομφαίας
3001 1675 3260 1749 πονηρᾶς·
3295 1672 3446 1743 ρῦσαί
3522 1693 3592 1746 με
3666 1674 3761 1729 καὶ

377 1773 462 1817 nu
482 1754 758 1835 ﬁliorum
790 1757 1411 1838 alienorum.Propter
1444 1769 1541 1820 tua
1572 1778 1705 1821 cum
1740 1759 1860 1820 illis
1893 1775 2013 1839 pac-

2116 1756 2280 1824 ἑξέλου
2339 1779 2406 1835 με
2459 1762 2519 1814 εκ
2576 1760 2760 1840 χειρὸς
2819 1760 2945 1815 υἱῶν
3002 1757 3314 1836 ἀλλοτρίων.
3382 1759 3480 1815 Δια
3529 1762 3630 1840 γὰρ
3661 1763 3761 1826 τὰς

375 1851 456 1925 ta,
505 1865 746 1909 omnem
786 1847 972 1910 nostri
1009 1847 1474 1911 sollicitudinem
1518 1867 1714 1929 geras.
1749 1848 2013 1914 Gladium

2116 1850 2240 1914 πρὸς
2290 1848 2518 1912 ἐκείνως
2576 1849 2838 1918 συνθήκας
2891 1855 3066 1904 πᾶσαν
3101 1849 3252 1924 ἡμῶν
3281 1846 3599 1924 κηδεμονίαν
3632 1851 3765 1909 ποί-

374 1951 638 2013 namque
680 1937 1031 2016 malignum,
1067 1938 1423 2000 irruentium
1460 1937 1724 2001 furorem
1761 1948 1818 2000 et
1867 1939 2013 2001 fero-

2116 1959 2265 2004 ησον.
2320 1937 2611 2018 Ῥομφαίαν
2642 1938 2742 2016 γὰρ
2779 1938 3016 2014 πονηρὰν
3058 1944 3165 1995 τῶν
3196 1937 3523 1995 ἐπελθόντων
3553 1942 3614 1996 τὸ
3645 1962 3749 2014 μαο

375 2024 621 2088 citatem
661 2029 906 2089 vocavit.
936 2030 1099 2108 Ipsos
1128 2035 1326 2090 autem
1359 2029 1587 2091 alienos
1615 2039 1802 2104 vocat,
1829 2036 2013 2108 utpote

2116 2029 2254 2084 νικὸν
2294 2029 2382 2085 καὶ
2433 2025 2687 2100 θηριῶδες
2745 2027 2988 2086 ἐκάλέσε⁶
3051 2029 3170 2093 τοὺς
3227 2025 3282 2082 δὲ
3341 2027 3527 2093 αὐτοὺς
3585 2028 3757 2086 ἀλλο-

373 2115 617 2197 impios.

2116 2119 2301 2196 τρίους,
2347 2119 2422 2181 ὡς
2466 2115 2766 2181 δυσσεϐεῖς,

456 2204 548 2266 12.
587 2204 861 2280 Quarum
893 2205 1014 2286 ﬁlii
1043 2207 1200 2270 sicut
1231 2206 1488 2270 novellae
1515 2208 1927 2288 plantationes
1952 2209 2013 2270 in

2190 2201 2277 2264 ’Ξὶν
2321 2209 2368 2264 οἱ
2459 2208 2552 2264 υἱοὶ
2626 2207 2797 2263 αὖτῶν
2849 2208 2920 2272 ὡς
2982 2206 3206 2287 νεόρυτα
3265 2203 3512 2284 ἱδρυμένα
3569 2208 3623 2264 ἐν
3680 2211 3752 2285 τῇ

359 2294 678 2374 juventute
703 2296 997 2375 sua.Ejus
1029 2296 1129 2376 qui
1163 2297 1490 2359 secundum
1525 2315 1762 2358 carnem
1796 2299 1889 2358 est
1917 2315 2013 2377 po-

2116 2297 2314 2364 νεότητι
2361 2299 2561 2357 αὐτῶν.
2614 2298 2717 2355 Τοῦ
2770 2297 2907 2353 κατὰ
2965 2297 3133 2375 σάρκα
3199 2294 3330 2354 λαοῦ
3389 2298 3514 2371 υἱοὶ,
3566 2300 3752 2375 φησὶν,

373 2384 515 2464 puli,
554 2384 770 2465 inquit,
803 2386 1090 2447 ﬂorentes
1120 2393 1280 2461 sunt;
1312 2387 1445 2467 ejus
1465 2393 1662 2448 autem
1687 2385 2013 2466 quisecun-

2116 2386 2343 2450 εὐθαλεῖς
2395 2389 2515 2443 εἱσι·
2579 2392 2669 2442 τοῦ
2730 2384 2784 2442 δὲ
2827 2387 2964 2442 κατᾶ
3013 2392 3219 2462 πνεῦμα
3276 2390 3748 2461 τεταπεινωμένοι.

371 2473 511 2534 dum
533 2473 834 2554 spiritum,
868 2475 1146 2538 humiles.
1201 2475 1271 2536 Hi
1309 2493 1565 2556 namque
1597 2484 1734 2535 sunt
1785 2475 1888 2557 qni
1921 2477 2013 2536 di-

2116 2479 2256 2535 )ὖτοι
2307 2477 2403 2556 γάρ
2462 2478 2591 2533 εἰσιν
2641 2479 2687 2532 οἱ
2743 2475 3012 2554 λέγοντες·
3078 2476 3134 2532 Ei
3191 2477 3278 2532 καὶ
3337 2478 3364 2532 ὁ
3420 2475 3520 2542 ’ἐξω
3591 2478 3748 2552 ἡμῶν

369 2573 535 2626 cunt:
574 2564 836 2640 Etiamsi
857 2569 1131 2628 exterior
1155 2571 1358 2628 noster
1387 2567 1562 2627 homo
1585 2567 2013 2645 corrumpitur,

2116 2565 2370 2645 ἕνθρωπος
2459 2565 2855 2647 διαφθείρεται,
2930 2563 3052 2622 ἄλλ’
3143 2567 3172 2621 ὁ
3242 2565 3348 2621 ἔσω
3432 2566 3760 2628 ἁνακαινοῠ-

371 2652 624 2714 interior
657 2652 1082 2715 renovatur”.
2106 2679 2213 2718 ται.

413 2739 584 2803 Filia:
610 2759 819 2804 eorum
853 2745 1692 2825 compositw,eircumornatce
1709 2751 1773 2804 ut
1805 2744 2013 2806 simili-

2185 2746 2244 2802 Αἰ
2302 2745 2580 2824 θυγατέρες
2659 2749 2830 2804 αὐτῶν
2905 2743 3462 2824 κεκαλλωπισμέναι,
3521 2767 3745 2824 περικε-

367 2831 510 2893 tudo
543 2833 773 2912 templi.
802 2831 887 2894 De
917 2843 1132 2895 ornatu
1170 2833 1436 2894 terrestri
1468 2831 2013 2914 loquitur.Quamo-

2116 2840 2445 2912 ιοσμημέναι
2503 2835 2576 2902 ibi
2631 2835 2876 2911 ὁμοίωμα
2920 2843 3068 2894 ναοῦ.
3127 2842 3211 2908 Τῷ
3267 2835 3483 2912 έπιγείῳ
3541 2837 3755 2911 κόσμῳ,

370 2919 536 2981 hrem
570 2938 688 2982 non
719 2921 1007 3003 templum
1057 2921 1165 2984 Dei
1207 2923 1372 2984 factae
1423 2931 1583 2993 sunt,
1616 2923 1770 2983 sicut
1799 2932 2013 2985 sanctis

2116 2926 2200 2980 Διὸ
2231 2928 2318 2983 καὶ
2367 2927 2426 2981 οὗ
2458 2927 2582 2989 ναὸς
2645 2933 2774 2984 Θεοῦ
2819 2923 3125 3002 γεγόνασιν,
3158 2925 3230 2990 ὠς
3261 2925 3312 2980 αἱ
3348 2923 3496 3002 ἅγιαι
3517 2932 3620 2981 τῶν
3651 2949 3751 2982 πι-

307 3033 309 3037 ί
367 3009 737 3071 credentium
772 3013 1026 3086 animas;
1063 3013 1166 3073 sed
1203 3011 1533 3073 similitudo
1559 3011 1789 3091 templi.
1824 3009 2013 3074 Simu-

2116 3015 2436 3071 ττεδσάντων
2467 3016 2662 3095 ψυχαὶ,
2709 3007 3108 3088 ἀλλ’ὁμοὶωμα
3162 3021 3308 3070 ναοῦ·
3363 3026 3758 3092 προσεποιοῦν-

368 3097 571 3160 labant
626 3104 786 3161 enim
838 3119 904 3163 se
957 3101 1289 3163 secundum
1352 3100 1545 3179 legem
1610 3099 1787 3161 vitam
1821 3119 2013 3180 agere.

2116 3125 2165 3159 το
2223 3105 2323 3183 γὰρ
2379 3105 2476 3173 τὴν
2530 3105 2667 3161 κατὰ
2717 3105 2880 3179 νόμον
2962 3099 3362 3169 ἑπινηδεύοῦσαι
3447 3102 3749 3163 πολιτείαν.

364 3190 451 3284 At
493 3189 556 3284 in
588 3208 652 3252 se
689 3188 947 3252 Verbum
1006 3208 1123 3252 non
1178 3189 1504 3263 habebant,
1537 3189 1643 3251 sed
1697 3189 2013 3271 malignum

2116 3192 2255 3251 Ἀλλ’
2309 3198 2406 3254 οὒκ
2461 3193 2622 3276 ἔσχον
2679 3193 2733 3250 έν
2791 3193 2976 3258 αὖταϊς
3005 3194 3097 3249 τὸν
3145 3191 3343 3274 Λόγον,
3375 3191 3511 3250 ἀλλὰ
3539 3196 3600 3250 τὸ
3630 3216 3740 3252 πο-

364 3279 660 3360 spiritum.

2116 3287 2267 3362 νηρὸν
2295 3284 2503 3359 πνεῦμα
2514 3333 2528 3348 ,

357 3391 362 3396 ·
450 3370 540 3430 13.
554 3371 987 3452 Promptuaria
1000 3389 1211 3434 eorum
1229 3370 1796 3452 plena,eructantia
1817 3369 2010 3433 exhoc

2172 3376 2248 3432 Τὰ
2278 3387 2501 3449 ταμιετα
2534 3375 2707 3432 αὐτῶν
2735 3375 2918 3454 πλήρη
2950 3372 3329 3454 ἐξερευγόμενα
3357 3370 3422 3428 έκ
3458 3375 3648 3433 τούτου
3681 3376 3728 3431 εἰ

366 3458 436 3521 in
464 3458 645 3520 illud.
681 3459 1179 3522 Recondiderunt
1217 3458 1376 3522 enim
1410 3479 1530 3521 non
1565 3459 1867 3533 caelestes,
1899 3460 2004 3522 sed

2116 3471 2261 3522 ὀὖτα
2313 3463 2695 3542 Ἐθησαόρισαν
2736 3467 2836 3544 γὰρ
2879 3466 2940 3522 οὗ
2994 3466 3087 3522 τὸν
3137 3467 3399 3542 οὒρανιον,
3458 3463 3595 3521 ἀλλὰ
3623 3465 3759 3547 τὸν,

365 3555 632 3611 terrenas
661 3550 891 3614 divitas.

2116 3554 2320 3631 πίγειον
2350 3553 2594 3614 πλοῦτον.

2839 2613 2855 2644 ν

447 3645 512 3698 Μ
529 3683 544 3699 .
563 3638 710 3702 Oves
721 3657 933 3702 eorum
945 3639 1173 3718 fetosce,
1190 3639 1570 3702 abundantes
1584 3639 1644 3701 in
1671 3638 2010 3720 egressibus

359 3728 510 3802 suis,
537 3737 652 3790 etc.
700 3729 947 3808 Pinguia
976 3737 1034 3791 et
1062 3729 1317 3792 fecunda
1347 3735 1486 3790 sunt
1515 3745 1732 3809 pecora
1769 3746 2002 3793 eorum.

362 3815 498 3878 Non
517 3827 606 3880 est
630 3819 816 3880 ruina
843 3820 1122 3880 maceriae
1144 3836 1329 3898 neque
1353 3819 1674 3881 transitus.
1710 3820 2003 3894 Magnam,

361 3907 574 3987 inquit,
597 3907 941 3971 felicitatem
968 3909 1286 3970 nactisnnt
1311 3928 1326 3988 ;
1353 3926 1486 3988 quae
1511 3916 1706 3969 tamen
1728 3907 1800 3968 ad
1827 3907 2006 3969 finem

365 4015 552 4077 usque
584 4015 699 4058 non
736 3997 1100 4076 perdurabit.
1149 3997 1297 4058 Illud
1332 3998 1492 4058 enim
1529 3999 1586 4058 in
1630 3996 1746 4058 alio
1783 3999 2010 4077 psalmo

366 4085 573 4147 docuit
616 4084 709 4146 his
739 4085 934 4147 verbis
969 4107 982 4149 :
1027 4087 1312 4161 Deiecisti
1354 4103 1456 4148 eos
1507 4086 1652 4147 dum
1705 4085 2009 4149 elevaren-

362 4182 464 4238 tur
490 4173 538 4234 ¹.

444 4267 540 4327 15.
577 4266 831 4328 Beatum
865 4267 1153 4330 dixerunt
1182 4268 1480 4346 populum
1513 4265 1613 4328 cui
1641 4263 1766 4327 haec
1811 4273 1956 4326 sunt
1989 4282 2002 4328 :

363 4355 580 4418 Beatus
597 4355 858 4436 papulus
881 4359 1052 4436 cujus
1089 4355 1384 4419 Dominus
1431 4355 1589 4416 Deus
1633 4356 1786 4432 ejus.
1825 4357 1893 4416 Et
1925 4353 2012 4415 illi

361 4445 603 4526 quidem
637 4455 965 4511 non.recte
1015 4446 1376 4526 iudicantes,
1431 4443 1536 4506 sed
1593 4461 1726 4523 quas
1767 4460 2010 4505 carnem

2171 3645 2246 3701 re
2314 3641 2551 3720 πρόϐατα
2634 3643 2804 3701 αὐτῶν
2885 3643 3158 3701 πολυτόκα
3193 3689 3209 3716 ,
3275 3643 3606 3710 πληθύνοντα
3686 3643 3745 3699 ἐν

2089 3746 2213 3797 ταῖς
2285 3730 2480 3797 ἐξόδοις
2555 3732 2749 3793 αὐτῶν.
2806 3733 2965 3789 Πίονα
3000 3730 3055 3788 δὲ
3132 3732 3304 3788 αὐτῶν
3370 3733 3458 3788 καὶ
3503 3730 3739 3811 πολύγο-

2093 3845 2153 3878 να
2186 3822 2250 3878 τὰ
2282 3823 2482 3889 κτὴνη.
2541 3823 2648 3880 Οὐκ
2733 3820 2844 3889 ἔστι
2915 3821 3250 3895 κατάπτωμα
3316 3826 3557 3899 φραγμοῦ
3623 3819 3741 3878 οὐδε

2095 3910 2318 3978 διέξοδος
2369 3909 2604 3984 Πολλὴν,
2640 3913 2822 3991 φησὶν,
2857 3909 3023 3991 ἔσχον
3067 3911 3166 3976 τὴν
3222 3909 3526 3986 εὐημερίαν
3615 3909 3745 3966 ἀλλ’

2095 4003 2153 4058 οὗ
2239 4001 2400 4080 μέχρι
2459 3999 2643 4065 τέλους
2701 4001 2883 4066 αὐτοῖς
2979 4021 3256 4077 στῃσεται,
3317 4009 3483 4057 Τουτο
3533 4001 3634 4079 γὰρ
3691 4000 3750 4056 ἑν

2095 4089 2242 4163 ἄλλῳ
2272 4089 2472 4165 ψαλμῴ
2498 4089 2723 4156 έδίδαξεν
2780 4090 2968 4152 εἰπών.
3005 4087 3304 4152 Κατέὅαλες
3338 4090 3524 4154 αὐτοὺς
3580 4089 3635 4146 ἐν
3669 4095 3748 4164 τῷ

2096 4181 2408 4258 ἐπαρθῆναι.

2174 4270 2514 4349 Εμακάρισαν
2555 4271 2648 4326 τὸν
2699 4269 2827 4326 λαὸν
2873 4271 2917 4345 ᾦ
2969 4269 3132 4326 ’ταοῖτά
3185 4269 3321 4324 ἐστι’
3407 4269 3668 4348 μακάριος
3712 4271 3744 4326 ὁ

2095 4357 2221 4423 λαὸς
2295 4359 2354 4416 οὖ
2414 4360 2599 4432 Κύριος
2657 4362 2686 4417 ὁ
2739 4362 2867 4422 Θεὸς
2927 4361 3106 4420 αὖτοῦ.
3166 4359 3227 4416 Οἱ
3290 4357 3368 4434 μὴ
3419 4361 3583 4436 ὀρθῶς
3619 4360 3741 4436 κρί-

2097 4471 2295 4528 νοντες,
2347 4448 2486 4505 ἀλλὰ
2539 4451 2626 4507 καὶ
2698 4451 2828 4508 αὐτὰ
2877 4448 3260 4530 φανταζόμενοι
3305 4449 3373 4504 τὰ
3422 4450 3640 4526 σαρκὸς,
3673 4452 3738 4507 τὸ

361 4542 637 4614 spuctant
669 4536 860 4615 magni
895 4536 1344 4606 lacientes,eum
1379 4535 1477 4615 qui
1514 4534 1636 4594 hiet:
1662 4532 1856 4612 ample
1881 4552 2010 4612 pos-

2116 4542 2300 4598 πούτων
2353 4539 2407 4595 ἐν
2459 4538 2752 4596 ἀπολαύσει
2814 4537 3052 4616 γενέσθαι
3106 4535 3284 4604 πολλῆ
3357 4538 3616 4616 μακάριον
3661 4539 3748 4595 εἴ·

360 4623 551 4686 sideat
583 4626 818 4688 beatum
851 4644 988 4688 esse
1017 4627 1382 4689 existimant.
1422 4623 1644 4686 Verum
1681 4620 1740 4682 id
1777 4639 2004 4702 nequa-

2091 4654 2174 4687 ναι
2220 4633 2554 4706 μομίζουσιν.
2588 4631 2695 4686 Οὔκ
2725 4628 2835 4685 ἔστι
2867 4627 3023 4684 τοῦτο
3051 4626 3334 4704 μακάριον·
3367 4625 3504 4684 ἀλλὰ
3536 4629 3597 4685 τὸ
3628 4627 3745 4685 ἐπι-

361 4731 540 4791 quam
572 4713 822 4776 felicitas
854 4724 967 4778 est.
1002 4714 1117 4778 Sed
1150 4715 1426 4777 invocare
1461 4708 1780 4774 Dominum
1815 4710 2002 4773 Deum

2116 4719 2368 4777 ,αλεϊσθαι
2404 4719 2591 4798 Κύριον
2625 4720 2718 4775 τὸν
2749 4719 2878 4774 Θεὸν
2913 4719 3088 4774 αὐτοῦ.

363 4821 537 4864 suum
573 4803 746 4882 (illud
779 4816 870 4868 est
901 4823 1037 4867 vere
1066 4804 1377 4882 felicitas).

681 4900 978 4962 Laudatio
1008 4903 1129 4979 ipsi
1160 4898 1378 4962 David.
1423 4896 1688 4963 CXLIV.

444 4992 501 5052 l.
535 4992 841 5055 Exaltabo
870 4993 948 5072 t‘e,
993 4995 1151 5054 Deus
1182 5009 1371 5064 meus,
1399 5009 1513 5054 rex
1533 5010 1721 5055 meus.
1749 4989 1878 5053 Non
1915 4989 2003 5050 al-

2537 4886 2750 4952 A’t'vsatc
2785 4891 2861 4960 τῷ
2895 4885 3089 4944 Δαυλιδ.
3125 4883 3304 4948 ΡΜΔ’,

2172 4992 2401 5064 ἰ’ψώσω
2431 5013 2512 5067 σε,
2549 4994 2574 5046 ὃ
2633 4992 2761 5056 Θεός
2821 5011 2948 5069 μου,
3007 4992 3035 5047 ὁ
3089 4988 3337 5066 βασιλεύς
3420 5011 3545 5063 μου.
3621 4988 3742 5066 Οἶιχ

366 5079 679 5143 titudinem
717 5081 829 5162 ipsi
860 5081 961 5143 dat
987 5081 1156 5163 quasi
1188 5100 1258 5144 ea
1286 5089 1506 5156 careat;
1531 5081 1634 5143 sed
1658 5081 1792 5143 aliis
1811 5079 2005 5142 decla-

2116 5106 2161 5147 ›ς
2217 5086 2296 5158 μὴ
2357 5081 2543 5162 ἔχοντι
2602 5079 2655 5137 δὲ
2711 5078 2919 5136 δίδωσιν
2974 5079 3132 5155 ὕψος
3196 5078 3333 5138 ἄλλα
3386 5093 3507 5144 τοῖς
3550 5076 3740 5139 ἄλλοις

361 5178 451 5232 rat
473 5189 604 5232 eam
637 5170 830 5251 ipsum
863 5171 1157 5234 obtinere.
1203 5170 1388 5245 Quale
1420 5179 1509 5231 est
1540 5170 1685 5231 illud
1722 5190 1736 5233 :
1792 5169 2000 5247 Pater,

2119 5174 2344 5229 είκνυσιν
2397 5173 2617 5252 ἔχοντα.
2675 5169 2927 5229 Ὀποῐον·
2993 5171 3190 5248 Πάτερ,
3249 5168 3466 5235 δόξασόν
3511 5189 3606 5226 σου
3679 5169 3745 5224 τὸ

363 5263 636 5342 clariﬁca
664 5281 878 5325 nomen
908 5273 1077 5326 tuum
1103 5266 1168 5326 in
1208 5272 1368 5326 terra
1398 5261 1426 5306 ⁸
1486 5264 1615 5326 Non
1647 5269 1813 5342 rogat
1845 5261 2003 5324 enim

2088 5263 2253 5336 ὄνομα
2297 5261 2350 5316 ἐν
2394 5268 2461 5327 τῆ
2525 5266 2622 5338 γῆ.
2685 5263 2758 5318 Οὐ
2801 5260 2901 5338 γὰρ
2959 5259 3025 5327 ἢν
3074 5263 3154 5333 μὴ
3211 5260 3372 5338 εἶχεν
3425 5261 3589 5331 αἰτεῖ,
3620 5255 3744 5313 ἀλλ’

363 5370 492 5414 eam
525 5354 802 5433 accipere
828 5372 1002 5433 quam
1037 5372 1156 5416 non
1183 5353 1383 5427 habet,
1410 5351 1518 5414 sed
1542 5369 1673 5414 eam
1705 5369 1879 5432 quam
1910 5351 2004 5412 ha-

2116 5356 2156 5421 ίν
2201 5353 2287 5408 καὶ
2337 5352 2464 5430 εἶχε
2538 5349 2836 5431 δειχθῆναι·
2896 5351 2967 5412 ὡς
3027 5346 3186 5415 δηλοῖ
3245 5352 3330 5406 τό.
3406 5349 3636 5415 Δόξασόν
3669 5369 3740 5421 με

363 5440 462 5503 bet
493 5441 951 5524 manifestari,ut
983 5443 1205 5507 indicat
1225 5442 1698 5522 illud:Clariﬁca
1718 5459 1811 5502 me
1831 5442 2011 5503 clari-

2116 5445 2161 5510 τῆ
2191 5441 2314 5518 δόξῃ
2345 5441 2381 5518 ᾗ
2413 5440 2576 5520 εἶχον
2605 5441 2748 5516 παρὰ
2797 5441 2879 5495 σοὶ
2922 5445 3025 5519 πρὸ
3056 5444 3147 5495 τοῦ
3177 5441 3270 5496 τὸν
3303 5439 3504 5514 κόσμον
3547 5436 3742 5516 γενέσ-

363 5538 488 5595 tate
506 5549 687 5612 quam
701 5531 889 5596 habui
902 5533 1064 5614 apud
1082 5541 1138 5596 te
1151 5543 1489 5612 antequam
1500 5529 1762 5593 mundus
1772 5533 1939 5600 ﬁeret
1954 5531 2011 5592 ὅ.
2093 5533 2203 5593 θαι.

440 5711 503 5765 98
531 5713 699 5770 Jom.
733 5729 790 5786 Χ,
829 5712 929 5776 33.

1016 5712 1080 5762 99
1111 5710 1160 5774 ll
1193 5715 1320 5775 Cor.
1367 5730 1448 5790 tv,
1488 5715 1575 5771 ιδ.
1669 5707 1689 5749 ¹
1725 5706 1876 5769 Psal.
1908 5725 2087 5772 Lxxu.
2135 5715 2223 5770 ιδ.

2312 5705 2340 5748 ⁸
2366 5706 2538 5770 Joan.
2575 5722 2679 5781 xu,
2713 5709 2812 5770 28.
2897 5707 2929 5756 ὅ
2957 5707 3130 5768 toan.
3165 5721 3307 5778 xvu.
3339 5707 3403 5770 5.
