4062 6216
505 181 508 188 ι

59 123 519 270 -

159 261 192 269 -
449 263 458 269 .

505 181 508 188 ι

59 123 519 270 -

159 261 192 269 -
449 263 458 269 .

299 338 419 406 545

376 471 514 535 Καθ’
540 475 775 542 ἑκάστην
819 494 1029 552 ημεραΑ
1089 469 1368 550 εὖλυγᾶσω
1426 493 1505 535 σε,
1582 471 1761 556 Ἀρχη
1816 477 1942 552 παρ’

2105 463 2168 526 2.
2207 461 2330 556 Per
2345 461 2617 556 singulos
2637 461 3136 556 diesbenedicam
3163 462 3507 556 tibi._Apud
3541 471 3668 534 He-

291 562 562 643 Ἐεραεοις
605 572 699 620 τοῦ
727 551 988 642 παρόντος
1022 562 1213 642 στίχου
1260 563 1322 618 τὸ
1380 563 1510 632 Βήθ.
1575 551 1818 624 Διδάσκει
1891 551 1943 621 δὲ

2044 556 2221 614 oratos
2253 552 2486 643 initium
2520 552 2826 643 praesentis
2848 552 3129 643 versiculi
3161 562 3250 616 est
3278 554 3461 620 Beth.
3489 555 3674 622 Docet

247 696 268 709 .
289 656 367 720 ὡς
394 641 461 712 νοῦ
484 655 608 730 μίαν
635 641 840 731 ἡμέραν
872 641 1292 732 παραπεμπτέον
1335 652 1514 726 ὓμνων
1545 654 1736 732 χωρίς.
1796 653 1943 730 ’Ὅλῃ

2044 651 2250 717 autem,
2285 642 2506 705 nullam
2538 660 2672 705 esse
2701 642 2861 706 diem
2893 641 3120 722 absque
3153 643 3388 725 hymnis
3417 654 3669 727 praster-

291 744 398 820 μὶν
426 743 520 800 οὖν
564 747 721 824 ψη.)χῆ
751 743 840 799 καὶ
869 740 1073 814 διανοίᾳ
1101 740 1264 816 ὑψοῦν
1305 740 1390 798 δεῖ
1417 743 1504 800 καὶ
1557 742 1799 822 εὑλογεῐν
1857 745 1943 802 τὸν

2044 732 2402 824 mittendam.
2428 734 2572 824 Tota
2597 733 3013 824 igituranima,
3037 741 3158 796 tota
3183 735 3674 812 mente,exaltare

289 832 451 890 Θεόν·
498 836 559 890 τὸ
589 823 758 908 ὄνομα
787 830 842 888 δὲ
870 833 1032 892 αὺτοῦ
1073 829 1305 902 δοξάζειν
1352 833 1569 898 Θνητοτς
1615 834 1836 910 ὀνόμασί
1885 855 1941 892 τε

2044 823 2246 897 Deum,
2271 831 2330 884 et
2361 823 2721 886 benedicere
2750 823 2836 886 illi
2863 833 3118 904 oportet,
3155 844 3497 905 nomenque
3541 828 3674 908 ejus

1356 335 1758 409 EXPOSITIO
1803 332 1884 396 IN
1935 329 2300 395 PSALMUM
2343 329 2604 396 CXLVI.
3551 334 3670 402 546

289 923 383 980 καὶ
422 921 660 1002 ῥήμασιν
674 971 687 983 .

2044 911 2358 1002 gloriﬁcare
2412 913 2761 977 mortalibus
2815 914 3156 976 nominibus
3229 923 3406 998 atque
3476 916 3674 980 verbis

375 1015 538 1070 Γενεὰ
591 1014 680 1069 καὶ
763 1012 919 1089 γενεὰ
987 1009 1254 1067 ἕπαινὲσει
1333 1013 1399 1069 τὰ
1461 1012 1589 1092 ἔργα
1645 1035 1762 1076 σου.
1829 1013 1938 1083 Τὴν

2107 1003 2167 1063 4.
2203 1001 2535 1066 Generatio
2565 1010 2620 1066 et
2649 1007 2966 1083 generatio
2993 1004 3276 1067 laudabit
3296 1017 3480 1086 opera
3535 1013 3668 1082 tua,

286 1103 607 1182 ἀμφοτέρων
676 1103 805 1183 φησὶ
837 1100 982 1158 λαῶν
1021 1103 1380 1181 συναχθεῖσαν
1411 1101 1736 1170 Ἐκκλησίαν
1787 1104 1850 1161 ἔκ
1883 1126 1938 1160 τε

2044 1101 2140 1154 itc.
2178 1093 2508 1183 Ecclesiam
2541 1093 2722 1183 aitex
2751 1092 3042 1156 ambobus
3075 1094 3310 1175 populis
3339 1113 3670 1175 congrega-

283 1181 396 1249 τῶν
427 1193 489 1248 ἑκ
518 1181 808 1269 περιτομῆς
839 1192 929 1247 καὶ
956 1195 1063 1247 τῶν
1107 1189 1160 1256 ἐξ
1191 1193 1374 1252 ἐθνῶν.
1425 1189 1608 1270 ’Ἔργα
1651 1191 1706 1249 δὲ
1761 1194 1943 1274 αὐτοῦ,

2044 1199 2172 1263 nm,
2236 1200 2308 1244 ex
2361 1181 2820 1245 circumcisione
2877 1183 3108 1246 scilicet
3155 1192 3213 1246 et
3273 1203 3343 1247 ex
3396 1185 3674 1266 gentibus

288 1281 324 1338 ἃ
383 1282 675 1349 πεποίηται
727 1281 783 1337 ἐν
840 1287 911 1357 τῇ
968 1278 1223 1356 ἐπιδημίᾳ
1282 1281 1436 1360 φησί’
1496 1280 1842 1362 πολυτρόπως
1890 1280 1943 1339 δὲ

2044 1274 2177 1355 Ejus
2200 1283 2400 1337 autem
2434 1292 2616 1356 opera
2641 1284 2844 1338 narrat
2867 1293 2997 1357 quin
3012 1275 3072 1338 in
3094 1276 3348 1339 adventu
3373 1296 3481 1340 suo
3505 1278 3668 1342 fecit:

283 1373 425 1430 αὐτὰ
453 1373 637 1447 ὑμνετο
681 1370 928 1446 δύναμιν,
987 1372 1075 1426 καὶ
1140 1371 1628 1450 μεγαλοπρέπεια»,
1703 1374 1795 1430 καὶ
1847 1371 1941 1429 δό-

2044 1364 2347 1445 nultisque
2380 1363 2572 1427 modis
2600 1382 2670 1426 ea
2699 1365 2982 1441 celebrat,
3033 1365 3332 1443 virtutem,
3397 1370 3671 1448 magniﬁ-

283 1461 403 1536 ξαν,
448 1465 536 1518 καὶ
569 1463 897 1542 ἁγιωσύνην,
945 1463 1032 1517 καὶ
1078 1460 1347 1536 θαυμάσια
1396 1449 1505 1519 γκαὶ
1575 1461 1736 1519 πάλιν
1792 1460 1943 1519 δύνα-

2044 1453 2304 1535 :entiam,
2329 1453 2606 1536 gloriam,
2628 1455 3022 1536 sanctitatem,
3037 1449 3104 1516 et
3127 1455 3422 1520 mirabilia
3437 1457 3672 1538 dicens,

284 1575 384 1627 μιν
424 1556 514 1609 καὶ
537 1550 930 1630 μεγαλωσύνην
955 1551 1044 1608 καὶ
1094 1553 1472 1630 χρηστότητα,
1523 1553 1611 1608 καὶ
1661 1549 1938 1609 δικαιοσύ-

282 1665 386 1710 νην
406 1644 495 1700 καὶ
525 1644 831 1720 οἰκτιρμοῦς
860 1641 1284 1721 προσαγορεύων.

2021 1561 2092 1605 ac
2124 1561 2366 1605 rursum
2399 1545 2702 1618 virtutem,
2738 1543 3238 1624 magnitudinem,
3301 1546 3671 1618 suavitatem,

2016 1634 2308 1714 justitiam
2341 1642 2402 1696 et
2427 1634 2863 1696 miserationes.

1347 1763 1598 1836 (Desunt
1625 1759 1894 1844 quaedam
1915 1756 2058 1822 folia
2094 1755 2154 1817 in
2190 1755 2306 1816 ﬁne
2337 1763 2400 1815 tn
2435 1752 2498 1818 C.
2534 1754 2622 1834 3.)

370 1887 468 1946 Καὶ
556 1885 655 1954 τὴν
737 1883 956 1962 δύναμιν

281 1981 599 2054 Πρακτικῶς
631 1974 806 2055 ἐροῦσι
855 1975 944 2031 καὶ
995 1974 1131 2052 μετὰ
1168 1975 1321 2052 ὀρθοῦ
1371 1977 1738 2054 φρονήματος,
1801 1973 1944 2032 Οῖόν

275 2067 416 2124 ιστι·
475 2063 712 2143 Φοϐερὸν
759 2067 824 2122 τὸ
882 2067 1142 2140 ἔμπεσετν
1201 2066 1273 2130 εἰς
1336 2077 1531 2146 χεῖρας
1585 2071 1718 2122 Θεοῦ
1799 2066 1940 2135 ζῶν-

273 2178 392 2219 τος.
458 2157 557 2214 Kal
615 2156 701 2236 τὸ,
755 2152 1084 2220 ’Δλαλάξατε
1137 2161 1254 2228 Θεῷ
1310 2155 1366 2211 ἐν
1435 2160 1587 2236 φωνῇ
1671 2152 1937 2232 ἀγαλλιά-

274 2265 435 2311 σεως·
514 2244 597 2302 ὅτι
680 2245 870 2324 Κύριος
945 2243 1168 2324 ῧχιστος
1253 2241 1499 2324 φοϐερός.
1590 2251 1764 2302 Ταῦτα
1837 2243 1937 2321 γὰρ

273 2335 453 2414 ἇροῦσι
488 2333 557 2391 δι’
587 2337 866 2394 αὐτοῦτοῦ
895 2331 1173 2414 φοϐεῖσθαι
1222 2335 1311 2390 καὶ
1370 2331 1528 2399 σέϐας
1581 2332 1732 2413 ἔχειν
1777 2339 1931 2392 Θεοῦ.

275 2427 648 2504 Διητήσονται
694 2423 750 2481 δέ
778 2425 867 2482 καὶ
909 2425 983 2484 ὡς
1006 2423 1172 2499 πέρας
1201 2425 1296 2480 οὒκ
1335 2423 1570 2504 ἔχωσαν
1630 2422 1788 2480 αὖτοῦ
1837 2422 1935 2491 τὴν

275 2517 694 2595 μεγαλωσύνην,
726 2518 786 2574 οὔ
828 2517 1252 2592 περιγράψαντες
1285 2514 1498 2591 γνώσει,
1531 2511 1654 2569 ἀλλ’
1705 2514 1780 2577 ὡς
1839 2514 1934 2568 οὗ·-

276 2626 378 2661 σαν
430 2604 837 2672 ἆχατάληπνον⁶
915 2605 1080 2668 μὸνος
1137 2604 1236 2682 γὰρ
1279 2605 1308 2660 ὁ
1372 2605 1494 2667 Υἱὸς
1545 2603 1798 2682 γινώσκει
1843 2603 1934 2658 τὸν

277 2694 514 2775 Πατέρα,
546 2696 636 2750 καὶ
664 2697 693 2752 ὁ
728 2693 908 2772 Πατῆρ
938 2694 1031 2751 τὸν
1079 2694 1222 2754 Υῐόι.
1275 2694 1332 2749 Εἰ
1397 2690 1452 2748 δὲ
1523 2694 1610 2749 καὶ
1656 2692 1932 2748 ἀποκαλύ-

278 2805 401 2840 πτει
429 2786 524 2840 τὸν
547 2783 760 2863 Πατέρα
785 2783 873 2846 οἷς
931 2781 1201 2863 βούλεται,
1260 2777 1380 2838 ἀλλ’
1440 2789 1528 2840 οῦν
1590 2782 1664 2846 ὡς
1721 2779 1934 2862 ἐφικτὸν

280 2877 537 2950 γενητοῖς
567 2871 735 2949 ἰδεῖν,
773 2874 904 2929 εατὰ
946 2872 1238 2950 ἀναλογίαν
1265 2872 1329 2940 ἧς
1360 2893 1442 2937 τις
1473 2869 1593 2952 ἔχει
1649 2892 1930 2951 προπαρα-

282 2982 500 3030 “tunc.

366 3053 602 3127 Μνήμην
685 3060 780 3112 τοῦ
863 3049 1097 3122 πλήθους
1198 3050 1295 3119 τῆς
1372 3048 1747 3130 χρηστότητός
1849 3072 1943 3108 σου

286 3139 661 3218 ἑξερεύξονται.
695 3148 839 3198 nam
870 3140 969 3218 μὲν
1001 3141 1180 3221 αὐτὸς,
1245 3139 1336 3197 ἅτε
1395 3142 1525 3205 Θεὸς
1583 3140 1658 3198 ὢν
1712 3141 1941 3220 ἀγαθὸς,

1051 1887 1156 1942 τῶν
1243 1881 1479 1966 φοϐερῶν
1550 1907 1642 1946 σου
1739 1885 1935 1966 ὶροῦσι,

2103 1878 2164 1942 6.
2199 1876 2283 1939 Et
2303 1877 2594 1966 virtutem
2622 1875 2989 1966 terribilium
3019 1884 3269 1941 tuorum
3298 1877 3673 1942 dicent.Cum

2031 1966 2207 2030 bonis
2227 1963 2512 2046 operibus
2538 1965 2619 2027 ita
2650 1964 2989 2045 loquentur,
3017 1975 3226 2030 etcum
3248 1977 3412 2030 recta
3436 1977 3677 2031 senten-

2029 2055 2326 2131 tia.Quale
2339 2063 2430 2118 est
2453 2054 2627 2118 illud:
2663 2054 2956 2119 Terribile
2968 2058 3342 2121 estincidere
3360 2061 3428 2120 in
3457 2075 3677 2122 manus

2026 2146 2144 2209 Dei
2159 2147 2419 2209 viventis
2448 2144 2493 2206 4.
2513 2143 2738 2207 Etillud
2765 2163 2778 2205 :
2804 2147 3076 2208 Jubilate
3103 2148 3221 2209 Deo
3236 2149 3304 2209 in
3325 2165 3460 2210 voce
3475 2147 3676 2211 exsul-

2024 2237 2590 2315 tationiszquoniam
2599 2234 2886 2299 Dominus
2896 2236 3172 2300 ewcelsus
3187 2239 3678 2313 terribilislech

2018 2325 2179 2388 enim
2215 2324 2419 2386 dicent
2446 2323 2605 2406 quod
2627 2326 2876 2387 timeant
2897 2335 2955 2389 et
2977 2328 3275 2391 honorent
3293 2328 3479 2391 Deum
3494 2331 3672 2392 .Nar-

2017 2413 2236 2478 rabunt
2259 2421 2458 2477 autem
2490 2414 2628 2495 ejus
2652 2415 3149 2496 magnitudinem,
3178 2426 3380 2498 utpote
3400 2437 3534 2500 quae
3557 2428 3678 2481 ter-

2018 2506 2247 2568 minum
2271 2523 2389 2568 non
2411 2503 2648 2583 habeat,
2672 2525 2791 2568 non
2813 2507 3378 2572 circumscribentes
3401 2528 3532 2571 eam
3565 2529 3673 2571 co-

2017 2595 2285 2676 gnitione
2310 2613 2414 2658 sua
2431 2643 2447 2670 ,
2476 2594 2580 2656 sed
2603 2603 2667 2656 ut
2687 2595 3361 2678 incomprehensibilem
3385 2599 3538 2678 (52).
3571 2596 3676 2662 So-

2019 2684 2115 2747 lus
2147 2703 2406 2766 namque
2439 2683 2626 2746 Filius
2658 2687 2966 2764 cognoscit
2988 2685 3254 2769 Patrem,
3288 2700 3349 2750 et
3377 2691 3551 2751 Pater
3572 2687 3674 2751 Fi-

2015 2773 2191 2838 lium.
2219 2773 2475 2837 Etiamsi
2499 2793 2641 2838 vero
2668 2779 2900 2839 Patrem
2930 2777 3265 2841 manifestet
3284 2779 3500 2860 quibus
3527 2780 3668 2856 vult,

2017 2872 2077 2926 at
2107 2873 2169 2926 ut
2202 2863 2458 2946 opiﬁciis
2489 2865 2776 2946 possibile
2807 2877 2895 2929 est
2925 2867 3124 2949 ipsum
3172 2868 3397 2944 videre,
3460 2868 3674 2932 habita

2024 2953 2258 3016 ratione
2301 2956 2746 3036 praeparationis
2776 2958 3067 3039 cujusque
3100 2959 3382 3021 heminis.

2113 3046 2170 3108 7.
2201 3045 2561 3108 Memoriam
2583 3046 2982 3111 abundantiae
3009 3051 3326 3113 suavitatis
3355 3058 3472 3113 tum
3502 3065 3674 3112 eruc-

2029 3133 2268 3198 tabunt.
2295 3133 2589 3198 Omnibus
2619 3134 2751 3216 ipse
2775 3136 3142 3220 hominibus,
3179 3147 3381 3220 utpote
3413 3138 3519 3222 qui
3555 3139 3669 3201 De-

287 3229 562 3288 δπιόἐδωκε
622 3233 721 3300 τὴν
777 3230 1161 3311 χρηστότητα,
1236 3231 1326 3288 καὶ
1385 3229 1627 3309 οἰκτείρει
1656 3230 1831 3287 πάντα
1873 3231 1940 3286 τὰ

2044 3243 2096 3286 is
2126 3223 2321 3286 bonus
2351 3226 2447 3297 sit,
2484 3223 2833 3287 suavitatem
2867 3244 3037 3296 suam
3069 3227 3412 3310 impertivit,
3445 3236 3506 3291 et
3551 3230 3669 3289 mi-

289 3319 414 3400 ἔργα
439 3322 621 3380 αὐτοῦ.
669 3321 942 3393 Σώζονται
999 3319 1053 3378 δὲ
1102 3321 1156 3378 οἵ
1206 3319 1301 3388 τῆς
1359 3321 1730 3402 χρηστότητος
1782 3321 1940 3378 αὑτοῦ

288 3409 572 3467 ἀπολαύειν
595 3409 893 3473 ξθέλουσιν,

846 3505 1140 3558 armatos
1199 3499 1379 3564 PME’.

369 3588 542 3667 Δῖνει,
628 3589 666 3658 ἦ
747 3591 902 3669 ψυχή
974 3611 1100 3666 μου,
1158 3590 1250 3647 τὸν
1325 3589 1537 3667 Κύριονο
1593 3587 1789 3646 αἰνέσω
1844 3589 1938 3645 τὸν

292 3680 474 3758 Κύριον
501 3679 557 3734 ἐν
585 3685 658 3756 τῇ
687 3684 804 3756 ζωῇ
846 3702 970 3757 μου,

364 3767 454 3826 Ἐν
514 3767 694 3845 ἐκείνη
743 3775 811 3846 τῇ
879 3769 1052 3846 ἡμέρα
1122 3767 1443 3826 ἀπολοῦνται
1492 3768 1686 3834 πάντες
1717 3770 1764 3826 οἰ
1812 3767 1934 3826 δια-

291 3857 540 3936 λογισμοὶ
594 3857 782 3922 αὐτοῦ,
815 3856 903 3917 Ἐν
949 3863 1028 3933 τῷ
1083 3866 1251 3939 καιρῷ
1319 3868 1414 3918 τοῦ
1469 3859 1715 3931 θανάτου,
1775 3860 1928 3940 φησὶ,

2021 3320 2256 3377 seratur
2300 3316 2503 3376 omnia
2530 3331 2712 3394 Opera
2746 3332 2878 3379 sua.
2913 3315 3176 3380 Salutem
3207 3328 3403 3380 autem
3447 3337 3666 3381 conse-

2021 3408 2293 3486 quuntur
2320 3402 2425 3485 qui
2454 3409 2746 3465 suavitate
2781 3403 2912 3485 ejus
2943 3404 3058 3467 frui
3090 3408 3318 3471 volunt.

2539 3491 2909 3557 PSALMUS
2935 3493 3170 3559 CXLV.

2104 3583 2163 3644 1.
2196 3581 2437 3658 Lauda,
2473 3581 2688 3644 anima
2710 3599 2869 3664 mea,
2900 3581 3258 3657 Dominum,-
3284 3583 3557 3648 laudabo
3581 3585 3674 3648 Do

2019 3674 2256 3736 minum
2287 3673 2353 3734 in
2381 3672 2511 3734 vita
2542 3688 2702 3737 mea.

2098 3764 2158 3826 4.
2189 3763 2266 3826 In
2292 3760 2400 3823 illa
2432 3761 2534 3823 die
2559 3761 2853 3841 peribunt
2882 3779 3084 3825 omnes
3116 3765 3508 3844 cogitationes
3571 3783 3673 3826 eo-

2017 3871 2182 3915 rum.
2216 3853 2282 3916 In
2307 3854 2452 3912 hora
2483 3849 2715 3928 mortis,
2747 3850 2960 3933 inquit,
2996 3853 3199 3914 omnia
3229 3853 3486 3932 cogitata
3538 3853 3674 3933 ejus

290 3947 457 4005 πάντα
487 3947 588 4005 ὅσα
621 3947 911 4028 ἐφρόνησεν
954 3948 1281 4030 ἠχήσονται,
1313 3949 1397 4006 καὶ
1451 3945 1600 4006 οῦδὲν
1654 3946 1799 4005 ’ἔσται
1855 3947 1931 4004 ὧν

2044 3941 2259 4007 ιιιΜὶοα
2291 3943 2458 4018 ﬁent,
2492 3961 2605 4004 nec
2639 3943 2941 4005 occultum
2972 3943 3086 4007 erit
3115 3944 3420 4026 quidpiam
3453 3959 3664 4006 eorum

288 4035 609 4115 {Meto
641 4037 728 4095 ἐπὶ
753 4046 876 4118 γῆς.

371 4126 595 4184 Διδόντα
641 4129 846 4203 τροφὴν
891 4140 1010 4192 τοῖς
1086 4129 1332 4188 πεινῶσι.
1397 4127 1766 4204 Πνευματικὴν
1825 4124 1932 4196 δηοι

290 4215 462 4274 λονότι
490 4229 611 4282 τοῖς
642 4214 928 4292 λιμώξουσι
958 4218 1157 4280 παντὸς
1187 4217 1408 4295 ἀγαθοῦ.

851 4310 1145 4364 manto}:
1187 4306 1383 4381 PMC.

375 4397 581 4455 Αἰνεῖτε
667 4397 762 4453 τὸν
848 4397 1059 4476 Κύριον,
1140 4394 1221 4452 ὅτι
1283 4396 1481 4475 ἀγαθὸν
1549 4393 1784 4473 ψαλμός.
1855 4393 1947 4455 Ἐν

2012 4052 2153 4114 quas
2185 4033 2247 4094 in
2283 4043 2450 4096 terra
2479 4031 2786 4112 cogitavit.

2097 4125 2154 4188 '7.
2186 4123 2304 4186 Dat
2331 4139 2525 4186 escam
2549 4122 2976 4190 esurientibus.
3007 4122 3389 4205 Spiritualem
3414 4123 3666 4200 scilicet,

2023 4215 2096 4278 iis
2125 4213 2233 4293 qui
2265 4231 2442 4275 omne
2471 4211 2695 4275 bonum
2722 4220 3024 4292 expetent.

2514 4300 2888 4366 PSALMUS
2917 4301 3075 4366 CXL
3093 4301 3188 4367 VI.

2069 4397 2099 4455 1
2113 4392 2743 4459 .LaudateDominum
2765 4393 3054 4472 quoniam
3065 4393 3255 4455 bonus
3271 4400 3358 4454 est
3375 4391 3676 4472 psalmus.

299 4486 396 4562 μὶν
423 4493 500 4561 τῷ
527 4483 860 4565 προλαϐόντι
917 4485 1074 4550 αὐτὸς
1129 4485 1317 4542 ἑαυτὸν
1379 4487 1604 4564 παρῇνει
1663 4487 1737 4550 εἰς
1783 4485 1943 4562 μόνον

2044 4482 2094 4546 [ιι
2119 4480 2481 4563 prtecedenti
2507 4481 2736 4562 psalmo
2757 4498 2889 4543 sese
2911 4481 3259 4544 hortabatur
3283 4480 3344 4542 in
3365 4483 3554 4545 Deum
3569 4499 3672 4543 so-

293 4556 386 4634 £5.
415 4556 549 4634 Θεὸν
571 4556 732 4656 ἒχειν
755 4576 856 4644 τὴν
883 4573 1092 4634 ὶᾹπίδα.
1131 4574 1186 4632 ἑν
1215 4573 1270 4632 δὲ
1295 4556 1469 4650 τούτῷ
1494 4556 1586 4632 τὸν
1645 4556 1943 4633 ἀποστολι-

2044 4556 2155 4636 lum
2175 4589 2344 4651 spem
2371 4556 2599 4650 ponere
2623 4587 2639 4645 ;
2688 4569 2750 4632 in
2768 4569 2880 4632 hoc
2901 4579 3097 4633 autem
3119 4571 3509 4652 apostolicum
3529 4571 3680 4632 cho-

291 4668 388 4723 ιιὸν
414 4667 586 4746 χορὸν
616 4663 844 4724 δείκνυσι
901 4662 1218 4724 διδάσκοντα
1273 4665 1336 4721 τὸ
1384 4661 1592 4731 πλῆθος
1636 4664 1804 4720 αἰνεῖν
1859 4662 1951 4720 τὸν

290 4759 444 4836 Θεὸν,
484 4753 568 4835 ἂρ’
601 4755 694 4820 οἷς
739 4757 800 4812 τὸ
829 4754 982 4831 γένος
1019 4753 1398 4835 εὐηργέτησεν.

371 4842 795 4923 Ἀναλαμϐἆνων
852 4849 1044 4923 πραεῖς
1099 4847 1128 4903 ὁ
1159 4844 1376 4924 Κύριος.
1427 4849 1501 4924 Πρ
1516 4856 1626 4908 κεϊς
1669 4843 1765 4920 μὲν
1825 4843 1950 4908 τοὺς

289 4939 392 5005 τὴν
424 4936 603 4994 πίστιν
648 4933 807 4994 αὖτοῦ
858 4933 1174 5010 δεξαμένους
1231 4935 1384 5014 φησὶ,
1451 4935 1574 4998 τοὺς
1633 4933 1956 5010 μιμησαμέ-

291 5046 413 5092 νους
463 5027 556 5082 τὸν
620 5026 856 5081 εἷπόνταο
917 5024 1090 5105 Πρᾷός
1149 5025 1257 5100 εἶμι
1322 5022 1450 5103 ἒγώ.
1517 5022 1663 5102 Ἐγὼ
1719 5019 1775 5078 δὲ
1832 5021 1953 5086 τοὺς

291 5113 649 5195 ἁμαρτωλοὺς
681 5120 849 5195 μισῶ,
896 5115 1080 5196 φησὶν,
1115 5111 1315 5178 οἵτινές
1378 5115 1504 5170 εἱσιν
1564 5114 1611 5169 οἱ
1669 5111 1954 5192 ἀκάθαρτοι

298 5202 568 5281 δαίμονες,
617 5205 663 5262 οἱ
690 5208 768 5277 τῷ
808 5205 930 5283 πυρὶ
962 5203 1313 5268 ἐνοικοῦντες.

381 5297 479 5354 Καὶ
537 5293 722 5375 χλόην
771 5298 842 5370 τῇ
913 5290 1124 5366 δουλειᾳ
1162 5296 1270 5349 τῶν
1327 5291 1644 5370 ἀνθρώπων,
1705 5289 1956 5349 Δουλείαν

299 5388 406 5442 τῶν
428 5383 722 5464 homo»
751 5382 881 5464 φησὶ
911 5383 1063 5460 βοῦς,
1094 5381 1177 5462 χρὶ
1223 5381 1480 5458 ἡμιόνους
1537 5381 1626 5438 καὶ
1682 5380 1748 5438 τὰ
1803 5378 1958 5460 ἕτερα

299 5479 410 5533 τῶν
437 5477 673 5542 κτηνῶν,

381 5633 413 5677 ⁴
449 5632 637 5699 Hebr.
658 5650 718 5708 ι,
755 5631 856 5699 31.
942 5632 970 5675 ⁵
996 5629 1412 5714 Ρ8ε1.ιι.νι,9.
1497 5628 1532 5682 6
1554 5629 1759 5696 Matth.
1788 5646 1872 5706 ιι,
1899 5633 1998 5696 29.

393 5740 529 5822 (se;
562 5742 732 5811 Note
749 5737 1141 5808 animum
1163 5735 1321 5824 ιιιιί.

2032 4680 2166 4726 rum
2229 4659 2471 4724 exhibet
2527 4659 2842 4722 docentem
2903 4659 3374 4743 multitudinem,
3435 4661 3678 4724 laudare

2034 4754 2228 4818 Deum
2259 4749 2336 4812 de
2365 4749 2676 4812 beneﬁciis
2703 4749 2910 4828 generi
2944 4749 3253 4812 hominum
3283 4750 3540 4812 collatis.

2115 4842 2176 4904 6.
2209 4841 2561 4921 Suscipiens
2591 4847 2939 4903 mansuetos
2973 4841 3287 4904 Dominus.
3344 4841 3684 4904 Mansuetos

2035 4936 2204 4994 vocat
2229 4947 2333 4994 eos
2361 4931 2464 5012 qui
2496 4929 2672 4992 ﬁdem
2704 4929 2836 5008 ejus
2867 4939 3282 5011 susceperunt,
3306 4929 3516 4991 imitati
3541 4947 3684 4991 eum

2035 5026 2139 5106 qui
2165 5020 2316 5083 dixit
2349 5041 2363 5080 :
2400 5021 2572 5084 Mitis
2591 5037 2697 5100 ego
2726 5019 2915 5083 sum6.
2951 5021 3075 5099 Ego
3107 5029 3306 5082 autem
3341 5028 3688 5100 peccatores

2037 5112 2176 5174 odio
2206 5110 2425 5191 habeo,
2460 5110 2675 5191 inquit,
2709 5110 2810 5191 qui
2839 5117 2978 5173 sunt
3034 5109 3258 5193 impuri
3290 5111 3592 5172 daemones
3627 5109 3688 5169 in

2038 5203 2178 5281 igne
2209 5197 2573 5262 habitantes.

2118 5290 2270 5354 8.Et
2293 5286 2538 5352 herbam
2558 5289 2833 5352 servituti
2857 5288 3176 5354 hominum
3190 5288 3565 5353 .Servitutem
3585 5288 3690 5350 hoo

2039 5379 2269 5444 minum
2299 5387 2472 5442 vocat
2515 5378 2720 5458 boves,
2755 5379 2949 5443 mulos
2995 5387 3053 5443 et
3108 5381 3342 5460 reliqua
3391 5380 3686 5460 jumenta.
