  <div class='ocr_page' id='page_1' title='image "/cluster/home/n/w/nwhite01/storage/ocr_20150623/27/hvd.32044054272802/289.png"; bbox 0 0 4062 6216; ppageno 0'>
   <div class='ocr_carea' id='block_1_1' title="bbox 419 322 2152 391">
    <p class='ocr_par' dir='ltr' id='par_1_1' title="bbox 419 322 2152 390">
     <span class='ocr_line' id='line_1_1' title="bbox 419 322 2152 390; baseline 0.001 -3"><span class='ocrx_word' id='word_1_1' title='bbox 419 322 536 387; x_wconf 84' lang='grc'><strong><em>547</em></strong></span> <span class='ocrx_word' id='word_1_2' title='bbox 1205 323 1264 385; x_wconf 91' lang='lat' dir='ltr'><strong><em>S.</em></strong></span> <span class='ocrx_word' id='word_1_3' title='bbox 1317 323 1735 390; x_wconf 78' lang='lat' dir='ltr'><strong>ATHANASII</strong></span> <span class='ocrx_word' id='word_1_4' title='bbox 1777 325 1940 389; x_wconf 81' lang='lat' dir='ltr'><strong><em>OPP.</em></strong></span> <span class='ocrx_word' id='word_1_5' title='bbox 1991 323 2152 389; x_wconf 69' lang='lat' dir='ltr'><strong><em>PAR!</em></strong></span> 
     </span>
    </p>
   </div>
   <div class='ocr_carea' id='block_1_2' title="bbox 2163 322 2944 391">
    <p class='ocr_par' dir='ltr' id='par_1_2' title="bbox 2163 322 2944 391">
     <span class='ocr_line' id='line_1_2' title="bbox 2163 322 2944 391; baseline -0.004 -2"><span class='ocrx_word' id='word_1_6' title='bbox 2163 327 2181 389; x_wconf 69' lang='grc' dir='ltr'>Ξ</span> <span class='ocrx_word' id='word_1_7' title='bbox 2222 322 2328 388; x_wconf 89' lang='lat' dir='ltr'><strong>III.</strong></span> <span class='ocrx_word' id='word_1_8' title='bbox 2377 360 2449 372; x_wconf 92' lang='lat'><strong>—</strong></span> <span class='ocrx_word' id='word_1_9' title='bbox 2493 327 2944 391; x_wconf 84' lang='lat' dir='ltr'><strong><em>EXEGETICA.</em></strong></span> 
     </span>
    </p>
   </div>
   <div class='ocr_carea' id='block_1_3' title="bbox 3691 332 3817 395">
    <p class='ocr_par' dir='ltr' id='par_1_3' title="bbox 3691 332 3817 395">
     <span class='ocr_line' id='line_1_3' title="bbox 3691 332 3817 395; baseline 0.008 -1"><span class='ocrx_word' id='word_1_10' title='bbox 3691 332 3817 395; x_wconf 74' lang='lat'><strong><em>548</em></strong></span> 
     </span>
    </p>
   </div>
   <div class='ocr_carea' id='block_1_4' title="bbox 1300 657 2927 733">
    <p class='ocr_par' dir='ltr' id='par_1_4' title="bbox 1300 657 2927 733">
     <span class='ocr_line' id='line_1_4' title="bbox 1300 657 2927 733; baseline 0.002 -10"><span class='ocrx_word' id='word_1_11' title='bbox 1300 659 1374 723; x_wconf 84' lang='lat' dir='ltr'><strong><em>IN</em></strong></span> <span class='ocrx_word' id='word_1_12' title='bbox 1408 657 1880 724; x_wconf 83' lang='lat' dir='ltr'><strong><em>FRAGMENTA</em></strong></span> <span class='ocrx_word' id='word_1_13' title='bbox 1931 657 2516 733; x_wconf 85' lang='lat' dir='ltr'><strong><em>SUBSEQUENTIA</em></strong></span> <span class='ocrx_word' id='word_1_14' title='bbox 2552 663 2927 731; x_wconf 83' lang='lat' dir='ltr'><strong><em>MONITUM.</em></strong></span> 
     </span>
    </p>
   </div>
   <div class='ocr_carea' id='block_1_5' title="bbox 420 919 3811 998">
    <p class='ocr_par' dir='ltr' id='par_1_5' title="bbox 420 919 3811 998">
     <span class='ocr_line' id='line_1_5' title="bbox 420 919 3811 998; baseline 0.001 -17"><span class='ocrx_word' id='word_1_15' title='bbox 420 922 544 991; x_wconf 69' lang='lat' dir='ltr'><strong><em>Quae</em></strong></span> <span class='ocrx_word' id='word_1_16' title='bbox 565 924 954 998; x_wconf 88' lang='lat' dir='ltr'><strong><em>subsequuntur</em></strong></span> <span class='ocrx_word' id='word_1_17' title='bbox 979 927 1298 998; x_wconf 83' lang='lat' dir='ltr'><strong><em>fragmenta</em></strong></span> <span class='ocrx_word' id='word_1_18' title='bbox 1329 925 1846 981; x_wconf 77' lang='lat' dir='ltr'><strong><em>Commentariorum</em></strong></span> <span class='ocrx_word' id='word_1_19' title='bbox 1885 919 2177 980; x_wconf 85' lang='lat' dir='ltr'><strong><em>Athanasii</em></strong></span> <span class='ocrx_word' id='word_1_20' title='bbox 2211 921 2272 977; x_wconf 92' lang='lat' dir='ltr'><strong><em>in</em></strong></span> <span class='ocrx_word' id='word_1_21' title='bbox 2292 922 2529 994; x_wconf 86' lang='lat' dir='ltr'><strong><em>psalmos</em></strong></span> <span class='ocrx_word' id='word_1_22' title='bbox 2593 925 2755 996; x_wconf 88' lang='lat' dir='ltr'><strong><em>prior</em></strong></span> <span class='ocrx_word' id='word_1_23' title='bbox 2809 925 2975 982; x_wconf 86' lang='lat' dir='ltr'><strong><em>edidit</em></strong></span> <span class='ocrx_word' id='word_1_24' title='bbox 3029 925 3228 984; x_wconf 87' lang='lat' dir='ltr'><strong><em>Petrus</em></strong></span> <span class='ocrx_word' id='word_1_25' title='bbox 3267 924 3660 986; x_wconf 77' lang='lat' dir='ltr'><strong><em>Felckmannus</em></strong></span> <span class='ocrx_word' id='word_1_26' title='bbox 3704 928 3811 986; x_wconf 91' lang='lat' dir='ltr'><strong><em>sub</em></strong></span> 
     </span>
    </p>
   </div>
   <div class='ocr_carea' id='block_1_6' title="bbox 669 1007 3424 1084">
    <p class='ocr_par' dir='ltr' id='par_1_6' title="bbox 669 1007 3424 1084">
     <span class='ocr_line' id='line_1_6' title="bbox 669 1007 3424 1084; baseline 0 -16"><span class='ocrx_word' id='word_1_27' title='bbox 669 1021 682 1036; x_wconf 87' lang='lat'><strong>&#39;</strong></span> <span class='ocrx_word' id='word_1_28' title='bbox 799 1011 960 1082; x_wconf 80' lang='lat' dir='ltr'><strong><em>ﬁnem</em></strong></span> <span class='ocrx_word' id='word_1_29' title='bbox 987 1011 1293 1084; x_wconf 82' lang='lat' dir='ltr'><strong><em>appendicis</em></strong></span> <span class='ocrx_word' id='word_1_30' title='bbox 1329 1012 1400 1068; x_wconf 92' lang='lat' dir='ltr'><strong><em>ad</em></strong></span> <span class='ocrx_word' id='word_1_31' title='bbox 1429 1011 1716 1068; x_wconf 71' lang='lat' dir='ltr'><strong><em>editionem</em></strong></span> <span class='ocrx_word' id='word_1_32' title='bbox 1747 1007 2200 1074; x_wconf 84' lang='lat' dir='ltr'><strong><em>Commelianam,</em></strong></span> <span class='ocrx_word' id='word_1_33' title='bbox 2237 1007 2337 1064; x_wconf 86' lang='lat' dir='ltr'><strong><em>hac</em></strong></span> <span class='ocrx_word' id='word_1_34' title='bbox 2360 1009 2644 1080; x_wconf 68' lang='lat' dir='ltr'><strong><em>praemissa</em></strong></span> <span class='ocrx_word' id='word_1_35' title='bbox 2676 1010 2748 1065; x_wconf 87' lang='lat' dir='ltr'><strong><em>ad</em></strong></span> <span class='ocrx_word' id='word_1_36' title='bbox 2772 1010 3023 1068; x_wconf 90' lang='lat' dir='ltr'><strong><em>lectorem</em></strong></span> <span class='ocrx_word' id='word_1_37' title='bbox 3051 1011 3424 1070; x_wconf 88' lang='lat' dir='ltr'><strong><em>admonitione.</em></strong></span> 
     </span>
    </p>
   </div>
   <div class='ocr_carea' id='block_1_7' title="bbox 1627 1107 2614 1155">
    <p class='ocr_par' dir='ltr' id='par_1_7' title="bbox 1627 1107 2614 1155">
     <span class='ocr_line' id='line_1_7' title="bbox 1627 1107 2614 1155; baseline 0.002 -3"><span class='ocrx_word' id='word_1_38' title='bbox 1627 1108 1850 1154; x_wconf 77' lang='lat' dir='ltr'><strong><em>PETRUS</em></strong></span> <span class='ocrx_word' id='word_1_39' title='bbox 1889 1107 2230 1155; x_wconf 66' lang='lat' dir='ltr'><strong><em>FELCKKANN</em></strong></span> <span class='ocrx_word' id='word_1_40' title='bbox 2239 1107 2306 1154; x_wconf 88' lang='lat' dir='ltr'><strong><em>US</em></strong></span> <span class='ocrx_word' id='word_1_41' title='bbox 2346 1107 2614 1154; x_wconf 76' lang='lat' dir='ltr'><strong><em>LECTORI.</em></strong></span> 
     </span>
    </p>
   </div>
   <div class='ocr_carea' id='block_1_8' title="bbox 500 1206 3807 1284">
    <p class='ocr_par' dir='ltr' id='par_1_8' title="bbox 500 1206 3807 1284">
     <span class='ocr_line' id='line_1_8' title="bbox 500 1206 3807 1284; baseline 0.003 -25"><span class='ocrx_word' id='word_1_42' title='bbox 500 1230 521 1259; x_wconf 78' lang='lat' dir='ltr'><strong><em>s</em></strong></span> <span class='ocrx_word' id='word_1_43' title='bbox 559 1209 698 1266; x_wconf 85' lang='lat' dir='ltr'><strong><em>Cum</em></strong></span> <span class='ocrx_word' id='word_1_44' title='bbox 723 1209 1068 1281; x_wconf 88' lang='lat' dir='ltr'><strong><em>praemissam</em></strong></span> <span class='ocrx_word' id='word_1_45' title='bbox 1103 1209 1443 1280; x_wconf 76' lang='lat' dir='ltr'><strong><em>appendicem</em></strong></span> <span class='ocrx_word' id='word_1_46' title='bbox 1473 1209 1738 1281; x_wconf 76' lang='lat' dir='ltr'><strong><em>hucusque</em></strong></span> <span class='ocrx_word' id='word_1_47' title='bbox 1755 1209 1883 1279; x_wconf 88' lang='lat' dir='ltr'><strong><em>jam</em></strong></span> <span class='ocrx_word' id='word_1_48' title='bbox 1903 1206 2288 1279; x_wconf 86' lang='lat' dir='ltr'><strong><em>perduxissem,</em></strong></span> <span class='ocrx_word' id='word_1_49' title='bbox 2320 1208 2493 1265; x_wconf 81' lang='lat' dir='ltr'><strong><em>incidi</em></strong></span> <span class='ocrx_word' id='word_1_50' title='bbox 2512 1209 2570 1265; x_wconf 90' lang='lat' dir='ltr'><strong><em>in</em></strong></span> <span class='ocrx_word' id='word_1_51' title='bbox 2598 1224 2764 1282; x_wconf 80' lang='lat' dir='ltr'><strong><em>opera</em></strong></span> <span class='ocrx_word' id='word_1_52' title='bbox 2789 1209 3028 1282; x_wconf 77' lang='lat' dir='ltr'><strong><em>Luciferi</em></strong></span> <span class='ocrx_word' id='word_1_53' title='bbox 3059 1211 3286 1284; x_wconf 79' lang='lat' dir='ltr'><strong><em>episcopi</em></strong></span> <span class='ocrx_word' id='word_1_54' title='bbox 3318 1211 3644 1276; x_wconf 81' lang='lat' dir='ltr'><strong><em>Calaritani,</em></strong></span> <span class='ocrx_word' id='word_1_55' title='bbox 3701 1227 3807 1269; x_wconf 81' lang='lat' dir='ltr'><strong><em>cu-</em></strong></span> 
     </span>
    </p>
   </div>
   <div class='ocr_carea' id='block_1_9' title="bbox 409 1292 3806 1379">
    <p class='ocr_par' dir='ltr' id='par_1_9' title="bbox 409 1292 3806 1379">
     <span class='ocr_line' id='line_1_9' title="bbox 409 1292 3806 1379; baseline 0.001 -30"><span class='ocrx_word' id='word_1_56' title='bbox 409 1308 508 1379; x_wconf 69' lang='lat' dir='ltr'><strong><em>jus</em></strong></span> <span class='ocrx_word' id='word_1_57' title='bbox 547 1295 742 1352; x_wconf 85' lang='lat' dir='ltr'><strong><em>crebra</em></strong></span> <span class='ocrx_word' id='word_1_58' title='bbox 774 1299 826 1351; x_wconf 87' lang='lat' dir='ltr'><strong><em>et</em></strong></span> <span class='ocrx_word' id='word_1_59' title='bbox 853 1294 1072 1351; x_wconf 88' lang='lat' dir='ltr'><strong><em>laudata</em></strong></span> <span class='ocrx_word' id='word_1_60' title='bbox 1102 1296 1167 1351; x_wconf 89' lang='lat' dir='ltr'><strong><em>in</em></strong></span> <span class='ocrx_word' id='word_1_61' title='bbox 1196 1293 1498 1351; x_wconf 89' lang='lat' dir='ltr'><strong><em>Athanasio</em></strong></span> <span class='ocrx_word' id='word_1_62' title='bbox 1527 1299 1712 1351; x_wconf 82' lang='lat' dir='ltr'><strong><em>nostra</em></strong></span> <span class='ocrx_word' id='word_1_63' title='bbox 1741 1295 1960 1379; x_wconf 84' lang='lat' dir='ltr'><strong><em>mentio,</em></strong></span> <span class='ocrx_word' id='word_1_64' title='bbox 1983 1294 2100 1379; x_wconf 81' lang='lat' dir='ltr'><strong><em>jam</em></strong></span> <span class='ocrx_word' id='word_1_65' title='bbox 2119 1293 2244 1348; x_wconf 83' lang='lat' dir='ltr'><strong><em>olim</em></strong></span> <span class='ocrx_word' id='word_1_66' title='bbox 2274 1292 2496 1350; x_wconf 68' lang='lat' dir='ltr'><strong><em>Lutetia</em></strong></span> <span class='ocrx_word' id='word_1_67' title='bbox 2533 1310 2569 1350; x_wconf 90' lang='lat' dir='ltr'><strong><em>a</em></strong></span> <span class='ocrx_word' id='word_1_68' title='bbox 2616 1292 2816 1350; x_wconf 85' lang='lat' dir='ltr'><strong><em>Joanne</em></strong></span> <span class='ocrx_word' id='word_1_69' title='bbox 2873 1295 3007 1352; x_wconf 85' lang='lat' dir='ltr'><strong><em>Titio</em></strong></span> <span class='ocrx_word' id='word_1_70' title='bbox 3070 1301 3307 1369; x_wconf 88' lang='lat' dir='ltr'><strong><em>episcopo</em></strong></span> <span class='ocrx_word' id='word_1_71' title='bbox 3348 1297 3602 1354; x_wconf 83' lang='lat' dir='ltr'><strong><em>Meldensi</em></strong></span> <span class='ocrx_word' id='word_1_72' title='bbox 3639 1296 3806 1355; x_wconf 88' lang='lat' dir='ltr'><strong><em>edita.</em></strong></span> 
     </span>
    </p>
   </div>
   <div class='ocr_carea' id='block_1_10' title="bbox 421 1376 3812 1452">
    <p class='ocr_par' dir='ltr' id='par_1_10' title="bbox 421 1376 3812 1452">
     <span class='ocr_line' id='line_1_10' title="bbox 421 1376 3812 1452; baseline 0.001 -15"><span class='ocrx_word' id='word_1_73' title='bbox 421 1376 561 1450; x_wconf 66' lang='lat' dir='ltr'><strong><em>Qua!</em></strong></span> <span class='ocrx_word' id='word_1_74' title='bbox 595 1395 721 1436; x_wconf 86' lang='lat' dir='ltr'><strong><em>cum</em></strong></span> <span class='ocrx_word' id='word_1_75' title='bbox 751 1380 1137 1451; x_wconf 77' lang='lat' dir='ltr'><strong><em>pervolverem,</em></strong></span> <span class='ocrx_word' id='word_1_76' title='bbox 1169 1379 1340 1436; x_wconf 85' lang='lat' dir='ltr'><strong><em>incidi</em></strong></span> <span class='ocrx_word' id='word_1_77' title='bbox 1372 1383 1563 1436; x_wconf 85' lang='lat' dir='ltr'><strong><em>intres</em></strong></span> <span class='ocrx_word' id='word_1_78' title='bbox 1593 1378 1882 1436; x_wconf 77' lang='lat' dir='ltr'><strong><em>Athanasii</em></strong></span> <span class='ocrx_word' id='word_1_79' title='bbox 1910 1376 2184 1448; x_wconf 82' lang='lat' dir='ltr'><strong><em>epistolas,</em></strong></span> <span class='ocrx_word' id='word_1_80' title='bbox 2208 1379 2348 1437; x_wconf 90' lang='lat' dir='ltr'><strong><em>duas</em></strong></span> <span class='ocrx_word' id='word_1_81' title='bbox 2375 1380 2448 1436; x_wconf 91' lang='lat' dir='ltr'><strong><em>ad</em></strong></span> <span class='ocrx_word' id='word_1_82' title='bbox 2504 1381 2837 1452; x_wconf 83' lang='lat' dir='ltr'><strong><em>Luciferum.</em></strong></span> <span class='ocrx_word' id='word_1_83' title='bbox 2894 1388 2944 1439; x_wconf 90' lang='lat' dir='ltr'><strong><em>et</em></strong></span> <span class='ocrx_word' id='word_1_84' title='bbox 2980 1384 3200 1440; x_wconf 88' lang='lat' dir='ltr'><strong><em>tertiam</em></strong></span> <span class='ocrx_word' id='word_1_85' title='bbox 3255 1383 3325 1438; x_wconf 91' lang='lat' dir='ltr'><strong><em>ad</em></strong></span> <span class='ocrx_word' id='word_1_86' title='bbox 3367 1384 3626 1441; x_wconf 67' lang='lat' dir='ltr'><strong><em>solitariae</em></strong></span> <span class='ocrx_word' id='word_1_87' title='bbox 3682 1385 3812 1440; x_wconf 66' lang='lat' dir='ltr'><strong><em>vitae</em></strong></span> 
     </span>
    </p>
   </div>
   <div class='ocr_carea' id='block_1_11' title="bbox 413 1463 3813 1542">
    <p class='ocr_par' dir='ltr' id='par_1_11' title="bbox 413 1463 3813 1542">
     <span class='ocr_line' id='line_1_11' title="bbox 413 1463 3813 1542; baseline 0 -17"><span class='ocrx_word' id='word_1_88' title='bbox 413 1466 698 1528; x_wconf 89' lang='lat' dir='ltr'><strong><em>studiosos,</em></strong></span> <span class='ocrx_word' id='word_1_89' title='bbox 735 1481 969 1538; x_wconf 86' lang='lat' dir='ltr'><strong><em>quarum</em></strong></span> <span class='ocrx_word' id='word_1_90' title='bbox 994 1481 1060 1521; x_wconf 91' lang='lat' dir='ltr'><strong><em>ne</em></strong></span> <span class='ocrx_word' id='word_1_91' title='bbox 1090 1465 1245 1536; x_wconf 83' lang='lat' dir='ltr'><strong><em>fama</em></strong></span> <span class='ocrx_word' id='word_1_92' title='bbox 1279 1463 1496 1536; x_wconf 83' lang='lat' dir='ltr'><strong><em>quidem</em></strong></span> <span class='ocrx_word' id='word_1_93' title='bbox 1525 1468 1650 1520; x_wconf 89' lang='lat' dir='ltr'><strong><em>ante</em></strong></span> <span class='ocrx_word' id='word_1_94' title='bbox 1677 1463 1748 1518; x_wconf 93' lang='lat' dir='ltr'><strong><em>ad</em></strong></span> <span class='ocrx_word' id='word_1_95' title='bbox 1776 1479 1870 1520; x_wconf 90' lang='lat' dir='ltr'><strong><em>nos</em></strong></span> <span class='ocrx_word' id='word_1_96' title='bbox 1885 1471 2230 1534; x_wconf 83' lang='lat' dir='ltr'><strong><em>pervenerat.</em></strong></span> <span class='ocrx_word' id='word_1_97' title='bbox 2266 1464 2410 1532; x_wconf 84' lang='lat' dir='ltr'><strong><em>Quas</em></strong></span> <span class='ocrx_word' id='word_1_98' title='bbox 2435 1483 2554 1522; x_wconf 88' lang='lat' dir='ltr'><strong><em>cum</em></strong></span> <span class='ocrx_word' id='word_1_99' title='bbox 2584 1481 2655 1524; x_wconf 89' lang='lat' dir='ltr'><strong><em>ex</em></strong></span> <span class='ocrx_word' id='word_1_100' title='bbox 2684 1484 2858 1523; x_wconf 88' lang='lat' dir='ltr'><strong><em>rerum</em></strong></span> <span class='ocrx_word' id='word_1_101' title='bbox 2887 1485 3010 1525; x_wconf 83' lang='lat' dir='ltr'><strong><em>cum</em></strong></span> <span class='ocrx_word' id='word_1_102' title='bbox 3045 1470 3172 1526; x_wconf 89' lang='lat' dir='ltr'><strong><em>aliis</em></strong></span> <span class='ocrx_word' id='word_1_103' title='bbox 3224 1469 3513 1527; x_wconf 77' lang='lat' dir='ltr'><strong><em>Athanasii</em></strong></span> <span class='ocrx_word' id='word_1_104' title='bbox 3568 1471 3813 1542; x_wconf 73' lang='lat' dir='ltr'><strong><em>epistolis</em></strong></span> 
     </span>
    </p>
   </div>
   <div class='ocr_carea' id='block_1_12' title="bbox 413 1549 3813 1629">
    <p class='ocr_par' dir='ltr' id='par_1_12' title="bbox 413 1549 3813 1629">
     <span class='ocr_line' id='line_1_12' title="bbox 413 1549 3813 1629; baseline 0.001 -18"><span class='ocrx_word' id='word_1_105' title='bbox 413 1550 779 1612; x_wconf 75' lang='lat' dir='ltr'><strong><em>similitudine</em></strong></span> <span class='ocrx_word' id='word_1_106' title='bbox 817 1557 865 1607; x_wconf 89' lang='lat' dir='ltr'><strong><em>et</em></strong></span> <span class='ocrx_word' id='word_1_107' title='bbox 885 1551 1211 1606; x_wconf 80' lang='lat' dir='ltr'><strong><em>tractatione</em></strong></span> <span class='ocrx_word' id='word_1_108' title='bbox 1239 1550 1505 1622; x_wconf 84' lang='lat' dir='ltr'><strong><em>genuinas</em></strong></span> <span class='ocrx_word' id='word_1_109' title='bbox 1524 1564 1634 1606; x_wconf 83' lang='lat' dir='ltr'><strong><em>esse</em></strong></span> <span class='ocrx_word' id='word_1_110' title='bbox 1656 1549 1982 1618; x_wconf 72' lang='lat' dir='ltr'><strong><em>existimem,</em></strong></span> <span class='ocrx_word' id='word_1_111' title='bbox 2012 1549 2096 1606; x_wconf 81' lang='lat' dir='ltr'><strong><em>hic</em></strong></span> <span class='ocrx_word' id='word_1_112' title='bbox 2125 1552 2535 1624; x_wconf 79' lang='lat' dir='ltr'><strong><em>subjungendas</em></strong></span> <span class='ocrx_word' id='word_1_113' title='bbox 2564 1569 2677 1612; x_wconf 84' lang='lat' dir='ltr'><strong><em>esse</em></strong></span> <span class='ocrx_word' id='word_1_114' title='bbox 2705 1557 2926 1627; x_wconf 87' lang='lat' dir='ltr'><strong><em>putavi.</em></strong></span> <span class='ocrx_word' id='word_1_115' title='bbox 2957 1555 3030 1611; x_wconf 88' lang='lat' dir='ltr'><strong><em>Et</em></strong></span> <span class='ocrx_word' id='word_1_116' title='bbox 3057 1557 3189 1629; x_wconf 83' lang='lat' dir='ltr'><strong><em>quia</em></strong></span> <span class='ocrx_word' id='word_1_117' title='bbox 3219 1555 3398 1613; x_wconf 85' lang='lat' dir='ltr'><strong><em>eodem</em></strong></span> <span class='ocrx_word' id='word_1_118' title='bbox 3433 1571 3648 1629; x_wconf 85' lang='lat' dir='ltr'><strong><em>quoque</em></strong></span> <span class='ocrx_word' id='word_1_119' title='bbox 3676 1563 3813 1610; x_wconf 83' lang='lat' dir='ltr'><strong><em>tem-</em></strong></span> 
     </span>
    </p>
   </div>
   <div class='ocr_carea' id='block_1_13' title="bbox 411 1632 3808 1719">
    <p class='ocr_par' dir='ltr' id='par_1_13' title="bbox 411 1632 3808 1719">
     <span class='ocr_line' id='line_1_13' title="bbox 411 1632 3808 1719; baseline 0.002 -27"><span class='ocrx_word' id='word_1_120' title='bbox 411 1654 543 1713; x_wconf 84' lang='lat' dir='ltr'><strong><em>pore</em></strong></span> <span class='ocrx_word' id='word_1_121' title='bbox 579 1638 884 1709; x_wconf 81' lang='lat' dir='ltr'><strong><em>fragmenta</em></strong></span> <span class='ocrx_word' id='word_1_122' title='bbox 915 1635 1155 1710; x_wconf 69' lang='lat' dir='ltr'><strong><em>quendam</em></strong></span> <span class='ocrx_word' id='word_1_123' title='bbox 1187 1635 1704 1692; x_wconf 70' lang='lat' dir='ltr'><strong><em>Commentariorum</em></strong></span> <span class='ocrx_word' id='word_1_124' title='bbox 1730 1634 1907 1692; x_wconf 73' lang='lat' dir='ltr'><strong><em>sancti</em></strong></span> <span class='ocrx_word' id='word_1_125' title='bbox 1940 1632 2101 1706; x_wconf 82' lang='lat' dir='ltr'><strong><em>hujus</em></strong></span> <span class='ocrx_word' id='word_1_126' title='bbox 2127 1637 2301 1694; x_wconf 81' lang='lat' dir='ltr'><strong><em>nostri</em></strong></span> <span class='ocrx_word' id='word_1_127' title='bbox 2331 1638 2393 1694; x_wconf 90' lang='lat' dir='ltr'><strong><em>in</em></strong></span> <span class='ocrx_word' id='word_1_128' title='bbox 2429 1639 2657 1709; x_wconf 77' lang='lat' dir='ltr'><strong><em>psalmos</em></strong></span> <span class='ocrx_word' id='word_1_129' title='bbox 2687 1640 2741 1694; x_wconf 89' lang='lat' dir='ltr'><strong><em>in</em></strong></span> <span class='ocrx_word' id='word_1_130' title='bbox 2794 1641 3033 1719; x_wconf 77' lang='grc' dir='ltr'>συλλογῇ</span> <span class='ocrx_word' id='word_1_131' title='bbox 3096 1639 3297 1698; x_wconf 71' lang='lat' dir='ltr'><strong><em>Nicetas</em></strong></span> <span class='ocrx_word' id='word_1_132' title='bbox 3349 1640 3690 1699; x_wconf 68' lang='lat' dir='ltr'><strong><em>Heracbeota:</em></strong></span> <span class='ocrx_word' id='word_1_133' title='bbox 3748 1642 3808 1696; x_wconf 85' lang='lat' dir='ltr'><strong><em>in</em></strong></span> 
     </span>
    </p>
   </div>
   <div class='ocr_carea' id='block_1_14' title="bbox 418 1728 3809 1810">
    <p class='ocr_par' dir='ltr' id='par_1_14' title="bbox 418 1728 3809 1810">
     <span class='ocr_line' id='line_1_14' title="bbox 418 1728 3809 1810; baseline 0.001 -21"><span class='ocrx_word' id='word_1_134' title='bbox 418 1729 672 1789; x_wconf 86' lang='lat' dir='ltr'><strong><em>Biblioth.</em></strong></span> <span class='ocrx_word' id='word_1_135' title='bbox 717 1728 967 1785; x_wconf 90' lang='lat' dir='ltr'><strong><em>Palatina</em></strong></span> <span class='ocrx_word' id='word_1_136' title='bbox 995 1731 1193 1802; x_wconf 81' lang='lat' dir='ltr'><strong><em>reperi,</em></strong></span> <span class='ocrx_word' id='word_1_137' title='bbox 1227 1729 1407 1786; x_wconf 89' lang='lat' dir='ltr'><strong><em>eadem</em></strong></span> <span class='ocrx_word' id='word_1_138' title='bbox 1438 1730 1712 1794; x_wconf 84' lang='lat' dir='ltr'><strong><em>similiter,</em></strong></span> <span class='ocrx_word' id='word_1_139' title='bbox 1754 1728 1917 1786; x_wconf 87' lang='lat' dir='ltr'><strong><em>donec</em></strong></span> <span class='ocrx_word' id='word_1_140' title='bbox 1936 1729 2151 1802; x_wconf 81' lang='lat' dir='ltr'><strong><em>integra</em></strong></span> <span class='ocrx_word' id='word_1_141' title='bbox 2177 1734 2405 1791; x_wconf 85' lang='lat' dir='ltr'><strong><em>aliunde</em></strong></span> <span class='ocrx_word' id='word_1_142' title='bbox 2428 1735 2722 1806; x_wconf 81' lang='lat' dir='ltr'><strong><em>prodeant,</em></strong></span> <span class='ocrx_word' id='word_1_143' title='bbox 2751 1733 2925 1806; x_wconf 88' lang='lat' dir='ltr'><strong><em>adjeci</em></strong></span> <span class='ocrx_word' id='word_1_144' title='bbox 2952 1736 3316 1794; x_wconf 85' lang='lat' dir='ltr'><strong><em>tumultuario</em></strong></span> <span class='ocrx_word' id='word_1_145' title='bbox 3353 1752 3504 1810; x_wconf 90' lang='lat' dir='ltr'><strong><em>opere</em></strong></span> <span class='ocrx_word' id='word_1_146' title='bbox 3531 1737 3809 1809; x_wconf 81' lang='lat' dir='ltr'><strong><em>festinan-</em></strong></span> 
     </span>
    </p>
   </div>
   <div class='ocr_carea' id='block_1_15' title="bbox 421 1810 3814 1892">
    <p class='ocr_par' dir='ltr' id='par_1_15' title="bbox 421 1810 3814 1892">
     <span class='ocr_line' id='line_1_15' title="bbox 421 1810 3814 1892; baseline 0.002 -21"><span class='ocrx_word' id='word_1_147' title='bbox 421 1817 565 1874; x_wconf 89' lang='lat' dir='ltr'><strong><em>tibus</em></strong></span> <span class='ocrx_word' id='word_1_148' title='bbox 592 1815 753 1886; x_wconf 88' lang='lat' dir='ltr'><strong><em>perlis</em></strong></span> <span class='ocrx_word' id='word_1_149' title='bbox 791 1829 821 1864; x_wconf 84' lang='grc' dir='ltr'>α</span> <span class='ocrx_word' id='word_1_150' title='bbox 853 1829 933 1868; x_wconf 90' lang='lat' dir='ltr'><strong><em>me</em></strong></span> <span class='ocrx_word' id='word_1_151' title='bbox 968 1828 1145 1869; x_wconf 86' lang='lat' dir='ltr'><strong><em>versa.</em></strong></span> <span class='ocrx_word' id='word_1_152' title='bbox 1181 1810 1494 1885; x_wconf 83' lang='lat' dir='ltr'><strong><em>Quanquam</em></strong></span> <span class='ocrx_word' id='word_1_153' title='bbox 1521 1813 1760 1882; x_wconf 82' lang='lat' dir='ltr'><strong><em>fortasse</em></strong></span> <span class='ocrx_word' id='word_1_154' title='bbox 1779 1829 1888 1868; x_wconf 83' lang='lat' dir='ltr'><strong><em>non</em></strong></span> <span class='ocrx_word' id='word_1_155' title='bbox 1917 1818 2100 1871; x_wconf 81' lang='lat' dir='ltr'><strong><em>omnia</em></strong></span> <span class='ocrx_word' id='word_1_156' title='bbox 2136 1834 2253 1888; x_wconf 78' lang='lat' dir='ltr'><strong><em>quae</em></strong></span> <span class='ocrx_word' id='word_1_157' title='bbox 2281 1817 2501 1875; x_wconf 84' lang='lat' dir='ltr'><strong><em>Nicetas</em></strong></span> <span class='ocrx_word' id='word_1_158' title='bbox 2549 1835 2615 1876; x_wconf 74' lang='lat' dir='ltr'><strong><em>ex</em></strong></span> <span class='ocrx_word' id='word_1_159' title='bbox 2665 1819 2781 1876; x_wconf 86' lang='lat' dir='ltr'><strong><em>illis</em></strong></span> <span class='ocrx_word' id='word_1_160' title='bbox 2843 1820 3130 1892; x_wconf 85' lang='lat' dir='ltr'><strong><em>decerpsit.</em></strong></span> <span class='ocrx_word' id='word_1_161' title='bbox 3183 1821 3399 1879; x_wconf 87' lang='lat' dir='ltr'><strong><em>damus.</em></strong></span> <span class='ocrx_word' id='word_1_162' title='bbox 3452 1821 3588 1876; x_wconf 86' lang='lat' dir='ltr'><strong><em>Nam</em></strong></span> <span class='ocrx_word' id='word_1_163' title='bbox 3639 1821 3814 1880; x_wconf 86' lang='lat' dir='ltr'><strong><em>codex</em></strong></span> 
     </span>
    </p>
   </div>
   <div class='ocr_carea' id='block_1_16' title="bbox 418 1896 3809 1978">
    <p class='ocr_par' dir='ltr' id='par_1_16' title="bbox 418 1896 3809 1978">
     <span class='ocr_line' id='line_1_16' title="bbox 418 1896 3809 1978; baseline 0.001 -20"><span class='ocrx_word' id='word_1_164' title='bbox 418 1919 520 1975; x_wconf 86' lang='lat' dir='ltr'><strong><em>quo</em></strong></span> <span class='ocrx_word' id='word_1_165' title='bbox 551 1901 637 1957; x_wconf 86' lang='lat' dir='ltr'><strong><em>usi</em></strong></span> <span class='ocrx_word' id='word_1_166' title='bbox 670 1913 850 1954; x_wconf 84' lang='lat' dir='ltr'><strong><em>sumus</em></strong></span> <span class='ocrx_word' id='word_1_167' title='bbox 879 1900 936 1952; x_wconf 88' lang='lat' dir='ltr'><strong><em>in</em></strong></span> <span class='ocrx_word' id='word_1_168' title='bbox 969 1898 1164 1971; x_wconf 88' lang='lat' dir='ltr'><strong><em>psalm.</em></strong></span> <span class='ocrx_word' id='word_1_169' title='bbox 1201 1908 1372 1954; x_wconf 76' lang='lat' dir='ltr'><strong>LXXVl</strong></span> <span class='ocrx_word' id='word_1_170' title='bbox 1405 1896 1704 1967; x_wconf 76' lang='lat' dir='ltr'><strong><em>deﬁciebat.</em></strong></span> <span class='ocrx_word' id='word_1_171' title='bbox 1747 1897 1818 1955; x_wconf 87' lang='lat' dir='ltr'><strong><em>Et</em></strong></span> <span class='ocrx_word' id='word_1_172' title='bbox 1845 1900 2146 1960; x_wconf 86' lang='lat' dir='ltr'><strong><em>verisimile</em></strong></span> <span class='ocrx_word' id='word_1_173' title='bbox 2173 1919 2280 1959; x_wconf 89' lang='lat' dir='ltr'><strong><em>non</em></strong></span> <span class='ocrx_word' id='word_1_174' title='bbox 2318 1911 2395 1960; x_wconf 90' lang='lat' dir='ltr'><strong><em>est</em></strong></span> <span class='ocrx_word' id='word_1_175' title='bbox 2423 1900 2664 1960; x_wconf 88' lang='lat' dir='ltr'><strong><em>Nicetam</em></strong></span> <span class='ocrx_word' id='word_1_176' title='bbox 2689 1904 2750 1959; x_wconf 86' lang='lat' dir='ltr'><strong><em>in</em></strong></span> <span class='ocrx_word' id='word_1_177' title='bbox 2786 1904 2996 1977; x_wconf 89' lang='lat' dir='ltr'><strong><em>reliqua</em></strong></span> <span class='ocrx_word' id='word_1_178' title='bbox 3019 1904 3362 1978; x_wconf 86' lang='lat' dir='ltr'><strong><em>psalmorum</em></strong></span> <span class='ocrx_word' id='word_1_179' title='bbox 3408 1910 3564 1978; x_wconf 73' lang='lat' dir='ltr'><strong><em>parte</em></strong></span> <span class='ocrx_word' id='word_1_180' title='bbox 3623 1905 3809 1963; x_wconf 85' lang='lat' dir='ltr'><strong><em>Atha-</em></strong></span> 
     </span>
    </p>
   </div>
   <div class='ocr_carea' id='block_1_17' title="bbox 418 1983 3770 2058">
    <p class='ocr_par' dir='ltr' id='par_1_17' title="bbox 418 1983 3770 2058">
     <span class='ocr_line' id='line_1_17' title="bbox 418 1983 3770 2058; baseline 0.001 -13"><span class='ocrx_word' id='word_1_181' title='bbox 418 1987 566 2045; x_wconf 84' lang='lat' dir='ltr'><strong><em>nasii</em></strong></span> <span class='ocrx_word' id='word_1_182' title='bbox 593 1985 997 2058; x_wconf 70' lang='lat' dir='ltr'><strong><em>explicationes,</em></strong></span> <span class='ocrx_word' id='word_1_183' title='bbox 1021 1999 1156 2055; x_wconf 88' lang='lat' dir='ltr'><strong><em>quas</em></strong></span> <span class='ocrx_word' id='word_1_184' title='bbox 1191 1989 1415 2040; x_wconf 83' lang='lat' dir='ltr'><strong><em>eatenus</em></strong></span> <span class='ocrx_word' id='word_1_185' title='bbox 1443 1992 1556 2038; x_wconf 88' lang='lat' dir='ltr'><strong><em>tam</em></strong></span> <span class='ocrx_word' id='word_1_186' title='bbox 1593 1983 1903 2055; x_wconf 78' lang='lat' dir='ltr'><strong><em>frcpusnter</em></strong></span> <span class='ocrx_word' id='word_1_187' title='bbox 1941 1987 2094 2052; x_wconf 84' lang='lat' dir='ltr'><strong><em>citat,</em></strong></span> <span class='ocrx_word' id='word_1_188' title='bbox 2129 1989 2391 2047; x_wconf 82' lang='lat' dir='ltr'><strong><em>omisisse‘</em></strong></span> <span class='ocrx_word' id='word_1_189' title='bbox 3768 1999 3770 2004; x_wconf 86' lang='lat'>&#39;</span> 
     </span>
    </p>
   </div>
   <div class='ocr_carea' id='block_1_18' title="bbox 497 2068 3807 2148">
    <p class='ocr_par' dir='ltr' id='par_1_18' title="bbox 497 2068 3807 2148">
     <span class='ocr_line' id='line_1_18' title="bbox 497 2068 3807 2148; baseline 0.002 -22"><span class='ocrx_word' id='word_1_190' title='bbox 497 2093 522 2126; x_wconf 75' lang='grc' dir='ltr'><strong>ε</strong></span> <span class='ocrx_word' id='word_1_191' title='bbox 548 2073 782 2146; x_wconf 83' lang='lat' dir='ltr'><strong><em>Denique</em></strong></span> <span class='ocrx_word' id='word_1_192' title='bbox 805 2071 1006 2128; x_wconf 87' lang='lat' dir='ltr'><strong><em>brevem</em></strong></span> <span class='ocrx_word' id='word_1_193' title='bbox 1037 2070 1336 2126; x_wconf 80' lang='lat' dir='ltr'><strong><em>Athanasii</em></strong></span> <span class='ocrx_word' id='word_1_194' title='bbox 1378 2068 1776 2134; x_wconf 83' lang='lat' dir='ltr'><strong><em>sententiolam,</em></strong></span> <span class='ocrx_word' id='word_1_195' title='bbox 1813 2077 1864 2123; x_wconf 93' lang='lat' dir='ltr'><strong><em>et</em></strong></span> <span class='ocrx_word' id='word_1_196' title='bbox 1895 2069 2130 2128; x_wconf 88' lang='lat' dir='ltr'><strong><em>locorum</em></strong></span> <span class='ocrx_word' id='word_1_197' title='bbox 2156 2075 2504 2146; x_wconf 86' lang='lat' dir='ltr'><strong><em>quorumdam</em></strong></span> <span class='ocrx_word' id='word_1_198' title='bbox 2556 2076 2742 2132; x_wconf 86' lang='lat' dir='ltr'><strong><em>varias</em></strong></span> <span class='ocrx_word' id='word_1_199' title='bbox 2794 2075 3046 2134; x_wconf 61' lang='lat' dir='ltr'><strong><em>lectiones</em></strong></span> <span class='ocrx_word' id='word_1_200' title='bbox 3076 2075 3146 2131; x_wconf 89' lang='lat' dir='ltr'><strong><em>ad</em></strong></span> <span class='ocrx_word' id='word_1_201' title='bbox 3181 2075 3346 2148; x_wconf 75' lang='lat' dir='ltr'><strong><em>ﬁnem</em></strong></span> <span class='ocrx_word' id='word_1_202' title='bbox 3407 2076 3651 2147; x_wconf 86' lang='lat' dir='ltr'><strong><em>subdidi,</em></strong></span> <span class='ocrx_word' id='word_1_203' title='bbox 3710 2079 3807 2135; x_wconf 87' lang='lat' dir='ltr'><strong><em>de-</em></strong></span> 
     </span>
    </p>
   </div>
   <div class='ocr_carea' id='block_1_19' title="bbox 414 2154 3807 2233">
    <p class='ocr_par' dir='ltr' id='par_1_19' title="bbox 414 2154 3807 2233">
     <span class='ocr_line' id='line_1_19' title="bbox 414 2154 3807 2233; baseline 0.002 -21"><span class='ocrx_word' id='word_1_204' title='bbox 414 2166 690 2232; x_wconf 87' lang='lat' dir='ltr'><strong><em>promptas</em></strong></span> <span class='ocrx_word' id='word_1_205' title='bbox 711 2173 781 2215; x_wconf 89' lang='lat' dir='ltr'><strong><em>ex</em></strong></span> <span class='ocrx_word' id='word_1_206' title='bbox 799 2155 1156 2214; x_wconf 87' lang='lat' dir='ltr'><strong><em>vetustissimo</em></strong></span> <span class='ocrx_word' id='word_1_207' title='bbox 1183 2154 1364 2211; x_wconf 86' lang='lat' dir='ltr'><strong><em>codice</em></strong></span> <span class='ocrx_word' id='word_1_208' title='bbox 1392 2154 1653 2212; x_wconf 85' lang='lat' dir='ltr'><strong><em>Biblioth.</em></strong></span> <span class='ocrx_word' id='word_1_209' title='bbox 1679 2156 1968 2226; x_wconf 77' lang='lat' dir='ltr'><strong><em>Palatinae,</em></strong></span> <span class='ocrx_word' id='word_1_210' title='bbox 1998 2157 2090 2228; x_wconf 91' lang='lat' dir='ltr'><strong><em>qui</em></strong></span> <span class='ocrx_word' id='word_1_211' title='bbox 2115 2161 2424 2218; x_wconf 83' lang='lat' dir='ltr'><strong><em>continebat</em></strong></span> <span class='ocrx_word' id='word_1_212' title='bbox 2471 2161 2702 2218; x_wconf 85' lang='lat' dir='ltr'><strong><em>similem</em></strong></span> <span class='ocrx_word' id='word_1_213' title='bbox 2749 2168 2999 2218; x_wconf 86' lang='lat' dir='ltr'><strong><em>catenam</em></strong></span> <span class='ocrx_word' id='word_1_214' title='bbox 3067 2161 3452 2233; x_wconf 71' lang='lat' dir='ltr'><strong><em>expositionum</em></strong></span> <span class='ocrx_word' id='word_1_215' title='bbox 3489 2163 3550 2218; x_wconf 91' lang='lat' dir='ltr'><strong><em>in</em></strong></span> <span class='ocrx_word' id='word_1_216' title='bbox 3593 2160 3807 2231; x_wconf 82' lang='lat' dir='ltr'><strong><em>Jobum,</em></strong></span> 
     </span>
    </p>
   </div>
   <div class='ocr_carea' id='block_1_20' title="bbox 419 2238 3809 2320">
    <p class='ocr_par' dir='ltr' id='par_1_20' title="bbox 419 2238 3809 2320">
     <span class='ocr_line' id='line_1_20' title="bbox 419 2238 3809 2320; baseline 0.001 -20"><span class='ocrx_word' id='word_1_217' title='bbox 419 2244 486 2300; x_wconf 91' lang='lat' dir='ltr'><strong><em>ab</em></strong></span> <span class='ocrx_word' id='word_1_218' title='bbox 525 2245 730 2301; x_wconf 89' lang='lat' dir='ltr'><strong><em>incerto</em></strong></span> <span class='ocrx_word' id='word_1_219' title='bbox 759 2252 980 2299; x_wconf 86' lang='lat' dir='ltr'><strong><em>auctore</em></strong></span> <span class='ocrx_word' id='word_1_220' title='bbox 1006 2242 1414 2298; x_wconf 86' lang='lat' dir='ltr'><strong><em>concinnatam.</em></strong></span> <span class='ocrx_word' id='word_1_221' title='bbox 1459 2240 1536 2298; x_wconf 69' lang='grc' dir='ltr'><strong><em>’ῆι</em></strong></span> <span class='ocrx_word' id='word_1_222' title='bbox 1563 2257 1708 2310; x_wconf 88' lang='lat' dir='ltr'><strong><em>vero,</em></strong></span> <span class='ocrx_word' id='word_1_223' title='bbox 1747 2240 1986 2299; x_wconf 84' lang='lat' dir='ltr'><strong><em>benevole</em></strong></span> <span class='ocrx_word' id='word_1_224' title='bbox 2007 2242 2190 2312; x_wconf 87' lang='lat' dir='ltr'><strong><em>lector,</em></strong></span> <span class='ocrx_word' id='word_1_225' title='bbox 2211 2247 2515 2304; x_wconf 89' lang='lat' dir='ltr'><strong><em>auctarium</em></strong></span> <span class='ocrx_word' id='word_1_226' title='bbox 2544 2246 2698 2303; x_wconf 84' lang='lat' dir='ltr'><strong><em>hocce</em></strong></span> <span class='ocrx_word' id='word_1_227' title='bbox 2741 2238 2989 2304; x_wconf 81' lang='lat' dir='ltr'><strong><em>benevole</em></strong></span> <span class='ocrx_word' id='word_1_228' title='bbox 3016 2254 3314 2319; x_wconf 68' lang='lat' dir='ltr'><strong><em>acceptare,</em></strong></span> <span class='ocrx_word' id='word_1_229' title='bbox 3355 2247 3648 2320; x_wconf 77' lang='lat' dir='ltr'><strong><em>nostrisque</em></strong></span> <span class='ocrx_word' id='word_1_230' title='bbox 3675 2255 3809 2306; x_wconf 85' lang='lat' dir='ltr'><strong><em>stu-</em></strong></span> 
     </span>
    </p>
   </div>
   <div class='ocr_carea' id='block_1_21' title="bbox 420 2325 1716 2402">
    <p class='ocr_par' dir='ltr' id='par_1_21' title="bbox 420 2325 1716 2402">
     <span class='ocr_line' id='line_1_21' title="bbox 420 2325 1716 2402; baseline -0.004 -17"><span class='ocrx_word' id='word_1_231' title='bbox 420 2329 528 2387; x_wconf 86' lang='lat' dir='ltr'><strong><em>diis</em></strong></span> <span class='ocrx_word' id='word_1_232' title='bbox 555 2330 735 2402; x_wconf 81' lang='lat' dir='ltr'><strong><em>favere</em></strong></span> <span class='ocrx_word' id='word_1_233' title='bbox 774 2327 906 2385; x_wconf 86' lang='lat' dir='ltr'><strong><em>velis</em></strong></span> <span class='ocrx_word' id='word_1_234' title='bbox 935 2345 1046 2384; x_wconf 91' lang='lat' dir='ltr'><strong><em>oro.</em></strong></span> <span class='ocrx_word' id='word_1_235' title='bbox 1082 2347 1104 2378; x_wconf 76' lang='grc' dir='ltr'><strong>ι</strong></span> <span class='ocrx_word' id='word_1_236' title='bbox 1142 2325 1265 2382; x_wconf 71' lang='lat' dir='ltr'><strong><em>Hac</em></strong></span> <span class='ocrx_word' id='word_1_237' title='bbox 1297 2325 1716 2383; x_wconf 84' lang='lat' dir='ltr'><strong><em>Felckmannus.</em></strong></span> 
     </span>
    </p>
   </div>
   <div class='ocr_carea' id='block_1_22' title="bbox 494 2401 3810 2489">
    <p class='ocr_par' dir='ltr' id='par_1_22' title="bbox 494 2401 3810 2489">
     <span class='ocr_line' id='line_1_22' title="bbox 494 2401 3810 2489; baseline -0 -17"><span class='ocrx_word' id='word_1_238' title='bbox 494 2401 760 2488; x_wconf 86' lang='lat' dir='ltr'><strong><em>Epistolas</em></strong></span> <span class='ocrx_word' id='word_1_239' title='bbox 784 2428 956 2488; x_wconf 85' lang='lat' dir='ltr'><strong><em>porro</em></strong></span> <span class='ocrx_word' id='word_1_240' title='bbox 990 2418 1307 2471; x_wconf 86' lang='lat' dir='ltr'><strong><em>memoratas</em></strong></span> <span class='ocrx_word' id='word_1_241' title='bbox 1348 2429 1385 2469; x_wconf 90' lang='lat' dir='ltr'><strong><em>a</em></strong></span> <span class='ocrx_word' id='word_1_242' title='bbox 1405 2401 1767 2470; x_wconf 77' lang='lat' dir='ltr'><strong><em>Felcltmanno</em></strong></span> <span class='ocrx_word' id='word_1_243' title='bbox 1797 2412 1868 2467; x_wconf 88' lang='lat' dir='ltr'><strong><em>ad</em></strong></span> <span class='ocrx_word' id='word_1_244' title='bbox 1919 2412 2232 2484; x_wconf 86' lang='lat' dir='ltr'><strong><em>Luciferum</em></strong></span> <span class='ocrx_word' id='word_1_245' title='bbox 2294 2421 2346 2473; x_wconf 93' lang='lat' dir='ltr'><strong><em>et</em></strong></span> <span class='ocrx_word' id='word_1_246' title='bbox 2375 2415 2447 2471; x_wconf 91' lang='lat' dir='ltr'><strong><em>ad</em></strong></span> <span class='ocrx_word' id='word_1_247' title='bbox 2503 2415 2814 2480; x_wconf 83' lang='lat' dir='ltr'><strong><em>monachos.</em></strong></span> <span class='ocrx_word' id='word_1_248' title='bbox 2880 2413 3139 2474; x_wconf 85' lang='lat' dir='ltr'><strong><em>edidimus</em></strong></span> <span class='ocrx_word' id='word_1_249' title='bbox 3210 2431 3403 2489; x_wconf 88' lang='lat' dir='ltr'><strong><em>supra.</em></strong></span> <span class='ocrx_word' id='word_1_250' title='bbox 3447 2415 3571 2473; x_wconf 70' lang='lat' dir='ltr'><strong><em>Hoc</em></strong></span> <span class='ocrx_word' id='word_1_251' title='bbox 3633 2422 3810 2472; x_wconf 69' lang='lat' dir='ltr'><strong><em>autem</em></strong></span> 
     </span>
    </p>
   </div>
   <div class='ocr_carea' id='block_1_23' title="bbox 420 2497 3803 2573">
    <p class='ocr_par' dir='ltr' id='par_1_23' title="bbox 420 2497 3803 2573">
     <span class='ocr_line' id='line_1_23' title="bbox 420 2497 3803 2573; baseline 0 -18"><span class='ocrx_word' id='word_1_252' title='bbox 420 2501 726 2573; x_wconf 84' lang='lat' dir='ltr'><strong><em>fragmenta</em></strong></span> <span class='ocrx_word' id='word_1_253' title='bbox 754 2497 898 2571; x_wconf 89' lang='lat' dir='ltr'><strong><em>quod</em></strong></span> <span class='ocrx_word' id='word_1_254' title='bbox 925 2503 1142 2572; x_wconf 86' lang='lat' dir='ltr'><strong><em>spectat,</em></strong></span> <span class='ocrx_word' id='word_1_255' title='bbox 1184 2497 1561 2554; x_wconf 84' lang='lat' dir='ltr'><strong><em>consimillima</em></strong></span> <span class='ocrx_word' id='word_1_256' title='bbox 1583 2497 1683 2556; x_wconf 91' lang='lat' dir='ltr'><strong><em>illa</em></strong></span> <span class='ocrx_word' id='word_1_257' title='bbox 1709 2504 1848 2564; x_wconf 90' lang='lat' dir='ltr'><strong><em>sunt,</em></strong></span> <span class='ocrx_word' id='word_1_258' title='bbox 1875 2498 2215 2570; x_wconf 83' lang='lat' dir='ltr'><strong><em>paucissimis</em></strong></span> <span class='ocrx_word' id='word_1_259' title='bbox 2251 2500 2508 2572; x_wconf 87' lang='lat' dir='ltr'><strong><em>exceptis,</em></strong></span> <span class='ocrx_word' id='word_1_260' title='bbox 2548 2499 2969 2569; x_wconf 75' lang='lat' dir='ltr'><strong><em>expositionibus</em></strong></span> <span class='ocrx_word' id='word_1_261' title='bbox 3047 2501 3350 2558; x_wconf 82' lang='lat' dir='ltr'><strong><em>Athanasii</em></strong></span> <span class='ocrx_word' id='word_1_262' title='bbox 3403 2515 3574 2573; x_wconf 88' lang='lat' dir='ltr'><strong><em>supra</em></strong></span> <span class='ocrx_word' id='word_1_263' title='bbox 3618 2499 3803 2558; x_wconf 86' lang='lat' dir='ltr'><strong><em>editis.</em></strong></span> 
     </span>
    </p>
   </div>
   <div class='ocr_carea' id='block_1_24' title="bbox 425 2579 3810 2658">
    <p class='ocr_par' dir='ltr' id='par_1_24' title="bbox 425 2579 3810 2658">
     <span class='ocr_line' id='line_1_24' title="bbox 425 2579 3810 2658; baseline 0.001 -18"><span class='ocrx_word' id='word_1_264' title='bbox 425 2585 576 2652; x_wconf 80' lang='lat' dir='ltr'><strong><em>Quod</em></strong></span> <span class='ocrx_word' id='word_1_265' title='bbox 594 2585 642 2640; x_wconf 85' lang='lat' dir='ltr'><strong><em>si</em></strong></span> <span class='ocrx_word' id='word_1_266' title='bbox 661 2583 976 2658; x_wconf 87' lang='lat' dir='ltr'><strong><em>quandoque</em></strong></span> <span class='ocrx_word' id='word_1_267' title='bbox 1004 2582 1268 2638; x_wconf 86' lang='lat' dir='ltr'><strong><em>nonnulla</em></strong></span> <span class='ocrx_word' id='word_1_268' title='bbox 1290 2590 1591 2638; x_wconf 87' lang='lat' dir='ltr'><strong><em>occurrant</em></strong></span> <span class='ocrx_word' id='word_1_269' title='bbox 1618 2598 1740 2652; x_wconf 81' lang='lat' dir='ltr'><strong><em>quae</em></strong></span> <span class='ocrx_word' id='word_1_270' title='bbox 1768 2582 1824 2635; x_wconf 91' lang='lat' dir='ltr'><strong><em>in</em></strong></span> <span class='ocrx_word' id='word_1_271' title='bbox 1857 2579 2287 2654; x_wconf 75' lang='lat' dir='ltr'><strong><em>Expositionibus</em></strong></span> <span class='ocrx_word' id='word_1_272' title='bbox 2317 2601 2426 2643; x_wconf 90' lang='lat' dir='ltr'><strong><em>non</em></strong></span> <span class='ocrx_word' id='word_1_273' title='bbox 2453 2590 2820 2657; x_wconf 83' lang='lat' dir='ltr'><strong><em>compareant,</em></strong></span> <span class='ocrx_word' id='word_1_274' title='bbox 2847 2601 2953 2642; x_wconf 90' lang='lat' dir='ltr'><strong><em>non</em></strong></span> <span class='ocrx_word' id='word_1_275' title='bbox 2982 2584 3102 2642; x_wconf 92' lang='lat' dir='ltr'><strong><em>ideo</em></strong></span> <span class='ocrx_word' id='word_1_276' title='bbox 3134 2585 3490 2658; x_wconf 86' lang='lat' dir='ltr'><strong><em>repudianda,</em></strong></span> <span class='ocrx_word' id='word_1_277' title='bbox 3525 2592 3574 2643; x_wconf 89' lang='lat' dir='ltr'><strong><em>et</em></strong></span> <span class='ocrx_word' id='word_1_278' title='bbox 3622 2586 3810 2644; x_wconf 76' lang='lat' dir='ltr'><strong><em>Atha-</em></strong></span> 
     </span>
    </p>
   </div>
   <div class='ocr_carea' id='block_1_25' title="bbox 422 2664 3810 2744">
    <p class='ocr_par' dir='ltr' id='par_1_25' title="bbox 422 2664 3810 2744">
     <span class='ocr_line' id='line_1_25' title="bbox 422 2664 3810 2744; baseline 0 -18"><span class='ocrx_word' id='word_1_279' title='bbox 422 2669 587 2726; x_wconf 86' lang='lat' dir='ltr'><strong><em>nasio</em></strong></span> <span class='ocrx_word' id='word_1_280' title='bbox 620 2666 995 2741; x_wconf 81' lang='lat' dir='ltr'><strong><em>abjudicanda;</em></strong></span> <span class='ocrx_word' id='word_1_281' title='bbox 1022 2682 1168 2730; x_wconf 86' lang='lat' dir='ltr'><strong><em>nam.</em></strong></span> <span class='ocrx_word' id='word_1_282' title='bbox 1207 2665 1345 2738; x_wconf 87' lang='lat' dir='ltr'><strong><em>quod</em></strong></span> <span class='ocrx_word' id='word_1_283' title='bbox 1373 2667 1679 2723; x_wconf 81' lang='lat' dir='ltr'><strong><em>observasse</em></strong></span> <span class='ocrx_word' id='word_1_284' title='bbox 1700 2664 1932 2737; x_wconf 85' lang='lat' dir='ltr'><strong><em>juvabit,</em></strong></span> <span class='ocrx_word' id='word_1_285' title='bbox 1965 2667 2036 2722; x_wconf 90' lang='lat' dir='ltr'><strong><em>ad</em></strong></span> <span class='ocrx_word' id='word_1_286' title='bbox 2055 2683 2142 2726; x_wconf 81' lang='lat' dir='ltr'><strong><em>eos</em></strong></span> <span class='ocrx_word' id='word_1_287' title='bbox 2167 2670 2499 2742; x_wconf 86' lang='lat' dir='ltr'><strong><em>psalmorum</em></strong></span> <span class='ocrx_word' id='word_1_288' title='bbox 2535 2686 2722 2728; x_wconf 81' lang='lat' dir='ltr'><strong><em>versus</em></strong></span> <span class='ocrx_word' id='word_1_289' title='bbox 2759 2670 3047 2742; x_wconf 86' lang='lat' dir='ltr'><strong><em>pertinent,</em></strong></span> <span class='ocrx_word' id='word_1_290' title='bbox 3072 2686 3297 2744; x_wconf 83' lang='lat' dir='ltr'><strong><em>quorum</em></strong></span> <span class='ocrx_word' id='word_1_291' title='bbox 3349 2671 3645 2744; x_wconf 70' lang='lat' dir='ltr'><strong><em>explicatio</em></strong></span> <span class='ocrx_word' id='word_1_292' title='bbox 3695 2687 3810 2727; x_wconf 75' lang='lat' dir='ltr'><strong><em>non</em></strong></span> 
     </span>
    </p>
   </div>
   <div class='ocr_carea' id='block_1_26' title="bbox 423 2751 3810 2829">
    <p class='ocr_par' dir='ltr' id='par_1_26' title="bbox 423 2751 3810 2829">
     <span class='ocr_line' id='line_1_26' title="bbox 423 2751 3810 2829; baseline 0.001 -18"><span class='ocrx_word' id='word_1_293' title='bbox 423 2762 597 2812; x_wconf 75' lang='lat' dir='ltr'><strong><em>exstat</em></strong></span> <span class='ocrx_word' id='word_1_294' title='bbox 634 2755 694 2810; x_wconf 85' lang='lat' dir='ltr'><strong><em>in</em></strong></span> <span class='ocrx_word' id='word_1_295' title='bbox 723 2752 1181 2824; x_wconf 73' lang='lat' dir='ltr'><strong><em>Expositionibus,</em></strong></span> <span class='ocrx_word' id='word_1_296' title='bbox 1212 2757 1396 2824; x_wconf 91' lang='lat' dir='ltr'><strong><em>utpote</em></strong></span> <span class='ocrx_word' id='word_1_297' title='bbox 1424 2767 1530 2808; x_wconf 87' lang='lat' dir='ltr'><strong><em>non</em></strong></span> <span class='ocrx_word' id='word_1_298' title='bbox 1549 2751 1780 2822; x_wconf 76' lang='lat' dir='ltr'><strong><em>integris</em></strong></span> <span class='ocrx_word' id='word_1_299' title='bbox 1808 2766 1874 2808; x_wconf 90' lang='lat' dir='ltr'><strong><em>ac</em></strong></span> <span class='ocrx_word' id='word_1_300' title='bbox 1908 2768 2144 2826; x_wconf 76' lang='lat' dir='ltr'><strong><em>perscspe</em></strong></span> <span class='ocrx_word' id='word_1_301' title='bbox 2172 2756 2565 2828; x_wconf 78' lang='lat' dir='ltr'><strong><em>deﬁcientibus.</em></strong></span> <span class='ocrx_word' id='word_1_302' title='bbox 2599 2756 2870 2814; x_wconf 74' lang='lat' dir='ltr'><strong><em>Caterum</em></strong></span> <span class='ocrx_word' id='word_1_303' title='bbox 2900 2757 3011 2815; x_wconf 69' lang='lat' dir='ltr'><strong><em>hac</em></strong></span> <span class='ocrx_word' id='word_1_304' title='bbox 3037 2763 3288 2829; x_wconf 74' lang='lat' dir='ltr'><strong><em>excerpta</em></strong></span> <span class='ocrx_word' id='word_1_305' title='bbox 3321 2773 3431 2814; x_wconf 89' lang='lat' dir='ltr'><strong><em>non</em></strong></span> <span class='ocrx_word' id='word_1_306' title='bbox 3492 2756 3567 2814; x_wconf 88' lang='lat' dir='ltr'><strong><em>ad</em></strong></span> <span class='ocrx_word' id='word_1_307' title='bbox 3590 2757 3810 2814; x_wconf 82' lang='lat' dir='ltr'><strong><em>verbum</em></strong></span> 
     </span>
    </p>
   </div>
   <div class='ocr_carea' id='block_1_27' title="bbox 423 2835 3810 2916">
    <p class='ocr_par' dir='ltr' id='par_1_27' title="bbox 423 2835 3810 2916">
     <span class='ocr_line' id='line_1_27' title="bbox 423 2835 3810 2916; baseline 0 -18"><span class='ocrx_word' id='word_1_308' title='bbox 423 2841 593 2913; x_wconf 80' lang='lat' dir='ltr'><strong><em>refert</em></strong></span> <span class='ocrx_word' id='word_1_309' title='bbox 621 2837 855 2907; x_wconf 88' lang='lat' dir='ltr'><strong><em>Nicetas,</em></strong></span> <span class='ocrx_word' id='word_1_310' title='bbox 885 2837 976 2894; x_wconf 91' lang='lat' dir='ltr'><strong><em>sed</em></strong></span> <span class='ocrx_word' id='word_1_311' title='bbox 1001 2837 1302 2911; x_wconf 86' lang='lat' dir='ltr'><strong><em>plerumque</em></strong></span> <span class='ocrx_word' id='word_1_312' title='bbox 1332 2835 1507 2910; x_wconf 91' lang='lat' dir='ltr'><strong><em>quoad</em></strong></span> <span class='ocrx_word' id='word_1_313' title='bbox 1535 2837 1854 2894; x_wconf 86' lang='lat' dir='ltr'><strong><em>sententiam</em></strong></span> <span class='ocrx_word' id='word_1_314' title='bbox 1883 2845 2098 2896; x_wconf 89' lang='lat' dir='ltr'><strong><em>tantum</em></strong></span> <span class='ocrx_word' id='word_1_315' title='bbox 2125 2857 2223 2898; x_wconf 91' lang='lat' dir='ltr'><strong><em>nec</em></strong></span> <span class='ocrx_word' id='word_1_316' title='bbox 2247 2858 2378 2899; x_wconf 89' lang='lat' dir='ltr'><strong><em>raro</em></strong></span> <span class='ocrx_word' id='word_1_317' title='bbox 2403 2842 2658 2916; x_wconf 84' lang='lat' dir='ltr'><strong><em>permista</em></strong></span> <span class='ocrx_word' id='word_1_318' title='bbox 2691 2858 2818 2899; x_wconf 90' lang='lat' dir='ltr'><strong><em>cum</em></strong></span> <span class='ocrx_word' id='word_1_319' title='bbox 2848 2843 3094 2900; x_wconf 86' lang='lat' dir='ltr'><strong><em>aliorum</em></strong></span> <span class='ocrx_word' id='word_1_320' title='bbox 3131 2843 3361 2901; x_wconf 84' lang='lat' dir='ltr'><strong><em>Patrum</em></strong></span> <span class='ocrx_word' id='word_1_321' title='bbox 3393 2843 3810 2905; x_wconf 83' lang='lat' dir='ltr'><strong><em>commentariis.</em></strong></span> 
     </span>
    </p>
   </div>
   <div class='ocr_carea' id='block_1_28' title="bbox 423 2919 3811 3004">
    <p class='ocr_par' dir='ltr' id='par_1_28' title="bbox 423 2919 3811 3004">
     <span class='ocr_line' id='line_1_28' title="bbox 423 2919 3811 3004; baseline -0.001 -20"><span class='ocrx_word' id='word_1_322' title='bbox 423 2943 648 3004; x_wconf 87' lang='lat' dir='ltr'><strong><em>quorum</em></strong></span> <span class='ocrx_word' id='word_1_323' title='bbox 675 2926 788 2997; x_wconf 85' lang='lat' dir='ltr'><strong><em>ipss</em></strong></span> <span class='ocrx_word' id='word_1_324' title='bbox 810 2924 1034 2980; x_wconf 88' lang='lat' dir='ltr'><strong><em>nomina</em></strong></span> <span class='ocrx_word' id='word_1_325' title='bbox 1060 2923 1236 2995; x_wconf 58' lang='lat' dir='ltr'><strong><em>affert.</em></strong></span> <span class='ocrx_word' id='word_1_326' title='bbox 1269 2920 1484 2980; x_wconf 85' lang='lat' dir='ltr'><strong><em>Etenim</em></strong></span> <span class='ocrx_word' id='word_1_327' title='bbox 1513 2921 1730 2994; x_wconf 88' lang='lat' dir='ltr'><strong><em>quando</em></strong></span> <span class='ocrx_word' id='word_1_328' title='bbox 1757 2919 1934 2978; x_wconf 91' lang='lat' dir='ltr'><strong><em>eadem</em></strong></span> <span class='ocrx_word' id='word_1_329' title='bbox 1965 2925 2194 2992; x_wconf 87' lang='lat' dir='ltr'><strong><em>omnino,</em></strong></span> <span class='ocrx_word' id='word_1_330' title='bbox 2226 2942 2342 2993; x_wconf 86' lang='lat' dir='ltr'><strong><em>nec,</em></strong></span> <span class='ocrx_word' id='word_1_331' title='bbox 2366 2929 2652 2983; x_wconf 85' lang='lat' dir='ltr'><strong><em>immutata</em></strong></span> <span class='ocrx_word' id='word_1_332' title='bbox 2681 2941 2779 2982; x_wconf 88' lang='lat' dir='ltr'><strong><em>nec</em></strong></span> <span class='ocrx_word' id='word_1_333' title='bbox 2815 2927 3093 2984; x_wconf 88' lang='lat' dir='ltr'><strong><em>auctioria</em></strong></span> <span class='ocrx_word' id='word_1_334' title='bbox 3127 2933 3262 2984; x_wconf 86' lang='lat' dir='ltr'><strong><em>sunt</em></strong></span> <span class='ocrx_word' id='word_1_335' title='bbox 3290 2942 3454 3000; x_wconf 86' lang='lat' dir='ltr'><strong><em>quam</em></strong></span> <span class='ocrx_word' id='word_1_336' title='bbox 3481 2927 3538 2980; x_wconf 87' lang='lat' dir='ltr'><strong><em>in</em></strong></span> <span class='ocrx_word' id='word_1_337' title='bbox 3568 2927 3811 3000; x_wconf 73' lang='lat' dir='ltr'><strong><em>Exposi-</em></strong></span> 
     </span>
    </p>
   </div>
   <div class='ocr_carea' id='block_1_29' title="bbox 425 3007 2104 3081">
    <p class='ocr_par' dir='ltr' id='par_1_29' title="bbox 425 3007 2104 3081">
     <span class='ocr_line' id='line_1_29' title="bbox 425 3007 2104 3081; baseline -0.003 -13"><span class='ocrx_word' id='word_1_338' title='bbox 425 3013 682 3077; x_wconf 88' lang='lat' dir='ltr'><strong><em>tionibus,</em></strong></span> <span class='ocrx_word' id='word_1_339' title='bbox 711 3026 770 3067; x_wconf 89' lang='lat' dir='ltr'><strong><em>ea</em></strong></span> <span class='ocrx_word' id='word_1_340' title='bbox 801 3009 1104 3078; x_wconf 87' lang='lat' dir='ltr'><strong><em>omisimus,</em></strong></span> <span class='ocrx_word' id='word_1_341' title='bbox 1137 3025 1201 3063; x_wconf 87' lang='lat' dir='ltr'><strong><em>ne</em></strong></span> <span class='ocrx_word' id='word_1_342' title='bbox 1241 3008 1321 3066; x_wconf 84' lang='lat' dir='ltr'><strong><em>bis</em></strong></span> <span class='ocrx_word' id='word_1_343' title='bbox 1349 3007 1486 3065; x_wconf 90' lang='lat' dir='ltr'><strong><em>idem</em></strong></span> <span class='ocrx_word' id='word_1_344' title='bbox 1518 3008 1793 3069; x_wconf 65' lang='lat' dir='ltr'><strong><em>inutiliter</em></strong></span> <span class='ocrx_word' id='word_1_345' title='bbox 1813 3013 2104 3081; x_wconf 85' lang='lat' dir='ltr'><strong><em>repetatur.</em></strong></span> 
     </span>
    </p>
   </div>
   <div class='ocr_carea' id='block_1_30' title="bbox 626 3397 3611 3522">
    <p class='ocr_par' dir='ltr' id='par_1_30' title="bbox 626 3397 3611 3522">
     <span class='ocr_line' id='line_1_30' title="bbox 626 3397 3611 3522; baseline -0.001 -20"><span class='ocrx_word' id='word_1_346' title='bbox 626 3398 1398 3502; x_wconf 84' lang='lat' dir='ltr'><strong><em>FRAGMENTA</em></strong></span> <span class='ocrx_word' id='word_1_347' title='bbox 1478 3397 2660 3522; x_wconf 85' lang='lat' dir='ltr'><strong><em>COMMENTARIOBUM</em></strong></span> <span class='ocrx_word' id='word_1_348' title='bbox 2739 3403 2852 3498; x_wconf 74' lang='lat' dir='ltr'><strong><em>Do</em></strong></span> <span class='ocrx_word' id='word_1_349' title='bbox 2935 3400 3611 3501; x_wconf 86' lang='lat' dir='ltr'><strong>ATHANASII</strong></span> 
     </span>
    </p>
   </div>
   <div class='ocr_carea' id='block_1_31' title="bbox 1836 3599 2404 3678">
    <p class='ocr_par' dir='ltr' id='par_1_31' title="bbox 1836 3599 2404 3678">
     <span class='ocr_line' id='line_1_31' title="bbox 1836 3599 2404 3678; baseline 0.002 -1"><span class='ocrx_word' id='word_1_350' title='bbox 1836 3601 1930 3677; x_wconf 93' lang='lat' dir='ltr'><strong><em>IN</em></strong></span> <span class='ocrx_word' id='word_1_351' title='bbox 1987 3599 2404 3678; x_wconf 81' lang='lat' dir='ltr'><strong><em>PSALMOS.</em></strong></span> 
     </span>
    </p>
   </div>
   <div class='ocr_carea' id='block_1_32' title="bbox 433 3924 2152 4007">
    <p class='ocr_par' dir='ltr' id='par_1_32' title="bbox 433 3924 2152 4007">
     <span class='ocr_line' id='line_1_32' title="bbox 433 3924 2152 4007; baseline -0.005 -13"><span class='ocrx_word' id='word_1_352' title='bbox 433 3929 518 3994; x_wconf 85' lang='lat' dir='ltr'><strong>Ex</strong></span> <span class='ocrx_word' id='word_1_353' title='bbox 557 3928 779 3994; x_wconf 68' lang='lat' dir='ltr'><strong><em>Niceten</em></strong></span> <span class='ocrx_word' id='word_1_354' title='bbox 810 3925 1206 4007; x_wconf 82' lang='lat' dir='ltr'><strong><em>metropolitae</em></strong></span> <span class='ocrx_word' id='word_1_355' title='bbox 1236 3924 1540 3990; x_wconf 81' lang='lat' dir='ltr'><strong><em>Heracleae</em></strong></span> <span class='ocrx_word' id='word_1_356' title='bbox 1561 3932 1769 3988; x_wconf 88' lang='lat' dir='ltr'><strong><em>catena</em></strong></span> <span class='ocrx_word' id='word_1_357' title='bbox 1798 3924 2152 4006; x_wconf 72' lang='lat' dir='ltr'><strong><em>expositioni</em></strong></span> 
     </span>
    </p>
   </div>
   <div class='ocr_carea' id='block_1_33' title="bbox 2163 3924 3814 4007">
    <p class='ocr_par' dir='ltr' id='par_1_33' title="bbox 2163 3926 3814 4007">
     <span class='ocr_line' id='line_1_33' title="bbox 2163 3926 3814 4007; baseline 0.002 -20"><span class='ocrx_word' id='word_1_358' title='bbox 2163 3943 2266 4006; x_wconf 82' lang='lat' dir='ltr'><strong><em>Im,</em></strong></span> <span class='ocrx_word' id='word_1_359' title='bbox 2293 3927 2418 3989; x_wconf 89' lang='lat' dir='ltr'><strong><em>sive</em></strong></span> <span class='ocrx_word' id='word_1_360' title='bbox 2449 3933 2514 3988; x_wconf 90' lang='lat' dir='ltr'><strong><em>ut</em></strong></span> <span class='ocrx_word' id='word_1_361' title='bbox 2543 3926 2672 4007; x_wconf 89' lang='lat' dir='ltr'><strong><em>ipse</em></strong></span> <span class='ocrx_word' id='word_1_362' title='bbox 2717 3933 2909 4007; x_wconf 82' lang='lat' dir='ltr'><strong><em>vocat,</em></strong></span> <span class='ocrx_word' id='word_1_363' title='bbox 2981 3931 3283 4007; x_wconf 79' lang='grc' dir='ltr'><strong><em>Συναγωγῇ</em></strong></span> <span class='ocrx_word' id='word_1_364' title='bbox 3341 3926 3678 4007; x_wconf 77' lang='grc' dir='ltr'><strong><em>ἐξηγήσεων,</em></strong></span> <span class='ocrx_word' id='word_1_365' title='bbox 3735 3945 3814 3990; x_wconf 75' lang='lat' dir='ltr'><strong><em>ex</em></strong></span> 
     </span>
    </p>
   </div>
   <div class='ocr_carea' id='block_1_34' title="bbox 1503 4014 2724 4080">
    <p class='ocr_par' dir='ltr' id='par_1_34' title="bbox 1503 4014 2724 4080">
     <span class='ocr_line' id='line_1_34' title="bbox 1503 4014 2724 4080; baseline 0.002 -3"><span class='ocrx_word' id='word_1_366' title='bbox 1503 4014 1721 4077; x_wconf 84' lang='lat' dir='ltr'><strong><em>Graecis</em></strong></span> <span class='ocrx_word' id='word_1_367' title='bbox 1752 4015 2021 4077; x_wconf 85' lang='lat' dir='ltr'><strong><em>Patribus</em></strong></span> <span class='ocrx_word' id='word_1_368' title='bbox 2055 4014 2117 4077; x_wconf 89' lang='lat' dir='ltr'><strong><em>in</em></strong></span> <span class='ocrx_word' id='word_1_369' title='bbox 2148 4015 2416 4080; x_wconf 88' lang='lat' dir='ltr'><strong><em>Psalmos</em></strong></span> <span class='ocrx_word' id='word_1_370' title='bbox 2449 4015 2724 4080; x_wconf 81' lang='lat' dir='ltr'><strong><em>collecta.</em></strong></span> 
     </span>
    </p>
   </div>
   <div class='ocr_carea' id='block_1_35' title="bbox 432 4129 3814 4217">
    <p class='ocr_par' dir='ltr' id='par_1_35' title="bbox 432 4129 3814 4217">
     <span class='ocr_line' id='line_1_35' title="bbox 432 4129 3814 4217; baseline -0.004 -15"><span class='ocrx_word' id='word_1_371' title='bbox 432 4138 677 4202; x_wconf 80' lang='lat' dir='ltr'><strong><em>Nicetes</em></strong></span> <span class='ocrx_word' id='word_1_372' title='bbox 707 4137 806 4202; x_wconf 86' lang='lat' dir='ltr'><strong><em>hic</em></strong></span> <span class='ocrx_word' id='word_1_373' title='bbox 835 4139 905 4200; x_wconf 84' lang='lat' dir='ltr'><strong><em>in</em></strong></span> <span class='ocrx_word' id='word_1_374' title='bbox 931 4137 1215 4217; x_wconf 74' lang='lat' dir='ltr'><strong><em>procemio</em></strong></span> <span class='ocrx_word' id='word_1_375' title='bbox 1231 4138 1475 4201; x_wconf 85' lang='lat' dir='ltr'><strong><em>tertiam</em></strong></span> <span class='ocrx_word' id='word_1_376' title='bbox 1494 4153 1573 4198; x_wconf 84' lang='lat' dir='ltr'><strong><em>ex</em></strong></span> <span class='ocrx_word' id='word_1_377' title='bbox 1600 4139 2042 4217; x_wconf 86' lang='lat' dir='ltr'><strong><em>quinque,quas</em></strong></span> <span class='ocrx_word' id='word_1_378' title='bbox 2074 4133 2192 4195; x_wconf 86' lang='lat' dir='ltr'><strong><em>sibi</em></strong></span> <span class='ocrx_word' id='word_1_379' title='bbox 2202 4133 2665 4214; x_wconf 65' lang='lat' dir='ltr'><strong><em>praemittendus</em></strong></span> <span class='ocrx_word' id='word_1_380' title='bbox 2692 4149 2815 4195; x_wconf 88' lang='lat' dir='ltr'><strong><em>esse</em></strong></span> <span class='ocrx_word' id='word_1_381' title='bbox 2839 4133 3204 4211; x_wconf 61' lang='lat' dir='ltr'><strong><em>quaestiones</em></strong></span> <span class='ocrx_word' id='word_1_382' title='bbox 3227 4129 3728 4208; x_wconf 68' lang='lat' dir='ltr'><strong><em>censuit,hunc,rt</em></strong></span> <span class='ocrx_word' id='word_1_383' title='bbox 3748 4134 3814 4190; x_wconf 77' lang='grc' dir='ltr'><strong><em>τό</em></strong></span> 
     </span>
    </p>
   </div>
   <div class='ocr_carea' id='block_1_36' title="bbox 994 4220 3239 4308">
    <p class='ocr_par' dir='ltr' id='par_1_36' title="bbox 994 4220 3239 4308">
     <span class='ocr_line' id='line_1_36' title="bbox 994 4220 3239 4308; baseline 0.001 -25"><span class='ocrx_word' id='word_1_384' title='bbox 994 4225 1334 4308; x_wconf 64' lang='grc' dir='ltr'>Ψαλτάριον,</span> <span class='ocrx_word' id='word_1_385' title='bbox 1365 4225 1703 4306; x_wconf 75' lang='lat' dir='ltr'><strong><em>explicem,</em></strong></span> <span class='ocrx_word' id='word_1_386' title='bbox 1738 4225 1944 4288; x_wconf 87' lang='lat' dir='ltr'><strong><em>addito</em></strong></span> <span class='ocrx_word' id='word_1_387' title='bbox 1975 4225 2225 4286; x_wconf 85' lang='lat' dir='ltr'><strong><em>nomine</em></strong></span> <span class='ocrx_word' id='word_1_388' title='bbox 2255 4224 2593 4304; x_wconf 72' lang='lat' dir='ltr'><strong><em>’Aoametou,</em></strong></span> <span class='ocrx_word' id='word_1_389' title='bbox 2618 4223 2942 4303; x_wconf 88' lang='lat' dir='ltr'><strong><em>sequentia</em></strong></span> <span class='ocrx_word' id='word_1_390' title='bbox 2963 4220 3239 4301; x_wconf 85' lang='lat' dir='ltr'><strong><em>subjicit.</em></strong></span> 
     </span>
    </p>
   </div>
   <div class='ocr_carea' id='block_1_37' title="bbox 518 4389 2152 4478">
    <p class='ocr_par' dir='ltr' id='par_1_37' title="bbox 518 4395 2133 4478">
     <span class='ocr_line' id='line_1_37' title="bbox 518 4395 2133 4478; baseline -0.006 -16"><span class='ocrx_word' id='word_1_391' title='bbox 518 4400 624 4462; x_wconf 86' lang='lat' dir='ltr'><strong><em>Est</em></strong></span> <span class='ocrx_word' id='word_1_392' title='bbox 652 4397 832 4478; x_wconf 77' lang='lat' dir='ltr'><strong><em>igitur</em></strong></span> <span class='ocrx_word' id='word_1_393' title='bbox 862 4395 1208 4477; x_wconf 85' lang='lat' dir='ltr'><strong><em>psalterium</em></strong></span> <span class='ocrx_word' id='word_1_394' title='bbox 1266 4397 1728 4459; x_wconf 84' lang='lat' dir='ltr'><strong><em>instrumentum</em></strong></span> <span class='ocrx_word' id='word_1_395' title='bbox 1781 4399 2133 4456; x_wconf 77' lang='lat' dir='ltr'><strong><em>musicumA</em></strong></span> 
     </span>
    </p>
   </div>
   <div class='ocr_carea' id='block_1_38' title="bbox 2163 4389 3807 4478">
    <p class='ocr_par' dir='ltr' id='par_1_38' title="bbox 2233 4389 3807 4472">
     <span class='ocr_line' id='line_1_38' title="bbox 2233 4389 3807 4472; baseline -0.001 -21"><span class='ocrx_word' id='word_1_396' title='bbox 2233 4392 2401 4452; x_wconf 77' lang='grc' dir='ltr'><strong><em>’Ἔστι</em></strong></span> <span class='ocrx_word' id='word_1_397' title='bbox 2431 4393 2600 4450; x_wconf 82' lang='grc' dir='ltr'>τοίνυν</span> <span class='ocrx_word' id='word_1_398' title='bbox 2629 4393 2692 4450; x_wconf 80' lang='grc' dir='ltr'><strong><em>τὸ</em></strong></span> <span class='ocrx_word' id='word_1_399' title='bbox 2719 4391 3017 4472; x_wconf 78' lang='grc' dir='ltr'>ψαλτήριον</span> <span class='ocrx_word' id='word_1_400' title='bbox 3047 4392 3271 4470; x_wconf 85' lang='grc' dir='ltr'>ὄργανον</span> <span class='ocrx_word' id='word_1_401' title='bbox 3319 4394 3580 4470; x_wconf 68' lang='grc' dir='ltr'>μοοσικὸν</span> <span class='ocrx_word' id='word_1_402' title='bbox 3639 4389 3807 4449; x_wconf 72' lang='grc' dir='ltr'>δεκά-</span> 
     </span>
    </p>
   </div>
   <div class='ocr_carea' id='block_1_39' title="bbox 437 4481 2152 4564">
    <p class='ocr_par' dir='ltr' id='par_1_39' title="bbox 437 4483 2080 4564">
     <span class='ocr_line' id='line_1_39' title="bbox 437 4483 2080 4564; baseline -0.006 -11"><span class='ocrx_word' id='word_1_403' title='bbox 437 4494 718 4553; x_wconf 84' lang='lat' dir='ltr'><strong><em>constans</em></strong></span> <span class='ocrx_word' id='word_1_404' title='bbox 749 4487 958 4549; x_wconf 89' lang='lat' dir='ltr'><strong><em>decem</em></strong></span> <span class='ocrx_word' id='word_1_405' title='bbox 989 4486 1255 4559; x_wconf 86' lang='lat' dir='ltr'><strong><em>chordis,</em></strong></span> <span class='ocrx_word' id='word_1_406' title='bbox 1291 4485 1365 4547; x_wconf 91' lang='lat' dir='ltr'><strong><em>de</em></strong></span> <span class='ocrx_word' id='word_1_407' title='bbox 1388 4485 1616 4547; x_wconf 90' lang='lat' dir='ltr'><strong><em>sumnis</em></strong></span> <span class='ocrx_word' id='word_1_408' title='bbox 1642 4483 1829 4564; x_wconf 84' lang='lat' dir='ltr'><strong><em>ipsius</em></strong></span> <span class='ocrx_word' id='word_1_409' title='bbox 1846 4501 2080 4563; x_wconf 85' lang='lat' dir='ltr'><strong><em>compa-</em></strong></span> 
     </span>
    </p>
   </div>
   <div class='ocr_carea' id='block_1_40' title="bbox 2163 4481 3812 4564">
    <p class='ocr_par' dir='ltr' id='par_1_40' title="bbox 2165 4481 3812 4563">
     <span class='ocr_line' id='line_1_40' title="bbox 2165 4481 3812 4563; baseline -0.001 -23"><span class='ocrx_word' id='word_1_410' title='bbox 2165 4481 2382 4563; x_wconf 76' lang='grc' dir='ltr'>χορδον,</span> <span class='ocrx_word' id='word_1_411' title='bbox 2417 4483 2479 4540; x_wconf 79' lang='grc' dir='ltr'><strong><em>ἐκ</em></strong></span> <span class='ocrx_word' id='word_1_412' title='bbox 2506 4488 2611 4539; x_wconf 80' lang='grc' dir='ltr'>τῶν</span> <span class='ocrx_word' id='word_1_413' title='bbox 2641 4481 2840 4540; x_wconf 66' lang='grc' dir='ltr'><strong><em>ἄνωθεν</em></strong></span> <span class='ocrx_word' id='word_1_414' title='bbox 2893 4487 3068 4562; x_wconf 80' lang='grc' dir='ltr'>μερῶν</span> <span class='ocrx_word' id='word_1_415' title='bbox 3135 4486 3233 4547; x_wconf 78' lang='grc' dir='ltr'><strong><em>τῆς</em></strong></span> <span class='ocrx_word' id='word_1_416' title='bbox 3285 4487 3614 4549; x_wconf 75' lang='grc' dir='ltr'><strong><em>κατασκευῆς</em></strong></span> <span class='ocrx_word' id='word_1_417' title='bbox 3663 4482 3812 4539; x_wconf 79' lang='grc' dir='ltr'><strong><em>ἀπο-</em></strong></span> 
     </span>
    </p>
   </div>
   <div class='ocr_carea' id='block_1_41' title="bbox 435 4571 2152 4661">
    <p class='ocr_par' dir='ltr' id='par_1_41' title="bbox 435 4575 2080 4661">
     <span class='ocr_line' id='line_1_41' title="bbox 435 4575 2080 4661; baseline -0.004 -21"><span class='ocrx_word' id='word_1_418' title='bbox 435 4577 820 4661; x_wconf 52' lang='grc' dir='ltr'><strong><em>εἰεμρειηὶιωε</em></strong></span> <span class='ocrx_word' id='word_1_419' title='bbox 849 4594 1060 4638; x_wconf 89' lang='lat' dir='ltr'><strong><em>sonum</em></strong></span> <span class='ocrx_word' id='word_1_420' title='bbox 1095 4575 1437 4656; x_wconf 82' lang='lat' dir='ltr'><strong><em>perﬁciens,</em></strong></span> <span class='ocrx_word' id='word_1_421' title='bbox 1467 4591 1791 4654; x_wconf 86' lang='lat' dir='ltr'><strong><em>vocemque</em></strong></span> <span class='ocrx_word' id='word_1_422' title='bbox 1814 4590 2080 4634; x_wconf 89' lang='lat' dir='ltr'><strong><em>consona</em></strong></span> 
     </span>
    </p>
   </div>
   <div class='ocr_carea' id='block_1_42' title="bbox 2163 4571 3800 4661">
    <p class='ocr_par' dir='ltr' id='par_1_42' title="bbox 2163 4571 3800 4661">
     <span class='ocr_line' id='line_1_42' title="bbox 2163 4571 3800 4661; baseline -0.001 -33"><span class='ocrx_word' id='word_1_423' title='bbox 2163 4571 2344 4629; x_wconf 82' lang='grc' dir='ltr'><strong><em>τελοῦν</em></strong></span> <span class='ocrx_word' id='word_1_424' title='bbox 2372 4575 2464 4630; x_wconf 81' lang='grc' dir='ltr'><strong><em>τὸν</em></strong></span> <span class='ocrx_word' id='word_1_425' title='bbox 2493 4573 2660 4652; x_wconf 76' lang='grc' dir='ltr'>ᾒχον,</span> <span class='ocrx_word' id='word_1_426' title='bbox 2693 4572 3034 4661; x_wconf 12' lang='grc' dir='ltr'>ἔνᾳρμονίωςῗ</span> <span class='ocrx_word' id='word_1_427' title='bbox 3057 4572 3181 4635; x_wconf 78' lang='grc' dir='ltr'>τοὺς</span> <span class='ocrx_word' id='word_1_428' title='bbox 3212 4571 3473 4652; x_wconf 70' lang='grc' dir='ltr'>φθόγγους</span> <span class='ocrx_word' id='word_1_429' title='bbox 3507 4571 3634 4650; x_wconf 70' lang='grc' dir='ltr'><strong><em>πρὸς</em></strong></span> <span class='ocrx_word' id='word_1_430' title='bbox 3693 4573 3800 4640; x_wconf 69' lang='grc' dir='ltr'>τήν</span> 
     </span>
    </p>
   </div>
   <div class='ocr_carea' id='block_1_43' title="bbox 436 4658 2152 4750">
    <p class='ocr_par' dir='ltr' id='par_1_43' title="bbox 436 4658 2074 4750">
     <span class='ocr_line' id='line_1_43' title="bbox 436 4658 2074 4750; baseline -0.006 -20"><span class='ocrx_word' id='word_1_431' title='bbox 436 4658 693 4750; x_wconf 52' lang='lat' dir='ltr'><strong><em>Quadam</em></strong></span> <span class='ocrx_word' id='word_1_432' title='bbox 720 4664 977 4728; x_wconf 90' lang='lat' dir='ltr'><strong><em>melodia</em></strong></span> <span class='ocrx_word' id='word_1_433' title='bbox 997 4665 1324 4728; x_wconf 67' lang='lat' dir='ltr'><strong><em>articulatm</em></strong></span> <span class='ocrx_word' id='word_1_434' title='bbox 1345 4663 1471 4725; x_wconf 83' lang='lat' dir='ltr'><strong><em>voci</em></strong></span> <span class='ocrx_word' id='word_1_435' title='bbox 1488 4661 1745 4750; x_wconf 87' lang='lat' dir='ltr'><strong><em>similem</em></strong></span> <span class='ocrx_word' id='word_1_436' title='bbox 1771 4661 2034 4723; x_wconf 85' lang='lat' dir='ltr'><strong><em>reddens</em></strong></span> <span class='ocrx_word' id='word_1_437' title='bbox 2061 4678 2074 4720; x_wconf 91' lang='lat'><strong>:</strong></span> 
     </span>
    </p>
   </div>
   <div class='ocr_carea' id='block_1_44' title="bbox 2163 4658 3813 4750">
    <p class='ocr_par' dir='ltr' id='par_1_44' title="bbox 2163 4658 3813 4750">
     <span class='ocr_line' id='line_1_44' title="bbox 2163 4658 3813 4750; baseline -0.002 -31"><span class='ocrx_word' id='word_1_438' title='bbox 2163 4661 2222 4720; x_wconf 74' lang='grc' dir='ltr'><strong><em>ἐκ</em></strong></span> <span class='ocrx_word' id='word_1_439' title='bbox 2250 4667 2346 4732; x_wconf 77' lang='grc' dir='ltr'><strong><em>τῆς</em></strong></span> <span class='ocrx_word' id='word_1_440' title='bbox 2379 4661 2558 4743; x_wconf 74' lang='grc' dir='ltr'>φωνῆς</span> <span class='ocrx_word' id='word_1_441' title='bbox 2603 4659 2865 4750; x_wconf 66' lang='grc' dir='ltr'>μελῳδίαν</span> <span class='ocrx_word' id='word_1_442' title='bbox 2907 4659 3181 4750; x_wconf 67' lang='grc' dir='ltr'><strong><em>ἀποδιδόν⁹</em></strong></span> <span class='ocrx_word' id='word_1_443' title='bbox 3216 4663 3359 4738; x_wconf 81' lang='grc' dir='ltr'>παρὰ</span> <span class='ocrx_word' id='word_1_444' title='bbox 3387 4659 3483 4737; x_wconf 77' lang='grc' dir='ltr'><strong><em>μὲν</em></strong></span> <span class='ocrx_word' id='word_1_445' title='bbox 3543 4658 3813 4739; x_wconf 70' lang='grc' dir='ltr'>Ἐϐραίοις</span> 
     </span>
    </p>
   </div>
   <div class='ocr_carea' id='block_1_45' title="bbox 435 4749 2074 4835">
    <p class='ocr_par' dir='ltr' id='par_1_45' title="bbox 435 4749 2074 4835">
     <span class='ocr_line' id='line_1_45' title="bbox 435 4749 2074 4835; baseline -0.004 -16"><span class='ocrx_word' id='word_1_446' title='bbox 435 4749 504 4819; x_wconf 78' lang='lat' dir='ltr'><strong><em>ac</em></strong></span> <span class='ocrx_word' id='word_1_447' title='bbox 536 4756 780 4832; x_wconf 88' lang='lat' dir='ltr'><strong><em>dicitur,</em></strong></span> <span class='ocrx_word' id='word_1_448' title='bbox 815 4754 1078 4817; x_wconf 62' lang='lat' dir='ltr'><strong><em>Hebraeis</em></strong></span> <span class='ocrx_word' id='word_1_449' title='bbox 1108 4754 1376 4835; x_wconf 83' lang='lat' dir='ltr'><strong><em>quidem,</em></strong></span> <span class='ocrx_word' id='word_1_450' title='bbox 1410 4751 1586 4814; x_wconf 84' lang='lat' dir='ltr'><strong><em>naula</em></strong></span> <span class='ocrx_word' id='word_1_451' title='bbox 1612 4772 1628 4828; x_wconf 88' lang='lat'><strong>;</strong></span> <span class='ocrx_word' id='word_1_452' title='bbox 1659 4749 1884 4814; x_wconf 61' lang='lat' dir='ltr'><strong><em>Gracis</em></strong></span> <span class='ocrx_word' id='word_1_453' title='bbox 1911 4768 2074 4824; x_wconf 87' lang='lat' dir='ltr'><strong><em>vero,</em></strong></span> 
     </span>
    </p>
   </div>
   <div class='ocr_carea' id='block_1_46' title="bbox 436 4839 2078 4922">
    <p class='ocr_par' dir='ltr' id='par_1_46' title="bbox 436 4839 2078 4922">
     <span class='ocr_line' id='line_1_46' title="bbox 436 4839 2078 4922; baseline -0.004 -14"><span class='ocrx_word' id='word_1_454' title='bbox 436 4845 680 4908; x_wconf 82' lang='lat' dir='ltr'><strong><em>cithara.</em></strong></span> <span class='ocrx_word' id='word_1_455' title='bbox 717 4841 1043 4906; x_wconf 80' lang='lat' dir='ltr'><strong><em>Conﬁcitur</em></strong></span> <span class='ocrx_word' id='word_1_456' title='bbox 1081 4859 1222 4905; x_wconf 88' lang='lat' dir='ltr'><strong><em>vero</em></strong></span> <span class='ocrx_word' id='word_1_457' title='bbox 1253 4844 1368 4904; x_wconf 86' lang='lat' dir='ltr'><strong><em>hoc</em></strong></span> <span class='ocrx_word' id='word_1_458' title='bbox 1399 4842 1574 4904; x_wconf 89' lang='lat' dir='ltr'><strong><em>modo</em></strong></span> <span class='ocrx_word' id='word_1_459' title='bbox 1602 4858 1615 4901; x_wconf 90' lang='lat'><strong>:</strong></span> <span class='ocrx_word' id='word_1_460' title='bbox 1651 4848 1888 4922; x_wconf 89' lang='lat' dir='ltr'><strong><em>sumpto</em></strong></span> <span class='ocrx_word' id='word_1_461' title='bbox 1919 4839 2078 4919; x_wconf 80' lang='lat' dir='ltr'><strong><em>ligno</em></strong></span> 
     </span>
    </p>
   </div>
   <div class='ocr_carea' id='block_1_47' title="bbox 435 4928 2081 5012">
    <p class='ocr_par' dir='ltr' id='par_1_47' title="bbox 435 4928 2081 5012">
     <span class='ocr_line' id='line_1_47' title="bbox 435 4928 2081 5012; baseline -0.004 -16"><span class='ocrx_word' id='word_1_462' title='bbox 435 4931 899 5012; x_wconf 86' lang='lat' dir='ltr'><strong><em>recto,nihilque</em></strong></span> <span class='ocrx_word' id='word_1_463' title='bbox 923 4931 1155 5011; x_wconf 89' lang='lat' dir='ltr'><strong><em>penitus</em></strong></span> <span class='ocrx_word' id='word_1_464' title='bbox 1178 4929 1638 5004; x_wconf 83' lang='lat' dir='ltr'><strong><em>innexo,decem</em></strong></span> <span class='ocrx_word' id='word_1_465' title='bbox 1659 4929 1720 4990; x_wconf 91' lang='lat' dir='ltr'><strong><em>in</em></strong></span> <span class='ocrx_word' id='word_1_466' title='bbox 1745 4947 1818 4991; x_wconf 92' lang='lat' dir='ltr'><strong><em>eo</em></strong></span> <span class='ocrx_word' id='word_1_467' title='bbox 1838 4928 2081 4991; x_wconf 77' lang='lat' dir='ltr'><strong><em>chordae</em></strong></span> 
     </span>
    </p>
   </div>
   <div class='ocr_carea' id='block_1_48' title="bbox 441 5019 2080 5099">
    <p class='ocr_par' dir='ltr' id='par_1_48' title="bbox 441 5019 2080 5099">
     <span class='ocr_line' id='line_1_48' title="bbox 441 5019 2080 5099; baseline -0.003 -13"><span class='ocrx_word' id='word_1_468' title='bbox 441 5021 886 5096; x_wconf 86' lang='lat' dir='ltr'><strong><em>tendebantur;</em></strong></span> <span class='ocrx_word' id='word_1_469' title='bbox 919 5039 989 5080; x_wconf 85' lang='lat' dir='ltr'><strong><em>ac</em></strong></span> <span class='ocrx_word' id='word_1_470' title='bbox 1021 5021 1266 5099; x_wconf 66' lang='lat' dir='ltr'><strong><em>singulae</em></strong></span> <span class='ocrx_word' id='word_1_471' title='bbox 1315 5019 1566 5099; x_wconf 83' lang='lat' dir='ltr'><strong><em>seorsim</em></strong></span> <span class='ocrx_word' id='word_1_472' title='bbox 1625 5020 1687 5080; x_wconf 89' lang='lat' dir='ltr'><strong><em>in</em></strong></span> <span class='ocrx_word' id='word_1_473' title='bbox 1739 5019 2080 5082; x_wconf 86' lang='lat' dir='ltr'><strong><em>summitate</em></strong></span> 
     </span>
    </p>
   </div>
   <div class='ocr_carea' id='block_1_49' title="bbox 435 5108 2079 5193">
    <p class='ocr_par' dir='ltr' id='par_1_49' title="bbox 435 5108 2079 5193">
     <span class='ocr_line' id='line_1_49' title="bbox 435 5108 2079 5193; baseline -0.002 -20"><span class='ocrx_word' id='word_1_474' title='bbox 435 5111 629 5193; x_wconf 89' lang='lat' dir='ltr'><strong><em>ipsius</em></strong></span> <span class='ocrx_word' id='word_1_475' title='bbox 664 5109 924 5191; x_wconf 86' lang='lat' dir='ltr'><strong><em>psalterii</em></strong></span> <span class='ocrx_word' id='word_1_476' title='bbox 955 5108 1086 5170; x_wconf 67' lang='lat' dir='ltr'><strong><em>ﬁxae</em></strong></span> <span class='ocrx_word' id='word_1_477' title='bbox 1115 5109 1674 5189; x_wconf 76' lang='lat' dir='ltr'><strong><em>coustringebantur</em></strong></span> <span class='ocrx_word' id='word_1_478' title='bbox 1706 5125 1946 5171; x_wconf 85' lang='lat' dir='ltr'><strong><em>:earum</em></strong></span> <span class='ocrx_word' id='word_1_479' title='bbox 1979 5126 2079 5170; x_wconf 85' lang='lat' dir='ltr'><strong><em>au-</em></strong></span> 
     </span>
    </p>
   </div>
   <div class='ocr_carea' id='block_1_50' title="bbox 439 5197 2078 5281">
    <p class='ocr_par' dir='ltr' id='par_1_50' title="bbox 439 5197 2078 5281">
     <span class='ocr_line' id='line_1_50' title="bbox 439 5197 2078 5281; baseline -0.001 -19"><span class='ocrx_word' id='word_1_480' title='bbox 439 5209 558 5263; x_wconf 86' lang='lat' dir='ltr'><strong><em>tem</em></strong></span> <span class='ocrx_word' id='word_1_481' title='bbox 593 5197 887 5281; x_wconf 86' lang='lat' dir='ltr'><strong><em>principia</em></strong></span> <span class='ocrx_word' id='word_1_482' title='bbox 909 5197 1220 5261; x_wconf 88' lang='lat' dir='ltr'><strong><em>desursum</em></strong></span> <span class='ocrx_word' id='word_1_483' title='bbox 1254 5199 1675 5262; x_wconf 87' lang='lat' dir='ltr'><strong><em>demittuntur.</em></strong></span> <span class='ocrx_word' id='word_1_484' title='bbox 1751 5198 1818 5261; x_wconf 90' lang='lat' dir='ltr'><strong><em>In</em></strong></span> <span class='ocrx_word' id='word_1_485' title='bbox 1876 5197 2078 5261; x_wconf 87' lang='lat' dir='ltr'><strong><em>cubito</em></strong></span> 
     </span>
    </p>
   </div>
   <div class='ocr_carea' id='block_1_51' title="bbox 438 5285 2084 5373">
    <p class='ocr_par' dir='ltr' id='par_1_51' title="bbox 438 5285 2084 5373">
     <span class='ocr_line' id='line_1_51' title="bbox 438 5285 2084 5373; baseline -0.001 -20"><span class='ocrx_word' id='word_1_486' title='bbox 438 5291 587 5373; x_wconf 83' lang='lat' dir='ltr'><strong><em>(sive</em></strong></span> <span class='ocrx_word' id='word_1_487' title='bbox 604 5285 1246 5370; x_wconf 86' lang='lat' dir='ltr'><strong><em>collo)namqueipsins</em></strong></span> <span class='ocrx_word' id='word_1_488' title='bbox 1268 5287 1528 5370; x_wconf 84' lang='lat' dir='ltr'><strong><em>psalterii</em></strong></span> <span class='ocrx_word' id='word_1_489' title='bbox 1551 5287 1759 5352; x_wconf 90' lang='lat' dir='ltr'><strong><em>decem</em></strong></span> <span class='ocrx_word' id='word_1_490' title='bbox 1781 5287 2084 5352; x_wconf 59' lang='lat' dir='ltr'><strong><em>claviculas</em></strong></span> 
     </span>
    </p>
   </div>
   <div class='ocr_carea' id='block_1_52' title="bbox 439 5376 2080 5461">
    <p class='ocr_par' dir='ltr' id='par_1_52' title="bbox 439 5376 2080 5461">
     <span class='ocr_line' id='line_1_52' title="bbox 439 5376 2080 5461; baseline -0.002 -18"><span class='ocrx_word' id='word_1_491' title='bbox 439 5381 564 5444; x_wconf 79' lang='lat' dir='ltr'><strong><em>sive</em></strong></span> <span class='ocrx_word' id='word_1_492' title='bbox 595 5379 793 5461; x_wconf 79' lang='lat' dir='ltr'><strong><em>paxilli</em></strong></span> <span class='ocrx_word' id='word_1_493' title='bbox 827 5376 1057 5457; x_wconf 78' lang='lat' dir='ltr'><strong><em>trajecti</em></strong></span> <span class='ocrx_word' id='word_1_494' title='bbox 1105 5385 1440 5454; x_wconf 85' lang='lat' dir='ltr'><strong><em>vertuntur,</em></strong></span> <span class='ocrx_word' id='word_1_495' title='bbox 1490 5377 1590 5459; x_wconf 90' lang='lat' dir='ltr'><strong><em>qui</em></strong></span> <span class='ocrx_word' id='word_1_496' title='bbox 1643 5379 2080 5442; x_wconf 66' lang='lat' dir='ltr'><strong><em>chordas-ten-</em></strong></span> 
     </span>
    </p>
   </div>
   <div class='ocr_carea' id='block_1_53' title="bbox 439 5467 2082 5551">
    <p class='ocr_par' dir='ltr' id='par_1_53' title="bbox 439 5467 2082 5551">
     <span class='ocr_line' id='line_1_53' title="bbox 439 5467 2082 5551; baseline -0.002 -19"><span class='ocrx_word' id='word_1_497' title='bbox 439 5469 612 5551; x_wconf 81' lang='lat' dir='ltr'><strong><em>dunt,</em></strong></span> <span class='ocrx_word' id='word_1_498' title='bbox 646 5467 1050 5540; x_wconf 87' lang='lat' dir='ltr'><strong><em>remittuntve,</em></strong></span> <span class='ocrx_word' id='word_1_499' title='bbox 1087 5475 1272 5545; x_wconf 83' lang='lat' dir='ltr'><strong><em>prout</em></strong></span> <span class='ocrx_word' id='word_1_500' title='bbox 1312 5483 1530 5528; x_wconf 87' lang='lat' dir='ltr'><strong><em>vocum</em></strong></span> <span class='ocrx_word' id='word_1_501' title='bbox 1587 5469 1973 5530; x_wconf 77' lang='lat' dir='ltr'><strong><em>consonantia</em></strong></span> <span class='ocrx_word' id='word_1_502' title='bbox 2023 5474 2082 5530; x_wconf 89' lang='lat' dir='ltr'><strong><em>et</em></strong></span> 
     </span>
    </p>
   </div>
   <div class='ocr_carea' id='block_1_54' title="bbox 439 5553 2082 5642">
    <p class='ocr_par' dir='ltr' id='par_1_54' title="bbox 439 5553 2082 5642">
     <span class='ocr_line' id='line_1_54' title="bbox 439 5553 2082 5642; baseline -0.002 -20"><span class='ocrx_word' id='word_1_503' title='bbox 439 5557 750 5642; x_wconf 80' lang='lat' dir='ltr'><strong><em>praportio</em></strong></span> <span class='ocrx_word' id='word_1_504' title='bbox 780 5554 1055 5638; x_wconf 87' lang='lat' dir='ltr'><strong><em>requirit,</em></strong></span> <span class='ocrx_word' id='word_1_505' title='bbox 1089 5561 1148 5616; x_wconf 90' lang='lat' dir='ltr'><strong><em>et</em></strong></span> <span class='ocrx_word' id='word_1_506' title='bbox 1204 5553 1278 5617; x_wconf 87' lang='lat' dir='ltr'><strong><em>ad</em></strong></span> <span class='ocrx_word' id='word_1_507' title='bbox 1338 5553 1650 5636; x_wconf 83' lang='lat' dir='ltr'><strong><em>psallentis</em></strong></span> <span class='ocrx_word' id='word_1_508' title='bbox 1704 5555 1962 5619; x_wconf 89' lang='lat' dir='ltr'><strong><em>libitum.</em></strong></span> <span class='ocrx_word' id='word_1_509' title='bbox 2009 5553 2082 5619; x_wconf 89' lang='lat' dir='ltr'><strong><em>Et</em></strong></span> 
     </span>
    </p>
   </div>
   <div class='ocr_carea' id='block_1_55' title="bbox 438 5643 1734 5735">
    <p class='ocr_par' dir='ltr' id='par_1_55' title="bbox 438 5643 1734 5735">
     <span class='ocr_line' id='line_1_55' title="bbox 438 5643 1734 5735; baseline -0.002 -23"><span class='ocrx_word' id='word_1_510' title='bbox 438 5651 551 5714; x_wconf 87' lang='lat' dir='ltr'><strong><em>hoc</em></strong></span> <span class='ocrx_word' id='word_1_511' title='bbox 586 5662 700 5735; x_wconf 79' lang='lat' dir='ltr'><strong><em>est,</em></strong></span> <span class='ocrx_word' id='word_1_512' title='bbox 731 5648 889 5733; x_wconf 87' lang='lat' dir='ltr'><strong><em>quod</em></strong></span> <span class='ocrx_word' id='word_1_513' title='bbox 924 5662 1178 5725; x_wconf 69' lang='lat' dir='ltr'><strong><em>magnus</em></strong></span> <span class='ocrx_word' id='word_1_514' title='bbox 1206 5643 1460 5710; x_wconf 81' lang='lat' dir='ltr'><strong><em>Basilius</em></strong></span> <span class='ocrx_word' id='word_1_515' title='bbox 1481 5643 1585 5720; x_wconf 79' lang='lat' dir='ltr'><strong><em>ait,</em></strong></span> <span class='ocrx_word' id='word_1_516' title='bbox 1620 5653 1734 5709; x_wconf 89' lang='lat' dir='ltr'><strong><em>etc.</em></strong></span> 
     </span>
    </p>
   </div>
   <div class='ocr_carea' id='block_1_56' title="bbox 2162 4749 3815 4831">
    <p class='ocr_par' dir='ltr' id='par_1_56' title="bbox 2162 4749 3815 4831">
     <span class='ocr_line' id='line_1_56' title="bbox 2162 4749 3815 4831; baseline -0.002 -22"><span class='ocrx_word' id='word_1_517' title='bbox 2162 4752 2326 4809; x_wconf 77' lang='grc' dir='ltr'>ναῦλα</span> <span class='ocrx_word' id='word_1_518' title='bbox 2357 4752 2671 4831; x_wconf 73' lang='grc' dir='ltr'>λεγόμενον,</span> <span class='ocrx_word' id='word_1_519' title='bbox 2703 4749 2830 4830; x_wconf 77' lang='grc' dir='ltr'><strong><em>παρ’</em></strong></span> <span class='ocrx_word' id='word_1_520' title='bbox 2854 4749 3099 4818; x_wconf 78' lang='grc' dir='ltr'><strong><em>’Ἕλλησι</em></strong></span> <span class='ocrx_word' id='word_1_521' title='bbox 3124 4749 3178 4806; x_wconf 79' lang='grc' dir='ltr'><strong><em>δὲ</em></strong></span> <span class='ocrx_word' id='word_1_522' title='bbox 3227 4751 3411 4829; x_wconf 62' lang='grc' dir='ltr'><strong><em>κιθάρα</em></strong></span> <span class='ocrx_word' id='word_1_523' title='bbox 3472 4751 3815 4825; x_wconf 73' lang='grc' dir='ltr'><strong><em>ὀνομαζόμε-</em></strong></span> 
     </span>
    </p>
   </div>
   <div class='ocr_carea' id='block_1_57' title="bbox 2162 4838 3816 4920">
    <p class='ocr_par' dir='ltr' id='par_1_57' title="bbox 2162 4838 3816 4920">
     <span class='ocr_line' id='line_1_57' title="bbox 2162 4838 3816 4920; baseline -0.002 -22"><span class='ocrx_word' id='word_1_524' title='bbox 2162 4864 2271 4904; x_wconf 89' lang='grc' dir='ltr'>νον.</span> <span class='ocrx_word' id='word_1_525' title='bbox 2305 4839 2713 4903; x_wconf 72' lang='grc' dir='ltr'><strong><em>Κατεσκεύαστο</em></strong></span> <span class='ocrx_word' id='word_1_526' title='bbox 2744 4842 2842 4920; x_wconf 79' lang='grc' dir='ltr'><strong><em>γὰρ</em></strong></span> <span class='ocrx_word' id='word_1_527' title='bbox 2873 4844 3059 4904; x_wconf 69' lang='grc' dir='ltr'>αὐτοῖς</span> <span class='ocrx_word' id='word_1_528' title='bbox 3110 4841 3266 4919; x_wconf 82' lang='grc' dir='ltr'>ὀρθὸν</span> <span class='ocrx_word' id='word_1_529' title='bbox 3313 4838 3463 4904; x_wconf 79' lang='grc' dir='ltr'>ξύλον</span> <span class='ocrx_word' id='word_1_530' title='bbox 3500 4843 3587 4896; x_wconf 74' lang='grc' dir='ltr'><strong><em>καὶ</em></strong></span> <span class='ocrx_word' id='word_1_531' title='bbox 3630 4839 3816 4916; x_wconf 78' lang='grc' dir='ltr'>ἀπαρ-</span> 
     </span>
    </p>
   </div>
   <div class='ocr_carea' id='block_1_58' title="bbox 2163 4928 3816 5012">
    <p class='ocr_par' dir='ltr' id='par_1_58' title="bbox 2163 4928 3816 5012">
     <span class='ocr_line' id='line_1_58' title="bbox 2163 4928 3816 5012; baseline -0.002 -23"><span class='ocrx_word' id='word_1_532' title='bbox 2163 4931 2428 5012; x_wconf 72' lang='grc' dir='ltr'>έγκλιτόν,</span> <span class='ocrx_word' id='word_1_533' title='bbox 2479 4929 2664 5011; x_wconf 81' lang='grc' dir='ltr'>χορδαὶ</span> <span class='ocrx_word' id='word_1_534' title='bbox 2694 4928 2747 4986; x_wconf 82' lang='grc' dir='ltr'><strong><em>δὲ</em></strong></span> <span class='ocrx_word' id='word_1_535' title='bbox 2779 4930 2833 4987; x_wconf 71' lang='grc' dir='ltr'>ὲν</span> <span class='ocrx_word' id='word_1_536' title='bbox 2863 4931 3035 5005; x_wconf 82' lang='grc' dir='ltr'>σούτῳ</span> <span class='ocrx_word' id='word_1_537' title='bbox 3077 4929 3204 4987; x_wconf 71' lang='grc' dir='ltr'><strong><em>δέκα</em></strong></span> <span class='ocrx_word' id='word_1_538' title='bbox 3236 4929 3516 4988; x_wconf 73' lang='grc' dir='ltr'><strong><em>ἔτεινοντο.</em></strong></span> <span class='ocrx_word' id='word_1_539' title='bbox 3573 4928 3816 4997; x_wconf 77' lang='grc' dir='ltr'><strong><em>Ἐκᾶστη</em></strong></span> 
     </span>
    </p>
   </div>
   <div class='ocr_carea' id='block_1_59' title="bbox 2161 5015 3818 5100">
    <p class='ocr_par' dir='ltr' id='par_1_59' title="bbox 2161 5015 3818 5100">
     <span class='ocr_line' id='line_1_59' title="bbox 2161 5015 3818 5100; baseline 0 -23"><span class='ocrx_word' id='word_1_540' title='bbox 2161 5022 2220 5077; x_wconf 78' lang='grc' dir='ltr'><strong><em>τὲ</em></strong></span> <span class='ocrx_word' id='word_1_541' title='bbox 2264 5027 2369 5078; x_wconf 79' lang='grc' dir='ltr'>τῶν</span> <span class='ocrx_word' id='word_1_542' title='bbox 2425 5017 2634 5100; x_wconf 81' lang='grc' dir='ltr'>χορδῶν</span> <span class='ocrx_word' id='word_1_543' title='bbox 2690 5020 2762 5082; x_wconf 82' lang='grc' dir='ltr'><strong><em>εὶς</em></strong></span> <span class='ocrx_word' id='word_1_544' title='bbox 2796 5021 2854 5076; x_wconf 78' lang='grc' dir='ltr'><strong><em>τὸ</em></strong></span> <span class='ocrx_word' id='word_1_545' title='bbox 2881 5017 3280 5099; x_wconf 82' lang='grc' dir='ltr'>ἀκροτελεύτιον</span> <span class='ocrx_word' id='word_1_546' title='bbox 3347 5020 3439 5076; x_wconf 68' lang='grc' dir='ltr'><strong><em>τοῦ</em></strong></span> <span class='ocrx_word' id='word_1_547' title='bbox 3513 5015 3818 5097; x_wconf 71' lang='grc' dir='ltr'>ψαλτηρίου</span> 
     </span>
    </p>
   </div>
   <div class='ocr_carea' id='block_1_60' title="bbox 2162 5105 3821 5190">
    <p class='ocr_par' dir='ltr' id='par_1_60' title="bbox 2162 5105 3821 5190">
     <span class='ocr_line' id='line_1_60' title="bbox 2162 5105 3821 5190; baseline -0.002 -23"><span class='ocrx_word' id='word_1_548' title='bbox 2162 5109 2495 5190; x_wconf 79' lang='grc' dir='ltr'><strong><em>διῃρημένως</em></strong></span> <span class='ocrx_word' id='word_1_549' title='bbox 2525 5108 2963 5188; x_wconf 70' lang='grc' dir='ltr'><strong><em>ἐναπεσφίγγετοο</em></strong></span> <span class='ocrx_word' id='word_1_550' title='bbox 3025 5109 3077 5166; x_wconf 77' lang='grc' dir='ltr'><strong><em>αἱ</em></strong></span> <span class='ocrx_word' id='word_1_551' title='bbox 3159 5105 3212 5163; x_wconf 80' lang='grc' dir='ltr'><strong><em>δὲ</em></strong></span> <span class='ocrx_word' id='word_1_552' title='bbox 3255 5107 3423 5187; x_wconf 79' lang='grc' dir='ltr'>ἀρχαὶ</span> <span class='ocrx_word' id='word_1_553' title='bbox 3451 5108 3555 5165; x_wconf 78' lang='grc' dir='ltr'><strong><em>τῶν</em></strong></span> <span class='ocrx_word' id='word_1_554' title='bbox 3600 5105 3821 5186; x_wconf 79' lang='grc' dir='ltr'>χορδῶν</span> 
     </span>
    </p>
   </div>
   <div class='ocr_carea' id='block_1_61' title="bbox 2162 5195 3818 5278">
    <p class='ocr_par' dir='ltr' id='par_1_61' title="bbox 2162 5195 3818 5278">
     <span class='ocr_line' id='line_1_61' title="bbox 2162 5195 3818 5278; baseline -0.003 -21"><span class='ocrx_word' id='word_1_555' title='bbox 2162 5201 2400 5258; x_wconf 77' lang='grc' dir='ltr'>καθίεντο</span> <span class='ocrx_word' id='word_1_556' title='bbox 2441 5197 2661 5262; x_wconf 74' lang='grc' dir='ltr'><strong><em>ἄνωθεν.</em></strong></span> <span class='ocrx_word' id='word_1_557' title='bbox 2700 5207 2840 5278; x_wconf 63' lang='lat' dir='ltr'><strong><em>Astu</em></strong></span> <span class='ocrx_word' id='word_1_558' title='bbox 2870 5199 2970 5278; x_wconf 82' lang='grc' dir='ltr'><strong><em>γὰρ</em></strong></span> <span class='ocrx_word' id='word_1_559' title='bbox 3000 5195 3255 5254; x_wconf 75' lang='grc' dir='ltr'>κόλλαϐοι</span> <span class='ocrx_word' id='word_1_560' title='bbox 3315 5197 3492 5255; x_wconf 74' lang='grc' dir='ltr'>εἴτουν</span> <span class='ocrx_word' id='word_1_561' title='bbox 3541 5199 3818 5254; x_wconf 67' lang='grc' dir='ltr'><strong><em>πασσαλε-</em></strong></span> 
     </span>
    </p>
   </div>
   <div class='ocr_carea' id='block_1_62' title="bbox 2165 5285 3820 5370">
    <p class='ocr_par' dir='ltr' id='par_1_62' title="bbox 2165 5285 3820 5370">
     <span class='ocr_line' id='line_1_62' title="bbox 2165 5285 3820 5370; baseline -0.004 -23"><span class='ocrx_word' id='word_1_562' title='bbox 2165 5312 2306 5370; x_wconf 71' lang='grc' dir='ltr'>σκοι,</span> <span class='ocrx_word' id='word_1_563' title='bbox 2366 5290 2483 5369; x_wconf 77' lang='grc' dir='ltr'>περὶ</span> <span class='ocrx_word' id='word_1_564' title='bbox 2543 5289 2634 5345; x_wconf 84' lang='grc' dir='ltr'><strong><em>τὸν</em></strong></span> <span class='ocrx_word' id='word_1_565' title='bbox 2686 5289 2871 5366; x_wconf 75' lang='grc' dir='ltr'>πῆχυν</span> <span class='ocrx_word' id='word_1_566' title='bbox 2942 5289 3034 5344; x_wconf 76' lang='grc' dir='ltr'><strong><em>τοῦ</em></strong></span> <span class='ocrx_word' id='word_1_567' title='bbox 3123 5285 3424 5367; x_wconf 75' lang='grc' dir='ltr'>ψαλτηρίου</span> <span class='ocrx_word' id='word_1_568' title='bbox 3511 5286 3820 5366; x_wconf 69' lang='grc' dir='ltr'><strong><em>στρεφόμε-</em></strong></span> 
     </span>
    </p>
   </div>
   <div class='ocr_carea' id='block_1_63' title="bbox 2167 5372 3820 5456">
    <p class='ocr_par' dir='ltr' id='par_1_63' title="bbox 2167 5372 3820 5456">
     <span class='ocr_line' id='line_1_63' title="bbox 2167 5372 3820 5456; baseline -0.002 -20"><span class='ocrx_word' id='word_1_569' title='bbox 2167 5403 2246 5438; x_wconf 80' lang='grc' dir='ltr'><strong><em>νοι</em></strong></span> <span class='ocrx_word' id='word_1_570' title='bbox 2299 5377 2498 5436; x_wconf 73' lang='grc' dir='ltr'><strong><em>ἓτεινόν</em></strong></span> <span class='ocrx_word' id='word_1_571' title='bbox 2558 5399 2614 5434; x_wconf 83' lang='grc' dir='ltr'>τε</span> <span class='ocrx_word' id='word_1_572' title='bbox 2671 5378 2769 5445; x_wconf 81' lang='grc' dir='ltr'>τὴν</span> <span class='ocrx_word' id='word_1_573' title='bbox 2840 5372 3043 5456; x_wconf 75' lang='grc' dir='ltr'>χορδὴν</span> <span class='ocrx_word' id='word_1_574' title='bbox 3099 5375 3188 5433; x_wconf 71' lang='grc' dir='ltr'><strong><em>καὶ</em></strong></span> <span class='ocrx_word' id='word_1_575' title='bbox 3234 5374 3454 5456; x_wconf 69' lang='grc' dir='ltr'>ὲχάλων</span> <span class='ocrx_word' id='word_1_576' title='bbox 3541 5377 3670 5455; x_wconf 79' lang='grc' dir='ltr'><strong><em>πρὸς</em></strong></span> <span class='ocrx_word' id='word_1_577' title='bbox 3754 5396 3820 5432; x_wconf 76' lang='grc' dir='ltr'><strong><em>τι</em></strong></span> 
     </span>
    </p>
   </div>
   <div class='ocr_carea' id='block_1_64' title="bbox 2163 5462 3809 5549">
    <p class='ocr_par' dir='ltr' id='par_1_64' title="bbox 2163 5462 3809 5549">
     <span class='ocr_line' id='line_1_64' title="bbox 2163 5462 3809 5549; baseline -0.003 -21"><span class='ocrx_word' id='word_1_578' title='bbox 2163 5473 2255 5530; x_wconf 80' lang='grc' dir='ltr'><strong><em>τὸν</em></strong></span> <span class='ocrx_word' id='word_1_579' title='bbox 2281 5469 2472 5549; x_wconf 78' lang='grc' dir='ltr'><strong><em>ῥυθμὸν</em></strong></span> <span class='ocrx_word' id='word_1_580' title='bbox 2499 5471 2597 5536; x_wconf 77' lang='grc' dir='ltr'><strong><em>τῆς</em></strong></span> <span class='ocrx_word' id='word_1_581' title='bbox 2643 5465 2896 5546; x_wconf 79' lang='grc' dir='ltr'>ἁρμονίας</span> <span class='ocrx_word' id='word_1_582' title='bbox 2925 5468 3011 5523; x_wconf 79' lang='grc' dir='ltr'><strong><em>καὶ</em></strong></span> <span class='ocrx_word' id='word_1_583' title='bbox 3070 5466 3200 5546; x_wconf 79' lang='grc' dir='ltr'>πρὸς</span> <span class='ocrx_word' id='word_1_584' title='bbox 3257 5482 3317 5522; x_wconf 81' lang='grc' dir='ltr'>το</span> <span class='ocrx_word' id='word_1_585' title='bbox 3375 5467 3470 5522; x_wconf 78' lang='grc' dir='ltr'><strong><em>τοῦ</em></strong></span> <span class='ocrx_word' id='word_1_586' title='bbox 3515 5462 3809 5542; x_wconf 74' lang='grc' dir='ltr'>ψαλτῳδοῦ</span> 
     </span>
    </p>
   </div>
   <div class='ocr_carea' id='block_1_65' title="bbox 2163 5552 3819 5639">
    <p class='ocr_par' dir='ltr' id='par_1_65' title="bbox 2163 5552 3819 5639">
     <span class='ocr_line' id='line_1_65' title="bbox 2163 5552 3819 5639; baseline -0.004 -22"><span class='ocrx_word' id='word_1_587' title='bbox 2163 5558 2432 5639; x_wconf 73' lang='grc' dir='ltr'><strong><em>βούλημα.</em></strong></span> <span class='ocrx_word' id='word_1_588' title='bbox 2485 5557 2582 5616; x_wconf 73' lang='grc' dir='ltr'><strong><em>Καὶ</em></strong></span> <span class='ocrx_word' id='word_1_589' title='bbox 2609 5555 2764 5615; x_wconf 76' lang='grc' dir='ltr'>τοῦτό</span> <span class='ocrx_word' id='word_1_590' title='bbox 2799 5555 2943 5612; x_wconf 76' lang='grc' dir='ltr'><strong><em>ἐστιν</em></strong></span> <span class='ocrx_word' id='word_1_591' title='bbox 2972 5557 3000 5613; x_wconf 85' lang='grc' dir='ltr'>ὁ</span> <span class='ocrx_word' id='word_1_592' title='bbox 3028 5576 3192 5635; x_wconf 80' lang='grc' dir='ltr'>φησιν</span> <span class='ocrx_word' id='word_1_593' title='bbox 3221 5556 3249 5612; x_wconf 86' lang='grc' dir='ltr'><strong>ὁ</strong></span> <span class='ocrx_word' id='word_1_594' title='bbox 3280 5552 3448 5633; x_wconf 70' lang='grc' dir='ltr'><strong><em>μέγας</em></strong></span> <span class='ocrx_word' id='word_1_595' title='bbox 3512 5552 3819 5631; x_wconf 54' lang='lat' dir='ltr'><strong><em>Basilum,</em></strong></span> 
     </span>
    </p>
   </div>
   <div class='ocr_carea' id='block_1_66' title="bbox 2164 5661 2280 5716">
    <p class='ocr_par' dir='ltr' id='par_1_66' title="bbox 2164 5661 2280 5716">
     <span class='ocr_line' id='line_1_66' title="bbox 2164 5661 2280 5716; baseline 0.009 -1"><span class='ocrx_word' id='word_1_596' title='bbox 2164 5661 2280 5716; x_wconf 88' lang='lat' dir='ltr'><strong><em>etc.</em></strong></span> 
     </span>
    </p>
   </div>
  </div>
