4062 6216
267 323 388 394 549

1242 325 1716 395 FRAGMENTA
1759 325 2135 392 COMMENT
2181 326 2264 392 IN
2311 324 2671 390 PSALMOS.

3533 324 3654 394 550

701 462 872 526 Idem
901 463 1214 544 explicans
1245 466 1364 527 ista
1395 464 1625 546 psalmi
1659 464 1743 526 Il.
1787 492 1815 526 α
1851 466 2278 530 Convenerunt
2310 481 2480 545 reges
2512 469 2712 539 terra",
2753 487 2780 517 ι»
2819 471 2964 538 etc.,
2997 463 3170 541 ponit
3205 482 3220 525 :

349 584 695 650 Ἀθανάσιος,
735 585 838 642 Διὰ
866 587 917 642 τί
945 585 999 642 δὲ
1035 589 1081 643 οἱ
1112 587 1356 664 βασιλεῖς
1388 586 1632 667 Ἡρώδης
1664 591 1691 645 ὁ
1726 589 1921 648 Ἀσκα-
1941 611 1978 659 Α

268 676 504 744 λωνίτης
552 680 640 734 καὶ
672 677 905 742 Πιλᾶτος
939 681 966 735 ὁ
1001 682 1221 744 Πόντιος
1283 679 1643 759 παρέστησαν,
1679 681 1916 738 τουτέστι

267 767 635 844 παρετάξαντο
665 769 755 824 καὶ
786 768 1021 834 ἐπῆλθον
1056 771 1194 826 κατὰ
1252 777 1482 848 Χριστοῦ
1517 785 1532 843 ;
1569 770 1667 827 Διὰ
1708 769 1839 828 τίδὲ
1871 773 1918 827 οἱ

268 858 532 936 ἄρχοντες
591 864 698 914 τῶν
749 857 1022 916 Ἰοώαίων
1066 863 1114 916 οἱ
1166 859 1408 928 ἀσεϐεῖς,
1461 862 1548 916 καὶ
1601 863 1800 936 Αοιμοὶ,
1832 863 1920 917 καὶ

269 946 607 1026 ἁμαρτωλοὶ,
642 954 1014 1025 Γραμματεῖς,
1059 951 1146 1006 καὶ
1205 957 1516 1030 Φαρισαῖοι,
1568 951 1656 1009 καὶ
1689 951 1917 1026 νομικοὶ,

267 1039 347 1100 εἱς
405 1039 595 1092 ταῦτὸν
645 1036 994 1116 συνέδραμον,
1047 1040 1136 1096 καὶ
1193 1041 1331 1096 κατὰ
1391 1050 1483 1098 τοῦ
1525 1039 1741 1120 Κυρίου,
1774 1061 1923 1096 τουτο

267 1127 391 1183 ἐστι
448 1134 544 1183 τοῦ
603 1130 828 1206 Πατρὸς,
865 1131 955 1185 καὶ
1012 1130 1148 1185 κατὰ
1201 1129 1295 1186 τοῦ
1348 1137 1575 1208 Χριστοῦ
1604 1130 1920 1209 ἐλύττησαν,

266 1217 514 1273 τουτέστι
559 1216 654 1273 τοῦ
722 1220 844 1278 Υἱοῦ
877 1223 1036 1277 αὐτοῦ
1068 1239 1084 1299 ;
1119 1217 1180 1278 Ὀ
1214 1221 1312 1297 γὰρ
1343 1222 1420 1296 μὴ
1451 1227 1622 1295 τιμῶν
1654 1223 1743 1276 τὸν
1803 1220 1922 1275 Υὶὸν

270 1304 390 1362 οὔδε
424 1308 516 1362 τὸν
548 1307 756 1385 Πατέρα
788 1314 947 1383 τιμᾷ,
981 1309 1138 1389 Τάχα
1193 1310 1290 1385 μὲν
1324 1309 1434 1381 οὖν,
1471 1309 1654 1378 ἐπειδὴ
1697 1310 1761 1365 τὰ
1799 1307 1924 1387 παρ’

272 1395 501 1460 ἱκείνοις
550 1396 935 1473 τετολμημένα
993 1405 1084 1455 τοῦ
1137 1397 1330 1478 Κυρίου
1385 1398 1590 1474 μᾶλλον
1636 1400 1735 1466 τὴν
1765 1398 1923 1454 δύνα-

277 1509 373 1561 μιν
405 1483 588 1560 ἔδειξε,
623 1488 712 1544 καὶ
743 1490 816 1549 εἷς
850 1489 1154 1546 τούναντίον
1184 1493 1368 1554 αὐτοῖς
1416 1490 1478 1545 τὰ
1522 1489 1926 1568 ἐπιχειρήματα

274 1575 525 1653 γέγονεν,
577 1579 732 1633 οἱονεὶ
791 1578 1099 1657 μυκτηρίζει
1151 1579 1338 1644 αὖτοὺς
1392 1581 1420 1634 ὃ
1487 1578 1680 1654 Δαυ“ιδ,
1731 1581 1801 1644 ὡς
1851 1580 1922 1641 εἷς

278 1667 437 1721 κενὸν
469 1667 642 1722 πάντα
685 1666 1062 1741 τολμήσαντας
1093 1683 1107 1697 ⁸
1144 1669 1291 1748 τάχα
1321 1667 1376 1724 δὲ
1406 1669 1494 1725 καὶ
1522 1667 1818 1747 μέμφεται.
1865 1669 1926 1725 Τί

279 1756 386 1831 γὰρ
415 1753 616 1812 ὂτποτε
649 1757 952 1832 αἱτιώμενοι
983 1759 1030 1814 οἱ
1083 1759 1218 1814 κατα
1270 1765 1496 1837 Χριστοῦ
1541 1756 1924 1837 συνδραμόντες

281 1848 498 1923 σταδρῷ
551 1853 735 1903 τοῦτον
794 1847 1101 1925 ἀνήρτησαν
1138 1869 1154 1920 ;
1210 1849 1322 1928 Οὐχ
1358 1849 1511 1912 οὗτός
1547 1851 1694 1905 ἐστιν
1735 1851 1762 1904 ὁ
1808 1861 1924 1912 τοῖς

2085 589 2475 650 Athanasius.
2511 584 2653 658 Quae
2678 602 2822 646 vero
2869 602 3051 646 causa
3081 593 3234 664 erat,
3269 583 3428 664 quod
3455 601 3648 664 reges,

2003 675 2274 740 Herodes
2295 674 2639 739 Ascalonita
2653 681 2711 736 et
2735 673 2979 737 Pontius
2993 671 3216 736 Pilatus
3239 675 3652 749 convenirent,

2005 765 2119 827 hoc
2150 764 2708 846 est,conspirarent,
2743 771 2802 825 et
2825 762 3118 844 impetum
3153 764 3421 825 facerent
3443 771 3648 826 contra

2006 852 2611 934 Christum?Autquid
2627 851 2712 914 rei
2739 852 3058 934 erat,quod
3085 852 3388 932 principes
3404 850 3647 917 Judaeu-

2005 963 2164 1019 rum,
2201 943 2368 1024 impii
2401 943 2508 1017 illi,
2559 941 3039 1023 pestilentissimi
3071 949 3131 1003 et
3165 942 3659 1004 facinorosissimi

2005 1033 2552 1114 homines,Scribas
2576 1032 2733 1105 dico,
2749 1031 3076 1095 l’barisaaos
3099 1041 3160 1092 et
3183 1031 3660 1112 legisperitos,in

2005 1143 2190 1186 unum
2224 1123 2570 1202 congregati
2600 1130 2825 1198 sunt,et
2841 1127 3049 1185 contra
3072 1122 3540 1194 Dominum,hoc
3567 1132 3663 1184 est

2007 1210 3012 1294 Patrem,insanierunt,contraque
3046 1210 3350 1274 Christum
3381 1211 3663 1292 ejus,sci-

2009 1305 2150 1366 licet
2179 1303 2427 1366 Filium?
2449 1302 2594 1365 Nam
2626 1304 2720 1384 qui
2765 1321 2884 1364 non
2915 1305 3166 1363 honorat
3199 1300 3439 1375 Filium,
3474 1302 3522 1362 is
3556 1320 3659 1362 ne-

2009 1412 2124 1474 que
2144 1392 2378 1456 Patrem
2407 1391 3218 1471 bonorat7.Quandoquidem
3245 1389 3424 1470 igitur
3443 1399 3499 1451 et
3525 1409 3659 1468 quae

2007 1482 2082 1544 ab
2107 1481 2224 1544 illis
2248 1489 2447 1563 parata
2469 1480 2873 1555 sunt,Domini
2897 1480 3223 1560 potentiam
3247 1479 3442 1540 adhuc
3468 1480 3655 1559 magis

2010 1572 2518 1646 demonstrarunt,
2582 1572 2964 1650 ipsorumque
3023 1577 3271 1630 conatus
3300 1568 3478 1648 plane
3511 1587 3654 1630 con-

2010 1661 2254 1723 trarium
2290 1661 2510 1723 exitum
2544 1659 2734 1721 sortiti
2769 1667 2907 1721 sunt
2940 1677 2954 1721 :
2989 1658 3215 1720 idcirco
3249 1657 3486 1718 videtur
3518 1657 3657 1720 illos

2009 1750 2188 1812 David
2220 1750 2386 1831 quasi
2421 1749 2697 1823 irridere,
2733 1757 2795 1810 ut
2817 1747 3004 1829 quiin
3042 1765 3254 1809 vanum
3290 1748 3490 1808 omnia
3523 1756 3659 1809 ten—

2009 1850 2206 1906 tarunt
2244 1861 2258 1903 :
2291 1840 2383 1901 vel
2443 1841 2690 1902 fortasse
2748 1847 2921 1900 etiam
2973 1855 3280 1900 accusare.
3316 1837 3444 1910 Qua
3474 1839 3658 1913 enim,

283 1933 455 1991 ἔθνεσι
507 1937 604 2011 μὲν
638 1935 883 2003 δεδωκὼς
913 1939 1013 2007 τὴν
1039 1939 1254 2019 σοφίαν,
1288 1927 1408 2002 τοῖς
1453 1938 1508 1995 δὲ
1552 1937 1823 2016 βασιλεῦσι
1866 1939 1927 1993 τὸ

2020 1948 2422 2014 quwso,causa
2451 1930 2698 2008 culpave
2731 1935 2789 1989 in
2823 1928 3062 1990 Christo
3095 1927 3470 2006 deprehensa
3501 1945 3654 1988 con-

280 2025 482 2102 κράτος
526 2028 850 2108 παρασχὼν,
895 2029 984 2084 καὶ
1027 2041 1146 2092 τοῖς
1188 2027 1414 2108 ἄρχουσι
1447 2031 1545 2094 τὴν
1590 2027 1767 2108 ἀρχὴν
1790 2049 1927 2105 κρα-

279 2114 600 2190 τυνάμενος,
659 2119 746 2174 καὶ
805 2131 923 2179 τοῖς
979 2116 1254 2182 Ἰουδαίοις
1287 2119 1352 2174 τὰ
1383 2118 1610 2197 μέγιστα
1641 2137 1929 2196 τερατουρ-

277 2207 454 2283 τῆσας
497 2207 586 2262 καὶ
615 2205 868 2283 βοώμενα
897 2208 1138 2282 θαύματα
1172 2225 1188 2282 ;

2011 2039 2188 2084 cursu
2221 2020 2371 2081 facto
2398 2020 2591 2098 ipsum
2624 2018 2686 2080 in
2729 2035 2970 2080 crucem
3001 2016 3418 2079 sustulerunt?
3447 2019 3662 2080 Nonne

2013 2111 2142 2191 ipse
2161 2112 2379 2190 εει,ςυί
2413 2108 2692 2188 gentibus
2722 2105 3074 2188 sapientiam
3100 2105 3396 2187 dedit,qui
3418 2107 3662 2186 regibus

2013 2199 2332 2280 imperium
2369 2197 2702 2278 tribuit,qui
2727 2196 3102 2278 principibus
3132 2197 3502 2258 dominatum
3525 2215 3664 2258 con—

2015 2289 2212 2350 firmat
2236 2288 2260 2349 'l
2288 2287 2390 2369 qui
2420 2287 2680 2368 denique
2707 2285 2930 2350 ludatis
2961 2304 3198 2348 summa
3231 2294 3290 2347 et
3321 2285 3656 2366 proclama-
3741 2289 3763 2305 '

2017 2377 2247 2442 tissima
2277 2377 2378 2442 illa
2408 2386 2690 2458 operatus
2718 2383 2808 2438 est
2840 2375 3131 2437 miracula
3151 2381 3179 2438 ‘i

1387 2505 1464 2569 Et
1487 2507 1552 2568 in
1582 2519 1828 2569 versum
1857 2507 2194 2582 sequentem
2225 2499 2500 2563 scribens
2533 2518 2546 2564 :

370 2609 710 2677 Ἀθανᾶσιος,
753 2611 874 2693 (53)
912 2612 1166 2672 Ἐνταῦθα
1195 2613 1364 2671 λείπει
1424 2616 1507 2684 τὸ,
1543 2615 1814 2692 λέγοντες,
1845 2610 1936 2666 ’ἕνα

286 2701 323 2777 ᾖ
349 2704 386 2768 ἢ
419 2699 622 2758 διάνοια
679 2704 812 2771 αὕτη
843 2720 858 2734 ⁶
917 2706 1274 2784 Συνήχθησαν
1325 2704 1462 2760 κατὰ
1492 2711 1581 2760 τοῦ
1611 2701 1802 2781 Κυρίου
1850 2701 1937 2756 καὶ

286 2793 424 2848 κατὰ
481 2794 576 2846 τοῦ
637 2799 864 2872 Χριστοῦ
937 2795 1111 2868 αὑτοῦ,
1199 2793 1445 2872 λέγοντες
1483 2813 1495 2826 ·
1581 2792 1937 2867 Διαοιόψωμεν

286 2881 410 2944 τοὺς
469 2878 695 2955 δεσμοὺς
757 2882 951 2941 αὐτῶν.
1016 2883 1237 2957 Τίνων;
1301 2885 1391 2940 τοῦ
1448 2883 1649 2959 Πατρὸς
1701 2882 1789 2936 καὶ
1845 2890 1938 2938 τοῦ

293 2973 413 3024 ι’ἱοῦ
445 2984 460 2998 ⁸
506 2970 565 3024 οὗ
610 2973 711 3049 γὰρ
765 2969 956 3038 ἤθελον
1000 2972 1139 3029 εἴσω
1181 2979 1278 3040 τῆς
1309 2974 1454 3050 ἱερᾶς
1487 2972 1729 3049 γενέσθαι
1760 2970 1935 3047 σαγή-

295 3079 392 3124 νης
423 3073 442 3092 ⁹
499 3059 910 3138 Ἀπορῤίψωμεν
959 3060 1012 3117 δὲ
1070 3065 1161 3119 τὸν
1209 3065 1390 3143 ζυγὸν,
1454 3061 1690 3120 τουτέστι
1720 3060 1810 3116 τὸν
1841 3057 1934 3113 εδ-

294 3147 582 3225 αγγελικὸν
631 3150 794 3226 νόμον
819 3153 907 3208 καὶ
935 3153 1032 3219 τὴν
1059 3152 1299 3231 ἐντολὴν,
1337 3153 1454 3230 περὶ
1489 3154 1549 3207 οὗ
1586 3149 1878 3228 γέγραπται
1913 3163 1928 3178 ⁶

2042 2686 2046 2688 Π
2103 2606 2493 2670 Athanasius.
2527 2606 2706 2669 Deest
2731 2607 2832 2670 hic
2861 2607 3037 2689 illud,
3063 2607 3428 2690 dicentes,ut
3460 2609 3558 2672 hic
3589 2608 3667 2671 sit

2021 2714 2255 2768 sensus,
2265 2697 2638 2778 Congregati
2665 2711 2803 2760 sunt
2818 2706 3027 2760 contra
3042 2697 3366 2761 Dominum
3391 2710 3448 2761 et
3465 2707 3672 2762 contra

2021 2787 2334 2848 Christum
2357 2787 2812 2866 ejus,dicentes:
2844 2787 3284 2868 Dirumpamus
3303 2789 3552 2852 vincula
3574 2807 3671 2852 eo-

2020 2892 2186 2940 rum.
2219 2873 2516 2947 Quorum?
2544 2875 2738 2939 Patris
2773 2876 3054 2938 nimirum
3087 2888 3145 2939 et
3173 2877 3307 2939 Filii
3339 2896 3353 2941 :
3387 2878 3668 2940 nolebant

2020 2967 2180 3026 enim
2216 2969 2371 3026 intra
2399 2983 2632 3027 sacram
2657 2964 2897 3028 Domini
2915 2984 3193 3044 sagenam
3214 2985 3369 3028 esse:
3398 2968 3664 3046 abjicia-

2018 3072 2154 3117 mus
2178 3071 2317 3116 vero
2335 3055 2513 3117 etiam
2522 3056 2747 3135 jugum
2779 3059 3078 3137 ipsorum,
3111 3057 3224 3132 hoc
3254 3057 3568 3137 est,legem
3604 3067 3662 3119 et

2020 3156 2318 3227 praecepta
2345 3146 2670 3225 Evangelii,
2700 3146 2775 3208 de
2797 3165 2914 3228 quo
2946 3149 3234 3227 scriptum
3264 3155 3354 3210 est
3385 3166 3399 3211 :
3436 3149 3668 3229 Jugum

294 3223 354 3295 ’ό
384 3223 562 3316 -ζυγός
622 3223 726 3314 μον
783 3242 1025 3320 χρηστός
1082 3243 1218 3302 ἐστι.
1272 3223 1439 3300 Τοῦτο
1468 3239 1522 3298 δὲ
1553 3223 1708 3302 αὸτδξ
1735 3236 1930 3295 ὀνειδί-

2020 3223 2712 3298 ἱιιθιιιηζςιιαυεεεεέᾘοο
2737 3223 2870 3298 vero
2894 3223 3357 3318 etiam‘ipsemet
3377 3223 3668 3300 Dominus
3765 3316 3768 3320 ί

292 3335 392 3397 ζων
423 3330 608 3392 αὖτοῖς
645 3327 732 3386 διά
773 3328 1028 3409 Ἰερεμίου
1069 3331 1249 3412 ἔλεγεν
1285 3351 1300 3368 ·
1345 3333 1519 3397 Εἷπας
1554 3347 1566 3361 ⁸
1609 3329 1681 3388 Οὒ
1712 3326 1930 3384 δουλεύ-

291 3437 372 3471 σω
413 3439 494 3473 σοι
529 3438 545 3452 ’
579 3418 880 3501 τουτέστιν,
914 3420 1092 3486 Οὕτως
1125 3421 1475 3500 ὲπολιτεύσω,
1519 3420 1656 3478 ὥστε
1708 3419 1932 3475 ἀποσεί-

292 3512 475 3565 σασθαι
525 3510 628 3578 τὴν
685 3509 824 3587 ἐμὴν
858 3511 1119 3574 δουλείαν.
1155 3513 1241 3572 ’Ἢ
1272 3513 1444 3574 τοίνυν
1475 3519 1640 3572 ταῦτα
1669 3512 1731 3567 ix
1756 3531 1932 3589 προσ-

294 3599 437 3653 ώπου
485 3605 599 3655 τῶν
662 3599 928 3659 Ἰουδαίων
986 3603 1200 3682 εἴρηται
1259 3604 1580 3661 ἀθετοῦντων
1612 3602 1708 3669 τὴν
1742 3602 1812 3665 εἰς
1844 3602 1936 3655 τὸν

298 3687 479 3766 Κύριον
530 3689 834 3772 ὑποταγὴν,
871 3693 960 3749 καὶ
990 3691 1107 3750 οὔτε
1139 3697 1281 3769 αῦτῷ
1333 3692 1447 3752 οὔτε
1496 3700 1573 3766 τῲ
1611 3692 1770 3770 Πατρὶ
1797 3691 1936 3746 ὑπο-

296 3782 508 3858 ζεῦχθαι
553 3779 818 3839 θελόντων
854 3800 869 3818 ο
924 3782 960 3850 ἢ
1003 3785 1090 3840 καὶ
1132 3797 1252 3847 τοῖς
1284 3784 1600 3840 πιστεύσασι
1632 3783 1693 3838 τὸ
1728 3786 1942 3854 Πνεῦμα

301 3874 567 3947 παρεγγυᾷ
597 3871 689 3926 καὶ
718 3868 864 3949 λέγει
901 3886 916 3903 ⁸
956 3872 1044 3940 Μὴ
1077 3875 1427 3950 ὁμοιωθῶμεν
1469 3884 1588 3937 τοῖς
1638 3867 1945 3927 ἐπιϐουλεύ-

303 3977 419 4013 σασι
447 3965 528 4032 τῷ
585 3964 820 4040 Χριστῷ,
869 3958 1006 4037 μηδὲ
1038 3961 1366 4040 συνδεθῶμεν
1417 3963 1602 4025 αὖτοῖς
1659 3960 1796 4017 κατὰ
1845 3959 1942 4026 τὴν

300 4048 551 4123 ὁμόνοιαν
577 4067 592 4082 ⁶
629 4049 767 4109 ἁλλᾶ
795 4054 886 4109 καὶ
935 4053 1029 4109 τὸν
1077 4054 1239 4133 βαρὺν
1269 4055 1363 4111 τοῦ
1392 4052 1624 4111 παλαιοῦ
1651 4051 1816 4127 νόμου
1847 4056 1943 4120 ζυ-

300 4138 393 4214 γὸν
439 4139 910 4222 ἆποτιναξώμεθα,
961 4140 1130 4219 μηδὲν
1162 4143 1448 4222 εσηούμενοι
1503 4143 1567 4198 τὰ
1624 4143 1680 4197 ἒν
1730 4139 1940 4215 τύποις,

303 4228 345 4280 εἰ
373 4229 449 4302 μὴ
500 4242 716 4288 νοοῖντο
747 4239 1143 4309 πνευματικῶς,
1177 4230 1492 4297 Ἀσυντελές
1524 4233 1625 4310 γὰρ
1655 4231 1787 4309 πρὸς
1818 4227 1943 4296 ἕνη,

303 4336 382 4372 σιν
408 4321 443 4387 ἦ
476 4322 628 4402 σκιὰ,
661 4322 706 4378 εἰ
736 4322 818 4398 μη
847 4323 906 4379 τὸ
939 4330 1166 4403 Χριστοῦ
1200 4322 1488 4404 μυστήριον
1518 4329 1812 4401 ζωγραφεῖ.

2015 3324 2161 3407 ipsis
2177 3327 2500 3407 exprobrat
2520 3343 2626 3407 per
2641 3327 2959 3388 Jeremiam
2971 3327 3136 3401 ,dum
3156 3327 3258 3391 ait:
3275 3327 3670 3390 DixistizNon

2014 3418 2278 3478 serviam
2301 3416 2412 3478 tibi
2429 3415 2482 3492 9,
2521 3416 2691 3498 quasi
2721 3416 2902 3498 dicat,
2930 3415 3026 3479 Sic
3059 3425 3115 3478 te
3145 3417 3406 3497 gessisti,
3445 3429 3507 3480 ut
3537 3437 3670 3480 ser-

2017 3506 2264 3567 vitutem
2294 3524 2483 3568 meam
2519 3509 2979 3569 excuteres.Aut
3008 3507 3192 3586 igitur
3216 3508 3340 3569 haec
3375 3520 3668 3586 tanquam

2021 3614 2092 3658 ex
2111 3594 2453 3658 Judzeorum
2474 3614 2732 3678 persona
2759 3597 3172 3678 dicuntur,qui
3195 3599 3443 3660 subesse
3469 3598 3642 3661 Domi

2026 3703 2101 3746 no
2134 3693 2434 3758 recusant,
2469 3694 2528 3748 et
2559 3703 2670 3748 nec
2702 3685 2843 3767 ipsi,
2878 3704 3076 3766 neque
3103 3685 3264 3748 Patri
3295 3688 3427 3767 ejus
3456 3686 3674 3768 subjici

2025 3774 2232 3836 volunt
2263 3791 2279 3834 :
2313 3782 2414 3836 aut
2444 3783 2607 3837 certe
2637 3777 2895 3855 Spiritus
2947 3776 3264 3851 credentes
3293 3777 3578 3838 admonet
3611 3787 3671 3838 et

2025 3863 2192 3925 dicit:
2218 3861 2303 3925 Ne
2321 3864 2724 3927 assimilemur
2743 3865 2817 3926 iis
2835 3864 2937 3946 qui
2957 3865 3190 3928 Christo
3215 3866 3484 3929 insidiati
3507 3874 3673 3942 sunt,

2027 3972 2221 4036 neque
2258 3964 2688 4017 connectamur
2716 3956 2860 4035 ipsis
2891 3955 3330 4019 consentiendo
3358 3977 3372 4019 ε
3397 3957 3540 4038 quin
3565 3976 3676 4038 po-

2028 4045 2144 4106 tius
2174 4063 2356 4124 grave
2378 4045 2525 4109 illud
2549 4045 2765 4107 veteris
2784 4044 2933 4125 legis
2959 4063 3110 4108 onus
3128 4044 3506 4126 abjiciamus,
3531 4046 3677 4108 nihil

2026 4135 2396 4198 aestimantes
2414 4143 2584 4217 typos
2608 4134 2890 4212 illos,nisi
2916 4135 3305 4216 spiritualiter
3332 4135 3676 4216 intelligan-

2029 4225 2382 4288 tur.Umbra
2411 4243 2668 4306 namque
2697 4243 2796 4286 res
2819 4225 3092 4302 quaedam
3116 4226 3572 4308 estimperfecta
3590 4237 3674 4288 at-

2025 4332 2141 4397 que
2169 4313 2420 4395 inutilis,
2453 4315 2504 4376 si
2535 4313 2750 4376 Christi
2803 4314 3149 4398 mysterium
3205 4332 3324 4378 non
3358 4316 3672 4379 describit.

971 4443 1058 4507 Et
1082 4447 1149 4508 in
1174 4443 1289 4507 illa
1319 4443 1501 4507 verbo
1534 4463 1550 4506 :
1585 4466 1613 4500 α
1649 4441 1814 4506 Tune
1844 4440 2125 4521 loquetur
2146 4435 2228 4499 ad
2256 4454 2352 4499 eos
2380 4437 2577 4498 inira
2615 4455 2748 4518 sua,
2788 4461 2812 4496 ι
2850 4455 2910 4505 υ.
2942 4439 3004 4500 5.

377 4560 712 4624 ’Δθανασίου.
907 4565 1062 4628 Τότε.
1100 4566 1259 4642 Πότε,
1293 4565 1330 4634 ἢ
1360 4563 1448 4620 ὅτε
1480 4562 1688 4643 ἔλεγον·
1713 4561 1934 4642 Διαῤῥή-

2110 4553 3061 4629 Athauasii.Tunc.Quando,nisi
3087 4573 3225 4618 cum
3248 4555 3540 4622 dicerent:
3567 4559 3676 4620 Dio

297 4650 469 4727 ξωμεν
507 4654 635 4716 τοὺς
695 4650 920 4728 δεσμοὺς
979 4655 1199 4729 ubam;
1262 4655 1387 4712 Τίνα
1431 4651 1487 4710 δέ
1546 4653 1688 4710 ἐστιν
1720 4653 1776 4709 ἐν
1813 4653 1946 4732 ὀργῇ

295 4740 419 4818 παρ’
486 4743 654 4800 αὑτοῦ
691 4741 1042 4823 λαληθέντας
1097 4745 1224 4802 Οὕαὶ
1268 4745 1422 4822 ὑμῖν,
1482 4749 1826 4822 Γραμματεῖς
1859 4743 1946 4798 καὶ

295 4836 616 4909 Ιιδςιιρωαῖοι,
709 4831 788 4888 ὅτι
850 4832 1135 4910 ἀρθήσεται
1206 4830 1297 4912 ἀφ’
1370 4833 1520 4908 ὑμῶν
1595 4833 1631 4899 ἦ
1703 4829 1946 4908 βασιλεία

293 4926 392 4978 τοῦ
449 4927 606 4981 Θεοῦ.
637 4918 743 4981 Καὶ
782 4934 902 4984 τοῖς
948 4935 1222 5002 νομικοῖς,
1268 4920 1406 4985 οὐαί,
1455 4918 1540 4978 ’Ἦ
1569 4925 1654 4993 τὸ,
1688 4921 1843 4995 Τότε,
1873 4922 1946 4985 είς

298 5008 395 5065 τὸν
447 5011 638 5089 καιρὸν
701 5014 800 5077 τῆς
856 5011 1078 5089 κρίσεως
1129 5009 1469 5090 ἀναφέρεται,
1538 5009 1665 5066 ὃταν
1725 5006 1946 5085 ὄψονται

300 5098 375 5160 εἰς
433 5099 493 5154 ὃν
552 5096 927 5166 ἐξεκέντησαν.
986 5102 1117 5158 Τότε
1176 5101 1276 5179 γὰρ
1331 5097 1544 5178 ταράξει
1603 5099 1790 5161 αὐτοὺς
1848 5097 1943 5154 λέ-

297 5206 448 5264 γων·
513 5187 814 5265 Πορεύεσθε
867 5186 962 5245 ἄπ’
1014 5189 1146 5264 ἐμοῦ
1201 5191 1247 5244 οἱ
1306 5187 1694 5266 κατηραμένοι.
1755 5187 1946 5245 Ἐπει-

295 5277 529 5351 ράθησαν
575 5275 632 5332 δὲ
662 5278 805 5341 θείας
854 5279 1044 5358 ὀργῆς,
1077 5280 1166 5336 καὶ
1199 5276 1224 5334 3
1253 5276 1344 5334 ὅτε
1377 5279 1410 5346 ἡ
1445 5271 1726 5352 Ῥωμαϊκὴ
1759 5277 1946 5341 αὐτοῖς

300 5364 566 5423 ἰπιστᾶσα
622 5368 848 5446 στρατιὰ
897 5367 997 5434 τήν
1065 5389 1125 5426 τε
1175 5366 1332 5426 πόλιν
1390 5365 1673 5446 ἐνέπρησε,
1728 5368 1812 5426 καὶ
1855 5369 1949 5423 τὸν

381 5484 504 5568 (53)
532 5484 673 5552 Haec
707 5484 1014 5552 habentur
1041 5487 1336 5571 superius,
1370 5484 1477 5550 sed
1512 5484 1807 5550 breviora.
1857 5527 1859 5529 ι

385 5650 414 5699 ⁷
444 5651 615 5714 Joan.
655 5667 720 5726 ν,
746 5651 846 5714 23.

307 5743 430 5810 xix,
462 5729 562 5798 37.
645 5728 705 5774 ¹⁸
732 5729 940 5797 Matth.
969 5747 1107 5810 xxv,
1136 5734 1238 5797 Μ.

934 5652 968 5700 8
1000 5650 1203 5713 Italtb.
1233 5664 1318 5725 xl,
1370 5647 1468 5714 30.
1552 5649 1586 5700 9
1615 5649 1840 5712 Jerem.
1881 5663 1934 5723 ιι,

2020 5649 2084 5710 0.
2167 5643 2227 5691 ¹⁰
2258 5649 2484 5713 Matth.
2531 5667 2650 5730 xxi,
2691 5650 2792 5716 43.

2029 4662 2394 4726 rumpamus
2411 4645 2656 4707 vincula
2674 4647 2974 4726 ipsorum?
3002 4648 3191 4708 Porro
3222 4664 3354 4726 quae
3384 4657 3525 4709 sunt
3550 4648 3674 4724 illa,

2031 4755 2162 4819 quae
2190 4737 2252 4796 in
2281 4734 2372 4796 ira
2401 4733 2478 4797 ab
2509 4735 2642 4816 ipso
2687 4737 2846 4797 dicta
2896 4735 3052 4798 sunt!
3101 4735 3240 4798 Haec
3271 4738 3506 4799 scilicet
3538 4758 3550 4794 :
3595 4739 3681 4800 Vw

2030 4823 2458 4899 vobis,Seribaz
2479 4833 2533 4886 et
2554 4823 3036 4905 Phariswi,quia
3067 4825 3314 4888 tolletur
3339 4847 3376 4888 a
3395 4827 3564 4890 vobis
3587 4844 3684 4889 re-

2031 4932 2218 4996 gnum
2231 4912 2350 4975 Dei
2365 4913 2534 4977 “).Et
2554 4915 2718 4977 vobis
2739 4915 3270 4996 legisperitis,ooe“
3282 4966 3296 4981 .
3309 4917 3411 4979 Vel
3436 4926 3606 4979 certe
3620 4918 3683 4978 il.

2034 5003 2607 5079 lud,tunc,relertur
2623 5003 2694 5064 ad
2725 5012 2958 5083 tempus
2971 5005 3210 5085 judicii,
3243 5006 3482 5088 quando
3506 5008 3684 5070 vide-

2029 5095 2177 5156 bunt
2199 5094 2266 5155 in
2283 5110 2458 5172 quem
2483 5095 3180 5173 transﬁxeruntlzlunc
3193 5099 3352 5158 enim
3367 5097 3688 5158 conturba-

2030 5182 2117 5246 bit
2131 5199 2260 5263 eos,
2285 5182 2494 5246 dicens
2521 5203 2535 5246 :
2567 5185 2863 5247 Discedite
2879 5204 2917 5248 α
2939 5204 3056 5262 me,
3081 5186 3389 5249 maledicti
3411 5186 3486 5252 *3.
3519 5187 3683 5249 Divi-

2031 5291 2166 5334 nam
2190 5280 2390 5334 autem
2415 5280 2564 5335 iram
2587 5274 2780 5337 Judaei
2809 5278 3041 5357 experti
3057 5284 3358 5358 sunt,cum
3382 5275 3689 5340 Romanus

2029 5362 2094 5425 in
2115 5361 2278 5442 ipsos
2297 5363 2536 5425 irruens
2551 5367 2848 5429 exercitus
2865 5366 3075 5430 urbem
3093 5367 3686 5448 incendit,templum

2116 5482 2242 5567 (54)
2275 5483 2416 5550 Haec
2451 5486 2594 5551 item
2629 5489 2931 5571 superius,
2967 5491 3074 5554 sed
3102 5489 3404 5573 pauciora.

2882 5652 2931 5696 “
2962 5652 3108 5717 Luc.
3140 5667 3223 5731 xx,
3255 5653 3354 5719 46.
3441 5651 3496 5695 ¹¹
3517 5655 3686 5719 Joan.
