4062 6216
1339 359 1402 428 S.
1447 351 1872 426 ATHANASII
1918 347 2082 421 OPP.
2132 347 2324 420 PARS
2367 351 2474 420 III.
2522 391 2600 402 —
2645 347 3085 421 EXEGETIGA
3772 359 3867 430 556

2357 495 2454 552 Καὶ
2478 494 2526 550 οἱ
2555 489 2681 556 παρ’
2699 489 2947 560 ’Ἕλλησι
2967 490 3022 548 δὲ
3049 493 3274 560 ποιηταὶ
3303 494 3388 549 καὶ
3419 493 3740 577 λογογράφοι,
3768 505 3870 560 κατ’

2277 582 2461 638 οὒδένα
2505 583 2699 657 τρόπον
2746 590 2840 638 τοῦ
2901 581 3121 647 ἀληθεῖς
3178 585 3318 638 εἶναι
3373 585 3735 662 φροντίσαντες,
3765 613 3869 647 συν-

553 357 669 430 555

616 503 763 565 Tum
798 501 981 564 etiam
1016 501 1360 565 Graecorum
1409 504 1598 579 poeta:
1645 506 1702 558 et
1759 504 2050 576 oratores,
2087 495 2189 575 qui
2215 514 2250 558 Α

534 613 668 656 cum
699 589 947 654 omnino
1000 591 1225 654 nullam
1288 588 1420 667 ejus
1472 587 1562 648 rei
1614 606 1817 649 curam
1879 585 2189 664 haberent,

535 701 756 744 verane
790 691 991 741 essent
1024 699 1154 761 quae
1213 679 1510 750 dicerent,
1545 678 2034 756 conscripserunt
2065 675 2152 735 sin
2183 709 2189 718 ι

2281 675 2571 729 νεθείκασιν
2625 669 2990 732 ἀϐασανίστως
3066 673 3128 727 τὸ
3208 672 3390 738 αὒτοτς
3456 672 3652 756 δοκοῦν,
3703 683 3872 738 σκοπὸν

536 771 681 852 guli,
717 773 844 830 sine
879 759 1098 849 praevio
1131 768 1429 841 examine,
1465 785 1596 846 quae
1625 766 1772 846 ipsis
1819 765 2189 837 videbantur,

2279 761 2500 841 ἔχοντες
2535 761 2651 842 ἕνα²
2686 764 2744 818 τὸ
2775 759 3022 826 ἐπίδειξιν
3053 761 3378 829 ποιήσασθαι
3411 761 3665 841 γλώττης.

539 863 699 924 hunc
731 859 922 920 solum
977 859 1154 920 finem
1195 856 1505 928 habentes,
1545 863 1606 916 ut
1641 856 1922 917 nimirum
1982 854 2198 934 linguae

538 969 664 1014 suae
694 950 1050 1026 elegantiam
1085 953 1486 1010 ostentarent.

1725 1060 1878 1122 Item
1909 1059 1977 1119 in
2002 1054 2226 1138 psalm.
2264 1071 2368 1118 xm
2401 1055 2725 1135 ἐπιγραφήν.

622 1175 975 1238 Athanasii.
1013 1170 1354 1234 Secundum
1399 1187 1700 1248 anagogen
1726 1184 1885 1240 vero,
1908 1165 2098 1244 aperit
2133 1163 2189 1224 in

2357 1162 2485 1243 {56)
2525 1163 2855 1224 Ἀθανασίου.
2915 1165 3060 1220 Κατὰ
3121 1185 3303 1238 μεντοι
3354 1163 3652 1244 ἀναγωγὴν,
3684 1163 3870 1243 διαῤῥή..

541 1265 652 1326 hoc
677 1264 905 1344 psalmo
929 1270 986 1323 et
1009 1260 1264 1341 explicat
1289 1259 1616 1320 clarissime
1641 1256 1947 1344 hominum
1971 1253 2189 1334 impie-

2278 1251 2368 1320 δην
2429 1252 2481 1308 ἐν
2531 1255 2608 1326 τῲ
2643 1251 2863 1330 παρόντι
2910 1252 3111 1328 ψαλμῷ
3141 1255 3418 1330 σαφηνίζει
3466 1259 3566 1310 τῶν
3623 1253 3872 1331 ἀνθρώπων

544 1342 722 1415 tatem
757 1364 815 1413 et
849 1352 994 1430 legis
1042 1348 1588 1428 prmvaricationem
1625 1347 1686 1407 in
1737 1343 2016 1420 omnibus
2068 1342 2189 1403 suis

2278 1349 2372 1413 τήν
2425 1346 2498 1408 εἷς
2533 1348 2582 1401 τὸ
2627 1344 2888 1410 πιντελὲς
2921 1349 3026 1401 τῶν
3071 1344 3510 1420 ἐπιτηδευμάτων
3553 1344 3775 1403 ἀσέϐειαν
3802 1349 3874 1404 καὶ

537 1441 894 1504 conatibus:
935 1449 995 1500 ut
1026 1439 1164 1500 hinc
1200 1439 1616 1500 necessitatem
1647 1437 1935 1498 adventus
1967 1431 2188 1494 Christi

544 1533 851 1612 praedicet.
887 1531 1079 1610 Atque
1140 1529 1227 1590 sic
1261 1528 1501 1608 quidem
1552 1527 1722 1588 divus
1781 1522 2182 1586 Athanasius:

542 1619 876 1682 secundum
912 1627 1109 1680 autem
1144 1634 1425 1695 maguum
1457 1613 1898 1686 Dasilium,elc.

979 1723 1289 1786 Similiter
1319 1725 1384 1784 in
1413 1722 1658 1784 titulum
1691 1719 1910 1800 psalm.
1946 1735 2071 1798 xw,
2101 1721 2418 1798 praemissa
2457 1718 2808 1782 Theodoreti
2834 1723 3158 1795 sententia,
3189 1721 3434 1800 subjici:
3467 1737 3482 1784 :

623 1833 984 1896 Athanasius
1009 1839 1209 1892 autem
1245 1840 1304 1892 et
1332 1827 1819 1907 Basilius,magni
1853 1827 1936 1888 illi
1961 1829 2187 1902 Patres,

2341 1827 2491 1906 ¹(5⁵7)
2549 1827 2860 1892 Ἀθανάσιος
2919 1827 2974 1884 δὲ
3006 1829 3093 1885 καὶ
3129 1827 3429 1903 Βασίλειος,
3477 1829 3522 1886 οἱ
3551 1827 3758 1906 μεγάλοι
3783 1837 3877 1888 Πα-

537 1923 722 1994 aiunt,
751 1921 1034 1985 Davidem
1070 1920 1358 2001 psalmum
1394 1919 1554 1980 hunc
1587 1915 1973 1996 cecinisse,ut
2005 1916 2184 1976 duce-

2278 1917 2446 1996 τέρες,
2478 1917 2634 1998 φασίν
2669 1937 2684 1952 ·
2719 1917 2800 1974 ὅτι
2831 1920 3016 1974 τοῦτον
3061 1917 3176 1991 ᾅδει
3220 1921 3313 1975 τὸν
3344 1920 3557 1995 ψαλμὸν
3585 1922 3611 1976 ὃ
3644 1919 3793 1976 Δαυῖδ
3817 1919 3879 1976 δι-

537 2012 947 2093 ret,quidnam
981 2010 1127 2071 illud
1153 2009 1418 2089 sit,quod
1451 2009 1754 2069 hominem
1791 2017 2086 2086 praeparet
2116 2005 2186 2066 ad

2278 2006 2502 2088 Ξάσκων,
2550 2014 2598 2064 τί
2657 2007 2718 2066 ἂν
2777 2008 3050 2087 ἄνθρωπον
3133 2010 3525 2089 παρασκευάσαι
3579 2015 3671 2078 τῆς
3723 2033 3876 2084 μακα-

539 2103 774 2165 beatam
803 2101 963 2162 illam
998 2097 1260 2180 quietem
1293 2097 1799 2178 consequendam.
1831 2094 2186 2175 Quare,cum

2278 2120 2382 2176 ριας
2443 2098 2644 2165 ἐκείνης
2680 2112 2872 2178 τυχεῖν
2902 2097 3131 2165 λήξεως,
3191 2102 3284 2156 Διὸ
3336 2103 3429 2156 τὸν
3483 2099 3673 2156 τέλειον
3715 2101 3876 2176 ἡμῖνὸ

537 2191 906 2274 pr0positum
963 2198 1118 2250 esset
1153 2194 1210 2248 in
1244 2189 1355 2250 hoc
1390 2187 1615 2268 psalmo
1652 2185 1952 2246 hominem
1985 2183 2176 2264 perfe-

2278 2187 2438 2263 λόγος
2483 2189 2790 2266 ὑπογράψαι
2849 2187 3194 2265 βουλόμενος,
3243 2191 3334 2246 τὸν
3391 2195 3498 2246 τῶν
3544 2191 3872 2268 μακαριτμῶν,

537 2273 696 2344 ctum
757 2277 1127 2353 describere,
1164 2297 1326 2358 eum,
1362 2277 1630 2358 inquam,
1667 2275 1772 2356 qui
1805 2273 2186 2336 beatitudinis

2278 2277 2652 2358 ἐπιτυγχάνειν
2707 2276 2998 2352 μέλλοντα,
3043 2278 3187 2343 τάξει
3245 2279 3344 2335 τινὶ
3399 2281 3490 2335 καὶ
3519 2277 3618 2353 ὁδῷ
3661 2284 3754 2336 τῶν
3779 2279 3877 2356 περί

537 2371 841 2449 particeps
867 2369 1100 2428 futurus
1135 2379 1244 2439 est,
1281 2365 1492 2426 ordine
1523 2384 1590 2426 ac
1616 2364 1704 2425 via
1725 2363 1978 2444 quadam
2002 2362 2189 2424 utitur

2278 2365 2427 2422 αὐτὸν
2485 2367 2862 2447 θεωρουμένων
2924 2377 3295 2448 χρησάμενος,
3347 2371 3455 2426 ἀπὸ
3510 2375 3609 2425 τῶν
3639 2389 3872 2448 προσεχε-

538 2463 598 2521 in
630 2461 703 2520 iis
727 2477 855 2538 quae
909 2458 966 2517 in
1021 2455 1152 2536 ipso
1199 2460 1458 2536 spectari
1491 2454 1706 2526 solent,
1739 2472 1773 2514 a
1805 2451 2090 2530 proximis
2121 2470 2189 2512 ac

2279 2454 2478 2533 στέρων
2506 2458 2593 2514 καὶ
2625 2457 2848 2535 πρώτων
2893 2459 2990 2525 τὴν
3021 2458 3202 2538 ἀρχὴν
3233 2460 3550 2526 πεποίηται,
3587 2459 3874 2539 Ἀρχόμενος

539 2549 745 2628 primis
767 2549 916 2608 facto
933 2545 1309 2608 exordio.Sic
1336 2543 2180 2624 igiturincipit,Domine,etc.

2279 2544 2366 2600 οὖν
2399 2567 2528 2624 φησι
2565 2562 2578 2576 ⁸
2620 2547 2794 2626 Κύριε,
2831 2554 2945 2608 etc.

977 2653 1236 2715 Rursum
1263 2653 1329 2712 in
1356 2653 1576 2731 psatm.
1612 2666 1688 2712 xv
1719 2649 1830 2711 illa
1866 2650 2072 2722 verba,
2117 2675 2134 2703 ι
2175 2648 2423 2712 Sanctis
2457 2653 2564 2732 qui
2587 2652 2818 2714 suntin
2847 2660 3040 2727 terra,
3082 2676 3108 2712 ι
3144 2659 3284 2730 etc.,
3317 2671 3377 2716 υ.
3417 2653 3478 2718 3.

617 2761 1016 2824 Athanasius.
1055 2756 1304 2820 Sanctos
1333 2776 1464 2819 csse
1494 2757 1576 2819 ait
1604 2757 1832 2838 hic,qui
1865 2757 1923 2816 in
1960 2757 2178 2837 Spiritu

2348 2758 2466 2835 (58)
2525 2757 2856 2822 Ἀθανοίσιος,
2923 2759 3134 2838 Ἀγίους
3189 2762 3328 2817 εἷναί
3359 2783 3522 2842 ’.ρησιν
3555 2761 3753 2818 ἐνταῦθα
3779 2764 3874 2825 τοὺς

535 2861 672 2914 sunt
703 2847 1090 2910 sanetiticati:
1127 2847 1342 2909 Christi
1377 2865 1515 2909 vero
1547 2855 1791 2920 terram,
1829 2847 2174 2908 Ecclesiam.

2278 2848 2622 2924 ἥγιασμένους
2668 2849 2721 2902 ἐν
2759 2851 3020 2924 Πνεύματι
3061 2871 3075 2882 ·
3123 2851 3349 2928 Χριστοῦ
3379 2850 3438 2906 δὲ
3498 2852 3598 2930 γῆν
3651 2851 3742 2918 τὴν
3769 2851 3874 2908 Ἐκ-

535 2941 685 3004 Illud
721 2957 886 3019 vero,
918 2933 2180 3016 Miriﬁcasti,pro,Declarasti,ponitur.Vo—

2278 2937 2491 3003 κλησίαν
2530 2953 2542 2966 ⁸
2578 2940 2637 2994 τὸ
2667 2937 2746 3010 δὲ,
2776 2938 3252 3014 Ἐθαυμάστωσας,
3287 2941 3409 2997 ἀντὶ
3452 2943 3562 3014 τοῦ,
3605 2939 3872 3021 Ἐφανέρω-

552 3029 803 3090 luntates
835 3044 1010 3108 porro
1044 3027 1234 3104 ipsius
1255 3025 1446 3086 Patris
1470 3023 1851 3100 intelligit.Ut
1881 3026 2161 3086 universo

2278 3049 2388 3089 τας.
2437 3027 2726 3102 Θελήματα
2788 3025 2839 3082 δὲ
2905 3032 3062 3086 αὐτοῦ
3091 3029 3182 3084 τοῦ
3216 3032 3422 3108 [ἰατρὸς
3459 3051 3474 3068 ο
3515 3031 3588 3086 ἵν’
3632 3030 3750 3106 {ut
3777 3029 3876 3086 ὅλον

547 3137 676 3179 rum
706 3118 800 3178 hic
821 3117 894 3177 sit
918 3133 1149 3176 sensus:
1172 3111 1249 3174 Iis
1281 3114 1466 3190 quiin
1501 3114 1616 3176 ﬁde
1646 3113 1996 3174 sanctiﬁcati
2020 3121 2178 3193 sunt,

2278 3117 2406 3173 οὕτω
2441 3137 2457 3154 ·
2491 3126 2619 3179 Τοῖς
2649 3117 3003 3195 ἡγιασμένοις
3029 3117 3083 3173 ἐν
3110 3119 3281 3174 πίστει
3312 3123 3552 3196 γνωστὸν
3591 3119 3791 3186 ἐποίησε
3829 3121 3876 3174 τὸ

545 3208 842 3286 cognitam
877 3203 1137 3266 reddidit
1167 3203 1526 3264 voluntatem
1553 3206 1762 3266 Patris.
1791 3202 1963 3264 Potes
1989 3213 2182 3265 tamen

2278 3207 2482 3278 θέλημα
2527 3216 2618 3264 τοῦ
2652 3207 2874 3282 Πατρός.
2907 3205 3130 3275 Νοήσεις
3164 3206 3217 3264 δὲ
3261 3211 3354 3264 τὸν
3389 3213 3576 3290 στίχον
3601 3212 3684 3266 καὶ
3712 3207 3873 3269 οὕτως’

544 3299 700 3360 hunc
717 3313 948 3357 versum
977 3295 1062 3354 sic
1095 3292 1463 3371 intelligere:
1501 3291 1899 3355 Admirabiles
1928 3293 2186 3354 reddidit

2278 3294 2679 3371 Ἐθαυμάστωσε
2711 3297 2830 3360 τούς
2875 3297 3055 3373 ἁγίους
3115 3300 3144 3353 ὃ
3189 3299 3337 3364 Θεός.
3413 3301 3510 3356 Διὰ
3537 3319 3628 3379 τις
3667 3299 3800 3354 ,διότι
3825 3300 3876 3352 τὰ

541 3388 700 3451 Deus
727 3395 963 3448 sanctos
1008 3401 1171 3448 suos.
1205 3381 1451 3454 Quare?
1505 3381 1652 3454 Quia
1694 3382 2025 3445 voluntates
2058 3383 2186 3462 ejus

2278 3383 2543 3458 ὶελήματα
2589 3386 2745 3440 αὐτοῦ
2789 3385 2962 3442 πάντα
3009 3387 3064 3441 ἐν
3119 3389 3301 3450 αὐτοις
3333 3388 3496 3467 ἦσαν,
3539 3391 3624 3446 καὶ
3651 3386 3767 3467 παρ’
3795 3388 3874 3442 αὖ·

541 3497 749 3540 omnes
775 3477 835 3537 in
866 3476 1011 3557 ipsis
1052 3483 1244 3549 erant,
1289 3471 1449 3534 etab
1481 3472 1628 3552 ipsis
1678 3473 2100 3553 implebantur.

2278 3490 2385 3537 τοῖς
2418 3474 2676 3553 ἐγίνοντο,

1621 3579 1825 3641 Adhuc
1854 3580 1934 3642 ad
1965 3582 2438 3662 inscriptionem
2456 3580 2611 3659 psal.
2637 3597 2808 3643 xvm.

589 3685 1020 3754 ‘Athanas-ius.
1041 3686 1532 3768 Quandoquidem
1566 3687 1754 3749 David
1785 3688 1894 3749 hoc
1927 3688 2057 3750 loco
2089 3707 2181 3750 ca-

2351 3687 2476 3769 (59)
2531 3688 2876 3752 Ἀθανάσιος.
2955 3689 3213 3750 Ἐνταῦθα
3277 3691 3462 3767 μέντοι
3511 3695 3539 3751 ὀ
3585 3691 3762 3772 Δαυῖδ,
3815 3694 3874 3754 ὡς

539 3782 876 3862 nit,utetin
902 3797 1019 3842 χχιι
1053 3778 1515 3856 psalmo,rerum
1549 3778 1814 3838 omnium
1850 3778 2176 3857 opificium,

2278 3781 2320 3834 iv
2362 3785 2438 3852 τῷ
2485 3779 2708 3852 εἰκοστῷ
2751 3782 2909 3856 τρίτῳ
2958 3779 3184 3856 ψαλμῷ,
3241 3781 3470 3857 ψάλλων
3521 3783 3587 3841 τὰ
3628 3781 3720 3850 τῆς
3742 3781 3874 3861 γενέ-

538 3869 924 3952 reprehendit
955 3867 1188 3945 eos,qui
1225 3867 1504 3926 mundum
1532 3885 1566 3926 a
1589 3867 1788 3945 seipso
1811 3875 1870 3927 et
1901 3886 2039 3928 casu
2074 3887 2177 3929 ex-

2278 3890 2421 3942 ram;,
2449 3869 2715 3924 αἱτιαᾶται
2747 3869 2868 3932 τούς
2903 3868 3177 3942 αὗτόματα
3223 3869 3484 3948 λέγοντας
3531 3873 3797 3953 ὑφεστάναι
3823 3873 3874 3926 τὰ

540 3960 758 4023 stitisse
791 3960 1015 4030 dicunt,
1052 3964 1109 4016 et
1168 3955 1329 4014 nulla
1390 3955 1512 4034 regi
1573 3955 1992 4034 providentia:
2047 3958 2182 4018 illos

2278 3961 2390 4014 ὶντα
2420 3958 2507 4014 καὶ
2564 3956 2870 4036 ἀπρονόητα
2928 3959 3091 4033 εἶναι,
3153 3961 3240 4016 καὶ
3289 3962 3412 4020 τούς
3445 3962 3777 4042 λατρεύοντας
3827 3964 3878 4035 τῇ

539 4052 740 4128 etiam,
775 4049 872 4127 qui
912 4047 1176 4106 serviunt
1207 4052 1491 4104 creaturae
1534 4063 1659 4124 pra:
1691 4046 1991 4110 Creatore.
2025 4046 2178 4118 Quid

2278 4048 2429 4104 ιτίσει
2494 4048 2634 4122 παρὰ
2678 4048 2770 4103 τὸν
2823 4047 3096 4112 κτίσαντα,
3161 4050 3220 4106 Τί
3278 4052 3368 4108 οὖν
3399 4050 3500 4129 ἄρα
3535 4055 3659 4133 φησί
3685 4065 3791 4114 τοῖς
3835 4049 3875 4112 ἒξ

540 4139 718 4216 igitur
749 4139 1008 4218 loquitur
1037 4133 1108 4195 ad
1142 4151 1245 4193 eos
1269 4133 1367 4212 qui
1401 4152 1468 4194 ex
1500 4135 1774 4212 gentibus
1806 4137 1991 4196 vocati
2013 4143 2180 4199 sunt?

2278 4140 2419 4193 εθνῶν
2451 4135 2803 4203 κεκλημένοις
2838 4157 2854 4210 ;
2901 4135 3013 4200 Sic
3033 4135 3122 4199 ibi
3149 4153 3328 4201 serum
3357 4141 3737 4222 incompleto.

1213 4231 1358 4292 Item
1391 4233 1456 4293 in
1479 4231 1741 4310 ejusdem
1775 4233 1994 4314 psalmi
2027 4233 2189 4296 verbt

2278 4241 2374 4314 ita,
2409 4237 2515 4292 Οὖκ
2547 4237 2643 4291 εἰσὶ
2672 4233 2871 4311 λαλιαί,
2916 4241 3054 4306 ϐίου
3087 4252 3144 4297 υ.
3181 4237 3240 4298 4.

623 4343 803 4404 Porro
837 4339 894 4401 S.
951 4337 1200 4418 Cyrillus
1233 4345 1291 4428 et
1325 4337 1616 4428 maximus
1671 4339 1772 4399 ille
1821 4340 2186 4404 Athanasius

2351 4341 2478 4420 (60)
2505 4341 2565 4400 Ὀ
2623 4342 2678 4400 δὲ
2721 4343 2872 4422 ἅγιος
2931 4343 3184 4424 Κύριλλος
3231 4349 3322 4403 καὶ
3354 4350 3382 4404 ὁ
3417 4348 3702 4428 παμμὲγας
3747 4348 3881 4406 Ἀθα-

544 4451 648 4516 per
677 4431 914 4492 modum
941 4425 1422 4518 interrogationis
1454 4427 1678 4504 legunt,
1717 4429 1872 4508 quod
1908 4431 1998 4491 hic
2031 4431 2182 4492 dici-

2278 4432 2448 4496 νάσιος
2497 4433 2550 4488 ἐν
2593 4433 2850 4510 ἐρωτήσει
2906 4433 3326 4512 ἀναγινώσκουσι
3385 4441 3470 4518 τὸ,
3529 4425 3636 4496 Οὖιι
3665 4441 3757 4496 εἶσί
3793 4437 3878 4494 λα-

541 4535 634 4583 tur
661 4539 672 4578 :
705 4519 889 4576 Nonne
941 4523 1073 4575 sunt
1105 4516 1344 4588 loquela,
1373 4524 1464 4570 aut
1511 4532 1798 4578 sermones,
1842 4534 2069 4588 quorum
2101 4538 2187 4576 υο-

2278 4520 2401 4596 λιαῗ,
2461 4521 2577 4580 οὐδὲ
2635 4522 2808 4602 λόγοι,
2874 4527 2948 4580 ὧν
3035 4528 3157 4604 οὒχὶ
3243 4516 3561 4585 ἀκούσονται
3636 4531 3686 4585 αἶ
3739 4529 3882 4609 φωναὶ

539 4627 632 4671 «res
665 4623 788 4667 non
819 4603 1195 4666 audientur?
1226 4609 1390 4681 quasi
1413 4601 1570 4662 dicat
1601 4599 1782 4662 David
1817 4623 1829 4664 :
1856 4601 2062 4665 Nonne
2093 4625 2189 4667 au-

2278 4612 2446 4666 αὐτῶν
2478 4633 2494 4684 ;
2527 4611 2796 4668 τουτέστιν
2828 4634 2842 4652 ο
2895 4607 3023 4692 "Ap:
3075 4616 3171 4671 οἰκ
3225 4617 3324 4672 εἰσὶ
3364 4619 3454 4674 καὶ
3514 4625 3621 4675 τῶν
3662 4599 3875 4698 ἀφώνων,

541 4700 787 4762 diuntur
819 4703 994 4755 etiam
1049 4701 1344 4752 mutarum
1371 4692 1491 4752 sive
1514 4708 1742 4772 rerum,
1777 4692 1900 4752 sive
1931 4713 2180 4774 operum

2278 4699 2308 4768 ἢ
2367 4701 2717 4780 πραγμάτων,
2775 4701 2811 4770 ἢ
2865 4701 3056 4782 ἔργων,
3129 4707 3297 4783 φωναὶ
3358 4708 3532 4786 χωρὶς
3603 4692 3758 4787 λόγου
3809 4707 3877 4760 καὶ

2273 1435 2631 1511 παρανομίαν,
2701 1435 2794 1491 ἵνα
2849 1438 2910 1491 τὸ
2941 1435 3236 1512 ἀναγκαῖον
3293 1441 3391 1504 τῆς
3450 1437 3732 1517 ἐπιφανείας
3761 1437 3870 1492 ἀνα-

2274 1521 2471 1602 κηρύξῃ
2507 1531 2758 1602 Χριστοῦ.
2819 1526 2914 1581 Καὶ
2964 1523 3132 1587 οὕτως
3165 1527 3264 1598 μὲν
3297 1527 3324 1582 ὁ
3366 1527 3515 1590 θεῖος
3548 1525 3828 1588 Ἀθανάσιος
3861 1547 3868 1557 ·

2273 1616 2408 1670 κατὰ
2436 1612 2490 1669 δὲ
2523 1616 2614 1669 τὸν
2646 1614 2815 1692 μέγαν
2849 1613 3149 1688 Βασίλειον,
3181 1621 3296 1678 etC.

544 4805 718 4850 voces
748 4784 975 4860 absque
1000 4800 1279 4843 sermone
1305 4791 1364 4842 et
1395 4780 1592 4860 lingua
1615 4787 1642 4842 ?
1665 4781 1842 4860 Sane,
1879 4784 2036 4844 dicat
2066 4786 2178 4846 ali-

544 4877 700 4959 quis.
731 4873 874 4934 Nam
904 4871 1408 4949 quemadmodum
1443 4870 1687 4931 textoris
1716 4871 2027 4934 artificium
2055 4874 2179 4934 cla-

545 4977 664 5030 mat
698 4965 852 5024 varia
885 4981 952 5022 ac
1015 4961 1339 5022 versicolor
1393 4960 1569 5021 vestis
1605 4979 1620 5036 ;
1665 4979 1731 5020 ac
1761 4961 1942 5036 navis,
1979 4962 2035 5022 in
2067 4983 2180 5043 qua

2263 4787 2508 4868 γλώττης
2547 4811 2564 4867 ;
2611 4793 2732 4866 Ναὶ,
2793 4793 2924 4862 φαίη
2972 4791 3034 4852 ἅν
3079 4813 3182 4856 τις.
3231 4791 3460 4874 ’Ὠσπερ
3490 4799 3593 4876 γὰρ
3623 4805 3711 4854 τοῦ
3737 4795 3878 4876 ὺφᾶν-

2270 4901 2354 4938 του
2411 4881 2506 4948 τὴν
2549 4879 2752 4961 τέχνην
2823 4884 2857 4950 ἡ
2907 4879 3294 4949 πολυποίκιλος
3337 4885 3499 4953 ἐσθὴς
3553 4884 3769 4960 ἀναϐοᾷ,
3809 4883 3877 4941 καὶ

2261 4970 2354 5026 τὸν
2411 4973 2685 5048 ναυπηγὸν
2743 4973 2778 5040 ἡ
2831 4968 3166 5042 ἆδιαϐλήτως
3218 4973 3422 5054 ἔχουσα
3455 4987 3580 5041 ναῦς
3609 4975 3876 5055 ἀνακηρύτ-

545 5055 696 5119 nihil
725 5051 1087 5131 reprehendi
1113 5059 1330 5129 potest,
1369 5049 1642 5130 Opiﬁcem
1669 5068 1840 5110 suum
1878 5051 2184 5136 praedicat;

545 5148 773 5210 fabrum
809 5143 1064 5222 denique
1088 5143 1272 5222 ipsius
1295 5161 1441 5220 opus
1469 5159 1482 5202 :
1513 5147 1596 5206 sic
1628 5151 1684 5200 et
1717 5145 2188 5224 crcatura,cujus

549 5235 911 5299 mentionem
947 5233 1215 5310 iecimus,
1252 5231 1366 5292 etsi
1395 5247 1671 5292 sermone
1701 5249 1770 5292 ac
1801 5233 2030 5295 ratione
2075 5233 2184 5296 de-

2272 5077 2374 5134 τει,
2405 5061 2493 5116 καὶ
2521 5061 2611 5116 τὸν
2643 5057 2859 5139 σιδηρέα
2904 5061 2964 5116 τὸ
2997 5059 3149 5138 ἔργον
3180 5067 3337 5122 αὐτοῦ
3373 5079 3388 5094 ⁸
3421 5065 3561 5122 οὕτω
3607 5067 3750 5134 καὶὴ
3781 5065 3876 5120 κτί-

2273 5171 2379 5222 σις,
2413 5147 2477 5216 ἧς
2505 5149 2697 5229 ἀρτίως
2729 5148 3276 5228 διεμνημονεύσαμεν,
3325 5151 3539 5235 ἄφωνος
3585 5156 3703 5234 μέν,
3746 5154 3878 5233 ἤγουν

2271 5235 2466 5315 ἄλογος
2499 5253 2514 5268 ⁸
2549 5237 2708 5296 λαλιὰ
2761 5238 2816 5296 δὲ
2876 5240 3054 5316 ὥσπερ
3099 5243 3261 5311 αὐτῆς
3295 5246 3357 5301 τὸ
3409 5247 3587 5322 θαῦμά
3643 5246 3770 5321 ἐστι,
3810 5243 3878 5300 καὶ

629 5367 888 5447 (ὃϋλΗοο
907 5365 1620 5450 argumentumsuperius
1639 5365 2013 5450 praemittitur
2037 5369 2184 5450 psal-

552 5443 778 5530 [ηρ-ΧΠ,
817 5448 921 5507 sed
973 5443 1170 5527 priora
1218 5443 1587 5520 verbaﬁuza
1642 5443 1822 5520 μέντοι
1873 5443 2181 5530 ἀναγωγήν,

553 5529 634 5591 ibi
659 5531 824 5589 desut
855 5537 896 5587 t.

630 5611 750 5688 (57)
789 5609 933 5688 Vide
965 5607 1256 5687 psa|.x1v.

628 5685 751 5774 (58)
787 5687 922 5751 Haec
949 5685 1228 5767 teguntur
1248 5687 1319 5747 ad
1346 5703 1579 5746 versum
1611 5689 1646 5746 3
1677 5685 1826 5765 psal.
1861 5695 2022 5770 κηρὶ
2045 5707 2190 5770 pau-

2269 5370 2390 5432 lum
2427 5379 2646 5433 mutata
2676 5382 2735 5435 et
2763 5373 3024 5436 auctiora
3069 5377 3164 5439 hic
3195 5389 3353 5440 sunt.

2352 5451 2647 5545 (59‘)_IIaac
2682 5454 3152 5545 nonuleguuntur
3185 5460 3242 5521 iu
3273 5456 3876 5542 Expositionibur,sed

2268 5543 2406 5594 sunt
2431 5533 2755 5612 Athanasio
2786 5534 2984 5612 digna.

2349 5583 3131 5697 ῖόιῐῖῢῖιῑὲἶίιῖἀῗέἰίᾗὲτίυὲ
3157 5621 3228 5682 ad
3265 5637 3500 5684 versum
3530 5623 3592 5684 4.
