4062 6216
493 331 611 397 563

1288 331 1349 394 S.
1400 329 1820 394 ATHANASII
1865 329 2030 391 OPP.
2076 329 2290 392 PARS.
2345 329 2455 392 III.
2503 364 2576 375 —
2622 329 3079 393 EXEGETICA.

3757 331 3884 396 564

494 467 605 532 Dei
635 464 1010 547 dilationem,
1061 483 1180 545 qua
1207 483 1350 527 usus
1383 473 1470 526 est
1507 483 1647 544 erga
1697 464 1962 545 ipsorum
1996 482 2140 545 pec-

2244 463 2321 530 εήν
2380 461 2586 532 πολλὴν
2657 463 2865 544 ἀνοχὴν
2923 471 3014 522 τοῦ
3067 472 3200 522 Θεοῦ
3260 465 3321 534 ἣν
3377 468 3618 525 ἐποιεῖτο
3663 467 3748 525 διὰ
3783 471 3887 535 τᾶς

497 560 986 621 cata.Precantur
1011 573 1178 629 vero,
1214 564 1275 616 ut
1307 554 1422 616 sibi
1455 554 1759 634 contingat
1790 553 1890 615 ille
1921 552 2145 616 Christi

495 649 804 721 adventus,
841 645 942 727 qui
973 644 1084 707 sub
1127 652 1395 708 extrema
1431 655 1703 726 tempora
1731 645 1960 706 futurus
1992 651 2139 724 erat,

497 757 573 800 ne
605 743 877 818 expertes
899 735 1018 797 sint
1059 736 1358 816 vitaa,quaa
1388 734 1461 795 ab
1508 735 1638 816 ipso
1682 740 1810 796 est:
1847 743 2022 815 atque
2045 735 2142 797 in-

495 827 726 910 quiunt:
766 825 890 888 Cur
909 825 1228 888 abscondis
1248 825 1474 902 faciem
1505 831 1753 896 tuam,et
1774 823 2146 887 Oblivisceris

495 916 906 980 calamitatum
938 923 994 976 et
1038 915 1430 995 aﬂlictionum
1461 919 1809 976 nostrarum
1835 913 1861 974 ?
1889 912 1977 973 Tu
2008 912 2146 994 qui-

496 1005 658 1080 dem,
690 1024 724 1066 o
749 1008 931 1085 Deus,
965 1003 1287 1066 abscondis
1311 1010 1371 1065 et
1398 1005 1616 1065 avertis
1641 1003 1850 1064 faciem
1882 1011 2148 1076 tuam,ne

491 1095 696 1158 videas
727 1095 942 1173 turpia,
979 1101 1037 1156 et
1066 1092 1307 1172 indigna
1336 1093 1511 1168 facta,
1539 1101 1716 1174 atque
1750 1102 1850 1153 tuo
1882 1090 2146 1153 contuitu

494 1185 712 1249 aliena.
748 1183 971 1246 Verum
1004 1183 1142 1264 quia
1173 1182 1349 1243 nobis
1378 1182 1438 1242 in
1474 1181 1843 1243 enumeratis
1869 1181 1996 1241 istis
2019 1180 2146 1241 fac-

497 1275 573 1337 tis
605 1273 905 1356 praeclaris
935 1272 1154 1335 ﬁducia
1185 1271 1383 1352 aliqua
1413 1279 1713 1352 superest,
1751 1288 1858 1330 cur
1889 1268 2145 1331 abscon-

496 1365 589 1427 dis
620 1363 834 1426 faciem
866 1370 1024 1426 tuam
1047 1360 1077 1421 ?
1127 1361 1398 1441 Cumque
1447 1368 1532 1424 tot
1566 1366 1728 1441 passi
1778 1360 1932 1421 mala
1962 1359 2149 1420 simus

496 1456 691 1518 cultus
722 1453 807 1515 tui
837 1471 905 1514 ac
939 1451 1169 1532 pietatis
1197 1468 1396 1525 causa,
1420 1467 1531 1512 cur
1559 1449 1936 1512 Oblivisceris
1962 1449 2149 1511 afﬂic-

497 1543 678 1605 tionis
711 1555 810 1604 aut
841 1545 1206 1624 paupertatis
1261 1538 1525 1602 nostra)?
1554 1537 1701 1601 Nam
1757 1538 1894 1601 licet
1927 1557 1997 1600 ea
2031 1557 2148 1600 non

499 1632 752 1715 perinde
783 1649 995 1710 magna
1016 1629 1138 1693 sint
1169 1629 1326 1711 apud
1354 1636 1434 1708 te,
1467 1635 1531 1689 ut
1551 1628 1705 1708 apud
1738 1627 1981 1700 nos,sed
2015 1644 2150 1705 ege-

500 1742 575 1785 na
606 1731 664 1785 et
695 1738 876 1803 parva
905 1731 966 1782 et
992 1719 1354 1802 paucissima
1383 1739 1396 1780 :
1434 1735 1649 1797 magna
1679 1726 1901 1792 tamen,
1935 1724 2148 1798 quate-

2227 553 2489 631 ἆμαρτίας
2547 553 2744 616 αὐτῶν,
2804 553 3067 634 Εὕχονται
3126 553 3182 611 δὲ
3241 553 3453 623 δοθῆναι
3529 561 3716 622 αὐτοῖς
3779 561 3889 626 τὴν

2228 643 2538 723 ἐπιφάνειαν
2593 653 2685 703 τοῦ
2742 652 2968 723 Χριστοῦ
3032 645 3130 712 τὴν
3174 645 3260 701 ἐπ’
3304 645 3551 726 ἐσχάτων
3595 651 3702 705 τῶν
3746 673 3891 706 και-

2229 739 2356 810 ρῶν,
2387 731 2482 788 ’ίνα
2513 733 2590 807 μὴ
2643 735 2741 800 τῆς
2775 733 2900 814 παρ’
2946 736 3103 791 αῦτοῦ
3161 735 3496 815 ἀμοιρήσωσι
3552 740 3697 809 ζωῆς
3735 755 3749 769 ⁸
3791 762 3892 795 και

2229 843 2387 901 φασιν
2423 840 2438 857 ·
2492 821 2624 878 ’Ἵνα
2692 823 2741 879 τί
2816 825 2877 880 τὸ
2964 825 3248 902 πρόσωπόν
3311 847 3405 881 σο.)
3489 827 3890 908 ἀποκρύπτεις,

2228 912 2318 967 καὶ
2388 911 2712 988 ἐπιλανθάνῃ
2795 913 2890 981 τῆς
2975 915 3264 979 κακώσεως
3344 915 3501 988 ἡμῶν
3583 920 3670 975 καὶ
3753 921 3894 975 θΑί-

2231 1005 2426 1076 ῴεωςς
2473 1003 2726 1078 Κρύπτεις
2757 1003 2855 1078 μὲν
2908 1005 2968 1059 τὸ
3017 1007 3241 1060 σεαυτοῦ
3285 1005 3590 1084 πρόσωπον,
3639 1011 3666 1064 ὁ
3715 1012 3888 1088 Θεὸς,

2230 1093 2316 1146 καὶ
2360 1090 2730 1171 ἀποστρέφεις,
2767 1095 2895 1172 πρὸς
2946 1094 3007 1149 τὸ
3056 1095 3132 1169 μὴ
3179 1093 3394 1170 βλέπειν
3449 1097 3514 1152 τὰ
3544 1099 3742 1177 αίσχρὰ
3795 1100 3895 1155 καὶ

2233 1180 2474 1253 ἀπρεπῆ,
2503 1183 2589 1237 καί
2616 1184 2711 1250 τῆς
2743 1184 2841 1248 σῆς
2871 1182 2991 1247 θέας
3041 1183 3296 1261 ἀλλότρια
3323 1201 3337 1216 ⁸
3397 1184 3515 1241 ἄλλ’
3561 1186 3673 1244 ἐπεὶ
3707 1192 3892 1261 ἡμεῖς

2232 1270 2320 1326 ἐπὶ
2391 1284 2509 1334 τοῖς
2562 1269 2811 1350 λεχθεῖσι
2878 1273 3252 1351 κατορθώαασι
3314 1275 3604 1352 παρρησίαν
3643 1276 3890 1353 ἄγομεν,

2231 1361 2324 1416 ’ἕνα
2384 1361 2433 1416 τί
2463 1362 2526 1416 τὸ
2557 1360 2846 1438 προσωπόν
2909 1384 3002 1422 σου
3055 1363 3301 1443 κρύπτεις
3342 1386 3357 1433 ;
3409 1373 3648 1422 Τοσαῦτα
3679 1365 3734 1423 δὲ
3767 1392 3897 1424 πχ-

2235 1451 2480 1530 σχόντων
2537 1452 2625 1506 καὶ
2683 1453 3128 1508 κακοπαθούντων
3182 1458 3278 1520 τῆς
3341 1460 3437 1520 σῆς
3499 1455 3674 1510 ἕνεκεν
3721 1461 3896 1515 εὗσε-

2231 1538 2399 1615 ϐείας,
2426 1539 2518 1596 ἵνα
2550 1542 2598 1596 τί
2629 1539 2953 1618 ἐπιλανθάνῃ
2983 1548 3082 1608 τῆς
3113 1544 3398 1607 κακώσεως
3428 1546 3605 1625 ἡμῶν,
3630 1551 3754 1614 ἦτοι
3778 1553 3898 1615 τῆς

2231 1631 2508 1710 πτωχείας
2543 1651 2558 1711 ς
2603 1634 2661 1688 Εἰ
2713 1632 2814 1708 γὰρ
2867 1634 2954 1688 καὶ
2998 1632 3210 1710 μεγάλα
3269 1642 3432 1690 ταῦτα
3464 1637 3536 1696 ὼς
3568 1638 3697 1714 πρὸς
3731 1641 3900 1712 ἡμᾶς

2229 1719 2295 1776 τὰ
2352 1719 2762 1800 κατορθώματα,
2825 1719 2945 1778 ἀλλ’
2999 1724 3072 1785 ὡς
3157 1725 3288 1800 πρὸς
3343 1726 3402 1780 σὲ
3458 1725 3626 1782 πάντα
3678 1732 3900 1806 πτωχὰ

497 1831 608 1875 nus
640 1831 710 1874 ex
743 1810 914 1873 nobis
944 1818 1103 1872 sunt.
1138 1809 1344 1890 Itaque
1401 1808 1828 1888 supplicamus,
1865 1826 1941 1869 ne
1989 1807 2144 1868 obli-

2244 1811 2320 1866 ιαὶ
2371 1811 2571 1889 σμικρὰ
2627 1813 2716 1868 καὶ
2761 1811 3001 1890 ὀλίγιστα
3037 1828 3050 1842 ⁸
3101 1812 3239 1881 πλῆν
3271 1819 3344 1878 ὼς
3376 1814 3427 1879 ἐξ
3456 1816 3610 1888 ἡμῶν
3635 1807 3893 1894 μεγάλα,

496 1903 738 1965 viscaris
769 1899 1135 1982 paupertatis
1169 1906 1416 1972 nostra},
1451 1917 1485 1959 ο
1516 1897 1772 1959 Domine
1807 1917 1820 1959 :
1856 1896 2001 1973 quin
2033 1915 2145 1978 po-

496 1995 614 2055 tius
669 1991 1077 2054 reminiscaris
1127 1987 1488 2062 afﬂtctionis,
1547 2007 1721 2068 quam
1755 1986 2147 2050 sustinuimus

501 2081 585 2144 tui
613 2099 819 2144 causa.

2235 1902 2328 1956 Διὸ
2387 1901 2693 1976 ἱκετεύομεν
2752 1903 2829 1976 μὴ
2885 1901 3058 1972 λήθην
3107 1904 3428 1972 ποιήσασθαι
3473 1905 3572 1970 τῆς
3603 1905 3896 1985 ἡμετέρας

2229 1990 2504 2070 πτωχείας
2541 2009 2556 2024 ·
2617 1995 2917 2062 μνησθῆναι
2971 1989 3145 2048 δὲκαὶ
3187 1997 3283 2058 τῆς
3325 1992 3555 2069 θλίψεως
3587 1997 3776 2069 ἡμῶν,
3819 1997 3898 2064 ἧς

2225 2079 2582 2156 ὑπεμείναμεν
2617 2081 2779 2162 χάριν
2811 2082 2928 2157 σοῦ,
2959 2088 3004 2138 ὦ
3040 2081 3306 2144 Δέσποτα.

1705 2239 1782 2302 Et
1811 2240 1876 2301 in
1907 2253 2148 2302 versum
2176 2244 2516 2320 sequentem
2548 2241 2651 2306 25.

577 2405 1558 2480 Athanasius.Porrcrdepressam
1581 2397 1696 2460 sibi
1729 2407 1988 2461 mentem
2017 2418 2150 2463 esse

496 2497 700 2561 dicunt
726 2495 909 2558 etiam
940 2494 1167 2561 Judwi:
1196 2492 1334 2576 quia
1357 2499 1669 2573 postquam
1701 2507 1772 2550 ea
1808 2507 1939 2569 quas
1969 2489 2148 2554 Chri-

494 2585 572 2649 sti
591 2594 727 2648 sunt
755 2587 980 2650 sentire
1013 2591 1393 2663 recusarunt,
1425 2579 1782 2643 deciderunt
1811 2578 1874 2641 in
1905 2597 2148 2643 sensum

495 2674 828 2736 carnalem.

495 2692 798 2740 carnalem
814 2720 828 2737 .

2315 2401 2442 2483 (74)
2505 2403 2845 2470 Ἀθανάσιος.
2936 2407 3361 2463 Τεταπεινῶσθαι
3419 2403 3473 2461 δὲ
3551 2405 3726 2463 αὐτῶν
3782 2411 3900 2478 τήν

2233 2495 2421 2572 ψυχήν
2483 2517 2610 2573 φασι
2663 2497 2750 2552 καὶ
2809 2493 3058 2554 Ἰουδαῖοι
3096 2513 3108 2525 ’
3169 2492 3378 2568 lane-.315,
3441 2496 3792 2571 ἀπωσάμενοι
3833 2502 3902 2555 τὸ

2232 2584 2451 2663 φρονεῖν
2511 2586 2577 2644 τὰ
2637 2593 2884 2666 Χριστοῦ,
2946 2585 3022 2649 εἷς
3084 2584 3337 2664 φρόνημα
3388 2585 3682 2644 κατέπεσον
3745 2612 3898 2669 σαρ-

2236 2675 2419 2737 κικόν,

1764 2829 1910 2893 Item
1932 2831 2000 2894 in
2035 2848 2274 2896 versum
2301 2835 2613 2899 ultimum.

577 2997 982 3062 Athanasius.
1011 2994 1242 3059 Deinde
1263 2992 1533 3056 indicant
1563 2993 1626 3054 hi
1655 3011 1860 3055 versus
1884 2998 2149 3056 vocatio-
2169 3004 2212 3057 C

498 3108 638 3153 nem
667 3087 831 3150 illam
857 3095 916 3148 et
936 3085 1396 3148 conversionem
1428 3083 1858 3156 Israelitarum,
1895 3101 2026 3162 qua;
2057 3081 2151 3142 ul-

503 3179 665 3242 timis
694 3174 1063 3257 temporibus
1084 3174 1340 3238 accidet.
1377 3173 1489 3246 Qui
1519 3174 1698 3236 etiam
1743 3172 1990 3233 dicunt:
2031 3175 2153 3234 Re-

499 3269 634 3349 cipe
661 3285 795 3339 nos,
823 3277 888 3329 et
914 3265 998 3328 sis
1031 3263 1204 3326 nobis
1253 3265 1571 3344 prapitius.
1620 3260 1883 3342 Tempus
1916 3280 2155 3342 quoque

500 3356 912 3422 conversionis
934 3373 1075 3430 suae,
1107 3354 1287 3416 ﬁdem
1320 3353 1550 3416 scilicet
1578 3352 1639 3414 in
1673 3361 1752 3426 te,
1780 3368 1814 3414 ο
1836 3350 2015 3426 Deus,
2052 3369 2154 3412 ve-

502 3467 628 3512 ram
661 3447 1064 3527 confitentur;
1093 3443 1487 3526 subjicientes
1517 3442 1662 3504 illud
1701 3461 1715 3505 ;
1751 3443 1998 3522 Propter
2041 3460 2154 3504 no-

507 3556 641 3601 men
667 3543 863 3609 tuum,
916 3535 1142 3598 diserte
1178 3534 1465 3608 fatentur,
1498 3531 1654 3614 quod
1691 3550 1808 3592 non
1842 3535 1963 3592 sint
1993 3530 2156 3608 digni

504 3628 606 3710 qui
633 3623 1106 3688 misericordiam
1163 3630 1632 3703 consequantur,
1684 3621 1842 3704 quod
1874 3619 2157 3683 contrarii

504 3716 739 3783 Christo
762 3713 1082 3778 fuerint.Et
1111 3722 1307 3777 tamen
1332 3714 1577 3792 dignum
1604 3720 1695 3773 est
1719 3713 1874 3792 ipso,
1901 3710 2154 3773 misere-

505 3809 554 3872 ri
585 3815 643 3868 et
675 3807 982 3886 ignoscere
1016 3803 1288 3886 lapsibus
1345 3803 1626 3866 humanis
1686 3814 1932 3883 propter
1989 3800 2155 3880 seip-

505 3917 660 3961 sum.
693 3897 792 3958 Ait
823 3898 982 3958 enim
1019 3912 1032 3955 :
1097 3893 1232 3958 Non
1282 3893 1447 3973 facio
1493 3901 1744 3974 propter
1791 3910 1919 3972 vos,
1954 3891 2158 3971 inquit

505 3987 828 4064 Dominus,
852 3986 958 4049 sed
987 3992 1240 4066 propter
1268 3973 1717 4048 nomeninieum
1745 3980 1824 4044 96.

2322 2993 2447 3076 (75)
2493 2995 2830 3065 Ἀθανάσιος.
2885 3001 2991 3062 Καὶ
3049 3003 3144 3071 τήν
3194 3002 3248 3058 ἐν
3277 3003 3509 3081 ὑστέροις
3565 3002 3620 3059 δὲ
3672 3021 3899 3082 καιροῖς

2236 3083 2497 3161 ἐσομένην
2525 3096 2618 3146 τοῦ
2675 3089 2890 3168 Ἰσραήλ
2919 3091 3252 3172 ἐπιοτροφήν
3280 3093 3370 3150 καὶ
3428 3091 3623 3158 κλῆσιν
3681 3096 3732 3148 oi
3779 3095 3874 3150 στί

2236 3197 2332 3255 χοι
2365 3179 2734 3253 σημαίνουσιν,
2783 3189 2854 3237 OT
2903 3181 2992 3237 καί
3022 3203 3182 3261 φασιν
3209 3199 3223 3214 ⁶
3262 3179 3574 3239 Ἀντιλάϐου
3603 3179 3666 3251 δή
3700 3185 3898 3257 ἡμῶν,

2237 3266 2325 3322 καὶ
2354 3263 2491 3322 δίδου
2520 3269 2582 3324 τὸ
2612 3268 2850 3344 εὐμενές.
2888 3272 2986 3329 Καὶ
3036 3272 3218 3349 καιρὸν
3269 3270 3596 3350 ἐπιστροφῇς
3640 3274 3742 3342 τήν
3815 3276 3900 3336 εἷς

2239 3355 2298 3410 σὲ
2356 3354 2617 3426 ἀληθινήν
2675 3358 2850 3416 πίστιν
2918 3358 3271 3437 ὁμολογοῦσιν
3307 3379 3322 3394 ⁶
3399 3359 3688 3437 ἐπάγοντες
3767 3365 3838 3418 τὸ
3884 3385 3899 3399 ο

2237 3441 2470 3502 ’Ἕνεκεν
2526 3454 2620 3504 τοῦ
2676 3449 2938 3525 ὀνόματός
3024 3471 3142 3523 σου,
3227 3448 3510 3528 διαῤῥήδην
3576 3449 3901 3528 ὁμολογοῦ-

2237 3555 2345 3614 σιν,
2405 3537 2478 3601 ὡς
2526 3538 2620 3594 οῦκ
2675 3536 2814 3604 ἄξιοι
2861 3545 2955 3596 τοῦ
3011 3538 3279 3596 ἐλεεῖσθαί
3334 3541 3462 3595 εἶσιν
3494 3541 3714 3596 οἱκατᾶ
3747 3548 3899 3618 Χρι-

2239 3631 2363 3680 στοῦ
2395 3627 2693 3703 γενόμενοι.
2733 3628 2926 3708 Πρέπει
2981 3649 3041 3706 γε
3096 3629 3202 3703 μήν
3260 3631 3322 3686 τὸ
3353 3627 3524 3685 ἐλεεῖν
3578 3629 3748 3710 αύτῷ,
3799 3639 3901 3688 καὶ

2241 3717 2616 3794 κατοικτείρειν
2676 3731 2794 3781 τοῖς
2848 3720 3192 3794 ἀνθρωπίνοις
3271 3718 3566 3790 πταίσμασι
3623 3717 3689 3774 δι’
3754 3721 3900 3778 ἑαυ-

2237 3804 2353 3893 τῦν,
2385 3807 2528 3872 Φησὶ
2575 3807 2676 3884 γάρ
2709 3825 2724 3840 ·
2781 3810 2853 3866 Οῦ
2881 3805 2947 3864 δι’
2979 3800 3116 3884 ῦμᾶς
3151 3807 3260 3885 ἐγὼ
3288 3809 3452 3883 ποιῶ,
3490 3806 3631 3886 λέγει
3667 3809 3899 3893 Κύριος,

2237 3890 2358 3949 ἀλλ’
2390 3893 2426 3963 ἢ
2458 3895 2543 3955 διὰ
2573 3898 2634 3952 τὸ
2665 3896 2832 3975 ὄνομά
2858 3921 2983 3974 μου.

588 4147 812 4211 Deinde
837 4151 1117 4230 sequitur
1140 4152 1564 4226 argumentum
1621 4146 1686 4205 in
1734 4143 2034 4224 psalmum
2078 4157 2209 4206 XLIV
2255 4144 2482 4207 eisdem
2539 4163 2792 4223 prorsus
2840 4147 3039 4212 verbis
3086 4148 3304 4230 quibus
3355 4145 3616 4210 habetur
3651 4164 3908 4228 supra;

506 4246 692 4310 quare
719 4236 774 4292 et
805 4229 1093 4290 omissum
1114 4233 1221 4288 est.

772 4336 855 4398 Et
881 4339 950 4396 in
977 4349 1217 4395 versum
1241 4332 1531 4411 primum,
1557 4335 1871 4412 prwmissa
1901 4330 2152 4412 Basilii,
2179 4332 2591 4416 Chrysostomi
2621 4343 2678 4399 et
2710 4337 2959 4400 Eusebii
2986 4339 3312 4414 sententia,
3345 4337 3609 4416 subjicit.

589 4499 834 4577 Magnus
863 4512 1002 4557 vero
1027 4491 1477 4564 Athanasius,et
1506 4490 1676 4552 divus
1703 4490 2154 4573 Cyrillu3,quasi
2177 4504 2220 4554 D

509 4590 634 4652 haec
665 4606 735 4650 ex
770 4603 1028 4667 persona
1062 4582 1173 4646 Dei
1205 4591 1264 4645 et
1293 4582 1477 4642 Patris
1527 4582 1894 4650 dicerentur.
1931 4582 2158 4644 intelli-

508 4687 651 4760 gunt
669 4696 739 4738 ea
760 4675 836 4737 de
853 4672 1241 4755 Verbo,quod
1261 4671 1419 4752 apud
1440 4670 1683 4733 Patrem
1713 4679 1838 4732 erat
1857 4672 1916 4732 in
1945 4673 2074 4750 prin
2087 4678 2162 4733 cl-

509 4773 629 4854 pio;
664 4765 1601 4852 quod,inquiunt,quodammodo
1628 4782 1698 4825 ex
1734 4763 1914 4825 corde
1946 4765 2156 4843 antip-

507 4865 591 4924 sis
608 4859 938 4922 visceribus
957 4855 1389 4939 progenuit.De
1413 4874 1529 4936 quo
1549 4855 1726 4916 etiam
1751 4855 1891 4915 dicit
1917 4873 2020 4932 per
2043 4857 2159 4918 Da-

507 4951 728 5013 videm:
754 4950 1081 5012 Eructam't
1102 4965 1207 5010 cor
1223 4964 1419 5008 meum
1451 4943 1696 5007 verbum
1731 4944 1970 5006 bonum.
2008 4943 2156 5006 Pro-

509 5050 720 5122 gnatus
751 5057 1011 5115 namque
1033 5045 1124 5100 est
1153 5037 1434 5115 Filius,ut
1461 5052 1659 5095 sermo
1690 5054 1758 5095 ex
1794 5044 2015 5114 mente,
2051 5033 2160 5095 bo-

510 5151 626 5193 nus
658 5149 727 5192 ex
763 5127 1116 5210 bono,Deus
1135 5145 1207 5189 ex
1229 5125 1837 5189 Deo.0bservandum
1860 5124 2164 5203 porro,lo-

511 5221 617 5300 qui
638 5220 877 5284 Patrem
908 5217 985 5278 de
1013 5215 1164 5280 Filio
1221 5224 1498 5297 tanquam
1523 5213 1992 5295 incarnato,cnm
2027 5215 2110 5276 ait
2144 5235 2157 5272 :

512 5313 654 5375 Dico
674 5328 778 5392 ego
802 5324 993 5389 opera
1013 5323 1148 5369 mea
1171 5312 1320 5388 regi.
1349 5307 1497 5370 Nam
1518 5309 1746 5368 tantum
1770 5323 1885 5366 non
1911 5305 2159 5386 promit-

592 5470 650 5517 ὀ
679 5472 897 5534 Ezech.
928 5486 1027 5546 xx,
1062 5467 1162 5530 14.

531 5659 554 5686 .-
597 5634 728 5714 (74)
748 5631 896 5714 time
925 5631 1007 5693 ibi
1037 5629 1196 5714 vide.

548 5716 554 5721 ’
593 5707 716 5796 (7δὶ
744 5712 884 5776 Ηωο
901 5710 1174 5776 auctiora
1191 5716 1330 5772 sunt
1347 5727 1525 5792 quam
1548 5708 1610 5770 in
1634 5707 2154 5788 Expositionibus.

2321 4495 2443 4576 (76)
2475 4497 2785 4561 Ἀθανάσιος
2823 4497 2878 4555 δὲ
2905 4502 2933 4555 ὁ
2967 4500 3103 4559 πάνυ
3130 4502 3218 4556 καὶ
3274 4503 3301 4556 ὁ
3331 4505 3475 4566 θεῖος
3505 4498 3776 4577 Κύριλλος
3813 4504 3897 4562 ὡς

2242 4586 2302 4641 ἐκ
2349 4587 2637 4664 προσώπου
2696 4596 2789 4644 τοῦ
2847 4595 2978 4644 Θεοῦ
3036 4590 3123 4644 καὶ
3187 4591 3391 4666 Πατρὸς
3441 4587 3684 4665 λέγεσθαι
3721 4596 3902 4645 ταῦτα

2243 4683 2422 4733 νοοῦσι
2455 4678 2571 4754 περὶ
2601 4685 2692 4734 τοῦ
2725 4677 2778 4734 ἐν
2807 4677 2955 4758 ἀρχῇ
2987 4677 3138 4740 ὄντος
3189 4680 3321 4757 πρὸς
3368 4680 3524 4735 αῦτὸν
3578 4683 3777 4757 Λογου,
3833 4683 3897 4733 ὃν

2244 4767 2304 4822 ἐκ
2333 4771 2432 4832 τῆς
2464 4768 2621 4822 οἱονεὶ
2647 4765 2858 4842 καρδίας
2890 4767 2924 4835 ἢ
2957 4767 3130 4823 αὒτών
3161 4775 3266 4824 τῶν
3322 4767 3679 4845 σπλάγχνων,
3731 4772 3891 4844 φασὶ,

2241 4856 2539 4933 προήγαγε.
2597 4858 2720 4934 Περὶ
2762 4857 2820 4912 οὗ
2875 4859 2962 4912 καὶ
3018 4856 3162 4935 λέγει
3213 4856 3298 4913 διὰ
3355 4855 3520 4913 Δαυίδ
3555 4875 3568 4888 ⁸
3628 4855 3894 4932 Ἐξηρεύ-

2244 4944 2367 5010 ξατο
2421 4947 2456 5014 ἡ
2511 4944 2692 5015 καρδία
2752 4967 2852 5021 μου
2908 4944 3070 5024 λόγον
3123 4948 3342 5024 ἀγαθὸν.
3378 4945 3706 5012 Γεγέννηται
3757 4948 3890 5024 γὰρ,

2244 5037 2316 5098 ὡς
2374 5034 2534 5114 λόγος
2582 5035 2641 5092 ἐκ
2684 5043 2794 5107 νοῦ,
2829 5035 3022 5114 ἀγαθὸς
3077 5035 3129 5102 ἐξ
3174 5037 3394 5115 ἀγαθοῦ,
3433 5037 3562 5098 Θεὸς
3619 5034 3679 5090 ἒκ
3723 5043 3888 5096 Θεοῦ.

2245 5123 2438 5204 ’Ἂθρει
2493 5124 2547 5182 δὲ
2592 5128 2663 5189 ὡς
2721 5127 2836 5205 περὶ
2891 5127 3395 5206 ὲνανθρωπήσαντος
3467 5135 3558 5184 τοῦ
3619 5127 3740 5180 ι’ἰοῦ
3789 5125 3890 5181 λέ-

2244 5237 2408 5293 γοντα
2437 5217 2526 5272 τὸν
2587 5217 2794 5295 Πατέρα
2829 5235 2841 5247 ⁸
2892 5216 3045 5294 Λέγω
3093 5216 3199 5295 ἐγὼ
3245 5217 3312 5273 τα
3367 5216 3492 5296 ἔργα
3554 5237 3654 5290 μου
3686 5222 3765 5289 τῷ
3793 5216 3894 5290 βα-

2246 5305 2408 5363 σιλεῖ.
2452 5309 2750 5386 Μονονουχὶ
2780 5307 2879 5384 γὰρ
2909 5309 3363 5387 καθυπισχδετται
3414 5304 3674 5362 διδάσκειν
3699 5304 3890 5382 αὐτὸν,

2326 5629 2446 5710 «75)
2475 5627 2833 5712 Expressum
2861 5645 2934 5689 ex
2964 5627 3450 5708 interpretatione
3479 5625 3689 5709 psalmi
3715 5642 3888 5688 xuv.

4060 6039 4062 6140 l
