4062 6216
134 5757 245 5827 ,βτί

350 5755 458 5825 ,Ἢ

459 350 572 416 567
1251 357 1310 418 8.
1359 356 1782 419 ATHANASII
1825 357 1990 419 OPP.
2036 356 2252 421 PARS.
2300 360 2411 425 III.
2457 395 2532 408 -—
2577 365 3034 429 EXEGETICA.
3717 364 3844 429 568

459 503 566 580 per
577 487 845 580 actiones
862 486 1047 580 bonas
1073 507 1147 580 ac
1165 489 1478 580 praeclaras
1498 491 1796 554 exsultent
1809 510 1876 554 ac
1890 491 2099 554 trium-

2212 495 2264 552 ιὰ
2320 498 2561 574 πράξεων
2622 501 2833 580 ἀγαθῶν
2893 500 2976 558 ἐπὶ
3035 507 3103 579 τῇ
3157 503 3422 580 γενομένῃ
3517 503 3637 580 νίκῃ
3701 501 3847 558 κατὰ

459 577 645 657 phent
662 577 740 639 de
759 587 924 658 parta
945 578 1190 642 victoria
1217 579 1292 641 de
1315 580 1688 642 dmmonibus
1716 580 2102 660 perniciosis-

461 665 648 728 simis.
688 667 1015 750 lnscriptus
1048 687 1225 749 porro
1257 678 1371 750 est,
1398 670 1520 733 Pro
1551 669 1699 751 ﬁliis
1729 669 1884 733 Core
1937 688 1952 732 :
1989 689 2105 730 non

463 755 624 837 quod
655 754 923 836 ipsorum
949 776 1128 819 causa
1149 759 1476 839 composita
1500 759 1626 821 haec
1647 760 1780 832 oda,
1816 759 1918 822 sed
1945 759 2104 840 quod

462 862 570 925 per
592 843 754 924 ipsos
786 847 1234 928 praecineretur,
1266 856 1470 928 utpote
1503 848 1574 910 ad
1612 849 1817 911 laudes
1846 849 1970 912 Deo
2010 848 2102 909 of-

460 933 739 997 ferendas
769 935 1142 998 constitutos.
1179 936 1472 1000 Dicuntur
1499 945 1698 1000 autem
1733 940 1863 1010 ista,
1899 947 1961 998 ut
1978 939 2102 1018 jam

463 1024 862 1107 praemissum,
896 1025 955 1087 in
989 1044 1246 1108 persona
1277 1034 1619 1089 sanctorum
1676 1027 2104 1107 apostolorum,

464 1122 668 1194 utpote
697 1115 799 1196 qui
823 1116 981 1196 jussi
1002 1126 1171 1178 crant
1205 1116 1423 1178 docere
1454 1135 1664 1179 omnes
1695 1127 1928 1197 gentes.
1957 1116 2113 1190 Quia

464 1221 605 1267 vero
641 1205 790 1266 ﬁdes
824 1205 1216 1286 plurimorum
1267 1214 1325 1268 et
1382 1207 1771 1268 maximorum
1820 1207 2112 1269 bonorum

465 1295 838 1358 conciliatrix
870 1295 1148 1376 gentibus
1179 1296 1367 1359 fuerat
1394 1314 1408 1360 :
1435 1313 1543 1377 per
1564 1297 1718 1360 hanc
1737 1297 1895 1358 enim
1923 1297 2110 1358 vocati

468 1391 636 1447 erant
657 1383 715 1446 in
738 1385 1123 1465 adoptionem
1147 1387 1353 1462 Dei,ac
1379 1385 1894 1467 participationem
1931 1386 2115 1467 Spiri-

469 1484 562 1538 tus
591 1479 805 1556 sancti,
841 1473 1054 1538 divinaa
1087 1494 1321 1557 quoque
1359 1485 1585 1538 naturae
1627 1476 2112 1538 communionem

2186 591 2292 642 τῶν
2352 587 2642 670 ἀλιτηρίων
2702 589 2994 664 δαιμόνων.
3060 589 3480 671 Ἐπιγέγραπται
3555 591 3611 648 δὲ
3673 590 3844 670 εΥπὲρ

2188 680 2294 729 τῶν
2355 680 2476 734 δίὼν
2552 680 2708 757 Κορέ·
2777 682 2881 760 ούχ
2934 681 3064 758 ὑπὲρ
3125 680 3340 737 ἐκείνων
3400 683 3607 746 πάντως
3674 701 3844 758 γεγε-

2187 765 2426 839 νημένης
2455 773 2552 835 τῆς
2585 767 2750 843 ᾠδῆς,
2799 769 2918 826 ἀλλ’
2951 771 3184 835 ὡς’ὑπὶρ
3215 770 3428 827 ἐκείνων
3461 771 3670 835 πάντως
3734 791 3838 846 γε-

2187 856 2490 931 γενημένης
2534 864 2634 926 τῆς
2663 858 2828 932 ᾠδῆς,
2862 858 2982 916 ἀλλ’
3015 862 3087 922 ὡς
3119 856 3187 916 δι’
3222 864 3390 920 αὐτῶν
3435 861 3728 938 ὑπηρετεῖν
3762 880 3851 938 τῖε-

2189 944 2469 1019 ταγμένων
2513 951 2580 1022 τῇ
2616 946 2853 1024 ἀναφορᾷ
2885 953 2984 1014 τῆς
3014 946 3179 1022 ᾠδῆς,
3213 945 3380 1005 ’Ἔστι
3439 946 3517 1022 δὲ,
3551 950 3624 1012 ὼς
3677 937 3849 1023 3⁷ῖῆ-

2190 1053 2301 1112 ται,
2330 1035 2435 1090 τῶν
2468 1037 2632 1114 ἁγίων
2693 1036 3009 1093 ἀποστόλων
3068 1038 3129 1093 τὸ
3178 1039 3491 1114 πρόσωπον,
3551 1042 3622 1102 ὡς
3672 1059 3850 1094 κεκεο

2193 1121 2495 1197 λευσμένων
2550 1126 2723 1183 πάντα
2783 1128 3111 1200 μαθητεῦσαι
3169 1128 3235 1182 τὰ
3285 1127 3432 1194 ἔθνη.
3497 1126 3718 1194 Ἐπειδὴ
3779 1125 3840 1182 δὲ

2197 1210 2458 1270 πλείστων
2490 1213 2628 1270 ὅσων
2661 1217 2849 1280 αὐτοῖς
2879 1217 2964 1272 καὶ
3022 1215 3270 1294 μεγάλων
3317 1217 3528 1295 ἀγαθῶν
3601 1219 3849 1294 προμνή-

2198 1321 2348 1376 στρια
2392 1301 2608 1380 γέγονεν
2642 1305 2895 1370 ἡπίστις·
2933 1304 3231 1371 κέκληνιαῑ
3260 1306 3359 1382 γὰρ
3409 1305 3476 1360 δι’
3537 1310 3704 1377 αὐτῇς
3764 1307 3845 1368 εἷς

2197 1391 2452 1446 υἱοθεσίαν
2536 1391 2692 1470 Θεοῦ,
2775 1395 2848 1456 εἱς
2907 1392 3110 1468 μέθεξίν
3165 1415 3221 1448 τε
3281 1394 3430 1472 ἁγίου
3505 1394 3842 1468 Πνεύματος,

2197 1481 2338 1543 Θείας
2371 1502 2428 1536 τε
2460 1482 2665 1560 φύσεως
2697 1483 2948 1561 γεγόνασι
3008 1487 3276 1555 κοινωνοὶ,
3338 1483 3407 1540 τά
3463 1505 3519 1538 τε
3576 1484 3627 1549 ἐξ
3677 1488 3844 1560 οὖρα-

469 1564 687 1627 sortiti.
739 1583 808 1627 ac
881 1564 1150 1646 epulenti
1198 1564 1421 1628 redditi
1482 1564 1689 1646 gratiis
1741 1565 2106 1640 coelestibus,

2209 1576 2285 1626 νοῦ
2330 1572 2638 1650 χαρίσματα
2713 1571 3143 1642 πεπλουτήκασι,
3205 1574 3292 1628 καὶ
3360 1577 3459 1639 τῆς
3511 1574 3617 1629 τῶν
3676 1574 3847 1650 ἁγίων

472 1655 798 1736 participes
826 1654 1090 1736 denique
1147 1653 1283 1716 facti
1324 1663 1495 1716 erant
1549 1655 1678 1736 spei
1741 1662 2107 1729 sanctorum,

2209 1658 2402 1723 ἐλπίδος
2426 1661 2758 1742 συμμέτοχοι
2790 1664 3177 1732 καθεστήκασιο
3234 1663 3400 1728 ταύτῃ
3449 1685 3531 1718 τοι
3590 1664 3677 1719 καὶ
3727 1663 3843 1737 μά·-

474 1745 697 1809 idcirco
727 1745 905 1824 igitur
929 1752 988 1806 et
1010 1744 1252 1822 quidem
1287 1763 1406 1806 non
1429 1743 1656 1826 absque
1685 1744 1944 1821 ratione,
2001 1745 2108 1824 ju-

2209 1757 2260 1805 ta
2282 1751 2500 1815 εἰκότως
2533 1751 2907 1830 πανηγιρίζειν
2943 1752 3125 1818 αὐτοῖς
3155 1751 3548 1815 ἐπιτάττουσιν,

472 1835 689 1900 bentur
717 1832 988 1917 publicas
1014 1833 1365 1897 festivitates
1396 1852 1705 1916 peragere.
2135 1835 2175 1887 Β

931 1993 1027 2094 ,Εἰ
1053 2000 1120 2058 in
1145 1997 1426 2075 eiusdem
1454 1996 1686 2077 psalmi
1713 1996 1896 2059 verba
1925 1998 2042 2059 ista
2069 2013 2081 2059 :
2124 2021 2151 2054 ι
2181 1996 2450 2079 Subjecit
2475 1998 2744 2082 populos
2765 2000 2958 2080 nobis,
3000 2024 3022 2056 ι
3058 2008 3197 2082 etc.,
3225 2018 3283 2064 υ.
3313 2000 3372 2064 4.

551 2158 734 2222 Divus
764 2175 903 2220 vero
929 2157 1306 2229 Athanasius,
1365 2175 1470 2237 per
1502 2157 1753 2240 populos
1797 2165 1856 2218 et
1911 2166 2121 2237 gentes

471 2249 753 2327 intelligit
781 2246 1080 2320 Satanam,
1111 2255 1169 2308 et
1202 2266 1336 2325 quas
1367 2267 1502 2308 cum
1541 2266 1610 2308 eo
1647 2255 1781 2308 sunt
1839 2249 2122 2327 malignas

478 2346 828 2422 potestates.
861 2340 948 2401 De
979 2335 1194 2419 quibus
1225 2336 1375 2400 dixit
1405 2337 1661 2400 salvator
1697 2355 1709 2400 :
1773 2337 1935 2400 Ecce
1985 2337 2123 2399 dedi

478 2433 647 2496 vobis
672 2437 1022 2513 potestatem
1054 2430 1376 2493 incedendi
1402 2447 1586 2511 super
1624 2431 2007 2511 serpentibus
2066 2435 2124 2492 et

477 2522 893 2604 scorpionibus
917 2519 1052 2582 32".
1087 2518 1434 2581 Daemonum
1464 2537 1720 2602 namque
1748 2527 1954 2599 gentes
1975 2518 2122 2582 sub-

471 2615 617 2697 jecit
649 2610 906 2694 pedibus
935 2609 1373 2693 apostolorum.

2283 2159 2405 2240 (79)
2433 2158 2493 2220 Ὀ
2525 2160 2581 2219 δὲ
2602 2165 2749 2227 θεῖος
2780 2163 3093 2226 Ἀθανάσιος
3125 2160 3285 2226 λαοὺς
3317 2166 3403 2221 καὶ
3447 2166 3571 2231 ἔθνη
3629 2163 3720 2221 τόν
3791 2185 3850 2219 τι

2205 2256 2448 2306 Σατανᾶν
2493 2253 2581 2309 καὶ
2631 2253 2724 2316 τὰς
2771 2253 2863 2308 σὺν
2919 2252 3064 2324 αύτῷ
3123 2253 3359 2328 πονηρὰς
3413 2251 3658 2329 δυνάμεις
3707 2254 3854 2329 εἷναί

2203 2361 2334 2418 φησι
2393 2341 2510 2418 περὶ
2559 2343 2634 2397 ὧν
2690 2341 2874 2420 ἔὶεγεν
2943 2338 2978 2397 6'
3021 2343 3231 2412 Σωτήο⁶
3290 2339 3422 2400 Ἰδού
3471 2341 3670 2399 δέδωκα
3719 2343 3852 2416 δμῐν

2209 2441 2402 2486 πατεῖν
2466 2430 2646 2487 ἐπάνω
2705 2431 2876 2512 ὄφεων
2937 2432 3022 2486 καὶ
3082 2431 3370 2509 σκορπίων.
3432 2433 3508 2490 Τὰ
3565 2432 3664 2509 γὰρ
3721 2430 3849 2498 ἔθνη

2209 2526 2314 2576 τῶν
2343 2517 2610 2595 δαιμόνων
2637 2519 2860 2587 ὑπέταξε
2890 2533 3010 2584 τοῖς
3037 2527 3146 2578 τῶν
3179 2521 3495 2580 ἀποστόλων
3517 2521 3689 2580 ποσίν.

1679 2698 1830 2761 Item
1867 2699 1934 2763 in
1957 2699 2254 2780 prooemio
2275 2700 2429 2779 psal.
2467 2713 2650 2761 mu.

561 2857 1210 2927 Athanasius.Canitur
1231 2859 1410 2939 igitur
1430 2867 1488 2921 et
1507 2859 1603 2920 hic
1619 2860 1881 2940 psalmus
1903 2877 1972 2922 ex
1997 2876 2116 2940 per-

2293 2857 2421 2938 (8θ)
2441 2859 2776 2925 Ἀθανάσιος.
2812 2858 3042 2934 ’ᾊδεται
3075 2860 3256 2936 μέντοι
3289 2861 3374 2917 καὶ
3393 2860 3546 2922 οὗτος
3577 2863 3604 2918 ὁ
3630 2859 3852 2935 ψαλμὸς

482 2973 632 3016 sons
663 2959 1002 3015 sanctorum
1052 2949 1488 3028 apostolorum,
1528 2949 1935 3011 enarrantium
1981 2967 2116 3030 quas

2209 2948 2268 3006 ἐκ
2341 2950 2628 3022 προσώπου
2703 2957 2812 3008 τῶν
2860 2950 3026 3028 ἁγίων
3086 2949 3423 3024 ἀποστόλων,
3483 2948 3857 3028 διηγουμένων

483 3042 641 3127 passi
657 3049 794 3104 sunt
814 3039 1264 3122 persecutiones
1287 3045 1530 3120 propter
1548 3037 2032 3116 praedicationem
2045 3049 2116 3113 ,et

2209 3041 2326 3104 τοὺς
2385 3038 2469 3099 διὰ
2518 3041 2579 3096 τὸ
2634 3041 2883 3120 κήρυγμα
2939 3037 3231 3118 διωγμοὺς,
3283 3041 3373 3096 καὶ
3432 3041 3526 3102 τὰς
3584 3040 3729 3100 νίκας
3761 3041 3859 3103 τὰς

482 3132 764 3196 victorias
788 3149 934 3212 quas
964 3129 1023 3191 in
1057 3127 1593 3208 persecutionibus,
1623 3128 1971 3190 retulerunt.
2023 3131 2116 3192 ln-

2209 3131 2294 3186 ἐπὶ
2337 3130 2542 3193 τούτοις
2601 3129 2915 3208 γενομένας.
2981 3127 3116 3196 Ὠδη
3174 3127 3229 3185 δὲ
3279 3128 3500 3204 ψαλμσῦ
3557 3127 3860 3206 ἐπιγέγραη

485 3221 769 3286 scribitur
797 3227 998 3282 autem
1029 3217 1358 3280 Canticum
1373 3217 1621 3298 psalmi,
1646 3235 1718 3278 eo
1742 3225 1902 3293 quod
1930 3218 2116 3278 ethice

2209 3243 2362 3292 πται,
2393 3227 2466 3284 ὼς
2513 3224 2611 3286 τῆς
2641 3220 2832 3288 ἠθικῆς
2861 3217 3174 3298 φιλοσοφίας
3233 3222 3364 3297 πρὸς
3422 3219 3518 3286 τήν
3573 3221 3861 3296 θεωρητιο

485 3311 874 3394 philosophia
905 3327 1038 3372 cum
1073 3307 1398 3371 theoretica
1433 3307 1493 3369 in
1525 3325 1596 3370 eo
1654 3307 1974 3387 conjuncta
2026 3311 2116 3369 sit.

2209 3312 2309 3380 κήν
2344 3307 2766 3390 συνδραμούσης.

895 3468 978 3533 Et
1012 3470 1077 3530 in
1105 3468 1286 3530 verba
1316 3468 1454 3547 ejus
1489 3487 1503 3528 :
1545 3489 1569 3524 α
1606 3467 1903 3542 Quoniam
1924 3485 2052 3532 ecce
2081 3478 2447 3547 regnsterraz
2474 3470 2825 3549 congregati
2852 3476 3020 3544 sunt,
3059 3493 3086 3526 ι
3112 3479 3256 3549 etc,
3289 3487 3341 3530 υ.
3377 3469 3437 3531 5.

569 3634 649 3696 At
677 3630 1005 3694 secundum
1038 3646 1314 3708 magnum
1347 3628 1765 3703 Athanasium,
1828 3629 2116 3706 signiﬁca-

2298 3631 2421 3712 (81)
2473 3628 2690 3689 Κατὰδὲ
2719 3632 2810 3688 τὸν
2841 3629 3010 3708 μέγαν
3068 3629 3404 3703 Ἀθανάσιον,
3469 3633 3496 3686 ὁ
3554 3633 3688 3688 κατὰ
3751 3636 3862 3687 τῶν

492 3733 588 3785 tur
617 3720 716 3783 hic
748 3719 994 3794 bellum,
1023 3718 1180 3800 quod
1237 3717 1310 3779 ob
1375 3717 1856 3798 praedicationem
1929 3729 2116 3780 contr:

2213 3719 2529 3780 ἀποστόλων
2573 3717 2657 3776 διὰ
2687 3722 2748 3778 τὸ
2779 3721 3030 3798 κήρυγμα
3062 3741 3122 3796 γε
3137 3722 3351 3795 νόμενος
3385 3719 3618 3794 πόλεμος
3650 3723 3754 3777 ὑπο
3800 3743 3862 3776 τε

488 3811 788 3894 apostolos
809 3817 1038 3889 gestum
1065 3816 1178 3888 est,
1207 3816 1327 3869 tam
1392 3826 1428 3868 a
1477 3807 1823 3871 visibilibus
1865 3810 2116 3887 gentinn

2214 3818 2322 3870 τῶν
2351 3813 2618 3878 αἰσθητῶν
2649 3809 2912 3887 βασιλέων
2943 3817 3050 3866 τῶν
3080 3809 3266 3889 ἐθνῶν,
3318 3812 3405 3866 καὶ
3461 3812 3568 3885 μὴν
3621 3813 3704 3868 καὶ
3753 3813 3864 3869 τῶν

489 3899 729 3981 regibus
763 3918 938 3981 quam
986 3897 1060 3960 ab
1116 3897 1517 3960 invisibilibns
1573 3897 1972 3977 daemonibus,
2037 3919 2112 3978 qu

2219 3903 2458 3973 ἀοράτων
2486 3900 2752 3976 δαιμόνων
2780 3901 2885 3957 τῶν
2933 3901 3099 3957 πάλαι
3167 3899 3579 3976 βασιλευόντων,
3641 3901 3864 3958 ἐνταῦθα

493 3993 634 4054 olim
662 3989 1135 4051 dominabantur.
1200 3987 1307 4060 Qui
1375 3997 1436 4049 et
1493 3988 1823 4049 conturbati
1879 3997 2014 4050 sunt
2069 4009 2116 4049 at

2222 3991 2561 4067 σημαίνεται.
2605 3989 2672 4047 O'i
2704 3992 2792 4045 καὶ
2812 3987 3228 4067 κατεπλάγησαν
3253 3991 3341 4045 καὶ
3401 3986 3710 4064 ἐξέστησαν,
3758 3990 3863 4056 τλν

495 4086 693 4142 mente
724 4075 1027 4156 commoti,
1060 4076 1163 4138 ubi
1193 4075 1474 4137 viderunt
1508 4075 1694 4136 Deum
1733 4077 1958 4138 sanctis
2015 4077 2116 4139 sui:

2221 4080 2514 4160 γενομένην
2544 4080 2792 4156 βοήθειαν
2820 4079 2962 4156 παρά
2991 4085 3082 4135 τοῦ
3135 4080 3268 4134 Θεοῦ
3327 4091 3446 4140 τοῖς
3503 4079 3669 4156 ἁγίοις
3719 4082 3863 4135 θεω-

497 4167 788 4233 auxiliari.
817 4167 1059 4246 Insigne
1099 4165 1259 4226 enim
1311 4165 1494 4226 robur
1537 4167 1824 4228 servantis
1869 4185 1993 4246 eos,
2039 4168 2108 4228 ad

2223 4177 2455 4248 ροῦντες,
2493 4167 2556 4224 Ἠ
2586 4170 2686 4247 γὰρ
2735 4164 3005 4244 ὑπερϐολὴ
3064 4167 3160 4235 τῆς
3214 4167 3402 4246 ἰσχύος
3456 4176 3547 4226 τοῦ
3602 4167 3866 4238 σώζοντος

503 4259 877 4323 mirationem
937 4267 1002 4319 et
1050 4265 1356 4336 stuporem
1401 4255 1618 4316 attulit.
1661 4255 1888 4318 Deinde
1961 4257 2116 4318 etiau

2224 4262 2282 4316 τὸ
2304 4265 2477 4334 θαῦμα
2508 4260 2689 4320 αὐτοῖς
2720 4259 2806 4313 καὶ
2836 4257 2932 4324 τὴν
2961 4255 3293 4324 κατάπληξιν
3347 4256 3652 4334 εἴργασται,
3723 4259 3870 4316 Εῖτα

503 4346 838 4412 conturbati
868 4354 1030 4426 sunt,
1062 4354 1124 4407 ut
1158 4344 1261 4424 qui
1321 4343 1543 4405 bellum
1607 4348 1726 4406 Deo
1783 4346 2114 4406 intulissent

2225 4350 2620 4429 ἐταράχθησαν,
2680 4350 2751 4412 ὡς
2783 4346 2844 4403 ἂν
2891 4350 3022 4404 Θεοῦ
3057 4347 3414 4408 καταστάντες
3460 4346 3728 4416 πολέμιοι,
3780 4345 3875 4399 καὶ

503 4459 571 4504 ac
593 4441 651 4501 in
683 4438 914 4500 sumnis
947 4436 1113 4498 fuere
1145 4433 1478 4496 doloribus.
1508 4435 1673 4507 Quod
1701 4454 1837 4497 vero
1859 4433 2111 4515 deincep

2227 4445 2364 4518 ᾖσαν
2395 4441 2468 4502 ὡς
2497 4437 2552 4493 ἐν
2591 4437 2777 4496 ὠδῖσι.
2831 4437 2901 4494 Τό
2959 4458 3019 4514 γε
3077 4437 3185 4512 μὴν
3249 4434 3370 4503 ἐξῆξ
3423 4435 3699 4514 εἰρημένον
3756 4437 3875 4490 ἐπι-

501 4526 839 4608 subjicitur,
874 4525 1055 4606 scias,
1087 4542 1271 4587 naves
1299 4521 1546 4586 Tharsis
1573 4523 1691 4585 dici
1713 4543 1846 4606 qua)
1877 4525 2113 4604 ingentc

2231 4531 2432 4598 στήσας
2463 4528 2697 4607 νοήσεις,
2726 4529 2798 4589 ὼς
2855 4527 2974 4594 νῆες
3035 4539 3268 4605 θαρσετς
3327 4525 3575 4604 ἐλέγοντο
3633 4523 3872 4582 πλοῦτον

501 4619 738 4682 divitias
769 4613 1071 4679 Salomoni
1115 4611 1467 4694 aﬂ‘erebent,
1527 4614 2025 4694 quemadmodum
2087 4613 2116 4674 i1

2231 4618 2478 4699 φέρουσαι
2529 4617 2698 4694 μέγαν
2751 4623 2827 4690 τῷ
2875 4613 3186 4690 Σολομῶντι
3218 4616 3454 4686 καθαπερ
3525 4615 3581 4670 ἐν
3645 4619 3712 4690 τῇ
3761 4613 3877 4670 τῶν

502 4709 750 4774 historia
807 4707 1150 4785 Regnorum
1228 4703 1634 4781 cognovimus.
1700 4702 1893 4776 Quare
1973 4703 2116 4764 etiau

2233 4705 2524 4762 Βασιλειῶν
2568 4703 2878 4781 ἐγνώκαμεν
2901 4704 3129 4781 ἱστορίᾳ.
3193 4704 3288 4759 Λιὸ
3346 4704 3435 4759 καὶ
3489 4709 3576 4758 νῦν
3624 4700 3709 4759 διὰ
3767 4707 3881 4757 τῶν

503 4801 602 4864 hic
634 4815 738 4878 per
769 4794 1056 4858 contritas
1079 4811 1258 4856 naves
1288 4792 1557 4868 Tharsis,
1582 4792 1936 4870 signiﬁcavit
1963 4802 2116 4854 exter

2230 4793 2649 4871 συντριϐομένων
2727 4791 2927 4849 πλοίων
3005 4793 3234 4871 Θαρσεῖς
3294 4793 3388 4860 τήν
3450 4790 3722 4848 ἀπώλειαν
3785 4792 3882 4846 τοῦ

509 4877 893 4951 minutionem
928 4902 1109 4966 opum
1143 4891 1201 4945 et
1233 4881 1514 4964 potentia
1570 4900 1778 4961 regum
1833 4885 2111 4964 primiij

2233 4885 2460 4943 πλούτου
2504 4884 2720 4951 καὶτῆς
2764 4881 3069 4946 δυναστείας
3117 4889 3222 4938 τῶν
3282 4881 3689 4961 προλεχθέντων
3751 4877 3883 4948 ἐδῆ·

505 4997 662 5042 rum.
702 4975 989 5058 Spiritum
1024 4992 1166 5036 vero
1197 4973 1521 5034 violentum
1550 4990 1751 5034 sumes
1783 4991 1890 5052 pro
1933 4981 2105 5053 poten

2234 4978 2372 5032 λωσε
2397 4973 2689 5052 βασιλέων,
2748 4979 2962 5048 Πνεῦμα
3021 4971 3075 5029 δὲ
3133 4974 3304 5048 βίαιον
3378 4973 3573 5039 νοητὰς
3626 4970 3880 5044 δυνάμεις

510 5070 608 5131 tiis
665 5062 1206 5137 intellectualibus,
1241 5080 1348 5144 per
1402 5080 1547 5143 quas
1569 5062 1974 5141 apostolorum
2013 5063 2150 5124 hos-

505 5163 596 5219 tes
630 5152 977 5218 debellavit.

2236 5065 2382 5126 τινὰς
2413 5065 2645 5143 νοήσεις,
2681 5062 2748 5118 δι’
2807 5065 2879 5118 ὧν
2938 5063 3058 5126 τοὺς
3114 5062 3341 5142 ἐχθροὺς
3404 5068 3510 5118 τῶν
3560 5059 3877 5117 ἀποστόλιῖοκ

2236 5153 2678 5230 κατεπολέμησεν
2690 5201 2703 5216 ,

1312 5311 1467 5375 Item
1496 5313 1564 5374 in
1593 5312 1713 5374 illa
1745 5312 1928 5374 verba
1969 5334 1993 5369 ‹‹
2019 5312 2272 5393 Propter
2290 5314 2528 5394 judicia
2557 5321 2686 5389 tua,
2725 5312 3006 5376 Domine.
3042 5332 3072 5373 ι

587 5473 1115 5553 Athanasii.Quia,
1149 5471 1710 5557 inquit,dijudicans
1731 5472 1994 5550 gentium
2021 5492 2155 5535 cau-

590 5635 646 5682 ³²
672 5639 816 5702 Luc.
849 5639 1033 5714 x,19.

617 5761 714 5843 79)
741 5760 891 5843 Eide
925 5761 983 5824 in
1015 5766 1364 5843 argumento
1398 5758 1579 5838 hujus
1610 5753 1846 5837 psalmi.

611 5840 709 5926 80)
740 5840 892 5909 Vide
921 5840 1172 5909 ibidem.

2322 5473 2446 5554 (82)
2497 5473 2825 5539 Ἀθανασίου.
2861 5473 2994 5534 "Ott
3039 5475 3216 5553 κρίνας
3243 5475 3341 5541 τὴν
3370 5469 3520 5540 δίκην
3557 5479 3655 5530 τῶν
3684 5473 3879 5552 ἐθνῶν,

2332 5760 2450 5839 (81)
2481 5757 2597 5839 Ipsi
2628 5755 2867 5839 videsis.

2323 5835 2450 5922 (ss)
2486 5835 2637 5902 Vide
2667 5835 2814 5899 ibid.
