4062 6216
255 371 372 437 569
1209 371 1680 434 FRAGMENTA
1729 373 2124 434 COMMENT.
2178 374 2251 434 ΙΝ
2304 373 2660 435 PSALMOS.
3509 373 3626 437 570

251 508 516 578 ἒξήλασας
576 508 669 564 τὸν
725 505 845 562 κατ’
904 505 1080 563 αὗτῶν
1131 503 1387 580 πολέμιον
1439 501 1683 578 δαίμονα,
1743 509 1800 565 El
1851 505 1903 564 δὲ

1993 508 2380 588 sam,ejecisti
2402 507 2740 570 daemonem
2765 508 2923 589 ipsas
2947 508 3629 590 impugnantem.Quod—

251 599 447 676 βούλῃ,
482 600 602 675 ὅρος
637 597 777 653 Σιὼν
820 597 868 652 οἱ
919 597 980 652 τὸ
1024 594 1158 671 ὕψος
1189 600 1286 662 τῆς
1319 591 1587 671 Θεολογίας
1618 616 1903 654 πεπιστευ-

1995 598 2046 659 si
2075 603 2156 658 ita
2185 596 2297 679 vis,
2335 617 2510 660 mons
2548 598 2715 674 Sion,
2753 599 2871 660 sint
2899 598 3116 681 quibus
3148 617 3431 678 suprema
3458 601 3637 662 theo-

252 689 404 763 μένοι
441 706 457 723 ⁸
487 686 768 764 θυγατέρες
812 683 871 741 δὲ
918 690 1014 751 τῆς
1073 682 1325 746 Ἰοοδαίας
1384 685 1434 739 αἶ
1490 684 1628 739 κατὰ
1686 686 1782 754 τὴν
1826 690 1903 745 οἱ-

1995 686 2150 767 logia
2183 687 2531 751 concredita
2559 696 2686 750 est:
2722 688 2858 750 lilia:
2907 707 3048 750 vero
3079 687 3319 769 Judaeae,
3357 688 3640 752 Ecclesiae

251 776 520 852 κτωμένην
573 773 910 856 Ἐκκλησίαι,
956 777 1029 838 ὡς
1077 774 1179 831 ὕπὸ
1229 774 1333 830 τῶν
1362 771 1676 830 ἀποστόλων
1706 790 1903 854 παγετ.

1993 797 2125 860 quze
2156 796 2261 858 per
2291 777 2497 840 orbem
2531 786 2825 841 terrarum
2870 778 3160 859 dispersae
3191 788 3350 858 sunt,
3387 779 3459 839 ab
3492 797 3640 859 apo.

253 892 366 941 σαι,
427 869 485 924 οἳ
537 867 601 922 τὸ
659 864 810 944 γένος
881 863 935 930 ἒξ
991 862 1256 922 Ἰουδαίων
1311 867 1570 940 κατῆγον.
1632 870 1903 944 Παρεγγυᾶ

1993 866 2184 946 stolis,
2221 869 2322 947 qui
2345 885 2534 946 genus
2564 885 2633 928 ex
2661 866 2884 929 Judaeis
2914 865 3236 940 ducebant,
3272 866 3634 931 constituta.

252 956 310 1013 δὲ
351 955 448 1013 καί
492 969 612 1020 τοῖς
669 954 1018 1033 κηρύττουσιν
1080 951 1440 1031 εὐφραίνεσθαι
1488 950 1644 1007 ἕνεκα
1686 961 1793 1010 τῶν
1821 953 1903 1012 δι-

1993 955 2169 1020 Jubet
2219 974 2358 1018 vero
2392 956 2576 1019 etiam
2631 957 3053 1037 praedicatores
3104 955 3362 1033 gaudere
3395 965 3639 1037 propter

253 1048 420 1102 καίων
463 1052 556 1101 τοῦ
586 1050 718 1101 θεοῦ
761 1041 1059 1122 χριμάτων,
1108 1045 1194 1105 οἷς
1239 1039 1608 1120 χρησάμενος,
1654 1042 1754 1110 τὴν
1811 1050 1903 1112 τῆς

1993 1045 2144 1125 iusta
2207 1045 2316 1108 Dei
2363 1045 2616 1126 judicia,
2651 1064 2782 1127 quae
2829 1064 3118 1109 exercens
3173 1045 3336 1108 orbis
3383 1045 3632 1108 salutem

253 1135 572 1212 οἰκουμένης
603 1133 870 1211 σωτηρίαν
893 1135 1390 1212 ἓπραγματεύσατο.

1993 1143 2271 1216 operatus
2301 1145 2410 1198 est.

701 1295 850 1356 Item
881 1295 950 1351 in
976 1289 1136 1372 psal.
1169 1307 1305 1355 XLIX
1327 1291 1444 1355 illa
1473 1291 1694 1357 verba:
1733 1315 1756 1351 ι
1783 1294 1890 1357 Ea:
1923 1295 2070 1360 Sion
2097 1299 2330 1378 species
2353 1297 2588 1360 decoris
2619 1298 2772 1378 ejus,
2811 1320 2832 1354 ν
2870 1302 2982 1361 etc.
2994 1343 3011 1375 ,
3045 1315 3103 1360 υ.
3134 1297 3194 1362 2.

3521 1355 3554 1380 συ

335 1453 467 1534 (83)
506 1455 651 1514 Κατὰ
683 1452 740 1511 δὲ
793 1455 884 1510 τὸν
938 1451 1104 1531 μέγαν
1158 1453 1486 1526 Ἀθανάσιον⁹
1531 1455 1593 1512 ἐκ
1642 1461 1741 1523 τῆς
1798 1456 1903 1514 ἅνω

2070 1461 2148 1521 At
2176 1457 2506 1520 secundum
2535 1475 2812 1538 maguum
2839 1457 3252 1533 Athanasium,
3280 1477 3352 1522 ex
3377 1477 3639 1540 superna

253 1547 396 1602 Σιὼν
428 1548 457 1602 6
517 1545 704 1624 Κύριος
758 1545 858 1611 την
931 1541 1176 1621 δευτέραν
1250 1546 1540 1622 παρουσίαν
1595 1547 1903 1627 ποιήσεται,

1993 1545 2173 1610 Sione
2197 1549 2525 1610 secundum
2559 1546 2874 1609 adventum
2893 1566 3064 1610 suum
3084 1549 3638 1614 constituetDomi-

254 1645 354 1706 τήν
383 1637 616 1716 ἐπιφανῆ
666 1636 757 1693 καὶ
799 1632 1024 1701 ἔνδοξον,
1079 1633 1146 1703 ἢν
1202 1636 1290 1692 καὶ
1345 1634 1660 1714 εὖπρέπειαν
1705 1639 1903 1717 ὡραιό-

1993 1655 2126 1712 nus,
2157 1637 2478 1711 illustrem,
2507 1636 2772 1717 inquam,
2809 1637 2976 1698 illum
3011 1645 3072 1699 et
3099 1637 3634 1720 gloriosum,quem

252 1749 420 1794 τητος
452 1724 738 1793 κέκληκεν,

1993 1727 2163 1789 etiam
2193 1727 2419 1790 idcirco
2450 1727 2717 1807 speciem
2751 1728 2987 1790 decoris
3015 1729 3353 1809 appellavit.

929 1883 999 1947 In
1024 1882 1184 1964 psal.
1216 1901 1253 1948 ι.
1282 1883 1467 1948 verba
1499 1901 1515 1948 :
1555 1909 1582 1942 ε
1609 1884 1731 1950 Cor
1756 1904 1902 1949 man

1993 1903 2048 1949 m
2076 1906 2216 1951 crea
2239 1887 2306 1951 in
2329 1906 2442 1964 me,
2477 1888 2667 1969 Deus,
2706 1913 2732 1946 ιι
2761 1906 2820 1953 υ.
2858 1888 2954 1952 12.

340 2046 466 2129 (84)
529 2046 674 2106 Κατὰ
706 2043 762 2103 δὲ
820 2046 912 2102 τὸν
963 2045 1132 2124 μέγαν
1185 2045 1521 2128 Ἀθανισιον,
1575 2049 1787 2124 Πνεῦμα
1814 2051 1903 2106 τὸν

2072 2047 2416 2112 Secundum
2445 2057 2643 2112 autem
2681 2068 2961 2129 magnum
3022 2049 3189 2113 illum
3221 2050 3634 2127 Athanasium,

256 2147 378 2197 νοῦν
408 2137 659 2194 ἐκάλεσεν
693 2154 711 2174 ο
769 2136 912 2200 εὒθὲς
962 2133 1018 2192 δὲ
1075 2140 1234 2196 αὐτοῦ
1277 2138 1340 2194 τὸ
1395 2135 1603 2214 ἑδραῖον
1638 2153 1653 2169 ⁸
1711 2141 1903 2197 ὡσανεὶ

1993 2138 2273 2220 Spiritum
2303 2140 2622 2221 appellavit
2651 2141 2842 2221 ipsam
2878 2148 3136 2203 mentem
3165 2165 3181 2216 ;
3214 2141 3635 2204 rectitudinem

250 2228 402 2302 λέγοι
437 2243 454 2257 ⁶
503 2224 823 2306 Ἀσφάλισαι
854 2248 958 2301 μου
1011 2227 1098 2282 τὸν
1130 2233 1274 2307 νοῦν,
1320 2237 1414 2287 τοῦ
1443 2228 1637 2304 μηκέτι
1682 2229 1902 2287 εὔκολον

1993 2246 2128 2292 vero
2157 2247 2262 2309 pro
2293 2228 2572 2292 ﬁrmitate
2597 2230 2729 2310 ejus
2770 2229 2941 2304 dixit,
2977 2232 3146 2308 quasi
3173 2231 3448 2294 dixisset:
3476 2233 3635 2295 Con-

253 2324 396 2375 εἶναι
425 2317 777 2375 καταπίπτειν
808 2317 881 2381 εἰς
912 2315 1194 2394 ἁμαρτίαν,

1993 2319 2153 2381 firma
2187 2327 2447 2382 mentem
2477 2338 2694 2395 meam,
2727 2327 2791 2381 ut
2839 2338 3210 2400 nequaquam
3248 2320 3529 2402 proclivis
3559 2321 3637 2384 sit

1979 2407 2264 2491 deinceps
2293 2408 2367 2470 ad
2397 2407 2828 2492 prolabendum
2862 2410 2922 2470 in
2971 2418 3304 2490 peccatum.

796 2565 870 2628 In
895 2564 1051 2647 psal.
1079 2559 1298 2628 ω’ίιια
1331 2568 1557 2632 verba:
1590 2592 1618 2626 α
1653 2569 1706 2633 Α
1736 2568 1964 2650 ﬁnibus
1994 2574 2169 2634 terra:
2199 2573 2282 2635 ad
2315 2579 2373 2634 te
2393 2569 2682 2644 clamavi,
2717 2595 2743 2627 ιι
2772 2577 2911 2646 etc.,
2945 2588 3002 2633 v.
3033 2571 3093 2636 3.

335 2729 648 2788 ’Δθανασίω
719 2729 806 2784 καὶ
893 2725 1166 2788 Εὖσεείου.
1239 2728 1467 2802 Ἀκηδιᾷ
1553 2728 1608 2786 δὲ
1691 2730 1905 2799 ἀληθῶς

254 2822 341 2877 καὶ
385 2817 652 2894 ἆδημονεῐ
713 2824 819 2881 πᾶς
877 2815 1127 2897 θεοφιλὴς
1183 2821 1260 2893 τῷ
1334 2823 1511 2894 θνητῷ
1571 2818 1905 2900 ἐνδιατρίϐων

254 2910 350 2985 βίῳ
385 2925 402 2939 ⁸
465 2905 728 2982 ἀδημονετ
786 2905 840 2964 δὲ
901 2907 992 2963 καὶ
1020 2904 1105 2962 διὰ
1133 2907 1557 2987 φιλανθρωπίαν,
1588 2912 1651 2967 τὸ
1699 2909 1904 2982 πλῆθος

256 3005 360 3055 τῶν
429 2995 812 3073 ἂπολλυμὲνων
865 2999 1100 3075 θεωρῶν,
1155 2996 1374 3068 Ἐπειδή
1407 2998 1492 3055 οὗν
1555 3001 1645 3057 καὶ
1708 3000 1900 3081 Δαυίδ,

257 3092 328 3155 εὶς
385 3089 486 3155 τὴν
571 3086 1015 3145 καταδυναστείαν
1114 3089 1201 3142 καὶ
1271 3086 1540 3166 τυραννίδα
1618 3096 1726 3146 τῶν
1783 3089 1904 3148 δαι-

257 3181 434 3255 μόνων
475 3177 712 3257 θεωρῶν,
762 3173 983 3243 ἆκηδίας
1059 3174 1407 3256 πεπλήρωτο,
1485 3179 1674 3237 τούτου
1745 3182 1906 3260 χάριν

255 3269 498 3346 ἱκετεύει,
531 3267 704 3338 ὅπως,
753 3264 1022 3345 ἐπιφανεὶς
1068 3266 1096 3320 6
1144 3265 1354 3342 Κύριος,
1411 3266 1508 3334 τῆς
1561 3274 1668 3325 τῶν
1714 3270 1902 3346 βιαζο-

256 3360 431 3433 μένων
464 3360 602 3431 ἦμᾶς
647 3353 891 3423 ἐξέληται
953 3353 1135 3434 χειρός
1195 3354 1337 3431 (75).
1370 3355 1442 3413 Τὸ
1499 3355 1577 3430 δὲ,
1637 3358 1744 3414 ἀπὸ
1797 3366 1904 3416 τῶν

2066 2733 2397 2796 Athanasii
2421 2738 2477 2795 et
2506 2731 2781 2795 Eusebii.
2806 2731 3033 2793 Anxius
3067 2741 3228 2794 certe
3270 2739 3360 2796 est
3400 2741 3458 2795 et
3479 2733 3643 2796 dolet

1989 2823 2184 2885 omnis
2207 2823 2312 2886 Dei
2340 2840 2570 2895 amans,
2596 2823 2740 2885 dum
2766 2820 2882 2900 agit
2906 2821 2966 2882 in
2989 2823 3100 2885 bac
3131 2821 3280 2885 vita:
3305 2820 3467 2885 dolet
3498 2841 3640 2886 vero

1990 2911 2167 2973 etiam
2204 2911 2281 2974 ob
2313 2910 3038 2983 benevolentiam,videns
3071 2919 3294 2973 tantam
3329 2912 3636 2974 hominum

1992 3001 2436 3064 multitudinem
2461 3000 2678 3083 perire.
2707 2999 2854 3073 Quia
2885 2999 3064 3078 igitur
3093 3000 3268 3063 etiam
3294 2999 3640 3077 David,cum

1987 3091 2319 3169 respiceret
2345 3091 2418 3154 ad
2447 3092 2770 3172 potentiam
2797 3109 2864 3150 ac
2883 3091 3251 3170 tyrannidem
3276 3089 3639 3171 damonum,

1989 3181 2286 3243 anxietate
2316 3179 2770 3260 corripiebatur,
2806 3179 3033 3241 idcirco
3067 3179 3364 3262 supplicat
3394 3183 3544 3256 Deo,
3577 3189 3644 3243 ut

1988 3268 2276 3332 Dominus
2297 3277 2362 3333 in
2394 3288 2579 3332 carne
2598 3287 2662 3331 se
2685 3269 3092 3343 manifestans,
3124 3288 3232 3330 nos
3261 3269 3336 3331 de
3367 3270 3642 3333 manibus

1993 3361 2398 3440 torquentium
2426 3368 2616 3421 eruat.
2651 3358 2806 3420 Illud
2865 3377 3023 3430 vero,
3063 3375 3101 3420 a
3156 3359 3378 3439 ﬁnibus
3433 3366 3636 3433 terra,

257 3448 498 3528 περάτων
540 3452 637 3515 τῆς
680 3450 806 3526 γῆς,
857 3446 1108 3521 σημαίνει
1163 3445 1293 3524 ὑπὲρ
1352 3447 1533 3515 πάσης
1592 3451 1749 3506 αὒτὸν
1807 3456 1903 3521 τῆς

1993 3448 2290 3524 signiﬁcat
2318 3450 2514 3529 ipsum
2545 3467 2650 3527 pro
2685 3453 2958 3510 universo
2993 3456 3284 3510 terrarum
3320 3446 3466 3510 orbe
3497 3467 3637 3530 pre-

257 3541 568 3614 οἰκουμενης
596 3537 913 3611 ποιούμενον
939 3536 1034 3599 τὰς
1093 3532 1266 3597 λιτάς.
1322 3539 1395 3596 Οὒ
1448 3537 1611 3612 μόνον
1641 3537 1720 3617 δὲ,
1771 3539 1903 3598 ἀλλὰ

1993 3556 2091 3600 ces
2137 3538 2411 3600 fundere.
2468 3539 2677 3619 Neque
2710 3537 2821 3599 hoc
2871 3545 3122 3611 tantum,
3150 3537 3255 3598 sed
3286 3546 3342 3598 et
3375 3537 3637 3599 medium

325 3630 339 3650 ι
404 3631 420 3648 \
519 3627 530 3646 ν
790 3632 815 3642 ς-
932 3626 947 3646 \
1157 3625 1172 3646 ρ
1391 3629 1406 3651 9
1686 3629 1699 3646 ε

256 3651 341 3686 και
372 3651 433 3685 το
463 3649 630 3704 μεσον
690 3634 820 3683 Θεου
866 3648 951 3682 και
1009 3624 1298 3704 ἂνθρωπων
1357 3628 1533 3690 θυσίας
1584 3627 1714 3684 πολυ
1771 3653 1903 3710 παρ-

1993 3626 2275 3705 quiddam
2308 3627 2466 3688 inter
2491 3627 2600 3690 Dei
2631 3644 2701 3689 ac
2735 3625 3041 3687 hominum
3078 3624 3466 3687 substantiam
3499 3645 3641 3688 con-

255 3722 504 3792 ιστῶντα,
572 3717 706 3773 κατὰ
768 3717 830 3772 τὸ
885 3715 938 3770 ὲν
987 3720 1064 3787 τῷ
1123 3711 1524 3792 Ἐκκλησιαστῇ
1560 3731 1574 3747 '
1638 3715 1698 3774 ’Θ
1775 3723 1903 3784 Θεὸς

1993 3698 2262 3792 stituere,
2296 3717 2623 3778 secundum
2675 3715 2819 3776 illud
2875 3714 3300 3777 Ecclesiastes:
3363 3715 3516 3777 Deus
3572 3718 3642 3777 in

253 3807 305 3863 iv
357 3811 435 3883 τῷ
489 3808 696 3884 οὖρανῷ
743 3805 873 3879 ἄνω,
934 3805 1021 3860 καὶ
1077 3805 1138 3859 σὺ
1207 3806 1263 3860 ἒν
1318 3828 1386 3884 τῃ
1444 3813 1515 3884 γῇ
1577 3808 1748 3871 κάτω.
1803 3817 1903 3869 Τοῦ

1993 3809 2133 3869 calt;
2160 3824 2402 3869 sursum
2428 3815 2552 3869 est:
2585 3815 2638 3870 et
2665 3814 2728 3868 tu
2758 3807 2824 3867 in
2847 3812 3015 3868 tetra
3045 3803 3214 3882 infra
3234 3803 3310 3870 ⁸³.
3343 3803 3419 3867 Ει
3465 3807 3640 3886 Sym-

255 3898 434 3973 μὲντοι
469 3896 778 3974 Συμμάχου
831 3895 1152 3974 σαφέστερον
1201 3894 1463 3970 εἰπόντος,
1528 3896 1582 3953 ἐν
1631 3906 1708 3972 τῷ
1763 3900 1904 3967 ἀδη..

251 3999 460 4061 μονεϊν,
522 3984 898 4064 ἐναργέστερον
969 3985 1057 4040 καὶ
1115 3981 1575 4065 ἐμφαντικώτερον
1646 3993 1803 4046 εἷπον
1857 3991 1903 4047 οἱ

249 4074 678 4150 ἐὗδομήκοντα,
738 4073 828 4132 Ἐν
907 4080 986 4148 τῷ
1043 4071 1352 4140 ἀκηὸιάσαι.
1417 4072 1743 4152 Ἀδημονεϊν
1803 4081 1902 4158 γὰρ

254 4187 336 4221 και
392 4167 481 4222 ἐπὶ
541 4177 660 4226 τοῖς
721 4176 934 4242 μικροῖς
998 4161 1212 4240 λέγεται
1249 4179 1264 4194 ⁸
1301 4161 1522 4236 suam
1556 4164 1610 4221 δὲ
1669 4167 1754 4224 ἐπὶ
1784 4173 1902 4231 τοῖς

255 4253 510 4333 μεγάλοις
543 4254 783 4326 πάντως,
817 4254 941 4310 ὅταν
1000 4250 1086 4308 διὰ
1121 4253 1182 4308 τὸ
1213 4250 1418 4319 πλῆθος
1449 4261 1554 4310 τῶν
1584 4263 1764 4312 κακῶν
1794 4257 1902 4314 λοι-

257 4345 353 4400 τὸν
404 4351 511 4400 τῶν
572 4343 628 4399 ἐν
691 4344 839 4418 μέσῳ
897 4364 976 4407 τις
1025 4339 1525 4416 παραλαμϐάνεται,
1595 4345 1904 4425 ἀπαγορεύῃ

260 4435 384 4509 πρὸς
410 4435 544 4492 αὖτὰ
575 4434 666 4490 καὶ
715 4437 828 4490 οἷον
882 4432 1266 4509 ἀπογινώσκει,
1313 4432 1468 4508 ῥίψας
1501 4441 1594 4490 τοῦ
1625 4437 1742 4499 νοὸς
1772 4437 1903 4512 βου-

258 4520 516 4598 λεύματα,
551 4525 624 4585 ὡς
657 4522 848 4599 μηκέτι
877 4520 1054 4601 φέρειν
1082 4519 1203 4582 οἶός
1235 4541 1293 4575 τε
1321 4519 1417 4578 ὤν.

1990 3895 2235 3957 machus
2264 3896 2504 3978 quidem
2538 3896 2626 3958 sic
2669 3895 2826 3956 clare
2882 3893 3044 3956 hunc
3096 3894 3295 3956 locum
3355 3893 3634 3968 reddidit,

1989 3986 2141 4047 Cum
2202 3987 2491 4049 dolerem.
2552 3985 2717 4064 Signi
2778 3982 3012 4046 cantius
3065 4001 3210 4046 vero
3269 3992 3326 4044 et
3382 3985 3642 4066 apertius

1987 4075 2418 4156 Septuaginta:
2466 4075 2626 4137 Dum
2677 4075 2906 4138 anxius
2960 4091 3183 4136 essem.
3241 4073 3422 4135 Dolor
3483 4073 3641 4136 enim

1990 4165 2167 4227 etiam
2199 4166 2275 4226 de
2307 4165 2554 4227 minutis
2585 4163 2756 4226 malis
2789 4163 3006 4224 dicitur
3037 4182 3051 4224 :
3084 4163 3353 4226 anxietas
3393 4181 3535 4224 vero
3567 4163 3643 4224 de

1991 4255 2218 4336 magnis
2270 4255 2702 4329 tantummodo,
2739 4254 2998 4336 quando,
3032 4255 3416 4318 multitudine
3445 4254 3637 4316 malo-

1989 4363 2124 4408 rum
2176 4346 2616 4407 circumventus
2665 4343 2818 4425 quis,
2855 4343 3119 4405 animum
3181 4343 3516 4424 despondet
3574 4362 3642 4404 ac

1989 4436 2158 4513 quasi
2189 4435 2497 4514 desperat,
2534 4434 2768 4514 abjecto
2805 4439 2968 4494 omni
3026 4433 3210 4496 animi
3269 4431 3544 4513 consilio,
3576 4441 3641 4493 ut

1989 4525 2089 4604 qui
2121 4525 2275 4586 malo
2308 4525 2554 4587 ferendo
2589 4543 2695 4605 par
2727 4542 2843 4584 non
2880 4523 2979 4586 sit.

1020 4680 1101 4743 Et
1133 4681 1199 4742 in
1222 4696 1378 4742 vers.
1413 4691 1761 4762 sequentem
1792 4705 1806 4747 :
1839 4706 1862 4742 ι
1890 4685 1964 4748 In
1991 4692 2172 4766 petra
2199 4685 2492 4749 exaltastz’
2508 4703 2624 4760 me,
2670 4710 2689 4741 ι
2728 4703 2786 4747 υ.
2820 4687 2878 4744 3.

335 4844 452 4923 (86)
484 4843 824 4904 νΑθανάσιος.
887 4844 1025 4921 Πρὸς
1083 4841 1138 4897 δὲ
1197 4839 1429 4898 διάνοιαν
1483 4845 1748 4920 κρείττους
1804 4869 1902 4925 γε..

2069 4849 2111 4909 Α
2124 4845 2696 4910 thanasius.Secund
2708 4864 2802 4906 um
2819 4843 3185 4905 intellectum
3202 4845 3496 4916 vero,si-ve
3508 4861 3641 4906 sen-

257 4935 479 5009 γόναμεν
541 4940 649 4989 τῶν
709 4932 1116 5010 ἐπηρεαζόντων
1178 4929 1444 5006 δαιμόνων
1511 4931 1596 4988 διὰ
1656 4942 1904 5017 Χριστοῦ,

261 5021 315 5085 ὃς
342 5027 507 5103 πέτρα
544 5031 622 5097 τῷ
681 5023 923 5098 μακαρίῳ
967 5021 1382 5094 κατωνόμασται
1434 5023 1650 5097 Παύλῳ.
1687 5028 1784 5083 Καί
1813 5026 1904 5083 ἵνα

259 5113 485 5170 τὸννοῦν
539 5113 753 5171 ἅπαντα
796 5117 895 5178 τῆς
957 5109 1270 5187 ψαλμῳδίας
1323 5109 1492 5192 εἴπω,
1557 5116 1904 5192 εὐψαριστίαν

262 5202 288 5256 6
325 5201 479 5282 λόγος
523 5202 797 5281 περιέχει.
861 5207 1034 5259 Ταῦτα
1081 5201 1180 5278 γάρ
1246 5221 1362 5276 μοι,
1425 5201 1606 5280 φησὶν,
1669 5203 1902 5278 ὑπῆρξαν

260 5289 351 5347 ὅσα
389 5294 708 5372 προείρηκα,
744 5289 928 5358 ἐπειδὴ
959 5291 1020 5346 σὺ
1053 5291 1232 5364 αὐτὸς,
1286 5292 1314 5347 6
1372 5293 1526 5366 Θεὸς,
1562 5291 1764 5372 ἐπῆρας
1811 5316 1901 5371 με,

330 5447 384 5495 ³⁸
408 5450 612 5516 Eccle.
647 5470 708 5526 ν,
746 5455 804 5514 1.
890 5448 991 5512 ³³1
1022 5449 1162 5514 Cor.
1195 5469 1254 5526 ι,
1283 5450 1346 5514 4.

339 5581 456 5660 (83;
491 5585 650 5647 Vide
680 5584 830 5647 ibid.

337 5661 458 5742 (84)
484 5665 636 5727 Vide
668 5685 850 5742 supra
877 5666 950 5728 ad
980 5667 1144 5730 hunc
1180 5663 1401 5728 locum.

334 5742 454 5824 (85)
485 5744 626 5810 Haec
657 5742 954 5811 habentur
1003 5747 1066 5810 in
1114 5745 1618 5824 Expositiouibus
1644 5747 1720 5810 ad
1747 5749 1909 5815 hunc

1989 4956 2120 5000 sum
2137 4934 2872 5018 spiritualem,victoriam
2887 4936 3314 5013 reportavimus
3339 4931 3410 4993 de
3426 4933 3645 4994 daemo-

1989 5027 2187 5106 nibus,
2220 5027 2324 5108 qui
2371 5046 2478 5088 nos
2531 5023 2912 5097 infestabant,
2951 5041 3056 5104 per
3113 5020 3438 5096 Christum,
3475 5023 3576 5103 qui
3609 5041 3642 5083 a

1987 5117 2058 5182 D.
2087 5117 2270 5180 Paulo
2290 5124 2454 5197 petra
2477 5111 2966 5197 appellatur33Et
2988 5118 3050 5172 ut
3076 5109 3289 5192 psalmi
3307 5110 3487 5190 hujus
3506 5131 3612 5173 sen
3631 5147 3647 5157 -

1989 5225 2118 5268 sum
2180 5207 2524 5268 universum
2578 5223 2901 5285 exponam,
2937 5199 3282 5263 continetis
3313 5201 3637 5280 gratiarum

1987 5296 2308 5359 actionem.
2329 5298 2444 5360 Ista
2465 5294 2626 5358 enim
2650 5290 3240 5374 omnia,inquit,quaa
3262 5292 3643 5374 enumeravi,

1989 5603 2160 5656 versu
2171 5613 2248 5655 m.

2074 5676 2200 5756 (86)
2238 5674 2325 5737 lbi
2355 5673 2493 5737 vide
2519 5673 2824 5756 superius.
