4062 6216
447 284 553 346 571

1263 294 1321 355 S.
1371 295 1787 357 ATHANASll
1832 297 1993 357 OPP.
2047 296 2237 358 PARS
2277 293 2359 358 ῐΙΙ
2433 332 2510 344 --
2560 299 3011 367 EXEGETICA.

3696 316 3808 380 5'7?

448 423 801 521 acciderunt
830 425 978 521 mihi
999 427 1282 508 quoniam
1311 439 1395 505 tu,
1421 451 1454 492 ο
1476 433 1654 509 Deus,
1675 433 1940 495 exaltasti
1967 451 2085 510 me,

2180 432 2262 521 καὶ
2289 431 2508 508 ὕψωσας
2552 434 2606 492 ἐν
2635 443 2704 514 τῇ
2740 439 2880 516 παρὰ
2911 441 2992 496 σοὶ
3050 440 3238 521 πέτρᾳ,
3299 443 3412 510 ἥτις
3448 446 3586 503 ἐστὶν
3644 453 3671 506 6
3719 454 3809 518 σὸς

447 523 507 577 et
539 514 803 578 extulisti
836 535 930 578 me
963 517 1022 578 in
1047 527 1232 598 petra,
1262 539 1394 600 quas
1421 522 1576 602 apud
1611 531 1666 584 te
1700 523 1881 599 est,in
1910 524 2094 586 verbo

446 603 672 665 scilicet
695 613 836 668 tuo:
892 607 1192 669 Christum
1227 610 1384 671 enim
1422 619 1549 672 erat
1581 619 1747 691 petra
1795 610 1919 673 illa.
1947 610 2095 684 Quia

448 691 628 770 igitur
649 694 826 757 verbo
857 705 960 758 tuo
994 715 1090 759 me
1123 700 1419 774 exaltasti,
1446 709 1624 778 atque
1645 701 1723 763 ita
1773 702 2090 772 sublimem

446 782 661 858 fecisti,
698 793 765 845 nt
812 804 931 847 non
983 787 1238 866 amplius
1293 788 1354 850 in
1391 789 1588 852 medio
1641 796 1837 864 terrae,
1873 791 1978 852 sed
2031 792 2092 853 in

447 872 729 936 extremis
759 875 888 953 ejus
915 874 1176 938 habitem
1209 897 1222 938 :
1247 878 1496 959 insuper
1526 885 1702 941 etiam
1735 880 1870 961 quia
1897 880 2091 942 dedu-

445 961 578 1023 xisti
613 982 732 1044 me,
766 965 970 1046 utjam
1037 967 1406 1047 propinquus
1463 968 1572 1032 tibi
1630 969 1817 1031 factus
1864 969 2001 1043 sim,
2036 981 2094 1032 et

450 1052 588 1130 quia
617 1071 754 1132 spes
785 1073 1020 1136 quoque
1053 1075 1183 1118 mea
1239 1057 1429 1120 factus
1488 1077 1576 1139 es,
1611 1077 1727 1138 qua
1784 1059 2090 1122 conﬁdens

451 1160 567 1203 non
601 1144 952 1226 confundar,
985 1152 1123 1226 quia
1166 1147 1424 1229 denique
1479 1167 1613 1210 cum
1667 1150 1870 1212 hostes
1925 1149 2091 1212 multi

448 1250 545 1294 me
574 1232 935 1313 impeterent
967 1255 1034 1297 ac
1063 1248 1403 1318 quaererent
1460 1239 1718 1300 animam
1777 1257 1995 1321 meam,
2029 1249 2089 1301 tu

446 1323 609 1384 solus
639 1334 848 1386 contra
875 1345 1083 1389 omnes
1115 1328 1485 1410 suiﬁciebas,
1517 1329 1703 1391 factus
1735 1329 1878 1391 mihi
1913 1330 2092 1391 turris

445 1412 854 1492 fortitudinis;
891 1417 1037 1490 hac,
1071 1417 1338 1500 inquam,
1372 1419 1575 1481 omnia
1627 1437 1760 1480 cum
1793 1428 1907 1480 ate
1940 1438 2088 1481 con-

446 1511 686 1565 secutus
730 1506 864 1583 sim,
902 1506 1115 1569 merito
1173 1508 1278 1570 tibi
1335 1508 1588 1590 hymnos
1638 1509 1845 1584 offero,
1875 1517 1939 1568 ut
1995 1507 2094 1590 qui

443 1592 593 1656 mihi
625 1595 890 1658 omnium
923 1597 1217 1660 bonorum
1247 1607 1460 1660 auctor
1482 1597 1690 1660 fueris.

2178 520 2339 617 λύγος
2365 541 2380 559 ⁸
2449 523 2676 617 ἦπγὲτρα
2708 527 2807 617 γὰρ
2860 528 2926 596 ἧν
2979 531 3006 585 6
3066 520 3317 606 Χριστός.
3353 531 3500 591 Ἐπεὶ
3525 539 3691 598 τοίνυν
3742 549 3813 617 τῷ

2177 611 2323 691 λόγῳ
2379 635 2473 673 σου
2529 615 2748 691 ὄψωτάς
2815 639 2906 698 με,
2966 621 3052 676 καὶ
3097 621 3364 701 μετέωρον
3433 624 3711 704 ἐποίησας,
3744 611 3814 696 ὡς

2177 702 2368 796 μηκέτι
2420 717 2693 796 κατοικεῖν
2752 706 2818 762 τὰ
2870 707 3010 782 μέσα
3065 715 3164 777 τῆς
3225 717 3350 788 γῆς,
3407 713 3525 771 ἀλλ’
3559 717 3614 773 ἐν
3643 702 3813 796 ἄκροις

2177 792 2342 883 αύτῆς
2396 792 2638 871 γενέσθαι
2675 814 2689 829 ⁸
2754 793 2858 863 ἤδη
2925 795 2980 853 δὲ
3043 801 3124 855 καὶ
3191 799 3480 880 ὼδήγησές
3532 829 3623 883 με,
3683 792 3813 868 ὥστε

2175 879 2544 976 πλησίονλσου
2604 885 2820 964 φθάσαι,
2882 886 3108 965 γέγονάς
3153 911 3210 946 τε
3284 879 3432 959 ἐλπίς
3482 879 3617 976 μου,
3661 895 3725 954 δι’
3754 901 3815 970 ἢν

2176 968 2358 1027 ἐλπίδα
2389 973 2448 1029 οὖ
2477 976 3013 1054 καταισχυνθήσομαι
3054 993 3067 1007 ⁸
3118 977 3253 1036 ἀλλὰ
3302 983 3390 1038 καὶ
3446 968 3656 1042 πολλῶν
3697 968 3812 1046 ἐπι-

2175 1059 2434 1133 κειμένων
2480 1066 2686 1138 νοῃτῶν
2719 1065 2948 1145 ἐχθρῶν,
3010 1069 3116 1123 τῶν
3166 1071 3468 1141 ζητούντων
3505 1075 3605 1143 τὴν
3637 1081 3815 1158 ψυχήν

2174 1172 2299 1224 μου,
2333 1149 2448 1207 ἀντὶ
2477 1153 2694 1209 πάντων
2757 1153 2989 1232 ἤρκεσας
3035 1158 3098 1213 σύ
3155 1160 3345 1240 μόνος,
3388 1163 3587 1244 πύργος
3635 1149 3813 1246 ἷσὶύος

2175 1261 2263 1313 μοι
2295 1241 2578 1316 γενόμενος
2612 1257 2623 1269 ⁸
2675 1245 2896 1307 εἷκὸτως
2944 1246 3144 1302 τούτων
3195 1251 3445 1307 ἁπάντων
3495 1235 3728 1336 τυχὼν,⁸
3757 1260 3814 1315 σύ

2173 1329 2356 1424 (forte
2387 1331 2496 1409 σοὶ)
2533 1334 2654 1395 τούς
2697 1333 2892 1406 ὕμνους
2944 1335 3268 1420 ἀναπέμπω,
3303 1343 3376 1406 ὡς
3438 1341 3683 1402 ἁπάντων
3725 1371 3812 1424 μοι

2174 1419 2280 1474 τῶν
2306 1421 2514 1498 ἀγαθῶν
2542 1423 2815 1501 γενομένῳ
2846 1425 3018 1499 αἰτίῳ.

1209 1759 1291 1823 Ει
1321 1766 1383 1821 in
1412 1777 1654 1824 versum
1684 1768 2024 1839 sequentem
2056 1776 2070 1820 :
2109 1777 2138 1817 ι
2167 1757 2497 1822 Deduxisti
2518 1777 2645 1840 me,
2677 1783 2704 1816 ιι
2731 1768 2872 1837 etc.,
2904 1781 2960 1825 υ.
2995 1765 3056 1826 4.

530 1918 858 1983 Athanasii
884 1931 942 1981 et
971 1919 1216 2002 Cyrilli.
1245 1920 1395 1993 Quia
1418 1939 1555 1982 vero
1575 1921 1681 1982 viae
1709 1919 1924 1982 ducum
1959 1939 2090 2001 pro-

2253 1919 2375 1999 (87)
2440 1921 2750 1980 Ἀθανασίου
2831 1926 2916 1980 καὶ

449 2008 645 2087 prium
669 2017 760 2070 est
786 2009 1226 2090 demonstrare,
1261 2029 1534 2092 quaenam
1568 2015 1657 2071 via
1690 2019 1808 2070 tuta
1840 2011 1936 2090 sit,
1966 2029 2098 2089 quae

449 2115 585 2160 vero
618 2099 952 2176 periculosa
975 2109 1031 2162 et
1053 2101 1387 2181 perniciosa
1415 2121 1427 2160 :
1464 2101 1647 2162 etiam
1683 2100 1796 2161 hoc
1823 2099 2094 2163 Christus

446 2187 661 2250 fecisse
687 2188 1073 2270 comperitnr,
1107 2189 1247 2251 dum
1280 2192 1361 2250 ait
1403 2211 1416 2250 :
1455 2188 1586 2267 Ego
1619 2207 1749 2251 sum
1778 2190 1879 2250 via
1909 2197 1963 2250 et
1993 2207 2092 2250 os-

449 2284 600 2340 tium
625 2276 683 2320 3‘
735 2278 883 2340 Illud
947 2296 1108 2352 vero,
1147 2279 1326 2340 turris
1384 2278 1779 2351 fortitudinis,
1814 2278 1971 2340 idem
2006 2287 2096 2339 est

445 2386 514 2430 ac
544 2368 592 2428 si
619 2367 906 2432 dixisset:
935 2370 1140 2429 Murus
1168 2388 1238 2430 ac
1285 2375 1548 2429 tutamen
1583 2368 1729 2428 mihi
1779 2368 1970 2429 factus
2002 2386 2090 2438 es,

447 2466 510 2519 ut
538 2457 687 2519 nihil
714 2458 860 2519 mihi
893 2458 1124 2520 accidat
1157 2458 1321 2533 mali,
1355 2477 1489 2520 cum
1522 2458 1580 2520 hi
1618 2456 1951 2519 molestiam
1987 2475 2093 2535 pa-

445 2551 608 2610 riunt
636 2548 889 2612 inimici.
926 2548 1192 2611 Christus
1227 2566 1484 2629 namque
1533 2547 1716 2610 turris
1747 2555 1836 2608 est
1866 2546 2096 2609 stabilis

443 2646 618 2720 atque
647 2637 1026 2702 inconcussa.

3003 1928 3278 2005 Κύρέλλου.
3365 1931 3517 1990 Ἐπεὶ
3595 1935 3649 1990 δὲ
3717 1945 3817 1994 τῶν

2180 2009 2512 2088 ὁδηγούντων
2558 2010 2692 2068 ἴδιον
2752 2015 2812 2068 τὸ
2870 2013 3143 2090 δεικνύειν,
3220 2021 3346 2076 ποία
3419 2023 3523 2096 μὲν
3583 2024 3818 2104 ἀσφαλὴς

2179 2099 2320 2180 ὁδὸς,
2355 2101 2480 2159 ποία
2513 2099 2566 2157 δὲ
2602 2102 2835 2182 σφαλερὰ
2892 2113 2979 2162 καὶ
3031 2106 3266 2185 βλαϐερὰ
3296 2099 3702 2189 μαρτύρεσθαι-ο
3737 2118 3818 2172 καὶ

2177 2197 2331 2246 τοῦτο
2390 2193 2611 2268 Χριστὸς
2646 2195 2956 2260 πεποιηκὼς
3009 2197 3328 2274 εὑρίσκεται,
3375 2199 3430 2256 ἐν
3493 2209 3570 2276 τῷ
3600 2202 3772 2282 λέγειν
3803 2224 3816 2240 ⁸

2182 2277 2323 2358 Ἐγὼ
2353 2281 2459 2355 εἰμι
2485 2283 2518 2348 ἡ
2565 2279 2684 2342 ὁδὸς
2716 2285 2804 2338 καὶ
2835 2285 2868 2351 ἡ
2918 2285 3066 2360 θύρα.
3117 2289 3185 2343 Τὸ
3245 2285 3326 2366 δὲ,
3374 2290 3575 2369 πύργος
3607 2277 3814 2375 ἰσχύος,

2179 2368 2364 2444 ὅμοιον
2397 2371 2526 2426 ὡσεὶ
2563 2369 2710 2447 λέγοι
2748 2389 2761 2402 ⁸
2797 2382 3002 2452 Τοϊχος
3037 2376 3122 2431 καὶ
3165 2375 3433 2456 ἀσφάλεια
3467 2368 3718 2458 γέγονας,
3750 2368 3818 2447 εἰς

2177 2461 2238 2554 τὲ)
2261 2458 2425 2533 μηδὲν
2455 2463 2648 2554 παθεῖν
2678 2461 3080 2539 ἐπηρεαζόντων
3111 2469 3216 2522 τῶν
3242 2465 3696 2550 ἐχθρῶν.[1ύργος
3725 2476 3819 2554 γὰρ

2177 2546 2412 2628 ἑδραῖος,
2445 2549 2828 2614 ἁκατάσειστος
2861 2554 2888 2609 6
2923 2553 3177 2624 Χριστός.

1099 2777 1184 2842 Et
1213 2779 1280 2841 in
1313 2779 1628 2859 sequentia
1660 2793 1680 2838 :
1717 2800 1744 2831 α
1774 2775 2076 2840 llabitabo
2107 2779 2179 2842 in
2205 2777 2599 2842 tabernaculo
2629 2785 2760 2856 tuo,
2786 2804 2814 2837 ι
2849 2786 2988 2859 ete.,
3023 2799 3082 2846 υ.
3110 2781 3169 2846 5.

526 2937 1216 3021 Athanasiusﬁyrillus.
1243 2937 1335 3000 Ad
1368 2956 1610 3000 sensum
1647 2939 1898 2999 verozEx
1921 2934 2094 3001 bonis

2253 2937 2384 3017 (88)
2415 2938 2753 3015 Ἀθαδάσιος,
2790 2941 3068 3022 Κύριλλος.
3113 2944 3247 3021 Πρὸς
3305 2941 3357 3000 δὲ
3418 2952 3570 3020 νοῦθ,
3605 2942 3693 3023 ἀφ’
3752 2942 3821 2996 ὦν

447 3045 579 3108 quas
599 3028 723 3107 jam
748 3045 782 3088 a
809 3030 930 3092 Deo
963 3037 1472 3111 acceperat,spem
1499 3027 1614 3089 sibi
1645 3026 1788 3088 facit
1818 3026 1994 3088 etiam
2021 3026 2094 3087 de

2180 3026 2279 3096 ἤδη
2315 3029 2540 3108 εἴληφεν
2571 3029 2803 3110 ἀγαθῶν,
2852 3034 2940 3089 καὶ
3001 3035 3115 3112 περὶ
3157 3034 3264 3089 τῶν
3311 3032 3622 3108 μελλόντων
3672 3029 3819 3088 ἐλπί-

445 3117 681 3190 futuris,
709 3119 866 3199 quod
894 3118 1176 3180 nimirum
1206 3128 1485 3199 receptus
1516 3117 1576 3179 in
1614 3135 1872 3198 superna
1904 3115 2094 3177 taber-

2180 3125 2276 3191 ζει,
2339 3119 2420 3175 ὅτι
2478 3117 2569 3192 δὴ,
2631 3121 2703 3182 εἷς
2762 3122 2859 3185 τὰς
2904 3121 3013 3178 ἅνω
3065 3125 3268 3190 σκηνὰς
3305 3126 3574 3202 γεγονὼς,
3608 3124 3703 3178 ὒπὸ
3730 3122 3817 3188 τὴν

447 3206 684 3284 nacula,
714 3226 954 3291 semper
984 3207 1095 3270 sub
1113 3209 1217 3272 Dei
1253 3209 1364 3270 erit
1387 3204 2094 3288 protectione.Quemad-

2180 3210 2339 3266 αὐτοῦ
2395 3207 2478 3265 διὰ
2523 3212 2721 3276 παντὸς
2754 3214 3037 3290 γενήσεται
3089 3213 3317 3282 σκέπην.
3356 3212 3584 3293 ’.Ωσπερ
3624 3213 3720 3291 γὰρ
3773 3211 3820 3266 oi

449 3268 689 3358 modum
725 3268 886 3359 enim
948 3300 1046 3378 qui
1091 3299 1308 3362 festum
1342 3268 1576 3380 aliquod
1610 3295 1798 3361 acturi
1829 3303 1989 3371 sunt,
2026 3314 2094 3356 eo

2180 3297 2469 3372 μέλλοντες
2519 3268 2790 3359 ἐπιτελεῖν
2819 3268 3035 3382 ἐοιρτην,
3252 3268 3317 3359 ’τέ
3368 3269 3456 3359 καὶ
3638 3268 3822 3379 Ιθύραις

441 3386 565 3466 jam
595 3405 716 3467 pra:
747 3387 971 3449 foribus
1019 3387 1363 3462 exsistente,
1393 3385 1767 3468 jucunditale
1796 3403 1862 3448 ac
1895 3384 2094 3446 laztitia

2180 3386 2401 3466 ἔχοντες
2449 3390 2636 3470 αὒτὴν,
2668 3390 3207 3468 προαναπίμπλανται
3247 3389 3534 3466 θιομηδίας,
3586 3393 3673 3449 καὶ
3727 3391 3817 3456 τὴν

445 3475 698 3557 quadam
734 3476 1202 3557 perfunduntur,
1238 3486 1297 3540 et
1325 3477 1484 3559 quod
1514 3474 1779 3538 nondum
1835 3491 2094 3554 praesens

2180 3477 2328 3533 οῧπω
2357 3481 2628 3556 παροῦσαν
2653 3482 2726 3544 ὡς
2781 3480 2884 3548 ἤδη
2917 3489 3185 3561 παροῦσαν
3240 3484 3429 3558 ὁρῶσιν
3467 3501 3482 3515 ·
3549 3480 3683 3538 οῧτω
3738 3479 3822 3536 καὶ

447 3566 615 3648 quasi
649 3585 912 3647 praesens
948 3567 1258 3630 intuentur
1289 3585 1303 3631 :
1338 3568 1427 3629 sic
1485 3566 1661 3629 etiam
1715 3570 1924 3637 sancti,
1961 3582 2092 3624 cum

2180 3569 2225 3622 οἱ
2267 3566 2436 3647 ἅγιοι,
2484 3570 2729 3648 χρηστὰς
2763 3570 2984 3650 ἔχοντες
3037 3569 3252 3635 ἐλπίδας
3283 3570 3370 3628 ἐπὶ
3427 3577 3497 3648 τῇ
3557 3569 3816 3646 μελλούσῃ

449 3657 640 3720 bonas
664 3675 800 3736 spes
833 3656 1093 3719 habeant
1141 3658 1216 3720 de
1273 3658 1466 3719 futura
1521 3655 1660 3732 vita,
1695 3655 1968 3716 laztartur
2017 3655 2094 3714 de

2180 3661 2313 3735 ἷιωῇ,
2345 3659 2620 3736 χαίρουσιν
2649 3657 2735 3716 ἔπ’
2767 3660 2926 3738 etB-ci}.
2960 3663 3229 3741 Πτέρυγας
3284 3659 3339 3716 δὲ
3384 3659 3548 3717 καλεῖ
3609 3661 3702 3723 τὰς
3733 3664 3818 3714 τοῦ

450 3749 597 3830 ipsa.
634 3746 777 3809 Alas
805 3766 944 3808 vero
975 3747 1234 3830 appellat
1289 3746 1686 3811 Providentia;
1735 3744 1954 3806 divinas
1986 3761 2090 3822 po-

2180 3751 2308 3802 Θεοῦ
2337 3751 2691 3824 προνοητικὰς
2744 3748 2990 3825 δυνάμεις
3027 3769 3042 3789 ⁸
3099 3749 3187 3830 ὑφ’
3247 3749 3307 3815 ἃς
3338 3753 3592 3807 σκὲπεται
3625 3750 3652 3805 ὁ
3699 3752 3814 3804 θεο-

451 3845 764 3901 testatem:
801 3855 834 3899 a
890 3856 1005 3919 qua
1062 3846 1252 3900 tectus
1301 3835 1496 3899 omnis
1528 3837 1634 3899 Dei
1668 3853 1874 3897 amans
1933 3852 2091 3894 nun-

2180 3833 2360 3915 φιλὴς,
2429 3835 2696 3911 μηδέποτε
2753 3845 2851 3907 τῆς
2911 3845 3116 3908 σκηνῆς
3174 3841 3473 3920 ἀναχωρῶν
3523 3849 3615 3898 τοῦ
3659 3837 3786 3894 Θεοῦ

448 3945 624 4008 quam
657 3945 727 3989 ex
771 3925 1154 3990 tabernaculo
1207 3925 1317 3990 Dei
1367 3925 1626 4006 excedit,
1659 3923 1764 3987 sed
1797 3924 1856 3986 in
1912 3929 2091 3984 aeter-

2180 3923 2311 3984 ἂλλὰ
2340 3923 2410 3981 δι’
2446 3927 2633 3994 αἰῶνος
2667 3927 2718 3986 ὲν
2754 3931 2887 4007 αὑτῇ
2915 3935 3204 3993 κατοικῶν.

451 4035 594 4078 num
627 4015 686 4078 in
713 4017 833 4098 ipsa
868 4024 1200 4099 permanet.

880 4179 962 4241 Et
988 4179 1191 4242 adhuc
1220 4178 1286 4240 in
1319 4177 1500 4241 verba
1535 4199 1549 4236 :
1590 4202 1615 4232 α
1648 4175 1887 4238 Dedisti
1907 4173 2332 4239 hoereditatem
2357 4179 2705 4242 timentibus
2735 4197 2955 4243 nomen
2985 4187 3187 4262 tuum,
3228 4205 3253 4236 ι»
3290 4189 3404 4242 etc.

534 4341 780 4402 Eusebii
810 4347 867 4402 et
909 4339 1253 4402 Athanasii.
1283 4337 1608 4401 Sciendum
1644 4353 1846 4418 porro,
1879 4351 2014 4396 esse
2039 4335 2094 4396 in

2267 4335 2512 4396 Εὗσεϐίου
2599 4343 2685 4397 καὶ
2773 4342 3115 4404 Ἀθανασίου.
3197 4341 3391 4400 ’ἰστέον
3473 4342 3682 4416 μέντοι,
3773 4338 3848 4394 ei!

455 4430 549 4491 his
579 4430 776 4492 verbis
813 4430 1125 4492 obscuram
1183 4429 1673 4509 signiﬁcationem
1727 4442 1882 4488 νει-ω
1923 4423 2086 4498 illius

2185 4434 2347 4484 ταῦτα
2403 4427 2635 4507 αἴνιγμα
2695 4431 2812 4511 ἔχει
2875 4434 2961 4488 καὶ
3006 4435 3102 4500 τῆς
3157 4431 3386 4497 ἀληθοῦς
3446 4429 3824 4508 κληρονομίας.

456 4518 841 4583 hmreditatis.
869 4521 950 4582 Ea
973 4539 1110 4581 vero
1143 4528 1232 4580 est
1263 4519 1377 4579 vita
1406 4529 1628 4580 aeterna
1683 4521 1797 4584 Sed
1835 4537 1966 4582 cum
1989 4523 2094 4583 ista

2187 4516 2328 4584 Αὕτη
2386 4515 2441 4573 δέ
2495 4519 2638 4576 ἐστιν
2700 4522 2908 4587 αἶώνιος
2984 4523 3120 4593 ζωή.
3185 4520 3352 4577 Ἀλλὰ
3413 4522 3524 4596 μὴν
3585 4519 3714 4583 αὕτη
3779 4517 3828 4572 ἐν

455 4609 694 4671 demum
720 4611 780 4671 in
804 4609 1000 4672 futuro
1027 4610 1242 4672 saeculo
1271 4609 1467 4670 danda
1499 4610 1598 4684 sit,
1633 4613 1930 4690 quomodo
1961 4629 2094 4691 ergo

2186 4613 2263 4677 τῴ
2292 4605 2542 4681 μέλλοντι
2572 4611 2718 4666 αἰῶνι
2763 4607 3042 4677 δοθήσεται
3085 4627 3100 4642 ⁶
3156 4613 3268 4676 πῶς
3319 4610 3408 4667 οὗν
3453 4614 3604 4684 εἷπε,
3657 4605 3826 4663 Λέδω-

456 4698 538 4758 ait
560 4700 766 4774 David,
795 4698 1063 4763 Dedisti?
1088 4698 1224 4762 Ideo
1244 4699 1548 4772 nimirum,
1573 4699 1710 4780 quia
1731 4700 1872 4762 licet
1894 4719 1964 4763 ea
1999 4721 2094 4762 ex-

2190 4718 2288 4758 κας
2319 4716 2335 4769 ;
2371 4695 2529 4766 ”Οτι,
2581 4701 2624 4755 εἰ
2674 4702 2762 4757 καὶ
2795 4700 3150 4780 προσδοκᾶται
3183 4701 3318 4775 μετὰ
3371 4700 3471 4766 τὴν
3517 4699 3822 4768 ἀνάστασιν,

455 4797 758 4869 spectetur
813 4803 946 4870 post
992 4790 1516 4869 resurrectionem,
1549 4789 1684 4850 data
1734 4798 1934 4852 tamen
1982 4799 2094 4870 est,

458 4878 594 4958 quia
619 4878 743 4956 jam
778 4879 918 4940 olim
955 4887 1156 4960 parata
1186 4878 1368 4940 estiis
1401 4879 1500 4958 qui
1525 4897 1630 4940 suo
1665 4887 1936 4958 tempore
1966 4898 2096 4941 eam

459 4975 596 5028 sunt
625 4967 919 5050 adepturi.
979 4966 1247 5032 Observa
1288 4976 1512 5040 autem,
1545 4967 1722 5029 etiam
1759 4967 2101 5031 timentibus

463 5060 649 5122 Deum
685 5057 877 5119 datam
911 5077 1045 5120 esse
1076 5057 1507 5119 hereditatem.
1541 5059 1601 5118 Si
1638 5057 1836 5139 itaque
1874 5059 1966 5120 his
1997 5057 2100 5137 qui

463 5147 638 5226 longe
669 5147 986 5210 inferiores
1017 5158 1153 5209 sunt
1185 5166 1254 5209 ea
1284 5148 1420 5211 data
1451 5156 1575 5210 est:
1604 5149 1788 5210 multo
1808 5168 1952 5228 ergo
1979 5169 2072 5210 ma

461 5239 548 5315 gis
579 5237 652 5298 iis
681 5237 787 5314 qui
820 5237 994 5315 longe
1021 5238 1199 5300 altius
1229 5239 1734 5319 conscenderunt,
1762 5240 1872 5302 hoc
1897 5248 1985 5302 est
2007 5238 2104 5300 di-

462 5327 781 5405 ligentibus
802 5325 1190 5400 Deum.Quod
1213 5347 1351 5389 vero
1381 5328 1693 5391 indeﬁnite
1711 5328 2103 5410 dixit,timen-

467 5415 648 5492 tibus,
687 5435 797 5480 nec
827 5417 1060 5478 addidit
1118 5417 1336 5480 Judaais
1393 5426 1492 5480 aut
1549 5418 1848 5496 gentibus,
1877 5437 1946 5480 eo
1979 5419 2108 5499 ipso

465 5505 744 5588 expandit
772 5506 1025 5588 gratiam
1059 5524 1223 5569 suam
1257 5525 1438 5588 super
1461 5507 1774 5570 universos
1803 5508 2104 5570 homines.

545 5623 789 5691 s‘Joan.
819 5644 938 5703 xw,
972 5626 1051 5706 6;
1085 5643 1146 5703 Χ,
1181 5627 1242 5690 9.

551 5750 677 5832 (87)
712 5749 864 5814 Vide
894 5751 1172 5832 superius
1216 5747 1277 5810 in
1307 5747 1830 5828 Expositionibus.

2183 4783 2318 4842 ἀλλά
2350 4807 2410 4864 γε
2443 4795 2520 4862 τῷ
2551 4786 2652 4856 ἤδη
2686 4789 3061 4867 επόπρέπεσθαι,
3099 4788 3303 4847 δέδοται
3347 4801 3467 4849 τοϊς
3503 4788 3667 4854 αὒτὴν
3700 4782 3827 4840 κατὰ

2185 4878 2366 4952 καιρὸν
2398 4878 2486 4931 τὸν
2518 4875 2702 4936 δέοοτα
2753 4879 3117 4955 ληψομένοις.
3167 4879 3315 4956 ’Ὅρα
3368 4877 3446 4952 δὲ,
3483 4877 3566 4933 ὅτι
3600 4877 3687 4931 καὶ
3717 4886 3824 4934 τοῖς

2185 4963 2529 5044 φοϐουμένοις
2573 4971 2664 5024 τὸν
2717 4973 2848 5026 Θεὸν
2914 4967 3120 5026 δέδοται
3180 4971 3214 5037 ἡ
3267 4967 3624 5042 κληρονομία.
3661 4966 3716 5022 Εἰ
3745 4962 3826 5020 οὖν

2187 5054 2368 5119 αὔτοῖς
2412 5055 2806 5137 ὖποδεεστέροις
2864 5062 3004 5133 οὖσι,
3063 5057 3254 5132 πολλῷ
3307 5057 3470 5114 πλέον
3500 5069 3623 5118 τοῖς
3668 5056 3825 5126 omp-

2188 5141 2598 5226 αναϐεϐηκὸσιν,
2633 5149 2809 5206 εἴτουν
2843 5149 3091 5227 ἀγαπῶσι
3140 5149 3231 5204 τὸν
3267 5148 3419 5208 Θεόν,
3448 5145 3746 5222 Ἀορίστως
3776 5139 3825 5196 δὲ

2189 5235 2378 5312 εἰπὼν,
2406 5247 2524 5299 τοῖς
2583 5235 2957 5316 φοϐουμένοις,
2996 5239 3086 5294 καὶ
3117 5237 3177 5294 οὗ
3209 5237 3478 5314 προσθεὶς,
3534 5231 3823 5306 Ἰουδαίοις,

2193 5324 2228 5391 ἢ
2262 5321 2560 5399 ”Ελλησιν,
2596 5325 2813 5393 ἤπλωσε
2859 5328 2958 5394 τὴν
3015 5328 3176 5407 χάριν
3235 5326 3321 5383 ἐπὶ
3369 5325 3572 5385 πάντας
3631 5319 3825 5398 ἀνθρώ-

2192 5435 2321 5476 πους
2358 5431 2372 5445 ⁸
2408 5413 2644 5486 μάλιστα
2674 5415 2727 5472 δὲ
2758 5417 2879 5481 τοὺς
2932 5416 2984 5483 ἐξ
3017 5417 3177 5474 ἐθνῶν
3229 5411 3570 5493 προσιόντας,
3631 5407 3823 5490 φοϐου-

2191 5504 2381 5580 μένους
2411 5504 2504 5560 τὸν
2554 5506 2764 5587 Κύριον,
2796 5507 2983 5564 εἴωθεν
3034 5503 3333 5563 ἀποκαλεῖν
3385 5505 3412 5559 6
3458 5499 3644 5580 λόγος.
3707 5500 3824 5553 Ποία

2278 5751 2401 5832 (88)
2431 5749 2511 5811 Ita
2544 5750 2666 5813 fere
2697 5751 2758 5814 in
2791 5745 3304 5834 Expositionibus
3333 5760 3536 5826 supra.
