4062 6216
301 286 410 350 573

1241 287 1717 351 FRAGMENTA
1764 287 2155 351 COMMENT.
2206 291 2288 352 IN
2335 292 2696 355 PSALMOS.

3540 300 3654 364 574

295 434 345 491 δὲ
375 437 410 503 ἡ
443 434 770 513 κληρονομία
812 433 937 492 ἂλλ¹
983 434 1020 503 ἢ
1049 436 1084 502 ἡ
1117 433 1358 510 βασιλεία
1399 436 1505 494 τῶν
1557 436 1814 515 οὓρανῶν;
1863 429 1907 497 ἢ

2015 421 2156 516 Dum
2182 423 2390 503 primis
2407 435 2630 516 autem,
2651 434 2928 490 timentes
2947 431 3138 492 Deum
3170 432 3321 494 solet
3348 434 3656 516 appellare

290 528 343 579 iv
367 537 486 590 τοϊς
521 537 882 602 μακαρισμοῐς
915 522 1134 602 εἴρηγιν
1161 527 1188 580 6
1214 525 1430 602 Σωτήρ.

2015 511 2347 592 Scriptura,
2375 515 2476 596 qui
2526 534 2594 576 ex
2645 516 2921 596 gentibus
2951 521 3268 582 accedunt.
3321 511 3460 594 Quae
3513 544 3654 588 vero

2007 601 2123 664 alia
2153 603 2467 694 hzereditas
2499 617 2612 679 est,
2639 625 2812 687 quam
2843 626 3091 688 regnum
3123 610 3407 673 caelorum
3429 612 3454 676 ?
3475 632 3652 694 quam

2008 698 2186 754 etiam
2216 692 2278 756 in
2311 693 2696 757 beatitudinis
2727 697 3051 761 celebravit
3083 700 3372 765 Salvator.

870 864 956 929 Et
988 864 1054 926 in
1085 862 1403 945 sequentia
1435 881 1451 928 :
1491 884 1520 919 α
1547 863 1722 927 Diem
1743 876 1936 944 supra
1963 854 2130 916 diem
2160 857 2330 938 regis
2361 873 2647 937 oppones,
2690 881 2714 914 υ
2751 864 2894 940 etc.,
2917 878 2976 923 υ.
3011 861 3064 921 7.

352 1025 486 1106 (89)
551 1025 817 1100 Εὖσεόίου,
878 1023 1190 1084 Ἀθανασίου
1235 1075 1251 1101 ,
1317 1025 1591 1100 Κυρίλλου.
1670 1025 1805 1104 Πρὸς
1864 1021 1918 1079 δὲ

273 1124 386 1174 νοῦν
433 1117 689 1194 σημαίνει
747 1120 774 1174 6
835 1115 1021 1194 λόγος,
1072 1118 1143 1181 ὠς
1200 1119 1289 1174 καὶ
1345 1124 1501 1176 τοῦτο
1559 1119 1717 1194 μέρος
1778 1113 1918 1182 κλη-

271 1208 518 1287 ρονομίας
564 1209 707 1264 εστὶν
765 1209 798 1276 ἡ
855 1208 1066 1271 αἰώνιος
1123 1208 1260 1279 ζωή.
1321 1214 1490 1266 Τοῦτο
1530 1208 1630 1286 γάρ
1688 1206 1797 1262 ἐστι
1857 1206 1918 1261 τὸ

271 1298 468 1377 ἡμέρας
498 1299 718 1376 ἡμερῶν
749 1310 866 1362 τοῖς
899 1297 1038 1354 ἔτεσι
1067 1305 1160 1354 τοῦ
1188 1296 1453 1374 βασιλέως
1486 1301 1920 1376 προσθῇναιΣη-

270 1389 439 1462 μαίνει
470 1387 575 1466 γάρ
607 1386 694 1443 διὰ
722 1394 828 1444 τῶν
857 1389 1069 1466 ἡμερῶν
1100 1388 1330 1464 χρόιιοδς
1375 1388 1522 1452 τινὰς
1580 1387 1664 1442 καὶ
1698 1386 1915 1448 αἰῶνας,

271 1480 351 1545 Μὴ
377 1473 662 1553 ὑπολάϐῃς
692 1474 773 1549 δὲ,
805 1477 883 1533 ὅτι
906 1478 1030 1554 περὶ
1060 1476 1174 1540 ἑνός
1205 1498 1348 1540 τινος
1380 1473 1645 1553 βασιλέως
1675 1475 1742 1530 τὰ
1770 1475 1917 1530 τοιά-

266 1565 314 1622 δε
344 1567 530 1645 φησίν*
581 1566 696 1622 ἔσθι
722 1563 778 1622 δὲ
820 1564 1048 1639 μᾶλλον,
1083 1565 1163 1622 ὅτι
1196 1569 1314 1644 περὶ
1355 1569 1555 1628 παντὸς
1583 1572 1678 1622 τοῦ
1712 1564 1918 1633 κεκλη-

263 1655 414 1731 μένου
447 1657 524 1721 εἱς
555 1653 833 1732 βασιλείαν
875 1655 1129 1733 οὓρανῶν·
1177 1653 1234 1713 ὅν
1293 1656 1380 1712 καὶ
1441 1652 1709 1729 διαμένειν
1757 1654 1917 1734 φησὶν

263 1748 331 1804 εἷς
377 1747 470 1801 τὸν
524 1747 701 1802 αἰῶνα
757 1745 984 1802 ἐνώπιον
1028 1752 1121 1803 τοῦ
1179 1752 1334 1808 Θεοῦ.
1367 1747 1428 1804 Οἱ
1483 1744 1583 1823 γάρ
1608 1745 1914 1823 σύμμορφον.

265 1837 534 1913 γενόμενοι
611 1842 720 1892 τῶν
789 1835 1115 1910 παθημάτων
1171 1837 1327 1892 αὗτοῦ
1387 1835 1476 1891 καὶ
1549 1831 1912 1908 συμϐασιλεῦ-

2085 1017 3205 1100 Εαεθὸίἰ,ΑιΙιαιιαεὶἰ,6ῃνὶἰὶἱ,8θῐιευε
3219 1043 3356 1087 vero
3379 1025 3657 1106 spiritua-

2003 1106 2078 1170 lis
2109 1116 2237 1170 est:
2273 1107 2538 1171 indicant
2569 1110 2695 1170 haec
2728 1109 2926 1187 verba,
2954 1113 3112 1193 quod
3137 1115 3311 1176 etiam
3348 1117 3474 1178 hac
3506 1137 3653 1197 por-

2004 1199 2084 1261 tio
2125 1197 2488 1260 haereditatis
2543 1199 2656 1260 vita
2711 1207 2935 1263 zeterna
2986 1201 3084 1266 sit.
3139 1203 3264 1265 Hoc
3314 1206 3473 1267 enim
3531 1218 3648 1282 est,

2001 1290 2176 1351 annis
2210 1288 2366 1367 regis
2399 1288 2662 1368 adjicere
2692 1289 2821 1353 dies
2858 1291 3115 1357 dierum.
3150 1293 3443 1356 Denotant
3475 1315 3650 1358 nam-

2005 1397 2121 1460 que
2152 1377 2282 1440 dies
2314 1389 2585 1458 tempora
2626 1379 2897 1460 quaedam
2957 1391 3015 1444 et
3062 1385 3304 1448 saecula.
3331 1386 3483 1450 Cave
3511 1405 3651 1449 vero

2004 1487 2081 1531 ne
2114 1467 2420 1531 existimes
2455 1470 2580 1531 haec
2607 1471 2742 1532 talia
2787 1471 2862 1533 de
2909 1472 3108 1554 aliquo
3136 1493 3276 1554 rege
3307 1475 3426 1537 dici
3455 1495 3467 1539 :
3515 1477 3652 1557 quin

2004 1559 2198 1640 potius
2227 1558 2376 1620 scito
2410 1559 2534 1621 haec
2559 1560 2633 1621 de
2685 1561 2984 1638 omnibus,
3019 1567 3116 1642 qui
3152 1565 3212 1626 in
3244 1583 3490 1643 regnum
3544 1569 3650 1630 Dei
3755 1625 3764 1632 .

2005 1656 2313 1722 Vocantur,
2346 1649 2701 1730 accipienda
2754 1669 2932 1713 esse:
2997 1672 3145 1732 quos
3203 1655 3411 1736 utique
3467 1657 3647 1718 etiam

2002 1757 2426 1820 permansuros
2458 1740 2539 1803 ait
2577 1741 2639 1802 in
2699 1751 2989 1805 aeternum
3023 1744 3084 1805 in
3144 1754 3466 1827 conspectu
3513 1747 3644 1812 Dei.

2000 1828 2112 1902 Qui
2145 1830 2304 1892 enim
2326 1831 2664 1892 conformes
2683 1831 2900 1894 redditi
2920 1844 3060 1895 sunt
3088 1835 3462 1916 passionibus
3488 1839 3645 1920 ejus,

263 1946 430 1983 σουσιν
480 1927 634 2000 αὒτῷ
688 1923 970 1993 διηνεκῶς,
1024 1926 1299 2004 Προειπὼν
1333 1925 1515 2001 μὲντοι
1570 1925 1907 2004 ὸΠροφήτης,

2001 1919 2040 1980 ii
2071 1919 2406 2000 regnabunt
2430 1939 2666 2003 quoque
2693 1941 2826 1984 cum
2863 1924 2988 2004 ipso
3014 1924 3073 1985 in
3107 1919 3644 2006 perpetuum.Quia

264 2014 335 2072 ὖτι
385 2016 483 2090 Σὺ,
518 2017 548 2072 ὃ
583 2017 744 2088 Θεὸς,
825 2017 1138 2086 εἰσήκουσας
1200 2021 1304 2070 τῶν
1353 2015 1528 2093 εὑχών
1599 2036 1723 2094 μου,
1797 2013 1907 2070 καθ’

2000 2010 2178 2087 igitur
2209 2011 2506 2092 Propheta
2533 2012 2837 2092 praemisit,
2874 2015 3008 2096 quia
3049 2015 3161 2092 Tu,
3198 2035 3232 2077 o
3265 2016 3422 2078 Deus
3451 2036 3642 2093 meus,

261 2104 548 2186 ὑπερϐατὸν
571 2107 783 2182 ωνῆψε
812 2106 896 2168 τό.
931 2104 1164 2184 Ἠμέρας
1196 2103 1276 2184 ἐφ’
1309 2103 1510 2183 ἤμὲρας
1534 2104 1626 2160 τοῦ
1655 2102 1916 2181 βασιλέως

267 2197 612 2274 προσθήσεις.
637 2194 920 2259 "onma;
955 2196 1074 2275 γὰρ,
1105 2196 1255 2274 φησὶ,
1286 2200 1393 2250 τῶν
1422 2192 1598 2274 εὒχῶν
1625 2216 1748 2270 μου.
1774 2192 1914 2269 ἡμὲ-

267 2307 348 2366 ρσς
390 2284 715 2365 ἐφ’ἡμέρας
775 2285 1131 2362 προσέθηκας.
1172 2285 1270 2340 Διὰ
1327 2283 1492 2359 μέσου
1546 2283 1600 2339 δὲ
1658 2281 1915 2354 ἐνεϐλήθη

264 2377 294 2443 ἦ
323 2377 433 2456 περὶ
464 2382 576 2432 τῶν
612 2374 956 2456 Ῡοϐουμένων
986 2377 1048 2432 τὸ
1079 2375 1248 2450 ὄνομα
1281 2373 1466 2452 Κυρίου
1495 2374 1709 2448 μνήμη·
1733 2371 1916 2440 ἐπειδὴ

260 2468 342 2524 καὶ
382 2468 571 2530 αὐτοῖς
631 2465 958 2545 ἐπήγγελται
1011 2466 1108 2533 τὴν
1166 2463 1524 2543 κληρονομίαν
1603 2463 1640 2530 ἦ
1698 2485 1916 2542 προφη-

265 2557 384 2619 τεία,
422 2549 513 2614 Ἠν
550 2554 614 2612 δὲ
645 2557 681 2625 ἡ
717 2557 922 2621 αἰώνιος
949 2556 1087 2626 ζωή.

2001 2100 2290 2162 exaudisti
2355 2119 2564 2180 preces
2624 2120 2821 2178 meas;
2884 2104 3105 2185 adjecit
3163 2124 3270 2186 per
3317 2107 3643 2186 quemdam

2000 2189 2317 2252 verborum
2353 2193 2663 2272 trajectum
2693 2192 3010 2262 illud.Dies
3040 2195 3112 2256 ad
3143 2195 3274 2258 dies
3297 2195 3454 2275 regis
3480 2197 3642 2277 adji-

1998 2279 2142 2342 cies.
2191 2279 2362 2352 Nam,
2397 2278 2610 2360 inquit,
2653 2280 2787 2360 quia
2843 2282 3134 2345 exaudisti
3193 2301 3400 2362 preces
3453 2303 3638 2359 meas,

1999 2367 2291 2431 addidisti
2344 2369 2476 2431 dies
2524 2387 2705 2450 supra
2758 2369 2908 2434 dies.
2945 2373 3304 2454 Interposita
3359 2393 3495 2436 vero
3554 2383 3647 2437 est

2003 2460 2156 2521 inter
2185 2458 2313 2521 haec
2347 2458 2568 2520 mentio
2601 2460 2936 2523 timentium
2969 2481 3187 2525 nomen
3234 2463 3646 2547 Domini,quia

2002 2549 2174 2610 etiam
2234 2547 2362 2610 istis
2417 2567 2451 2610 a
2498 2550 2796 2630 Propheta
2841 2552 3133 2632 promissa
3173 2565 3264 2618 est
3295 2554 3640 2621 haereditas.

1999 2635 2137 2700 Haec
2164 2655 2306 2700 vero
2339 2644 2433 2702 est
2464 2639 2582 2701 vita
2611 2647 2858 2707 aeterna.

836 2804 920 2869 Et
945 2805 1151 2868 adhuc
1180 2804 1247 2867 in
1276 2808 1624 2886 sequentem
1645 2818 1888 2867 versum
1919 2818 1934 2864 :
1975 2822 2004 2855 cr
2039 2800 2424 2864 Permanebit
2454 2801 2519 2863 in
2545 2801 2854 2877 sarculum.
2889 2829 2906 2861 τ
2943 2810 3058 2868 etc.

340 2965 457 3046 (90)
508 2965 860 3031 Ἀθανάσιος,
899 2964 986 3033 Ἐξ
1015 2969 1352 3046 ἀναστροφῆς
1405 2965 1462 3024 δὲ
1519 2968 1549 3022 6
1595 2965 1780 3045 λόγος,
1811 2961 1902 3020 ἵνα

2075 2961 2450 3026 Athanasius.
2473 2961 2709 3026 Inversa
2753 2971 2843 3025 est
2869 2968 3097 3029 oratio:
3138 2965 3270 3028 talis
3317 2974 3476 3031 enim
3504 2988 3638 3033 esse

270 3061 300 3132 ᾗ
346 3065 602 3123 τοιοῦτος.
675 3055 741 3115 Εἴ
789 3079 876 3122 τις
948 3055 1232 3128 ὲκζητάσει
1284 3058 1345 3114 τὸ
1399 3057 1546 3122 ἔλεος
1594 3059 1754 3116 αὗτοῦ
1823 3055 1912 3110 καὶ

269 3147 351 3214 τὴν
390 3147 676 3227 ἀλήθειαν,
731 3146 882 3209 οὗτος
945 3145 1000 3203 ἒν
1036 3160 1153 3211 τοῖς
1211 3145 1584 3218 ἀτελευτήτοις
1614 3142 1908 3202 αἰῶσιδιὰ-

271 3251 408 3308 μενεῖ
435 3237 688 3295 ἔπώπιον
716 3246 809 3295 τοῦ
839 3243 991 3298 Θεοῦ.
1047 3243 1212 3294 Τοῦτο
1246 3236 1300 3292 δὲ
1330 3237 1651 3316 σαφέστερον
1697 3237 1724 3291 6
1756 3235 1909 3310 Σύμ-

277 3348 436 3406 μαχος
482 3327 856 3406 ἡρμήνευσεν⁸
893 3324 1105 3388 ’Ἔλεος
1146 3327 1234 3382 καὶ
1291 3324 1516 3396 ἀλήθεια
1547 3324 1907 3394 διατηρήσοο-

274 3437 344 3470 σιν
371 3418 538 3479 αὐτόν,
578 3424 764 3475 Ταῦτα
797 3417 897 3496 γὰρ
940 3418 1036 3483 τῆς
1068 3415 1348 3479 ἀθανασίας
1383 3420 1524 3489 αὖτῷ
1551 3414 1700 3471 ἔσται
1734 3412 1909 3486 αἴτια,

272 3507 324 3560 τὸ
375 3514 462 3562 τοῦ
513 3514 659 3564 Θεοῦ
714 3505 865 3570 ἔλεος
898 3507 984 3563 καὶ
1014 3509 1048 3574 ἡ
1081 3505 1324 3576 ἀλήθεια.
1364 3506 1478 3564 Καᾶι
1521 3503 1577 3561 δὲ
1621 3505 1744 3568 τοὺς
1775 3501 1911 3564 Ἐϐ-

1993 3049 2211 3114 debet:
2265 3052 2622 3134 Quicunque
2690 3054 3081 3136 exquisiverit
3158 3055 3636 3122 misericordiam

1995 3139 2124 3220 ejus
2153 3149 2212 3202 et
2232 3140 2571 3215 veritatem,
2602 3145 2650 3204 is
2680 3144 3048 3224 permanebit
3081 3145 3140 3208 in
3173 3159 3498 3226 conspectu
3533 3150 3638 3212 Dei

1994 3229 2054 3291 in
2086 3231 2302 3294 saecula
2326 3251 2626 3313 nunquam
2663 3234 3056 3298 terminanda.
3090 3235 3214 3298 Hoc
3247 3255 3423 3317 porro
3457 3239 3641 3318 magis

1996 3321 2307 3401 perspicue
2329 3323 2616 3403 expressit
2647 3325 3150 3404 Symmachus,sic
3173 3347 3186 3388 :
3212 3326 3636 3390 Misericordia

1993 3416 2048 3472 et
2104 3412 2332 3473 veritas
2386 3413 2724 3474 custodient
2779 3415 3000 3492 ipsum.
3068 3416 3172 3477 Hae
3224 3415 3381 3477 enim
3443 3435 3636 3480 causae

1996 3508 2195 3579 erunt,
2252 3499 2410 3578 quod
2472 3501 2599 3580 ipse
2657 3502 3156 3565 immortalitatem
3205 3514 3628 3585 consequatur,

276 3593 569 3670 δομήνοντα·
657 3597 770 3668 Τίς,
834 3597 1020 3675 φησὶν,
1056 3596 1231 3658 ,κανὺς
1303 3595 1391 3650 τὸν
1463 3592 1772 3672 κεκριμένον
1829 3587 1907 3648 καῖ

2001 3589 2106 3651 Dei
2137 3587 2546 3652 misericordia
2569 3597 2628 3652 et
2656 3593 2888 3655 veritas.
2915 3593 2989 3655 At
3019 3593 3348 3655 secundum
3381 3595 3638 3674 Septua-

275 3683 447 3741 δὲκαιον
473 3693 565 3743 τοῦ
606 3692 742 3742 Θεοῦ
799 3684 942 3741 ἔλεον
1001 3687 1331 3759 καταμαθεῖν
1393 3681 1622 3764 ἀκριϐῶς
1661 3701 1678 3758 ;
1711 3683 1786 3741 Τά
1816 3701 1907 3761 γαρ

1999 3678 2159 3758 ginta
2189 3678 2286 3739 hic
2316 3687 2405 3740 est
2434 3697 2646 3741 sensus
2673 3698 2687 3743 ε
2721 3681 2865 3754 Quis
2893 3689 3080 3762 potest
3107 3690 3382 3745 accurate
3413 3704 3636 3764 cogno-

279 3777 480 3850 κρὶμιτα
507 3775 680 3832 αὐτοῦ
708 3771 933 3840 ἄϐυσσος
969 3772 1171 3840 πολλή.

1990 3785 2160 3828 scere
2217 3768 2509 3829 occultam
2565 3777 2623 3830 et
2667 3769 2892 3850 justam
2953 3770 3061 3834 Dei
3117 3771 3636 3837 misericordiam?

1986 3855 2221 3920 Judicia
2248 3857 2407 3920 enim
2451 3859 2584 3938 ejus
2613 3857 2863 3939 abyssus
2897 3861 3107 3924 multa.

347 4025 571 4089 Exinde
603 4028 888 4117 sequitur
908 4026 1334 4103 argumentum
1358 4021 1583 4103 psalmi
1610 4037 1756 4086 Lxm
1807 4021 1886 4083 ad
1913 4020 2162 4083 verbum
2190 4028 2256 4082 ut
2287 4018 2510 4099 legitur
2559 4022 2627 4083 in
2676 4020 3210 4105 Expositionibus,
3244 4025 3498 4106 ideoque
3530 4028 3631 4107 ip-

280 4122 388 4168 sum
408 4109 946 4186 praetermisimus.

939 4208 1094 4274 Item
1124 4212 1190 4273 in
1211 4211 1326 4274 illa
1347 4210 1570 4274 verba:
1606 4230 1630 4267 α
1657 4210 1776 4286 Qui
1805 4216 2100 4273 acuerunl
2132 4216 2195 4269 ut
2234 4207 2534 4290 gladium,
2565 4233 2589 4264 »
2623 4217 2765 4284 eia,
2803 4227 2857 4272 υ.
2891 4213 2953 4272 4.

347 4349 454 4421 (91)
484 4350 829 4415 Ἀθανάσιος.
888 4350 1025 4427 Πρὸς
1058 4347 1114 4405 δὲ
1145 4359 1262 4408 νοῦν
1309 4349 1474 4407 ταῦτά
1515 4371 1646 4430 φησι
1700 4345 1784 4404 διὰ
1837 4348 1899 4403 τὸ

2064 4345 2454 4408 Athanasius.
2480 4347 2672 4409 Sensu
2697 4365 2830 4410 vero
2851 4348 3181 4411 secretiore
3213 4349 3492 4413 dicuntur
3507 4353 3633 4414 haec

289 4435 709 4520 βλασφημοῦντας
755 4439 940 4504 αὐτοὺς
995 4439 1086 4495 τὸν
1131 4438 1340 4506 Ἰησοῦν
1373 4437 1543 4516 λέγειν
1606 4451 1722 4503 τοτς
1763 4438 1896 4494 ἀπο-

289 4528 490 4592 στόλοις·
556 4528 970 4609 Οὖτιαραγγελίᾳ
1052 4527 1489 4607 παρηγγειλαμεν
1545 4530 1698 4603 ὑμῖν,
1755 4525 1898 4602 μηδ-

282 4619 342 4671 ενὶ
376 4617 552 4677 λαλεῖν
613 4621 700 4677 ἐπὶ
788 4624 864 4693 τῷ
947 4620 1167 4693 ὀνόματι
1239 4619 1432 4697 τούτῳς
1509 4619 1639 4679 Τοὺς
1713 4617 1894 4692 μέντοι

281 4704 438 4784 λόγους
480 4717 578 4777 τῆς
632 4706 889 4774 διαϐολῆς
946 4708 1209 4787 ῥομφαίαν
1271 4706 1617 4781 ἡκονημὲνην
1671 4707 1892 4781 ὠνόμα-

283 4817 376 4877 σεν,
439 4801 527 4855 ’ἕνα
587 4797 730 4874 δείξῃ
787 4800 846 4854 τὸ
919 4797 1155 4874 ὀξύτερον
1234 4798 1368 4874 πρὸς
1443 4795 1726 4874 ἂναέρεσιν·
1810 4795 1895 4851 καὶ

287 4885 397 4959 τὸξῳ
458 4890 551 4956 τὴν
610 4887 858 4967 γλῶσσαν
927 4894 1018 4943 τοῦ
1106 4887 1433 4965 συκοφάντου
1525 4886 1840 4963 παρείκασεν
1876 4932 1894 4957 ,

283 4972 305 5027 ὅ
376 4999 420 5032 τι
498 4981 583 5034 καὶ
667 4978 788 5041 τούς
873 4975 1052 5054 πὸρῤω
1155 4975 1404 5052 βλάπτει.
1492 4973 1712 5038 Οὐδενὸς
1796 4975 1895 5054 γὰρ

283 5065 381 5120 οὔτε
434 5071 688 5141 παρόντος
757 5066 875 5123 οὔτε
934 5066 1165 5128 απόντος
1225 5068 1252 5120 ὁ
1315 5062 1558 5143 λοίδορος
1604 5069 1690 5121 καὶ
1741 5086 1895 5121 συκο-

286 5155 458 5231 ἢάπης
511 5157 738 5238 φείδεται
749 5205 763 5219 ,

1986 4439 2043 4496 in
2074 4435 2415 4498 Judaaorum
2455 4437 2774 4517 principes.
2814 4455 2884 4499 eo
2938 4439 3095 4519 quod
3127 4439 3533 4518 blasphemiae
3569 4442 3629 4502 in

1979 4522 2188 4588 Jesum
2216 4525 2533 4606 jacientes,
2570 4524 2844 4589 dicerent
2874 4529 3196 4606 apostolis:
3232 4527 3444 4592 Nonne
3472 4549 3628 4611 prce.

1980 4616 2266 4694 cipiendo
2297 4617 2686 4694 praecipimus
2738 4616 2925 4691 vobis,
2957 4635 3034 4679 ne
3079 4619 3370 4682 doceretis
3402 4621 3465 4682 in
3518 4639 3634 4682 no-

1979 4707 2141 4767 mine
2172 4707 2292 4767 ἱείο
2321 4705 2372 4746 35
2395 4707 2427 4766 9
2455 4703 2655 4768 Verba
2696 4705 2896 4786 itaque
2928 4707 3317 4777 calumniosa,
3356 4709 3627 4790 appella-

1979 4795 2057 4854 vit
2114 4794 2476 4872 romphaaam
2528 4802 2786 4867 acutam,
2822 4804 2883 4856 ut
2943 4797 3152 4857 innuat
3185 4806 3242 4858 et
3272 4799 3402 4877 ipsa
3457 4808 3632 4862 acuta

1982 4901 2114 4945 esse
2141 4890 2200 4946 et
2229 4883 2404 4944 facile
2429 4885 2749 4963 perimere.
2779 4887 3061 4960 Linguam
3087 4904 3224 4948 vero
3255 4889 3632 4969 sycophanta)

1979 4974 2340 5052 comparavit
2373 4973 2616 5051 sagitta),
2650 4991 2720 5034 eo
2747 4974 2904 5054 quod
2938 4974 3113 5036 etiam
3149 4976 3321 5056 longe
3353 4977 3629 5040 absentes

1976 5061 2172 5125 laedat.
2208 5061 2531 5124 Maledicus
2590 5063 2746 5123 enim
2783 5072 2839 5125 et
2872 5065 3241 5144 sycophanta
3301 5065 3471 5141 nulli,
3509 5085 3622 5129 nec

1977 5152 2278 5234 praesenti,
2319 5169 2426 5213 nec
2457 5151 2688 5214 absenti
2719 5152 2934 5233 parcit.

639 5316 789 5379 Item
816 5318 886 5381 in
911 5314 1027 5378 illa
1052 5313 1278 5396 psalmi
1308 5314 1596 5395 ejusdem,
1631 5337 1654 5372 α
1684 5313 2051 5378 Conturbati
2070 5321 2216 5376 sunt
2246 5330 2452 5376 omnes
2483 5318 2590 5393 qui
2619 5314 2770 5390 vid.,
2809 5344 2832 5373 ν
2868 5322 3011 5392 eto.,
3041 5333 3097 5378 υ.
3137 5317 3235 5380 l0.

347 5441 449 5524 ι92)
497 5445 828 5515 ’Δθανᾶσιοᾴ
900 5451 960 5508 Οἱ
1002 5453 1349 5528 θεωροῦντες,
1378 5449 1531 5529 φησὶ,
1563 5449 1686 5514 τοὺς
1715 5448 1894 5504 τοιού-

348 5551 396 5594 ”
421 5559 541 5616 Act.
563 5572 622 5626 γ,
644 5557 746 5620 28.

354 5659 468 5816 ἱὸθ)
499 5659 639 5724 Vide
666 5662 726 5724 in
757 5661 1295 5743 Expositiunibus.
1506 5741 1517 5754 .
1586 5741 1599 5754 .

379 5738 464 5813 90;
490 5743 669 5816 Hujus
691 5743 810 5808 loci
838 5743 1002 5807 nulla
1030 5752 1121 5807 est
1140 5743 1599 5816 interpretation

360 5740 464 5816 (90}
490 5743 669 5821 Hujus
691 5743 810 5808 loci
838 5740 1002 5807 nulla
1030 5752 1121 5807 est
1140 5741 1560 5825 interpretatio
1583 5741 1646 5806 in
1687 5740 1892 5822 Empo-

293 5817 601 5888 titiontbus.
973 5872 975 5874 .

2068 5447 2469 5510 Athanasius.
2496 5446 2799 5530 Quotquot
2828 5449 3048 5527 vident,
3067 5450 3258 5533 inquit
3287 5449 3436 5513 tales
3464 5449 3624 5512 viros

2219 5661 2376 5756 Xide
2415 5665 2849 5756 expositionem
2885 5665 3432 5756 inqhuncjversum:

2055 5742 2189 5822 (9‘2)
2217 5741 2408 5824 Hujus
2439 5741 2554 5808 loci
2583 5746 2744 5809 nulla
2769 5754 2859 5810 est
2884 5745 3295 5828 interpretatio
3319 5749 3379 5806 in
3406 5746 3609 5828 Expo-

1973 5822 2326 5890 titionibus.

3641 5897 3697 5951 βλ
