4062 6216
396 352 514 415 575

1200 351 1259 412 S.
1309 348 1728 413 ATHANASII
1773 347 1914 408 OPP
1986 347 2194 409 PARS.
2245 347 2352 409 III.
2409 382 2474 391 ——
2528 344 2976 410 EXEGETICA.

3659 349 3776 412 576

401 487 578 549 tantis
610 487 889 551 excidere
941 483 1192 564 negotiis
1222 491 1279 546 et
1307 501 1342 546 a
1369 482 1670 564 proposito
1723 480 2027 561 aberrare,

2137 505 2240 548 τους
2301 483 2388 540 καὶ
2439 482 2719 544 τοσούτους
2791 489 2898 540 τῶν
2955 483 3370 564 ἐγχειρημάτων
3434 487 3772 565 κιαμαρτόν-

392 577 833 640 conturbantur
861 595 931 639 ac
989 573 1396 654 corripiuntur
1446 582 1630 652 metu,
1664 580 1722 636 et
1779 572 2037 633 divinam

2137 594 2215 636 τας
2249 574 2335 628 καὶ
2383 572 2793 652 ἆστοχήσαντας
2823 571 3040 651 θορύϐου
3077 576 3162 631 καὶ
3191 573 3335 637 δέους
3379 575 3727 645 ἐπλήσθησαν
3754 621 3769 652 ,

395 667 693 728 mirantur
723 664 1179 748 providentiam.
1223 665 1370 726 Dum
1403 662 1562 726 enim
1596 662 1855 725 divinam
1896 680 2029 742 pro-

397 756 716 818 tectiouem
748 755 903 836 apud
935 774 1001 817 se
1032 751 1438 832 considerant,
1465 761 1767 814 terrentur
1790 752 2041 814 horrore

395 845 577 908 divini
601 847 842 926 judicii,
875 864 942 908 ac
973 843 1315 921 intelligunt
1365 860 1576 904 omnes
1609 844 1796 905 Deum
1836 841 2038 917 fuisse,

394 935 495 1017 qui
529 935 699 996 dolos
727 943 786 997 et
819 932 1066 996 insidias
1104 950 1314 994 eorum
1351 930 1549 993 irritas
1585 930 1747 1008 fecit,
1777 949 1848 992 eo
1883 931 2042 1011 quod

395 1043 526 1104 quin
557 1034 764 1087 contra
791 1043 885 1086 me
910 1020 1435 1084 inierantconsilia
1455 1038 1603 1082 vana
1631 1019 2046 1082 demonstrata

393 1114 733 1178 sunt.Adeo
750 1123 813 1176 ut
829 1114 953 1194 jam
975 1130 1184 1174 omnes
1219 1110 1805 1190 pronuntient,tuum
1830 1110 2038 1192 fuisse,

394 1225 429 1267 ο
473 1203 748 1284 Domine,
785 1205 897 1265 hoc
952 1220 1124 1282 opus,
1159 1199 1385 1282 tibique
1442 1207 1658 1262 cuncta
1710 1197 2040 1263 ascribant.

395 1293 540 1368 Quis
569 1293 729 1356 enim
756 1311 876 1355 non
908 1297 1150 1372 metuat,
1177 1289 1282 1352 ubi
1312 1289 1471 1353 videt
1502 1289 1612 1352 Dei
1665 1287 2041 1352 animadver-

392 1389 624 1446 sionem
654 1382 718 1445 in
767 1380 1006 1463 impios,
1042 1388 1102 1444 et
1151 1380 1439 1443 ultionem
1476 1399 1583 1460 pro
1617 1379 1841 1460 injuste
1892 1381 2044 1442 actis

399 1473 644 1536 relatam
676 1476 701 1534 ?

2123 662 2209 718 καὶ
2295 664 2392 730 τὴν
2478 663 2617 719 θείαν
2717 662 3016 730 ἐθαύμασαν
3097 665 3370 743 πρόνοιαν,
3456 664 3516 722 Ἐ
3619 687 3776 744 περι-

2125 753 2238 825 νοίᾳ
2281 753 2380 832 γὰρ
2431 758 2526 829 τῇς
2569 761 2661 810 τοῦ
2706 755 2839 810 Θεοῦ
2867 751 3183 828 κηδεμονίας
3209 753 3510 831 γενόμενοι,
3541 757 3605 812 τὸ
3633 758 3778 812 θεῖον

2125 843 2394 921 κριτήριον
2473 841 2696 914 ἔδεισαν,
2760 845 2846 899 καὶ
2899 843 3090 908 πᾶντες
3153 851 3411 921 συνῆκαν,
3496 846 3581 902 ὅτι
3637 846 3780 926 παρᾶ

2129 939 2260 989 Θεοῦ
2292 933 2669 1010 κατεργάζεται
2701 933 2761 988 τὸ
2790 937 2886 1000 τῆς
2917 933 3087 990 αὖτῶν
3119 933 3431 1003 δολιότητος
3475 937 3777 1015 ἄπρακτον,

2127 1021 2208 1078 ὅτι
2267 1022 2331 1078 τὰ
2361 1020 2478 1078 κατ’
2510 1020 2640 1097 ἑμοῦ
2695 1044 2896 1097 ματαια
2927 1021 3195 1104 ἧλέγχθη.
3231 1022 3327 1090 Ὠς
3359 1026 3562 1089 πάντας
3597 1024 3777 1104 ἄπαγ-

2127 1110 2362 1190 γέλλειν,
2414 1111 2494 1168 ὅτι
2543 1113 2644 1168 Σὸν
2676 1156 2693 1186 ,
2739 1112 2786 1168 ὦ
2843 1111 3108 1194 Δέσποτα,
3165 1113 3322 1194 ἔργον
3365 1116 3546 1193 τὸῦτο,
3581 1107 3780 1172 καισοῖ

2125 1203 2191 1260 τὰ
2221 1201 2482 1278 γενόμενα
2533 1201 2906 1281 ἐπιφράφουσι.
2942 1201 3092 1282 (93).
3130 1205 3221 1269 Τίς
3252 1205 3352 1282 γὰρ
3382 1209 3477 1264 οὒκ
3508 1204 3575 1261 ἂν
3597 1203 3773 1284 φοϐη-

2123 1292 2260 1366 θείη,
2287 1290 2586 1357 ἂπισκοπην
2616 1291 2676 1348 ἑκ
2707 1299 2840 1349 Θεοῦ
2871 1295 3007 1370 ὁρῶν
3029 1292 3315 1371 γινομένην
3341 1296 3479 1352 κατὰ
3505 1296 3616 1352 τῶν
3645 1295 3772 1352 ἀσε-

2127 1378 2256 1456 ϐῶν,
2291 1382 2379 1438 καὶ
2409 1379 2678 1449 ἐκδίκησιν
2707 1381 2837 1460 ὑπὲρ
2869 1389 2974 1439 τῶν
3006 1381 3393 1460 ἀδικουμένων;

1081 1571 1233 1634 Item
1270 1571 1335 1631 in
1367 1567 1616 1632 titulum
1642 1567 1797 1649 psal.
1833 1584 1989 1639 un,
2021 1567 2344 1646 praemissa
2380 1567 2742 1632 Theodoreti
2768 1571 3088 1632 sententia.

477 1733 871 1797 Athanasius.
893 1733 1224 1814 Conjuncta
1245 1747 1422 1812 porro
1439 1738 1530 1792 est
1551 1748 1684 1791 cum
1703 1729 1913 1791 harum
1930 1747 2033 1791 re-

2196 1728 2317 1809 (94)
2379 1729 2716 1794 Ἀθανᾶσιος.
2779 1729 3166 1806 Ἀναμέμικται
3230 1733 3286 1790 οέ
3343 1740 3411 1810 τῇ
3456 1735 3578 1810 περὶ
3642 1735 3778 1790 τεύ-

397 1843 530 1887 rum
557 1822 945 1904 praedictione
975 1822 1154 1886 etiam
1214 1821 1526 1902 prophetia
1568 1821 1642 1882 de
1673 1819 1862 1882 salute
1893 1836 2046 1898 gen-

395 1913 762 1978 tium.David
790 1930 1046 1994 namque
1071 1910 1397 1972 introducit
1417 1909 1511 1971 hic
1543 1927 1645 1971 eos
1670 1909 1769 1988 qui
1795 1927 1865 1970 ex
1893 1926 2045 1986 gen-

398 2000 559 2062 tibns
581 2001 639 2061 in
660 2000 960 2063 Christum
984 1998 1397 2072 crediderunt,
1427 1997 1598 2075 quasi
1630 1996 2049 2059 contradicen-

397 2100 486 2154 tes
508 2089 879 2170 sapientibus
907 2089 1086 2168 hujus
1137 2088 1356 2162 saeculi,
1394 2107 1460 2150 ac
1519 2096 1759 2149 orantes
1825 2086 2048 2166 prioris

401 2180 722 2261 impietatis
767 2179 1202 2241 dimissionem.
1239 2179 1382 2240 Orat
1438 2177 1658 2240 deinde
1693 2176 1870 2238 etiam
1935 2195 2042 2256 pro

400 2270 476 2331 iis
497 2269 598 2350 qui
647 2267 788 2330 olim
847 2268 1084 2330 steriles
1140 2276 1198 2328 et
1257 2267 1606 2329 infructuosi
1661 2272 1853 2338 erant,
1891 2284 2050 2328 nunc

399 2378 538 2421 vero
567 2357 793 2421 fertiles
843 2357 983 2418 facti
1031 2366 1168 2418 sunt
1231 2375 1336 2437 per
1366 2357 1546 2418 ﬁdem
1606 2357 1666 2417 in
1721 2355 2046 2420 Christum.

402 2449 638 2512 Dictum
671 2465 812 2510 vero
850 2449 1079 2528 estjam
1111 2456 1270 2524 ante,
1305 2449 1463 2528 quod
1498 2446 1759 2527 psalmus
1817 2445 2047 2526 praxin,

405 2539 702 2602 canticum
737 2555 874 2599 vero
924 2538 1214 2600 tbeoriam
1269 2537 1537 2600 denotet.
1571 2535 1820 2609 Quando
1880 2535 2056 2614 igitur

403 2647 510 2710 per
539 2635 866 2706 utrumque
899 2626 1147 2690 istorum
1190 2645 1288 2689 res
1322 2627 1520 2708 aliqua
1571 2626 1864 2708 praeclare
1892 2634 2059 2704 gesta

401 2727 514 2793 est,
544 2717 740 2781 ethica
797 2716 1027 2779 scilicet
1088 2717 1464 2798 philosophia
1520 2735 1654 2777 cum
1719 2715 2058 2778 theoretica

411 2814 831 2881 concurrente,
869 2806 1131 2886 psalmus
1187 2805 1401 2868 cantici
1449 2805 1701 2869 exsistit.
1738 2801 1872 2866 Vita
1898 2804 2057 2866 enim

407 2895 867 2976 contemplativa
915 2896 1202 2976 operibus
1236 2904 1463 2971 ornata,
1498 2893 1696 2956 reddit
1729 2892 2059 2975 perfectum

407 2985 715 3050 hominem
733 3029 750 3047 .

2129 1841 2234 1876 των
2293 1820 2574 1899 προῤῥήσει
2633 1842 2700 1876 κα
2751 1825 2850 1887 τῆς
2911 1827 3016 1876 τῶν
3075 1820 3236 1877 ἐθνῶν
3293 1823 3558 1901 σωτηρίας
3589 1826 3622 1891 ἡ
3658 1845 3783 1894 προσ

2130 1910 2342 1989 φητεία,
2419 1909 2632 1987 Εἱσάγει
2694 1909 2793 1988 γὰρ
2845 1911 2872 1964 6
2931 1907 3097 1969 Δαυίδ
3160 1909 3382 1968 ἐνταῦθα
3413 1913 3508 1968 τοὺ
3542 1911 3596 1977 ἒξ
3626 1912 3782 1968 ἐθνῶν

2131 2000 2516 2064 πιστεύσαντας
2576 2001 2652 2062 είς
2713 2006 2959 2076 Χριστον,
3007 1997 3382 2065 καταϐοῶντας
3437 2003 3548 2058 τῶν
3609 2007 3784 2080 σοφῶν

2129 2096 2222 2145 τοῦ
2269 2090 2453 2149 αἰῶνος
2505 2089 2715 2162 τούτου,
2777 2089 3049 2153 αίτοῦντας
3103 2111 3157 2145 τε
3210 2095 3308 2158 τῆς
3356 2092 3618 2169 προτέρας
3667 2091 3782 2146 ἆσε-

2131 2175 2274 2241 ϐείας
2317 2176 2522 2255 ἄφεσιν·
2589 2176 2659 2233 ἔτι
2720 2198 2775 2232 τε
2827 2179 2996 2259 εὐχὴν
3054 2178 3355 2253 ἀναπέμπει
3400 2179 3534 2258 ὒπὲρ
3585 2179 3775 2252 αὒτῶν,

2132 2267 2301 2322 ὅντων
2361 2267 2459 2341 μὲν
2492 2265 2658 2323 πάλαι
2709 2267 2984 2342 ἀκάρπων,
3045 2267 3346 2346 γενομένων
3427 2267 3484 2324 δὲ
3547 2269 3775 2347 εὒξόρων

2131 2354 2216 2413 διὰ
2273 2361 2370 2423 τῆς
2443 2359 2516 2420 εἰς
2574 2357 2798 2433 Χριστὸν
2856 2358 3104 2422 πίστεως.
3166 2358 3394 2435 Εἴρηται
3470 2357 3527 2414 δὲ
3583 2358 3775 2436 προτε-

2134 2461 2245 2524 ρον’
2301 2449 2372 2512 ὡς
2404 2446 2586 2525 πρᾶξιν
2642 2447 2738 2520 μὲν
2769 2449 2796 2503 6
2826 2447 3063 2522 ψαλμοί,
3118 2449 3338 2523 θεωρίαν
3393 2445 3447 2503 δὲ
3484 2449 3521 2514 ἠ
3549 2445 3661 2520 ᾧδη
3690 2445 3780 2514 δη·

2136 2533 2227 2592 λοῐ
2248 2532 2429 2593 ’Ὅταν
2473 2535 2564 2592 οὖν
2589 2533 2658 2590 δι’
2689 2535 3000 2616 ἀμφοτέρων
3028 2542 3064 2613 ᾖ
3092 2538 3153 2592 τὸ
3184 2535 3378 2614 ἀγαθὸν
3413 2537 3776 2612 κατορθούμε-

2140 2647 2254 2699 νον,
2297 2630 2396 2692 τῆς
2427 2627 2616 2694 ἠθικῆς
2648 2624 2957 2705 φιλοσοφίας
2994 2629 3122 2704 πρὸς
3156 2649 3256 2692 την
3286 2628 3627 2705 θεωρητικὴν
3657 2648 3777 2682 συν-

2141 2711 2470 2790 δραμούσης,
2517 2714 2730 2790 ψαλμὸς
2775 2714 2888 2789 ᾤῆς
2948 2716 3166 2793 γίνεται.
3209 2713 3268 2772 Ὀ
3298 2717 3632 2792 θεωρητικὸς
3688 2716 3782 2793 γὰρ

2143 2801 2341 2879 ἅματῷ
2370 2810 2645 2884 πρακτικῶ
2669 2805 3079 2881 κατορθούμενος
3102 2805 3200 2882 βίῳ
3231 2802 3389 2884 ἄνδρα
3419 2804 3629 2862 τέλειον
3654 2826 3782 2862 αποο

2144 2890 2423 2954 δείκνυσιν.

486 3094 561 3156 In
590 3094 856 3171 eiusdem
877 3091 1106 3174 psalmi
1128 3089 1332 3172 verba,
1364 3112 1391 3150 ‹
1428 3091 1650 3174 Beatus
1680 3105 1860 3174 quem
1895 3087 2160 3168 elegisti,
2198 3108 2226 3174 φ
2254 3097 2470 3174 etc.,p.
2502 3089 2566 3174 ξ).
2608 3091 2935 3171 Postquam
2966 3107 3041 3153 ea:
3066 3088 3435 3154 Theodoreto
3463 3107 3707 3153 sensum

1596 3168 1922 3234 litteralem
1954 3173 2261 3250 exposuit,
2291 3169 2537 3250 subiicit
2571 3187 2584 3233 :

490 3337 885 3399 Athanasius.
917 3333 1318 3416 Spiritualiter
1366 3351 1505 3395 vero
1527 3331 1842 3395 adumbrat
1865 3348 2054 3411 popu-
2075 3337 2116 3387 c

409 3426 531 3488 lum
566 3423 730 3486 illum
765 3442 1004 3505 novum,
1038 3423 1138 3504 qui
1181 3422 1410 3485 Christo
1441 3422 1500 3483 in
1532 3425 1756 3484 sortem
1792 3417 2054 3481 haeredi-

410 3515 544 3577 tatis
567 3533 638 3576 ex
668 3512 943 3595 gentibus
976 3513 1199 3576 electus
1220 3521 1332 3574 est.
1355 3512 1539 3575 Aulas
1564 3529 1700 3572 vero
1719 3509 2056 3587 intelligere

409 3603 700 3667 debemus
718 3601 1016 3666 Ecclesias
1047 3622 1153 3683 per
1181 3602 1462 3682 regiones
1519 3599 1852 3680 dispersas.
1897 3599 2059 3661 Alias

409 3715 551 3758 vero
581 3698 822 3757 beatum
855 3697 1028 3758 etiam
1062 3694 1349 3776 praaiicat
1390 3694 1484 3756 hic
1549 3692 1844 3772 Propheta
1895 3710 2058 3771 eum,

412 3787 514 3868 qui
543 3785 856 3848 virtutibus
886 3795 976 3848 est
1007 3793 1478 3848 consummatus.
1513 3782 1672 3845 Deus
1733 3783 1888 3844 enim
1924 3801 2058 3843 eum

414 3875 598 3954 eligit,
624 3875 724 3952 qui
755 3877 828 3937 ad
889 3875 1237 3936 certandum
1273 3883 1330 3937 et
1358 3893 1538 3936 cursu
1571 3871 2059 3934 contendendum

418 3975 505 4026 est
536 3965 826 4039 idoneus;
864 3966 963 4043 qui
997 3983 1135 4026 vero
1174 3962 1482 4025 victoriam
1535 3963 1661 4042 jam
1711 3963 2056 4042 reportavit,

420 4053 820 4133 prmclaroque
853 4053 974 4115 ﬁne
1002 4055 1178 4115 vitam
1239 4052 1559 4132 conclusit,
1595 4052 1753 4113 hunc
1808 4052 2062 4113 assumit

2225 3329 2346 3406 (95)
2405 3331 2740 3394 Ἀθανάσιος.
2827 3332 2966 3410 Πρὸς
3044 3330 3100 3388 δὲ
3188 3330 3422 3391 διάνοιαν
3507 3333 3776 3390 αῐνίττεται

2136 3422 2228 3477 τὸν
2283 3421 2410 3478 λαὸν
2473 3423 2564 3478 τὸν
2641 3421 2797 3492 νέον,
2877 3423 2969 3478 τὸν
3053 3420 3105 3488 ἐξ
3167 3423 3327 3478 ὲθνῶν
3384 3421 3669 3500 ἐκλεγέντα
3708 3426 3779 3492 τῷ

2143 3517 2349 3589 Χριστῷ
2393 3513 2465 3575 εἰς
2514 3510 2894 3591 κληρονομίαν.
2953 3510 3128 3573 Αέιλὰς
3181 3509 3236 3567 δὲ
3292 3513 3388 3577 τὰς
3467 3514 3608 3570 κατὰ
3657 3510 3776 3588 χώ-

2142 3622 2235 3676 ραν
2279 3599 2600 3668 Ἰεἶκκλησίας
2656 3600 3018 3668 ὑποληπτέον,
3079 3601 3301 3680 Ἐτέρως
3336 3601 3392 3658 δέ
3439 3604 3530 3659 καὶ
3571 3603 3660 3658 τὸν
3692 3604 3772 3656 τι-

2144 3688 2425 3746 λειωθέντα
2476 3693 2529 3746 ἒν
2577 3691 2818 3769 ἀρεταῖς,
2865 3692 3052 3748 τοῦτόν
3121 3693 3211 3748 καὶ
3257 3694 3284 3747 6
3334 3691 3622 3773 Προφήτης
3673 3711 3776 3763 μα-

2145 3787 2362 3856 καρίζει.
2421 3778 2727 3858 Ἐκλέγεται
2784 3781 2878 3854 μὲν
2939 3781 3039 3858 γὰρ
3095 3783 3122 3836 ὁ
3155 3783 3285 3846 Θεὸς
3333 3783 3424 3837 τὸν
3485 3781 3773 3857 ἀγωνίζεσ-

2147 3871 2233 3924 καὶ
2307 3867 2527 3943 δραμεῖν
2604 3867 2926 3939 ἐπιτήδειον
2981 3871 3073 3926 τὸν
3147 3868 3201 3926 δὲ
3257 3868 3362 3938 ἢδη
3444 3868 3774 3941 νενικηκότα,

2146 3959 2235 4014 καὶ
2264 3957 2412 4030 καλῷ
2459 3957 2598 4014 τέλει
2654 3959 2752 4025 τὴν
2800 3959 2941 4030 ζωὴν
2998 3958 3429 4038 περικλεισαντα,
3464 3963 3539 4023 εὶς
3571 3958 3775 4036 οὗρανὸν

2144 4045 2629 4124 προσλαμϐάνεται,
2693 4048 2810 4104 ἔνθα
2861 4051 2949 4105 καὶ
3008 4049 3212 4116 σιηνῆν
3271 4052 3416 4122 αὐτῷ
3487 4062 3582 4106 ταῐ
3631 4047 3774 4107 ίδίαις

416 4144 475 4206 in
507 4143 745 4218 caelum,
782 4143 881 4205 ubi
915 4143 1091 4205 etiam
1118 4143 1232 4223 ipsi
1269 4141 1720 4205 tabernaculum
1749 4140 1976 4220 tribuit,
2002 4145 2051 4203 in

2145 4136 2333 4200 αὐλαῖς
2392 4136 2726 4215 ἆποκληροῖ⁹
2782 4139 2900 4216 περῖ
2951 4138 3024 4194 ὧν
3074 4152 3309 4216 ετρηταν
3376 4138 3574 4195 Πολλαὶ
3630 4135 3775 4212 μοναὶ

409 4232 666 4316 propriis
713 4232 824 4294 sibi
883 4232 1055 4313 aulis,
1083 4233 1156 4294 de
1187 4231 1404 4312 quibus
1439 4231 1662 4293 dictum
1693 4240 1818 4292 est:
1857 4231 2051 4294 Multa

2142 4228 2284 4304 παρὰ
2327 4234 2404 4301 τῷ
2471 4228 2652 4307 Πατρί.
2707 4226 2889 4282 "uate
2929 4227 3253 4305 τελειότερον
3288 4236 3374 4286 τοῦ
3402 4227 3684 4308 ἔκλεγῆναι
3714 4225 3770 4280 τὸ

409 4315 546 4386 sunt
577 4322 915 4384 mansiones
953 4321 1110 4402 apud
1147 4324 1379 4384 Patrem
1409 4319 1483 4381 ³⁸.
1511 4317 1586 4383 Ut
1626 4321 1704 4381 ita
1737 4320 2051 4401 perfectius

2140 4315 2544 4397 προσληφθῆναι
2604 4317 2744 4396 παρὰ
2788 4326 2879 4376 τοῦ
2933 4315 3305 4393 ἐκλεξαμένον,
3369 4317 3550 4375 ’Ὅταν
3596 4317 3692 4395 γὰρ
3746 4315 3772 4368 6

410 4412 695 4494 quiddam
731 4411 809 4473 sit
837 4412 1054 4473 assumi
1087 4411 1159 4472 ab
1210 4410 1468 4488 eligente
1508 4429 1686 4491 quam
1714 4410 1874 4490 eligi.
1907 4408 2051 4472 Nam

2138 4405 2374 4484 ἐκλεγεὶς
2423 4408 2593 4463 πάντα
2652 4407 2786 4463 κατᾶ
2851 4406 3104 4484 βουλησιν
3172 4415 3302 4464 Θεοῦ
3391 4406 3585 4486 πράξῃ,
3659 4403 3769 4461 τόνε

409 4500 508 4564 ubi
541 4502 643 4580 qui
675 4500 898 4563 electus
929 4509 1019 4560 cst
1049 4501 1248 4562 omnia
1277 4499 1607 4561 secundum
1644 4499 1750 4562 Dei
1783 4499 2051 4560 volunta-

2139 4494 2294 4563 δόξης
2355 4498 2427 4560 εἰς
2477 4497 2571 4558 τὰς
2623 4496 2942 4574 ἐπαγγελίας
3001 4495 3490 4576 προσλαμϐάνεται,
3524 4497 3609 4552 καὶ
3640 4515 3766 4568 μετ-

410 4604 528 4654 tem
559 4575 1026 4671 peregerit,tunc
1048 4590 1286 4651 demum
1320 4609 1451 4650 cum
1471 4590 1732 4669 gloriain
1766 4590 2051 4668 promissa

2137 4588 2385 4650 οικισθεὶς
2444 4586 2535 4642 τοῦ
2591 4587 2706 4664 περὶ
2763 4587 2862 4662 γῆν
2911 4585 3100 4666 τόπου,
3143 4585 3260 4643 ἐκεῖ
3317 4575 3671 4658 κατασκηνοῐ,
3721 4579 3770 4636 iv

411 4678 568 4741 bona
624 4678 970 4752 assumitur,
1033 4688 1114 4754 et,
1148 4678 1455 4739 domicilio
1487 4678 1618 4758 ejus
1666 4677 1742 4739 de
1801 4683 2051 4739 terrenis

2137 4692 2259 4741 ταῖς
2316 4678 2503 4740 ἁῦλαῖς
2547 4685 2639 4734 τοῦ
2686 4677 3057 4752 ἐκλεξαμένου.
3114 4674 3204 4733 ἰὶν
3247 4680 3482 4735 amco“
3515 4676 3589 4733 ἔτι
3619 4675 3770 4732 πόθον

410 4768 561 4831 locis
579 4768 1018 4839 translato,illic
1043 4768 1496 4830 tabernaculum
1521 4766 1666 4846 ﬁgit,
1695 4768 1752 4828 in
1790 4767 2050 4847 palatiis,

2137 4790 2217 4832 τις
2275 4769 2442 4848 ἔχων,
2522 4770 2677 4825 εἶπεν
2711 4783 2726 4799 ⁸
2791 4768 3057 4825 Ἐκλείπει
3115 4768 3149 4837 ἡ
3204 4767 3358 4848 ψυχή
3411 4789 3511 4836 μου
3562 4767 3632 4828 εἷς
3688 4763 3770 4826 τὰς

415 4857 681 4939 inquam,
721 4857 996 4937 eligentis
1052 4877 1137 4920 se.
1169 4857 1432 4931 Quorum
1485 4856 1784 4918 desiderio
1817 4857 2051 4938 quidam

2141 4858 2302 4921 αὒλὰς
2359 4866 2449 4915 τοῦ
2509 4858 2718 4936 Κυρίου,
2782 4855 2962 4913 ’Ὥστε
3006 4859 3097 4923 τὰς
3147 4856 3313 4924 λέξεις
3363 4857 3584 4922 ταύτας,
3647 4852 3774 4933 φημὶ

405 4947 530 5009 illic
548 4947 742 5008 adhuc
776 4949 1132 5010 constitutus
1173 4966 1306 5008 cum
1340 4954 1669 5019 teneretur,
1707 4945 2051 5027 inquiebat:

2143 4946 2209 5015 δὴ
2245 4950 2326 5021 τὸ,
2369 4955 2660 5026 Μακαριος,
2721 4948 2779 5002 ὃν
2829 4943 3046 5012 ἐξελέξω
3089 4949 3176 5003 καὶ
3232 4942 3585 5024 προσελάϐου,
3633 4941 3770 4998 εἰκό-

409 5037 626 5098 Anima
653 5055 782 5098 mea
806 5037 1004 5118 deﬁcit
1039 5041 1101 5098 in
1127 5042 1287 5098 atria
1317 5036 1560 5098 Domini
1581 5035 1656 5098 ³⁷.
1697 5035 1886 5098 Verba
1917 5055 2051 5115 ergo

2142 5060 2246 5102 τως
2301 5035 2649 5118 προφέρουσιν
2698 5038 2742 5093 οἱ
2798 5037 2916 5098 τοὺς
2971 5034 3376 5114 ἀπαλλαγέντας
3409 5042 3500 5092 τοῦ
3543 5034 3654 5110 βίω
3682 5039 3769 5102 ζηο

407 5127 569 5189 hzec:
597 5126 816 5187 Beatus
836 5143 1013 5204 quem
1061 5125 1295 5204 elegisti
1324 5135 1378 5187 et
1402 5127 1809 5206 assumpsisti,
1844 5128 2051 5189 merito

2143 5130 2355 5196 λοῦντες
2389 5132 2476 5186 καὶ
2508 5131 2822 5208 μαρίζοντες
2836 5173 2847 5186 .

409 5213 791 5296 protulerint,
827 5221 924 5295 qui
966 5216 1242 5296 praesenti
1275 5215 1387 5276 vita
1411 5215 1742 5278 abstractos
1773 5215 2110 5294 imitantur,
2134 5237 2202 5280 ac
2223 5218 2430 5280 beatos
2462 5218 2812 5300 praedicant.

598 5319 676 5382 Et
698 5320 764 5383 in
793 5337 1032 5384 versum
1051 5330 1394 5402 sequentem
1423 5340 1436 5384 :
1463 5326 1788 5402 praemissa
1816 5342 2061 5387 rursum
2093 5326 2348 5390 litterati
2376 5327 2787 5407 explicatione
2815 5342 2890 5388 ex
2931 5325 3302 5388 Theodoreto
3320 5328 3609 5406 sequitur.

490 5426 838 5491 Athanasii.
879 5427 1104 5490 Horum
1135 5429 1433 5492 sententia
1464 5430 1613 5493 haec.
1651 5429 1815 5493 Bona
1847 5431 2061 5496 domus
2226 5432 2344 5513 (96)
2432 5431 2768 5497 Ἀθηιαῖοι
2859 5433 2993 5510 [πρὸς
3077 5431 3131 5489 δὲ
3216 5440 3358 5490 νοῦν·
3447 5429 3637 5510 Ἀγαοά
3684 5432 3771 5482 τοῦ

493 5534 748 5599 1“lloan.
781 5551 901 5614 xxv,
935 5537 996 5600 9.
1080 5535 1135 5580 ³⁷
1167 5535 1322 5601 Psal.
1367 5554 1602 5613 cxxxm,
1636 5538 1695 5603 3.

505 5649 633 5727 (93)
666 5653 804 5716 Haec
825 5653 890 5739 in
927 5651 1434 5734 Expositionibus
1463 5653 1533 5715 ad
1560 5653 1887 5716 secundam
1923 5673 2061 5735 par-
2237 5657 2504 5739 (95)Haac
2522 5676 2638 5719 non
2663 5655 3338 5739 habentursuperiusad
3361 5655 3513 5718 hunc
3530 5661 3766 5739 versum.

419 5743 776 5828 temnv‘ersus
817 5737 946 5828 10.-⁴
1030 5729 1041 5734 ’
1200 5822 1211 5828 Δ
1443 5813 1454 5826 ,
1535 5813 1582 5828 ﬁ
2225 5729 2352 5821 (96}
2379 5739 2603 5803 Horum
2627 5737 2898 5821 quaedam
2925 5729 3204 5819 superius
3225 5737 3516 5800 habentur
3532 5731 3604 5795 ad
3621 5729 3767 5792 hunc

502 5812 779 5894 αριθΗωο
792 5816 1058 5880 auctiora
1079 5822 1218 5880 sunt
1240 5832 1418 5897 quam
1439 5813 1501 5876 in
1524 5813 2058 5896 Expositionibus.
2143 5812 2414 5886 versum.

2432 5431 2768 5497 Ἀθανασίου,
2859 5433 2993 5510 [Ῐρὲις
3077 5431 3131 5489 δὲ
3216 5440 3358 5490 νοῦν·
