4062 6216
331 365 448 430 579
1123 368 1182 431 S.
1230 369 1653 433 ATHANASII
1699 368 1859 437 OPP.
1911 372 2124 436 PARS.
2174 375 2260 437 III
2343 408 2406 420 -—-
2459 375 2913 438 EXEGETICA.
3599 376 3721 439 580

331 503 634 579 εοΙοηι,ιο
657 501 1103 567 timuerintsibi
1135 507 1353 569 timore
1386 505 1566 588 bono,
1598 517 1738 570 tunc
1773 507 1962 583 utiqut

2068 506 2234 582 μένην
2280 509 2542 570 οἰκοῦντες
2617 503 2887 584 φοϐηθῶσι
2945 507 3036 562 τὸν
3094 506 3290 586 ἇγαθὸν
3347 507 3534 590 φόϐον,
3594 512 3718 568 τότε

333 603 453 654 tam
489 593 798 657 matutinis
822 613 997 676 quam
1051 597 1407 677 vespertinis
1468 598 1808 675 egressibus
1841 599 1962 679 (hct

2060 594 2124 660 δη
2169 600 2255 654 καὶ
2315 601 2387 660 εἱς
2451 599 2543 660 τὰς
2589 598 2800 674 πρωίας
2850 598 2936 652 καὶ
2973 598 3044 660 εὶς
3099 600 3194 658 τὰς
3226 597 3460 676 ἑσπέρας
3482 598 3714 679 ἐξόδους,

330 691 441 758 est,
476 683 638 745 omni
669 685 961 766 tempore)
997 686 1264 747 laetantes
1313 685 1777 750 obieetabuntur
1806 688 1866 748 in
1899 687 1962 747 iis

2058 687 2327 744 τουτέστιν
2371 687 2424 743 ἐν
2457 688 2612 743 παντὶ
2671 691 2862 763 καιρῷ,
2929 686 3109 765 τέρψις
3143 686 3288 743 ἔσται
3321 690 3502 753 αύτοϊς
3534 687 3715 767 ἀγαλ-

328 792 461 854 quae
489 773 714 837 Christi
738 775 1028 837 adventus
1047 775 1552 858 reparavit.Porro
1586 777 1774 858 ipsius
1796 777 1962 838 etiam

2057 776 2362 856 λιωμένοις,
2410 776 2491 856 ἐφ’
2539 777 2627 842 οἷς
2671 779 3014 854 κατώρθωσεν
3067 778 3100 844 ἡ
3166 784 3390 855 Χριστοῦ
3423 781 3712 856 παρουσία.

330 863 546 926 Christi
579 863 695 925 duo
728 872 864 926 sunt
897 883 1196 945 egressus,
1260 875 1359 928 aut
1390 885 1740 948 progressus
1776 887 1788 928 :
1823 867 1962 928 alter

2061 874 2096 922 Κ
2139 867 2153 885 \
2227 869 2240 885 ει
2322 875 2339 883 ~
2373 865 2423 922 δι
2522 867 2546 879 ν
2810 876 2812 878 τ
2877 864 2927 886 ὐ
3013 865 3060 885 nr
3104 863 3128 884 κ
3341 891 3349 902 υ
3550 868 3603 902 .s

2104 888 2157 922 αι
2187 889 2343 924 αυτου
2407 901 2426 922 ι
2457 887 2549 923 του
2593 873 2821 938 Χριστοῦ
2872 882 2957 921 ouo
3013 877 3204 939 εςοοοι,
3237 865 3400 946 ἤγουν
3442 869 3652 948 πρόδὸοι
3694 895 3710 908 ο

329 952 568 1034 quidem
597 955 918 1034 mane,hoc
934 961 1025 1016 est
1051 962 1190 1018 ante
1219 974 1458 1018 omnem
1482 961 1872 1018 aeternitatem
1898 972 1962 1017 ex

2059 956 2088 1022 ἡ
2130 956 2226 1031 μὲν
2265 959 2496 1036 πρωίας,
2556 958 2658 1035 πρὸ
2718 956 2930 1014 πάντων
2992 963 3099 1013 τῶν
3154 957 3362 1013 αἰώνων
3411 958 3471 1015 ἐκ
3502 963 3712 1039 Πατρὸς

325 1044 502 1106 Patre.
534 1043 1090 1124 factus,secundum
1115 1044 1260 1106 illud
1287 1065 1300 1105 :
1354 1046 1748 1126 Egressiones
1779 1047 1909 1120 eius
1932 1063 1970 1106 a

323 1135 628 1214 principio
655 1139 718 1195 in
743 1132 954 1196 diebus
977 1142 1163 1196 aetern
1174 1136 1223 1197 is
1238 1131 1285 1176 ⁸¹
1317 1153 1332 1210 ;
1359 1135 1510 1196 alter
1541 1153 1682 1196 vero
1705 1134 1963 1216 vesperi,

328 1223 431 1285 ille
461 1221 742 1286 nimirum
779 1241 848 1284 ex
880 1223 1132 1303 virgine,
1170 1225 1271 1305 qui
1303 1225 1550 1304 contigit
1581 1225 1642 1286 in
1674 1243 1964 1286 consum-

329 1313 587 1374 matione
615 1311 990 1374 saeculorum.
1025 1311 1292 1391 Uterque
1351 1322 1549 1376 autem
1582 1313 1968 1377 delectationi

326 1411 416 1464 est
441 1411 499 1463 et
533 1401 1181 1482 gaudio.Symmachus
1206 1404 1447 1483 quidem
1472 1404 1939 1482 reddens,Acces

325 1495 530 1555 siones
557 1494 854 1554 matutini
881 1501 938 1552 et
969 1509 1239 1572 vesperae
1263 1492 1542 1555 laudibus
1571 1492 1970 1570 etrerunt,hoc

327 1583 527 1645 dicere
556 1581 978 1663 videtur,quod
1010 1591 1067 1643 et
1107 1584 1413 1645 exoriente
1439 1591 1497 1645 et
1527 1582 1842 1644 desinente
1873 1581 1971 1644 die

2052 1045 2343 1126 γενομένη,
2387 1046 2524 1102 κατὰ
2565 1047 2627 1101 τό
2665 1065 2682 1082 ·
2736 1047 2796 1101 Αἱ
2853 1043 3021 1110 ἔξοδοι
3066 1047 3225 1103 αῦτοῦ
3276 1047 3370 1105 ἀπ’
3416 1049 3595 1128 ἀρχῆς
3653 1048 3712 1116 ἐξ

2051 1138 2264 1214 ἡμερῶν
2326 1137 2512 1198 αίώνος
2542 1151 2555 1165 ·
2606 1137 2640 1202 ἡ
2688 1134 2742 1191 δὲ
2788 1135 3042 1216 ἑσπέρας,
3090 1135 3124 1203 ἦ
3185 1136 3246 1193 ἐκ
3276 1137 3555 1216 παρθένου,
3589 1138 3712 1207 ἥτις

2050 1224 2136 1282 ἐπὶ
2179 1224 2447 1298 συντελείᾳ
2504 1233 2609 1283 τῶν
2657 1225 2867 1282 αἰώνων
2934 1224 3269 1294 ἆπήντησεν,
3332 1227 3592 1308 Ἐκατέρα
3648 1227 3709 1285 δὲ

2051 1316 2232 1395 τέρψις
2300 1315 2408 1372 ἐστὶ
2466 1317 2552 1373 καὶ
2607 1314 2952 1393 ἀγαλλίασις.
3017 1314 3077 1372 Ὀ
3151 1316 3335 1392 μέντοι
3397 1319 3705 1398 Σύμμαχος

2053 1406 2239 1478 εἰπὼν,
2326 1407 2430 1468 Τὰς
2514 1405 2886 1484 προσελεύδεις
2973 1412 3068 1462 τοῦ
3156 1404 3352 1485 ὀ’ρθπου
3436 1410 3523 1464 καὶ
3603 1409 3705 1476 τῆς

2054 1494 2278 1574 ἑσπέρας
2329 1493 2704 1574 ὕμνολογοῦσι,
2765 1501 2918 1551 τοῦτο
3005 1493 3157 1552 δοκεῖ
3223 1494 3422 1578 λέγειν,
3477 1497 3556 1554 ὅτι
3615 1500 3705 1553 καὶ

2054 1583 2364 1664 ἀρχομένης
2407 1585 2494 1640 καὶ
2549 1583 2820 1663 ληγούσης
2850 1583 3055 1663 ἡμέρας
3091 1584 3188 1652 τὴν
3218 1585 3447 1664 ἀρεστὴν
3471 1594 3548 1663 τῷ
3581 1593 3703 1662 Θεῷ

2053 1673 2421 1752 προσοίσουσιν
2475 1671 2736 1748 ὑμνῳδίαν
2781 1675 2827 1730 οἱ
2874 1676 2970 1742 τήν
3015 1674 3223 1743 πλάνην
3283 1675 3694 1751 καταλιπόντες,

326 1679 625 1754 receptam
657 1670 778 1734 Deo
805 1672 1060 1734 offerent
1091 1672 1323 1734 laudem
1357 1672 1528 1754 ii,qui
1563 1689 1769 1734 errore
1798 1670 1973 1733 dere-

2054 1765 2144 1819 τὸν
2175 1760 2230 1818 δὲ
2261 1763 2411 1829 φύσει
2444 1763 2660 1841 γνόντες
2697 1763 2850 1825 Θεόν,

321 1762 490 1838 iicto,
526 1775 738 1824 natura
767 1761 956 1824 Deum
989 1771 1417 1842 cognoverunt.

544 1881 626 1944 Et
655 1884 723 1943 in
752 1899 985 1944 versum
1020 1881 1221 1944 adhuc
1241 1890 1610 1963 sequentem,
1641 1883 1896 1946 litterati
1926 1881 2310 1964 expositione
2330 1901 2405 1945 ea:
2429 1881 2796 1946 Theodoreto
2822 1883 3216 1963 prwcedmte,
3250 1903 3308 1949 υ.
3352 1888 3422 1950 lO
3457 1908 3470 1947 :

409 2002 1154 2066 Athanasius.Secundum
1178 2003 1546 2066 intellectum
1571 2013 1766 2066 autem
1803 2023 1816 2064 :
1848 2005 1962 2068 Ex-

2130 2004 2466 2071 Ἀθανοίσιος,
2552 2006 2686 2082 [Ιρὸς
2769 2002 2824 2060 δὲ
2907 2002 3143 2062 διάνοιαν
3175 2021 3190 2037 ⁸
3301 2010 3692 2089 Κατξκόρεσας,

323 2093 622 2166 saturasti,
658 2092 1103 2174 inquit,terram
1135 2093 1475 2154 universam
1505 2092 1680 2156 bonis
1713 2094 1832 2156 tuis
1861 2094 1962 2157 de-

2052 2098 2196 2179 ρησὶ,
2251 2101 2356 2151 τῶν
2392 2094 2586 2150 ἄνωθεν
2629 2093 2841 2172 ἀγαθῶν
2897 2094 2997 2161 την
3042 2095 3324 2170 σύμπασαν
3383 2102 3485 2176 γῆν
3521 2115 3535 2129 ο
3586 2123 3695 2158 πε-

322 2181 911 2262 sursum,implevisti
942 2181 1146 2260 gratiis
1173 2182 1586 2264 spiritualibus
1621 2201 1831 2244 omnes
1862 2184 1962 2264 qui

2052 2185 2337 2263 πλήρωκας
2394 2187 2498 2241 τῶν
2551 2185 2925 2258 πνευματικῶν
2980 2186 3332 2264 χαρισμάτων
3385 2190 3504 2255 τοὺς
3555 2193 3694 2247 κατὰ

321 2272 431 2334 sub
464 2271 613 2333 caelo
648 2273 913 2351 degunt;
951 2291 1058 2332 nos
1098 2290 1236 2333 vero
1293 2281 1433 2334 tunc
1467 2272 1867 2347 errabundos,
1895 2291 1962 2334 ac

2052 2281 2221 2331 πᾶσαν
2265 2274 2417 2336 ὄντας
2469 2273 2568 2341 τὴν
2626 2273 2718 2330 ὑπ’
2769 2275 2989 2353 οὑρανόν
3023 2290 3039 2305 ⁶
3103 2278 3243 2349 ἡμᾶς
3299 2275 3356 2333 δὲ
3397 2282 3518 2344 τοὺς
3569 2302 3692 2336 τοτε

322 2361 512 2424 instar
541 2370 716 2422 terrae
745 2361 928 2423 arida).
954 2371 1011 2422 et
1041 2369 1343 2442 inaquosze
1383 2362 1758 2434 constitutos,
1789 2362 1961 2425 ferti-

2052 2362 2450 2440 πλανωμένους,
2478 2364 2579 2442 γῆν
2611 2363 2790 2443 ὥσπερ
2839 2364 2958 2420 τινὰ
3018 2363 3180 2442 ξηρὰν
3231 2366 3384 2430 ὄντας
3443 2371 3532 2426 καὶ
3590 2367 3688 2424 ἄν-

319 2451 432 2530 les,
468 2450 587 2513 imo
619 2449 1079 2514 fecundissimos
1107 2470 1177 2514 ac
1208 2469 1347 2514 vere
1373 2470 1584 2514 sacros
1615 2451 1958 2516 reddidisti.

2052 2452 2218 2534 υδρον,
2250 2455 2587 2535 καρποφόρον
2646 2451 2936 2534 ὰνέδειξας,
2998 2455 3087 2511 καὶ
3145 2457 3544 2538 γονιμωτάτην,
3599 2463 3692 2517 καὶ

2043 2545 2186 2622 ἱερὰν
2219 2541 2453 2610 ἀληθῶς.

1324 2663 1540 2727 Itidem
1571 2671 1629 2727 et
1658 2665 1722 2727 in
1747 2683 1986 2729 versum
2009 2668 2297 2748 proxime
2323 2673 2685 2746 sequentem.

397 2821 1146 2890 Athanasius.Secundum
1159 2832 1376 2886 amtem
1391 2823 1839 2902 intelligentiam
1856 2828 1961 2890 ﬂu-

2125 2826 2457 2892 Ἀθανάσιος,
2506 2828 2641 2907 Πρδς
2716 2825 2766 2884 δὲ
2823 2837 2944 2887 νοῦν
2997 2831 3237 2906 ποταμὸς
3292 2839 3424 2888 Θεοῦ
3479 2836 3507 2890 ὁ
3566 2842 3685 2893 Μο-

315 2919 444 2980 vius
478 2915 584 2980 Dei
615 2925 707 2979 est
733 2913 1073 2994 uuigenitus
1121 2916 1253 2995 ejus
1288 2913 1496 2976 Filius.
1553 2916 1957 2988 Quemadmo-

2052 2920 2287 2995 νογενής.
2324 2917 2416 2982 Ὠς
2463 2919 2563 2997 γὰρ
2592 2919 2697 2975 ἀπο
2727 2923 2913 2997 πηγῆς
2970 2918 3188 2999 ἔρχεται
3246 2924 3511 2999 ποταμὸς,
3546 2925 3686 2982 οὕτω

315 3007 458 3069 dum
491 3006 648 3069 enim
703 3025 770 3066 ex
817 3006 980 3067 fonte
1014 3003 1252 3084 proﬂuit
1300 3005 1537 3078 ﬂuvius,
1575 3004 1651 3067 ita
1679 3005 1856 3067 etiam
1889 3025 1960 3070 ex

2052 3010 2129 3064 καὶ
2162 3008 2314 3074 αὐτὸς
2366 3009 2426 3065 ἐκ
2467 3010 2564 3075 τῆς
2613 3016 2703 3065 τοῦ
2731 3009 2980 3074 τεκόντος
3013 3010 3215 3084 οὐσίας,
3248 3015 3336 3068 καὶ
3367 3010 3509 3069 ἔστιν
3543 3016 3684 3088 ὁμο-

313 3096 649 3159 substantia
679 3093 1024 3176 generantia
1069 3095 1330 3156 nascitur
1376 3093 1582 3168 Filius,
1637 3103 1696 3155 et
1727 3107 1815 3156 est
1845 3095 1959 3176 ipsi

2052 3098 2217 3162 δύσιος
2273 3103 2410 3173 αὒτῷ
2445 3115 2458 3128 ⁸
2499 3098 2557 3162 ὅς
2584 3099 2797 3177 πλήρης
2838 3097 3040 3156 ὑδάτων
3087 3099 3226 3157 ἐστίν
3262 3116 3276 3130 ⁸
3313 3099 3427 3157 ἐπεὶ
3459 3104 3518 3159 τὸ
3547 3103 3684 3174 πλήν

314 3185 863 3248 consubstantialis.
892 3182 992 3244 Est
1008 3184 1185 3245 etiam
1209 3183 1420 3264 plenus
1441 3183 1636 3263 aquis,
1663 3184 1801 3262 quia
1822 3183 1955 3261 ple-

2052 3210 2194 3263 >ωμα
2223 3193 2320 3254 τῆς
2353 3187 2604 3255 θεότητος
2663 3187 2717 3242 ἐν
2777 3190 2919 3262 αὖτῷ
2975 3202 3244 3253 κατοικεῖ.
3304 3187 3407 3250 Καὶ
3458 3191 3684 3250 ἐθεασά-

313 3276 524 3340 nitudo
547 3275 785 3338 deitatis
807 3273 1039 3336 habitat
1063 3271 1123 3334 in
1150 3272 1391 3354 ipsozEt
1413 3273 1672 3335 vidimus
1688 3278 1956 3354 gloriam

2052 3280 2172 3333 :801
2231 3279 2328 3345 τὴν
2377 3275 2527 3342 δόξαν
2585 3282 2742 3336 αὐτοῦ
2774 3293 2788 3307 ⁸
2845 3278 3058 3358 πλήρης
3117 3279 3337 3359 χάριτος
3397 3285 3482 3337 καὶ
3534 3282 3679 3349 ἀληο
3751 3336 3760 3343 .

310 3366 573 3448 ejus,qui
589 3365 808 3446 plenus
819 3371 953 3426 erat
965 3363 1172 3444 gratia
1186 3368 1240 3424 et
1258 3365 1514 3425 veritate
1529 3360 1952 3444 “Quanquam

2052 3366 2200 3431 )είας.
2259 3368 2486 3433 Νοηθείη
2539 3363 2586 3421 δ’
2667 3365 2728 3420 ἂν
2777 3369 3017 3443 ποταμὸς
3078 3370 3164 3424 καὶ
3225 3369 3286 3424 τὸ
3346 3373 3557 3446 Πνεῦμα
3619 3375 3681 3430 τὸ

312 3462 488 3520 etiam
521 3474 627 3537 per
647 3455 889 3516 ﬂuvium
910 3453 1094 3533 possit
1116 3451 1368 3531 intelligi
1390 3453 1518 3532 ipse
1548 3453 1803 3534 Spiritus
1823 3471 1960 3514 san-

2052 3456 2210 3533 ἲγιον,
2274 3455 2469 3534 πλῆρες
2539 3453 2740 3512 ὑδάτων
2797 3462 2900 3513 τῶν
2978 3455 3243 3536 διαφόρων
3301 3461 3678 3541 χαρισμάτων,

310 3556 462 3624 ctus,
499 3551 597 3628 qui
649 3546 864 3626 plenus
917 3551 1009 3604 est
1058 3542 1250 3623 aquis,
1285 3542 1398 3604 hoc
1429 3552 1518 3604 est
1543 3543 1720 3605 variis
1749 3543 1955 3621 gratia:

2052 3546 2390 3620 Ητοιμάσθαι
2447 3543 2500 3600 δέ
2555 3567 2687 3624 φησι
2717 3547 2814 3614 τὴν
2844 3548 3217 3622 πνευματικὴν
3276 3550 3497 3629 τροφήν,
3547 3549 3681 3608 διότι

309 3637 508 3701 donis.
542 3637 910 3716 Praeparatus
939 3641 1138 3696 autem
1163 3651 1296 3694 esse
1333 3632 1554 3694 dicitur
1583 3631 1752 3695 cibus
1781 3633 1953 3713 spiri-

2052 3637 2137 3713 τρὸ
2193 3633 2496 3708 καταϐολῆς
2539 3636 2742 3712 κόσμου
2801 3636 3020 3714 ὥρισται
3073 3641 3134 3692 τὸ
3197 3642 3424 3717 Χριστοῦ
3465 3643 3673 3715 μυστή-

309 3726 590 3800 tualis,eo
623 3723 777 3806 quod
814 3730 954 3785 ante
977 3723 1137 3802 jacta
1169 3720 1374 3782 mundi
1407 3721 1812 3798 fundamenta,
1839 3721 1951 3782 de-

2052 3747 2170 3796 nov,
2231 3724 2286 3788 ὅς
2346 3728 2490 3782 ἔστιν
2540 3724 2696 3804 ἄρτος
2765 3725 2825 3782 ὲκ
2879 3734 2971 3783 τοῦ
3014 3726 3236 3805 ούρανοῦ
3284 3727 3545 3805 καταϐὰς,
3590 3733 3680 3788 καὶ

310 3816 545 3880 finitum
575 3833 643 3876 ac
673 3814 975 3876 decretnm
1010 3821 1140 3873 erat
1187 3810 1406 3874 Christi
1439 3811 1810 3890 mysterium,
1849 3811 1949 3892 qui

2052 3817 2177 3886 ζωὴν
2237 3813 2406 3876 διδοὺς
2460 3821 2536 3888 τῷ
2569 3823 2782 3892 κόσμῳ.
2841 3812 2974 3874 ’Ὅτι
3029 3815 3223 3893 οὕτως,
3258 3821 3442 3896 φησὶν,
3475 3821 3508 3888 ἡ
3541 3821 3680 3878 ἑτοιο

309 3909 490 3988 panis
505 3910 724 3984 εει.ραί
744 3904 818 3966 de
842 3902 985 3966 caelo
1015 3902 1421 3968 descendit,ac
1441 3901 1547 3962 dat
1570 3907 1755 3963 vitam
1779 3919 1950 3962 mun-

2052 3907 2197 3961 ιασία
2242 3905 2336 3972 τῆς
2409 3902 2665 3974 ἀληθινῆς
2713 3911 2938 3986 τροφῆς,
2998 3908 3070 3968 ὡς
3131 3907 3286 3973 αὐτὸς
3346 3909 3678 3986 ἡτοίμασας,

309 3999 391 4060 d0
411 3995 488 4059 ιθ.
523 3995 693 4069 Quia,
732 3992 943 4073 inquit,
981 3991 1106 4052 haec
1140 4000 1228 4051 est
1280 3989 1381 4050 illa
1413 3990 1790 4072 praeparatio,
1826 3989 1950 4051 veri

2052 3995 2121 4050 ιαὶ
2147 3996 2241 4051 οὐκ
2258 3991 2432 4057 ἄλλως
2558 3991 2760 4071 ἅλλος)⁶
2799 3996 2910 4052 ἀντὶ
2939 4005 3053 4076 τοῦ,
3091 3997 3564 4076 προνοητικώτατα
3585 4003 3677 4057 καὶ

309 4085 426 4150 cibi
461 4107 473 4144 :
509 4083 666 4166 quod
725 4081 855 4163 ipse
913 4098 1046 4142 eum
1081 4081 1450 4161 praeparasti,
1483 4087 1542 4140 et
1573 4098 1692 4140 non
1721 4079 1898 4140 aliter
1930 4097 1942 4139 :

2052 4091 2360 4161 >εοπρεπῶς.
2393 4087 2510 4158 Θεῷ
2567 4085 2666 4164 γὰρ
2724 4086 2914 4164 πρέπει
2965 4088 3182 4142 τοιαῦτα
3218 4088 3538 4164 ἑτοιμάζειν,
3598 4092 3677 4145 ὧν

308 4175 478 4259 quasi
499 4175 993 4247 diceret,summa
1046 4169 1418 4259 providentia
1445 4187 1514 4259 ac
1546 4169 1724 4248 digne
1755 4170 1946 4248 maje-

2052 4176 2087 4229 i'i
2139 4169 2636 4249 μεταλαμϐάνονται
2669 4175 2739 4239 είς
2785 4173 2930 4240 ἅξιαν
2990 4181 3120 4230 Θεοῦ
3148 4173 3232 4231 διὰ
3260 4183 3360 4244 τῆς
3392 4179 3674 4253 μετανοίας

307 4257 460 4329 state
489 4264 712 4328 divina.
740 4260 857 4324 Ceo
891 4260 1050 4322 enim
1085 4258 1363 4321 convenit
1416 4257 1552 4320 talia
1585 4276 1944 4340 praeparare,

2052 4260 2370 4320 ἱναϐαίνουσι
2386 4285 2423 4320 δ.

304 4374 560 4439 quorum
593 4355 695 4436 qui
728 4354 874 4416 liunt
909 4348 1254 4432 participes,
1291 4347 1332 4408 ii
1361 4365 1494 4439 per
1536 4349 1946 4429 paenitentiam

304 4437 720 4512 conscendunt
748 4442 821 4505 ad
855 4441 1114 4504 divinam
1148 4437 1580 4519 dignationem.
2369 4519 2374 4522 _

725 4551 940 4616 Adhuc
970 4553 1042 4611 in
1072 4565 1305 4611 versum
1335 4554 1704 4627 sequentem,
1735 4547 2052 4627 prmissa
2082 4562 2299 4608 rursus
2326 4543 2682 4611 Theodoreti
2707 4550 3034 4625 sententia,
3066 4568 3125 4612 υ.
3158 4551 3252 4614 11.

385 4663 715 4729 Athanasii
735 4670 792 4724 et
813 4658 1062 4722 Eusebii
1069 4656 1303 4720 .Altiori
1328 4673 1462 4718 vero
1485 4654 1946 4736 conlemplatio-

2113 4652 2423 4712 Ἀθανασίου
2484 4657 2571 4712 καὶ
2630 4654 2899 4718 Εῦσεϐίου.
2975 4663 3328 4738 Θεωρητικῶς
3362 4657 3416 4716 δέ
3441 4677 3457 4692 ·
3514 4658 3674 4718 Ἐπί-

305 4776 404 4823 ne:
430 4760 662 4822 Morare
685 4747 1164 4832 adhuc,inquit,o
1198 4747 1551 4818 Domine,ac
1567 4745 1691 4824 riga
1710 4745 1948 4825 profun-

2052 4764 2234 4820 ιεινον,
2259 4747 2412 4824 φησὶ.
2462 4745 2728 4823 Δέσποτα,
2779 4748 2846 4803 τὰ
2893 4748 3031 4825 βάθη
3063 4754 3162 4816 τῆς
3189 4747 3404 4825 καρδίας
3433 4751 3539 4807 τῶν
3569 4751 3674 4808 ἆν-

304 4849 520 4914 ditates
538 4842 812 4908 cordium
851 4840 1246 4902 humanorum
1278 4845 1342 4898 ut
1365 4834 1585 4917 sulcos,
1619 4841 1680 4896 et
1713 4833 1945 4897 inebria

2052 4833 2250 4914 Ιρώπων
2306 4836 2542 4912 καθάπερ
2600 4838 2746 4900 τινας
2806 4837 3042 4903 αὔλακας
3104 4836 3294 4917 ἄρδων,
3359 4842 3446 4899 καὶ
3504 4844 3674 4916 μεθύ-

305 4958 405 5003 eas
431 4957 499 5000 ac
531 4935 714 4998 redde
736 4931 1055 5010 l‘ertiles,ut
1086 4925 1556 5007 multiplicemur
1587 4925 1815 4987 fructus
1838 4925 1944 5004 ju-

2052 4945 2193 4996 rxwv,
2225 4926 2314 4982 καὶ
2357 4927 2431 4988 είς
2461 4926 2822 5006 καρπογονίαν
2867 4927 3134 5008 διεγείρων
3168 4945 3182 4959 ⁸
3245 4929 3383 4986 ὥστε
3429 4929 3672 4999 πληθυν-

303 5028 476 5092 stitiae
505 5026 770 5108 ipsorum
800 5042 814 5098 ;
877 5038 994 5082 non
1044 5019 1237 5080 solum
1272 5033 1382 5108 per
1412 5015 1824 5108 ﬂuvium_(_boc
1857 5023 1946 5077 est

2052 5019 2180 5081 νῆναι
2239 5016 2303 5075 τὰ
2355 5016 2664 5093 γεννήματα
2711 5020 2808 5084 τῆς
2853 5014 3189 5086 δικαιοσύνης
3243 5019 3438 5096 αὐτῶν,
3470 5024 3531 5079 οῦ
3561 5023 3672 5097 μό-

302 5138 410 5204 per
437 5102 686 5200 gratiam
718 5111 906 5204 sancti
935 5105 1360 5192 Spiritus),sed
1392 5115 1450 5168 et
1475 5123 1582 5204 per
1613 5103 1940 5204 stillas_ro-

2052 5125 2116 5160 νον
2158 5102 2244 5160 διὰ
2302 5111 2395 5161 τοῦ
2447 5115 2691 5182 ποταμοῦ
2751 5105 3015 5186 (τουτέστι
3067 5107 3168 5176 τῆς
3220 5115 3312 5165 τοῦ
3367 5111 3673 5184 Πνεύματος

300 5192 499 5273 renuis
551 5225 586 5268 a
635 5202 954 5283 magistris,
992 5213 1273 5280 tanquam
1306 5214 1377 5259 ex
1410 5193 1672 5258 nubibus
1701 5193 1939 5276 quibus-

2052 5195 2291 5274 ίάριτος),
2355 5192 2492 5252 ἀλλὰ
2535 5197 2621 5251 καὶ
2671 5193 2758 5252 διὰ
2806 5203 2911 5254 τῶν
2954 5202 3260 5279 φερομένων
3292 5198 3559 5277 omam,
3594 5203 3671 5267 ὡς

299 5300 433 5364 dam
469 5319 485 5364 :
519 5297 631 5359 hoc
661 5301 753 5356 est
783 5310 891 5375 per
921 5289 1205 5354 notitiam
1234 5294 1294 5349 et
1353 5285 1722 5350 intellectum
1781 5284 1940 5347 divi-

2052 5285 2169 5364 παρά
2198 5290 2356 5340 τινῶν
2387 5283 2622 5364 νεφελῶν
2647 5292 2755 5342 τῶν
2785 5283 3140 5369 διδασκάλων,
3165 5289 3404 5350 τουτέστι
3434 5288 3520 5347 διὰ
3562 5297 3670 5348 τῶν

300 5406 518 5455 narum
548 5374 1020 5466 Scripturarum.

2052 5374 2314 5450 ιοημάτων
2346 5380 2454 5431 τῶν
2479 5374 2634 5431 θείων
2665 5381 2907 5458 Γραφῶν.

1467 5482 1544 5547 Et
1577 5483 1642 5545 in
1663 5481 1949 5564 proxime
1973 5499 2288 5544 annexum
2310 5499 2368 5544 υ.
2407 5481 2504 5545 l2.

378 5607 780 5674 Athanasius.
815 5601 987 5679 Quod
1023 5599 1200 5682 igitur
1251 5597 1324 5662 ad
1352 5595 1668 5660 verborum
1697 5613 1940 5658 sensum

2103 5595 2442 5659 Ἀθανάσιος.
2507 5599 2651 5655 Κατὰ
2736 5600 2835 5676 μὲν
2920 5603 3011 5659 οὖν
3076 5603 3138 5659 τὸ
3195 5601 3382 5680 ῥητὸν,
3426 5602 3668 5660 suam?»

299 5699 428 5775 νον
493 5705 508 5726 ⁸
525 5715 759 5765 Inuum
787 5692 1167 5775 benignitatis
1189 5687 1571 5753 benedictum
1593 5683 1936 5768 appellavit.

2052 5686 2397 5765 ίρηστότητος
2443 5685 2834 5767 ιῦλογούμενον
2893 5691 2984 5748 τὸν
3026 5691 3122 5761 τῆς
3164 5693 3404 5760 εὐθηνίας
3443 5692 3666 5769 and”-

667 5834 730 5902 ν,
755 5814 818 5883 2.
901 5812 961 5864 4⁸
986 5808 1164 5875 Joan.
1193 5825 1236 5887 ι,
1270 5806 1368 5870 14.
1454 5799 1709 5870 “Joan.
1741 5820 1824 5884 vi,
1854 5801 1956 5866 83.

752 6049 756 6053 λ
776 6081 826 6117 τι
