4062 6216
263 368 358 433 581

255 531 384 583 cev”
423 509 498 572 ὡς
559 515 644 565 τοῦ
715 509 834 564 θεοῦ
895 509 1234 588 χρηστότητι
1296 509 1392 578 τὴν

255 599 502 679 χόμενον,
573 600 660 654 καὶ
711 597 952 675 εὖλογίας
1023 597 1110 654 διὰ
1167 605 1266 665 τῆς
1347 600 1587 666 εὒθηνίας
1649 600 1892 678 πληρού-

251 705 426 762 μενοκ⁶
493 691 620 762 πρὸς
675 687 730 744 δὲ
782 698 926 746 νοῦΨ
973 688 1308 768 Sequentia
1338 688 1560 766 Cyrilli
1587 697 1749 751 sunt.
1811 689 1892 752 Et

245 778 416 856 paulo
445 784 604 857 post,
637 776 978 844 Θεοδωρῆτου
1038 780 1126 834 καὶ
1172 777 1503 838 Ἀθανασίου.
1568 780 1672 846 Εἱή
1729 779 1774 836 δ’
1833 782 1893 836 ἂν

246 873 324 925 καὶ
381 871 406 922 ὃ
460 867 670 942 μέλλων
741 869 870 924 αἰὼν
916 867 1170 948 στέφανος
1231 869 1632 948 χρηστότητος,
1695 869 1776 926 διὰ
1833 873 1894 928 τὸ

246 957 294 1012 ἓν
365 957 550 1033 πολλῇ
617 957 954 1037 χρηστότητι
1025 959 1147 1022 τοὺς
1205 957 1384 1036 ἁγίους
1455 957 1508 1014 ἐν
1567 963 1709 1034 αὖτῷ
1767 983 1893 1018 στε-

245 1051 531 1124 φανουσθαι
543 1095 556 1108 ,

1199 367 1675 434 FRAGMENTA
1721 363 2109 434 COMMENT.
2165 374 2247 434 ΙΝ
2297 369 2656 437 PSALMOS.

3504 381 3618 446 58‘2

1509 510 1523 532 ν
1541 532 1556 540 _
1675 511 1684 532 ι
1807 508 1830 530 κ

1479 531 1750 590 ευιτηρεαν
1803 523 1855 566 οε
1871 543 1888 556 ο

1994 525 2112 570 eum
2139 510 2238 588 qui
2276 526 2594 588 prosperos
2624 529 2944 573 successus
2969 509 3198 589 habuit,
3228 524 3292 576 ut
3319 517 3424 592 qui
3452 537 3486 578 a
3517 519 3620 582 Dei

1978 596 2342 688 benignitate
2375 599 2752 688 commodam
2783 601 2946 664 aeris
2985 607 3337 682 temperiem
3369 611 3623 688 accepit,

1975 706 2043 748 ac
2077 692 2238 748 omni
2269 686 2691 750 benedictione
2745 699 2985 771 propter
3017 710 3360 773 prosperam
3419 686 3622 760 rerum

1977 775 2268 837 fortunam
2305 775 2416 836 fuit
2443 776 2743 856 impletus.
2778 779 2860 841 Et
2887 780 3072 860 paulo
3092 793 3247 864 past,
3277 782 3628 850 Theodoreti

1980 871 2036 926 et
2095 864 2446 927 Athanasii.
2509 865 2710 928 Fuerit
2763 886 2908 928 vero
2972 889 3194 932 corona
3247 871 3628 952 benignitatis

1979 956 2153 1016 etiam
2183 955 2446 1016 futurum
2501 957 2808 1030 saeculum,
2845 976 2914 1019 eo
2975 959 3132 1040 quod
3195 961 3256 1022 in
3288 981 3358 1024 eo
3419 982 3630 1045 magna

1981 1045 2350 1128 benignitate
2383 1046 2572 1106 sancti
2606 1047 2935 1108 coronandi
2967 1048 3109 1112 sint.

241 1154 383 1218 Item
407 1157 474 1216 in
505 1153 616 1216 illa
645 1175 660 1216 :
694 1175 722 1214 ‹
762 1155 837 1216 Et
857 1156 1060 1234 campi
1092 1156 1184 1216 tui
1204 1155 1664 1236 complebantur
1679 1159 2085 1304 pingigiding.
2119 1181 2140 1212 η
2175 1157 2501 1218 Praemisso
2549 1156 2914 1220 Theodoreti
2939 1159 3192 1222 litterati
3223 1161 3630 1244 explicatione

1776 1257 1847 1302 su
1923 1261 2025 1304 exi
2063 1290 2074 1303 .

1776 1257 2074 1306 suatexit.

315 1367 656 1430 ’Δθανασίου.
729 1371 868 1447 Πρὸς
955 1368 1006 1427 δὲ
1085 1378 1206 1428 νοῦν
1274 1368 1472 1432 πεδίοις
1563 1372 1649 1427 καὶ
1719 1372 1894 1448 γαίαις

239 1460 540 1534 παρεικάζει
651 1463 748 1524 τὰς
855 1467 964 1517 τῶν
1067 1460 1420 1519 πιστευόντων
1526 1460 1734 1539 ψυχάς.
1825 1469 1895 1518 AC

241 1547 354 1612 τοῦς
422 1551 592 1614 θείοις
651 1553 740 1608 καὶ
805 1563 1188 1626 πνευματικοῖς
1244 1551 1544 1630 χαρίσμασι
1601 1549 1893 1607 καταπιαί-

239 1659 310 1693 νει
363 1640 522 1710 Θεὸς,
574 1643 674 1696 ’ἱνα
723 1638 974 1696 δύνωνται
1027 1639 1204 1722 φέρειν
1278 1641 1400 1701 τοὺς
1464 1644 1564 1706 τῆς
1621 1637 1890 1704 εὐσεϐείας

237 1728 464 1805 καρπούς
473 1771 490 1787 .

855 1467 964 1517 τῶν
1067 1460 1420 1519 πιστευόντων

2061 1369 2410 1430 Athanasii.
2447 1363 2638 1426 Sensu
2674 1381 2811 1422 vero
2851 1361 3140 1442 spirituall
3173 1373 3475 1446 comparat
3505 1369 3626 1430 Da-

1979 1457 2074 1519 vid
2107 1457 2339 1518 animas
2400 1453 2776 1516 credentium
2835 1453 3061 1533 campis
3109 1461 3167 1514 et
3221 1458 3399 1534 agris.
3467 1456 3626 1529 Quas

1977 1546 2137 1610 Deus
2161 1543 2576 1624 spiritualibus
2608 1553 2664 1604 et
2695 1542 2911 1604 divinis
2939 1542 3116 1604 donis
3141 1545 3222 1604 ita
3244 1547 3621 1626 piuguefacit,

1979 1649 2045 1698 ut
2073 1636 2344 1718 proferre
2375 1633 2607 1714 possint
2639 1633 2872 1712 pietatis
2893 1631 3150 1696 fructus.

955 1835 1040 1899 Et
1067 1837 1134 1898 in
1157 1836 1343 1900 verba
1381 1857 1392 1894 :
1438 1857 1461 1893 ι
1503 1835 1902 1917 Pinguescant
1931 1838 2200 1914 speciosa
2237 1831 2484 1906 deserti,
2525 1853 2548 1890 ι
2585 1835 2696 1891 etc.
2730 1847 2787 1891 υ.
2829 1827 2922 1890 13.

311 1968 430 2048 (9Ἱ)
477 1969 832 2032 Ἀθανασίου.
879 1973 1016 2052 Πρὸς
1075 1970 1130 2027 δὲ
1188 1979 1306 2028 νοῦν
1357 1973 1535 2052 ὡράϊα
1563 1972 1684 2034 τοὺς
1715 1971 1896 2048 ἁγίους
1925 1973 1959 2023 8

233 2059 558 2122 ἀποστόλους
625 2063 713 2116 καὶ
765 2060 1144 2140 εὐαγγελιστάς
1205 2083 1360 2140 φησι,
1439 2064 1562 2126 τοὺς
1621 2063 1902 2140 εὐτραφεῖς

235 2151 646 2228 γεγεννέμενους
703 2166 822 2214 τοῖς
884 2164 1268 2226 πνευματικοῖς
1321 2153 1674 2232 χαρίσμασιν,
1715 2142 1898 2228 ’Ἔρη-

237 2263 326 2310 μον
355 2239 410 2296 δὲ
455 2243 560 2308 τὴν
602 2239 927 2308 Ἐκκλησίαν
985 2240 1274 2317 ἀποκαλεῖ,
1340 2242 1440 2309 τὴν
1485 2241 1648 2298 πάλαι
1700 2241 1897 2320 ἔρημον

235 2330 379 2388 οὖσαν
411 2337 514 2398 τῆς
548 2332 680 2402 περὶ
711 2339 844 2388 Θεοῦ
872 2331 1145 2410 γνώσεως.

2063 1967 2414 2029 Athanasii.
2438 1964 2784 2027 Secundum
2823 1983 2958 2027 vero
2991 1967 3470 2046 intelligentiam,
3491 1988 3630 2050 spe-

1985 2058 2147 2118 ciosa
2178 2059 2258 2116 ait
2294 2057 2453 2135 ipsos
2510 2062 2746 2115 sanctos
2796 2055 3094 2134 apostolos
3126 2065 3184 2116 et
3215 2057 3628 2139 evangelistas,

1985 2146 2084 2226 qui
2120 2146 2271 2208 bene
2305 2145 2554 2224 saginati
2589 2144 2824 2204 fuerant
2855 2143 3262 2224 spiritualibus
3286 2145 3478 2209 donis.
3517 2149 3629 2209 De-

1982 2245 2204 2298 sertum
2239 2245 2434 2298 autem
2462 2241 2630 2296 vocat
2660 2231 3012 2314 Ecclesiam,
3039 2235 3196 2314 quod
3219 2235 3361 2296 olim
3395 2237 3635 2300 deserta

1980 2345 2050 2388 ac
2083 2345 2260 2388 vacua
2291 2332 2452 2388 esset
2482 2322 2822 2404 cognitione
2853 2324 2982 2387 Dei.

753 2437 838 2500 Et
882 2439 949 2499 in
981 2438 1161 2500 verba
1185 2439 1528 2517 sequentia,
1559 2456 1616 2501 υ.
1650 2438 1706 2500 3.
1740 2437 2094 2502 Theodoreti
2123 2434 2521 2516 explicationi
2540 2431 2958 2510 subjiciuntur
2973 2429 3123 2495 haec.

308 2546 662 2627 'Aﬂzvzaiou,
695 2546 976 2626 Κυρίλλου.
1033 2549 1172 2626 Πρὸς
1236 2545 1292 2604 δὲ
1325 2556 1464 2605 νοῦν·
1504 2555 1612 2617 Τῆς
1644 2558 1736 2608 τοῦ
1768 2559 1899 2609 Θεοῦ

238 2638 478 2718 φανείσης
524 2639 943 2718 χρηστότητος,
983 2638 1014 2705 ἦ
1059 2637 1224 2695 πάλαι
1285 2637 1485 2717 ἔρημος
1545 2643 1896 2719 καρποφορή-

241 2749 336 2798 est,
393 2731 486 2785 καὶ
515 2729 570 2784 οἱ
611 2728 816 2807 βουνοὶ,
861 2730 909 2783 οἱ
963 2741 1089 2790 ταῖς
1144 2727 1450 2792 εἷδω).ικαϊς
1498 2730 1697 2794 θυσίαις
1742 2755 1896 2798 μιαι-

241 2819 462 2892 νόμενοι,
501 2819 640 2882 τοὺς
690 2820 782 2874 τὸν
829 2817 1120 2895 ἀγγελικὺν
1173 2818 1512 2894 αἱρουμένους
1542 2819 1652 2895 βίον
1683 2819 1898 2894 δεξαμε-

245 2929 336 2976 νοι,
363 2909 852 2988 εὖτρανθῆσονται.
918 2907 982 2962 Ἠ
1039 2907 1254 2982 βουνοῖς
1305 2908 1577 2978 ἀπεικάζει
1609 2909 1732 2974 τούς
1763 2911 1900 2966 κατά

241 3000 436 3076 καιροὺς
465 3000 588 3054 τῶν
623 2997 788 3074 ἀγίων
849 2995 1186 3064 Ἐκκλησιῶν
1241 2997 1591 3078 ἡγουμένους,
1639 3001 1724 3056 καὶ
1756 3008 1898 3055 Ααων

239 3084 796 3161 προεσττικότ-ας,ἧτοι
849 3085 1098 3162 ποιμένας
1132 3087 1220 3142 καὶ
1269 3084 1638 3150 διδασκάλους.
1673 3086 1898 3166 ’Ὠσπερ

241 3177 330 3253 γὰρ
381 3176 477 3244 τῆς
540 3173 694 3251 ἕλῃς
751 3175 963 3242 ἀπάσης
1021 3181 1124 3253 γῆς
1171 3175 1650 3254 ὕπέρανέχουσίτά
1680 3180 1778 3258 ὅρη
1809 3180 1897 3234 καὶ

2063 2546 2412 2625 Athanasii,
2443 2541 2691 2624 Cyrilli.
2727 2544 2812 2606 Ad
2837 2543 3202 2606 intellectum
3239 2563 3397 2607 vero:
3433 2546 3630 2627 Appa-

1981 2645 2151 2700 reute
2205 2634 2310 2699 Dei
2361 2633 2752 2710 benignitate,
2788 2652 2919 2715 quae
2969 2633 3111 2694 olim
3146 2632 3379 2696 deserta
3411 2635 3624 2712 fuerat,

1982 2727 2238 2788 fructum
2275 2725 2514 2800 feret,et
2533 2721 2721 2784 colles
2752 2722 3046 2785 idolorum
3069 2723 3374 2785 sacrificiis
3397 2725 3629 2807 polluti,

1981 2815 2377 2896 suscipientes
2411 2831 2514 2876 eos
2544 2813 2644 2892 qui
2697 2811 3020 2891 angelicam
3075 2811 3252 2872 vitam
3305 2821 3627 2889 sectantur,

1983 2904 2388 2969 exsultabant.
2419 2901 2528 2964 Vel
2559 2912 2724 2964 certe
2755 2901 3012 2964 collibus
3057 2902 3350 2964 assimilat
3372 2923 3496 2980 eos,
3530 2906 3632 2986 qui

1981 2993 2288 3075 quibusvis
2313 2990 2682 3073 temporibus
2713 3001 3052 3054 sanctarum
3081 2989 3484 3055 Ecclesiarum
3513 2995 3628 3058 du-

1981 3105 2084 3148 ces
2109 3093 2265 3157 sunt,
2301 3101 2368 3145 ac
2403 3081 2752 3163 populorum
2789 3081 3094 3162 praesides,
3125 3080 3254 3144 sive
3284 3095 3551 3164 pastores
3573 3097 3634 3148 et

1979 3175 2276 3236 doctores.
2313 3171 2826 3244 Quemadmodum
2860 3173 3018 3232 enim
3052 3179 3285 3232 montes
3338 3182 3397 3234 et
3447 3175 3630 3238 colles

245 3267 288 3320 ot
317 3266 508 3340 βοωοέ-
545 3267 650 3321 τὸν
685 3265 840 3322 αὐτὸν
897 3287 1094 3342 τροπον
1152 3267 1238 3321 καὶ
1289 3267 1326 3334 ἦ
1385 3271 1488 3322 τῶν
1550 3267 1714 3344 ἆγίων
1753 3289 1894 3342 μυσ-

1994 3273 2227 3326 ceteras
2262 3280 2469 3324 omnes
2511 3272 2686 3322 terra:
2711 3269 2911 3340 partes
2963 3260 3276 3323 altitudine
3309 3263 3624 3340 excedunt,

243 3362 488 3434 ταγωγῶν
541 3354 673 3418 ἀξία
727 3353 1031 3434 ὅψηλοτερα
1091 3361 1193 3411 τῶν
1253 3353 1430 3410 ἄλλων
1505 3355 1668 3415 ἐστιν.
1747 3359 1900 3414 Οὗτοι

250 3447 334 3500 καὶ
395 3443 728 3522 ἆγαλλίασιν
807 3445 1238 3522 περιζώννυνται,

247 3536 526 3612 πνεύματος
605 3531 973 3614 παράκλησιν.

1336 3444 1575 3502 τουτέστι
1652 3446 1750 3514 τὴν
1805 3455 1900 3504 τοῦ

1984 3353 2070 3416 ita
2099 3354 2273 3416 etiam
2308 3352 2486 3414 altior
2511 3359 2600 3412 est
2631 3350 2888 3430 dignitas
2919 3358 3260 3412 sanctorum
3292 3351 3625 3437 doctorum,

1983 3462 2158 3526 quam
2221 3442 2470 3504 aliorum
2521 3441 2830 3501 hominum
2890 3438 2963 3500 Et
2995 3439 3052 3499 hi
3086 3439 3476 3504 exsultatione
3507 3445 3630 3506 cir-

1982 3525 2464 3611 cumcinguntur,
2492 3529 2607 3590 hoc
2641 3541 2730 3590 est
2768 3525 3175 3591 consolatione
3201 3529 3467 3610 spiritus.

927 3667 1184 3730 Rursum
1211 3669 1282 3729 in
1308 3667 1495 3731 verba
1518 3667 1636 3730 ista
1671 3686 1684 3728 :
1725 3693 1748 3726 α
1795 3667 1874 3730 Et
1902 3667 2094 3731 valles
2123 3666 2521 3730 abundabun:
2550 3666 2880 3743 frumento.
2919 3683 2948 3720 ι

317 3803 624 3882 Γρηγορίου
685 3800 952 3881 Θεολόγου
1003 3804 1092 3860 καὶ
1151 3805 1485 3868 Ἀθανασίου,
1537 3805 1599 3861 Αἱ
1647 3803 1744 3880 μὲν
1801 3809 1900 3872 τῆς

254 3893 344 3966 γῆς
419 3895 509 3950 τὸν
569 3894 835 3960 αἰσθητὸν
893 3896 980 3950 καὶ
1057 3893 1346 3976 ἐφήμερον·
1408 3896 1459 3951 αἱ
1517 3892 1572 3950 δὲ
1627 3901 1732 3950 τῶν
1789 3899 1898 3970 ψυ-

254 3985 358 4059 χῶν
407 3983 512 4040 τῶν
553 3989 748 4046 καλῶς
800 3987 872 4056 τῷ
929 3983 1076 4062 λὸγῳ
1133 3984 1544 4064 γεωργουμένων
1597 3985 1689 4042 τὸν
1733 4007 1898 4040 πνευ-

2065 3801 2350 3882 Gregorii
2379 3801 2682 3880 Theologi,
2708 3807 2768 3864 et
2791 3798 3150 3861 Athanasii.
3175 3795 3518 3859 Terrestres
3541 3793 3631 3856 ni-

1985 3892 2200 3954 mirum
2247 3893 2448 3965 valles,
2483 3889 2777 3953 sensibile
2827 3888 3204 3970 diariumque
3257 3887 3625 3949 frumentum

1981 3981 2231 4044 fundent
2259 4005 2274 4056 ;
2315 3983 2532 4044 animae
2563 3998 2702 4042 vero
2735 3997 2942 4041 eorum
2975 3979 3075 4060 qui
3131 3978 3414 4059 praeclare
3441 3977 3629 4040 verbo

261 4073 461 4143 ματικὸν
519 4073 622 4128 καὶ
680 4072 916 4131 αἶώνιον.
981 4077 1040 4130 Al
1075 4076 1174 4154 γὰρ
1205 4073 1393 4148 πάλαι,
1427 4076 1613 4156 φησὶν,
1672 4075 1890 4156 ἀπορώ-

1994 4073 2131 4134 :ulti
2160 4071 2640 4152 sunt,spirituale
2665 4069 2815 4132 illud
2838 4078 3014 4149 atque
3035 4066 3634 4131 zeternumEthnico-

261 4181 390 4220 ταται
417 4169 504 4224 καὶ
531 4167 723 4242 ὕγονοι
753 4168 859 4222 τῶν
891 4167 1050 4224 ἐθνῶν
1108 4171 1278 4248 ψυχαὶ
1326 4173 1670 4242 πνευματικῷ
1705 4168 1896 4246 καρπῷ

1994 4179 2112 4223 rum
2138 4163 2297 4227 enim
2331 4161 2939 4242 animae,inquit,quaa
2967 4158 3110 4248 olim
3139 4157 3551 4248 egentissima;
3572 4180 3634 4223 e-

265 4259 426 4329 υρπῷ
453 4255 676 4314 ἔσονται
707 4254 956 4334 πλήρεις.

1977 4260 2111 4312 rant
2130 4260 2304 4333 atque
2333 4251 2892 4332 iufecundae,t’ructu
2905 4247 3202 4330 spirituali
3220 4247 3627 4326 abundabunt.

1189 4385 1277 4448 Et
1303 4386 1370 4448 in
1399 4385 1582 4447 verba
1613 4381 1854 4457 ultima,
1891 4379 2264 4445 Theodoreto
2293 4383 2704 4463 subiungitur.

335 4489 662 4558 Ἀθανάσιος,
719 4489 930 4556 Ἀπλῶς
999 4490 1104 4575 δὲ’]

263 4580 634 4662 προλεχθέντες
698 4585 788 4639 σὺν
843 4585 990 4660 πάσῃ
1062 4583 1322 4662 προθυμίᾳ
1392 4583 1482 4637 τὸν
1547 4583 1678 4638 Θεὸν
1729 4579 1899 4655 ἀνυμ-

262 4669 486 4748 νάσουσι,
521 4675 626 4741 τὴν
678 4673 926 4740 τοιαύτην
985 4671 1286 4749 μεταϐολὴν
1330 4677 1400 4748 τῇ
1441 4673 1544 4729 τῶδ
1621 4671 1904 4750 ἀνθρώπων

261 4755 634 4840 δωρησάμενον
665 4764 818 4844 τρύσει
829 4809 842 4823 .

1193 4491 1478 4556 ’Ἅπαντες
1514 4541 1528 4566 ,
1604 4490 1791 4570 φησὶν,
1851 4490 1898 4546 οἶ

2063 4489 2471 4553 Athanasius.
2525 4491 2896 4572 Simpliciter
2923 4509 3060 4553 vero
3088 4511 3100 4554 :
3136 4489 3381 4566 Omnes,
3415 4487 3628 4569 inquit,

1993 4576 2258 4657 praedicti
2313 4597 2452 4642 cum
2495 4580 2658 4642 omni
2711 4581 3014 4644 alacritate
3062 4579 3385 4642 laudabunt
3414 4577 3628 4654 Deum,

1984 4667 2089 4747 qui
2121 4667 2298 4731 talem
2351 4671 2845 4751 permutationem
2893 4679 3121 4734 natura}
3175 4671 3482 4732 hominum
3517 4668 3630 4729 do-

1987 4756 2166 4818 navit.

715 4877 788 4939 In
814 4877 1042 4958 psalmi
1069 4895 1178 4941 va
1204 4893 1448 4940 versum
1477 4878 1770 4957 primum,
1801 4881 1936 4956 post
1969 4873 2344 4937 Theodoreti
2377 4876 2850 4956 explicationem
2880 4879 3175 4957 sequitur.

334 4992 670 5054 Ἀθανασίου.
743 4995 868 5073 (98)
954 4997 1100 5054 Κατὰ
1183 4993 1238 5050 δὲ
1319 4995 1560 5072 θεωρίαν,
1660 4992 1902 5069 ἀλαλαγ-

2068 4991 2494 5055 Athanasii.At
2517 4993 2845 5056 secundum
2860 4994 3130 5055 altiorem
3153 4991 3626 5071 intelligentiam:

263 5082 390 5158 γμός
432 5087 581 5140 ἔστιν
647 5085 902 5151 ὲπινίκιος
983 5084 1146 5161 ὕμνος
1231 5085 1316 5141 ἐπὶ
1401 5085 1620 5164 ἐχθροῖς
1679 5103 1900 5140 πεπτω-

1994 5079 2256 5158 iubilatio
2281 5090 2372 5144 est
2403 5081 2674 5163 hymnus,
2709 5081 2812 5162 qui
2862 5089 3130 5145 cantatur
3155 5089 3396 5162 propter
3427 5083 3632 5143 hostes

267 5173 404 5228 αόσιν
444 5173 732 5252 ᾆδόμενος.
791 5173 886 5237 Ὠς
946 5175 1034 5231 οὖν
1094 5174 1447 5252 ἀνῃρημένων
1489 5181 1594 5229 τῶν
1624 5173 1903 5252 ἀρχόντων

268 5259 351 5316 τοῦ
379 5264 570 5327 αἰῶνος
617 5265 800 5322 τούτου
827 5263 912 5321 διὰ
955 5270 1054 5331 τῆς
1107 5271 1332 5340 Χριστοῦ
1387 5263 1698 5342 παρουσίας,
1731 5284 1903 5318 παντα

272 5351 333 5406 τὰ
357 5349 480 5420 ἔθνη
513 5354 638 5418 τοὺς
693 5355 978 5421 ἐπινικίους
1008 5353 1198 5431 ὕμνους
1254 5353 1588 5427 ἀναπέμπειν
1629 5373 1906 5430 πααρακε-

274 5437 472 5498 λεῦεται
501 5447 584 5516 τῷ
607 5443 700 5512 τῆς
732 5445 883 5512 νίκης
913 5445 1062 5517 αἰτίῳ
1095 5450 1210 5518 Θεῴ
1240 5443 1328 5500 καὶ
1366 5449 1442 5517 τῷ
1471 5443 1690 5519 ὀνόματι
1710 5442 1903 5518 -αὒτοῦ,

275 5531 504 5588 τουτέστι
533 5539 612 5606 τῷ
638 5537 760 5608 Υἱῷ,

355 5643 640 5730 (θῇ-βακέ
675 5649 954 5730 superius
1000 5647 1272 5730 suo_loco
1313 5645 1640 5730 habentur.

363 5725 616 5806 (98mm
627 5725 922 5794 habentur
931 5727 1210 5810 superius
1221 5745 1330 5790 suo
1343 5726 1606 5800 loco,sed
1619 5731 1894 5810 pauciora
1907 5775 1922 5791 .

1987 5169 2278 5232 devictos.
2311 5168 2458 5242 Quia
2491 5172 2671 5251 igitur
2703 5171 3004 5253 principes
3062 5171 3266 5233 saeculi
3323 5171 3494 5250 hujus
3527 5190 3634 5252 per

1987 5259 2206 5323 Christi
2241 5263 2614 5340 praesentiam
2673 5262 2888 5323 sublati
2947 5269 3134 5323 sunt:
3187 5259 3412 5322 idcirco
3463 5260 3636 5340 jubet

1989 5367 2200 5411 omne
2223 5357 2526 5429 gentes,ut
2558 5351 2766 5414 laudes
2787 5351 3180 5434 triumphales
3201 5349 3324 5412 Deo
3357 5349 3632 5430 offerant,

1987 5447 2052 5500 ut
2077 5439 2178 5519 qui
2213 5457 2387 5501 causa
2416 5440 2596 5503 fuerit
2621 5441 2885 5504 victoriae
2917 5461 2933 5525 ;
2967 5451 3026 5504 et
3059 5441 3287 5504 nomini
3334 5441 3486 5522 ejus,
3520 5439 3633 5501 hoc

1990 5539 2081 5592 est
2101 5528 2250 5590 Filio
2262 5579 2275 5592 .
2293 5530 2439 5593 Nam
2465 5531 2968 5612 quemadmodum
2983 5552 3092 5594 nos
3107 5551 3176 5594 ex
3195 5529 3632 5610 nomineipsius
