4062 6216
484 298 615 365 583

1288 300 1346 361 S.
1396 298 1820 361 ATHANASII
1864 298 2006 361 OPP
2077 297 2290 359 PARS.
2343 297 2449 358 Ill.
2505 331 2574 341 α·-
2625 296 3075 360 EXEGETICA.

3758 296 3866 363 584

489 437 937 517 cognoscimnr,
988 434 1073 497 sic
1128 435 1511 514 cognoscitur
1563 431 1739 495 etiam
1804 435 1976 498 Pater
2035 447 2141 512 per

2245 443 2318 493 uc
2351 434 2449 509 γὰρ
2479 433 2643 505 ἡμεῖς
2672 429 2756 487 διὰ
2803 439 2895 487 τοῦ
2940 432 3200 505 ὀνόματος
3263 435 3421 488 αὐτοῦ
3477 435 3861 511 γνωριζόμεθα,

491 525 736 590 Filium.

2228 519 2366 577 οὕτω
2417 522 2505 576 καὶ
2550 523 2577 577 ὁ
2612 520 2791 597 Πατὴρ
2820 518 2906 576 διὰ
2936 528 3028 577 τοῦ
3080 521 3216 580 ficii.

998 684 1272 748 Rursum
1306 687 1372 747 in
1397 692 1731 766 sequentem
1758 700 2000 746 versum
2026 684 2087 745 2.
2126 679 2429 743 Praecedit
2458 680 2756 743 similiter
2789 678 3199 743 Theodoretus
3220 680 3365 756 (99).

576 847 865 929 Cyrinus,
898 846 1293 908 Athanasius.
1318 847 1395 906 At
1426 846 1521 908 hic
1552 845 1792 927 quidem
1824 842 2142 903 verborum

496 956 712 1001 sensus
743 944 831 998 est
870 936 1216 997 historicus.
1249 937 1327 996 At
1378 937 1704 997 secundum
1768 931 2140 1014 spiritualem

494 1028 931 1107 acceptionem,
957 1024 1124 1085 valde
1172 1024 1488 1085 metuenda
1519 1033 1654 1085 sunt
1683 1022 1901 1086 Christi
1933 1038 2136 1101 opera,

498 1116 622 1178 sive
653 1116 852 1178 divina
874 1115 1002 1194 ejus
1022 1113 1326 1193 miracula,
1354 1120 1414 1175 et
1436 1113 1593 1194 quod
1617 1114 1692 1175 de
1724 1113 1921 1173 medio
1952 1108 2140 1170 nostri

498 1206 735 1267 sustulit
759 1206 1124 1284 impurorum
1185 1202 1609 1263 daemoniorum
1674 1200 2135 1263 multitudinem.

498 1294 811 1356 Multitudo
840 1301 1038 1354 autem
1071 1300 1129 1353 et
1154 1292 1512 1355 abundantia
1540 1293 1836 1372 potentiae,
1862 1307 2133 1352 resurre-

495 1385 611 1446 ctio
650 1385 839 1463 ipsius
870 1392 997 1445 est:
1032 1400 1163 1462 quae
1192 1382 1431 1462 quidem
1458 1380 1949 1443 subvertitrobur
1983 1396 2139 1439 mor-

497 1475 570 1535 tis
598 1474 932 1549 ;revocavit
960 1490 1101 1533 vero
1143 1473 1212 1532 ad
1250 1472 1760 1553 incorruptionem
1794 1470 2133 1531 universam

496 1563 753 1625 hominis
787 1573 1078 1625 naturam.
1114 1560 1265 1635 Quia
1295 1570 1491 1623 autem
1520 1560 1731 1633 Judaei,
1755 1578 1887 1621 cum
1908 1567 2125 1638 specta-

502 1661 661 1715 tores
718 1661 920 1714 essent
978 1651 1398 1712 miraculorum
1458 1650 1705 1725 Christi,
1740 1651 1841 1710 ubi
1898 1659 2138 1729 stupere

499 1742 951 1823 oportebat,ipsi
980 1759 1181 1803 eorum
1207 1750 1511 1801 auctorem
1540 1738 2057 1800 calumniabantur
2072 1756 2140 1798 ac

2314 840 2593 919 Κύριλλος,
2627 840 2962 905 Ἀθανάσιος.
3000 842 3096 899 Καὶ
3126 839 3264 897 οὕτω
3320 843 3416 917 μὲν
3474 845 3611 919 πρὸς
3641 846 3864 922 ἱστορίαν

2228 932 2357 1007 πρὸς
2389 929 2441 987 δὲ
2475 931 2843 1006 πνευματικὴν
2875 929 3103 1005 ἐκληψιν
3122 930 3236 986 λίαν
3261 928 3455 1011 φοϐερά
3484 936 3550 989 τὰ
3582 934 3711 1013 ἔργα
3741 941 3865 1010 Χρι-

2225 1021 2370 1079 στοῦ.
2426 1022 2606 1079 εἵτουθ
2676 1025 2723 1077 αἱ
2775 1023 3120 1099 θεοσημεῖαι,
3175 1024 3262 1079 καὶ
3319 1025 3401 1102 τὸ,
3464 1023 3707 1082 ἐκποδὼν
3774 1047 3867 1103 γε-

2224 1111 2397 1167 νέσθαι
2421 1118 2529 1167 τῶν
2557 1112 2861 1190 ἀκαθάρτων
2891 1109 3156 1185 δαιμόνων
3185 1113 3251 1167 τὰ
3302 1111 3507 1182 πλήθη.
3564 1114 3770 1181 Πληθος
3820 1114 3868 1169 δὲ

2222 1202 2308 1257 καὶ
2372 1201 2641 1278 περιουσία
2722 1204 2754 1269 ἡ
2830 1201 3113 1265 ἀνάστασις
3200 1201 3379 1282 αὗτοῦ,
3438 1203 3865 1282 καταστρέφουσο

2222 1291 2320 1365 μὲν
2377 1300 2468 1348 τοῦ
2513 1291 2737 1346 θανάτου
2791 1293 2852 1346 τὺ
2908 1291 3122 1367 κράτος,
3180 1290 3386 1347 ἅπασαν
3444 1290 3635 1360 δὲτὴν
3667 1293 3863 1371 ἀνθρώο

2229 1402 2321 1436 που
2374 1380 2527 1458 φύσιν
2581 1381 2651 1445 εἷς
2712 1380 2995 1458 ἀφθαρσίαν
3082 1377 3503 1451 ἅνακαινίζοδσα.
3588 1380 3736 1438 Ἐπεὶ
3807 1381 3859 1437 δὲ

2223 1466 2491 1547 Ἰουδαῖοι,
2557 1475 2661 1524 τῶν
2710 1476 2936 1547 Χριστοῦ
2992 1470 3274 1544 θαυμάτων
3330 1473 3612 1547 γενόμενοι
3656 1475 3856 1546 θεωροὶ,

2222 1554 2357 1649 δέον.
2395 1557 2806 1638 ἐκπλήττεσθαι,
2841 1560 2931 1614 τὸν
2990 1561 3339 1638 τερατουργὸν
3389 1558 3752 1633 ἐνδιέϐαλλον,
3786 1563 3867 1617 καὶ

2222 1647 2422 1705 πλάνον
2466 1648 2711 1728 ἐκάλουν,
2737 1647 3080 1715 ἔπιπλάττων
3134 1652 3161 1705 ὁ
3208 1650 3427 1725 ψάλλων
3459 1652 3613 1730 φησί,
3656 1652 3863 1709 Παύσα-

2224 1742 2335 1815 σθε,
2383 1739 2572 1795 εἴπατε
2635 1736 2689 1794 δὲ
2750 1737 2953 1813 μᾶλλον
3014 1742 3180 1816 αὐτῷ,
3235 1738 3314 1795 ὅτι
3380 1738 3592 1818 Φοϐερά
3638 1742 3703 1796 τὰ
3749 1740 3867 1819 ἔργα

499 1831 885 1912 impostorem
920 1828 1457 1904 vocabant,idcirco
1489 1829 1816 1909 objurgans
1846 1846 1949 1889 eos
1972 1826 2139 1888 Psal-

2239 1849 2339 1888 που.
2402 1832 2537 1884 Εἶτα
2592 1829 2707 1883 επεὶ
2760 1828 3071 1890 ἀπειθοῦτας
3129 1828 3288 1906 ἐώρα,
3351 1829 3501 1907 ἀφεὶς
3532 1832 3594 1885 τὸ
3628 1833 3752 1908 πρὸς
3783 1833 3865 1886 αῦ-

500 1930 588 1983 tes
618 1922 731 1984 ait:
770 1920 1143 1994 Desistite,ac
1175 1919 1372 1999 potius
1402 1919 1584 1981 dicite
1614 1919 1727 1999 ipsi
1756 1939 1769 1981 :
1804 1917 2141 1981 Tremenda

500 2021 639 2074 sunt
670 2029 850 2091 opera
887 2020 1005 2071 tua.
1041 2010 1291 2089 Deinde,
1318 2010 1598 2090 quoniam
1631 2008 1865 2069 videbat
1896 2027 1998 2068 eos
2029 2006 2143 2069 sibi

504 2119 729 2162 morem
767 2119 882 2161 non
934 2117 1169 2179 gerere,
1195 2092 1403 2159 averso
1432 2098 1505 2159 ab
1558 2098 1704 2178 ipsis
1758 2116 2038 2159 sermone
2068 2097 2142 2157 ad

501 2191 802 2252 Christum
827 2188 1146 2250 calumniis
1170 2187 1503 2268 impetitum
1521 2206 1585 2249 se
1599 2187 1890 2248 convertit
1912 2187 2140 2249 dicens:

502 2280 684 2340 Multa
716 2288 805 2341 est
836 2279 1097 2359 potentia
1149 2286 1267 2351 tua,
1300 2285 1787 2357 quatumcunque
1829 2278 2029 2338 hostes
2059 2275 2143 2336 tui

501 2370 578 2431 de
613 2380 667 2431 te
702 2370 930 2430 mentiti
964 2368 1105 2441 sint,
1133 2376 1344 2447 sponte
1402 2384 1507 2428 sua
1535 2367 1739 2428 oculos
1796 2366 2144 2428 claudentes

501 2461 573 2521 ad
606 2458 867 2519 divinum
902 2466 1063 2517 tuum
1100 2456 1301 2517 lumen
1351 2455 1508 2535 quod
1565 2456 1787 2516 mundo
1847 2455 2139 2537 apparuit,

500 2551 653 2611 adeo
681 2555 743 2608 ut
776 2564 849 2607 ne
877 2545 1119 2626 quidem
1156 2545 1559 2625 praecellentia
1585 2546 2007 2607 miraculorum
2041 2564 2145 2607 eos

500 2638 572 2699 ad
612 2635 1009 2697 obedientiam
1070 2651 1415 2716 permovere
1469 2635 1746 2713 potuerit.
1803 2636 1954 2698 Nam
2010 2654 2143 2697 cum

503 2726 789 2788 Dominus
834 2733 1035 2785 noster
1083 2723 1464 2785 multitudine
1525 2725 1798 2800 potentiae
1849 2744 2013 2785 suam
2076 2744 2147 2788 ex

2225 1919 2344 1980 τοὺς
2403 1915 2758 1995 διαλέγεσθαι,
2790 1923 2867 1991 τῷ
2912 1922 3384 1997 συκοφαντουμένῳ
3440 1925 3655 1996 Χριστῷ
3702 1942 3863 1997 προσ-

2225 2005 2409 2082 ομιλεῖ
2443 2051 2459 2081 ,
2519 2007 2688 2085 λέγων
2724 2024 2741 2041 ο
2805 2004 2985 2075 Πολλή
3038 2029 3132 2064 σου
3190 2006 3227 2072 ἡ
3285 2005 3531 2083 δυναμις,
3582 2010 3625 2063 εἰ
3681 2010 3761 2063 καὶ
3817 2009 3863 2063 οἱ

2227 2096 2408 2175 ἐχθροί
2466 2118 2559 2152 σου
2617 2095 2906 2170 ἐψεύσαντό
2950 2116 3034 2174 σε,
3081 2095 3330 2159 ἑκουσίως
3393 2099 3524 2174 πρὸς
3595 2099 3656 2152 τὸ
3714 2096 3862 2176 φανὲν

2227 2189 2304 2259 τῷ
2338 2186 2525 2260 κόσμῳ
2578 2184 2724 2240 θεῖόν
2796 2206 2890 2243 σου
2932 2186 3045 2264 φῶς
3096 2186 3383 2260 μύσαντες,
3434 2188 3526 2241 καὶ
3586 2184 3722 2261 μηδὲ
3764 2187 3861 2242 τῶν

2227 2273 2495 2350 θαυμάτον
2526 2280 2625 2341 τῆς
2669 2272 2966 2352 ὖπερϐολῆς
2999 2280 3430 2353 παρενεγκούσης
3461 2276 3655 2339 αὖτοὺς
3714 2278 3783 2338 εἷς
3812 2278 3867 2331 τὸ

2228 2368 2515 2427 πείθεσθαι.
2580 2364 2785 2435 Πλήθιι
2834 2387 2934 2442 γαρ
2994 2364 3267 2439 δυνάμεως
3323 2373 3416 2422 τοῦ
3483 2368 3671 2444 Κυρίου
3725 2365 3869 2439 ἡμῶν

2228 2456 2601 2519 ἑκτελέσαντος
2660 2458 2757 2519 τὴν
2815 2457 3010 2511 οἰκείαν
3065 2454 3125 2510 ἐκ
3181 2461 3379 2531 νεκρῶν
3425 2456 3713 2512 ἀνάστασιν
3745 2456 3869 2513 κατά

2229 2551 2290 2605 τὸ
2376 2546 2721 2623 ἀνθρώπινον,
2810 2546 2857 2600 οἱ
2941 2545 3120 2624 ἔχθροῖ
3207 2547 3362 2602 αὐτοῦ
3432 2543 3674 2623 Ἑϐραῖοι
3730 2546 3870 2621 ἐψευ-

2230 2659 2390 2693 σαντο
2476 2636 2650 2693 αὒτόν·
2740 2633 3009 2692 τουτέστιν
3042 2679 3059 2710 ,
3148 2631 3489 2690 ἐνδιὲϐαλλον
3579 2637 3679 2703 τὴν
3756 2634 3869 2690 avd-

2233 2749 2440 2783 στασιν.

506 2819 753 2882 mortuis
781 2818 957 2899 (quod
983 2817 1057 2878 ad
1092 2819 1414 2880 humanam
1449 2827 1719 2878 naturam
1753 2819 1991 2891 attinet,
2026 2819 2531 2884 resurrectionem
2567 2817 2942 2899 perfecisset,
2968 2816 3415 2879 mentiebantur
3444 2817 3523 2879 de
3555 2836 3627 2880 eo
3656 2814 3868 2879 Hebrai

502 2910 709 2972 hostes
739 2910 791 2989 ej
806 2928 869 2969 us
903 2925 916 2967 :
957 2909 1069 2969 hoc
1101 2916 1192 2969 est
1224 2907 1743 2969 calumniabantur
1772 2907 1901 2987 ejus
1922 2912 2458 2974 resurrectionem.

1576 3025 1647 3087 Et
1678 3025 1745 3085 in
1772 3042 2007 3088 versum
2031 3032 2307 3107 proxime
2327 3025 2724 3089 cohaerentem
2753 3024 2815 3088 4.

585 3150 989 3223 Athanasius,
1017 3147 1313 3229 Cyrillus,
1341 3147 1671 3227 Gregorius
1695 3147 2140 3227 Nyssenus.[.i-

2310 3144 2766 3227 (ll'Aezv‘i’W‘o
2834 3144 3115 3225 Κύριλλος,
3178 3151 3215 3199 Γ
3219 3146 3471 3224 ρηγόριος
3542 3148 3769 3215 Νύσσης.
3816 3148 3865 3205 El

508 3251 626 3315 cet,
659 3240 873 3322 inquit,
904 3238 1094 3302 Judaei
1128 3247 1183 3300 te
1214 3238 1487 3317 negaturi
1519 3236 2021 3317 sinl,subjicietur
2051 3247 2149 3299 ta-

508 3349 643 3393 men
674 3330 778 3391 tibi
811 3347 915 3410 pro
949 3328 1094 3409 ipsis
1120 3337 1179 3389 et
1206 3326 1477 3389 adorabit
1512 3336 1568 3388 te
1599 3326 1792 3387 omnis
1817 3336 1999 3408 terra,
2026 3328 2151 3390 sive

509 3432 715 3500 gentes
745 3438 878 3501 quae
906 3417 1317 3481 inhabitabant
1346 3415 1806 3496 terram.Neque
1841 3417 2001 3479 enim
2032 3436 2153 3478 am-

512 3512 665 3593 plius
691 3511 957 3571 adoratio
1016 3508 1120 3570 ﬁet
1167 3507 1592 3587 Jerosolymis:
1628 3524 1762 3567 cum
1786 3506 1914 3586 jam
1947 3506 2157 3585 legalis

510 3600 725 3662 umbra
781 3599 1104 3662 cessaverit
1162 3597 1494 3660 secundum
1552 3596 1742 3658 illud:
1795 3595 2161 3659 Adorabunt

511 3708 649 3753 eum
674 3691 925 3771 quisque
949 3707 1022 3751 ex
1044 3688 1170 3751 loco
1192 3705 1299 3749 suo
1322 3685 1401 3767 “,
1428 3693 1487 3747 et
1528 3685 1796 3747 adoratio
1820 3688 1942 3765 jam
1969 3686 2069 3747 ﬁat
2097 3686 2157 3747 in

513 3781 724 3860 spiritu
752 3788 809 3841 et
838 3779 1109 3851 veritate,
1146 3797 1216 3839 eo
1250 3776 1409 3858 quod
1441 3776 1828 3854 congruentia
1859 3793 2159 3855 peragun-

512 3877 608 3929 tur
636 3886 819 3948 opera
838 3868 947 3929 Dei
976 3866 1339 3940 adorationi,
1372 3864 1568 3945 ipsius
1610 3865 2013 3946 appellatione
2041 3865 2159 3927 illis

514 3956 814 4037 imposita.
864 3955 983 4018 Ista
1044 3974 1243 4037 porro,
1293 3954 1598 4035 praedictio
1655 3964 1791 4016 sunt
1851 3954 2158 4035 praesentis

515 4047 693 4127 hujus
725 4044 1035 4126 temporis,
1070 4064 1193 4126 quo
1223 4046 1282 4105 in
1312 4042 1591 4106 omnibus
1623 4043 1902 4123 gentibus
1934 4044 2164 4105 univer-

519 4153 723 4196 sorum
754 4138 916 4197 Deus
934 4135 1168 4214 hymnis
1198 4131 1632 4213 celebratur,ac
1654 4132 1940 4195 Dominus
1963 4141 2166 4195 uoster

512 4226 688 4287 Jesus
718 4224 1009 4297 Christus,
1044 4224 1372 4285 altissimus
1397 4222 1470 4285 ab
1506 4222 1785 4285 omnibus
1814 4232 2082 4285 vocatur.

2234 3240 2322 3296 καὶ
2375 3234 2654 3307 Ἰουδαῖοί,
2716 3236 2875 3313 φησὶν
2930 3235 3246 3315 ἀρνήσονταί
3328 3256 3409 3315 σε,
3502 3236 3616 3293 ἀντ’
3678 3237 3870 3295 ἐκείνων

2235 3326 2645 3395 ῦποκλιθήσεταί
2703 3347 2784 3381 σοι
2840 3325 2927 3381 καὶ
2981 3327 3333 3404 προσκυνήσει
3395 3332 3543 3382 πᾶσα
3574 3329 3608 3396 ἡ
3640 3333 3733 3406 γῆ,
3763 3328 3869 3395 ἢτοι

2237 3422 2303 3477 τὰ
2353 3420 2475 3484 ἔθνη
2529 3418 2595 3471 τὰ
2647 3421 2999 3472 κατοικοῦντα
3062 3416 3160 3481 τὴν
3219 3419 3344 3491 γῆν.
3409 3417 3601 3473 Οὐκέτι
3660 3420 3753 3496 γὰρ
3818 3416 3865 3475 ἐν

2239 3500 2589 3579 Ἰερουσαλὴμ
2634 3508 2668 3573 ἡ
2720 3505 3099 3583 προσκύνησις,
3161 3505 3256 3572 τῆς
3315 3507 3547 3579 νομικῆς
3601 3506 3865 3582 παυσαμέ-

2246 3615 2342 3660 νης
2414 3601 2565 3658 σκιᾶς
2624 3594 2757 3651 οιατά
2807 3594 2890 3650 τό·
2956 3595 3416 3672 Προσκυνήσουσιν
3474 3598 3621 3671 αὐτῷ
3670 3596 3868 3657 ἕκαστος

2245 3683 2305 3739 ἐκ
2356 3691 2446 3741 τοῦ
2504 3686 2669 3742 τόπου
2711 3684 2890 3764 αὐτοῦ,
2955 3686 3040 3741 καὶ
3105 3689 3204 3750 τῆς
3262 3687 3669 3763 προσκυνήσεως
3737 3707 3872 3763 γενο-

2244 3796 2411 3847 μενης
2468 3776 2521 3830 ἐν
2581 3774 2839 3850 πνεύματι
2896 3776 2984 3830 καὶ
3032 3773 3276 3847 ἀληθείᾳ,
3321 3775 3683 3843 καταλλὴλων
3721 3779 3871 3854 ιργων

2242 3866 2535 3940 γινομένων
2564 3868 2634 3939 τῇ
2662 3865 3018 3942 προσκυνήσει
3054 3871 3207 3942 Θεοῦ,
3262 3868 3362 3930 τῆς
3416 3865 3578 3923 αὐτοῦ
3610 3886 3861 3943 προσηγο-

2246 3953 2359 4030 ρίας
2390 3951 2763 4019 ἕπικληθείσης
2798 3956 3012 4017 αὐτοις.
3060 3951 3352 4032 Πρὸῤῥησις
3382 3951 3437 4009 δὲ
3471 3962 3635 4012 ταῦτα
3667 3957 3754 4010 τοῦ
3782 3975 3869 4009 πα-

2249 4043 2431 4122 ρόντος
2464 4050 2669 4122 καιροῦ,
2696 4042 2811 4099 καθ’
2843 4042 2871 4097 ὅ
2902 4043 2950 4099 ἐι
2985 4041 3149 4100 ἅπασι
3176 4056 3293 4105 τοῖς
3328 4042 3528 4101 ἔθνεσιν
3558 4048 3585 4101 ὁ
3614 4052 3717 4103 τῶν
3745 4042 3869 4099 ὅλων

2249 4133 2494 4208 ὑμνεῖται
2526 4135 2681 4209 Θεὸς,
2710 4134 2798 4189 καὶ
2840 4135 2867 4189 ὁ
2932 4134 3207 4201 Δεσπότης
3266 4137 3491 4213 Χριστὸς
3550 4135 3754 4211 ὕψιστα·
3784 4153 3872 4189 πα-

2252 4224 2315 4300 ρὰ
2344 4223 2557 4282 πάντων
2585 4225 2855 4284 καλεῖται,

1166 4331 1427 4392 Rursum
1458 4330 1523 4389 in
1553 4334 1669 4391 ista
1701 4328 1879 4391 verba
1909 4350 1922 4392 :
1954 4352 1981 4384 α
2020 4327 2223 4405 Venite
2251 4333 2306 4390 et
2336 4328 2528 4390 videte
2554 4346 2746 4409 opera
2774 4328 2901 4404 Dei,
2940 4354 2967 4386 ι
3003 4336 3146 4404 etc.,
3192 4329 3252 4391 5.

601 4437 989 4501 Athanasius.
1025 4435 1255 4499 Inducit
1285 4436 1380 4498 hic
1409 4436 1809 4517 apostolorum
1842 4454 2149 4517 personam

2325 4437 2395 4514 (2)
2456 4436 2791 4500 Ἀθανασιος.
2842 4444 2957 4495 Τῶν
3013 4436 3325 4495 ἀποστόλων
3394 4440 3612 4495 ενταῦθα
3692 4436 3873 4513 εἰσάγει

521 4530 623 4611 qui
646 4530 1142 4605 doceantgentes,
1168 4526 1324 4607 quod
1357 4526 1469 4588 iste
1499 4527 1598 4607 qui
1634 4527 1692 4587 in
1714 4525 2031 4606 praesentia
2064 4542 2170 4586 sua

523 4617 852 4681 secundum
887 4635 1126 4680 carnem
1164 4616 1361 4677 divina
1394 4616 1497 4677 illa
1556 4616 1841 4677 miracula
1892 4622 2170 4694 operatus

523 4715 634 4781 est,
660 4707 790 4787 ipse
821 4706 979 4768 idem
1015 4706 1113 4780 sit,
1135 4704 1239 4782 qui
1259 4704 1399 4766 olim
1423 4722 1585 4766 mare
1605 4704 1870 4765 Rubrum
1896 4702 2165 4782 arefecit,

524 4806 580 4858 et
609 4796 886 4857 Jortlanis
905 4796 1127 4856 ﬂuenta
1141 4793 1364 4872 divisit,
1388 4795 1538 4855 adeo
1561 4801 1626 4854 ut
1654 4792 1805 4873 pede
1823 4811 1959 4854 eum
1982 4791 2171 4853 Israe-

524 4886 643 4947 lita:
676 4886 1018 4947 transirent.
1054 4884 1251 4965 lnquit
1296 4883 1510 4962 igitur:
1569 4880 1922 4961 Cognoscite
1968 4882 2169 4943 animo

523 4982 705 5055 atque
728 4974 1042 5053 intelligite
1063 4993 1133 5035 ex
1158 4971 1407 5052 singulis
1430 4990 1610 5053 quaee
1628 4971 1784 5032 bono
1807 4970 1929 5033 Deo
1961 4970 2173 5032 effecta

524 5072 683 5139 sunt,
716 5082 893 5140 quam
923 5066 972 5127 is
1000 5064 1073 5124 sit
1105 5062 1165 5123 in
1196 5061 1461 5124 consiliis
1491 5060 1615 5123 suis
1640 5060 2173 5141 incomprehensi-

525 5154 700 5217 bilis:
738 5153 1117 5216 admiremini
1167 5151 1344 5216 etiam
1375 5150 1741 5214 inell'abilem
1774 5152 1906 5231 ejus
1929 5150 2173 5231 sapien-

526 5244 694 5322 tiam,
730 5261 841 5326 per
874 5262 1050 5325 quam
1084 5244 1408 5306 humanum
1437 5260 1625 5323 genus
1642 5241 1913 5324 perducit
1940 5240 2013 5304 ad
2037 5241 2170 5323 pie-

606 5407 672 5457 “
699 5404 967 5487 Sophon.
1002 5421 1067 5487 tl,
1098 5405 1159 5468 3.

614 5567 737 5646 (99)
768 5566 902 5630 Haac
932 5567 1227 5628 habentur
1256 5565 1531 5646 superius
1554 5564 1627 5626 ad
1651 5565 1809 5626 hunc
1830 5582 2093 5627 versum.

496 5738 503 5741 4
609 5655 700 5729 tt)
732 5648 868 5711 Hau:
900 5647 1179 5728 superius
1208 5646 1283 5709 ad
1316 5646 1475 5708 hunc
1508 5662 1768 5707 versum.

2252 4528 2313 4583 τὸ
2369 4530 2683 4603 πρόσωπον,
2735 4525 3086 4584 διδασκόντων
3128 4529 3192 4584 τὰ
3248 4526 3393 4601 ἔθνη,
3429 4529 3503 4593 ὡς
3545 4528 3639 4604 ἄρα
3686 4523 3872 4587 οὗτοςὸ

2252 4615 2306 4672 ὲν
2340 4622 2405 4693 τῇ
2434 4618 2569 4673 κατά
2599 4618 2767 4695 σάρκα
2796 4618 3051 4695 παρουσία
3107 4618 3201 4675 τὰς
3245 4618 3559 4692 θεοσημείας
3603 4616 3870 4696 ἐργαζόμε-

2254 4728 2364 4777 νος,
2421 4706 2574 4770 αὐτός
2625 4708 2770 4763 ἔστιν
2813 4708 2841 4761 ὃ
2899 4704 3064 4761 πάλαι
3153 4708 3250 4774 τὴν
3322 4706 3569 4787 Ἐρυθρὰν
3630 4704 3872 4762 Θάλασσαν

2254 4794 2506 4873 ξηράνας,
2595 4796 2702 4871 μὴν
2783 4796 2871 4851 καὶ
2948 4802 3042 4851 τοῦ
3127 4794 3389 4874 Ἰορδάνου
3472 4797 3736 4871 ἀνακόψας
3816 4788 3870 4845 τὰ

2253 4884 2510 4965 ῥεύματα,
2558 4887 2629 4948 ὡς
2699 4881 2819 4942 ποδὶ
2882 4883 3165 4963 παρελθεῖν
3248 4887 3367 4949 τοὺς
3440 4887 3577 4946 υἱοὺς
3658 4877 3866 4960 Ἰσραὴλ.

2258 4976 2427 5042 Φησὶν
2517 4977 2629 5032 οὖν’
2708 4974 3069 5045 Ἐπιστήσατε
3156 4978 3249 5031 τὸν
3351 4977 3439 5032 καὶ
3535 4972 3868 5039 κατανοήσατε

2258 5070 2363 5120 τῶν
2393 5066 2493 5124 ὕπὸ
2522 5072 2614 5121 τοῦ
2670 5064 2867 5141 ἀγαθοῦ
2911 5070 3043 5120 Θεοῦ
3089 5064 3383 5141 γινομένων
3432 5065 3687 5134 ἑκάστων,
3739 5058 3865 5117 ὅπως

2258 5152 2367 5210 ἐστὶ
2416 5153 2470 5209 ἐν
2522 5152 2742 5231 βουλαῖς
2801 5151 3136 5219 ἀκάληπτος’
3212 5155 3299 5211 καὶ
3354 5156 3451 5223 τὴν
3508 5152 3724 5232 ἄρρητον
3782 5147 3867 5202 αὖ·

2255 5250 2347 5301 τοῦ
2377 5244 2565 5325 σσφίαν
2616 5240 2941 5318 θαυμάσατε,
2974 5240 3044 5299 δι’
3074 5242 3139 5311 ἧς
3168 5244 3231 5300 τὸ
3260 5242 3365 5300 τῶν
3407 5242 3687 5320 ἀνθρώπων
3738 5255 3869 5315 τινος

2339 5570 2439 5645 (2)
2471 5564 2609 5630 Haec
2640 5583 2846 5647 supra,
2881 5564 2986 5628 sed
3018 5565 3311 5630 breviora.
