4062 6216
17 5571 137 6063 ἱ

514 327 630 394 587
1299 327 1361 391 S.
1408 323 1828 393 ATHANASII
1869 325 2036 391 OPP.
2085 325 2161 390 PA

2252 324 2302 390 Β.
2349 324 2459 390 III.
2507 361 2587 373 —
2629 324 3086 395 EXEGETICA.
3765 331 3887 400 588

549 441 552 444 ’
1861 458 2074 522 Adhuc
2101 463 2167 522 in
2201 461 2537 542 sequentia.

597 625 997 700 Athanasius,
1035 623 1335 705 Cyrinus,
1369 621 1668 686 Basilius.
1703 619 1841 683 Haec
1874 631 1962 684 est
1988 621 2163 684 altior
2182 640 2218 688 Α

515 715 811 778 sententia
845 736 857 772 :
897 711 1111 777 Omnia
1141 721 1279 777 sunt
1325 713 1679 794 spiritualia,
1715 719 1773 774 et
1813 713 2162 774 holocauto~

518 814 695 880 mata,
731 811 794 866 et
823 802 1028 878 boves,
1065 813 1126 864 et
1157 804 1334 884 hirci,
1369 820 1516 883 quos
1558 801 1898 863 oblaturum
1925 819 1990 862 se
2020 819 2162 882 pro-

519 893 713 954 mittit.
738 892 1108 955 Sacriﬁcium
1135 910 1378 974 quoque
1403 891 1650 953 oﬂ‘ertur
1679 908 1814 952 cum
1849 891 2156 953 arietibus.

517 980 668 1045 Sunt
698 1000 838 1044 vero
869 983 1091 1044 arietes
1131 989 1324 1044 motus
1380 988 1559 1060 atque
1589 979 1844 1058 impetus
1873 981 2055 1040 animi
2087 979 2159 1041 ab

519 1070 810 1134 irascibili
842 1071 976 1149 ejus
1006 1079 1173 1152 parte
1203 1069 1444 1132 excitati
1479 1086 1493 1132 :
1529 1078 1628 1130 aut
1656 1077 1818 1131 certe
1848 1069 2158 1130 ratiocina-

517 1162 712 1223 tiones
743 1160 1015 1222 rectricis
1044 1160 1262 1222 animae
1310 1159 1630 1238 facultatis,
1665 1158 1974 1237 passiones
2002 1165 2164 1240 quasi

519 1250 805 1312 cornibus
838 1257 1108 1331 petentes
1140 1259 1197 1312 et
1219 1248 1887 1332 impugnantes.Bovem
1914 1265 2050 1309 vero
2075 1267 2162 1310 sa-

517 1341 875 1420 criﬁcat,qui
908 1340 1167 1421 seipsum
1192 1339 1314 1402 Deo
1339 1336 1511 1400 oﬂ‘e’rt
1534 1338 1787 1399 hostiam
1825 1338 2032 1410 vivam,
2062 1355 2169 1416 per

516 1431 783 1492 actiones
813 1431 1116 1492 honestas.
1150 1427 1344 1490 Habet
1375 1428 1534 1488 enim
1567 1427 1674 1489 bos
1704 1425 2163 1487 similitudinem

520 1519 835 1599 quamdam
892 1537 1026 1580 cum
1087 1534 1341 1599 corpore
1396 1536 1466 1577 ex
1512 1524 1672 1577 terra
1716 1515 1998 1595 formato,
2031 1532 2165 1576 cum

519 1617 693 1670 terra;
725 1608 996 1670 colendae
1027 1607 1403 1670 adhibeatur.
1436 1605 1600 1667 Hirci
1621 1621 1766 1665 vero
1798 1613 1936 1665 sunt
1986 1623 2168 1685 opera

2327 624 2659 696 ’AOava’atoz',
2741 623 3018 703 Κύριλλος,
3100 625 3403 693 Βασίλειος.
3467 631 3605 708 Πρὸς
3659 629 3716 686 δὲ
3765 630 3892 688 διά-

2250 735 2395 769 νοιαν
2429 729 2442 742 ·
2479 715 2818 789 Πνευματικά
2867 715 3036 772 πάδτα
3082 719 3168 772 καὶ
3213 719 3278 774 τὰ
3323 717 3768 800 ὁλοκαυτώματα,
3805 723 3894 777 καὶ

2248 805 2295 860 οἱ
2325 802 2471 883 βόες²
2523 805 2609 859 καὶ
2633 806 2679 858 οἱ
2713 805 2961 884 χίμαροι³
3009 808 3098 872 οὒς
3149 805 3444 863 ἀποδώσειν
3470 810 3885 888 ἐπαγγέλλεται.

2253 893 2348 949 Καὶ
2380 895 2514 966 μετὰ
2557 895 2718 969 κριῶν
2774 891 2827 948 δὲ
2885 898 3160 975 προσφορὰ
3203 897 3431 974 γίνεται.
3497 900 3607 956 Εἰσὶ
3665 899 3719 955 δὲ
3752 903 3892 978 κριοὶ

2248 983 2485 1049 κινήσεις
2519 983 2611 1038 καί
2645 983 2802 1059 ὁρμαὶ
2862 984 2968 1040 ἀπὸ
3016 993 3111 1041 τοῦ
3166 989 3387 1061 θυμικού
3444 990 3542 1054 τῆς
3574 994 3761 1069 ψυχῆς
3794 993 3895 1058 τὴν

2249 1072 2420 1149 ὁρμὴν
2451 1070 2698 1151 ἔχουσαι,
2755 1073 2789 1140 ἢ
2836 1071 3085 1152 λογισμοὶ
3136 1077 3449 1152 ἡγεμονικοὶ
3495 1079 3560 1135 τὰ
3591 1080 3733 1146 πάθη
3794 1103 3896 1137 κε-

2251 1161 2566 1238 ρατίζοντες.
2638 1169 2764 1218 Βοῦν
2823 1161 2876 1217 δὲ
2949 1168 3215 1243 ἱερουργεϊ
3285 1168 3312 1220 ὁ
3369 1169 3651 1245 προσάγων
3709 1171 3893 1227 θυσίας

2249 1256 2424 1320 ζῶσαν
2455 1251 2639 1306 ἑαυτὸν
2689 1250 2776 1307 διὰ
2819 1252 3079 1330 πράξεως,
3136 1253 3424 1333 Ἀναλογεϊ
3453 1259 3553 1336 γὰρ
3581 1265 3657 1332 τῷ
3700 1259 3758 1316 ἐκ
3787 1262 3893 1326 τῆς

2250 1339 2350 1414 γῆς
2405 1338 2687 1396 πλασθέντι
2751 1344 2987 1422 σώματι,
3034 1345 3309 1421 γεωπόνον
3355 1347 3598 1428 ὑπάρχον
3638 1351 3698 1404 τὸ
3754 1356 3899 1420 ζῶον

2250 1430 2276 1483 ὁ
2328 1429 2470 1505 βοῦς.
2533 1432 2758 1507 Χίμαροι
2819 1431 2974 1488 δὲτὰ
3025 1436 3308 1518 μετανοίας
3355 1433 3480 1513 ἔργα
3513 1453 3528 1468 ⁸
3565 1441 3680 1516 περὶ
3708 1441 3892 1518 ἁμαρ-

2249 1518 2360 1582 τίας
2415 1520 2514 1595 γὰρ
2576 1521 2978 1601 προσεφέροντο.
3048 1517 3297 1599 Θυμίαμα
3345 1523 3397 1580 δὲ
3456 1528 3490 1594 ἡ
3550 1528 3896 1588 ἀποπνείουσα

2247 1614 2352 1662 τῶν
2377 1612 2620 1684 καθαρῶν
2653 1612 2843 1689 ψυχῶν
2872 1610 3079 1675 εὖωδῖα,

519 1697 950 1778 resipiscentiae
985 1714 998 1758 :
1036 1697 1123 1760 illi
1157 1713 1414 1776 namque
1450 1713 1556 1776 pro
1585 1701 1827 1774 peccato
1851 1693 2276 1758 offerebantur.
2313 1696 2551 1758 Suﬂitus
2574 1705 2768 1759 autem
2805 1709 2891 1760 est
2944 1699 3135 1762 bonus
3165 1701 3315 1764 odor
3344 1722 3523 1784 quem
3555 1725 3722 1783 purae
3753 1708 3897 1770 ani-

517 1805 629 1849 mae
660 1786 960 1848 exhalant.

1485 1874 1564 1936 Et
1601 1875 1666 1935 in
1698 1872 1877 1937 verba
1911 1895 1924 1932 :
1967 1898 1994 1928 α
2041 1874 2262 1945 Venite,
2293 1875 2531 1950 audite,
2573 1898 2594 1931 ο
2633 1884 2774 1960 etc.,
2810 1879 2908 1940 16.

596 2039 1004 2101 Athanasius.
1039 2034 1312 2116 Apostoli
1345 2034 1586 2116 quidem
1620 2051 1737 2095 non
1775 2051 1976 2095 rerum
1999 2033 2156 2096 anti-
2187 2049 2218 2095 Β

517 2147 770 2208 quorum
804 2136 1092 2190 renovant
1122 2125 1472 2187 memoriam
1502 2142 1515 2187 :
1543 2124 1649 2186 sed
1673 2123 1940 2184 recentia
1969 2122 2159 2186 Salva-

518 2217 660 2278 toris
685 2218 873 2279 nostri
906 2220 1204 2279 mirantur
1227 2232 1432 2295 opera,
1465 2231 1598 2294 quae
1637 2212 1688 2273 is
1717 2211 1980 2273 omnium
2017 2230 2157 2274 nos-

515 2313 670 2368 trum
703 2305 1018 2369 animabus
1051 2307 1298 2385 largitus
1336 2313 1448 2366 est.

2327 2033 2657 2102 Ἀθανάσιος.
2722 2043 2781 2098 Οἱ
2866 2041 3046 2116 μέντοι
3126 2043 3416 2101 ἀπόστολοι
3493 2050 3590 2104 οὒκ
3648 2047 3895 2126 ἀρχαίων

2245 2122 2596 2204 διηγημάτων
2646 2137 2917 2188 ποιοῦνται
2951 2133 3173 2208 μνήμην
3208 2151 3222 2168 ⁸
3258 2132 3394 2190 ἀλλᾶ
3425 2136 3491 2191 τὰ
3525 2135 3613 2192 νέα
3640 2122 3894 2192 τοῧνΣω-

2245 2221 2406 2293 τῆρος
2464 2220 2618 2292 ἡμῶν
2697 2221 3018 2293 θαυμάζουσι
3098 2224 3515 2300 κατορθώματα,
3587 2225 3686 2281 ὅσα
3767 2240 3895 2292 ταῖς

2245 2305 2493 2363 ἁπάντων
2526 2310 2682 2383 ἡμῶν
2716 2314 2925 2389 ψυχαῖς
2958 2310 3272 2390 ἐχαρίσατο,

1038 2436 1189 2499 Item
1220 2437 1285 2498 in
1316 2435 1470 2516 psat.
1495 2449 1659 2496 vau
1682 2430 1872 2495 verba
1907 2453 1921 2492 :
1965 2456 1988 2487 α
2017 2432 2192 2496 Sicut
2222 2435 2429 2514 deﬁcit
2450 2399 2680 2515 fumus,
2716 2438 3028 2521 deﬁciant,
3070 2465 3096 2497 ι›
3134 2446 3273 2513 etc.,
3299 2445 3360 2502 3.

593 2599 1300 2663 Athanasii.Peccatores
1321 2613 1460 2656 vero
1493 2595 1742 2656 fortasse
1769 2592 2053 2656 dicuntur
2075 2595 2159 2674 ip-

515 2690 562 2752 si
590 2689 895 2751 dazmones
925 2687 1154 2770 peceati
1187 2686 1528 2747 inventores
1563 2705 1576 2748 :
1612 2683 1714 2763 qui
1765 2687 1942 2744 etiam
1977 2689 2040 2743 ut
2067 2683 2162 2744 fu-

517 2799 647 2842 mus
677 2779 1032 2854 deﬁciunt,a
1063 2785 1271 2840 sancto
1294 2774 1517 2856 Spiritu
1548 2772 1805 2834 submoti
1831 2790 1900 2832 ac
1932 2771 2160 2852 disper-

514 2870 564 2932 si
597 2889 612 2930 :
649 2876 793 2930 etut
823 2886 963 2930 cera
994 2867 1316 2948 liqueﬁunt
1372 2862 1830 2925 succumbentes
1876 2861 2158 2923 adventui

512 2959 754 3036 Christi,
791 2959 889 3039 qui
941 2957 1096 3036 ignis
1147 2955 1369 3016 dicitur
1417 2969 1777 3015 consumens
1809 2951 2157 3030 improbita-

514 3056 658 3109 tem.
698 3049 781 3112 De
806 3056 1022 3109 caetero
1055 3044 1290 3108 sublata
1319 3044 1654 3105 daemonum
1689 3039 2022 3122 tyrannide,
2059 3041 2157 3120 qui

513 3154 587 3200 ex
613 3137 730 3200 (ide
753 3138 1056 3216 jnstiticati
1093 3142 1252 3210 sunt,
1286 3133 1586 3196 laetantur.

2331 2595 2662 2661 Ἀθανασίου.
2721 2601 2875 2680 Τάχα
2933 2599 2988 2660 δέ
3042 2601 3344 2678 ἁμαρτωλοὶ
3394 2606 3441 2660 οἱ
3489 2609 3589 2675 τῆς
3633 2607 3893 2682 ἁμαρτίας

2248 2687 2452 2760 εὕρεταὶ
2485 2685 2727 2764 δαίμονες
2764 2706 2777 2719 ’
2840 2694 2894 2748 οἳ
2941 2693 3029 2747 καὶ
3071 2695 3144 2755 ὡς
3188 2695 3390 2757 καπνὸς
3437 2695 3756 2767 ἐπιλείπουσι,
3820 2703 3896 2769 τῷ

2243 2776 2383 2853 ἁγίῳ
2429 2780 2694 2854 Πνεύματι
2747 2779 3086 2856 ἐλαυνόμενοι
3141 2785 3228 2838 καὶ
3287 2782 3737 2859 σκεδαννύμενοι·
3804 2789 3894 2841 καὶ

2243 2867 2316 2928 ὡς
2371 2868 2537 2944 κηρὸς
2619 2869 2872 2938 τήκονται
2931 2870 3273 2948 ὒποῤῥέοντες
3341 2879 3408 2949 τῇ
3469 2873 3744 2952 ἐπιφανείᾳ
3803 2878 3897 2931 τοῦ

2246 2962 2493 3036 Χριστοῦ²
2556 2959 2614 3021 ὃς
2670 2966 2766 3038 πῦρ
2815 2958 3028 3037 λέγεται
3081 2961 3468 3019 καταναλίσκον
3518 2964 3618 3030 τὴν
3663 2969 3889 3043 μοχθη-

2243 3047 2376 3132 ρίαν.
2417 3050 2513 3103 Καὶ
2539 3046 2728 3103 λοιπὸν
2759 3049 2805 3105 οἱ
2864 3046 3228 3113 δικαιωθέντες
3288 3051 3348 3107 ἐκ
3403 3055 3653 3132 πίστεως,
3717 3076 3887 3109 καταο

2241 3131 2484 3201 λυθείσης
2557 3142 2654 3203 τῆς
2738 3137 3036 3216 τυραννίδος
3111 3146 3219 3194 τῶν
3295 3138 3580 3216 δαιμόνων,
3640 3131 3888 3219 ίεῦφραί-

2241 3245 2443 3285 νονται.

1113 3332 1253 3395 Item
1283 3334 1354 3394 in
1382 3329 1651 3408 ejusdem
1681 3327 1905 3408 psalmi
1937 3328 2121 3391 verba
2159 3347 2172 3388 :
2213 3353 2239 3385 ι
2273 3330 2496 3396 Parata
2524 3334 2688 3396 viam
2719 3340 2799 3396 ei.
2836 3336 2966 3415 qui,
3004 3356 3032 3395 ›
3070 3344 3209 3412 etc.,
3244 3337 3304 3400 5.

599 3437 1311 3516 Eusebii,Athauasii.Et
1325 3436 1665 3516 solquoque
1679 3434 1779 3496 ille
1790 3435 2037 3514 justitiaa
2051 3436 2165 3497 for-
2185 3446 2224 3494 C

518 3551 673 3594 mam
698 3533 852 3592 servi
873 3529 1236 3612 suscipiens,
1269 3547 1337 3590 ac
1364 3525 1562 3587 radios
1593 3524 1832 3587 deitatis
1855 3542 1975 3586 suae
1996 3525 2161 3604 quasi

515 3621 883 3696 subducens,
930 3621 1126 3702 deque
1159 3618 1310 3682 caelo
1364 3613 1765 3688 descendens,
1801 3613 1860 3674 in
1887 3632 2158 3696 corpore,

514 3712 635 3773 imo
687 3730 824 3773 vero
878 3711 1056 3773 etiam
1113 3709 1174 3770 in
1205 3709 1330 3789 ipsa
1367 3713 1579 3780 morte,
1615 3702 1856 3764 sustulit
1886 3703 2162 3766 tenebras

516 3801 826 3864 hominum
851 3800 1068 3862 animis
1093 3796 1412 3861 otiusas.Et
1439 3795 1579 3856 licet
1609 3794 1670 3854 in
1699 3803 1958 3855 nostram
1985 3812 2158 3855 vene.

509 3893 587 3953 rit
609 3889 1492 3972 paupertatem,propriamque
1515 3883 1760 3964 gloriam
1794 3901 1900 3963 per
1927 3901 2160 3945 ωεοηο-

510 3982 690 4042 miam
718 3983 931 4040 umbra
957 3976 1400 4058 quodammodo
1420 3973 1916 4052 obscurarit,cum
1932 3973 2007 4034 ad
2042 3973 2153 4033 ho-

510 4071 706 4132 mines
725 4069 1223 4146 descenderet,ac
1243 4083 1484 4128 carnem
1500 4061 1833 4124 inhabitare
1853 4062 2152 4144 coepisset,

506 4158 899 4223 nihilominus
931 4166 1128 4219 tamen
1162 4155 1449 4217 Dominus
1481 4161 1571 4215 est
1600 4170 1820 4212 nomen
1843 4151 1978 4232 ipsi.
2007 4153 2152 4214 Nam

508 4250 686 4312 etiam
715 4250 892 4310 homo
925 4248 1117 4310 factus
1143 4264 1260 4306 non
1285 4243 1463 4306 desiit
1494 4260 1627 4303 esse
1652 4240 1824 4302 Deus.
1859 4241 2157 4302 Jubentur

507 4340 691 4420 igitur
721 4339 908 4400 sancti
935 4335 1196 4415 apostoli
1241 4335 1332 4395 his
1362 4333 1579 4405 verbis,
1614 4343 1679 4391 ut
1713 4330 2078 4393 exsultantes
2099 4339 2156 4392 et

507 4429 826 4492 laudantes
847 4428 1024 4508 pleno
1049 4442 1230 4489 cursu
1251 4423 1322 4485 ad
1345 4421 1602 4502 gentiles
1624 4421 1987 4495 ferantur,ac
2005 4421 2153 4482 viam

2330 3438 2599 3516 Εὖσεϐίου,
2690 3441 3025 3504 Ἀθανασίου.
3121 3445 3220 3502 Καὶ
3304 3448 3332 3501 ὁ
3389 3451 3487 3513 τῆς
3552 3445 3893 3515 amatos-5m:

2246 3525 2420 3604 ἥλιος⁹
2469 3531 2677 3611 μορφὴν
2727 3529 2914 3588 δούλου
2969 3530 3177 3609 λαϐὼν,
3232 3535 3319 3590 καί
3375 3537 3470 3600 τὰς
3527 3536 3748 3602 ἀκτῖνας
3783 3539 3891 3606 τῆς

2245 3619 2403 3675 αότοῦ
2443 3619 2621 3697 ὥσπερ
2666 3621 2941 3685 συστείλας
2988 3621 3264 3696 θεότητος,
3299 3625 3386 3681 καὶ
3440 3622 3664 3690 καταδὺς
3714 3629 3768 3682 ἓν
3809 3629 3891 3703 τῷ

2245 3708 2478 3782 σώματι,
2513 3709 2548 3778 ἢ
2580 3712 2666 3766 καὶ
2696 3711 2748 3766 ἐν
2781 3715 2923 3785 αὐτῷ
2975 3719 3052 3786 τῷ
3103 3714 3334 3787 Θανάτῳ,
3381 3716 3442 3770 τὸ
3501 3718 3885 3796 κατακεχυμέ-

2244 3817 2332 3851 νον
2362 3802 2467 3852 τῶν
2533 3797 2867 3876 ἀνθρωπείων
2917 3805 3110 3880 ψυχῶν
3174 3802 3361 3867 σκότος
3417 3803 3684 3874 ἀπήλασε.
3733 3805 3887 3874 Πλὴν

2242 3889 2284 3944 εἷ
2328 3891 2541 3957 καὶτῆς
2572 3889 2835 3972 ἡμετέρας
2883 3890 3051 3960 ἐπέϐη
3099 3896 3374 3974 πτωχείας
3420 3897 3508 3953 καὶ
3560 3898 3658 3964 τὴν
3687 3899 3889 3956 οἰκείαν

2241 3979 2592 4053 οἰκονομικῶς
2652 3983 2958 4038 συνεσκίασε
3015 3981 3192 4062 δόξαν,
3268 3986 3365 4052 τὴν
3448 3988 3521 4048 εἷς
3578 3989 3885 4063 ἀνθρώπους

2239 4065 2602 4144 ποιησάμενος
2679 4069 2908 4147 παροδον
2985 4073 3072 4128 καὶ
3129 4074 3228 4141 τὴν
3289 4072 3540 4154 ἕνσαρκον
3603 4075 3882 4151 ἔνδημίαν,

2239 4155 2358 4212 ἀλλ’
2391 4160 2476 4214 οὖν
2513 4159 2696 4239 Κύριος
2752 4157 2921 4234 ὄνομα
2952 4163 3116 4236 αὐτῷ.
3165 4163 3262 4220 Καὶ
3304 4163 3404 4240 γὰρ
3450 4163 3722 4242 ἅνθρωπος
3783 4187 3885 4242 γε-

2238 4248 2406 4324 γονὼς
2466 4249 2560 4305 οὒκ
2621 4247 2855 4305 ἀπέϐαλε
2899 4253 2960 4307 τὸ
3019 4254 3158 4308 εἶναι
3232 4253 3390 4318 θεός.
3459 4253 3886 4333 Παραιεὴόεται

2237 4339 2409 4393 τοίνυν
2468 4340 2495 4394 ὃ
2546 4337 2706 4416 λόγος
2756 4354 2874 4403 τοῖς
2932 4344 3096 4420 ἱεροῖς
3149 4341 3471 4408 ἀποστόλοις
3496 4345 3630 4418 μετά
3662 4346 3884 4424 χορείας

2238 4429 2324 4483 καὶ
2359 4426 2616 4503 ὃμνῳδίας
2647 4431 2721 4494 εἰς
2755 4431 2816 4486 τὰ
2847 4429 2969 4498 ἔθνη
3002 4430 3250 4510 δραμεῖν,
3313 4436 3400 4490 καὶ
3451 4435 3548 4502 τὴν
3603 4433 3720 4491 ὁδὸν
3774 4440 3886 4491 τῶν

505 4519 836 4582 animarum
872 4518 1142 4597 ipsorum
1173 4532 1277 4595 per
1310 4509 1794 4595 praedicationem
1823 4520 2155 4591 praeparent

2252 4521 2432 4597 μυχῶν
2479 4522 2652 4576 αὐτῶν
2703 4521 3002 4598 εὐτρεπίσαι
3035 4509 3124 4596 ⁷τῷ
3187 4523 3293 4578 τῶν
3350 4522 3488 4580 ὅλων
3547 4521 3885 4599 παμϐασιλεῖ

509 4611 926 4671 universorum
953 4606 1119 4685 Regi.
1158 4605 1421 4667 Occasus
1451 4619 1591 4661 vero
1613 4601 1792 4662 etiam
1823 4618 1890 4662 ac
1920 4609 2151 4682 noctes,

507 4700 779 4762 fortassis
801 4706 942 4759 sunt
999 4697 1238 4771 animae,
1291 4710 1424 4775 quae
1456 4709 1524 4753 ex
1559 4689 1684 4752 sole
1708 4690 1954 4769 justitiaa
1985 4690 2151 4752 exci-

506 4790 652 4852 dent
685 4809 698 4849 :
734 4807 768 4850 a
801 4785 1017 4870 quibus
1038 4784 1312 4849 Christus
1341 4780 1565 4844 erroris
1597 4778 1878 4842 tenebras
1909 4780 2154 4862 depule-

505 4889 618 4957 rat,
649 4878 990 4941 inhabitans
1021 4874 1168 4958 ipsis
1201 4891 1307 4956 per
1334 4873 1540 4935 ﬁdem.

2237 4605 2322 4662 διὰ
2371 4607 2463 4663 τοῦ
2493 4609 2857 4686 κηρύγματος.
2888 4614 3012 4667 Εἶεν
3046 4609 3089 4666 δ’
3134 4611 3197 4667 ἂν
3226 4611 3418 4689 δυσμαὶ
3465 4614 3645 4670 εἵτουν
3695 4616 3880 4680 νύκτες

2235 4697 2321 4752 καὶ
2366 4697 2416 4751 αἱ
2447 4704 2539 4754 τοῦ
2586 4703 2686 4764 τῆς
2731 4697 3067 4767 δικαιοσύνης
3107 4701 3259 4769 ἡλίου
3304 4703 3619 4761 ἐκπεσοῦσαι
3653 4705 3828 4783 ψυχαί
3863 4720 3879 4736 ⁸

2233 4785 2308 4842 ὦν
2338 4788 2560 4864 Χριστὸς
2590 4787 2681 4843 τόν
2710 4787 2805 4855 τῆς
2856 4787 3063 4858 πλαίνης
3119 4792 3280 4872 ζόφον
3331 4791 3609 4874 ἐξήλασεν³
3656 4793 3880 4865 ἐνοική-

2234 4897 2330 4939 σας
2362 4875 2556 4941 αὐταῖς
2586 4875 2671 4933 διὰ
2700 4878 2952 4942 πίστεως,

1101 4980 1254 5044 Item
1287 4982 1355 5041 in
1380 4979 1605 5058 psatm.
1637 4993 1800 5039 Lxxu
1828 4977 2010 5041 verba
2039 4999 2056 5042 :
2091 4991 2161 5039 Κα

2252 4981 2494 5040 πέλαὸων
2528 4991 2620 5042 τοῦ
2649 4992 2869 5067 γνῶναι,
2903 4991 3042 5063 etc.,
3076 5005 3135 5050 υ.
3189 4989 3289 5054 16.

587 5085 1010 5150 Atsecundum
1031 5081 1099 5144 D.
1133 5078 1524 5144 Athanasium
1547 5076 1987 5158 aitDavid,cum
2021 5077 2150 5142 exi-

507 5178 816 5241 stimarem
851 5193 1023 5255 posse
1047 5190 1144 5234 me
1173 5187 1539 5252 cognoscere
1580 5176 1698 5230 tam
1730 5167 2021 5249 profunda
2050 5176 2148 5231 tua

499 5264 995 5351 judicia,conjeci
1025 5280 1122 5324 me
1144 5263 1204 5323 in
1232 5260 1531 5323 molestias
1559 5278 1572 5319 :
1601 5276 1736 5320 cum
1769 5257 1870 5320 illa
1900 5258 2018 5320 sint
2048 5259 2144 5321 in-

507 5357 881 5422 scrutabilia.
919 5353 989 5416 Et
1015 5363 1212 5417 tamen
1243 5351 1527 5413 idoneum
1551 5366 1758 5411 eorum
1791 5366 2149 5428 cognoscen-

505 5450 716 5513 dorum
741 5455 975 5527 tempus
1008 5443 1152 5504 mihi
1183 5439 1489 5523 acquisivi.
1531 5437 1596 5500 Id
1620 5456 1760 5501 vero
1792 5446 1884 5501 est
1912 5447 2145 5521 tempus

498 5538 732 5621 judicii,
762 5535 1000 5619 quando
1023 5532 1242 5597 reddes
1266 5529 1595 5612 unicuique
1615 5528 1941 5594 secundum
1965 5547 2145 5612 opera

591 5709 673 5792 (6)
704 5708 840 5772 Ηωο
861 5706 1160 5790 superius,
1190 5703 1298 5767 sed
1326 5701 1621 5766 breviora.

2317 5085 2399 5176 (6)
2436 5087 2582 5176 Κατὰ
2615 5085 2669 5142 δὲ
2701 5089 2792 5145 τὸν
2819 5092 2964 5147 θεῖον
2989 5089 3325 5170 Ἀθανάσιον,
3358 5095 3685 5170 ὑπονοήσας,
3719 5099 3877 5176 φησὶ,

2232 5175 2298 5232 τὰ
2343 5173 2480 5232 οὕτω
2521 5175 2682 5252 βαθέα
2745 5183 2943 5256 γνῶναι
2988 5182 3242 5261 κρίματα,
3303 5183 3358 5240 ἐν
3414 5185 3569 5258 κόπῳ
3624 5173 3880 5244 ἰνέϐαλον

2229 5265 2481 5345 ἐμαυτὸν,
2513 5265 2607 5322 ἅτε
2665 5266 3086 5346 ἀνεξερευνήτων
3131 5271 3321 5336 ὄντων.
3365 5273 3512 5343 Πλὴν
3555 5276 3647 5332 τὸν
3690 5275 3879 5333 δέοντα

2229 5357 2303 5445 εἷς
2347 5356 2463 5445 τὴνΔ
2500 5358 2685 5413 τοῦτον
2735 5363 2933 5436 γνῶσιν
2990 5359 3205 5438 ἐμαυτῷ
3275 5369 3603 5444 πεπόρισμαι
3660 5367 3876 5445 καιρόν.

2228 5443 2392 5507 Οὗτος
2422 5441 2475 5498 δὲ
2503 5445 2572 5510 ἧν
2601 5446 2630 5501 δ
2660 5454 2752 5504 τοῦ
2779 5445 3119 5526 δικαστηρίου
3155 5455 3369 5532 καιρὸς,
3422 5441 3515 5511 iit:
3571 5441 3879 5520 ἀποδώσεις

2227 5532 2435 5609 ἑκάστῳ
2482 5534 2617 5594 κατά
2672 5536 2738 5593 τὰ
2798 5535 2926 5618 ἔργα
2979 5542 3159 5606 αὐτοῦ,
3211 5544 3342 5602 Τότε
3393 5545 3495 5624 γὰρ
3534 5541 3771 5622 ἀκριϐῶς
3827 5548 3880 5603 οἱ
