4062 6216
277 368 378 433 593
894 371 992 432 DE
1037 364 1344 433 TITULIS
1390 371 1873 434 PSALMORUM.
1942 407 2012 416 —-
2085 375 2529 438 ANTONELLI
2576 377 2999 440 PR/EFATIO.
3221 337 3224 340 ἢ
3450 381 3567 444 594

268 506 584 586 apostolicae
612 524 678 568 se
704 506 952 569 minime
972 508 1278 578 sisterent,
1313 511 1668 584 congregata
1690 503 2038 566 estdemum
2071 507 2339 570 Romana
2369 508 2632 588 synodus
2663 508 2724 569 in
2749 529 2868 570 una
2898 529 2965 572 ex
2989 512 3202 573 vestris
3234 513 3574 578 titularibus

263 599 545 680 ecclesiis,
571 600 673 662 ubi
700 604 1002 662 Romanus
1026 601 1349 682 praesbyter
1379 600 1510 660 Vito
1545 607 1869 660 conventus
1899 599 2126 678 agebat.
2167 600 2218 662 Is
2236 602 2396 662 enim
2425 623 2542 665 una
2565 622 2699 664 cum
2729 605 3048 667 Vincentio
3070 606 3325 670 Nicaeum
3348 609 3572 689 synodo

261 693 536 764 interfuit,
571 704 632 757 et
663 701 800 774 quia
829 693 1008 756 ambo
1062 703 1288 757 rectam
1323 692 1632 755 Athanasii
1668 692 1841 753 tidem
1892 711 2244 771 morumque
2299 694 2695 773 integritatem
2731 697 2916 777 probe
2951 701 3248 776 cognitam
3286 720 3574 782 perspec-

258 795 486 868 tamque
510 789 834 864 habebant,
869 787 1196 850 verisimile
1226 786 1546 849 admodum
1583 794 1693 865 est,
1726 785 1876 846 sicut
1912 804 2015 865 pro
2047 787 2328 850 Marcello
2360 789 2669 870 Ancyrano
2701 791 3002 873 episcopo,
3035 795 3219 857 multo
3255 795 3440 874 magis
3467 813 3574 877 pro

255 882 621 943 sanctissimo
671 883 1078 945 Alexandrino
1104 882 1376 950 antistite
1423 879 1824 943 testimonium
1861 899 1965 942 eos
1994 881 2212 944 dixisse
2246 884 2304 944 in
2337 903 2506 946 sacro
2537 885 2636 946 illo
2671 896 2989 961 conventu,
3026 887 3125 970 qui
3168 891 3433 951 unanimi
3465 909 3572 952 su-

257 994 572 1056 premoque
595 976 829 1057 judicio
861 977 1175 1041 Athanasii
1207 975 1615 1040 innocentiam
1646 975 1931 1037 adversus
1961 976 2317 1038 Arianorum
2377 978 2547 1040 dolos
2576 999 2643 1040 ac
2677 981 2918 1043 fraudes
2951 981 3287 1060 vindicavit,
3324 1002 3575 1064 eamque

257 1073 548 1133 sententia
580 1090 685 1132 sua
717 1072 982 1134 veritatis
1003 1091 1071 1134 ac
1090 1070 1338 1152 justitize
1373 1070 1697 1152 ponderata
1726 1069 2064 1151 libramine,
2095 1073 2467 1134 manifestam
2503 1075 2781 1137 omnibus
2812 1093 2880 1137 ac
2904 1083 3170 1138 testatam
3208 1096 3339 1139 esse
3367 1078 3572 1144 voluit.

258 1164 648 1237 Quamobrem
683 1165 949 1247 pontifex
980 1165 1196 1243 Julius,
1232 1163 1384 1226 datis
1413 1163 1638 1226 deinde
1688 1165 1902 1227 litteris
1931 1163 2003 1226 ad
2034 1165 2261 1227 clerum
2296 1177 2354 1228 et
2414 1168 2692 1248 populum
2726 1170 3218 1251 Alexandrinum,
3254 1171 3469 1252 quibus
3500 1175 3576 1235 de

257 1259 556 1321 Athanasii
586 1261 659 1321 ad
693 1279 800 1322 eos
829 1260 1026 1322 reditu
1054 1258 1380 1339 gratulatus
1412 1266 1521 1332 est,
1551 1266 1682 1339 post
1712 1259 1914 1338 plures
1944 1258 2175 1338 laudes,
2209 1259 2425 1340 quibus
2457 1272 2724 1324 sanctum
2759 1264 3104 1343 episcopum
3141 1267 3348 1327 merito
3377 1268 3569 1330 effert:

260 1351 399 1423 Quid
433 1363 654 1426 autem,
691 1353 906 1434 inquit,
943 1362 1104 1416 tanto
1137 1353 1262 1414 viro
1294 1352 1539 1432 dignum
1573 1352 1825 1432 proferri
1863 1359 2076 1432 potest,
2113 1353 2213 1433 qui
2249 1362 2355 1426 tot,
2391 1363 2448 1415 et
2479 1355 2655 1417 tantis
2707 1356 3107 1436 periculorum
3138 1359 3447 1421 exantlatis
3479 1362 3571 1421 la-

258 1446 492 1509 boribus
522 1447 799 1510 redditur
839 1448 1076 1511 tandem
1135 1447 1302 1509 vobis
1327 1447 1667 1521 incolumis,
1705 1465 1822 1508 non
1874 1446 2166 1510 beneﬁcio
2215 1449 2403 1510 nostri
2461 1452 2893 1532 tantummodo,
2923 1471 3126 1515 verum
3165 1456 3336 1515 etiam
3392 1456 3574 1518 totius

262 1541 486 1604 concilii
512 1542 744 1622 judicio
778 1543 912 1604 talis
955 1545 1298 1606 declaratus
1325 1549 1352 1605 ’ἲ
1380 1545 1515 1604 Post
1550 1541 1673 1603 haec
1696 1548 1918 1614 autem,
1955 1541 2240 1602 malorum
2277 1541 2582 1604 hominum
2608 1543 2744 1604 odio
2776 1563 2844 1605 ac
2877 1546 3094 1607 invidia
3128 1547 3316 1624 magis
3349 1549 3572 1628 magis-

262 1655 368 1716 que
393 1637 701 1716 gliscente,
734 1657 1037 1716 novasque
1068 1656 1312 1718 semper
1341 1637 1585 1699 insidias
1629 1644 1835 1696 contra
1868 1629 2180 1698 Athanasii
2215 1655 2430 1698 nomen
2466 1637 2845 1700 molientibus
2898 1641 3160 1720 Arianis,
3195 1640 3575 1705 Sardicensis

157 1794 172 1801 ,
262 1733 618 1793 mcumenica
642 1732 900 1812 synodus
931 1739 1254 1795 convocata
1275 1740 1384 1803 est,
1409 1731 1503 1793 cui
1533 1731 1649 1792 duo
1684 1730 1939 1793 Romani
1971 1729 2310 1811 presbyteri
2338 1731 2741 1793 Archidamus
2768 1741 2826 1794 et
2853 1734 3217 1798 Philoxenus
3242 1755 3374 1797 cum
3395 1737 3574 1800 Hosio

266 1825 627 1888 Cordubensi
661 1829 966 1908 episcopo,
1002 1829 1242 1889 nomine
1273 1845 1341 1890 ac
1389 1828 1518 1888 vice
1545 1824 1687 1888 Julii
1718 1823 2014 1905 pontiﬁcis
2048 1825 2408 1904 praefuerunt
2441 1843 2456 1900 ;
2493 1825 2552 1886 in
2585 1825 2695 1887 hac
2728 1845 2863 1888 vero
2898 1828 3202 1890 Athanasii
3235 1829 3377 1894 fidei
3412 1833 3571 1893 inte-

258 1919 428 1996 gritas
457 1917 708 1998 vitaeque
742 1919 1019 1982 sanctitas
1049 1938 1260 1982 rursus
1289 1917 1363 1980 ab
1397 1920 1668 1980 universa
1697 1918 1922 1998 synodo
1952 1919 2147 1998 agnita
2178 1928 2288 1999 est,
2325 1927 2381 1980 et
2419 1920 2686 1982 omnium
2747 1921 3040 2000 suffragiis
3071 1932 3276 1984 contra
3311 1926 3572 2004 perfidos

260 2021 316 2073 et
341 2011 644 2074 catholicae
683 2011 944 2074 veritatis
975 2023 1033 2074 et
1079 2014 1388 2076 Athanasii
1420 2014 1776 2075 innocentiae
1806 2012 2086 2074 inimicos
2114 2012 2524 2093 comprobata.
2584 2012 2698 2076 Sed
2731 2034 3016 2094 quorsum
3070 2016 3194 2078 haec
3229 2025 3344 2078 tam
3398 2020 3572 2099 longe

254 2105 522 2184 repetita.
559 2113 616 2166 et
645 2105 718 2167 ab
744 2105 881 2166 altis
909 2116 1180 2170 revocata
1217 2105 1556 2188 principiis?
1584 2106 1904 2179 Nimirum,
1933 2117 1994 2167 ut
2030 2125 2241 2168 omnes
2273 2106 2628 2188 intelligant,
2657 2125 2827 2186 quam
2861 2117 3329 2172 consentaneum
3355 2120 3412 2172 et
3431 2131 3574 2176 con-

257 2199 498 2262 veniens
529 2197 732 2279 fuerit,
763 2208 827 2260 ut
852 2218 999 2279 Opus
1031 2199 1093 2262 S.
1126 2199 1458 2273 Athanasii,
1493 2201 1663 2279 cujus
1699 2202 1757 2259 Β.
1788 2200 2183 2280 Hieronymus
2211 2199 2505 2273 meminit,
2534 2199 2692 2280 quod
2719 2199 2799 2280 pii
2829 2219 2896 2262 ac
2933 2201 3149 2263 eruditi
3173 2203 3448 2266 homines
3470 2205 3572 2268 diu

249 2293 692 2368 desiderarunt,
728 2303 788 2356 et
829 2293 1046 2357 frustra
1075 2301 1410 2376 quaesitum,
1445 2294 1620 2355 veluti
1650 2293 1932 2355 amissum
1969 2312 2038 2354 ac
2070 2292 2449 2374 deperditum
2478 2295 2945 2374 complorarunt,
2971 2313 3104 2356 cum
3135 2313 3292 2358 nunc
3314 2298 3570 2376 primum

249 2389 308 2450 in
341 2388 535 2451 lucem
583 2388 856 2471 prodeat,
893 2389 1036 2450 illud
1073 2399 1267 2451 vestro
1303 2388 1519 2452 illustri
1554 2387 1780 2450 nomini
1814 2387 2190 2469 inscriptum,
2225 2396 2283 2448 et
2332 2385 2520 2460 vobis,
2557 2389 3015 2450 eminentissimi
3047 2392 3274 2466 Patres,
3309 2390 3569 2455 dicatum

250 2485 307 2545 in
341 2483 651 2564 publicum
687 2485 920 2546 edatur.
946 2487 1067 2549 Vos
1099 2485 1258 2546 enim
1285 2484 1438 2546 sacri
1463 2483 1623 2544 illius
1653 2489 1918 2560 senatus,
1953 2481 2055 2561 qui
2082 2498 2361 2558 magnum
2397 2480 2786 2542 Athanasium
2819 2481 2891 2542 ad
2924 2480 2991 2544 Β.
3019 2482 3177 2544 Petri
3200 2483 3574 2562 cathedram,

249 2579 316 2640 ad
345 2587 617 2639 centrum
652 2577 918 2652 unitatis,
949 2577 1020 2640 ad
1054 2579 1276 2640 fontem
1302 2577 1610 2640 catholicae
1647 2573 2089 2637 communionis
2129 2572 2570 2651 confugientem
2627 2574 2978 2655 complexus
3009 2583 3120 2652 est,
3155 2576 3318 2651 fovit,
3352 2585 3572 2641 tutatus

249 2682 356 2752 est,
392 2673 550 2734 vices
573 2673 802 2743 tenetis
829 2681 886 2734 et
907 2673 1253 2749 dignitatem
1281 2694 1297 2754 ;
1324 2673 1444 2734 imo
1475 2690 1611 2733 vero
1635 2689 1771 2732 cum
1803 2668 1863 2730 in
1893 2677 2152 2730 vestrum
2185 2667 2582 2728 clarissimum
2617 2677 2834 2730 emtum
2869 2676 3090 2750 praeter
3119 2678 3373 2751 septem,
3411 2689 3571 2733 nunc

248 2786 383 2829 vero
431 2785 533 2827 sex
565 2765 902 2828 cardinales
933 2767 1243 2846 episcopos
1275 2765 1532 2828 urbanos
1562 2783 1667 2826 seu
1717 2762 2190 2836 suburbicarios,
2225 2762 2601 2825 selectissimi
2633 2783 2702 2824 ex
2737 2771 2857 2824 toto
2889 2765 3034 2827 orbe
3057 2766 3233 2843 juxta
3263 2783 3568 2828 sacrorum

247 2880 540 2922 canonum
577 2859 921 2940 praescripta
959 2861 1042 2940 (3)
1098 2881 1132 2922 a
1163 2861 1446 2925 Romanis
1478 2859 1857 2941 pontificibus
1903 2857 2217 2938 cooptandi
2263 2857 2404 2937 sint,
2438 2857 2776 2918 admirabili
2807 2857 3022 2921 divinas
3053 2858 3448 2922 Providentia;
3508 2861 3572 2924 in

244 2955 512 3030 Ecclesia
545 2973 651 3016 sua
683 2953 999 3032 dirigenda
1030 2975 1097 3016 ac
1119 2955 1504 3034 gubernanda
1525 2953 1774 3016 consilio
1800 2971 1872 3014 eo
1903 2952 2188 3032 perducta
2222 2971 2318 3014 res
2339 2961 2447 3022 est,
2485 2960 2549 3013 ut
2577 2952 2984 3033 amplissimus
3014 2963 3216 3017 vester
3241 2955 3386 3016 ordo
3407 2974 3441 3017 e
3463 2955 3571 3018 tri-

245 3049 350 3110 bus
387 3047 688 3128 supremis
720 3047 780 3109 in
814 3049 1084 3112 Ecclesia
1116 3048 1450 3124 ordinibus,
1485 3065 1702 3128 nempe
1760 3046 2080 3126 episcopis,
2117 3045 2494 3127 praesbyteris
2526 3054 2583 3108 et
2633 3046 2988 3109 diaconibus
3020 3047 3086 3110 L.
3121 3050 3192 3109 Β.
3234 3050 3306 3112 Ε.
3369 3049 3571 3112 cardi-

245 3141 479 3203 nalibus
512 3141 882 3220 compositus
915 3160 984 3203 ex
1028 3143 1304 3203 universo
1336 3152 1629 3204 terrarum
1682 3139 1848 3208 orbe.
1885 3147 1949 3200 ut
1989 3147 2206 3202 sanctae
2241 3142 2523 3204 Ecclesia:
2563 3157 2822 3202 canones
2854 3141 3097 3222 provide
3145 3145 3570 3224 sapienterque

246 3233 699 3314 consuluerunt,
727 3233 963 3296 selectis
995 3243 1171 3316 atque
1200 3235 1524 3316 arcessitis,
1551 3251 1671 3295 non
1697 3232 1873 3294 modo
1897 3233 2165 3312 antiqum
2195 3237 2526 3298 Romanum
2564 3234 3010 3316 praesbyterium
3042 3240 3570 3319 repraesentet,sed

247 3325 526 3388 Romanas
560 3326 796 3406 synodi,
831 3347 962 3410 quae
1009 3347 1042 3388 a
1075 3328 1279 3406 primis
1306 3325 1613 3390 catholicae
1653 3327 1792 3388 tidei
1827 3325 2197 3406 temporibus
2254 3330 2520 3390 Romano
2555 3326 2820 3407 pontifici
2869 3330 3236 3406 gravissimis
3264 3330 3338 3391 de
3389 3330 3570 3393 rebus

245 3440 482 3500 semper
526 3421 754 3496 aderat,
787 3429 844 3482 et
890 3441 1066 3503 quam
1114 3423 1300 3485 Graeci
1334 3422 1700 3498 ἐπιδημοῦσαν
1744 3439 1849 3483 seu

1961 3421 2218 3495 ἰημιῦσκν
2269 3429 2498 3493 vooant,
2536 3430 2594 3482 et
2625 3439 2733 3498 ego
2782 3421 3064 3483 vocabulo
3099 3423 3354 3486 fortasse
3410 3425 3565 3486 haud

245 3516 443 3593 inepto
475 3505 836 3591 praesentem
871 3514 1147 3588 dixerim,
1182 3515 1373 3576 locum
1410 3514 1658 3596 adeptus
1684 3515 1758 3576 sit
1791 3522 1848 3575 et
1885 3513 2290 3575 auctoritatem
2329 3536 2342 3572 :
2395 3516 2536 3589 quin
2571 3513 2770 3586 etiam,
2803 3514 2960 3595 quod
3015 3514 3192 3590 longe
3224 3517 3409 3597 magis
3441 3525 3560 3585 est,

249 3606 598 3667 universalis
631 3606 1048 3686 quodamnodo
1082 3617 1138 3670 et
1172 3608 1504 3670 domestici.
1541 3617 1604 3669 ut
1635 3607 1747 3669 hoc
1777 3605 2019 3667 nomine
2050 3615 2208 3682 utar,
2236 3607 2475 3668 concilii
2502 3609 2770 3670 Romano
2804 3607 3065 3686 pontiﬁci
3096 3609 3380 3671 continue
3412 3612 3565 3672 assi-

250 3700 443 3762 dentis
467 3701 1022 3780 praestantissimam
1047 3701 1218 3763 nobis
1240 3703 1498 3784 speciem
1527 3699 2108 3780 pulcherrimamque
2142 3701 2455 3777 imaginem
2484 3699 2847 3770 exhibeat,et
2865 3708 3213 3780 potestatem
3247 3702 3425 3764 etiam
3448 3722 3567 3766 non

255 3795 494 3856 minima
527 3813 596 3855 ex
633 3805 805 3874 parte
837 3794 1299 3876 dignitatemque
1331 3795 1616 3858 obtineat.
1648 3795 1736 3858 Ad
1770 3797 1893 3858 haec
1927 3791 2178 3871 accedit,
2215 3791 2373 3872 quod
2409 3795 2602 3852 tenuls
2636 3791 2760 3852 hinc
2795 3791 3021 3870 ingenii
3056 3796 3167 3854 mei
3203 3794 3476 3876 facultas,
3513 3803 3572 3858 et

250 3887 302 3949 in
333 3888 764 3950 ecclesiasticis
788 3889 1035 3970 aliisque
1066 3889 1246 3952 rebus
1278 3889 1445 3952 laber
1475 3896 1531 3951 et
1564 3888 1875 3968 industria,
1906 3902 2279 3966 quascunque
2310 3902 2380 3944 ea
2426 3883 2519 3954 sit,
2557 3902 2732 3964 quam
2777 3883 2994 3964 sentio,
3025 3904 3200 3966 quam
3229 3887 3304 3948 sit
3335 3887 3565 3968 exigua,

253 3992 364 4046 tota
392 3993 597 4045 vestra
630 3991 742 4056 est,
780 3993 898 4045 tum
927 3984 1162 4047 ratione
1197 3986 1482 4052 muneris,
1511 4003 1624 4065 quo
1649 3983 1883 4060 fungor,
1912 3990 2030 4042 tum
2057 3977 2353 4042 electione
2374 3977 2720 4040 voluntatis:
2751 3977 2980 4039 ratione
3007 3978 3246 4058 quidem
3277 3982 3566 4054 muneris,

253 4077 382 4153 quia
410 4076 637 4139 abhinc
673 4077 977 4139 biennium
1003 4079 1266 4140 omnium
1292 4087 1551 4140 vestrum
1577 4075 1874 4156 suffragiis
1896 4093 1929 4136 a
1955 4072 2207 4136 secretis
2238 4070 2685 4152 prmclarissimt
2719 4071 2960 4150 collegii
2990 4073 3166 4135 vestri
3197 4076 3573 4137 renuntiatus

256 4186 395 4248 sum,
431 4179 496 4232 et
528 4169 962 4230 humanissima
991 4171 1325 4252 animorum
1359 4178 1684 4232 vestrorum
1719 4169 2153 4249 signiﬁcatione
2185 4175 2489 4246 exceptus;
2524 4164 2818 4227 electione
2847 4175 3044 4228 autem
3073 4167 3573 4250 voluntatis,quia

259 4281 348 4341 ego
379 4281 628 4343 semper
677 4264 1228 4343 praestantissimum
1262 4273 1519 4327 vestrum
1575 4275 1770 4326 cetum
1802 4282 2035 4325 summo
2067 4260 2252 4324 animi
2304 4260 2618 4340 obsequio,
2655 4269 2715 4322 at
2759 4278 2829 4322 ea
2858 4267 3268 4337 veneratione,
3305 4283 3419 4344 qua
3467 4282 3573 4344 par

259 4366 387 4430 erat,
415 4364 770 4438 prosecutus
814 4374 968 4419 sum.
1005 4356 1234 4418 Etenim
1282 4377 1316 4419 a
1349 4360 1543 4436 prima
1583 4361 1919 4437 juventute,
1953 4361 2220 4436 quamvis
2275 4371 2345 4415 eo
2399 4362 2668 4433 tempore
2713 4353 3011 4416 assiduam
3044 4355 3202 4435 apud
3255 4357 3573 4419 duodecim

259 4448 418 4523 viros,
452 4467 609 4531 quos
649 4448 813 4511 Rotas
842 4451 1146 4514 auditores
1176 4461 1408 4528 vocant,
1444 4453 1641 4514 causis
1695 4447 2136 4530 cognoscendis
2169 4465 2410 4527 operam
2443 4447 2672 4526 darem,
2707 4447 2782 4508 de
2833 4448 3136 4510 titulorum
3175 4449 3435 4530 origine,
3474 4451 3575 4530 qui

258 4558 286 4601 a
311 4551 515 4604 sancto
539 4541 806 4604 Evaristo
837 4541 1123 4606 Romanis
1145 4543 1510 4626 presbyteris
1533 4543 1832 4607 distributi
1866 4541 2232 4621 sunt,deque
2254 4559 2421 4603 sacra
2452 4541 2774 4620 liturgia,et
2795 4540 2869 4602 de
2890 4542 3162 4605 collectis
3187 4561 3292 4606 seu
3320 4545 3576 4606 eleemo-

254 4638 422 4715 synis,
460 4636 717 4717 allis-que
749 4636 948 4713 rebus,
984 4659 1116 4721 qua:
1144 4641 1216 4702 ad
1252 4641 1476 4714 titulos,
1512 4649 1569 4702 et
1600 4637 1890 4702 ecclesias
1922 4643 2148 4696 vestras
2194 4635 2592 4714 pertinebant,
2631 4635 2899 4696 libellum
2946 4636 3004 4696 in
3041 4636 3340 4716 publicam
3378 4639 3574 4699 lucem

253 4731 436 4794 emisi.
477 4733 604 4794 Nec
629 4731 813 4792 multo
846 4745 1010 4813 post,
1042 4754 1160 4796 uno
1215 4755 1284 4795 ex
1326 4743 1517 4796 vestro
1550 4731 1800 4812 collegio
1843 4739 1900 4792 et
1925 4729 2161 4808 generis
2194 4727 2524 4803 nobilitate,
2551 4736 2608 4788 et
2657 4746 2887 4790 morum
2948 4729 3284 4808 integritate
3330 4731 3569 4807 eximio,

253 4825 342 4904 qui
362 4825 736 4904 jampridem
771 4845 837 4886 ex
865 4827 975 4888 hac
1010 4829 1242 4890 mortali
1274 4829 1389 4891 vita
1427 4829 1496 4889 ad
1533 4827 1834 4889 caelestem
1872 4824 2151 4904 patriam,
2185 4831 2248 4883 ut
2302 4840 2546 4902 sperare
2591 4822 2675 4883 fas
2707 4831 2825 4902 est,
2857 4823 3150 4902 migravit,
3186 4825 3457 4888 hortante
3507 4845 3576 4888 ac

253 4921 557 4997 suadente,
587 4927 842 4980 vestrum
891 4921 1331 4983 sanctissimum
1369 4940 1608 4993 nomen,
1647 4928 2024 5000 vestramque
2078 4923 2504 4990 auctoritatem,
2547 4934 2676 4997 quas
2720 4919 3115 4997 quorumdam
3162 4919 3574 4999 improborum

253 5011 625 5072 sermonibus
652 5012 1070 5092 impetebatur,
1108 5015 1258 5076 tueri
1285 5015 1482 5076 curavi
1511 5014 1738 5095 prolixo
1761 5031 1943 5094 opere
1969 5011 2216 5091 scripto,
2243 5011 2396 5092 quod
2424 5029 2721 5092 nunquam
2751 5011 3076 5089 prodivitin
3102 5013 3576 5095 publicum,quia

257 5122 437 5183 neque
471 5105 626 5166 ratio
677 5115 1040 5185 temporum,
1077 5127 1210 5188 qum
1241 5118 1442 5190 postea
1475 5110 1800 5172 subsecuta
1832 5117 1989 5186 sunt,
2029 5124 2224 5186 neque
2254 5105 2602 5186 reipublicas
2634 5105 2879 5179 utilitas,
2916 5124 3111 5187 neque
3143 5107 3265 5170 ulla
3300 5109 3574 5186 ejusdem

258 5200 447 5276 operis
481 5199 819 5278 praestantia
850 5201 1146 5280 exigebat.
1185 5203 1406 5264 Deinde
1431 5221 1570 5265 vero
1603 5202 1882 5282 singulari
1917 5199 2316 5262 beneficentia
2344 5207 2567 5260 sanctae
2601 5199 2904 5260 momorim
2939 5202 3262 5262 Clementis
3296 5201 3398 5262 XII
3429 5220 3561 5264 cre-

263 5291 376 5354 dita
409 5293 558 5354 mihi
593 5302 682 5355 cst
709 5296 980 5358 custodia
1003 5297 1317 5360 sanctioris
1345 5298 1569 5360 archivi
1591 5299 1765 5359 castri
1791 5299 1851 5360 S.
1875 5295 2107 5375 Angeli,
2138 5301 2193 5355 et
2219 5291 2392 5372 paulo
2419 5300 2550 5372 post
2574 5309 2792 5353 munus
2819 5291 3253 5356 abbreviatoris
3281 5295 3354 5356 de
3381 5294 3576 5376 curia,
3605 5314 3608 5316 τ

262 5386 460 5466 quibus
491 5387 552 5448 iu
591 5388 968 5463 muneribus,
1003 5391 1194 5472 quoad
1234 5392 1421 5473 putui,
1457 5411 1524 5454 ea
1554 5409 1696 5454 cura
1725 5409 1792 5452 ac
1825 5389 2136 5469 diligentia
2157 5393 2420 5448 versatus
2451 5404 2606 5462 sum,
2636 5393 2698 5446 ut
2729 5403 2831 5447 vos
2863 5385 2972 5466 ipsi
2997 5389 3214 5467 saepius
3239 5389 3314 5451 de
3343 5407 3438 5451 me
3459 5389 3576 5450 ho-

264 5478 841 5542 norificentissimum
879 5482 1285 5545 testimonium
1323 5484 1642 5565 perhibere
1677 5501 1795 5544 non
1826 5476 2256 5543 dubitaveritis.
2298 5481 2533 5540 Interea
2583 5495 2724 5540 vero
2756 5477 2828 5538 iis
2855 5487 3188 5560 temporum
3223 5481 3574 5562 intervallis,

265 5589 383 5648 qua
411 5573 552 5634 mihi
601 5591 633 5632 a
667 5573 913 5654 reliquis
943 5577 1431 5657 occupationibus
1475 5577 1982 5646 concedebantur,
2024 5573 2272 5636 multum
2305 5591 2503 5652 operae
2535 5571 2878 5652 laborisque
2907 5575 3251 5655 consumpsi
3283 5581 3340 5635 in
3390 5575 3575 5637 ador-

268 5662 461 5724 nandis
489 5664 1614 5751 observationibus,Iongioribusque,si
1638 5668 1880 5750 quando
1910 5685 2059 5748 opus
2088 5666 2219 5739 fuit,
2245 5664 2768 5729 dissertationibus
2789 5666 2940 5747 typis
2962 5667 3137 5729 etiam
3163 5667 3224 5730 in
3254 5668 3560 5749 publicum

343 5795 433 5878 (3)
450 5799 678 5864 Coucil.
708 5799 976 5866 Trident.
1005 5803 1092 5866 De
1125 5805 1406 5886 reform,
1437 5821 1587 5868 sess.
1631 5818 1796 5882 xxw,
1829 5818 1957 5881 cap.
1999 5807 2053 5865 1.
