4062 6216
498 317 615 383 595
1266 323 1326 384 S.
1373 324 1799 387 ATHANASII
1845 320 2006 386 OPP.
2055 323 2249 385 PARS
2292 324 2402 385 III.
2443 357 2514 366 -
2562 326 3018 391 EXEGETICA.
3698 330 3845 394 596‘

501 458 696 531 editis,
734 476 838 538 pro
878 456 1250 539 corrigendis
1300 456 1719 522 ecclesiasticis
1768 457 2162 523 Orientalium
2194 458 2503 520 nationum
2558 459 2750 535 libris,
2786 470 2852 525 ut
2902 480 2970 523 ex
3001 463 3296 524 sententia
3339 466 3819 546 congregationis

503 552 925 614 nonnullorum
959 559 1181 615 sanetae
1217 554 1501 616 Romamn
1530 553 1815 616 Ecclesiae
1865 553 2284 629 cardinalium,
2319 555 2488 633 cujus
2520 572 2628 634 ego
2660 573 2693 616 a
2726 556 2973 618 secretis
3006 554 3080 618 ab
3110 557 3319 619 eodem
3352 557 3658 624 Clemente
3687 558 3817 641 XII,

504 645 876 727 pontiﬁcatus
904 646 996 708 sui
1020 645 1211 721 initio,
1237 647 1313 712 cl.
1334 665 1515 711 mem.
1538 647 1822 710 cardinali
1845 648 2160 711 Francisco
2187 647 2512 711 Barberino
2545 647 2879 729 postulante
2904 650 3275 731 constitutus,
3302 660 3362 715 et
3383 671 3417 714 a
3438 654 3820 729 sanctissimo

502 741 742 801 domino
777 747 976 801 nostro
1028 740 1347 803 Benedicto
1378 740 1513 805 XIV
1565 742 1951 805 conﬁrmatus
1980 739 2089 819 fui,
2124 740 2423 802 emendati
2469 743 2531 803 in
2579 744 2975 824 typographia
3007 762 3191 807 sacras
3235 747 3711 827 congregationis
3742 748 3821 808 Je

504 834 891 915 Propagauda
917 834 1063 897 Fide
1090 835 1163 897 ad
1195 854 1570 897 communem
1615 847 1951 899 exterarum
1986 833 2289 898 nationum
2323 835 2637 897 utilitatem
2661 835 3168 917 imprimerentur.
3197 835 3448 901 Demum
3480 858 3590 920 per
3604 838 3819 902 eadem

506 930 631 991 haec
666 937 954 1010 tempora,
990 931 1222 1010 quoties
1252 931 1397 992 mihi
1445 929 1867 993 demandatum
1900 940 2078 1007 est,et
2110 943 2395 1011 quantum
2432 930 2658 1009 ingenii
2688 933 2803 993 mei
2848 931 3224 993 imbecillitas
3253 932 3507 1015 aliaeque
3551 953 3820 1014 occupa-

506 1024 696 1084 tiones
719 1022 1019 1103 sinebant,
1053 1043 1171 1085 non
1199 1023 1355 1085 defui
1390 1025 1452 1086 in
1475 1025 1814 1087 asserendis
1836 1026 2120 1089 Romanas
2152 1026 2435 1087 Ecclesia;
2458 1023 2721 1104 juribus,
2748 1023 3248 1105 defendendaque
3279 1027 3409 1107 ejus
3439 1026 3726 1108 dignitate
3759 1035 3823 1090 et

504 1114 872 1190 auctoritate,
906 1124 965 1178 et
1011 1117 1378 1196 potissimum
1404 1117 1466 1178 in
1519 1116 1739 1181 tuendo
1771 1119 1901 1198 ejus
1950 1119 2214 1181 dominio
2271 1128 2450 1197 atque
2498 1118 2754 1198 imperio
2781 1117 2841 1178 in
2892 1118 3265 1182 nobilissima
3295 1120 3426 1200 ejus
3477 1121 3823 1202 patrimonii

509 1217 698 1289 parte,
727 1228 860 1289 quae
889 1209 1142 1272 aliorum
1175 1212 1357 1272 armis
1376 1210 1669 1291 Occupata
1693 1211 2019 1273 etiamnum
2053 1211 2354 1273 immerito
2383 1212 2698 1286 retinetur,
2720 1211 2911 1273 donec
2941 1213 3163 1274 sedatis
3193 1220 3487 1276 tantorum
3520 1216 3819 1278 bellorum

506 1301 786 1377 motibus,
822 1311 881 1389 et
910 1303 1132 1384 pacatis
1163 1303 1510 1368 bellantium
1537 1305 1873 1386 principum
1910 1305 2149 1377 animis,
2186 1322 2291 1385 per
2314 1323 2476 1382 eum,
2509 1304 2608 1386 qui
2642 1304 2787 1365 mari
2818 1315 2879 1366 et
2908 1306 3099 1368 ventis
3135 1306 3411 1387 imperat,
3443 1326 3508 1369 ac
3532 1309 3823 1391 tranquil-

507 1397 727 1459 litatem
758 1396 918 1473 facit,
943 1416 1082 1479 spes
1114 1398 1326 1460 melior
1355 1398 1607 1481 Europae
1635 1407 1696 1462 et
1724 1400 2012 1465 Romanae
2042 1397 2327 1460 E;clesiae
2374 1397 2556 1460 rebus
2586 1398 2887 1478 alfulgeat.
2924 1399 3119 1473 Quare
3149 1399 3503 1483 intelligitis,
3536 1403 3821 1465 eminen-

508 1492 719 1553 tissimi
759 1490 989 1569 Patres,
1022 1511 1155 1555 mea
1205 1493 1428 1568 omnia,
1462 1493 1900 1575 qualiacunque
1947 1492 2086 1573 sint,
2120 1499 2315 1554 vestra
2364 1509 2519 1572 esse,
2554 1511 2686 1554 cum
2739 1512 2770 1552 a
2808 1493 3015 1574 primis
3060 1493 3391 1573 juventutis
3418 1496 3591 1558 annis
3637 1515 3823 1559 omne

508 1606 703 1649 meum
755 1587 1037 1661 studium,
1071 1587 1397 1667 ingenium,
1437 1606 1704 1668 operam,
1738 1588 2003 1651 laborem
2049 1596 2224 1668 atque
2273 1585 2626 1647 industriam
2677 1594 2871 1647 vestro
2903 1585 3152 1659 nomini,
3189 1595 3248 1647 et
3293 1587 3634 1668 apostolicae
3689 1590 3822 1651 sedi

508 1682 743 1761 penitus
774 1680 1101 1743 addixerim
1137 1701 1204 1744 ac
1234 1682 1580 1743 dicaverim.
1616 1684 1704 1745 Ex
1734 1684 1829 1745 bis
1858 1691 2056 1745 autem
2091 1686 2459 1760 cognoscere
2490 1681 2910 1761 potestis,quot
2938 1679 3281 1743 nominibus
3312 1681 3476 1744 vobis
3501 1683 3827 1746 deberetur

509 1778 852 1854 praeclarum
878 1774 993 1837 hoe
1024 1775 1221 1854 magni
1241 1776 1547 1838 Athanasii
1579 1795 1752 1858 opus,
1777 1776 1838 1837 in
1870 1794 1988 1856 quo
2017 1794 2050 1837 e
2076 1772 2282 1838 Graeco
2306 1772 2369 1835 in
2404 1774 2676 1836 Latinum
2694 1773 3001 1847 vertendo,
3037 1774 3332 1855 corruptis
3362 1775 3419 1836 in
3450 1776 3823 1856 locis,quoad

503 1868 681 1949 valui,
715 1868 1112 1943 emendando,
1140 1876 1197 1930 et
1228 1870 1530 1931 nonnullis
1554 1871 1746 1951 parvis
1777 1871 1932 1932 notis
1964 1869 2318 1931 illustrando
2350 1867 2697 1949 auctor-ique
2723 1886 2828 1929 suo
2855 1868 3179 1930 asserendo
3213 1888 3328 1931 non
3361 1889 3566 1950 parum
3589 1870 3822 1932 allabe-

503 1964 650 2027 ravi.
682 1962 757 2028 Ut
786 1962 1205 2024 munusculum
1240 1963 1380 2038 hoc,
1414 1965 1571 2045 quod
1623 1963 1790 2026 vobis
1822 1963 2158 2026 humillime
2209 1964 2422 2045 offero,
2454 1961 2679 2024 lubenti
2714 1961 2911 2022 animo
2965 1961 3292 2042 excipiatis,
3327 1964 3468 2024 satis
3497 1982 3629 2025 esse
3682 1973 3823 2045 puto

506 2056 819 2120 Athanasii
841 2074 1084 2120 nomen:
1119 2056 1226 2118 hae
1261 2073 1378 2119 una
1409 2056 1568 2119 enim
1599 2057 2148 2129 commendatione,
2173 2063 2373 2117 certus
2403 2073 2534 2116 sum
2560 2052 2731 2114 vobis
2763 2054 2887 2114 fore
2917 2053 3338 2132 gratissimum.
3370 2056 3519 2118 Nam
3552 2054 3826 2117 eminen-

506 2151 771 2214 tissimus
792 2151 1393 2230 Baronius,magnum
1427 2151 1657 2213 ordinis
1688 2152 1871 2215 vestri
1895 2158 2307 2213 ornamentum
2341 2156 2402 2210 et
2424 2147 2699 2227 decus,in
2716 2146 2842 2208 suis
2874 2146 3320 2210 Ecclesiasticis
3350 2148 3693 2211 Annalibus
3716 2151 3816 2226 t4):

511 2270 538 2301 α
571 2245 758 2320 Adeo,
795 2244 1007 2327 inquit,
1034 2252 1164 2327 post
1196 2252 1278 2306 tot
1307 2250 1583 2326 tantaque
1615 2246 1743 2325 ejus
1782 2265 1886 2325 pro
1920 2252 2083 2309 recta
2116 2245 2233 2308 ﬁde
2264 2242 2611 2320 certamina,
2648 2241 2949 2304 Athanasii
2998 2261 3215 2303 nomen
3249 2245 3503 2324 posteris
3534 2244 3825 2307 doctrinas

507 2349 566 2402 et
596 2340 919 2403 sanctitatis
949 2337 1278 2418 fulgoribus
1310 2339 1533 2401 clarum
1565 2340 1805 2416 etl'ulsit,
1844 2350 1905 2402 ut
1959 2358 2210 2422 quaeque
2240 2338 2429 2419 ipsius
2458 2336 2681 2417 scripta
2712 2355 2829 2397 non
2879 2336 3058 2399 modo
3088 2336 3256 2398 avide
3308 2338 3676 2420 legerentur,
3713 2340 3820 2401 sed

508 2433 795 2512 singulari
842 2433 1096 2512 quadam
1129 2433 1470 2495 reverentia
1510 2433 1915 2497 revelentur.»
1959 2436 2159 2515 Itaque
2184 2432 2331 2494 nihil
2360 2430 2524 2513 aliud
2558 2430 2703 2491 mihi
2736 2430 3030 2511 reliquum
3062 2439 3172 2507 est,
3205 2431 3319 2493 nisi
3369 2442 3431 2493 ut
3462 2432 3647 2494 Deum
3704 2436 3824 2495 im-

510 2528 817 2589 mortalem
843 2526 1155 2589 submissis
1182 2527 1460 2607 precibus
1494 2544 1683 2599 orem,
1720 2536 1781 2589 ut
1811 2545 1912 2589 vos
1943 2528 2045 2588 diu
2076 2544 2250 2588 sanos
2281 2533 2456 2605 atque
2486 2523 2820 2585 incolumes
2848 2533 3084 2602 praestet
3113 2543 3245 2585 cum
3280 2543 3559 2606 supremo
3592 2536 3822 2608 nostro,

507 2630 683 2703 atque
706 2621 973 2683 omnium
1008 2619 1271 2683 ﬁdelium
1305 2630 1539 2701 pastore
1567 2621 1892 2697 Benedicto
1924 2621 2076 2699 XIV,
2111 2619 2420 2681 catholicae
2446 2616 2753 2696 Ecclesiae,
2781 2616 3196 2696 plaudentibus
3228 2618 3828 2692 omnibus,divinitus

508 2717 671 2798 dato,
703 2716 802 2797 qui
836 2723 1118 2797 quantum
1154 2716 1310 2777 inter
1337 2715 1604 2793 reliquos
1640 2716 1918 2778 mortales
1945 2715 2227 2794 dignitate
2251 2734 2320 2776 ac
2353 2720 2638 2795 potestate
2668 2711 3037 2793 praeeminet,
3071 2719 3300 2774 tantum
3333 2710 3575 2793 ingenio
3592 2734 3829 2776 rerum-

504 2829 622 2892 que
657 2809 1040 2889 intelligentia
1094 2808 1399 2889 praecellit:
1438 2809 1537 2885 qui
1567 2827 1703 2871 eum
1733 2807 2044 2889 apostolici
2091 2806 2313 2887 gradus
2342 2805 2708 2867 sublimitate
2741 2823 2920 2885 supra
2963 2823 3173 2867 omnes
3203 2806 3301 2882 sit,
3336 2807 3708 2869 humanitate
3756 2827 3830 2870 ac

505 2903 867 2983 benignitate
894 2902 1048 2964 infra
1076 2920 1287 2964 omnes
1310 2919 1441 2964 esse
1473 2900 1726 2963 videtur:
1763 2900 1864 2982 qui
1898 2921 1991 2963 me
2021 2902 2215 2962 adhuc
2246 2901 2687 2964 adolescentem
2712 2897 2997 2976 singulari
3025 2899 3445 2963 benevolentia
3477 2902 3827 2982 complexus

506 3006 631 3061 est:
665 2998 763 3078 qui
796 3014 891 3058 me
921 3015 1039 3057 non
1071 2995 1264 3057 solum
1316 2993 1536 3075 verbis,
1568 2995 1674 3057 sed
1708 2995 1884 3057 etiam
1938 2996 2224 3075 praeclaro
2260 3014 2389 3071 suo,
2426 3005 2488 3056 et
2517 2993 2588 3055 ad
2609 2992 2763 3074 juris
2799 3000 2915 3054 tam
2952 2992 3155 3073 privati
3188 3012 3367 3074 quam
3398 2995 3615 3075 publici
3660 2996 3827 3057 uoti-

510 3094 649 3154 tiam
688 3088 1151 3171 assequentlum,
1188 3095 1250 3151 et
1292 3088 1365 3149 ad
1398 3089 1525 3151 haec
1555 3087 1672 3149 alia
1724 3091 2027 3150 sanctiora
2078 3088 2296 3170 studia,
2330 3106 2461 3169 quae
2511 3086 2570 3148 in
2608 3096 2828 3148 sortem
2878 3085 2984 3148 Dei
3012 3096 3249 3149 vocatos
3280 3088 3533 3150 maxime
3582 3090 3826 3169 decent,

509 3185 704 3248 verbis
733 3183 855 3245 suis
878 3183 1001 3263 jam
1034 3181 1173 3244 olim
1206 3181 1440 3263 impulit
1468 3200 1537 3243 ac
1568 3182 1907 3245 stimulavit:
1941 3183 2041 3264 qui
2073 3201 2344 3244 summus
2374 3180 2655 3245 Ecclesiae
2679 3180 2936 3262 pontifex
2972 3182 3365 3257 renuntiatus,
3402 3192 3641 3262 postero
3670 3184 3826 3245 elec-

511 3279 688 3342 tionis
730 3278 848 3359 die,
886 3286 949 3339 ut
995 3276 1307 3339 liberiores
1338 3276 1485 3339 mihi
1539 3275 1613 3337 ad
1647 3295 1781 3338 eum
1814 3277 2014 3339 aditus
2045 3282 2272 3354 essent,
2300 3274 2458 3336 inter
2505 3274 2850 3349 familiares,
2884 3275 2984 3355 qui
3015 3275 3089 3336 ab
3120 3276 3326 3336 intimo
3360 3275 3633 3338 cubiculo
3660 3286 3825 3351 sunt,

509 3375 765 3456 primum
802 3371 1065 3433 omnium
1093 3370 1389 3451 ascivit,et
1417 3371 1674 3439 triennio
1693 3379 1821 3452 post
1852 3390 1884 3431 a
1915 3371 2355 3432 secretiSeaeraa
2386 3366 2863 3448 congregationis
2889 3386 3071 3448 Super
3100 3367 3280 3429 rebus
3309 3369 3831 3432 consistorialibus

508 3465 825 3529 declaravit
861 3483 875 3527 :
924 3465 1022 3546 qui
1054 3463 1294 3525 demum
1336 3481 1470 3525 eum
1503 3481 1704 3525 rerum
1740 3464 2283 3525 ecclesiasticarum
2316 3465 2648 3542 scientiam,
2684 3470 2742 3523 et
2789 3479 3091 3523 sacrarum
3122 3461 3448 3535 litterarum
3484 3463 3680 3525 studia
3706 3482 3827 3523 non

509 3558 686 3620 modo
711 3558 767 3617 in
802 3576 867 3619 se
896 3565 1056 3618 amet
1082 3574 1153 3617 ac
1184 3555 1409 3635 diligat,
1444 3555 1547 3618 sed
1579 3556 1755 3618 etiam
1787 3555 1847 3618 in
1906 3556 2037 3616 aliis
2067 3574 2199 3618 esse
2251 3574 2427 3637 quam
2462 3557 2717 3618 maxime
2746 3556 2966 3637 cupiat,
2997 3574 3234 3636 parvam
3268 3575 3457 3619 meam
3500 3557 3827 3620 bibliothe-

510 3670 637 3714 cam
662 3650 965 3732 przeelaris
988 3650 1111 3711 suis
1143 3650 1425 3730 operibus
1457 3650 1545 3711 De
1575 3650 2017 3729 beatiﬁcatione
2045 3657 2101 3713 et
2130 3652 2599 3714 canonizatione
2627 3667 2944 3712 servorum
2976 3650 3107 3723 Dei,
3143 3649 3232 3710 De
3256 3648 3398 3713 .Iesu
3427 3649 3664 3715 Christi
3690 3650 3827 3713 Ma-

519 3748 739 3827 trisque
768 3746 893 3824 ejus
922 3745 1120 3826 festis,
1160 3745 1250 3805 De
1282 3744 1808 3823 misumsacri/ieio
1849 3742 2178 3807 liberaliter
2220 3745 2454 3807 donatis
2483 3742 2779 3817 instruxit,
2814 3762 2933 3820 quo
2976 3761 3226 3805 munere
3256 3743 3402 3806 nihil
3439 3744 3585 3807 mihi
3615 3745 3826 3825 Splen-

514 3839 710 3902 didius
736 3837 1332 3917 magniﬁcentiusque
1361 3856 1495 3900 esse
1518 3838 1696 3899 duco.
1731 3834 1960 3900 Valete.

772 3998 963 4055 Romae
990 3996 1257 4056 Kalendis
1281 3997 1439 4055 Junii
1475 3997 1614 4053 1⁸1ι6

2648 4066 2916 4125 Nicotaus
2946 4070 3325 4127 Amenanus

605 4294 688 4372 (4)
717 4292 806 4357 Ad
835 4309 912 4354 m
968 4291 1087 4356 340
1136 4310 1173 4354 η
1220 4291 1297 4355 x1
1940 4216 2201 4293 Ejusdem
2233 4234 2347 4277 sae.
2376 4218 2614 4293 Collegii
2645 4228 2698 4279 et
2729 4233 2843 4277 sae.
2866 4219 3201 4279 Consistorii
3235 4237 3263 4278 ο
3299 4223 3541 4280 secretis
