4062 6216
482 312 602 409 635
1290 350 1351 413 s.
1398 346 1818 413 ATHANASII
1861 347 2022 410 ore.
2074 348 2266 411 PARS
2309 351 2419 412 ΠΙ.
2465 386 2530 396 ς-
2570 352 3022 416 EXEGETICA.
3706 357 3805 421 636

476 484 814 563 apocrypha
845 492 901 546 et
945 485 1319 564 supposititia
1348 485 1635 548 continet.
1669 483 1918 566 Demum
1949 482 2539 566 animadvertendum
2571 492 2681 558 est,
2714 502 2845 566 qum
2872 484 3214 547 referuntur
3242 485 3420 547 veluti
3452 505 3517 550 ex
3548 490 3606 551 S.
3638 488 3801 553 Atha-

481 566 707 647 nafioa
743 567 805 627 ς.
854 566 1167 636 Germano,
1205 575 1261 627 et
1317 567 1405 647 ab,
1444 566 1727 640 Adriano,
1757 564 2097 647 huiusmodi
2134 573 2289 647 sunt,
2327 574 2389 624 ut
2418 564 2923 647 translationisen
2956 568 3275 646 μετέφυσι,
3308 585 3508 643 parum
3538 579 3664 647 apta
3686 590 3801 633 esse

398 682 407 689 -
484 643 818 721 videantur,
863 646 964 706 sed
1023 646 1450 709 commentario
1505 652 1699 725 potius
1722 645 2018 706 etl'tsiori
2057 646 2424 707 Psalmorum
2458 646 2808 723 expositioni
2844 649 3029 724 magis
3061 643 3438 718 conveniant,
3484 667 3547 709 ac
3576 643 3803 723 proinde

483 725 737 785 validum
768 727 906 787 inde
945 735 1358 804 argumentum
1391 726 1545 786 sumi
1573 733 1773 801 nequit
1803 725 1872 784 al
1907 735 2294 805 qiizesttonem
2352 726 2698 787 movendam
2724 726 2799 787 de
2831 738 3075 789 auctore
3138 736 3353 789 nostra)
3412 729 3799 799 translationis,

484 805 534 866 si
568 811 624 865 in
650 824 717 866 ea
750 826 865 888 nou
893 813 1273 888 reperiantur
1302 824 1432 885 (tute
1465 806 1831 888 translationi
1868 806 2113 888 minime
2137 815 2470 888 congruunt
2501 827 2515 874 ξ
2551 806 2669 867 imo
2718 807 2909 886 potius
2939 810 3011 868 ab
3070 807 3425 888 hujusmodi‘
3473 808 3727 872 brevibus
3755 826 3806 873 et

489 886 938 968 compendiosis
969 887 1440 968 expo~itionibus
1468 886 1662 968 aliena
1703 886 1997 968 videntur,
2025 885 2160 968 ideo
2192 887 2281 946 vel
2314 887 2621 948 Athanasii
2670 885 2785 947 neu
2820 896 2978 963 sunt,
3011 888 3115 949 sed
3149 885 3256 965 per
3285 905 3545 950 errorem
3575 889 3624 950 ei
3652 896 3806 952 ascri-

486 976 602 1045 pta,
637 967 726 1025 vel
749 967 814 1053 in
848 965 1527 1053 commentariisfusiori
1560 966 1706 1046 style
1750 965 2011 1044 scriptis,
2040 966 2137 1053 qui
2162 974 2493 1053 temporum
2540 968 2690 1053 forte
2718 968 2960 1053 injuria,
2991 977 3055 1028 ut
3085 968 3256 1053 plura
3286 968 3403 1029 alia
3432 969 3803 1053 deperierunt,

526 1048 802 1108 uterenda
834 1058 994 1110 sunt.
1029 1048 1173 1119 Qua;
1223 1047 1465 1127 quidem
1503 1058 1665 1108 recte
1714 1064 1848 1107 mea
1885 1052 2180 1108 sententia
2211 1046 2325 1107 dici
2361 1056 2607 1126 possunt
2636 1048 2711 1109 de
2769 1048 3048 1108 omnibus
3090 1046 3222 1109 aliis
3266 1065 3400 1124 quze
3430 1046 3535 1109 sub
3578 1046 3807 1113 nomine

481 1066 783 1187 Athanasii
816 1127 1093 1187 leguntur
1122 1128 1180 1187 in
1215 1128 1438 1187 catenis
1470 1129 1707 1187 Patrum
1735 1126 1907 1187 editis
1961 1146 1994 1187 a
2039 1124 2413 1187 Balthazarre
2446 1126 2729 1187 tiorderio
2761 1126 3033 1187 aliisque.
3072 1131 3364 1187 Praeterea
3397 1147 3499 1187 oro
3522 1147 3807 1187 commen-

535 1128 783 1188 thanasii
816 1127 1093 1205 leguntur
1122 1128 1180 1188 in
1215 1124 1438 1189 catenis
1470 1129 1707 1190 Patrum
1735 1126 1907 1188 editis
1961 1146 1994 1188 a
2034 1124 2413 1207 Balthaznrre
2446 1126 2729 1196 ωσι-ἀειδἰο
2761 1126 3033 1207 aliisque.
3072 1131 3364 1191 l’rzeterea
3396 1147 3499 1207 pro
3522 1147 3809 1193 commen-

484 1211 632 1291 tario
649 1218 869 1291 postro
900 1227 1005 1270 seu
1036 1207 1531 1291 interpretatione
1563 1207 1778 1291 tuenda
1806 1215 1975 1291 certe
2005 1206 2149 1291 illud
2212 1207 2448 1291 silentio
2480 1206 3052 1291 praetermittendum
3100 1226 3219 1270 non
3250 1219 3361 1282 est,
3395 1210 3548 1289 quod
3576 1208 3664 1290 iis,
3696 1229 3807 1291 qua

479 1305 514 1369 a
543 1286 603 1350 S.
639 1286 933 1351 Germano
960 1298 1234 1369 tanquam
1260 1307 1333 1369 ex
1365 1288 1672 1349 Athanasii
1702 1288 1941 1369 scriptis
1966 1287 2326 1369 allegantur,
2363 1286 2692 1369 admodum
2753 1298 3153 1369 consentanea
3204 1299 3343 1350 sunt
3372 1286 3506 1364 quae
3562 1286 3808 1367 leguntur

478 1366 539 1429 in
574 1378 775 1429 nostra
809 1366 1162 1439 metaphrasi
1199 1368 1270 1429 ad
1302 1369 1591 1445 psalmum
1624 1384 1745 1447 et",
1780 1367 1881 1429 ubi
1908 1368 1979 1428 ad
2013 1367 2188 1428 verba
2222 1366 2327 1430 illa
2354 1367 2444 1428 ¹⁷τ
2484 1369 2606 1443 Qui
2663 1370 2811 1445 facit
2841 1368 3088 1448 angelos
3142 1387 3280 1429 suos
3320 1372 3594 1445 spiritus,
3625 1366 3675 1431 et
3702 1374 3807 1433 mi-

480 1450 712 1531 nistros
761 1467 905 1511 suos
932 1452 1101 1531 ignis
1147 1450 1474 1531 ﬂammam.
1511 1450 1637 1510 haec
1679 1448 1993 1531 subjicitur
2042 1448 2489 1531 interpretatio:
2533 1470 2555 1504 α
2595 1448 2966 1531 Manifestum
3012 1449 3256 1531 quidem
3288 1457 3404 1531 est,
3438 1450 3589 1531 quod
3641 1452 3806 1513 sancti

482 1528 609 1608 ejus
645 1528 886 1609 (nempe
916 1528 1136 1606 angeli)
1169 1528 1412 1608 spiritus
1467 1538 1625 1594 sunt.
1657 1539 1714 1588 et
1744 1530 1988 1589 virtutes
2047 1528 2455 1590 ministrantes
2486 1535 2538 1589 ei
2586 1540 2732 1609 sunt
2774 1529 2950 1601 ignis.
2987 1552 3009 1587 ο
3077 1529 3245 1590 Levis
3301 1528 3478 1590 e'iam
3543 1532 3802 1594 momenti

483 1618 736 1689 sunt,iet
780 1608 997 1671 nullius
1053 1610 1175 1671 fere
1232 1610 1532 1688 ponderis,
1567 1609 1779 1688 quinia
1824 1609 2069 1681 Μοηὶῑο,
2103 1609 2262 1689 quod
2324 1608 2699 1689 praemittitur
2749 1610 3175 1670 commentario
3204 1609 3533 1689 Athanasii
3584 1611 3803 1673 nomine

482 1688 794 1772 inscripto,
827 1690 901 1772 ab
932 1689 1141 1772 iisdem
1191 1690 1459 1772 Patrilius
1518 1690 1913 1772 Benedig-tinis
1968 1688 2244 1768 tanquam
2276 1707 2344 1772 ett
2377 1688 2770 1772 Theodoretq
2814 1690 3160 1772 afferuntur.
3198 1688 3456 1751 Primu'n
3519 1690 3653 1772 quia
3701 1711 3804 1752 non

482 1778 621 1849 sunt
661 1770 1045 1843 Theodoreti,
1082 1779 1140 1831 ut
1172 1770 1282 1848 ipsi
1316 1770 1551 1843 innunt,
1577 1770 1683 1830 sed
1709 1769 1958 1849 alicujus
1989 1769 2373 1831 amrinuensis
2403 1770 2583 1847 ignoti
2616 1770 2897 1847 nominis,
2934 1783 2995 1829 et
3020 1771 3263 1831 incerte
3295 1775 3503 1839 astatis,
3536 1769 3601 1831 ac
3632 1773 3803 1849 proiu~

482 1848 556 1909 de
593 1850 814 1911 nullius
846 1850 1207 1911 auctoritatis
1242 1869 1254 1912 :
1292 1849 1531 1929 deinde,
1566 1851 1703 1929 quia
1758 1848 1871 1910 illa
1911 1850 2130 1919 omnia,
2166 1868 2302 1926 quae
2331 1850 2406 1911 de
2434 1850 2566 1911 aliis
2597 1849 2754 1911 dicta
2809 1857 2965 1920 sunt,
3002 1850 3075 1910 de
3132 1852 3308 1927 hujus
3337 1848 3644 1925 scriptoris
3698 1854 3807 1912 fra-

479 1940 718 2011 gmento
749 1949 853 1991 seu
879 1931 1220 1992 testimonio
1252 1931 1369 1991 dici
1406 1941 1687 2011 possunt:
1723 1931 1962 1991 demum
1999 1940 2059 1990 ut
2088 1932 2417 2007 generatim
2448 1949 2515 1991 ac
2564 1930 2821 1992 breviter
2852 1929 3289 2011 irespoadeam,
3319 1942 3377 1991 et
3412 1930 3609 2009 paucis
3638 1941 3813 1993 osten-

481 2009 613 2070 dam
647 2030 822 2091 quam
858 2013 1155 2072 infirmum
1178 2014 1252 2070 sit
1280 2009 1690 2089 argumentum
1728 2011 1886 2086 quod
1936 2012 2078 2073 inde
2108 2031 2141 2072 a
2165 2011 2509 2071 clarissimis
2543 2011 2815 2072 Patribus
2848 2010 3251 2091 Benedictinis
3277 2011 3537 2085 ducitur,
3574 2020 3631 2072 ut
3661 2030 3806 2072 eom-

482 2090 838 2151 mentarium
871 2093 947 2151 de
978 2112 1094 2165 quo
1124 2092 1315 2169 agitur
1338 2094 1400 2154 S.
1438 2091 1757 2155 Athanasio
1789 2092 2140 2169 ascribatur,
2178 2110 2248 2152 ex
2281 2109 2350 2151 eo
2381 2092 2537 2171 quod
2570 2110 2722 2151 unus
2755 2091 2839 2151 vel
2874 2092 3027 2153 alter
3081 2090 3239 2151 locus
3289 2092 3810 2171 veterumscripto-

480 2187 614 2233 rum
649 2172 746 2248 qui
778 2172 1085 2233 Athanasii
1126 2172 1348 2250 scripta
1404 2173 1740 2249 laudarunt,
1766 2171 1824 2232 in
1857 2191 1928 2232 eo
1959 2172 2333 2244 inveniatur;
2362 2170 2634 2249 exemplo
2670 2181 2801 2233 utar
2822 2178 3385 2232 commentariorum
3423 2175 3485 2232 in
3541 2170 3808 2250 Psalmos,

485 2251 584 2330 qui
612 2251 954 2330 Hieronymi
986 2271 1201 2313 nomen
1229 2252 1581 2332 inscriptum
1618 2252 1855 2321 habent,
1890 2251 1949 2312 in
1984 2253 2200 2332 quibus
2231 2251 2342 2313 etsi
2373 2270 2442 2312 ea
2492 2270 2622 2330 quae
2674 2254 2733 2313 S.
2783 2251 3146 2325 Augustinus
3177 2261 3235 2310 et
3265 2250 3327 2313 S.
3361 2250 3675 2330 Gregorius
3722 2249 3812 2313 Vll

488 2342 545 2413 et
574 2334 698 2411 ipse
728 2332 1139 2413 Hieronymus
1174 2352 1240 2393 ex
1296 2334 1419 2394 suis
1469 2332 1915 2394 commentariis
1946 2334 2011 2394 in
2047 2333 2437 2413 Psulteriumi
2461 2333 2692 2413 allegat,
2722 2332 3136 2413 inveniantur;
3166 2342 3359 2413 tamen
3405 2350 3564 2413 nunc
3620 2349 3809 2413 omnes

480 2411 607 2472 fere
637 2412 851 2473 eruditi
882 2411 1143 2474 unanimi
1195 2431 1490 2474 consensu
1523 2414 1902 2483 conveniunt,
1943 2431 2057 2475 non
2091 2432 2220 2474 esso
2248 2412 2379 2472 illos
2410 2412 2477 2475 Β.
2506 2412 2857 2493 Hieronymo
2886 2412 3295 2493 ascribeudos,
3330 2412 3438 2475 sed
3499 2412 3662 2474 alteri
3686 2412 3811 2474 scri-

482 2493 657 2572 ptori,
691 2494 792 2572 qui
826 2495 1123 2573 aliquanto
1160 2504 1286 2573 post
1319 2502 1503 2555 sancti
1535 2494 1797 2556 doctoris
1824 2502 2054 2555 aetatem
2082 2494 2336 2573 scripsit.

556 2599 828 2683 XXXVIII.
857 2602 950 2683 At
968 2619 1104 2683 vero
1125 2602 1284 2683 alius
1314 2609 1600 2683 quispiam
1653 2602 1895 2663 fortasse
1925 2600 2036 2663 erit
2066 2602 2161 2676 qui
2191 2607 2259 2663 ad
2310 2599 2720 2678 denegandam
2778 2617 2989 2676 magno
3019 2599 3349 2683 Athanasio
3397 2608 3655 2661 nostram
3691 2618 3805 2683 me-

472 2680 823 2759 taphrasim,
854 2679 993 2742 inde
1024 2681 1138 2742 sibi
1174 2702 1288 2743 non
1326 2678 1512 2743 l'eve'm
1548 2683 1952 2761 conjecturam
1986 2691 2043 2742 et
2071 2692 2484 2760 argumentum
2518 2690 2835 2761 suppetere
2877 2680 3122 2759 putabit.
3152 2680 3306 2760 quod
3331 2690 3540 2741 auctor
3563 2678 3807 2761 ejusdem

481 2758 883 2841 translationis
922 2761 1151 2824 beatam
1201 2761 1498 2841 Virginem
1543 2758 1823 2839 Θεοὲόκον,
1861 2763 1971 2823 hoc
2027 2758 2528 2840 estheiparam,
2593 2758 2913 2841 nuncupat,
2952 2779 3084 2820 cum
3126 2758 3411 2841 luannes
3443 2761 3735 2841 Meursius
3755 2758 3807 2841 in

478 2859 583 2901 suo
611 2839 918 2904 Glossario
950 2845 1230 2914 afﬁrmet,
1266 2838 1580 2904 «inditum
1612 2861 1747 2904 esse
1779 2838 1892 2903 hoc
1950 2861 2168 2902 nomen
2227 2838 2388 2903 nam
2428 2838 2661 2903 Domini
2700 2860 2768 2902 ac
2804 2839 3122 2902 Salvatoris
3152 2846 3332 2903 nostri
3388 2840 3572 2903 Jeusu
3617 2838 3808 2904 Christi

477 2938 509 2980 a
539 2921 762 3000 synodo
794 2941 830 2980 ν
861 2924 1509 3002 Constantlnopolitana
1538 2930 1809 2999 tempore
1849 2922 2187 2983 Justiniani.
2232 2943 2257 2981 ι
2294 2923 2611 2983 Enimvero
2635 2921 2687 2983 si
2711 2921 2841 3002 quis
2867 2921 2948 2981 ita
2982 2919 3094 2980 sibi
3143 2922 3555 3002 persuaderet,
3589 2920 3748 3002 longe
3775 2937 3804 2978 a

479 3002 724 3062 veritate
755 3002 1082 3065 aberraret.
1111 3000 1342 3082 Quippe
1375 3005 1559 3064 multo
1590 3012 1727 3064 ante
1758 3004 2060 3065 Athanasii
2111 3012 2340 3064 aetatem
2372 3021 2441 3064 ea
2472 3019 2613 3082 voce
2645 3000 2782 3063 usos
2814 3019 2946 3062 esse
2992 3010 3219 3062 veteres
3278 3001 3507 3069 Patres.
3543 3000 3809 3063 indubita-

477 3089 600 3163 tum
635 3090 744 3163 est.
782 3081 973 3153 Quare
1004 3080 1281 3145 Socrates
1322 3086 1440 3155 (7‘3)
1474 3083 1735 3163 inscitia
1753 3084 1945 3161 arguit
1996 3082 2352 3155 Nestorium,
2389 3080 2490 3163 qui
2534 3084 2695 3163 hanc,
2745 3100 2946 3142 vocem
2982 3084 3238 3138 Θεοτόκον
3276 3094 3593 3163 tanquam_
3617 3097 3806 3163 novam

477 3161 810 3242 rejiciebat,
847 3164 1124 3240 quoniam
1181 3165 1389 3225 eadem
1448 3183 1616 3225 usum
1663 3162 1842 3224 fuisse
1898 3163 2149 3225 afﬁrmat
2192 3160 2512 3242 Origen'em
2573 3173 2631 3223 et
2682 3162 3007 3223 Eusebium
3068 3160 3521 3224 Ctesariensem.
3565 3160 3807 3242 Proiecto

479 3241 688 3324 eadem
725 3262 829 3302 vox
864 3243 1074 3324 legitur
1102 3250 1157 3305 in
1192 3244 1448 3323 Epistola
1494 3243 1757 3323 Dionysii
1802 3243 2208 3317 Alexandrini,
2246 3241 2421 3324 quam
2454 3243 2742 3304 adversus
2773 3242 3035 3304 Paulum
3067 3241 3811 3324 Samosatenunigscripsit,

484 3332 539 3384 et
575 3321 635 3383 in
671 3323 919 3403 epistola
949 3344 1122 3399 quam
1155 3321 1455 3387 adversus
1503 3321 1659 3387 Arii
1691 3327 1964 3387 laceres-im
1994 3321 2331 3387 Alexander
2359 3324 2735 3385 Alexandria:
2776 3332 3110 3403 episcopus,
3147 3331 3207 3384 et
3258 3321 3572 3386 Athanasii
3598 3324 3655 3383 in
3685 3321 3813 3403 Ale-

477 3400 766 3464 xandrina
792 3482 803 3485 _
826 3404 970 3465 sede
1012 3407 1418 3485 przedecessor
1448 3405 1518 3465 ad
1550 3406 1895 3485 episcopum
1930 3404 2667 3483 Constantinopolitanum.
2703 3400 3115 3480 cognominem
3174 3421 3371 3474 suum,
3407 3403 3671 3485 aliosque
3697 3400 3812 3485 epi-

475 3478 1028 3567 scoposadversus
1077 3486 1283 3547 Arium
1339 3478 1601 3566 ejusque
1642 3478 1879 3548 errores
1913 3487 2119 3567 misit;
2174 3478 2571 3567 quzeiutique,
2605 3478 2887 3567 quantum
2942 3501 3048 3560 ego
3080 3501 3319 3554 censeo,
3366 3478 3593 3567 scripta
3623 3478 3812 3567 estiab

475 3570 602 3643 ipso
630 3564 968 3646 Athanasio,
1003 3585 1117 3645 quo
1176 3563 1513 3646 defensore,
1548 3574 1627 3639 et,
1655 3576 1715 3626 ut
1774 3568 1849 3627 ita
1896 3566 2115 3638 dicam,
2149 3563 2422 3626 catholici
2445 3563 2790 3646 V'dogmatis
2812 3563 3182 3646 adv_oea_to_et
3213 3575 3471 3646 patrono
3502 3563 3562 3626 in
3593 3564 3810 3646 Nicena

474 3641 695 3724 synodo
730 3645 856 3721 ipse
890 3641 1232 3708 Alesander
1284 3666 1425 3708 usus
1459 3641 1586 3715 est;
1634 3666 1767 3706 cum
1832 3647 1993 3707 enim
2052 3645 2457 3707 archidiaconi
2509 3659 2727 3706 munus
2777 3643 2836 3704 in
2896 3642 3161 3704 Ecclesia
3198 3641 3617 3724 Alexandrina
3672 3641 3812 3724 obtif

475 3720 667 3802 n'eret,
701 3720 1029 3786 verisimile
1060 3736 1145 3787 est
1179 3728 1352 3788 etiam
1401 3726 1851 3788 scribendarum
1884 3727 2264 3803 epistolarum
2301 3744 2505 3787 curam
2566 3724 2643 3793 ei,
2690 3724 2816 3804 qui,
2851 3728 3003 3785 teste
3063 3723 3297 3786 Rut‘tino
3329 3725 3474 3798 (77),
3509 3720 3810 3804 Alexandri

474 3804 740 3885 episcopi
799 3805 1064 3868 consiliis
1102 3806 1325 3879 aderat,
1361 3807 1776 3869 demandatam
1832 3802 2038 3869 fuiSse.
2094 3806 2358 3867 Profecto
2418 3802 2728 3885 epistolam
2782 3802 2942 3864 illam
3000 3814 3303 3885 auctorem
3360 3804 3585 3885 habere,
3635 3802 3806 3885 Atba-

472 3884 726 3964 nasium,
760 3903 889 3947 eam
935 3895 1161 3949 attente
1192 3887 1613 3960 consideranti,
1651 3894 1709 3946 et
1753 3906 1889 3948 eum
1923 3887 2054 3947 aliis
2082 3887 2386 3963 Athanasii
2421 3883 2705 3964 operibus
2737 3884 3066 3945 conferenti
3112 3883 3284 3946 facile
3335 3883 3799 3964 persuadebitur.

464 3964 580 4024 Sed
614 3963 851 4025 demum
895 3967 1004 4027 hac
1062 3966 1137 4026 de
1195 3985 1259 4027 re
1319 3968 1478 4027 nulla
1510 3968 1569 4027 in
1601 3967 1929 4043 cujuSpiam
1974 3966 2174 4027 animo
2230 3962 2517 4026 dubitatio
2555 3965 2817 4026 insidere
2879 3972 3095 4043 poLest,
3129 3967 3178 4025 si
3227 3962 3385 4025 edita
3431 3963 3494 4029 S.
3554 3962 3796 4044 episcopi

468 4061 651 4125 opera
678 4044 1052 4125 inspexerit;
1104 4046 1373 4125 pluribus
1400 4053 1558 4107 enim
1590 4045 1649 4107 in
1684 4044 1829 4108 locis
1862 4047 2103 4107 Mariam
2137 4046 2444 4125 Virginem
2498 4044 2756 4125 Θεοτόοςον
2789 4052 3085 4125 nuncupat
3115 4045 3495 4125 beatissimus
3550 4045 3798 4107 Athana-

471 4122 751 4267 sAiusl;lita
782 4122 840 4218 in
886 4122 1154 4187 oratione
1200 4128 1370 4188 tertia
1411 4134 1470 4188 et
1498 4134 1712 4206 quarta
1768 4133 1976 4188 contra
2022 4122 2297 4202 Arianos,
2326 4127 2388 4188 in
2414 4126 2564 4187 libro
2601 4126 2685 4188 De
2720 4124 3181 4200 Incarnatione,
3215 4133 3276 4188 et
3324 4124 3390 4188 in
3421 4126 3574 4190 libro
3608 4129 3804 4188 contra

535 4222 605 4267 no
661 4222 954 4267 martum.

532 4222 954 4284 poumarmm.

550 4296 809 4362 XXXIV.
846 4299 905 4361 Si
937 4300 1073 4377 quis
1098 4320 1237 4363 vero
1266 4301 1411 4362 mihi
1443 4300 1743 4379 negotium
1799 4299 2094 4363 facessere
2148 4298 2333 4381 velit,_
2376 4297 2749 4381 persuadens
2785 4297 2898 4359 sibi
2944 4300 3476 4381 commentarium,
3501 4317 3606 4381 seu
3637 4299 3814 4361 inter-

472 4381 889 4462 pretationem,
922 4381 1115 4462 quade
1136 4377 1653 4462 agitur,gsequiori
1702 4386 1871 4442 aetate
1920 4381 2204 4462 scriptam
2252 4377 2436 4440 fuisse
2493 4395 2564 4462 es
2624 4377 2696 4440 iis
2727 4397 2859 4459 qua;
2887 4380 3173 4462 adnotata
3202 4377 3531 4442 occurrunt
3562 4379 3621 4441 in
3655 4395 3816 4457 argu-

473 4470 734 4520 mentum
766 4458 978 4540 psalmi
1009 4479 1087 4523 vt.
1119 4472 1175 4523 et
1201 4463 1338 4523 alibi
1366 4460 1425 4521 in
1458 4458 1616 4522 hunc
1642 4472 1883 4521 modum
1918 4479 1930 4523 :
1971 4484 1994 4517 σ
2016 4459 2268 4541 Titulus
2305 4458 2655 4539 prrepositus
2684 4458 2949 4541 centinet
2984 4481 2999 4518 :
3038 4460 3111 4522 In
3139 4460 3322 4538 ﬁnem
3353 4463 3421 4541 iit
3451 4462 3819 4541 hymnispro

469 4547 675 4600 octava
707 4538 978 4622 psalmus
1009 4543 1227 4606 David.
1259 4541 1379 4602 Hoc
1410 4551 1607 4602 autem
1639 4540 1932 4617 signiﬁcat
1963 4563 1977 4622 ς
2004 4540 2066 4602 In
2098 4538 2449 4622 sreeulorum
2481 4538 2998 4622 consummatione
3020 4542 3209 4622 sancti
3239 4538 3560 4622 rogabunt,
3599 4552 3662 4603 ut
3687 4538 3815 4600 libe-

467 4630 677 4702 rentur
706 4618 738 4680 a
763 4621 1013 4697 judicio,
1043 4631 1099 4683 et
1127 4623 1292 4702 digni
1320 4624 1463 4683 ﬁant
1485 4630 1723 4702 aeterna;
1746 4620 2038 4702 mercedis
2068 4619 2458 4681 retributione
2494 4640 2506 4681 :
2543 4630 2708 4702 sexto
2734 4618 2892 4702 enim
2927 4620 3147 4702 saeculo
3179 4618 3633 4683 consummatur
3663 4636 3817 4702 muti:

469 4700 579 4781 dus
614 4718 626 4761 :
662 4695 918 4781 sep—timo
942 4712 1135 4764 autem
1168 4695 1373 4764 ornem
1418 4714 1592 4763 terra)
1612 4701 1843 4781 judicat
1876 4701 2163 4763 Dominus
2191 4718 2203 4763 :
2237 4717 2443 4781 octavo
2482 4716 2620 4759 vero
2654 4700 2712 4761 hi
2744 4701 2966 4761 abeunt
2998 4701 3055 4760 in
3089 4702 3265 4763 vitam
3333 4711 3642 4774 aaternam,
3676 4708 3730 4781 et
3771 4695 3824 4759 hi

468 4780 529 4839 in
552 4779 1239 4863 suppliciummternttm.
1269 4786 1591 4861 Propterea
1616 4779 1812 4843 dictus
1833 4792 1923 4844 est
1953 4782 2253 4862 psalmus:
2291 4780 2365 4841 In
2396 4779 2574 4857 ﬁnem
2603 4781 2665 4863 in
2696 4781 3071 4863 hymut’spro
3104 4790 3339 4863 octava,
3376 4802 3447 4845 eo
3481 4783 3640 4863 quod
3677 4780 3817 4840 libe-

466 4859 677 4944 rentur
703 4862 888 4922 sancti
917 4861 980 4924 in
1005 4875 1250 4934 octava;
1287 4890 1313 4921 ι
1355 4859 1410 4927 id
1446 4884 1477 4924 a
1507 4880 1602 4924 me
1654 4859 2015 4944 responsum,
2072 4863 2242 4944 ferat,
2297 4869 2521 4944 tantum
2579 4859 2816 4944 abesse,
2849 4868 2910 4922 ut
2935 4859 3075 4921 hinc
3108 4861 3337 4943 aliquid
3372 4859 3580 4924 contra
3605 4880 3677 4944 ea
3701 4874 3820 4935 quat

468 4939 812 5024 deAauctore
840 4944 1255 5007 commentarii
1286 4944 1563 5015 disserui,
1615 4939 1811 5023 colligi
1863 4942 2070 5024 possit,
2124 4941 2267 5024 quin
2326 4941 2518 5024 potius
2577 4940 2857 5024 ejusdem
2913 4939 3601 5024 antiquitasastruatur.
3634 4939 3822 5020 Neque

468 5019 888 5106 enimveteres
919 5025 1118 5106 Patres
1140 5025 1254 5088 alia
1284 5025 1514 5106 ratione
1545 5023 1722 5106 locuti
1754 5018 1895 5106 sunt
1924 5018 2408 5106 de_Sab'bato,'et
2453 5018 2530 5106 de
2578 5018 2817 5106 Octava,
2853 5024 2916 5106 et
2937 5019 3012 5106 de
3046 5018 3421 5106 psalmis‘quj
3457 5021 3585 5106 Ero
3619 5018 3815 5106 acte—va

466 5100 928 5194 inscgibuntur"
963 5105 1049 5169 Ita
1068 5107 1310 5188 quidem
1344 5104 1404 5169 S.
1440 5102 1740 5169 Barnabas
1771 5105 1833 5169 in
1863 5122 1970 5167 sua
1999 5103 2262 5187 Epistola
2290 5099 2605 5179 catholica,
2639 5100 2669 5184 §
2701 5101 2799 5177 15,
2851 5099 2957 5165 ubi
2982 5099 3247 5185 loquitur
3276 5099 3354 5167 de
3375 5101 3636 5168 Sabbato
3664 5100 3815 5183 ejus-

629 5323 799 5387 Vers.
830 5329 892 5386 4.

551 5600 682 5764 E76)
708 5600 870 5666 Hist.
897 5602 1042 5667 acet.
1075 5602 1181 5665 lib.
1213 5621 1311 5677 vit,
1345 5622 1400 5669 e.
1433 5605 1537 5668 32.

576 5681 674 5764 77)
707 5680 871 5749 Hist.
902 5682 1045 5748 coal.
1072 5682 1179 5750 lib.
1208 5703 1253 5764 ι,
1286 5701 1343 5748 c.
1377 5687 1443 5747 ὅ.

576 5681 674 5764 77)
707 5680 871 5749 Hist.
902 5682 1045 5748 coal.
1072 5682 1179 5750 lib.
1208 5703 1253 5767 ι,
1286 5701 1343 5748 c.
1377 5687 1443 5747 ὅ.
