4062 6216
298 333 418 398 641
1000 334 1096 396 DE
1139 329 1453 397 TITULIS
1497 325 1982 395 PSALMORUM.
2029 365 2108 377 —
2149 325 2586 396 ANTONELLI
2633 329 3051 395 PREFATIO.
3547 321 3668 395 642

387 467 650 531 XXXVI.
685 469 788 531 His
816 479 1014 532 autem
1049 468 1121 530 ad
1152 467 1649 531 commentarium
1701 475 1965 528 nostrum
2027 485 2238 546 magno
2297 467 2618 529 Athanasio
2651 466 3038 527 asserendum
3086 467 3382 527 addantur
3411 466 3513 526 illa
3542 485 3673 544 quae

289 551 538 630 scripta
567 549 843 630 leguntur
870 550 932 611 in
976 547 1351 630 expositione
1387 547 1594 628 psalmi
1625 563 1875 630 cxxxiii,
1915 547 2014 608 ubi
2038 557 2244 630 auctor
2273 557 2445 630 notos
2475 567 2615 609 suos
2645 566 2712 609 ac
2746 547 3074 630 populares
3093 547 3443 626 alloquens:
3472 570 3514 630 χ
3543 547 3676 608 Νοιι

286 624 873 710 ἱεηότδιὶε,’ἱιιῳιίι,
909 624 1134 699 dilecti.
1168 628 1327 708 quod
1381 624 1516 710 cum
1551 645 1666 688 nox
1696 627 1767 688 ad
1802 645 2097 710 summum
2129 627 2351 709 deﬁcit,
2386 628 2514 710 dies
2538 637 2648 710 est
2685 624 3029 710 quindecim
3060 624 3367 710 horarum,
3412 649 3436 710 ι
3470 624 3678 710 Nonne

285 705 438 790 lich
473 705 643 790 quasi
675 705 907 790 intento
930 705 1394 790 digitoaperteg
1426 708 1837 790 demonstrant
1887 707 2238 790 scriptorem
2292 705 2685 790 espositionis
2712 726 2851 790 esse
2905 707 2990 768 vel
3025 707 3218 790 civem
3276 706 3364 768 vel
3421 705 3676 790 incolam

278 785 824 851 Alexandrinum?
863 785 1022 851 Nam'
1075 785 1454 851 Aleiandriae
1505 787 1732 868 Egypti
1771 785 2025 850 latitudo
2051 796 2139 850 est
2190 785 2476 868 graduum
2511 791 2610 867 3t,
2646 789 3010 849 minutorum
3066 789 3390 868 primorum
3426 788 3486 868 It
3532 785 3674 868 (93),

290 870 718 931 secundorum
754 871 833 932 ΞΟ
871 891 885 941 ;
917 871 977 930 in
1013 887 1081 930 ea
1108 879 1306 930 autem
1341 867 1654 929 latitudine
1684 868 1810 928 dies
1845 867 2248 946 longissimus,
2284 869 2638 948 computatis
2670 869 2828 928 horis
2875 887 2907 929 a
2955 868 3098 928 solis
3125 878 3263 948 ortu
3303 867 3371 928 ad
3408 867 3678 948 ejusdem

285 969 624 1018 occasum,
660 959 752 1011 est
784 950 1063 1011 horarum
1103 950 1196 1029 14,
1231 948 1592 1029 minutorum
1620 951 1680 1028 4,
1707 948 1929 1029 quibus
1961 949 2010 1008 si
2043 949 2187 1010 hora
2218 968 2333 1010 una
2357 946 2607 1010 addatur
2666 957 2908 1029 propter
2957 947 3331 1029 crepuscula,
3366 946 3682 1008 habebitur

299 1030 879 1120 dissic-inﬁgimus
909 1027 1318 1120 horarumllb.
1345 1028 1590 1120 qualem
1622 1027 1794 1089 nobis
1825 1029 2109 1120 exprimit
2135 1047 2204 1090 ac
2232 1029 2502 1107 designat
2534 1027 2741 1120 auctor
2770 1027 3177 1120 expositionis.

381 1106 682 1174 XXXVII.
714 1109 1010 1172 Praeterea
1067 1110 1286 1190 multn_
1307 1106 1435 1190 alia,
1469 1118 1818 1190 occurrunt,
1854 1106 2072 1189 quibus
2127 1106 2405 1190 tanquam
2467 1110 2622 1170 notis
2652 1117 2710 1170 et
2733 1106 3010 1190 vestigiis
3049 1109 3427 1190 Athanasius
3479 1106 3681 1190 operis

277 1201 527 1252 auctor
553 1210 683 1253 esse
712 1189 1209 1269 deprehenditur.
1248 1188 1317 1250 Et
1343 1188 1583 1268 quidem
1638 1188 1743 1250 ubi
1799 1187 2034 1251 occasio
2083 1208 2219 1251 sese
2249 1187 2436 1252 'oﬂ'ert
2487 1200 2547 1250 ut
2604 1189 2822 1251 Christi
2873 1187 3676 1269 divinitatemrcomprobet,

284 1271 720 1351 ostendatque
748 1268 1015 1332 Verbum
1045 1269 1119 1330 ab
1151 1269 1710 1351 :eternofuisse,‘et‘
1728 1271 1886 1332 Patri
1918 1270 2446 1351 consubstantiale,
2472 1279 2741 1331 astruere
2769 1288 2884 1329 non
2915 1268 3333 1348 praetermittit,
3356 1277 3414 1329 et
3442 1268 3682 1351 disertis

285 1351 526 1413 verbis
559 1347 898 1412 constanter
923 1368 1231 1430 asserere;
1282 1350 1439 1410 unde
1471 1349 1626 1410 haud
1660 1347 1912 1410 obscure
1967 1350 2232 1410 innuitur
2261 1370 2329 1410 eo
2364 1360 2630 1428 tempore
2684 1351 2808 1410 haec
2841 1350 3061 1429 scripta
3090 1351 3294 1420 fuisse,
3325 1369 3438 1428 quo
3496 1348 3677 1426 huju-

284 1431 520 1493 smodi
557 1430 976 1492 controversia
1006 1430 1397 1509 agitabantur.
1434 1430 1587 1501 Quin
1639 1431 1816 1509 etiam
1863 1430 2130 1490 assiduas
2159 1430 2389 1491 auctori
2421 1431 2600 1491 fuisse
2632 1448 2767 1491 cum
2818 1430 3112 1490 haereticis
3145 1447 3392 1509 pugnas,
3429 1437 3487 1490 et
3525 1447 3640 1508 quo
3663 1463 3678 1473 -

287 1511 551 1574 tidiana
577 1513 924 1589 certamina,
958 1508 1153 1591 qualia
1174 1528 1317 1591 cum
1350 1508 1840 1591 Arianis_hahuit
1871 1510 2248 1591 Athanasius,
2279 1521 2482 1590 aperte
2508 1529 2614 1570 nos
2653 1512 2868 1571 docent
2898 1528 3029 1589 quae
3076 1508 3355 1591 leguntur
3387 1509 3446 1569 in
3491 1526 3676 1591 expop-

275 1592 534 1652 sitione
565 1593 771 1671 psalmi
805 1587 1005 1663 cxvm',
1043 1601 1103 1652 et
1133 1590 1271 1650 alibi
1323 1589 1559 1669 saepius.
1590 1587 1739 1671 Quid
1777 1609 1908 1651 vero
1938 1590 2062 1668 illa,
2094 1587 2485 1670 quae'ex'stant
2516 1592 2574 1650 in
2607 1587 3035 1651 commentario
3087 1587 3292 1669 psalmi
3324 1607 3443 1668 XXI,
3476 1589 3571 1648 ubi
3596 1589 3672 1649 ad

271 1690 365 1733 ea
403 1669 592 1732 verba
619 1671 708 1730 *9:
752 1671 834 1732 Tu
865 1679 1090 1738 autem.
1132 1671 1409 1750 Domine,
1442 1687 1526 1730 ne
1556 1669 1932 1749 elongaoeris
1962 1669 2271 1732 auxilium
2308 1682 2476 1732 tuum
2510 1689 2546 1732 (ι
2580 1689 2708 1730 me:
2743 1671 2821 1730 ad
2851 1671 3249 1747 defensioue.»
3292 1687 3486 1750 meam
3517 1686 3664 1750 con-

269 1755 504 1832 spice,
534 1752 648 1812 alia
677 1751 1068 1830 explicatione
1102 1749 1453 1832 eorumdem
1505 1751 1825 1832 verborum
1881 1752 2135 1832 primum
2194 1752 2513 1830 proposita,
2546 1750 2764 1832 deinde
2819 1751 2957 1832 haec
3000 1751 3241 1831 insuper
3287 1749 3672 1832 adjungitur:

279 1827 327 1890 ἐ
377 1827 645 1893 Possunt
682 1827 858 1891 etiam
894 1832 1017 1892 hmo
1048 1831 1167 1892 dici
1199 1850 1266 1892 ex
1299 1847 1554 1910 persona
1585 1830 1772 1909 ipsius
1795 1827 2054 1902 Domini,
2089 1827 2204 1910 qui
2231 1827 2564 1910 exemplum
2600 1831 2771 1891 nobis
2823 1829 3074 1910 praebuit
3125 1827 3328 1891 utendi
3361 1827 3452 1890 his
3484 1827 3678 1910 verbis

278 1922 596 1992 tempore
627 1912 880 1992 martyrii
902 1913 928 1992 ?_
954 1937 980 1965 ιι
1020 1910 1173 1983 Quid
1222 1929 1358 1970 vero
1391 1909 1490 1970 illa
1521 1909 1658 1992 alia,
1693 1913 1929 1992 qumad
1960 1909 2317 1970 versiculum
2345 1909 2552 1990 psalmi
2586 1909 2891 1992 sequentis
2916 1909 3007 1970 20:
3046 1910 3226 1992 Nam,
3263 1916 3374 1971 etsi
3395 1909 3677 1992 ambula-

267 1989 546 2054 vero'a‘n
576 1989 1308 2070 medio'umbrazmortis,
1333 2007 1450 2070 non
1482 1989 1698 2050 timebo
1728 1989 2215 2070 mala,quoniam
2243 1999 2306 2052 tu
2332 2009 2561 2070 mecum
2584 2009 2665 2063 es,
2698 1990 3097 2069 subjiciuntur
3120 1989 3180 2050 in
3205 1990 3362 2051 hunc
3389 1991 3631 2070 modum
3661 2011 3673 2048 :

277 2097 310 2128 ι
361 2071 527 2134 Cum
565 2090 669 2149 ego
697 2080 989 2151 tormenta
1028 2089 1135 2147 pro
1168 2080 1224 2131 te
1258 2069 1623 2151 sustinuero,
1660 2070 1857 2130 nullus
1888 2069 1983 2130 me
2025 2071 2322 2132 cruciatus
2355 2069 2621 2149 terrebit,
2654 2074 2934 2148 quoniam
2966 2078 3022 2129 tu
3057 2070 3212 2131 vires
3244 2072 3385 2130 mihi
3423 2069 3675 2151 praebes,

269 2161 352 2213 ut
413 2153 554 2213 illos
586 2150 929 2230 perferam?
961 2153 1170 2211 Nonne
1203 2149 1516 2210 manifesto
1556 2150 1816 2210 indicant
1875 2160 2175 2212 auctorem
2215 2151 2304 2211 vel
2337 2151 2546 2230 eodem
2603 2158 2889 2230 tempore,
2926 2169 3044 2230 quo
3093 2149 3481 2230 tyrannorum
3535 2165 3675 2230 per-

274 2232 547 2294 secutio
577 2229 770 2292 adhuc
814 2232 873 2290 in
901 2231 1271 2292 Christianos
1301 2229 1605 2300 saeviebat,
1642 2230 1726 2290 vel
1756 2249 1871 2289 non
1897 2230 2071 2307 longe
2112 2230 2182 2292 ab
2218 2249 2285 2291 eo
2322 2229 2556 2292 fuisse?

377 2309 715 2374 XXXVIII.
743 2313 820 2373 At
853 2311 1013 2372 enim
1061 2314 1340 2390 agedum,
1375 2328 1507 2389 qua:
1537 2309 1594 2369 in
1629 2320 1830 2370 nostro
1861 2319 2289 2370 commentario
2322 2311 2544 2390 scripta
2584 2319 2882 2390 suntcum
2917 2309 2990 2368 iis
3031 2328 3162 2389 quae
3217 2308 3277 2370 in
3321 2309 3454 2370 aliis
3485 2307 3675 2390 libris,

319 2410 458 2453 nos
504 2411 680 2452 nemo
719 2390 949 2452 dubitat
980 2389 1178 2468 1:.agni
1223 2390 1547 2470 Athanasii
1582 2407 1739 2461 esse,
1773 2390 2175 2468 conferamus,
2212 2399 2275 2450 ut
2304 2407 2374 2452 ex
2409 2389 2752 2468 hujusmodi
2785 2391 3250 2470 comparatione,
3274 2394 3323 2451 si
3359 2389 3678 2467 utrobique

325 2473 680 2534 salinarum
710 2472 890 2532 verba
916 2471 1128 2532 eodem
1192 2470 1392 2542 modo,
1428 2477 1489 2531 et
1535 2469 1595 2529 in
1655 2473 1931 2530 eumdem
1980 2488 2220 2550 sensum
2282 2471 2582 2533 intellecta
2612 2479 2798 2547 atque
2848 2470 3146 2550 explicata
3202 2469 3672 2550 cumperiantur,

270 2554 534 2615 certius
564 2571 632 2614 ac
665 2551 984 2613 dilucid5us
1008 2562 1310 2631 appareat,
1341 2553 1643 2631 eumdem,
1667 2560 2010 2631 nonautem
2051 2549 2350 2631 diversum
2383 2561 2444 2613 et
2472 2549 2884 2614 commentarii
2917 2551 3128 2631 nostri,
3156 2560 3214 2612 et
3243 2549 3494 2612 aliorum
3529 2568 3677 2630 ope-

264 2651 468 2707 rum,
499 2651 638 2708 quae
664 2634 722 2696 Β.
755 2628 1180 2694 Αιὴειιιειεὶὸ“εὺ
1226 2628 1499 2690 omnibus
1531 2630 1811 2691 concordi
1847 2630 2125 2708 suffragio
2171 2631 2574 2705 ascribuntur,
2607 2639 2910 2692 auctorem
2941 2628 3282 2693 esse.'liem
3319 2628 3674 2710 propositam

267 2713 567 2788 brevius,
604 2713 795 2793 quoad
828 2713 960 2773 fieri
995 2719 1209 2791 potest,
1245 2710 1577 2791 expediam.

372 2872 577 2934 Verba
607 2869 820 2953 psalmi
876 2889 1014 2934 χχιιι
1045 2880 1200 2940 (vers
1260 2870 1358 2942 ‘20,
1387 2872 1556 2949 juxta
1610 2868 1945 2946 antiquam,
1971 2885 2004 2931 Α
2024 2871 2322 2950 judicium
2350 2870 2558 2933 mortis
2581 2879 2788 2932 contra
2811 2887 2920 2931 nos
2947 2869 3236 2950 prolatum
3262 2868 3411 2931 Filio
3439 2869 3670 2934 detura

268 2981 483 3044 quam
515 2967 761 3024 secutus
790 2960 1361 3038 suin,divisionem):
1398 2981 1420 3014 ι
1448 2958 1715 3022 Attollite
1738 2969 1956 3040 portas,
2048 2961 2109 3022 In
2146 2970 2314 3022 tract.
2349 2961 2410 3020 in
2475 2959 2658 3022 illud:
2701 2980 2728 3019 ι
2763 2961 2979 3022 Omnia
3032 2958 3178 3024 mihi
3211 2959 3425 3022 tradita
3450 2972 3608 3036 sunt,
3645 2985 3672 3017 ι

269 3051 644 3134 principes,
675 3061 941 3112 vestras:
1008 3074 1036 3106 ι
1081 3050 1142 3110 in
1207 3049 1360 3110 libro
1396 3051 1481 3109 De
1527 3048 1962 3110 Incarnutione
2045 3065 2104 3128 p.
2137 3046 2239 3111 83.
2300 3083 2379 3094 --
2436 3046 2500 3109 In
2564 3049 2996 3109 commentario
3046 3049 3117 3106 ad
3174 3047 3351 3109 verba
3405 3050 3676 3128 ejusdem

284 3141 498 3203 Verbi
529 3140 640 3202 Dei
668 3141 740 3217 (t.
778 3141 825 3220 I,
861 3159 919 3220 p.
953 3139 1082 3219 55),
1111 3137 1170 3202 S.
1206 3137 1562 3200 Athanasius
1592 3137 1958 3216 interpreta-
2044 3137 2254 3218 psalmi
2289 3137 2414 3200 Itch
2445 3136 2885 3217 subjiciuntur:
2929 3161 2950 3192 ι
2989 3136 3136 3199 Filio
3169 3144 3328 3200 tuo.»

273 3240 404 3292 tur
429 3229 588 3291 dicta
617 3230 800 3290 fuisse
854 3229 930 3290 de
989 3227 1181 3290 reditu
1213 3225 1434 3291 Christi
1493 3227 1555 3288 in
1619 3227 1830 3288 omium
1869 3228 1960 3286 his
2123 3228 2187 3288 In
2217 3226 2487 3307 Epistula
2518 3229 2592 3288 de
2626 3227 2878 3288 decretis
2899 3225 3183 3305 Nycamae
3210 3226 3450 3306 synodi,
3476 3236 3682 3292 contra

274 3317 516 3381 verbis
551 3340 564 3380 :
605 3342 628 3375 α
667 3318 1185 3390 Quemadmodum
1247 3335 1352 3397 pro
1411 3315 1690 3378 omnibus
1745 3334 1962 3394 corpus
2044 3316 2295 3377 Arianos
2323 3315 2500 3377 verba
2532 3314 2791 3378 faciens:
2826 3341 2846 3369 α
2880 3312 3124 3388 Verum,
3151 3315 3361 3396 inquit,
3390 3317 3534 3378 falsa
3552 3319 3677 3379 hinc

279 3410 495 3472 morti
525 3407 791 3480 tradidit,
825 3407 913 3468 sic
945 3408 1121 3468 etiam
1189 3423 1297 3486 per
1352 3405 1514 3466 idem
1561 3404 1703 3466 illud
1756 3405 1870 3465 iter
1901 3405 1961 3465 in
2047 3413 2204 3480 sunt,
2230 3424 2365 3483 qua;
2383 3412 2768 3485 propugnatis
2794 3425 2808 3464 :
2830 3404 3122 3484 siquidem
3156 3410 3283 3485 ipse
3314 3404 3455 3466 fecit
3485 3417 3682 3488 nos,et

285 3497 538 3560 ccelum
568 3497 825 3578 aperuit,
863 3522 890 3552 ι
928 3528 1006 3542 -—
1034 3494 1101 3556 In
1162 3503 1364 3557 nostro
1394 3503 1594 3558 autem
1647 3512 1959 3554 commen-
2048 3514 2164 3556 non
2197 3494 2312 3574 ipsi
2347 3513 2475 3556 nos.
2537 3493 2671 3574 Ipse
2723 3501 2838 3570 est,
2869 3493 2970 3573 qui
3029 3511 3137 3572 per
3183 3513 3355 3554 suum
3420 3494 3676 3558 Verbum

289 3587 468 3647 tario
495 3586 571 3647 ad
630 3587 908 3648 eumdem
968 3584 1331 3647 versiculum
1391 3583 1470 3647 90
1530 3592 1587 3644 et
1644 3591 1963 3664 sequentes
2047 3585 2249 3645 omnia
2280 3592 2337 3645 et
2369 3601 2567 3663 parva,
2603 3591 2661 3644 et
2716 3601 2926 3661 magna
2982 3581 3142 3644 fecit.
3187 3607 3204 3638 ι
3244 3617 3320 3627 —
3353 3584 3417 3645 ln
3477 3594 3678 3648 nostro

292 3675 466 3756 psal.
504 3691 643 3737 ιιιιιι
699 3676 825 3736 haec
876 3675 1280 3736 adnotantur:
1318 3697 1344 3728 α
1382 3674 1467 3736 De
1519 3673 1704 3754 ipsius
1761 3672 1958 3733 reditu
2045 3673 2473 3734 commentario
2506 3671 2577 3732 ad
2625 3670 2834 3732 eadem
2867 3671 3048 3732 verba
3100 3673 3310 3751 psalmi
3343 3691 3475 3736 xcrx
3506 3675 3680 3756 huju-

295 3769 458 3845 (boc
489 3775 584 3828 est
630 3765 870 3833 Christi)
898 3764 1185 3845 loquitur,
1214 3781 1391 3844 quem
1423 3761 1564 3825 fecit
1593 3763 1650 3822 in
1684 3761 1890 3822 caelos.
1933 3785 1955 3819 ι
2044 3762 2236 3823 smodi
2286 3770 2604 3842 apponitur
2659 3759 3003 3821 adnotatio:
3047 3783 3068 3814 α
3097 3759 3228 3840 Ipse
3287 3782 3395 3824 nos
3426 3783 3546 3825 non
3603 3781 3680 3828 ex

395 3854 461 3916 In
496 3853 710 3916 eodem
746 3854 898 3916 libro
930 3854 1014 3917 De
1072 3853 1510 3916 Incarnatione
1541 3869 1621 3932 (ρ.
1647 3851 1746 3931 26)
1785 3850 1964 3912 verba

298 3943 536 4026 psalmi
554 3959 672 4026 tm,
704 3962 861 4007 vers.
885 3944 983 4024 39,
1015 3967 1040 3999 α
1067 3943 1231 4005 Misit
1261 3941 1522 4004 Verbum
1551 3959 1748 4015 suum,
1783 3949 1842 4001 et
1872 3959 1964 4001 sa-

295 4035 474 4096 navit
495 4050 622 4106 θος,
651 4058 678 4090 ι
698 4043 757 4096 et
785 4034 931 4116 psal.
957 4033 1415 4106 cxvn,vers.52,
1430 4053 1452 4088 ο
1467 4033 1624 4095 Deus
1646 4029 1957 4103 Dominus,

300 4133 375 4184 et
401 4121 594 4182 iliuxit
614 4121 813 4201 nobis,
839 4146 868 4178 ιι
896 4122 1149 4201 explicat
1174 4121 1250 4182 de
1273 4121 1530 4182 adventu
1554 4117 1734 4182 Verbi
1768 4119 1876 4179 Dei
1899 4125 1958 4178 in

307 4212 604 4272 mundum
629 4213 688 4271 in
711 4211 872 4274 hunc
897 4209 1750 4290 modumzaNegliguntvidere
1763 4207 1960 4268 Domi-

2048 3850 2221 3912 nohis
2255 3868 2484 3926 sumus,
2522 3858 2582 3909 ut
2613 3850 2791 3930 aliqui
2827 3849 3050 3910 dicunt.
3097 3874 3118 3906 ι

2125 3937 2318 4001 Verba
2337 3939 2546 4020 psalmi
2571 3957 2633 4018 ll,
2658 3956 2814 4000 vers.
2842 3939 2936 4015 12,
2971 3963 2992 3994 ι
3021 3936 3138 4016 Ego
3163 3939 3337 4002 hodie
3357 3947 3536 4021 genui
3555 3953 3670 4021 te"

2046 4039 2101 4091 et
2124 4028 2223 4090 illa
2244 4029 2358 4089 alia
2380 4027 2591 4108 psalmi
2610 4043 2726 4107 CIX,
2759 4044 2915 4090 vers.
2941 4030 2999 4106 7,
3037 4053 3055 4083 ι
3083 4027 3164 4089 Es
3190 4039 3360 4091 utero
3381 4041 3519 4092 ante
3554 4035 3673 4096 Lu-

2043 4118 2290 4180 ciferum
2322 4122 2498 4195 genui
2535 4122 2618 4197 te,
2655 4141 2683 4172 »
2718 4117 2791 4179 de
2822 4127 3045 4178 aeterna
3077 4115 3254 4179 Verbi
3288 4123 3672 4198 generatione

2042 4216 2244 4272 contra
2264 4208 2516 4269 Arianos
2537 4207 2793 4286 explicat
2824 4206 2885 4268 in
2917 4205 3035 4286 Ep.
3069 4209 3138 4269 de
3166 4210 3670 4276 deoret.Nicama:

311 4319 486 4380 nam,
521 4317 696 4380 quem
731 4298 1050 4381 Scriptura
1072 4299 1476 4380 praedixerunt
1499 4295 1631 4358 orbi
1662 4306 1952 4358 terrarum
1979 4305 2014 4353 Β
2035 4298 2276 4378 synodi,
2302 4315 2432 4375 pag.
2462 4296 2572 4357 172
2594 4314 2610 4370 ;
2636 4297 2772 4356 item
2795 4314 2925 4376 pag.
2956 4297 3092 4371 178,
3115 4299 3251 4359 etin
3279 4299 3398 4380 Ep.
3433 4303 3507 4363 de
3528 4321 3670 4366 sen-

303 4389 678 4464 iﬂuxisse,et
699 4407 950 4470 corpore
968 4388 1242 4451 indutum
1257 4387 1764 4470 apparuisse.»lta
1778 4384 1958 4448 etiam

294 4480 371 4541 in
400 4475 699 4540 Oratione
726 4480 994 4541 secunda
1024 4488 1237 4541 contra
1265 4479 1559 4557 Arianos,
1590 4475 1867 4557 pag.395.
1885 4510 1960 4520 —

295 4571 375 4633 Ia
412 4576 611 4628 nostro
640 4575 839 4630 autem
859 4567 1296 4630 commentario
1317 4566 1388 4628 ad
1411 4583 1648 4628 versum
1679 4564 1957 4626 eumdem

295 4660 393 4744 ξιξ)
426 4657 578 4738 psal.
610 4673 700 4720 cvi
732 4659 859 4720 haec
886 4659 1166 4738 leguntur
1188 4679 1208 4719 :
1254 4680 1278 4715 (ι
1304 4656 1457 4718 Misit
1479 4655 1662 4718 Deum
1695 4652 1957 4717 Verbum

295 4751 514 4825 Pater,
543 4756 599 4809 et
630 4747 908 4809 transfixo
933 4749 1067 4828 ejus
1087 4748 1274 4810 latere
1296 4765 1406 4808 nos
1420 4763 1631 4808 omnes
1648 4744 1836 4806 sanati
1858 4762 1959 4806 su—

295 4855 512 4914 mus,»
543 4847 599 4898 et
621 4838 695 4898 ad
713 4855 866 4899 vers.
894 4837 971 4901 52
995 4837 1210 4920 psalmi
1229 4853 1418 4917 cxvtt,
1435 4833 1960 4915 «Quandoquidem

2042 4389 2232 4450 tentia
2251 4387 2905 4467 Dionysii,pag.19°2,et
2925 4386 2986 4446 in
3011 4386 3175 4449 Orat.
3200 4405 3238 4449 ιι
3261 4399 3468 4453 contra
3488 4395 3538 4453 Α
3549 4399 3673 4458 ria-

2041 4495 2171 4551 nos,
2200 4485 2240 4535 t.
2290 4473 2365 4556 Il,
2387 4493 2516 4555 pag.
2559 4475 2697 4552 415,
2726 4484 2784 4535 et
2823 4477 2883 4536 in
2915 4475 3082 4538 Orat.
3106 4493 3164 4537 tv
3185 4491 3394 4541 contra
3427 4484 3669 4561 Arion,

2045 4584 2176 4648 pag.
2212 4565 2348 4628 504.
2387 4599 2462 4608 -
2494 4563 2558 4623 In
2610 4574 3038 4625 commentario
3088 4566 3161 4626 ad
3213 4585 3362 4629 vers.
3408 4570 3475 4633 t3
3506 4583 3565 4634 et
3607 4576 3676 4636 i4

2044 4653 2311 4736 ejusdem
2338 4653 2546 4734 psalmi
2571 4669 2610 4714 ιι
2637 4656 2761 4714 haec
2780 4654 3077 4715 habentur
3103 4677 3116 4718 :
3148 4680 3174 4710 ει
3195 4655 3263 4718 Et
3284 4659 3451 4721 caelis
3467 4662 3674 4726 audire

2042 4744 2180 4807 fecit
2211 4761 2414 4804 vocem
2447 4761 2613 4803 suam
2645 4745 2909 4803 clamans
2959 4744 3032 4805 ad
3066 4763 3198 4807 me:
3245 4771 3265 4800 α
3303 4748 3389 4809 Τιι
3419 4767 3484 4811 es
3518 4753 3671 4814 iilius

2049 4831 2646 4910 (meusdilectuspet
2661 4833 2732 4893 ad
2748 4844 3102 4913 sequentem
3117 4853 3272 4898 vers.
3286 4838 3515 4911 1.5,me
3528 4843 3663 4904 alia:

297 4945 450 4991 cum
482 4925 643 4988 Deus
662 4933 822 4989 esset
839 4928 1013 4991 Iesus
1036 4929 1328 4991 Dominus
1353 4924 1630 5007 apparuit
1651 4923 1712 4984 in
1740 4933 1955 4986 terra.»
2048 4947 2075 5007 ᾳ
2103 4921 2230 4996 Qua
2249 4921 2348 4984 die
2370 4931 2428 4982 te
2446 4920 2992 4987 manifestavi.Nam
3023 4935 3159 4987 ante
3181 4929 3396 4992 secula
3415 4935 3669 4994 abscon-

392 5016 486 5079 Ad
515 5014 696 5078 verba
724 5015 828 5080 illa
862 5017 1074 5098 psalmi
1093 5033 1260 5095 uxr,
1280 5003 1486 5081 verit
1506 5035 1578 5104 ,c
1598 5003 1954 5104 Deusjudi-
2037 5003 2197 5104 ditus
2215 5029 2348 5073 eras
2369 5011 2428 5071 in
2454 5028 2562 5104 me
2574 5013 2743 5104 Patre
2763 5022 2884 5104 tuo,
2906 5016 3411 5104 quemadmodum
3436 5023 3511 5086 de
3541 5021 3672 5104 ipso

293 5111 469 5171 dnm
532 5113 701 5168 tuum
755 5105 888 5188 regi
943 5107 1057 5170 da:
1098 5127 1126 5169 ›
1169 5139 1243 5152 -
1278 5125 1310 5168 (
1339 5103 1712 5186 Supplicant,
1751 5101 1854 5180 ait,
1889 5108 1957 5165 ut
2035 5101 2326 5183 scriptum
2358 5107 2484 5162 est:
2518 5098 2822 5163 Exsistens
2851 5103 2911 5164 in
2931 5103 3066 5166 sinu
3099 5103 3312 5172 Patris.
3341 5129 3366 5171 ι
3390 5109 3479 5173 Ad
3513 5098 3666 5178 vers.

394 5346 446 5394 ιο
465 5347 645 5416 Vera.
681 5352 785 5417 20.
814 5349 872 5396 ³ο
898 5354 1074 5418 Vera.
1102 5354 1168 5417 ι.

392 5560 509 5638 (93)
544 5557 626 5623 Ex
659 5560 834 5641 libro,
876 5565 972 5624 cui
1003 5561 1211 5623 titulus
1239 5581 1252 5623 :
1287 5560 1735 5641 Corma-isseme
1768 5558 1872 5641 des
1894 5565 2084 5635 talpa
2105 5558 2352 5636 pubtiée
2387 5576 2499 5636 μιν
2529 5557 2749 5623 l'ordre
2778 5563 2851 5623 de
2879 5563 3252 5632 l’Académie'
3275 5571 3669 5636 des-science:

300 5645 369 5701 at
395 5643 658 5705 calcatae
673 5658 797 5723 par
820 5639 911 5704 Β.
942 5642 1206 5705 Μοναιάί
1232 5641 1304 5704 dc
1330 5640 1394 5703 la
1411 5645 1595 5701 nemo
1615 5639 1969 5702 Academia.
