4062 6216
475 321 589 391 647
1279 326 1334 389 S.
1386 324 1805 389 ATHANASII
1851 327 2015 389 OPP.
2064 327 2254 389 PARS
2297 325 2405 390 ΙΙΙ.
2451 360 2530 370 -—
2576 325 3030 390 EXEGETICA.
3718 329 3826 390 648

468 471 528 526 et
560 463 804 523 minime
835 459 1304 523 commentitiatn
1344 460 1654 522 manifesto
1705 461 2062 537 ostenditur,
2097 469 2153 522 et
2185 459 2373 523 multa
2415 460 2494 521 ita
2522 477 2587 521 se
2635 460 2876 536 habere,
2911 474 2970 522 ut
3010 479 3116 536 per
3161 461 3562 539 conjecturam
3606 461 3829 523 fuerant

466 563 500 604 a
524 562 620 603 me
649 542 982 615 emendata,
1013 539 1356 620 probantur.

548 624 743 686 Codex
783 632 975 684 autem
1010 618 1196 681 exstat
1227 622 1283 682 in
1318 618 1688 685 Bibliotheca
1717 621 2001 686 Vaticana
2056 624 2207 685 inter
2250 621 2487 684 codices
2543 621 2835 684 Palatinos
2868 640 3116 702 numero
3174 623 3272 695 44,
3313 641 3380 682 ea
3412 621 3601 682 forma
3661 641 3827 702 quam

468 703 638 784 vulgo
671 702 727 762 in
759 721 966 784 quarto
1015 703 1333 784 vocatuhlst
1362 703 1604 782 quidem
1667 705 2104 783 membranens,
2139 722 2255 764 non
2283 716 2478 765 autem
2532 705 2900 775 chartacens,
2936 711 2997 763 ut
3025 701 3125 764 ille
3157 721 3274 784 quo
3328 703 3384 762 in
3419 719 3548 761 mea
3581 701 3830 784 editione

465 780 806 844 adornanda
836 799 978 844 usus
1019 801 1172 843 sum.
1214 780 1482 861 Scriptus
1514 793 1602 843 est
1634 785 1852 845 StBCuIO
1888 804 2044 846 nono
2075 780 2348 862 eseunte,
2383 793 2444 844 ut
2475 802 2542 844 ex
2575 785 2941 855 charactere,
2977 793 3095 842 tum
3131 780 3352 842 certius
3382 798 3452 842 ex
3479 783 3672 842 verbis
3701 802 3832 843 con-

469 873 608 943 stat,
645 882 774 942 qnaa
806 863 860 924 in
888 862 1269 924 adnotatione
1295 865 1363 924 ad
1397 864 1620 924 calcem
1649 865 1876 924 codicis
1907 864 2162 944 ascripta
2189 864 2464 941 leguntur
2491 884 2503 924 :
2544 865 2664 925 haec
2697 873 2895 924 autem
2928 863 2986 923 in
3023 864 3290 925 Latinum
3323 881 3490 923 versa
3522 864 3656 923 talia
3677 875 3824 925 sunt:

1232 1044 1304 1107 Ut
1333 1042 1530 1104 dulcis
1560 1043 1998 1125 navigantibus
2023 1043 2402 1125 tranquillus
2428 1052 2643 1124 portus

1223 1126 1318 1188 Ita
1348 1133 1405 1186 et
1433 1123 1829 1186 scribentibus
1869 1124 2119 1187 ultimus
2147 1123 2355 1189 versus

1213 1301 1496 1383 Scriptus
1523 1312 1609 1365 est
1633 1303 1926 1384 liberiste
1958 1305 2318 1384 interpretis
2353 1303 2641 1366 Psalterii

1227 1402 1408 1444 manu
1446 1385 1659 1446 Leonis
1695 1383 2013 1446 Tabularii
2044 1383 2407 1446 Monobasim

1226 1465 1429 1527 Mense
1459 1468 1731 1541 Augusto
1763 1465 1862 1545 28,
1897 1465 1993 1526 die
2021 1465 2080 1537 ἓ,
2108 1465 2241 1527 Ind.
2295 1515 2308 1526 .
2362 1509 2374 1522 .
2429 1513 2443 1526 .
2498 1513 2511 1526 .

1221 1561 1383 1626 anno
1413 1545 1571 1607 6045
1605 1545 1789 1626 (94").

1232 1624 1438 1685 Lector
1466 1624 1800 1704 deprecare
1827 1624 1997 1698 mihi,
2032 1632 2100 1686 ut
2128 1642 2242 1704 per
2270 1624 2584 1686 Chr-istum

1229 1707 1452 1767 liberer
1481 1707 1557 1768 ab
1587 1707 1729 1785 igne
1760 1705 2072 1783 gehennae.

542 1885 776 1950 Codicis
809 1883 1137 1963 inscriptio,
1173 1902 1251 1964 ex,
1299 1901 1414 1964 qua
1444 1901 1659 1944 nomen
1693 1883 1955 1943 auctoris
2014 1883 2528 1964 lnlerpretationis
2561 1881 2920 1942 Psalmnrum
2980 1879 3200 1941 certius
3230 1877 3402 1940 nobis
3450 1890 3812 1964 compertum

461 1965 650 2036 ﬂeret,
696 1965 902 2045 maiori
930 1961 1010 2024 ei
1032 1961 1194 2045 parte
1225 1961 1416 2045 deleta
1437 1972 1547 2023 est.
1587 1965 1834 2024 Litteras
1863 1979 2028 2045 vero,
2056 1961 2194 2045 fquai
2220 1965 2412 2026 adhuc
2443 1969 2784 2044 supersunt,
2809 1971 2869 2022 et
2905 1979 3079 2045 quae,
3112 1967 3398 2045 vetustate
3434 1961 3671 2045 quidem
3700 1962 3811 2045 jam

458 2040 1006 2124 fugientes,'aliqua
1032 2040 1252 2105 'tamen
1283 2043 1613 2120 diligentia,
1650 2052 1708 2104 et
1738 2061 1879 2106 cura
1929 2040 2218 2125 adhibita,
2251 2045 2365 2123 legi
2400 2040 2689 2124 poterant,
2721 2041 2951 2103 caeteris
2981 2041 3222 2103 omnino
3272 2040 3513 2120 deletis,
3552 2042 3659 2102 hoc
3698 2041 3813 2103 loco

457 2122 659 2186 ascrib
691 2145 785 2188 am
825 2122 1159 2182 EPMHNEM
1209 2131 1526 2183 ΨΑΑιωΝ.
1581 2174 1592 2186 .
1649 2167 1659 2178 .
1716 2174 1728 2188 .
1783 2169 1794 2182 .
1851 2171 1862 2182 .
1916 2166 1929 2181 .
1986 2171 1999 2185 .
2049 2122 2451 2186 Ειοιίτσικᾉ
2501 2169 2516 2185 .
2567 2166 2582 2182 .
2635 2171 2649 2186 .
2704 2172 2717 2185 .
2774 2171 2787 2184 .
2836 2165 2850 2180 .
2906 2171 2919 2185 .
2975 2167 2989 2183 .
3041 2166 3055 2181 .

459 2222 560 2267 eas
589 2205 792 2268 autem
825 2205 911 2268 sic
942 2204 1205 2283 legerem
1237 2224 1250 2265 :

708 2407 1044 2458 EPMHNEIA
1077 2407 1370 2458 ΨΑΑΜΩΝ
1410 2377 1790 2459 aemulor
1825 2408 1954 2458 τοι·
1988 2408 2300 2459 marmor

1214 2585 1829 2652 INTEBPRETATIO
1877 2587 2331 2653 PSALMORUM
2377 2585 2620 2652 MAGNI
2674 2583 3085 2650 ATHANASII

545 2768 682 2829 Post
738 2766 1188 2846 inscriptionem
1221 2765 1488 2846 sequitur
1533 2767 1760 2846 primus
1798 2766 2058 2845 psalmus
2103 2785 2241 2828 cum
2295 2766 2809 2846 interpretatione,
2843 2784 2977 2845 quas
3017 2765 3221 2826 deerat
3245 2763 3305 2824 in
3349 2773 3554 2846 nostro
3596 2763 3805 2825 codice.

462 2846 576 2927 sed
614 2847 796 2908 verba
825 2843 1036 2926 psalmi
1067 2856 1125 2908 et
1153 2843 1666 2927 interpretationis
1696 2843 1811 2927 vel
1836 2856 2146 2927 vetustate,
2183 2850 2270 2908 vel
2304 2843 2676 2916 humiditate,
2705 2846 2793 2908 vel
2819 2843 2934 2907 alio
2965 2863 3102 2908 casu
3138 2864 3252 2906 nou
3289 2843 3533 2906 minima
3563 2863 3626 2904 ex
3660 2855 3806 2927 parte

343 2985 346 2987 λ
460 2926 769 3010 obliterata
801 2922 858 2987 et
886 2934 1166 3010 corrupta
1219 2922 1337 3010 non
1367 2926 1592 3006 absque
1626 2924 1879 3010 maxima
1909 2922 2256 2990 difﬁcultate
2287 2929 2400 3009 legi
2451 2935 2768 3010 potuerunt
2797 2947 2812 3000 ;
2845 2945 2914 2987 ea
2936 2936 3135 2987 autem
3169 2944 3522 3007 quacunque
3554 2922 3704 3003 potui
3731 2922 3806 2982 di-

460 3007 706 3088 ligentia
735 3025 769 3068 a
797 3025 893 3068 me
923 3008 1224 3086 descripta
1255 3007 1444 3070 lector
1472 3007 1760 3088 reperiet.

540 3212 692 3295 (Μ’)
728 3215 843 3278 Αιι.
876 3213 1080 3278 64053
1095 3215 1400 3278 creatione
1421 3213 1624 3276 mundi
1640 3214 1794 3295 apud
1825 3212 2086 3294 Graecos,
2122 3221 2211 3277 est
2235 3233 2268 3275 a
2304 3215 2555 3276 navitate
2581 3213 2804 3278 Christi
2833 3213 2976 3275 897.
