4062 6216
517 350 633 451 663
1434 390 1848 451 ATHANASH
1903 389 2063 448 OPP.

2278 389 2310 448 S
2361 389 2460 447 ΙΙΙ.
2521 423 2588 429 -~~
2645 389 3093 451 liXliGETlCA.
3780 397 3882 458 tibi

594 525 654 586 7.
689 523 859 586 Mane
891 524 1095 586 astabo
1130 522 1264 598 tibi,
1301 530 1358 585 et
1381 522 1611 585 videbis
1635 541 1755 597 me,
2178 527 2198 575 Α

2178 527 2220 576 Α
2325 522 2379 582 7.
2416 525 2487 582 Τὸ
2520 527 2662 602 πρωϊ
2691 525 3104 601 παραστήσομαι
3134 547 3240 600 σοι,
3270 528 3356 582 καὶ
3385 525 3577 602 ἐπόψει
3617 551 3711 604 με,

596 614 655 674 8.
690 613 982 686 Quoniam
1009 630 1125 674 non
1153 616 1314 676 Deus
1336 613 1544 675 volens
1567 614 1940 692 iniquitatem
1974 618 2036 672 tu
2070 628 2157 671 es.

1905 631 1940 673 n
1974 618 2036 672 tu
2070 628 2157 671 es.
2324 611 2386 675 8.
2422 611 2554 671 ’Ὅτι
2587 615 2710 693 οὒχὶ
2743 615 2870 677 Θεὸς
2900 613 3066 670 θέλων
3098 615 3318 690 ἀνομίαν
3351 616 3412 672 σὺ
3442 639 3509 676 ει.

595 703 655 766 9.
692 703 899 782 Neque
930 702 1220 765 habitabit
1243 704 1412 782 juxta
1444 711 1500 764 te
1522 705 1841 782 malignus,

1840 759 1841 768 η
2327 701 2384 764 9.
2421 704 2493 761 Οὐ
2523 704 2839 782 παροικήσει
2871 725 2950 760 σοι
2989 706 3444 780 πονηρευόμενος,

603 792 698 856 10.
733 793 941 873 Neque
989 791 1429 871 permanebunt
1482 793 1686 872 injusti
1766 799 1905 852 ante
1959 788 2165 851 oculos

2331 791 2428 850 10.
2464 791 2592 849 Οὒδε
2676 790 2975 866 διαμενοῦπι
3062 794 3358 873 παράνομοι
3431 797 3714 855 κατέναντι
3788 807 3885 855 τῶν

520 891 672 944 ιυοε.

2246 880 2531 961 ὀφθαλμῶν
2566 905 2680 944 σου,

602 973 698 1035 11.
741 969 930 1034 Odisti
961 989 1168 1034 omnes
1190 971 1295 1053 qui
1324 977 1651 1052 operantur
1681 971 2078 1052 iniquitatem,

2330 972 2426 1031 11.
2463 969 2756 1048 Ἐμίσησας
2801 973 3001 1036 πάντας
3055 975 3174 1038 τοὺς
3205 975 3590 1053 ἐργαζομένους
3627 978 3728 1044 τὴν
3761 978 3870 1036 ἀνο-

2249 1062 2396 1138 μίαν,

599 1151 695 1214 1‘2.
730 1149 956 1214 Perdes
1005 1169 1216 1213 omnes
1246 1151 1348 1232 qui
1398 1150 1730 1230 loquuntur
1761 1148 2160 1210 mendacium.

2157 1197 2160 1209 .
2331 1151 2428 1213 12.
2465 1150 2716 1218 Ἀπολεῖς
2749 1154 2948 1215 πάντας
2977 1156 3095 1219 τοὺς
3128 1154 3416 1217 λαλοῦντας
3449 1158 3510 1211 τὸ
3541 1155 3761 1230 ψεῦδος.

598 1241 694 1303 13.
730 1241 938 1302 Virum
971 1242 1326 1322 sanguinum
1359 1249 1418 1302 et
1447 1238 1722 1302 dolosum
1785 1235 2162 1300 abominabi-

2329 1241 2428 1304 13.
2463 1241 2672 1322 ’Ἄνδρα
2737 1244 2973 1318 αἱμάτων
3021 1245 3109 1300 καὶ
3151 1243 3325 1303 δόλιον
3379 1243 3727 1321 βδελύσσεται
3784 1248 3880 1304 Κύ-

519 1338 613 1393 tnr
643 1330 955 1393 Dominus.

779 1330 955 1392 tinus.
2249 1354 2383 1396 ριος.

597 1354 613 1392 Γ
644 1354 955 1393 uomlnus.

597 1422 695 1484 14.
732 1421 855 1500 Ego
877 1427 1076 1482 autem
1096 1421 1156 1482 in
1171 1420 1561 1484 multitudine
1588 1420 2017 1482 misericordia
2046 1425 2168 1482 tuae

2272 1355 2384 1396 ιιος.

2330 1422 2430 1482 14.
2479 1419 2626 1500 Ἐγὼ
2663 1420 2717 1478 δὲ
2765 1423 2818 1478 ὲν
2845 1423 2921 1496 τῷ
2950 1422 3140 1490 πλήθει
3173 1432 3262 1481 τοῦ
3292 1424 3468 1488 ἐλέους
3513 1447 3610 1482 σου
3653 1424 3876 1482 εἰσελεύ-

515 1509 776 1572 introibo
799 1510 860 1570 in
886 1509 1128 1571 domum
1157 1518 1339 1584 tuam,

2248 1534 2406 1588 σομαι
2441 1514 2511 1578 εἰς
2541 1514 2631 1568 τὸν
2659 1512 2812 1569 οἶκόν
2837 1533 2953 1594 σου³

599 1602 697 1660 15.
729 1598 1006 1663 Adorabo
1049 1599 1121 1662 ad
1166 1599 1452 1681 templum
1486 1607 1762 1662 sanctum
1802 1607 1964 1659 tuum
1997 1598 2058 1659 in
2085 1598 2164 1660 ti-

2328 1601 2424 1662 15.
2465 1603 2818 1682 Προσκυνῆσω
2847 1605 2977 1681 πρὸς
3011 1606 3134 1659 ναὸν
3164 1604 3314 1682 ἅγιόν
3365 1628 3458 1662 σου
3501 1610 3558 1661 ὲν
3593 1605 3739 1686 φόϐῳ
3769 1628 3871 1668 σου,

515 1709 682 1752 more
713 1699 835 1751 tuo.

597 1781 696 1843 16.
729 1777 1002 1852 Domine,
1030 1778 1226 1841 deduc
1259 1797 1356 1840 me
1387 1779 1449 1840 in
1477 1777 1715 1858 justitia
1745 1785 1883 1840 tua:
2191 1815 2201 1865 ι

2191 1815 2228 1865 Β
2331 1782 2428 1842 16.
2463 1781 2646 1862 Κύριε,
2683 1780 2951 1860 ὸδήγησόν
2984 1805 3049 1859 με
3081 1782 3135 1837 ἐν
3167 1789 3234 1861 τῇ
3268 1782 3571 1860 δικαιοσύνῃ
3608 1808 3701 1840 σου

597 1870 698 1934 1'7.
735 1870 988 1948 PrOpter
1013 1868 1292 1932 inimicos
1323 1887 1496 1931 meos
1527 1868 1719 1948 dirige
1749 1867 1808 1928 in
1843 1875 2164 1948 conspectu

2327 1873 2427 1934 47.
2459 1872 2673 1929 ’Ἕνεκα
2699 1878 2802 1927 τῶν
2832 1872 3042 1952 ἐχθρῶν
3065 1896 3164 1947 μου
3198 1875 3510 1930 κατεύθυνον
3539 1875 3761 1931 ἐνώπιόν
3793 1897 3875 1931 σου

517 1968 616 2022 tuo
647 1959 801 2021 viam
823 1975 1042 2020 meam.

2245 1965 2344 2032 τὴν
2377 1961 2497 2019 ὁδόν
2533 1985 2655 2037 μου.

603 2048 692 2111 18.
733 2046 1026 2121 Quoniam
1052 2066 1169 2109 non
1201 2058 1291 2110 est
1322 2049 1381 2110 in
1410 2067 1514 2111 ore
1546 2065 1754 2113 eorum
1786 2047 2044 2126 veritas;

2328 2054 2423 2117 18.
2461 2051 2596 2110 "Ott
2629 2057 2721 2110 οὒκ
2751 2051 2892 2108 ἔστιν
2925 2055 2981 2109 ἒν
3011 2060 3086 2126 τῷ
3130 2057 3351 2129 στόματι
3404 2057 3575 2114 αὐτῶν
3611 2054 3828 2124 ἀλήθεια
3859 2070 3867 2082 ·

601 2139 700 2202 19.
733 2137 848 2202 Cor
875 2156 1086 2199 eorum
1114 2155 1327 2200 vanum
1363 2147 1478 2202 est.

2331 2143 2430 2203 19.
2465 2143 2530 2199 Ἠ
2563 2139 2742 2220 καρδία
2774 2144 2944 2199 αὐτῶν
2979 2144 3175 2218 ματαία

598 2227 700 2290 20.
738 2227 1092 2308 Sepulcrum
1125 2239 1335 2310 patens
1367 2238 1454 2291 est
1485 2236 1686 2309 guttur
1718 2245 1924 2288 eorum
1963 2250 1974 2289 :

1963 2250 1974 2289 Σ
2326 2231 2427 2295 20.
2462 2233 2634 2312 Τάφος
2669 2232 3003 2309 ἀνεῳγμένος
3035 2237 3063 2289 ὁ
3091 2233 3281 2312 λάρυγξ
3313 2237 3480 2291 αὐτῶν
3517 2253 3533 2268 ⁶

598 2319 698 2381 21.
733 2316 974 2395 Linguis
1003 2319 1126 2380 suis
1149 2319 1284 2380 dolo
1299 2337 1361 2380 se
1394 2319 1668 2397 agebant.

2330 2323 2427 2383 91.
2465 2333 2597 2385 Ταῖς
2629 2321 2903 2399 γλώσσαις
2936 2325 3106 2378 αὒτῶν
3136 2322 3462 2386 ἐδολιοῦσαν,

599 2411 703 2471 22.
731 2403 944 2469 Judica
970 2407 1130 2483 illos,
1165 2408 1346 2471 Deus.

2328 2411 2426 2473 22.
2464 2411 2662 2491 Κρϊνον
2697 2413 2907 2484 αὐτοὺς,
2942 2412 2969 2466 ὃ
3003 2414 3154 2477 Θεῦς.

599 2496 702 2558 23.
734 2496 1084 2560 Decidanta
1116 2497 1573 2575 cogitationibus
1602 2499 1769 2570 suis;

2329 2501 2430 2564 23.
2466 2500 3038 2573 Ἀποπεσάτωσανὰπρ
3071 2509 3176 2558 τῶν
3197 2502 3510 2560 διαϐουλιῶν
3549 2506 3714 2561 αὐτῶν
3752 2523 3763 2537 ·

599 2587 698 2648 94.
737 2585 1081 2648 Secundum
1133 2586 1582 2649 multitudinem
1632 2589 2010 2667 impietatum
2060 2604 2164 2649 eo-

2329 2591 2429 2654 24.
2465 2591 2610 2651 Κατὰ
2662 2592 2722 2646 τὸ
2777 2590 2977 2659 πλῆθος
3025 2598 3130 2648 τῶν
3191 2592 3443 2650 ἀσεϐειῶν
3479 2595 3655 2650 αὐτῶν
3699 2593 3872 2658 ἓξωσον

517 2693 650 2738 rum
682 2675 920 2756 expelle
953 2693 1099 2753 eos;

889 2693 920 2737 e
953 2693 1060 2739 eos
1083 2699 1099 2753 ',
2251 2684 2436 2746 αὐτούς
2471 2702 2484 2715 ⁸

599 2765 698 2828 23.
732 2764 1024 2838 Quoniam
1049 2763 1436 2830 irritaverunt
1468 2774 1545 2843 te,
1574 2767 1869 2830 Domine.’

1748 2770 1869 2830 ηοξ
2333 2774 2431 2835 25.
2468 2771 2598 2830 ’Ὅτι
2631 2772 3026 2850 παρεπίκρανάν
3059 2793 3142 2846 σε,
3174 2773 3346 2850 Κύριε,

1655 2889 2062 2954 ATHANASII
2104 2893 2746 2960 INTERPRETATIO.

598 3012 663 3072 7.
696 3010 842 3073 Cum
877 3027 1085 3072 omnes
1117 3009 1396 3072 tenebras
1427 3011 1731 3091 dispulero
1780 3033 1812 3074 a
1845 3037 1962 3094 me,
1998 3019 2168 3098 cujus

2337 3018 2391 3078 ’7.
2426 3016 2568 3075 ’Ὅτε
2620 3024 2791 3073 πᾶσαν
2852 3017 3066 3074 σκοτίαν
3135 3018 3389 3076 ἆπελάσω
3447 3019 3542 3077 ἀπ’
3600 3021 3744 3094 ἐμοῦ,
3792 3029 3868 3076 το)

517 3099 706 3180 gratia
735 3117 831 3160 me
862 3098 971 3159 tibi
1001 3104 1230 3177 sistam,
1267 3109 1323 3161 et
1355 3109 1496 3163 tunc
1530 3120 1623 3163 me
1652 3102 1964 3185 inspicies.

1918 3128 1964 3171 Β,
2250 3107 2664 3186 παραστήσειμαί
2695 3128 2776 3162 σοι
2815 3106 2922 3186 (1)⁷
2946 3109 3035 3163 καὶ
3067 3107 3186 3164 τότε
3208 3108 3398 3184 ἐπόψει
3432 3131 3522 3183 με.

599 3188 659 3252 8.
694 3191 830 3254 Νοη
854 3188 1014 3250 enim
1043 3198 1104 3250 tu
1131 3208 1194 3251 es
1228 3193 1386 3253 Deus
1417 3189 1675 3253 libenter
1733 3196 1942 3260 videns
1994 3207 2203 3278 teneq

2331 3197 2389 3260 8.
2425 3199 2496 3254 Οὔ
2528 3197 2627 3274 γὰρ
2659 3197 2712 3252 εἴ
2743 3199 2769 3252 ὁ
2799 3197 2887 3267 (9.)
2913 3199 3042 3259 Θεὸς
3087 3196 3254 3266 ἡδέως
3303 3201 3437 3275 ὁρῶν
3495 3201 3761 3261 σκοτεινὰς
3788 3200 3861 3254 ὲν-

522 3279 788 3341 bricosas
820 3278 1214 3356 cogitationes
1245 3280 1306 3341 in
1342 3281 1523 3342 corde
1549 3281 1828 3349 hominis.

1437 3281 1523 3342 'de
1549 3281 1828 3349 hominis,
2250 3288 2504 3360 θυμήσεις
2537 3287 2590 3341 ἐν
2621 3284 2803 3364 καρδίᾳ
2832 3284 3041 3364 ἀνδρός,

597 3369 660 3432 9.
694 3366 822 3429 Non
882 3368 997 3429 erit
1048 3368 1158 3429 tibi
1207 3372 1458 3450 amicus,
1515 3372 1616 3452 qui
1647 3372 1759 3436 tibi
1795 3374 2080 3441 benevolo
2113 3389 2173 3443 et

2333 3375 2392 3438 9.
2427 3377 2535 3434 Οὔκ
2579 3374 2724 3431 ἔσται
2769 3397 2849 3430 σοι
2901 3379 3098 3439 οἰκεῖος
3131 3379 3158 3432 ὁ
3211 3380 3289 3452 μὴ
3339 3381 3586 3458 καθαρῶς
3619 3401 3698 3436 σοι
3760 3376 3862 3434 ea...

527 3459 750 3520 mundo
782 3458 966 3520 corde
1000 3478 1118 3520 non
1144 3459 1350 3521 servit.

1227 3459 1350 3521 rvit.
2252 3465 2417 3521 λεύων
2451 3463 2573 3540 μετ’
2606 3464 2831 3527 ἐννοίας.

603 3547 700 3612 10.
735 3546 867 3610 Non
899 3548 1060 3610 enim
1093 3547 1260 3628 digni
1293 3550 1747 3616 aestimabuntur
1775 3555 1984 3636 injusti
2013 3564 2174 3620 stare

2532 3554 2545 3574 ν
2655 3554 2667 3570 ‘
2796 3553 2846 3587 ῖς
3271 3556 3282 3575 ν
3688 3563 3698 3578 υ
3785 3558 3792 3572 -'

2342 3555 2434 3617 10.
2485 3563 2555 3611 Ou
2613 3577 2712 3631 γαρ
2789 3556 3173 3625 αςιωθήσονται
3263 3555 3630 3627 ατελευτήτως
3690 3579 3863 3614 tatam

522 3656 727 3700 coram
759 3645 817 3699 te
839 3638 900 3698 in
933 3639 1287 3701 aeternitate.

2256 3644 2482 3702 ἐνώπιόν
2526 3667 2620 3702 σου
2659 3645 2981 3722 παράνομοι.

612 3730 704 3792 11.
741 3728 853 3801 Qui
884 3727 1025 3790 facit
1053 3739 1397 3808 peccatum,
1431 3740 1489 3791 et
1525 3732 1870 3811 injustitiam
1907 3738 2071 3799 facit.

2339 3735 2434 3796 11.
2470 3734 2527 3791 Ὀ
2555 3737 2721 3790 ποιῶν
2752 3735 2847 3801 τὴν
2881 3737 3142 3813 ἁμαρτίαν
3185 3740 3272 3793 καὶ
3325 3739 3421 3804 τὴν
3472 3739 3691 3813 ἀνομίαν
3720 3751 3864 3793 ποιεῖ.

610 3817 707 3879 12.
735 3818 1029 3896 Projicies
1086 3819 1247 3880 enim
1303 3838 1406 3882 eos
1439 3823 1496 3881 in
1526 3819 1752 3902 ignem,
1787 3825 1885 3886 ubi
1919 3837 2008 3887 est
2039 3830 2170 3890 dia-

2338 3824 2434 3886 12.
2471 3823 2665 3887 Βαλεϊς
2698 3826 2797 3901 γὰρ
2828 3826 3014 3884 αὐτοὺς
3051 3829 3122 3890 εἷς
3155 3829 3215 3883 τὸ
3245 3834 3366 3904 πῦρ,
3423 3827 3544 3883 ἔνθα
3594 3832 3620 3882 ὁ
3650 3826 3860 3885 διάϐολος

525 3905 703 3967 bolus
734 3917 904 3986 pater
939 3906 1261 3969 mendacii.

2257 3919 2284 3972 ὁ
2318 3915 2495 3991 πατὴρ
2539 3914 2628 3969 τοῦ
2659 3912 2899 3988 ψεύδους.

608 3992 1690 4080 13.DeCainoloquitur,etdereliquis
1706 4001 1837 4080 ejus
1851 4003 2170 4069 similibus.
2341 4005 2436 4066 13.
2473 4005 2596 4081 Περὶ
2627 4005 2731 4059 τῶν
2761 4005 2898 4059 κατὰ
2925 4005 3015 4059 τὸν
3047 4003 3187 4064 Κάτν
3219 4003 3361 4082 λέγει
3405 4008 3493 4063 καὶ
3535 4014 3637 4064 τῶν
3666 4007 3861 4064 λοιπῶν.

609 4083 709 4148 14.
744 4082 809 4146 In
844 4103 1167 4165 supernam
1200 4088 1560 4149 Jerusalem.

2346 4094 2438 4156 14.
2481 4095 2566 4154 Εἰς
2595 4093 2695 4160 τὴν
2726 4093 2834 4153 ἅνω
2873 4090 3247 4170 ἰερουσαλήμ,

609 4173 708 4238 15.
742 4172 808 4235 In
845 4174 1256 4253 supercmlesti
1279 4175 1536 4241 civitate.

2339 4184 2438 4245 15.
2477 4185 2562 4247 Εἱς
2607 4183 2701 4250 τὴν
2745 4184 3057 4260 ἐπουράνιον
3089 4185 3265 4241 πόλιν.

615 4263 710 4328 16.
748 4262 957 4326 Deduc
992 4281 1088 4324 me
1110 4264 1171 4324 in
1194 4264 1342 4326 Filio
1371 4274 1494 4339 tuo,
1520 4269 1657 4348 quia
1689 4269 1783 4331 lux
1820 4281 1928 4334 est.

2340 4274 2437 4337 46,
2473 4271 2774 4350 Ὀδήγησόν
2809 4293 2873 4345 με
2904 4274 2958 4327 ἓν
2990 4279 3065 4346 τῷ
3099 4276 3202 4346 1⁸ἱῷ
3234 4296 3349 4348 σου,
3384 4275 3606 4353 linqui):
3636 4277 3759 4334 ἐστι,

614 4354 709 4416 17.
743 4356 860 4416 Fac
889 4371 984 4415 me
1043 4353 1327 4417 incedere
1375 4374 1434 4416 in
1483 4357 1616 4421 luce
1648 4365 1745 4422 tua
1778 4371 2024 4442 propter
2052 4363 2173 4426 ini-

2341 4365 2435 4425 17.
2477 4365 2574 4418 Διὰ
2603 4364 2726 4427 τοὺς
2758 4363 2978 4441 ἐχθρούς
3025 4385 3126 4435 μου
3153 4365 3270 4429 τοὺς
3319 4363 3473 4428 ὄντας
3520 4387 3698 4426 amoto;
3730 4363 3776 4418 ἐν
3803 4366 3865 4429 τῲ

528 4443 715 4508 micos
748 4462 938 4534 meos,
975 4445 1074 4524 qui
1100 4443 1362 4508 tenebrae
1386 4457 1554 4511 sunt.

2258 4456 2390 4534 φωτί
2422 4476 2515 4512 σου
2538 4453 2849 4531 πορεύεσθαί
2879 4473 2946 4526 με
2973 4453 3223 4518 ποίησον.

744 4534 810 4640 111
842 4532 1111 4640 doctrina
1139 4552 1388 4612 eorum;
2198 4589 2222 4640 ί

2198 4589 2240 4640 D
2273 4532 2280 4534 ὴ
2345 4543 2438 4606 18.
2473 4544 2561 4600 Ἐν
2595 4546 2662 4618 τῇ
2693 4539 3000 4613 διδασκαλίᾳ
3033 4545 3202 4600 αὖτῶν
3240 4561 3250 4574 ·

609 4624 706 4687 19.
745 4621 1038 4704 Cogitatio
1063 4643 1294 4688 eorum.
2200 4621 2213 4640 '

2200 4621 2239 4640 υ
2343 4634 2435 4695 19.
2475 4632 2537 4689 Ἦ
2569 4633 2854 4707 ἐνδόμησις
2887 4631 2977 4709 (3)
3004 4632 3196 4690 αὐτῶν.

609 4713 708 4777 20.
741 4713 966 4779 Omnes
990 4715 1150 4776 enim
1174 4719 1595 4801 devorant,qui
1619 4720 1884 4800 peccatis
1907 4723 2167 4785 moriun.

2334 4723 2436 4784 90.
2475 4723 2680 4784 Πάντας
2725 4723 2824 4800 γὰρ
2857 4723 2978 4784 τοὺς
3012 4724 3222 4798 νεκροὺς
3264 4723 3418 4788 ὄντας
3450 4740 3562 4788 τοῖς
3609 4718 3860 4800 παραπτώσ

527 4810 647 4866 tur.
2257 4835 2386 4888 μασι
2421 4813 2818 4873 γαταπίνουσιν,

607 4890 708 4955 21.
744 4893 1068 4958 Adulando
1095 4894 1430 4976 decipiunt.

2339 4902 2404 4965 21
2424 4951 2438 4964 .
2473 4900 2868 4965 Κολακεύοντες
2903 4902 3177 4958 ἀπατῶσιν
3189 4951 3201 4965 ,

607 4983 709 5062 22,
744 4983 843 5047 23.
879 4988 1012 5050 Non
1042 4985 1356 5065 praevaleat
1385 4987 1703 5052 consilium
1730 5007 1963 5071 eorum,

1857 5009 1963 5071 Im,
2329 4990 2428 5066 2‘2,
2464 4992 2564 5052 93.
2600 4993 2685 5058 Μὴ
2716 4991 2990 5070 ἰσχδσάτι»
3011 4991 3046 5058 ἡ
3078 4991 3246 5066 βουλὴ
3269 4995 3461 5049 αὐτῶν·

607 5072 706 5134 24.
743 5071 1258 5145 Quemadmodum
1289 5076 1517 5156 seipsos
1574 5078 2001 5157 elongaverunt
2049 5087 2168 5143 ate

2331 5080 2431 5142 94.
2469 5079 2658 5141 Καθὼς
2719 5079 2933 5140 ἒιυτοὺς
2991 5079 3289 5158 ἐμάκρδναν
3349 5081 3452 5138 ἀπὸ
3535 5083 3617 5137 σοί
3700 5079 3748 5135 ἓν
3798 5081 3857 5142 τῴ

525 5169 798 5243 tempore
827 5164 961 5226 vitae
984 5164 1222 5240 suae,ita
1254 5183 1356 5226 eos
1387 5167 1611 5246 projice
1640 5166 1746 5229 abs
1781 5177 1837 5232 te
1869 5171 1930 5231 in
1964 5189 2129 5233 resur

2254 5179 2420 5250 καιρῷ
2450 5177 2547 5236 τῆς
2579 5171 2721 5241 ζωῆς
2758 5169 2950 5248 πιῦτῶν³
2989 5169 3155 5234 οὕτως
3219 5170 3403 5235 αὐτοὺς
3448 5171 3722 5248 ἁπόρῥιψον
3773 5165 3855 5218 ἀπὸ

523 5251 794 5314 rectione
819 5269 835 5328 ;

2251 5268 2344 5318 σοῦ
2375 5260 2428 5314 ἐν
2458 5266 2526 5336 τῇ
2554 5259 2838 5315 ἀναστάσει
2885 5277 2897 5290 ·

603 5339 706 5406 25.
740 5339 1032 5414 Quoniam
1064 5342 1327 5407 viventes
1351 5344 1741 5408 irritaverunt
1763 5355 1840 5409 te.

2332 5349 2430 5412 25.
2469 5347 2600 5407 "Ott
2646 5349 3040 5429 παρεπίκρανᾶν
3086 5372 3143 5407 σε
3188 5350 3242 5406 ἐν
3285 5357 3352 5427 τῇ
3395 5355 3504 5426 ζωῇ
3534 5347 3712 5404 αὐτῶν.

1554 5479 1856 5546 Addenda
1887 5489 1950 5546 et
1979 5483 2353 5566 corrigenda
2382 5504 2461 5552 ex
2494 5488 2632 5553 cod.
2669 5487 2870 5553 Vatic.

601 5626 687 5789 ἓί)
720 5623 850 5705 Παρ’
881 5626 1112 5702 ἐμαυτοῦ
1135 5629 1546 5707 παραστήσομαι
1575 5648 1687 5689 σοι.
2344 5635 2428 5719 (3)
2463 5642 2525 5696 Αἱ
2554 5639 2894 5716 ἐνθυμήσεις,

628 5705 690 5785 9)
717 5707 854 5772 Art.
886 5708 914 5764 ὁ
945 5709 1138 5773 deest.

628 5705 690 5785 9)
717 5707 854 5772 Art.
886 5708 914 5764 ὁ
945 5709 1138 5773 deest.
