4062 6216
1083 332 1174 394 DE
1220 322 1531 392 TITULIS
1575 321 2062 391 PSALMORUM.
2111 361 2187 370 ——
2241 325 2446 388 PSAI..
2502 321 2666 388 Vlll.
3455 322 3564 390 674

2024 460 2092 524 In
2119 461 2301 542 ﬁnem
2328 479 2440 542 pro
2465 457 2907 532 torcularibus,
2938 455 3206 535 psalmus
3238 456 3458 519 David.

2531 551 2683 615 PSA
2699 551 2762 614 L.
2805 548 2970 612 VIII.

2008 643 2064 705 l.
2101 641 2353 704 Domine
2384 643 2670 703 Dominus
2725 647 2950 719 noster,
2995 657 3170 720 quam
3224 636 3574 702 admirabile

1925 741 2016 794 est
2050 751 2271 794 nomen
2308 741 2471 794 tuum
2505 732 2565 793 in
2592 729 2868 792 universa
2900 728 3105 790 terra!

2005 823 2062 885 2.
2101 823 2387 896 Quoniam
2420 823 2647 884 elevata
2679 829 2765 882 est
2799 818 3238 898 magniﬁcentia
3271 826 3370 879 tua
3399 836 3581 899 super

1933 911 2139 974 caelos.

2007 1000 2066 1064 3.
2097 1001 2181 1063 Ex
2218 1019 2321 1063 ore
2380 1000 2694 1064 infantium
2751 1009 2808 1060 et
2865 1000 3214 1062 lactentium
3275 997 3580 1078 perfecisti

1928 1090 2196 1161 laudem,

2005 1180 2066 1240 4.
2101 1182 2346 1260 Propter
2369 1179 2649 1242 inimicos
2681 1188 2835 1253 tuos,

2006 1270 2067 1330 5.
2099 1266 2172 1333 Ut
2194 1270 2464 1331 destruas
2498 1268 2802 1329 inimicum
2837 1275 2896 1330 et
2927 1268 3213 1329 ultorem.

216 326 320 400 673

423 472 508 535 Εἰς
535 470 588 525 τὸ
617 467 772 532 τέλος
814 469 946 544 ὑπὲρ
974 473 1080 523 τῶν
1123 465 1327 546 ληνὼν,
1375 464 1591 542 ψαλμὸς
1860 471 1897 518 Α

682 565 760 633 τῷ
811 556 988 620 Δαϐίδ.
1037 561 1206 619 ΨΑΛ.
1242 553 1332 615 Η’.

284 650 338 710 1.
373 649 522 728 Κύριε
552 651 578 706 ὁ
609 650 798 724 Κύριος
833 649 1008 722 ἡμῶν,
1069 648 1142 707 ὼς
1201 646 1510 719 θαυμαστὸν
1569 647 1630 701 τὸ
1672 644 1842 718 ὄνομά

211 762 298 797 σου
320 739 373 794 ἓν
395 740 545 815 πάσῃ
576 745 643 814 τῇ
674 737 788 815 ﬁt!

279 826 334 892 2.
366 827 502 886 ’Ὀτι
545 830 748 906 ὶπήρθη
794 829 827 896 ἡ
863 827 1299 907 μεγαλοπρέπειά
1331 849 1424 884 σου
1462 825 1705 902 ὑπεράνω
1738 830 1840 881 τῶν

209 918 453 996 οὖρανῶν.

281 1005 337 1070 3.
369 1005 462 1064 Ἐκ
499 1008 761 1080 στόματος
805 1008 1010 1074 νηπίων
1041 1007 1130 1063 καί
1159 1005 1504 1077 θηλαζόντων
1533 1003 1842 1082 κατηρτίσω

215 1097 381 1175 αἶνον,

277 1185 333 1246 4.
370 1185 580 1244 ’Ἕνεκα
617 1186 720 1240 τΪὸν
757 1185 962 1265 ἐχθρῶν
995 1207 1114 1259 σου,

275 1273 332 1337 5.
365 1277 469 1333 Τοῦ
498 1273 795 1332 καταλῦσαι
829 1274 1020 1354 ἐχθρὸν
1048 1276 1136 1330 καὶ
1163 1272 1486 1343 heluam.

274 1366 334 1426 6.
367 1362 499 1422 ’Ὅτι
532 1363 742 1439 ὄψομαι
796 1366 916 1427 τοὺς
968 1363 1216 1441 οὒρανοὺς
1262 1363 1390 1442 ἔργα
1421 1371 1521 1419 τῶι
1570 1361 1841 1420 δακτύλων

210 1474 318 1532 σου,

275 1544 334 1603 7.
366 1541 617 1610 Σελήνην
645 1544 736 1600 καὶ
766 1541 1012 1620 ἀστέρας,
1062 1541 1094 1597 ἃ
1125 1542 1186 1598 σὺ
1218 1540 1597 1616 ἐθεμελίωσας,

276 1632 332 1692 8.
361 1632 422 1690 Τί
450 1631 600 1688 ἐστιν
630 1632 925 1710 ἅνθρωπος,
959 1631 1040 1687 ὅτι
1072 1633 1350 1707 μιμνήσκῃ
1381 1630 1540 1687 αὖτοῦ
1569 1651 1584 1710 ;

277 1720 333 1784 9,
361 1720 450 1777 ”Β
473 1723 591 1784 υἱὸς
624 1721 920 1799 ἂνθρώπου,
956 1719 1037 1776 ὅτι
1069 1719 1366 1795 ἐπισκέπτῃ
1394 1719 1552 1778 αὒτόν
1588 1738 1604 1794 ;

277 1809 366 1872 10,
401 1809 759 1871 Ἦλάττωσας
783 1810 938 1866 αὐτὸν
967 1811 1144 1890 βραχύ
1169 1831 1218 1865 τι
1253 1808 1376 1886 παρ’
1407 1808 1670 1886 ἀγγέλους
1710 1829 1721 1840 ·

277 1902 370 1962 Η.
407 1899 551 1976 Δόξῃ
586 1905 678 1956 καὶ
708 1905 840 1976 τιμῇ
870 1900 1242 1980 ἐστεφάνωσας
1279 1901 1461 1974 αὒτὸν,

281 1986 369 2051 12.
404 1987 512 2050 Καὶ
542 1990 888 2060 κατέστησας
921 1991 1078 2047 αὐτὸν
1123 1989 1208 2046 ἐπὶ
1237 1989 1302 2045 τὰ
1356 1987 1483 2066 ἔργα
1511 1994 1618 2044 τῶν
1649 2009 1848 2067 χειρων

217 2099 316 2140 τω.

2006 2097 2196 2141 arum.

284 2165 372 2230 13.
407 2169 598 2225 Πάντα
630 2167 892 2234 ὖπέταξας
923 2167 1174 2225 ὅποκάτω
1203 2167 1308 2224 τῶν
1339 2164 1515 2223 ποδῶν
1539 2168 1722 2246 αὐτοῦ,

2015 2170 2114 2230 13.
2151 2167 2368 2231 Omnia
2402 2168 2710 2249 subjecisti
2743 2167 2854 2230 sub
2888 2167 3143 2249 pedibus
3167 2168 3318 2246 ejus,

1295 2271 1712 2336 ATIIANASII
1761 2271 2384 2338 INTERPRETATIU.

284 2354 343 2412 Ἦ
375 2356 715 2435 προκειμένη
773 2355 1044 2435 ἐπιγραφῆ
1095 2357 1130 2422 ἡ
1190 2352 1276 2410 δια
1318 2356 1414 2420 τῆς
1481 2353 1835 2434 κινναϐάρεως
1879 2355 2122 2436 περιέχει
2151 2375 2162 2387 ‘
2227 2359 2310 2418 Εἰς
2341 2359 2403 2413 τὸ
2448 2357 2626 2436 τέλος,
2656 2358 2786 2436 ὑπὲρ
2830 2365 2936 2413 τῶν
2982 2357 3182 2434 ληνῶν,
3232 2355 3444 2432 ψκλμὸς
3505 2365 3580 2430 τῷ

2007 1363 2064 1420 6.
2098 1359 2390 1432 Quoniam
2425 1359 2636 1421 videbo
2670 1359 2852 1420 ctelos
2885 1367 3016 1419 tuos
3047 1376 3228 1437 opera
3258 1357 3575 1438 digitorum

1931 1457 2164 1512 tuorum
2179 1498 2194 1523 ,

2012 1543 2068 1600 7.
2101 1540 2325 1601 Lunam
2359 1549 2416 1602 et
2445 1539 2673 1613 stellas,
2711 1557 2844 1617 quae
2878 1546 2937 1597 tu
2967 1537 3250 1600 fundasti.

2010 1630 2070 1690 8.
2104 1628 2253 1702 Quid
2291 1639 2380 1690 est
2415 1631 2613 1702 homo,
2649 1627 2806 1709 quod
2834 1646 3061 1688 memor
3087 1646 3150 1688 es
3175 1626 3349 1708 ejus?

2011 1721 2072 1784 9.
2107 1722 2226 1783 Aut
2249 1719 2404 1781 ﬁlius
2435 1718 2721 1791 hominis,
2749 1717 3029 1799 quoniam
3061 1717 3260 1779 visitas
3291 1716 3470 1779 eum?

2018 1809 2116 1872 lO.
2154 1809 2418 1872 Minuisti
2457 1828 2592 1870 eum
2627 1808 2802 1888 paulo
2841 1809 3033 1868 minus
3061 1807 3133 1869 ab
3165 1806 3390 1886 angelis
3427 1829 3440 1870 :

1873 1891 1908 1939 ⁸
2016 1902 2110 1963 Η.
2145 1897 2346 1962 Gluriu
2370 1908 2428 1959 et
2453 1898 2678 1960 honore
2705 1898 3009 1962 coronasti
3040 1915 3198 1970 eum,

2018 1991 2114 2051 t2.
2144 1987 2212 2050 Et
2269 1987 2627 2050 constituisti
2677 2005 2811 2048 eum
2847 2005 3026 2070 super
3066 2005 3248 2068 opera
3302 2005 3577 2049 manuum

221 2449 382 2512 Δαϐίδ.
422 2454 590 2509 Τοῦτο
627 2453 718 2507 οὖν
751 2449 919 2528 εστιν,
963 2449 992 2504 ὃ
1021 2449 1165 2527 λέγει
1203 2467 1214 2480 ⁸
1253 2446 1372 2506 Ἐπ’
1403 2449 1654 2528 ἐσχάτων
1703 2449 1786 2529 (1)
1822 2457 1926 2506 τῶν
1959 2454 2172 2530 χρόνων
2213 2451 2342 2528 ὑπὲρ
2400 2456 2504 2506 τῶν
2565 2451 2802 2529 ἐχόντων
2837 2450 2888 2506 ἐν
2920 2453 3132 2514 ἑαυτοῖς
3179 2453 3264 2507 τὸν
3299 2453 3446 2508 οἶνον
3489 2454 3580 2506 τὸν

217 2545 541 2623 εὐφραίνοντα
579 2540 800 2619 καρδίας
831 2540 938 2621 (2),
973 2541 1212 2599 tonio-rt
1241 2543 1333 2598 τὸν
1365 2539 1557 2620 Κύριον
1595 2561 1605 2572 ’
1643 2540 1728 2599 διὰ
1760 2551 1914 2600 τοῦτο
1956 2546 2057 2624 γὰρ
2117 2543 2310 2612 ληνοὺς
2375 2545 2557 2609 αὖτοὺς
2588 2545 2737 2603 εἶπε.
2793 2543 2999 2600 Ψάλλει
3028 2545 3115 2601 οὖν
3155 2540 3317 2600 Δαϐὶδ
3346 2546 3417 2607 εἷς
3452 2545 3577 2600 ἐαυ-

217 2639 320 2700 τσὺς
361 2639 451 2694 τδν
482 2635 716 2714 ψαλμὸν
749 2641 826 2710 τῷ
860 2638 1052 2715 Κυρίῳ,

279 2731 526 2809 Titulus,
563 2731 673 2811 qui
709 2731 935 2810 psalmo
965 2729 1355 2810 praeponitur,
1389 2729 1700 2791 cinnabari
1723 2731 2004 2812 scriptus,
2031 2732 2305 2794 continet
2335 2750 2348 2790 :
2383 2732 2457 2794 In
2487 2732 2671 2810 ﬁnem
2703 2749 2813 2810 pro
2845 2731 3282 2812 torcularibus,
3314 2733 3585 2813 psalmus

219 2825 413 2888 David.
450 2824 584 2888 Hoc
621 2823 804 2900 igitur
831 2831 946 2896 est,
971 2822 1130 2904 quod
1162 2823 1309 2884 dicit
1342 2843 1355 2885 :
1413 2820 1477 2884 In
1527 2823 1867 2886 novissimis
1919 2827 2293 2907 temporibus
2344 2846 2451 2907 pro
2478 2826 2572 2908 iis,
2629 2826 2732 2906 qui
2767 2826 2987 2888 habent
3018 2827 3078 2889 in
3101 2847 3165 2888 se
3199 2828 3347 2909 ipsis
3381 2827 3583 2888 vinum

215 2916 500 2982 letiﬁcans
531 2917 751 2998 corda,
787 2918 900 2978 hoc
935 2924 1028 2980 est
1062 2916 1382 2978 Dominum
1412 2936 1430 2994 ;
1467 2915 1691 2979 idcirco
1723 2917 1884 2980 enim
1915 2937 2019 2980 eos
2041 2920 2192 2983 dixit
2225 2921 2588 2984 torcularia.
2625 2919 2806 2982 David
2859 2927 3039 3000 igitur
3089 2923 3148 2983 in
3203 2939 3409 2984 eorum
3443 2937 3584 3000 per-

223 3031 348 3076 sona
376 3013 576 3096 psallit
617 3010 897 3074 Domino.

291 3111 340 3172 ι,
371 3095 530 3187 Κύριε
562 3111 595 3164 δ
637 3109 767 3169 Θεὸς
798 3105 880 3186 (3)
914 3107 1093 3181 ἡμῶν,
1127 3107 1198 3172 ὡς
1229 3103 1432 3170 ἔνδοξον
1476 3108 1534 3162 τὸ
1565 3107 1731 3182 δνιμά
1763 3129 1855 3164 σου

2017 3099 2073 3158 1.
2109 3095 2360 3158 Domine
2417 3097 2574 3160 Deus
2623 3110 2846 3172 noster,
2909 3116 3084 3178 quam
3118 3097 3442 3174 gloriosum
3497 3103 3585 3157 est

219 3202 345 3277 παρὰ
381 3205 542 3256 πᾶσιν
591 3195 869 3277 ὑπάρχειε
936 3195 1017 3251 ὅτι
1087 3197 1217 3259 Θεὸς
1287 3196 1362 3250 ὢν
1417 3194 1680 3260 πέπονθας
1727 3198 1854 3273 ὑπὲρ

2006 3205 2156 3248 »ωειι
2190 3194 2354 3248 tuum
2376 3188 2532 3267 apud
2564 3191 2810 3252 omnes!
2843 3189 3118 3270 quoniam
3152 3205 3286 3248 cum
3319 3188 3476 3248 Deus
3497 3202 3590 3247 es-

223 3288 383 3362 ἡμῶν.

290 3376 344 3438 2.
374 3376 437 3436 ’Β
480 3379 662 3459 χάρις
701 3399 794 3433 σοι,
827 3375 880 3432 ἐν
923 3389 1040 3437 τοῖς
1076 3373 1421 3438 ἀποστόλοις.

293 3467 344 3532 3.
375 3472 450 3528 Τίι
482 3467 676 3526 παιδία
708 3467 853 3546 λέγει
879 3469 946 3524 τὰ
977 3466 1032 3522 ἐν
1062 3468 1139 3541 τῷ
1167 3469 1291 3545 ἱερῷ
1320 3467 1604 3544 κράζοντα,
1654 3469 1742 3524 καὶ
1796 3469 1861 3524 τὰ

227 3557 273 3614 ἂν
297 3559 531 3634 Βηθλεὲμ
562 3557 909 3628 ἀναιρεθέντα
937 3554 1003 3612 δι’
1037 3557 1219 3618 αὐτόν,

295 3651 348 3719 4,
379 3647 434 3710 5.
473 3651 605 3728 Περὶ
643 3655 747 3704 τῶν
779 3644 1046 3704 ἰοδδαίων
1077 3648 1166 3702 καὶ
1197 3656 1290 3705 τοῦ
1319 3643 1566 3703 διαϐόλο)
1597 3647 1766 3724 λέγει,

295 3737 349 3801 6.
375 3738 560 3819 ’Ἔργα
591 3737 750 3817 λέγει
813 3737 934 3800 τοὺς
978 3738 1226 3816 οὐρανοὺς
1267 3744 1361 3793 τοῦ
1407 3737 1709 3809 Πνεύματος
1769 3739 1861 3794 τοῦ

229 3827 381 3905 ιγιω,

297 3916 352 3980 7.
383 3917 638 3987 Σελήνην
693 3915 838 3994 λέγει
891 3916 983 3973 τὸν
1036 3915 1264 3994 κόσμον,
1333 3916 1556 3994 ἀστέρας
1617 3915 1670 3972 δὲ
1741 3919 1864 3982 τοὺς

232 4006 404 4084 hims-
779 4012 792 4018 ’

299 4094 351 4159 8.
383 4099 487 4155 Οίηι
515 4097 638 4154 ἀπὸ
669 4094 770 4174 γῆς
806 4093 946 4150 ἐστιν
991 4094 1213 4158 ἕκαστος
1259 4101 1366 4149 τῶν
1396 4096 1533 4153 κατὰ
1577 4097 1733 4176 φύσιν
1763 4097 1863 4154 ἀν..

239 4184 478 4262 ’ρώπως

303 4275 358 4336 9.
383 4280 468 4340 Τίς
503 4276 598 4356 (4)
635 4275 804 4338 οὕτως
834 4296 992 4334 αυτον
1020 4277 1316 4354 ἠγάπησας
1345 4297 1362 4352 ;

308 4363 391 4430 10.
421 4367 550 4445 Περὶ
583 4372 681 4423 τοῦ
717 4367 903 4444 Κυρίου
932 4364 1078 4444 λέγει
1123 4368 1210 4422 καὶ
1259 4373 1354 4423 τοῦ
1410 4367 1604 4430 πάθους
1655 4367 1814 4424 αυτοῦ
1847 4381 1860 4396 ⁸

242 4451 497 4536 ίπειδήπερ
527 4459 578 4513 οἱ
616 4455 718 4529 μὲν
748 4454 969 4533 ἄγγελοι
1028 4455 1279 4514 ἀθάνατοί
1311 4457 1440 4528 εἶσι,
1483 4458 1575 4512 τὸν
1621 4454 1674 4512 δὲ
1725 4459 1864 4532 ὁμο-

241 4543 390 4601 οὖσιον
419 4546 582 4603 αἱ)τοῦ
615 4545 738 4602 Υίὸν
773 4544 1079 4624 παρέδωκεν
1111 4547 1138 4601 ὁ
1195 4544 1378 4624 Πατὴρ
1425 4546 1555 4624 ὑπὲρ
1603 4548 1762 4620 ἡμῶν
1795 4548 1867 4610 εἷς

239 4633 436 4691 θάνατον
469 4653 483 4667 ⁸

309 4723 398 4784 Η.
427 4732 598 4784 Τοῦτο
630 4726 734 4803 γὰρ
761 4725 903 4799 αὗτῷ
931 4723 1144 4804 ὑπῆρχε
1176 4722 1320 4790 δόξα.

312 4812 397 4873 12.
429 4815 664 4884 Πάντας,
700 4815 789 4876 οὓς
823 4811 1036 4876 ἔκτισας
1095 4813 1428 4893 ἀνθρώπους,
1480 4813 1737 4880 ἐποίησας
1768 4837 1872 4893 τρυ-

240 4894 495 4960 λάττεσθαι
525 4901 622 4959 ὑπ’
645 4904 825 4964 αὐτοῦ.

313 4987 400 5052 13.
432 4994 588 5066 Αὐτῷ
619 4993 743 5071 γὰρ,
775 4993 849 5054 ὡς
879 4990 1097 5054 δυνατὸς
1132 4993 1191 5068 ᾗ,
1238 4996 1284 5065 ᾦ
1331 4999 1435 5048 πᾶν
1495 4992 1622 5070 γόνυ
1665 4993 1869 5068 κάμψει

241 5075 568 5160 εποορανίων,
602 5081 852 5159 ἐπιγείων
887 5080 1000 5160 (5),
1050 5082 1441 5161 καταχθονίων,
1505 5080 1868 5160 ἐξομολογού-

242 5185 394 5244 μενοι,
444 5172 526 5228 ὃτι
579 5170 786 5236 ἰησούς
831 5171 904 5235 ὡς
956 5168 1172 5237 ἀληθῶς
1219 5171 1338 5234 ι’ῑός
1385 5193 1480 5230 σου
1522 5171 1658 5227 κατὰ
1715 5171 1880 5248 φύσιν

241 5259 328 5322 τῆς
357 5259 448 5326 σῆς
476 5261 664 5324 οὐσίας
695 5257 860 5323 ἐστίν,

1945 3294 2063 3348 ses,
2100 3295 2312 3358 passus
2344 3295 2409 3338 es
2433 3296 2537 3358 pro
2571 3279 2764 3343 nobis.

2023 3366 2083 3428 ἓ.
2118 3367 2321 3427 Gratia
2343 3377 2440 3428 tua
2469 3369 2526 3428 in
2557 3369 2864 3450 apostolis.

2025 3455 2084 3518 3.
2123 3457 2346 3518 Pueros
2378 3457 2676 3535 signiﬁcat
2729 3459 2786 3520 in
2835 3457 3054 3538 templo
3083 3457 3407 3519 clamantes
3442 3465 3497 3515 et
3528 3454 3588 3515 in

1945 3543 2254 3608 Bethleem
2290 3556 2533 3626 prepter
2562 3568 2698 3609 eum
2731 3548 2978 3610 occisos.

2026 3638 2086 3708 4,
2117 3634 2180 3697 ὅ.
2216 3637 2298 3697 De
2328 3636 2544 3698 Judaeis
2577 3647 2636 3699 et
2664 3638 2739 3699 de
2772 3635 3012 3699 diabolo
3045 3636 3326 3717 loquitur.

2025 3723 2085 3786 6.
2121 3725 2321 3788 Caelus
2354 3735 2521 3788 vocat
2552 3746 2735 3808 opera
2762 3728 3016 3808 Spiritus
3037 3727 3248 3790 sancti.

2031 3905 2090 3968 Ἰ.
2129 3907 2355 3967 Lunam
2386 3916 2552 3968 vocat
2584 3908 2896 3989 mundum,
2950 3909 3153 3973 stellas
3182 3915 3382 3970 autem
3413 3925 3590 3970 sanc-

1952 4002 2045 4055 tos

2029 4083 2090 4148 8.
2127 4086 2340 4148 Nonne
2387 4102 2418 4146 e
2471 4094 2626 4150 terra
2673 4089 3086 4170 unusquisque
3129 4097 3217 4151 est
3264 4087 3593 4150 secundum

1950 4173 2269 4237 humanam
2303 4184 2570 4238 naturam
2593 4184 2620 4240 ‘?

2029 4264 2088 4327 9.
2128 4267 2250 4327 Cur
2279 4265 2365 4327 ita
2396 4284 2532 4327 eum
2565 4267 2876 4332 dilexisti?

2031 4354 2130 4419 10.
2167 4353 2250 4416 De
2285 4354 2536 4420 Domino
2587 4360 2869 4440 loquitur,
2906 4369 2964 4421 et
2994 4360 3070 4422 de
3102 4358 3377 4440 passione
3423 4358 3593 4439 ejus;

1950 4444 2236 4526 quoniam
2270 4446 2463 4526 angeli
2514 4449 2758 4528 quidem
2793 4452 3158 4512 immortales
3190 4458 3350 4524 sunt,
3386 4449 3596 4512 Filium

1953 4541 2151 4598 autem
2179 4553 2350 4596 suum
2383 4538 2952 4601 consubstantialem
2985 4541 3161 4602 morti
3210 4539 3452 4601 tradidit
3485 4542 3599 4600 Pa-

1952 4633 2048 4687 ter
2081 4643 2188 4707 pro
2219 4624 2394 4688 nobis
2417 4650 2432 4699 ;

2043 4717 2138 4779 1t.
2171 4714 2295 4778 Hoc
2321 4716 2478 4778 enim
2506 4718 2562 4779 ei
2586 4719 2787 4797 gloriae
2817 4719 2946 4782 fuit.

2043 4805 2134 4866 12.
2170 4805 2414 4884 Omnes,
2451 4827 2601 4890 quos
2629 4809 2846 4872 creasti
2879 4809 3378 4890 bomines,fecisti
3409 4809 3481 4871 ab
3529 4827 3600 4870 eo

1958 4895 2248 4960 custodiri

2038 4988 2136 5051 13.
2169 4988 2286 5068 Ipsi
2319 4995 2503 5071 enim,
2535 5009 2667 5051 cum
2708 4999 2915 5070 potens
2938 4994 3034 5065 sit,
3069 5007 3247 5052 omne
3276 5008 3434 5070 genu
3466 4990 3600 5051 ﬂec-

1955 5088 2036 5141 tet
2069 5081 2425 5154 cmlestium,
2467 5083 2838 5144 terrestrium
2873 5093 2930 5145 et
2961 5083 3356 5155 infernorum,
3410 5081 3603 5144 conﬁ-

1955 5173 2205 5231 tentium
2239 5171 2396 5252 quod
2417 5171 2591 5233 Jesus
2622 5191 2761 5234 vere
2784 5171 2968 5234 Filius
2991 5182 3129 5235 tuus
3152 5180 3243 5235 est
3272 5171 3601 5235 secundum

1953 5265 2230 5321 naturam
2263 5265 2386 5324 tua;
2417 5263 2717 5324 essentiaa.

1258 5419 1561 5485 Addenda
1589 5425 1654 5486 et
1683 5421 2058 5502 corrigenda
2087 5437 2166 5486 ex
2195 5420 2336 5486 cod.
2372 5423 2573 5488 Vatic.

439 5581 544 5638 ’Λπ
575 5581 826 5661 ἔσχατον,

331 5580 379 5658 (1
439 5581 544 5638 ’Λπ
575 5581 689 5661 ἐσχ;

331 5580 406 5802 ﬂ}
444 5661 689 5740 Κιρδίαν,

332 5737 351 5802 ί
397 5740 506 5802 ΓΟ
539 5741 689 5802 Κύριε

332 5737 419 5822 (³)
442 5740 506 5800 ὀ
526 5737 746 5823 πάθεος.

2083 5584 2182 5616 ιδ’

2083 5584 2100 5616 ι
2173 5594 2182 5606 .

2301 5665 2518 5744 δύναμις
2543 5693 2604 5749 ῃ,
2654 5691 2862 5734 παν.,..
2916 5692 3004 5726 και
3059 5689 3307 5748 επιγειων
3335 5667 3447 5747 καί,
3481 5673 3599 5730 etc.
