4062 6216
469 317 598 386 675
1283 324 1342 385 S.
1396 323 1815 386 ATHANASII
1862 319 2023 382 OPP.

2310 323 2415 384 III.
2473 361 2510 369 ιο
2590 325 3018 391 EXEGETICA
3732 324 3869 388 676-

544 457 643 519 14.
681 443 836 522 Oves
863 466 928 520 et
960 457 1143 518 boves
1165 455 1498 519 universas.
2141 494 2148 512 .

2141 466 2178 512 Α
2281 455 2380 518 14.
2421 457 2663 535 Πρόϐατα
2694 462 2783 516 καὶ
2812 461 2940 536 βόας
2972 461 3209 524 ἆπέσας.

543 547 644 609 15.
677 547 930 621 Insuper
957 555 1018 608 et
1049 564 1262 625 pecora
1290 551 1508 626 campi,

2288 545 2382 605 15.
2417 547 2550 606 ’Ἔτι
2597 549 2650 606 δὲ
2680 551 2767 606 καὶ
2799 552 2862 606 τὰ
2890 553 3062 620 κτήνη
3094 558 3187 606 τοὺ
3213 548 3415 628 πεδίου,

557 636 650 699 16.
680 638 968 700 Volucres
998 636 1156 710 caeli,
1193 646 1249 697 et
1281 637 1474 717 pisces
1507 634 1710 709 maris,

2286 633 2378 698 16.
2420 642 2489 695 Τὰ
2527 642 2741 695 πετεινὰ
2783 648 2875 696 τοῦ
2917 640 3160 716 ρ’ὒρανοῖι,
3193 645 3283 696 καὶ
3340 642 3459 704 τοὺς
3518 641 3706 720 ἰχθύας
3751 641 3849 706 τῆς

2198 723 2493 798 Θαλάσσης,

550 816 646 879 17.
686 816 804 890 Qui
835 814 1256 898 perambulavit
1286 815 1526 874 semitas
1562 815 1763 875 maris.

2294 815 2383 876 17.
2418 819 2492 874 Τὰ
2523 815 2941 895 διαπορευόμενα
2972 817 3179 899 τρίϐους
3210 818 3512 876 θαλασσὼν.

555 909 648 970 18.
686 906 937 969 Domine
969 907 1254 970 Dominus
1294 912 1521 978 noster,
1558 923 1732 984 quam
1766 901 2119 965 admirabile

2290 905 2380 966 l8.
2417 903 2578 984 Κύριε
2625 909 2652 963 6
2696 906 2889 978 Κύριος
2939 909 3120 983 ἡμῶν,
3155 911 3230 971 ὡς
3263 913 3562 982 θαυμαστὸν
3591 909 3652 963 τὸ
3683 907 3852 980 ὄνομα

471 1005 560 1058 est
583 1015 803 1059 nomen
838 1005 1002 1058 tuum
1035 996 1092 1056 in
1126 994 1402 1058 universa
1437 994 1626 1056 terra!

1176 994 1402 1058 niversa
1437 994 1626 1056 terra!
2203 1017 2296 1054 σου
2322 994 2379 1051 ἒν
2412 997 2559 1072 πάσῃ
2589 1005 2658 1072 τῇ
2692 1003 2780 1073 γῇ.

582 1085 653 1147 In
687 1087 870 1165 ﬁnem
905 1103 1013 1165 pro
1038 1084 1283 1147 occultis
1313 1084 1461 1163 ﬁlii,
1492 1083 1757 1164 psalmus
1841 1085 2006 1146 avid.

2239 1085 2290 1148 Li;
2323 1087 2384 1140 τὸ
2416 1084 2565 1148 τέλος
2599 1087 2724 1164 ὅπὲρ
2776 1093 2880 1142 τῶν
2935 1089 3164 1167 κρυφίων
3214 1090 3307 1142 τοῦ
3337 1091 3470 1158 υἱοῦ,
3505 1085 3720 1161 4.1pr;
3767 1085 3843 1159 τῷ

919 1229 922 1232 .
1102 1171 1322 1234 PSAL.
1361 1172 1474 1236 IX.

2767 1173 2945 1237 suae.
2983 1185 3150 1236 ΨΑΛ.
3189 1177 3271 1239 Θ’.

552 1266 606 1328 1.
643 1264 992 1328 Conﬁtebor
1020 1262 1155 1343 tibi,
1188 1263 1460 1335 Domine,
1492 1263 1552 1324 in
1588 1271 1706 1324 toto
1732 1261 1914 1324 corde
1940 1280 2072 1323 meo
2099 1282 2114 1335 ;

2287 1266 2340 1325 I.
2377 1263 2875 1343 Ἐξομολογήσομαι
2908 1289 3012 1340 σοι,
3041 1268 3225 1346 Κύριε,
3256 1271 3311 1323 ἓν
3342 1266 3442 1344 ὅλῃ
3473 1263 3658 1342 καρδίᾳ
3688 1286 3796 1339 μου
3832 1283 3843 1297 ·

546 1354 606 1417 2.
642 1353 910 1416 Narrabo
943 1353 1144 1414 omnia
1177 1351 1476 1414 mirabilia
1510 1360 1628 1413 tua.

2281 1351 2341 1414 2,
2379 1352 2722 1430 Διηγτίσομαι
2755 1356 2927 1411 πάντα
2958 1358 3022 1411 τὰ
3049 1357 3314 1431 Θαυμάσιά
3337 1378 3451 1416 σου.

550 1445 610 1504 3.
646 1443 910 1504 Laatabor
941 1453 996 1504 et
1029 1441 1338 1504 exsultabo
1373 1443 1431 1502 in
1462 1450 1518 1502 te
1549 1465 1564 1508 ;

2284 1439 2341 1500 3.
2382 1443 2818 1520 E'S'opzvﬂdaouzt
2849 1447 2934 1501 καί
2967 1444 3366 1522 ἀγαλλιᾶσομτι
3399 1445 3452 1500 ἐν
3493 1446 3571 1500 σοί
3605 1460 3617 1472 ⁹

548 1536 608 1596 4.
639 1533 893 1594 Psallam
928 1531 1154 1595 nomini
1186 1541 1308 1611 tuo,
1344 1531 1648 1593 Altissime

2280 1533 2347 1591 4.
2384 1532 2551 1588 Ψαλῶ
2583 1539 2660 1605 τῷ
2689 1535 2912 1609 ὀνόματί
2940 1556 3058 1613 σου³
3093 1533 3359 1612 ’Ὗψιστε¹

550 1626 610 1686 5.
647 1621 709 1683 In
735 1622 1134 1684 convertendo
1163 1621 1465 1683 inimicum
1496 1639 1691 1682 meum
1736 1627 2067 1681 retrorsum
2099 1641 2114 1698 ;

2283 1623 2337 1684 5.
2378 1621 2468 1678 Ἐν
2500 1629 2576 1697 τῷ
2605 1624 3011 1702 ἀποστραφῆναι
3031 1626 3120 1679 τὸν
3139 1626 3332 1704 ἓχθρόν
3353 1644 3455 1695 μου
3473 1625 3548 1687 εἱς
3566 1624 3629 1678 τὰ
3646 1623 3847 1680 ὀπισω.

549 1713 607 1776 6.
635 1709 1126 1800 Inﬁrmabuntur,
1152 1719 1208 1772 et
1241 1711 1528 1800 peribunt
1559 1729 1592 1772 a
1625 1710 1773 1772 facie
1807 1717 1926 1771 tua.
2143 1751 2153 1800 ι

2282 1714 2343 1770 6.
2379 1710 2782 1786 ’.λσθενήσοιισιἱ
2806 1715 2895 1768 καὶ
2926 1713 3247 1769 ἀπολοῦνται
3278 1713 3382 1769 ἀπὸ
3413 1714 3698 1785 προσώπου
3730 1733 3846 1774 σου.

547 1805 605 1864 7.
641 1800 930 1873 Quoniam
966 1799 1156 1861 fecisti
1182 1799 1479 1878 judicium
1531 1817 1754 1873 meum,
1789 1808 1848 1860 et
1878 1817 2114 1862 causam

2281 1801 2340 1863 7.
2377 1799 2512 1859 ’Ὅτι
2559 1802 2818 1868 ἐποίησας
2863 1804 2961 1871 τὴν
3023 1806 3191 1882 κρίσιν
3238 1825 3339 1877 μου
3399 1803 3485 1858 καὶ
3539 1803 3638 1869 τὴν
3694 1800 3848 1868 δίκην

473 1908 664 1953 meam
690 1912 707 1962 ;

2198 1915 2229 1966 ξι
2249 1915 2308 1948 0'.)
2343 1908 2355 1920 '

547 1986 605 2044 8.
641 1979 860 2042 Sedisti
883 1997 1065 2059 super
1090 1977 1508 2060 thronum,qui
1532 1978 1769 2058 judicas
1792 1978 2111 2059 justitiam.

2078 1999 2111 2037 ι.
2279 1980 2341 2041 8.
2369 1979 2652 2045 Ἐγάθισας
2683 1981 2767 2037 ἐπὶ
2797 1985 3004 2060 θρόνου,
3038 1985 3065 2038 6
3091 1985 3280 2062 κρίνων
3312 1982 3682 2050 δικαιοσύνην,

550 2072 609 2133 9.
647 2069 972 2152 Increpasti
1005 2078 1234 2149 gentes,
1265 2081 1323 2129 et
1360 2068 1539 2149 periit
1571 2068 1825 2147 impius;

2283 2071 2345 2130 9,
2385 2069 2746 2144 ἰζπετίμησας
2777 2071 2969 2145 ἔθνεσι,
3003 2076 3088 2128 καὶ
3127 2074 3371 2130 ἀπώλετο
3403 2076 3429 2128 6
3462 2071 3656 2141 ἀσεϐής
3691 2092 3705 2105 ⁸

553 2161 652 2222 10.
678 2157 907 2221 Nomen
942 2159 1072 2239 ejus
1106 2158 1380 2221 delevisti
1416 2158 1475 2220 in
1510 2166 1890 2232 aeternumet
1923 2157 1980 2217 in
2013 2174 2117 2218 saa-

2283 2159 2382 2222 10.
2420 2161 2490 2216 Τὸ
2543 2161 2709 2233 ὄνομα
2766 2161 2917 2218 αὐτοῦ
2951 2161 3235 2238 έξοίλιιψας
3283 2166 3355 2228 εἷς
3401 2165 3491 2219 τὸν
3524 2162 3714 2233 αἰῶνα,
3762 2164 3853 2217 καὶ

475 2249 674 2312 culum
713 2249 936 2311 saeculi.
1445 2252 1449 2256 ’

1445 2252 1449 2256 ’
2202 2250 2278 2313 εἷς
2309 2252 2398 2304 τὸν
2431 2253 2594 2304 αἱῶνα
2624 2252 2718 2304 τοῦ
2746 2251 2960 2315 αίῶοος.

549 2344 645 2402 11.
682 2339 913 2402 Inimici
944 2337 1294 2400 defecerunt
1329 2338 1567 2400 framea;
1627 2337 1684 2396 in
1723 2337 1901 2400 ﬁnem
1936 2343 1998 2399 et
2027 2337 2116 2398 ci-

2288 2340 2384 2400 Η.
2422 2346 2523 2395 Τοῦ
2555 2339 2746 2418 ἐχθροῦ
2777 2338 3016 2404 ἐξέλιπον
3048 2346 3099 2396 αἱ
3131 2341 3397 2420 ῥομφαῖαι
3436 2342 3506 2400 εἷς
3540 2341 3720 2412 τέλος,
3766 2343 3854 2396 καὶ

474 2431 684 2492 vitates
714 2429 1079 2492 destruxisti.

1077 2479 1079 2488 .
2205 2427 2386 2490 πόλεις
2416 2427 2681 2492 καθεῖλες.

1610 2531 2015 2596 ATHANASII
2061 2532 2693 2600 INTERPRETATIO.

560 2643 655 2723 14,
695 2643 1211 2706 l5.Diversitatem
1237 2641 1531 2722 signiﬁcat
1558 2640 1947 2702 hominumin
1982 2658 2116 2702 eum

2287 2642 2382 2701 14.
2424 2643 2516 2704 15,
2552 2645 2664 2709 Τὴν
2687 2640 2936 2723 διαφορὰν
2983 2645 3126 2721 λέγει
3155 2651 3259 2700 τῶν
3293 2645 3583 2721 ἀνθρώπωι
3626 2643 3736 2698 τῶν
3768 2664 3855 2698 πιο

473 2732 872 2795 credentium.

2206 2731 2357 2786 στευό
2367 2755 2500 2788 ντων
2532 2734 2603 2796 εἷς
2635 2733 2792 2789 αὐτόν
2805 2776 2817 2790 .

558 2822 652 2900 16,
697 2821 792 2882 17.
826 2821 976 2882 Aves
1011 2819 1144 2882 οωιί
1182 2818 1443 2880 nominat
1475 2837 1577 2879 eos
1607 2818 1712 2895 qui
1769 2826 2026 2880 mentem
2061 2819 2118 2880 in

2287 2819 2383 2890 16,
2421 2822 2519 2883 17.
2553 2824 2627 2879 Τὰ
2660 2825 2874 2880 πετεινὰ
2905 2834 2996 2881 του
3037 2825 3256 2902 οὖρανοῦ
3293 2823 3436 2898 λέγει
3469 2823 3587 2882 τοὺς
3621 2821 3854 2900 ἔχοντας

474 2910 815 2974 cmlestibus
865 2909 1130 2985 habent;
1192 2909 1388 2990 pisces
1433 2918 1630 2970 autem
1681 2908 1883 2987 maris,
1919 2908 2016 2988 qui
2062 2911 2078 2968 i

2253 2933 2303 2973 ’,ν
2333 2908 2571 2967 διάνοιαν
2607 2913 2676 2974 εἷς
2711 2914 2774 2967 τὸ.
2806 2913 3089 2990 ἐπουράνια
3116 2932 3129 2944 ·
3165 2914 3354 2993 ἰχθύας
3377 2911 3430 2968 δέ
3458 2914 3555 2978 τῆς
3578 2910 3857 2978 Θαλάσσης

478 3001 698 3062 mundo
733 3007 1186 3062 conversantur.
1244 3037 1246 3040 ν

2205 3002 2325 3064 τοὺς
2351 3000 2402 3054 ἐν
2434 3006 2509 3074 τῷ
2542 3003 2731 3076 κόσμῳ
2761 3005 3269 3084 ἀναστρεφομένους.

563 3090 656 3152 18.
685 3088 960 3168 Domine,
986 3091 1085 3170 qui
1105 3087 1412 3151 redemisti
1447 3105 1555 3150 nos
1591 3087 1850 3168 pretioso
1876 3087 2124 3164 sangui-

2290 3089 2388 3151 18.
2425 3091 2596 3167 Κύριε,
2633 3093 2659 3146 6
2705 3091 3027 3170 ἒξαγορασχς
3059 3096 3203 3168 ἡμᾶς
3243 3100 3308 3166 τῷ
3329 3094 3488 3167 τιμίῳ
3509 3113 3601 3147 σου
3626 3089 3845 3168 αἵματι,

476 3197 552 3242 ne
585 3189 711 3248 tuo,
748 3197 922 3258 quam
961 3177 1314 3240 honorabile
1345 3188 1403 3239 et
1426 3178 1752 3257 gloriosum
1785 3187 1876 3240 est
1904 3195 2080 3239 nome

2249 3201 2280 3240 ις
2325 3178 2536 3254 ἔντιμον
2579 3183 2666 3237 καὶ
2724 3181 2927 3248 ἔνδοξον
2974 3186 3032 3239 τὸ
3090 3182 3260 3257 ὄνομά
3304 3205 3396 3239 σου
3441 3183 3495 3237 έν
3544 3186 3674 3237 πᾶσι
3717 3176 3853 3243 ’τοῖς

476 3277 642 3331 tuum
669 3269 730 3329 in
764 3267 1042 3330 omnibus
1063 3268 1381 3348 gentibus!
1456 3347 1465 3348 7
1895 3347 1903 3348 7

938 3267 1042 3330 bus
1063 3268 1340 3348 gentibus
1367 3269 1381 3328 ί
1456 3347 1465 3348 7
1895 3347 1903 3348 7
2206 3268 2501 3345 ἀνθρώποις
2531 3273 2542 3327 l

550 3349 616 3407 Ἥ
650 3350 980 3428 προκειμένη
1043 3349 1310 3428 ἐπιγραφή
1370 3352 1402 3418 ἡ
1449 3347 1531 3404 διὰ
1581 3349 1674 3417 τῆς
1723 3347 2076 3427 κινναϐάρεως
2123 3349 2366 3428 περιέχει
2405 3364 2418 3377 ·
2487 3352 2568 3412 Εἰς
2615 3353 2676 3406 τὸ
2731 3351 2910 3431 τέλος,
2962 3352 3094 3429 ὑπὲρ
3127 3359 3231 3408 τῶν
3261 3352 3490 3430 κρυφίων
3544 3357 3640 3406 τοῦ
3707 3349 3847 3420 υἱοῦ,

473 3443 687 3519 ψαλμὸς
738 3449 814 3516 τῷ
870 3440 1052 3502 Δαϐίδ.
1118 3443 1286 3501 Τοῦτο
1344 3443 1433 3499 οὖν
1494 3442 1638 3521 λέγει
1670 3463 1683 3476 ο
1743 3442 1865 3500 Ἐπ’
1906 3444 2140 3524 ἐσχάτου
2193 3449 2299 3498 τῶν
2359 3445 2573 3521 ἡμερῶν
2623 3445 2755 3524 ὑπὲρ
2805 3453 2908 3503 τῶν
2939 3445 3332 3516 ἀκαταλήπτων
3391 3445 3696 3522 μυστηρίων
3759 3451 3853 3499 τοῦ

477 3539 596 3596 ficii
627 3538 700 3615 (1)
733 3537 874 3615 λέγει
920 3539 1012 3593 τὸν
1045 3537 1258 3613 ψαλμὸρ
1288 3543 1364 3610 τῷ
1525 3535 1708 3599 Δαὸίδ.

554 3631 808 3709 Titulus,
844 3631 946 3711 qui
995 3632 1220 3710 psalmo
1255 3632 1641 3711 prmponitur,
1678 3632 1981 3694 cinnabari
2015 3631 2294 3710 scriptus,
2330 3631 2596 3694 continet
2628 3651 2642 3694 :
2683 3630 2757 3692 In
2786 3632 3116 3712 ﬁnem,pro
3143 3631 3400 3695 occultis
3421 3630 3560 3713 ﬁlii,
3585 3629 3861 3712 psalmus

479 3725 698 3786 David.
723 3721 847 3785 Hoc
877 3723 1060 3801 igitur
1091 3724 1385 3803 signiﬁcat
1422 3745 1434 3782 :
1471 3722 1536 3786 In
1561 3724 1881 3786 novissimo
1899 3724 1996 3786 die
2019 3743 2125 3804 pro
2149 3724 2869 3806 incomprehensibilibus
2904 3726 3197 3806 mysteriis
3220 3724 3354 3789 Filii
3387 3725 3515 3794 Dei,
3556 3723 3855 3806 psalmum

476 3818 618 3880 dicit
647 3835 784 3878 esse
817 3817 1023 3878 David.
3835 3847 3841 3852 -

557 3902 614 3959 1.
651 3896 1008 3970 Enuntiabo,
1051 3896 1322 3976 Domine,
1348 3897 1410 3957 in
1443 3905 1564 3960 toto
1593 3899 1776 3962 corde
1809 3917 1984 3974 meo;
2137 3909 2161 3960 (

1858 3917 1984 3974 I60;
2137 3909 2176 3960 C
2285 3902 2342 3963 1.
2379 3901 2626 3974 Ἐξείπω,
2659 3899 2843 3980 Κύριε,
2877 3903 2930 3958 ἐν
2964 3901 3064 3979 ὅλῃ
3096 3899 3281 3980 καρδίᾳ
3311 3925 3412 3976 μου
3450 3922 3462 3936 ο

556 3988 616 4048 2.
651 3986 719 4046 Ει
752 3984 1003 4047 narrabo
1049 3985 1251 4046 omnia
1286 3984 1580 4047 mirabilia
1625 3995 1746 4069 tua,
1777 3989 2130 4053 recordatus

2290 3989 2352 4054 2.
2389 3993 2484 4049 Καὶ
2515 3989 2841 4069 διηγήσομαι
2899 3992 3073 4048 πάντα
3122 3993 3188 4046 τὰ
3229 3993 3497 4067 θαυμάσιά
3528 4014 3646 4070 σου,
3706 4014 3858 4066 μνη-

477 4093 684 4137 eorum
716 4093 848 4156 quae
876 4093 910 4137 a
945 4085 1001 4136 te
1034 4092 1138 4154 pro
1166 4074 1336 4135 nobis
1361 4073 1512 4138 facta
1546 4085 1701 4139 sunt.

2211 4083 2348 4146 σθεὶς
2379 4082 2485 4138 τῶν
2518 4082 2615 4138 3πό
2647 4088 2742 4138 σοῦ
2772 4081 3151 4160 γεγενημένων
3183 4083 3313 4160 ὑπὲρ
3342 4084 3522 4157 ἡμῶν.

555 4163 612 4228 3.
649 4164 941 4238 Laatabor,
976 4172 1033 4226 et
1088 4161 1396 4224 exsultabo
1457 4165 1518 4226 in
1549 4166 1970 4230 recordatione
2001 4169 2128 4244 tui;

2293 4170 2354 4234 3.
2387 4173 2946 4249 Εὗφρανθήσομαι,καὶ
2964 4170 3361 4249 ἀγαλλιάσομαι
3381 4172 3465 4228 ἐπὶ
3487 4178 3554 4247 τῇ
3581 4176 3652 4246 σῇ
3678 4172 3859 4246 μνείψ

558 4255 618 4317 4.
651 4252 722 4315 Et
753 4254 1070 4330 magniﬁce
1099 4259 1158 4314 te
1191 4251 1471 4318 laudabo.

2292 4261 2352 4322 4.
2387 4259 2492 4322 Καὶ
2521 4260 2809 4335 ἀνυμνήσω
2840 4282 2898 4316 σε
2930 4259 3380 4340 μεγαλοπρεπῶς.

559 4346 618 4408 5.
657 4341 966 4406 Diabolum
997 4341 1320 4422 signiﬁcat.

2291 4349 2350 4414 5.
2388 4353 2490 4408 Τὸν
2525 4347 2770 4407 διάϐολον
2799 4349 2968 4428 λέγει.

555 4435 615 4499 6.
650 4431 740 4496 Ab
772 4431 1028 4495 adventu
1065 4441 1184 4493 tuo.

2290 4439 2351 4504 6.
2384 4439 2523 4496 Ἀπὸ
2552 4443 2650 4505 τῆς
2681 4439 2970 4517 παρουσίας
3003 4462 3115 4500 σου.

553 4525 615 4585 7.
641 4525 1023 4603 Consumptis
1052 4520 1313 4583 inimicis
1345 4521 1516 4597 meis,
1554 4540 1650 4585 me
1678 4522 2018 4589 vindicasti.

2295 4529 2350 4589 Ἰ.
2385 4526 2679 4594 Ἐποίησας
2703 4528 2804 4594 τὴν
2836 4526 3103 4596 ἐκδίκησίν
3157 4549 3257 4605 μου
3297 4526 3686 4592 καταναλώσας
3738 4529 3866 4593 τοὺς

2210 4619 2430 4692 ἐχθρούς
2466 4638 2590 4692 μου.

558 4706 618 4766 8.
656 4701 1032 4766 Constituisti
1088 4699 1390 4782 apostolos
1445 4712 1576 4763 tuos
1631 4702 1950 4781 magistros
1981 4721 2125 4765 nos-

2262 4641 2430 4700 ευρους
2466 4641 2590 4692 μου.

2290 4712 2348 4770 8.
2409 4705 2760 4774 Κατέστησας
2831 4709 2950 4771 to);
3029 4706 3362 4771 ἆποατόλους
3425 4728 3519 4764 σου
3574 4704 3866 4771 παιδευτὰς

479 4804 628 4869 tros,
654 4793 878 4854 docens
908 4810 1016 4853 nos
1037 4789 1272 4872 operari
1300 4789 1612 4870 justitiam.

2210 4801 2390 4877 ἡμῶν,
2439 4799 2466 4853 6
2497 4793 2762 4853 διδάσκων
2793 4795 3132 4864 δικαιοσύνην
3161 4797 3438 4876 ἐργάζεται

560 4882 619 4947 9.
652 4884 734 4962 (ιι)
771 4881 1148 4944 Admonuisti
1180 4887 1391 4959 gentes
1421 4897 1497 4942 ne
1535 4891 1890 4961 peccarent;
1927 4890 1986 4944 et
2016 4901 2126 4964 pe-

2290 4886 2352 4948 9.
2389 4884 2774 4953 Ἐνουθέτησας
2809 4888 2872 4943 τὰ
2903 4886 3050 4960 ἔθνη,
3099 4896 3194 4944 τοῦ
3227 4887 3306 4961 μὴ
3351 4886 3672 4964 ἁμαρτάνειν
3703 4905 3721 4920 ⁸
3781 4889 3868 4944 καὶ

479 4973 580 5036 riit
611 4970 908 5035 diabolus.

2214 4977 2459 5034 ἀπώλετο
2491 4979 2518 5032 6
2550 4973 2820 5041 διάϐολος,

567 5065 659 5124 ιΟ.
695 5059 1006 5122 Diabolum
1038 5058 1141 5141 ait,
1166 5076 1237 5125 ex
1272 5059 1425 5123 libro
1452 5061 1797 5124 viventium.

2289 5064 2387 5128 10.
2427 5067 2544 5122 Τὸν-
2558 5061 2804 5122 διάϐολον
2837 5064 2979 5142 λέγει
3011 5065 3068 5121 ἐκ
3101 5062 3283 5139 βίϐλου
3313 5064 3547 5135 ζώντων,

560 5153 658 5215 lt.
697 5148 960 5212 Virtutes
983 5154 1136 5229 ejus,
1172 5158 1233 5212 et
1279 5149 1670 5233 principatus,
1718 5162 1777 5214 et
1803 5158 2124 5234 potestates

2292 5155 2388 5217 11.
2422 5156 2525 5218 Τὰς
2557 5152 2809 5230 δυνάμεις
2862 5154 3044 5225 αὐτοῦ,
3091 5153 3304 5218 καὶτὰς
3360 5153 3559 5234 ἀρχὰς,
3619 5155 3706 5210 καὶ
3766 5157 3862 5219 τὰς

482 5239 798 5322 signiﬁcat.

2207 5242 2442 5310 ἐξουσίας
2471 5243 2616 5322 λέγει
2628 5293 2639 5307 ,

1515 5322 1818 5387 Addenda
1845 5329 1910 5388 et
1937 5323 2315 5403 corrigenda
2344 5341 2423 5389 ex
2451 5325 2591 5388 cod.
2637 5323 2816 5389 Vatic

561 5404 656 5486 (1)
684 5412 788 5486 Τοῦ
818 5403 960 5486 rios,
992 5399 1166 5486 deest
1197 5400 1258 5462 in
1288 5401 1420 5463 cod.
2112 5399 2135 5403 ’

1197 5400 1258 5462 in
1288 5401 1420 5463 cod.
2112 5399 2135 5403 θ
2300 5405 2384 5486 (3)
2415 5407 2785 5484 Ἐργάζισθαι.

590 5485 652 5524 -)\
687 5483 746 5524 ’n
806 5481 946 5524 ειίρίι
991 5481 1124 5524 naui

564 5479 652 5562 (2).)
687 5483 770 5556 ’0,
806 5479 953 5542 dicit
988 5479 1194 5544 David.

563 5565 647 5640 (ιι)
685 5561 1029 5646 _Vers_iculus
1059 5563 1169 5622 iste
1196 5561 1255 5622 in
1287 5561 1499 5646 codice
1519 5579 1611 5646 est
1638 5564 1879 5646 ultimus
1909 5582 2112 5628 versus
2135 5586 2167 5646 p

2260 5566 2379 5641 .8,a
2401 5565 2743 5644 tergo.Quaa
2764 5563 3358 5646 sequunturpaginae
3387 5581 3596 5626 novem
3629 5567 3864 5646 scriptae

364 5707 372 5709 μ
480 5655 622 5706 sunt
643 5642 760 5728 alio
792 5642 1134 5728 charactere
1169 5660 1413 5728 prorsus
1443 5643 1811 5728 dissimili7,et
1844 5647 2029 5709 multo
2062 5642 2250 5728 magis
2279 5642 2692 5728 recenti'ori.et
2717 5642 3028 5728 continent
3054 5643 3358 5728 diversam
3388 5651 3638 5728 omnino
3671 5642 3861 5728 inter-7

485 5725 884 5808 pretationem
921 5731 976 5784 et
1007 5723 1123 5808 alio
1159 5723 1310 5808 stylo
1337 5723 1825 5808 sc7riptam.7Ilaac
1854 5735 2056 5808 autem
2088 5723 2312 5790 inserta
2343 5728 2577 5808 videtur
2605 5727 2677 5808 ad
2722 5726 3127 5808 supplendum
3161 5723 3388 5788 codicis
3413 5726 3743 5808 defectum,
3763 5727 3864 5808 qui

539 5811 602 5888 ιι,
627 5813 685 5868 ut
715 5803 864 5879 dixi,
888 5823 924 5866 ιι
952 5802 1246 5866 versiculo
1277 5802 1518 5867 decimo
1553 5803 1766 5886 psalmi
1797 5803 1976 5886 hujus
2024 5809 2168 5870 noni
2189 5827 2383 5889 usque
2403 5807 2477 5870 ad
2507 5802 2866 5872 versiculo—ni
2910 5805 3213 5869 decimum
3262 5815 3485 5868 nonum
3516 5802 3741 5888 psalmi
3760 5802 3858 5870 ix.
