4062 6216
235 334 356 400 681
1169 335 1266 398 DE
1307 333 1622 396 TITULIS
1665 331 2155 396 PSALMORUM.
2207 367 2282 380 -
2328 331 2539 395 PSAL.
2587 331 2694 394 IX.
3505 319 3622 403 68'2

321 469 435 534 52,
465 471 886 550 Ἀνταναιρετται
929 470 995 526 τὰ
1021 469 1254 549 κρίματά
1295 491 1390 528 σου
1445 468 1552 526 ἀπὸ
1606 468 1925 546 προσώπόυΔ

1807 469 1889 524 ιόυ
1911 472 1950 521 Α
2053 463 2157 527 52.
2184 465 2552 528 Auferuntur
2569 464 2800 544 judicia
2831 469 2934 528 tua
2961 482 2996 527 a
3025 465 3182 530 facie
3241 468 3373 548 ejus
3400 491 3411 534 :

229 576 416 616 αὐτου
445 576 462 591 ⁸

313 648 438 711 53.
469 649 686 706 Πάντων
731 655 836 706 τῶν
878 649 1088 728 ἔχθρῶν
1119 652 1276 706 αὑτοῦ
1309 647 1730 726 κατακλριεόσει.

2057 645 2156 707 53.
2191 642 2470 706 Omnium
2499 644 2880 706 inimicorum
2911 662 3156 706 suorum
3187 647 3619 714 dominabitur.

317 741 442 804 54.
478 743 614 798 Εῖπε
641 742 742 819 γὰρ
773 740 826 796 ἒν
855 737 1040 818 καρδίᾳ
1069 740 1227 796 αὒτοῦ
1259 757 1273 774 ⁸
1306 739 1379 797 Οὐ
1411 739 1489 814 μὴ
1532 737 1768 794 σαλευθῶ
1789 736 1896 792 ἀπὸ

2061 734 2140 796 54
2199 731 2353 796 Dixit
2383 733 2539 794 enim
2575 734 2634 796 in
2667 733 2850 794 corde
2883 753 3032 797 suo:
3071 737 3199 798 Non
3261 739 3546 802 movebor
3592 761 3625 804 a

219 837 446 906 γενεᾶς
491 833 562 895 είς
607 833 790 907 γενεὰν
819 830 940 886 ἄνευ
970 829 1160 890 κακοῦ,

1979 824 2368 902 generatione
2399 821 2458 883 in
2483 823 2930 900 generationem
2963 823 3096 886 sine
3119 827 3296 890 malo.

309 917 440 982 55.
473 921 546 979 Οὗ
573 924 696 994 ὁρᾶς
725 921 786 976 τὸ
817 921 988 993 στόμα
1033 919 1192 975 αὐτοῦ
1223 917 1402 997 γέμει⁷
1449 919 1535 972 καὶ
1567 917 1776 996 πικρίας
1810 918 1896 972 καὶ

2060 913 2156 972 55.
2193 913 2374 990 Cujus
2408 911 2826 974 maledictione
2857 931 2924 974 os
2953 913 3195 993 plenum
3227 925 3340 988 est,
3375 925 3434 980 et
3459 937 3624 983 ama—

211 1007 416 1064 661w
425 1057 442 1080 ,

1977 1000 2264 1075 ritudine,
2300 1010 2357 1062 et
2388 1001 2546 1080 dolo,

311 1099 444 1162 56.
479 1100 610 1156 Ὑπὸ
639 1101 736 1166 τὴν
767 1098 1014 1176 γλῶσσαι
1046 1098 1205 1156 αὕτοὗ
1233 1098 1400 1160 κόπος
1431 1098 1520 1152 καὶ
1549 1096 1732 1161 πόνος.

1627 1117 1732 1161 νος.
2059 1091 2160 1154 56.
2195 1091 2318 1153 Sub
2343 1091 2545 1169 lingua
2569 1089 2722 1170 eius,
2754 1089 2923 1152 labor
2951 1101 3012 1154 et
3040 1091 3231 1156 dolor.

307 1189 445 1252 57.
476 1189 798 1267 Ἐγκάθηται
831 1189 885 1244 ἐν
915 1187 1094 1266 ἐνέδρᾳ
1125 1188 1261 1262 μετὰ
1293 1186 1582 1262 πλουσίων,

2060 1181 2156 1242 57.
2198 1179 2382 1244 Sedet
2409 1179 2466 1240 in
2497 1180 2730 1241 insidiis
2763 1199 2898 1242 cum
2930 1181 3230 1260 divitibus,

305 1278 442 1339 58.
475 1277 563 1335 Ἕν
605 1279 954 1359 ἀποκρύφοις,
991 1285 1084 1334 τοῦ
1126 1278 1443 1332 ἀποκτεῖναι
1475 1277 1668 1338 ἀθῶον,

2062 1271 2160 1330 58.
2199 1272 2258 1359 tn
2292 1269 2565 1342 occultis,
2601 1278 2665 1331 ut
2697 1270 3021 1332 interﬁciat
3051 1273 3459 1342 innocentem.

305 1368 444 1429 59.
475 1369 534 1425 Οἱ
561 1358 999 1447 malacia-31:05
1019 1368 1092 1431 εἰς
1122 1367 1212 1421 τὸν
1247 1363 1448 1432 πένητα
1479 1363 1891 1422 ἀποϐλέπουσιν·

1777 1379 1891 1421 ισιν⁶
2061 1360 2164 1421 59.
2199 1358 2373 1420 Oculi
2405 1361 2536 1436 ejus
2566 1359 2626 1419 in
2659 1377 2982 1439 pauperem
3013 1363 3342 1442 respiciunt
3369 1389 3381 1428 :

301 1457 442 1518 60.
478 1455 762 1535 Ἐνεδρεύει
795 1455 848 1514 ἐν
881 1456 1191 1535 ἀποκρύφῳ,
1224 1455 1296 1516 ὡς
1349 1452 1485 1510 λέων
1515 1457 1570 1509 ἓν
1599 1459 1666 1529 τῇ
1699 1451 1900 1530 μάνδρᾳ

2067 1450 2166 1514 60.
2200 1447 2528 1512 Insidiatur
2556 1449 2614 1510 in
2661 1448 3041 1531 abscondito,
3078 1454 3246 1534 quasi
3277 1456 3370 1518 leo
3391 1456 3450 1519 in
3487 1477 3626 1540 spe-

209 1551 444 1606 αὐτοῦ.

1985 1541 2158 1602 lunca
2197 1558 2326 1600 sua.

303 1639 394 1698 61
419 1682 440 1696 .
477 1635 764 1714 Ἐνεδρεόει
787 1645 880 1694 τοῦ
911 1635 1142 1713 ἁρπάσαι
1172 1637 1419 1713 πτωχὸν,

2065 1631 2161 1690 6t.
2203 1628 2521 1690 lnsidiatur
2551 1637 2613 1690 ut
2642 1629 2832 1708 rapiat
2870 1649 3218 1711 pauperem,

303 1723 440 1785 62.
481 1725 738 1800 ’ἁρπάσαι
771 1727 992 1803 πτωχὸν
1023 1723 1078 1779 ἐν
1111 1729 1188 1796 τῷ
1229 1721 1441 1778 ἑλκῦσαι
1477 1722 1658 1782 αὐτόν,

2065 1719 2163 1782 62.
2195 1717 2423 1798 Rapere
2456 1736 2774 1798 pauperem
2826 1721 2968 1781 dum
3000 1725 3242 1788 attrahit
3269 1745 3428 1790 eum.

301 1815 438 1878 63.
481 1815 570 1872 Ἐν
597 1820 664 1891 τῇ
695 1812 872 1891 παγίδι
903 1815 1062 1868 αὒτού
1084 1811 1404 1868 ταπεινώσει
1439 1808 1594 1868 αὐτόν
1632 1825 1644 1840 ·

1632 1825 1644 1840 ·
1925 1827 1962 1878 3
2063 1811 2162 1872 63.
2201 1807 2262 1870 In
2291 1809 2502 1888 laqueo
2533 1825 2641 1868 suo
2676 1808 3011 1871 bumiliabit
3039 1827 3173 1874 eum
3208 1836 3223 1876 :

303 1905 440 1967 64.
485 1905 646 1979 Κύψει
677 1903 762 1960 καί
791 1915 1063 1976 πεσεῖται,
1098 1901 1152 1956 ἒν
1183 1907 1260 1975 τῷ
1289 1901 1444 1959 αὐτόν
1491 1905 1894 1976 κατακυριεύσαι

2063 1899 2162 1962 64.
2205 1897 2518 1959 Inclinabit
2547 1913 2614 1960 se
2641 1906 2703 1958 et
2733 1897 2926 1974 cadet,
2963 1917 3094 1962 cum
3129 1902 3470 1968 dominatus
3499 1906 3635 1969 fue-

207 2003 334 2052 τῶν
373 1995 642 2062 πενήτων
655 2038 670 2054 ,

1981 1989 2058 2051 rit
2091 2005 2437 2068 pauperum.

305 2084 438 2146 65-
481 2086 617 2139 Εἷπε
645 2083 744 2160 γὰρ
773 2080 828 2137 ἐν
862 2080 1044 2160 καρδίᾳ
1071 2081 1250 2138 αὑτοῦ·
1273 2078 1656 2145 Ἐπιλέλησθαι
1683 2081 1706 2133 ὃ
1741 2078 1895 2141 Θεός.

2065 2081 2167 2143 65.
2202 2077 2356 2139 Dixit
2386 2075 2544 2137 enim
2585 2076 2642 2136 in
2671 2075 2856 2138 corde
2877 2095 2987 2138 suo
3015 2097 3030 2139 :
3067 2077 3300 2144 Oblitus
3330 2093 3418 2148 est
3448 2087 3627 2150 Deus.

305 2173 438 2244 66,
472 2169 804 2248 Ἀπέστρεψε
828 2173 890 2226 τὸ
918 2171 1204 2247 πρόσωπον
1235 2171 1394 2226 αὐτοῦ
1439 2175 1528 2225 τοῦ
1576 2171 1654 2243 μὴ
1685 2167 1900 2244 βλέπειν

2067 2171 2165 2232 (in,
2201 2167 2426 2228 Ανυνιὶι
2445 2163 2656 2227 faciem
2690 2183 2856 2228 suam
2889 2185 2966 2230 ne
2990 2167 3180 2233 videat
3211 2171 3274 2234 in
3299 2173 3507 2238 ﬁnem.

241 2266 298 2320 ἰ(
351 2260 556 2320 τέλος.

213 2287 298 2329 εις
351 2284 556 2322 tuac.

301 2351 434 2413 67.
477 2347 787 2423 Ἀνάστηθι,
823 2349 976 2427 Κύριε
1007 2352 1036 2404 ὁ
1085 2349 1212 2414 Θεός
1264 2371 1389 2424 μου,
1423 2349 1690 2424 ὒψωθήτω
1719 2349 1752 2415 ἡ
1783 2371 1817 2426 χ

2065 2349 2164 2408 67.
2228 2343 2519 2423 Exsurge,
2579 2343 2828 2405 Domine
2885 2346 3044 2409 Deus
3100 2367 3291 2426 meus,
3346 2353 3633 2415 exaltetur

211 2465 348 2517 σου,
389 2441 490 2516 μὴ
515 2438 742 2515 ἐπιλάϐῃ
763 2445 872 2494 τῶν
899 2439 1144 2508 πενήτων
1177 2459 1292 2497 σου.

1987 2453 2197 2498 manus
2226 2445 2344 2506 tua,
2382 2451 2457 2493 ne
2488 2431 2860 2496 obliviscaris
2890 2453 3215 2518 pauperum
3247 2449 3509 2505 tuorum.

301 2530 434 2595 68.
473 2528 707 2585 ’Ἕνεκεν
740 2529 880 2591 τίνος
911 2527 1211 2605 παρώξυνεν
1244 2529 1272 2582 ὃ
1294 2523 1490 2592 ἀσεϐής
1521 2527 1611 2581 τὸν
1647 2527 1774 2582 Θεόν
1802 2545 1818 2604 ς

2065 2527 2164 2586 68.
2202 2525 2454 2603 Propter
2487 2521 2628 2604 quid
2665 2527 3036 2604 exasperavit
3068 2526 3288 2610 impius
3319 2533 3505 2595 Deum
3527 2539 3554 2594 ‘?

299 2621 430 2682 69.
477 2619 619 2675 Εἶπε
647 2619 744 2696 γὰρ
775 2618 828 2674 ἂν
855 2614 1037 2695 καρδίᾳ
1067 2620 1228 2675 αὐτοῦ
1261 2635 1274 2649 ·
1312 2615 1418 2672 Οὔκ
1444 2615 1753 2686 ἐκζητήσει.

2066 2616 2166 2676 69.
2202 2611 2356 2674 Dixit
2401 2611 2558 2672 enim
2587 2610 2647 2671 in
2669 2613 2849 2674 corde
2879 2631 2988 2675 suo
3014 2633 3028 2677 :
3062 2615 3192 2678 Non
3220 2626 3509 2699 requiret.

305 2715 436 2772 70.
479 2707 728 2782 Βλέπεις,
761 2707 840 2764 ὅτι
873 2709 934 2764 σὺ
968 2709 1129 2763 πόνον
1161 2709 1250 2762 καὶ
1280 2708 1444 2780 Θυμὸν
1476 2709 1766 2767 κατανοεῖς
1803 2722 1816 2734 “

2066 2703 2164 2766 70.
2199 2701 2404 2776 Vides,
2471 2701 2754 2780 quoniam
2815 2709 2877 2764 tu
2933 2703 3199 2768 laborem
3259 2717 3318 2770 et
3365 2709 3633 2772 dolorem

1988 2792 2354 2868 consideras,

303 2889 392 2950 71
411 2931 432 2948 .
477 2892 582 2946 Τοῦ
613 2883 930 2963 παραδοῦναι
953 2883 1112 2940 αὐτὸν
1142 2885 1218 2947 εἰς
1241 2886 1434 2964 χεῖρας
1459 2907 1574 2944 σου,

2079 2885 2168 2944 Η.
2203 2879 2278 2944 Ut
2311 2877 2504 2940 tradas
2536 2897 2673 2941 eum
2705 2878 2767 2939 in
2799 2897 3009 2942 manus
3053 2891 3199 2948 tuas.

299 2979 430 3040 ΤΞ,
476 2977 573 3031 Σοὶ
617 2973 1091 3051 ἐγκαταλέλειπται
1137 2975 1165 3028 ὁ
1209 2975 1454 3052 πτωχός.

2069 2973 2170 3036 7?.
2205 2967 2340 3031 Tibi
2369 2967 2692 3030 derelictus
2715 2977 2805 3029 est
2835 2987 3064 3051 pauper
3090 2995 3103 3031 ς

1395 3131 1804 3196 ATHANASII
1849 3126 2496 3198 INTERPRETATIO.

305 3295 432 3360 52,
479 3295 816 3374 Κεχώρισται
845 3294 910 3349 τὰ
938 3293 1272 3367 δικαιώματά
1305 3315 1398 3350 σου
1421 3295 1524 3350 ὑπὸ
1555 3301 1646 3350 τοῦ
1677 3295 1894 3375 ἐχθροῦ,

2063 3296 2158 3355 59..
2197 3290 2590 3354 Secesserunt
2613 3287 3080 3368 justiﬁcationes
3113 3303 3228 3355 tua:
3251 3293 3329 3355 ab
3361 3294 3627 3358 inimico.

303 3389 436 3451 53.
481 3385 698 3440 [lva
740 3389 846 3438 τῶν
878 3382 1168 3461 ἀνθρώπων
1211 3383 1634 3459 κατακυριεύσει,

2076 3383 2175 3446 53.
2205 3379 2484 3444 Omnium
2518 3379 2830 3439 hominum
2863 3377 3291 3444 dominabitur.

313 3477 436 3540 54.
487 3475 630 3531 Elim
656 3473 754 3550 γὰρ
799 3470 851 3527 ἰν
885 3479 952 3548 τῇ
999 3469 1186 3550 καρδίᾳ
1213 3475 1370 3530 αὐτοῦ
1411 3475 1438 3527 ὁ
1470 3469 1714 3538 διάϐολος
1753 3493 1765 3508 ·
1804 3478 1910 3534 Οὐκ

2076 3475 2176 3536 54.
2211 3468 2366 3530 Dixit
2399 3467 2558 3528 enim
2595 3467 2652 3526 in
2685 3466 2866 3528 corde
2906 3486 3014 3530 suo
3037 3471 3311 3534 diabolus
3341 3494 3354 3536 :
3379 3474 3506 3534 Non
3537 3475 3639 3535 de-

215 3571 292 3626 Ξν
327 3568 578 3622 ἀποστῶ
609 3563 710 3618 ἀπὸ
737 3567 830 3618 τοῦ
856 3569 1020 3618 κακοῦ
1043 3561 1150 3618 ἀπὸ
1179 3567 1366 3639 γενεᾶς
1399 3563 1471 3625 εἰς
1507 3563 1712 3638 γενεάν,

1992 3561 2194 3623 sistam
2221 3577 2256 3619 a
2289 3557 2444 3618 malo
2476 3574 2509 3616 a
2537 3556 2922 3634 generatione
2953 3556 3012 3618 in
3042 3561 3507 3637 generationem.

317 3655 440 3716 55.
455 3651 727 3718 Ἐκκοπῆς
753 3652 854 3729 γὰρ
875 3652 961 3706 καὶ
978 3650 1248 3729 ἐπάρσεως
1273 3651 1424 3728 γέμει
1448 3651 1508 3706 τὸ
1531 3651 1706 3727 στόμα
1725 3654 1908 3716 αὑτοῦ.

2035 3647 2278 3712 55.Nam
2295 3663 2388 3727 pet
2408 3643 3046 3722 fractum,etjactantiaa
3059 3648 3300 3728 plenum
3315 3658 3482 3711 estos
3493 3650 3622 3730 ejus

319 3745 442 3805 56.
483 3739 574 3798 Ἐν
607 3745 672 3816 τῇ
700 3737 1009 3811 διδασκαλίᾳ
1038 3743 1197 3797 αὒτυῦ
1218 3739 1440 3802 Θάνατος
1467 3740 1555 3795 καὶ
1585 3739 1766 3809 ἰοδόνη,

1719 3765 1766 3809 ri.
2078 3738 2176 3802 56.
2207 3736 2270 3798 ln
2303 3735 2574 3796 doctrina
2600 3733 2784 3812 ipsius
2817 3751 3001 3808 mors,
3037 3748 3094 3798 et
3133 3739 3323 3800 dolor.

319 3837 448 3896 57,
487 3827 773 3908 Ἐἰνεδρεόει
805 3829 877 3890 εἰς
905 3829 1002 3891 τὰς
1047 3825 1260 3908 καρδίας
1289 3831 1394 3884 τῶν
1425 3826 1630 3884 ἀσεϐιῦν
1667 3833 1758 3888 καὶ
1801 3854 1871 3888 πο
1891 3867 1910 3880 -

2075 3829 2172 3888 57.
2199 3822 2592 3885 lnsidiaturin
2610 3821 2890 3883 cordibus
2913 3827 3409 3910 malorum,atque
3427 3828 3639 3908 impio-

225 3931 438 4005 νηριῖνδ
489 3920 799 3997 ἀνθρώπων³
832 3916 1108 3996 διεγείρων
1138 3917 1327 3980 αὐτοὺς
1359 3919 1496 3974 κατὰ
1525 3923 1630 3975 τῶν
1660 3917 1829 3976 δικαίι

1796 3921 1906 3983 [ων.
1993 3935 2126 3978 rum
2157 3913 2488 3986 hominum,
2527 3910 2790 3972 excitans
2823 3929 2926 3972 eos
2955 3923 3162 3976 contra
3183 3917 3400 3996 justos.

323 3999 448 4090 38,
487 4007 586 4071 59.
623 4004 906 4083 Ἐπιτηρεϊ
926 4009 988 4062 τὸ
1021 4002 1124 4087 [δὲ]
1157 4027 1270 4081 πῳς
1302 4008 1455 4062 αὑτὸν
1488 4005 1766 4071 ἀπολέσει,

2075 4005 2174 4080 58,
2210 4007 2310 4066 59.
2345 3999 2650 4090 Observat
2677 4011 2878 4062 autem
2908 4007 3206 4081 quomodo
3237 4025 3372 4068 eum
3405 4005 3635 4088 perdat.

327 4088 570 4164 NQ.
619 4097 698 4152 Δι’
731 4096 1066 4171 ἐνθυμήσεων
1097 4097 1184 4151 καὶ
1213 4095 1488 4173 λογισμῶν
1547 4095 1763 4173 ἀνόμων
1807 4099 1908 4175 ἀρ-

2073 4091 2294 4156 60—6‘2.
2331 4088 2794 4169 Cupiditatibus,
2830 4101 2886 4152 et
2933 4091 3156 4174 iniquis
3185 4095 3641 4174 cogitationibus

239 4195 430 4250 πάσαι
465 4197 620 4260 ζητεῖ
650 4189 740 4242 τὸν
769 4183 994 4243 δίειαιον.

1993 4181 2206 4264 quaerit
2230 4197 2439 4260 rapere
2453 4179 2707 4259 justum.

337 4277 452 4358 53,
485 4277 584 4340 64.
639 4277 734 4336 Καὶ
783 4274 836 4331 ἐν
885 4270 962 4347 τῷ
1005 4275 1161 4332 αὐτὸν
1204 4275 1528 4330 ταπεινῶσαι
1575 4273 1910 4352 πολεμοῦντα

2073 4271 2170 4350 63,
2200 4269 2300 4332 64.
2326 4269 2398 4330 Et
2428 4269 2570 4358 dum
2603 4285 2669 4329 se
2692 4267 3068 4358 deprimit,ut
3091 4273 3320 4337 bellum
3351 4273 3637 4336 adversus

243 4371 386 4432 τοὺς
427 4357 684 4436 δικαίους,
719 4365 872 4429 αὐτὸς
920 4375 1168 4420 πεσεῖται
1218 4363 1320 4418 ὑπὸ
1367 4363 1490 4428 τοὺς
1523 4361 1686 4429 πόδας
1711 4365 1847 4432 αὐτῶ

2033 4369 2184 4423 istos
2213 4367 2400 4438 gerat,
2437 4357 2566 4436 ipse
2596 4357 2770 4420 cadet
2819 4358 2928 4419 sub
2977 4379 3184 4426 eorum
3239 4365 3454 4444 pedes;
3491 4383 3637 4444 quo-

241 4465 310 4518 ιν
357 4463 444 4530 τῷ
473 4457 564 4512 τὸν
598 4454 728 4511 Θεὸν
757 4451 1127 4509 ἀντιλαϐέσθαι
1158 4459 1264 4508 τῶν
1293 4449 1530 4514 δικαίων,

1293 4449 1530 4514 δικαίων.
1997 4449 2154 4511 niam
2187 4447 2345 4509 Deus
2369 4445 2551 4525 justis
2585 4445 2881 4509 subvenit.

333 4547 450 4620 65,
487 4541 588 4606 66.
623 4551 758 4600 Εϊπε
789 4543 890 4620 γὰρ
921 4541 974 4597 ἐν
1007 4541 1182 4616 ἑαυτῷ
1211 4543 1240 4596 ὁ
1283 4537 1524 4604 διάϐολος
1558 4557 1570 4572 ·
1605 4539 1907 4608 Ἐπιλέλη-

2075 4540 2176 4610 65,
2211 4538 2311 4598 66.
2339 4533 2498 4597 Dixit
2527 4537 2687 4598 enim
2721 4536 2780 4596 in
2812 4554 2876 4597 se
2896 4539 3026 4618 ipso
3055 4541 3368 4604 diabolus:
3402 4542 3638 4606 Oblitus

235 4661 378 4698 σται
415 4639 446 4692 ὁ
483 4635 612 4695 Θεὸς
642 4639 736 4688 τοῦ
759 4631 944 4711 γένους
973 4633 1080 4687 τῶν
1117 4630 1428 4708 ἀνθρώπων,
1453 4631 1706 4707 πρόνοιαν
1734 4632 1839 4687 αὖτε

2032 4636 2084 4690 st
2139 4625 2296 4688 Deus
2357 4624 2602 4686 humani
2657 4627 2922 4708 generis,
2954 4629 3174 4692 nullam
3227 4631 3302 4692 de
3331 4648 3402 4693 eo
3435 4649 3636 4693 curam

237 4730 314 4786 οὗ
363 4735 643 4782 ποιεῖται.

570 4743 643 4780 ιι.
2000 4716 2174 4797 gerit.

333 4813 450 4876 67,
487 4809 782 4880 Βουλήθητι
817 4805 1168 4874 ἐπιδείξασθαι
1217 4809 1316 4874 τὴν
1367 4807 1618 4886 πρόνοιάν
1663 4829 1757 4864 σου
1816 4809 1918 4877 τὴν

2081 4805 2180 4866 67.
2215 4803 2548 4892 Ostendere
2577 4805 2727 4866 velis
2772 4806 3200 4884 providentiam
3235 4817 3421 4892 tuam,
3461 4829 3637 4892 quam

239 4907 330 4968 εἷς
363 4905 521 4976 ἡμᾶς
551 4919 566 4933 ο
631 4900 708 4974 μὴ
751 4895 856 4953 τῶν
905 4893 1336 4954 ταπεινωθέντων
1386 4897 1475 4953 καὶ
1505 4895 1754 4971 βοώντων
1784 4918 1843 4977 πε

2035 4913 2078 4956 :e
2111 4892 2280 4955 nobis
2313 4891 2496 4982 babes
2523 4914 2537 4956 :
2604 4912 2678 4954 ne
2712 4895 2976 4974 deponas
3027 4899 3373 4962 memoriam
3406 4891 3639 4982 eorum,

237 4995 314 5052 σὲ
345 4992 458 5058 τήδ
491 4986 712 5065 μνήμην
741 4985 1099 5062 καταλείψῃς.

2002 4984 2104 5064 qui
2137 5001 2200 5044 se
2231 4981 2567 5056 humiliant,
2602 4991 2660 5043 et
2687 4983 2948 5044 clamant
2973 4986 3044 5048 ad
3079 4997 3163 5050 te.

335 5081 450 5144 68.
486 5079 638 5142 Τίνος
669 5075 828 5158 χάριν
856 5076 1196 5155 παρώργισεν
1226 5077 1254 5130 ὁ
1286 5071 1484 5142 ἀσεϐὴς
1513 5077 1606 5130 τὸν
1637 5075 1768 5132 Θεόν
1803 5091 1818 5149 ;

1595 5097 1606 5129 ρ
1637 5075 1768 5132 Θεόν
1803 5091 1818 5149 ;
2079 5073 2176 5137 68.
2211 5071 2402 5142 Quare
2434 5069 2684 5133 irritavit
2711 5071 2930 5153 impius
2959 5074 3146 5138 Deum
3169 5077 3199 5139 ?

337 5169 452 5234 69.
481 5167 622 5225 Hm
651 5167 753 5245 γὰρ
783 5166 812 5221 ό
833 5162 1076 5229 διάϐιιλος
1108 5163 1162 5221 ἰν
1189 5165 1359 5236 ἑαυτῷ
1379 5182 1392 5196 ·
1430 5167 1502 5222 Οὒ
1538 5165 1762 5235 ζητήσει
1792 5165 1912 5230 τοὺς

2081 5162 2176 5226 69.
2215 5159 2370 5222 Dixit
2401 5159 2563 5222 enim
2595 5159 2872 5224 diabolus
2901 5163 2959 5226 in
2989 5184 3054 5228 se
3083 5166 3250 5248 ipso:
3314 5169 3431 5243 Qui
3483 5187 3642 5232 erra-

237 5255 721 5332 πεπλανημὶνους
745 5257 772 5311 ὁ
803 5257 932 5316 Θεός
943 5297 958 5314 .

2001 5261 2159 5326 runt,
2199 5268 2315 5312 non
2346 5250 2612 5331 requiret
2657 5251 2833 5314 Deus.

337 5346 450 5422 70,
479 5347 584 5408 71.
615 5343 776 5422 Ὀρᾶς
806 5345 891 5423 σὺ,
933 5343 1112 5423 Κύριε,
1143 5343 1236 5398 τὸν
1263 5343 1427 5416 θυμὸν
1473 5342 1562 5398 καὶ
1601 5343 1693 5400 τὸν
1725 5341 1914 5417 πόνον,

2080 5343 2182 5413 70,
2221 5340 2314 5401 71.
2348 5336 2527 5401 Vides
2559 5347 2644 5416 tu,
2681 5343 3235 5420 Domine,dolorem
3263 5349 3639 5426 etlaborem,

233 5439 508 5498 τουτέστι
535 5436 630 5491 τὸν
653 5430 1254 5512 διάϐολον,παραδοῦναι
1285 5433 1446 5488 αὑτὸν
1477 5430 1532 5488 ἐν
1561 5432 1630 5498 τῆ
1658 5453 1837 5510 παροδι

2041 5450 2110 5493 oc
2135 5437 2226 5493 est
2250 5428 2584 5504 diabolum,
2620 5442 2683 5491 ut
2720 5435 2916 5496 tradas
2945 5453 3080 5498 eum
3147 5438 3210 5500 in
3255 5441 3514 5503 adventu
3547 5451 3645 5503 tuo

239 5549 362 5586 σου
523 5525 624 5592 τὴν
655 5523 893 5589 ἐξουσίαν
925 5523 1032 5580 τῶν
1061 5521 1250 5599 ἁγίων.
1459 5533 1485 5556 ⁸

1236 5565 1250 5580 .
1459 5533 1485 5556 ⁶
1998 5519 2106 5583 sub
2147 5525 2436 5608 potestate
2467 5529 2835 5608 sanctorum.

345 5615 452 5674 73.
491 5615 576 5678 Εἰς
625 5615 726 5682 τὴν
753 5613 854 5680 σὴν
885 5612 1138 5689 βοήθειαν
1167 5609 1366 5688 ἀφορᾷ,

2076 5608 2180 5672 79.
2221 5607 2486 5688 Respicit
2511 5607 2581 5671 in
2599 5611 2886 5676 auxilium
2920 5623 3105 5680 tuum.

593 5749 864 5812 Parnm.
912 5747 1029 5809 Gn.
1079 5739 1338 5810 XXVII.

3229 5747 3327 5814 22.
