4062 6216
536 282 655 351 683

615 422 716 488 73.
755 422 1036 505 Orphano
1066 431 1127 487 tu
1160 425 1326 487 fuisti
1366 423 1623 504 adiutor.

621 513 716 577 74.
753 513 1009 577 Contere
1043 513 1354 576 brachium
1386 516 1715 595 peccatoris
1774 526 1832 579 et
1890 518 2127 600 maligni
2158 543 2170 584 :

610 694 709 758 75.
741 695 1054 767 Quaeretur
1072 711 1245 771 pecco
1258 702 1379 755 tum
1404 693 1651 775 illius,et
1675 714 1792 758 non
1814 697 2172 763 invenietur.

610 788 710 848 76.
747 785 1039 866 Regnabit
1068 784 1354 846 Dominus
1376 784 1436 845 in
1466 792 1787 865 aeternum,
1815 796 1873 849 et
1896 788 1957 848 in
1988 807 2175 850 saecu—

532 876 654 940 lum
687 877 887 940 saeculi
913 899 923 936 :

609 968 709 1030 77.
746 966 1049 1047 Peribitis,
1082 973 1316 1045 gentes,
1350 963 1426 1026 de
1454 972 1612 1026 terra
1641 965 1821 1026 illius.

607 1059 709 1122 78.
745 1057 1119 1121 Desiderium
1153 1072 1481 1135 pauperum
1534 1056 1830 1118 exaudivit
1860 1056 2168 1121 Dominus.

604 1149 705 1212 79.
736 1146 1157 1227 Praeparationi
1215 1143 1413 1206 cordis
1471 1162 1679 1205 eorum
1721 1147 1974 1219 attendit
2011 1150 2175 1210 auris

526 1245 648 1302 tua.

607 1333 706 1392 80.
742 1327 953 1391 Judica
986 1325 1213 1407 pupillo
1237 1332 1292 1386 et
1317 1323 1545 1400 humili,

608 1420 709 1483 81.
744 1420 821 1482 Ut
854 1436 969 1478 non
1003 1422 1260 1497 apponat
1302 1415 1454 1476 ultra
1487 1415 1867 1494 magniﬁcare
1897 1434 1962 1477 se
1992 1416 2169 1479 homo

526 1527 707 1589 super
742 1518 984 1572 terram.

712 1600 783 1662 In
806 1600 986 1677 ﬁnem
1020 1595 1297 1658 Psalmus
1325 1594 1547 1657 David.
1586 1594 1734 1658 PSA
1751 1595 1878 1658 LM.
1912 1597 1981 1659 X.

602 1687 719 1751 1.In
738 1687 989 1749 Domino
1003 1683 1559 1761 conﬁdo,quomodo
1572 1684 1767 1745 dicitis
1779 1684 1994 1748 animae
2005 1705 2168 1750 meae:

604 1778 663 1841 2.
699 1777 1083 1854 Transmigra
1117 1775 1177 1835 in
1208 1781 1468 1835 montem
1503 1773 1655 1834 sicut
1688 1773 1932 1853 passer?

601 1872 664 1930 3.
692 1867 984 1942 Quoniam
1009 1883 1150 1927 ecce
1168 1872 1514 1945 peccatores
1533 1862 2162 1946 intenderuutarcum;

602 1960 664 2022 4.
698 1958 1064 2020 Paraverunt
1094 1955 1339 2034 sagittas
1370 1972 1505 2015 suas
1535 1952 1597 2014 in
1630 1954 1930 2035 pharetra,

600 2048 661 2111 ὅ.
689 2046 764 2111 Ut
793 2047 1071 2126 sagittent
1107 2045 1166 2105 in
1201 2044 1457 2106 obscuro
1488 2051 1685 2106 rectos
1714 2044 1936 2106 corde:

604 2228 664 2291 6.
702 2228 995 2302 Quoniam
1029 2244 1159 2307 quae
1212 2222 1536 2305 perfecisti,
1575 2223 1685 2303 ipsi
1718 2221 2166 2287 destruxerunt.

599 2318 659 2380 7.
697 2321 893 2383 Justus
923 2322 1119 2378 autem
1154 2313 1297 2394 quid
1329 2312 1519 2375 fecit?

602 2407 661 2471 8.
696 2406 985 2470 Dominus
1014 2405 1075 2466 in
1108 2404 1330 2484 templo
1374 2410 1577 2465 sancto
1609 2420 1754 2463 suo:

2196 1797 2232 1847 Β
2336 1777 2392 1831 2.
2427 1777 2821 1835 Μεταναστεύου
2851 1776 2935 1833 ἐπὶ
2965 1777 3028 1833 τὰ
3062 1775 3159 1854 ὅρη
3182 1780 3256 1840 ὡς
3289 1781 3555 1858 στρουθίον
3592 1801 3605 1858 ς

1329 291 1390 355 S.
1437 291 1859 359 ATHANASII
1902 294 2068 356 OPP.
2117 292 2310 358 PARS
2352 294 2462 357 III.
2514 330 2585 342 -
2634 294 3091 362 EXEGETICA.
3758 302 3855 369 684

2200 438 2242 487 Α
2350 429 2443 492 73.
2478 430 2722 513 Ὀρφανῷ
2752 435 2813 490 σὺ
2840 432 2975 500 ἦσθα
3004 433 3224 509 βοηθός.

2340 520 2438 581 74.
2476 523 2769 599 Σύντριψον
2840 525 2932 578 τὸν
2981 523 3243 602 βραχίονα
3285 530 3378 581 τοῦ
3434 524 3741 602 ἁμαρτωλοῠ
3792 531 3862 586 καὶ

2258 618 2493 683 πονηροῦ
2527 627 2541 641 ⁸

2338 699 2437 761 75.
2473 702 2842 770 Ζητηθήσεται
2872 701 2907 767 ἦ
2940 702 3170 781 ἁμαρτία
3194 705 3470 775 αὒτοῦ,καί
3500 707 3560 761 οὐ
3586 705 3660 780 μὴ
3682 707 3859 783 εδρεθῇ,

2339 788 2439 849 76.
2475 789 2785 846 Βασιλεύσει
2826 792 3011 868 Κύριος
3065 798 3137 854 είς
3183 794 3275 848 τὸν
3318 794 3505 870 αἰῶνα,
3550 796 3637 850 καὶ
3676 796 3741 858 εἰς
3785 797 3861 851 τὸν

2260 878 2423 934 αίῶνα
2455 886 2545 936 τοῦ
2568 881 2777 944 αἰῶνος.

2339 966 2441 1029 77.
2478 968 2820 1049 Ἀπολεῖσθε,
2855 967 3001 1049 ἔθνη²
3033 970 3093 1027 ἐκ
3122 976 3217 1037 τῆς
3261 973 3363 1049 γῆς
3409 976 3589 1049 αὐτοῦ,

2342 1055 2439 1119 78.
2471 1058 2580 1125 Τὴν
2612 1059 2888 1134 ἐπιθυμίαν
2931 1062 3035 1114 τῶν
3081 1062 3327 1129 πενήτων
3356 1063 3631 1132 είσήκουσε
3677 1065 3861 1144 Κύριος.

2343 1148 2439 1211 79.
2473 1151 2550 1224 Τῇ
2580 1150 2857 1225 ἑτοιμασίᾳ
2900 1155 2999 1217 τῆς
3045 1148 3256 1229 καρδίας
3288 1153 3454 1208 αὑτων
3509 1154 3764 1235 προσέσχε
3814 1158 3865 1213 τὸ

2258 1259 2344 1302 ους
2392 1260 2505 1299 σου.

2336 1324 2435 1391 80.
2476 1338 2663 1393 Κρτναι
2688 1328 2897 1408 ὂρφανῷ
2927 1332 3014 1386 καὶ
3042 1339 3298 1413 ταπεινῷ,

2332 1417 2433 1477 81.
2472 1415 2596 1475 ’Ἵνα
2641 1419 2717 1492 μὴ
2760 1424 2964 1495 προσθῇ
3009 1418 3089 1475 ἔτι
3135 1423 3231 1476 τοῦ
3275 1422 3644 1503 μεγαλαυχεῖν
3698 1423 3865 1503 ἅνθρω-

2252 1529 2351 1570 πος
2382 1506 2471 1562 ἐπὶ
2495 1513 2594 1574 τῆς
2626 1510 2752 1588 γῆς,

2433 1599 2517 1659 Εἷς
2541 1599 2602 1652 τὸ
2635 1596 2787 1661 τέλος
2821 1596 3032 1673 ψαλμὸς
3064 1606 3141 1673 τῷ
3177 1596 3360 1660 Δαϐίδ.
3399 1608 3619 1662 ΨΑΛΜ.
3655 1593 3712 1665 ι’.

2335 1683 2357 1742 1
2423 1684 2541 1741 Ἐπὶ
2570 1687 2648 1760 τῷ
2677 1684 2851 1766 Κυρίῳ
2882 1686 3255 1763 πέποιθα,πῶς
3287 1688 3458 1768 ἐρεῖτε
3487 1697 3556 1767 τῇ
3588 1697 3735 1772 ψυχῇ
3756 1708 3861 1767 μου·

2340 1830 2389 1831 κν
2627 1830 2653 1831 κν
2714 1830 2818 1835 η--
2977 1830 3026 1833 -_
3069 1830 3254 1854 ,Γηπτ
3298 1830 3349 1834 η
3394 1830 3551 1836 ------

2333 1861 2392 1923 3.
2426 1864 2561 1922 ’Ὀτι
2591 1863 2698 1921 ἰδοὺ
2729 1869 2774 1922 οἱ
2806 1866 3113 1944 ἁμαρτωλοὶ
3143 1830 3408 1924 ὲνέτεινέίν
3438 1830 3607 1934 τόξον⁹

2329 1953 2389 2013 4.
2426 1952 2753 2029 Ἠτοίμασαν
2785 1954 2919 2031 βέλη
2952 1958 3025 2018 εἷς
3057 1956 3346 2035 παρέτραν,

2330 2046 2389 2107 5,
2425 2044 2530 2101 Τοῦ
2558 2044 2933 2111 κατατοξεῦσαι
2981 2046 3034 2103 ἐν
3088 2050 3400 2125 σκοτομήνῃ
3459 2051 3583 2114 to};
3628 2050 3788 2116 εὖθεῐς
3813 2052 3867 2106 τὰ

2247 2133 2431 2212 καρδίᾳ
2464 2151 2476 2164 ·

2334 2222 2395 2285 6.
2429 2223 2564 2281 ’Ὅτι
2594 2223 2627 2279 ἃ
2655 2227 2716 2280 σὺ
2747 2229 3074 2307 κατηρτίσω⁷
3113 2228 3261 2284 αὐτοὶ
3292 2227 3566 2309 καθεῖλον,

2333 2330 2394 2374 η.
2430 2313 2489 2371 Ὀ
2534 2313 2588 2370 δὲ
2619 2313 2818 2380 δίκαιος
2850 2318 2900 2372 τί
2930 2316 3145 2383 ἐποίησε
3181 2337 3197 2396 ;

2330 2403 2391 2466 8.
2426 2400 2620 2483 Κύριος
2653 2405 2706 2460 ἐν
2738 2412 2848 2475 ναῷ
2878 2406 3010 2483 ἆγίῳ
3039 2408 3217 2462 αδτοῦ·

1664 2560 2075 2625 ATHANASlI
2120 2560 2747 2630 INTERPRETATIO.

600 2732 704 2793 73.
729 2729 1075 2811 Orphanum
1107 2726 1253 2790 dicit
1281 2743 1444 2804 eum,
1478 2723 1579 2805 qui
1610 2743 1728 2786 non
1754 2724 1935 2787 habet
1962 2724 2169 2786 huma-

520 2840 661 2883 num
693 2821 1003 2884 auxilium.

601 2912 699 2974 74.
739 2910 1214 2973 Dominationem
1246 2905 1489 2968 diaboli.

599 3001 699 3077 75,
740 3001 835 3063 76.
872 2999 1178 3071 Quaretur
1211 3004 1517 3076 peccatum
1565 2996 1718 3074 ejus,
1751 3004 1809 3056 et
1870 3012 1987 3055 non
2031 3012 2160 3055 am-

521 3090 674 3171 plius
703 3091 832 3171 ipse
862 3088 1137 3149 diabolus
1170 3085 1516 3147 inVenietur
1548 3104 1564 3161 ;
1599 3087 1881 3162 quoniam
1913 3084 2164 3146 traditus

520 3190 609 3244 est
642 3181 703 3242 in
734 3181 930 3259 ignem
964 3186 1249 3239 internum
1278 3198 1291 3234 :
1327 3185 1383 3237 et
1410 3176 1647 3237 demum
1685 3175 1969 3237 Dominus
2002 3173 2165 3235 solus

516 3270 811 3351 regnabit.

600 3362 974 3441 77.Gentes,
1032 3377 1164 3438 quae
1222 3356 1279 3418 ei
1338 3375 1455 3417 non
1513 3354 2096 3437 obtemperaverunt,
2131 3374 2164 3415 a

519 3469 629 3512 suo
662 3450 887 3513 caelesti
916 3466 1106 3527 regno
1134 3447 1488 3508 alienantur.

604 3541 701 3601 78.
768 3539 1149 3603 Desiderium
1224 3553 1546 3618 pauperum
1610 3534 1847 3596 exaudit
1902 3533 2060 3596 Deus
2105 3543 2164 3597 et

518 3628 833 3708 Dominus,
872 3630 1149 3709 quoniam
1183 3646 1313 3708 qua:
1343 3625 1457 3704 ipsi
1486 3633 1649 3705 grata
1684 3632 1822 3684 sunt
1878 3624 2165 3707 concupi-

516 3726 711 3780 scunt.

607 3808 705 3870 79.
740 3810 1075 3871 Clamorem
1112 3826 1341 3886 eorum,
1377 3805 1479 3887 qui
1511 3805 1750 3868 contriti
1783 3813 1841 3865 et
1871 3804 2163 3866 humiliati

522 3907 656 3957 sunt
686 3900 887 3970 corde,
925 3898 1222 3959 exaudivit
1251 3897 1410 3957 auris
1443 3904 1560 3957 tua.

608 3987 704 4049 80.
737 3986 989 4048 Vindica
1022 4006 1145 4059 eos,
1183 3986 1282 4066 qui
1311 3985 1597 4047 auxilium
1630 4003 1749 4045 non
1784 3983 2043 4065 habent;

599 4078 698 4139 81.
737 4075 821 4137 Ne
853 4088 1064 4139 contra
1099 4079 1256 4156 ipsos
1288 4073 1650 4153 diabolus,et
1681 4074 1780 4154 qui
1810 4072 1882 4134 ab
1914 4091 1985 4135 eo
2005 4083 2163 4148 sunt,

522 4165 871 4246 superbiant
903 4168 963 4228 in
999 4167 1198 4228 terris.

2327 2723 2428 2787 73.
2461 2727 2721 2805 Ὀρφανὸν
2778 2727 2922 2807 λὲγει
2968 2728 3066 2796 τὴν
3126 2729 3457 2809 ἀνθρωπίνην
3517 2729 3761 2808 βοήθειαν
3799 2727 3866 2803 μὴ

2184 2812 2223 2862 C
2247 2812 2467 2894 ἔχοντα.

2328 2904 2429 2968 74.
2464 2906 2571 2973 Τὴν
2600 2904 2906 2964 δυναστείαν
2932 2916 3024 2965 τοῦ
3054 2906 3323 2972 διαϐόλου.

2326 2995 2429 3074 75,
2461 2996 2563 3059 76.
2622 3000 2988 3067 Ζητηθῆσεται
3036 3002 3071 3066 ἡ
3132 2999 3362 3078 ἁμαρτία
3425 3003 3609 3081 αὑτοῦ,
3662 3002 3745 3057 καὶ
3789 3002 3871 3057 οὒκ

2248 3081 2321 3139 ἔτι
2351 3087 2505 3149 αὐτὸς
2541 3088 2568 3141 ὁ
2629 3082 2872 3151 διάϐολος
2930 3089 2988 3143 οὑ
3046 3088 3124 3162 μὴ
3157 3090 3340 3165 εὑρεθῇ
3375 3109 3388 3123 ·
3436 3088 3524 3145 διὰ
3563 3094 3624 3147 τὸ
3655 3088 3868 3170 παραδο-

2246 3177 2400 3241 θῆναι
2432 3177 2590 3231 αὑτὸν
2618 3183 2696 3250 τῷ
2728 3177 2924 3250 αἱωνίῳ
2952 3179 3097 3256 πυρὶ,
3130 3180 3217 3234 καὶ
3270 3176 3461 3235 λοιπὸν
3508 3177 3698 3260 Κύριος
3731 3181 3869 3256 μόνος

2245 3263 2568 3340 βασιλεύσει.

2327 3353 2425 3417 77.
2475 3352 2653 3421 ’Ἔθνη
2710 3356 2775 3411 τὰ
2836 3360 2913 3431 μή
2974 3356 3263 3432 πειθόμενα
3322 3359 3461 3432 αὕτῳ
3493 3359 3865 3437 ἀλλοτριοῧντσι

2243 3447 2341 3509 τῆς
2373 3442 2681 3524 ἐπουρανίου
2713 3446 2871 3504 αὑτοῦ
2899 3445 3197 3522 βασιλείας.

2328 3532 2426 3597 78.
2465 3535 2574 3601 Τὴν
2618 3534 2894 3601 ἐπιθυμίαν
2938 3540 3043 3591 τῶν
3090 3537 3339 3605 πενήτων
3391 3538 3654 3596 εἰσακούει
3701 3542 3729 3594 ὃ
3758 3539 3868 3601 Θεὸς

2248 3626 2334 3681 καί
2378 3622 2594 3703 Κύριος,
2631 3620 2816 3692 ἐπειδὴ
2863 3626 2930 3680 τὰ
2986 3624 3181 3705 ἀστέρα
3239 3626 3484 3706 Ιᾶρεστὰ]
3537 3629 3677 3702 αὓτῳ
3708 3628 3870 3684 ἐπιθυο

2248 3736 2403 3790 μουσι
2415 3762 2428 3777 ,

2332 3803 2429 3865 Ἶ9.
2465 3810 2581 3861 Τῶν
2611 3806 3071 3883 συντετριμμένων
3118 3808 3206 3862 καὶ
3257 3808 3732 3885 τεταπεινωμένων
3784 3806 3867 3872 τὴν

2250 3890 2466 3973 καρδίαν
2496 3892 2690 3960 ἤκουσε
2721 3899 2819 3960 τῆς
2862 3895 2994 3969 βοῆς
3023 3896 3083 3951 τὸ
3114 3895 3204 3959 οὖς
3229 3917 3344 3958 σου.

2334 3982 2432 4045 80.
2471 3983 2698 4050 Ποιῆσαι
2742 3983 2841 4049 τὴν
2874 3981 3143 4050 ἐκδίκησιν
3172 3985 3277 4042 τῶν
3305 3984 3624 4054 ἀϐοηθήτων
3648 4006 3664 4025 ο

2334 4070 2433 4134 81.
2467 4071 2595 4129 ’Ἱνα
2655 4073 2732 4146 μὴ
2790 4070 2911 4127 κατ’
2957 4074 3139 4138 αὑτοὺς
3187 4078 3214 4130 ὸ
3266 4072 3513 4141 διάϐολος
3544 4078 3634 4134 καὶ
3666 4078 3710 4132 οί
3740 4075 3874 4133 αὑτοῦ

2192 4173 2235 4223 D
2254 4161 2609 4240 τετυφωμένοι
2639 4163 2771 4217 ὦσιν
2800 4161 2885 4218 ἐπὶ
2911 4162 3007 4229 τῆς
3036 4168 3164 4241 γῆς.

601 4262 666 4317 Ἢ
700 4262 1030 4335 προκειμένη
1064 4261 1329 4339 ἐπιγραφὴ
1359 4262 1393 4327 ἡ
1425 4259 1508 4315 διὰ
1539 4265 1634 4325 τῆς
1668 4258 2022 4337 κινναϐάρεως
2081 4260 2323 4339 περιέχει
2357 4274 2369 4288 ’
2424 4257 2510 4318 Εἰς
2570 4256 2630 4311 τὸ
2686 4254 2840 4320 τέλος
2886 4255 3104 4331 ψαλμὸς
3133 4266 3210 4334 τῷ
3266 4259 3449 4335 Λαϐὶδ,
3486 4262 3758 4320 τουτέστιν
3800 4257 3872 4313 ἱπ⁹

521 4354 767 4431 ἐσχάτων
800 4359 903 4408 τῶν
936 4352 1146 4431 χρόνων
1178 4351 1390 4427 εἴρηται
1424 4353 1450 4405 ὁ
1482 4351 1695 4424 eum:
1746 4352 1818 4409 εἰς
1849 4351 1970 4411 τοὺς
2034 4350 2216 4426 ἁγίους
2270 4354 2361 4404 τοῦ
2406 4352 2562 4403 Θεοῦ.
2631 4343 2791 4401 Δαϐὶδ
2840 4347 2939 4423 γὰρ
2973 4348 3341 4425 ἑρμηνεύεται,
3375 4352 3580 4408 τούτων
3621 4350 3867 4419 ἐπόθησα,

521 4442 760 4496 τουτέστι
794 4449 899 4498 τῶν
933 4442 1097 4519 ἁγίων
1108 4490 1121 4503 ,

602 4530 856 4611 Titulus,
895 4531 996 4611 qui
1029 4530 1254 4611 psalmo
1282 4528 1668 4611 praeponitur,
1706 4525 2014 4588 cinnabari
2044 4526 2303 4607 scriptns
2347 4524 2620 4587 continet
2657 4544 2670 4586 :
2706 4521 2784 4585 1η
2811 4524 2997 4603 ﬁnem
3024 4526 3301 4605 psalmus
3330 4528 3550 4610 David,
3578 4529 3691 4592 hoc
3721 4534 3803 4589 est
3824 4526 3872 4586 in

524 4620 864 4681 novissimis
891 4620 1260 4700 temporibus
1292 4619 1555 4699 psalmus
1585 4617 1807 4679 dicitur
1836 4616 1910 4678 de
1937 4615 2158 4678 sanctis
2190 4613 2318 4677 Dei.
2348 4614 2529 4677 David
2562 4613 2721 4676 enim
2758 4613 3211 4695 interpretatur,
3235 4616 3343 4680 hos
3372 4619 3745 4693 desideravi,
3778 4615 3873 4678 hoc

524 4718 613 4772 est
645 4718 901 4772 sanctos.

596 4810 661 4863 ‘t.
698 4801 762 4863 In
803 4800 925 4862 Deo
957 4802 1211 4882 speravi,
1238 4802 1377 4882 quid
1411 4801 1723 4863 suadetis?

603 4891 663 4954 2.
692 4890 919 4952 Extolle
977 4893 1183 4953 oculos
1244 4892 1461 4953 mentis
1504 4901 1616 4952 tua:
1657 4890 1729 4951 ad
1784 4887 2069 4967 cmlestia,
2106 4896 2167 4947 et

527 4979 746 5042 nullam
786 4979 1216 5042 mundanarum
1251 4999 1451 5043 rerum
1484 4999 1683 5042 curam
1715 4996 1877 5059 gere.

605 5070 639 5131 3
669 5071 727 5131 5.
764 5070 1055 5141 Quoniam
1090 5072 1392 5134 daemones
1429 5071 1781 5151 cupiditates
1806 5076 1866 5128 et
1896 5073 2160 5128 ostenta.

525 5156 717 5220 tiones
746 5160 921 5239 hujus
947 5161 1083 5222 vitae
1114 5162 1440 5223 immittunt
1472 5163 1627 5221 inter
1650 5158 1925 5221 tenebras
1958 5154 2166 5216 mundi

522 5247 583 5307 in
622 5248 803 5309 corda
824 5249 1142 5328 justorum.

603 5337 661 5400 6.
686 5336 1155 5401 Justiﬁcationes
1179 5340 1438 5422 Domini,
1465 5359 1612 5418 quas
1633 5342 1761 5422 ipse
1795 5334 2163 5418 praeparavit,

525 5425 637 5506 ipsi
668 5426 1112 5492 subverterunt.

602 5516 663 5577 7.
696 5516 899 5579 Justus
929 5530 1124 5582 autem
1158 5522 1299 5601 quid
1332 5524 1542 5585 horum
1576 5520 1757 5583 fecit?

602 5606 660 5665 8.
691 5608 976 5673 Dominus
997 5627 1119 5673 non
1147 5617 1207 5672 in
1229 5613 1533 5693 speluncis
1553 5610 1967 5673 haereticorum
1995 5605 2165 5668 inhe-

526 5693 695 5775 Μαι,
727 5698 833 5761 sed
865 5699 927 5763 in
953 5701 1174 5785 templo
1195 5712 1402 5767 sancto
1423 5720 1557 5767 suo.

2342 4799 2395 4859 1.
2430 4797 2549 4854 Ἐπὶ
2579 4819 2656 4870 τῳ
2685 4794 2862 4877 Κυρίῳ
2894 4797 3117 4874 ἤλπισα,
3152 4802 3201 4856 τί
3230 4800 3615 4877 συμϐουλεύετε
3651 4818 3666 4876 ;

2334 4886 2390 4949 2.
2428 4885 2680 4964 ’Ἑπαρον
2710 4890 2832 4951 τοὺς
2864 4888 3165 4966 ὀφθαλμοὺς
3194 4894 3292 4956 τῆς
3340 4888 3573 4954 διανοίας
3604 4912 3697 4947 σου
3726 4890 3791 4950 εἰς
3817 4886 3871 4940 τὰ

2247 4975 2561 5054 ἐπουράνια,
2586 4977 2675 5031 καὶ
2709 4974 2973 5052 μηδεμίαν
3006 4978 3103 5057 ἔχε
3132 4977 3376 5058 φροντίδα
3405 4980 3694 5055 βιωτικήν.

2328 5065 2468 5127 3-5.
2531 5063 2664 5121 ’Ὅτι
2725 5068 2771 5122 οἱ
2859 5064 3099 5142 δαίμονες
3179 5070 3271 5131 τὰς
3331 5069 3611 5145 ἐπιθυμίας
3669 5066 3873 5124 καὶτὰς

2247 5151 2562 5224 ἀλαζονείας
2616 5153 2707 5209 τοῦ
2751 5156 2863 5230 βίου
2918 5158 3356 5233 καταπέμπουσιν
3409 5160 3479 5222 εἷς
3540 5160 3632 5224 τὰς
3685 5153 3874 5235 καρδίας

2246 5242 2354 5298 τῶν
2384 5240 2598 5296 δικαίων
2628 5244 2683 5297 ἓν
2713 5265 2788 5316 τῳ
2814 5246 2993 5301 σκότει
3024 5248 3116 5303 τοῦ
3146 5250 3371 5323 κόσμου,

2330 5330 2390 5393 6.
2425 5332 2499 5387 Τὰ
2545 5328 2883 5408 δικαιώματα
2912 5342 3003 5393 τοῦ
3033 5334 3246 5415 Κυρίου,
3275 5335 3310 5393 ἃ
3333 5338 3487 5402 αὐτὸς
3508 5335 3867 5416 κατηρτίσσιτο,

2247 5422 2393 5478 αὑτοὶ
2418 5421 2518 5476 ἀπε
2529 5421 2857 5501 στράφησαν.

2327 5511 2388 5574 7,
2424 5508 2483 5597 ’ρ
2516 5508 2570 5565 δὲ
2606 5509 2805 5577 δίκαιος
2836 5516 2885 5572 τί
2924 5526 3077 5574 τοῦτο
3109 5516 3360 5597 [τοὺ-των]
3390 5518 3639 5584 ἂπείησεν
3673 5534 3691 5590 ;

2330 5598 2390 5662 8.
2426 5596 2618 5678 Κῧςτιος
2676 5602 2772 5657 οὑκ
2836 5602 2889 5659 ἐν
2949 5605 3235 5674 σπηλαίοις
3291 5596 3565 5687 αίρκικῶν
3622 5612 3869 5676 κατοικεῖ,

2245 5686 2364 5747 ἀλλ’
2399 5688 2455 5745 ἔτ
2487 5694 2597 5763 νόῳ
2626 5690 2761 5771 ἁγίῳ
2786 5695 2962 5757 αὑτοῦ.
