4062 6216
223 357 317 424 689
1063 355 1160 416 DE
1205 355 1516 418 TlTULIS
1561 355 2050 418 PSALMORUM.
2099 389 2170 399 —
2215 351 2426 416 PSAL.
2472 355 2643 418 XIII.
3428 353 3550 420 690

279 490 332 553 Ξ.
365 491 512 556 ’Ἕως
553 495 678 548 πότε
735 489 1088 570 ἀποστρέφεις
1149 491 1208 546 τὸ
1252 489 1538 568 πρόσωπόν
1583 511 1677 547 σου
1721 487 1816 546 ἀπ’
1839 497 1878 546 Δ

1721 487 1816 546 ἀπ’
1839 497 1878 546 Α
1979 487 2036 552 2.
2073 485 2394 570 Usquequo
2415 487 2632 551 avertis
2662 485 2874 550 faciem
2901 494 3065 548 tuam
3095 505 3130 548 a
3160 494 3305 552 me?

215 581 324 656 ὶμοῦ
353 598 368 651 ;

275 637 329 732 3-.
354 637 506 734 ζ’[-Ξιιος
529 671 668 734 τίνος
697 671 932 743 θήσομαι
961 669 1162 745 βωλᾶς
1197 669 1249 726 ἐν
1284 674 1441 748 ψυχῇ
1471 691 1592 743 μου,

1984 665 2039 730 3.
2074 666 2347 740 Quandiu
2381 685 2593 748 ponam
2627 663 2876 728 consilia
2909 665 2968 724 in
3001 662 3202 725 anima
3229 683 3383 741 mea,

278 757 328 821 4.
359 758 566 822 Ὀδύνις
596 759 648 816 ἐν
679 757 864 836 καρδίᾳ
897 781 1000 832 μου
1029 757 1232 836 ὖμέρας
1264 761 1350 814 καὶ
1382 759 1570 823 νυκτός
1607 781 1622 833 ;

1985 757 2040 818 4.
2077 757 2355 818 Dolorem
2389 759 2449 818 in
2481 757 2664 818 corde
2701 773 2833 815 meo
2859 772 2966 833 per
2997 753 3156 814 diem
3182 761 3242 816 et
3273 756 3545 819 noctem?

275 848 326 912 5.
361 847 510 912 ’Ἕως
539 851 666 906 πότε
695 850 1037 924 ὑψωθήσεται
1070 851 1098 904 6
1129 847 1320 927 ἐχθρός
1349 869 1452 922 μου
1481 846 1564 903 ἐπ’
1598 847 1730 921 ἐμέ;

1947 882 1948 885 η
1980 845 2366 927 5.Usquequo
2385 844 3032 909 exaltabilurinimicus
3049 845 3551 923 meussnperme?

271 939 320 1000 6.
352 938 685 1014 Ἐπίϐλεψον,
721 937 1033 994 εἰσέκουσόν
1087 959 1212 1011 μου,
1271 937 1428 1014 Κύριε
1461 939 1488 992 ὁ
1520 937 1650 1000 Θεός
1684 957 1806 1010 μου.

1975 939 2032 996 6.
2065 935 2343 1016 Ριοερὶοθ,
2379 944 2437 997 et
2459 935 2672 999 exaudi
2707 953 2822 1005 me,
2875 931 3125 994 Domine
3159 932 3318 994 Deus
3353 953 3545 997 meus.

271 1029 316 1088 Ἰ.
350 1029 585 1086 Φώτισον
635 1028 758 1089 τοὺς
801 1025 1106 1105 ὀφθαλμοὺς
1151 1049 1276 1101 μου,
1339 1026 1552 1101 μήποτε
1583 1027 1812 1082 ὑπνώσω

1973 1027 2035 1088 7.
2071 1024 2348 1086 lllumina
2394 1027 2601 1087 oculos
2652 1041 2839 1096 meos,
2893 1040 2970 1084 ne
3019 1041 3280 1104 unquam
3316 1022 3543 1085 obdor-

203 1123 261 1185 εἰς
283 1120 516 1178 Osi-antra.

1896 1115 2074 1176 miam
2105 1117 2164 1175 in
2197 1123 2411 1176 morte.

263 1207 316 1270 8.
349 1209 564 1277 Μήποτε
595 1207 744 1263 εἴποι
776 1209 802 1262 6
834 1205 1028 1285 ἐχθρός
1057 1227 1158 1276 μου
1194 1219 1207 1234 ·
1243 1203 1486 1284 ’Ἰσχυσα
1531 1207 1664 1283 πρὸς
1709 1207 1811 1263 αὒ-

1979 1205 2015 1268 8
2073 1205 2158 1268 Ne
2189 1203 2427 1284 quando
2474 1203 2635 1266 dicat
2683 1201 2962 1264 inimicus
3015 1220 3222 1266 meus:
3257 1205 3545 1268 Prmvalui

200 1301 292 1361 τόν.

1895 1297 2178 1356 adversus
2210 1313 2374 1358 eum.

263 1385 316 1444 9.
346 1387 400 1443 Oi
427 1382 694 1450 θλίϐοντές
724 1405 792 1460 με
821 1383 1262 1463 ἀγαλλιάσονται,
1289 1383 1378 1440 ἐὰν
1412 1382 1652 1440 σαλευθῶ

1975 1385 2032 1448 9.
2061 1384 2174 1458 Qui
2195 1383 2482 1446 tribulant
2505 1403 2602 1447 me
2623 1381 3083 1461 exsultabant,si
3111 1393 3307 1446 motus
3330 1384 3498 1447 fuero
3524 1407 3536 1450 :

267 1473 350 1537 10.
381 1473 522 1551 Ἐγὼ
549 1473 606 1530 δὲ
636 1474 726 1530 ἐπὶ
743 1475 822 1546 τῷ
849 1473 988 1530 ἐλέει
1019 1495 1112 1529 σου
1139 1471 1367 1539 ἤλπισα.

1979 1477 2072 1534 10.
2105 1475 2230 1551 Ego
2259 1481 2454 1534 autem
2479 1473 2538 1534 in
2573 1472 2987 1535 misericordia
3019 1481 3117 1535 tua
3146 1476 3401 1554 speravi.

265 1564 350 1626 11.
381 1562 794 1642 Ἀγιλλιᾶσετςιι
850 1566 884 1631 ἡ
937 1561 1118 1642 καρδίᾳ
1177 1585 1280 1638 μου
1331 1562 1418 1618 ἐπὶ
1447 1568 1522 1636 τῷ
1565 1563 1814 1640 σωτηρίῳ

1711 1563 1814 1640 ιρίῳ
1977 1564 2076 1626 11.
2110 1562 2439 1626 Exsultabit
2470 1581 2576 1624 cor
2598 1580 2794 1624 meum
2820 1563 2882 1624 in
2912 1563 3158 1625 salutari
3193 1571 3315 1626 tuo.

199 1675 292 1712 σω.
3261 1677 3267 1682 “

269 1743 348 1806 12,
381 1744 542 1818 ’ᾊσω
575 1751 656 1816 τῷ
691 1743 863 1822 Κυρίῳ
891 1747 970 1814 τῷ
996 1741 1401 1819 εὖεργετήσαντί
1431 1761 1496 1814 με
1523 1757 1536 1770 ’

1983 1743 2074 1804 19.
2101 1741 2362 1804 Cantabo
2394 1740 2674 1814 Domino,
2703 1740 2803 1821 qui
2831 1741 2986 1802 bona
3019 1740 3224 1802 tribuit
3255 1741 3439 1805 mihi:

261 1833 345 1896 i3.
379 1835 470 1894 Καὶ
499 1833 664 1909 ψειλῶ
689 1838 766 1904 τῷ
798 1832 1018 1906 ὀνόματι
1041 1829 1234 1908 Κυρίου
1257 1837 1348 1885 τοῦ
1377 1831 1620 1900 ὑψίστου.

1979 1829 2076 1894 13.
2113 1829 2184 1892 Et
2215 1830 2462 1912 psallam
2497 1829 2724 1892 nomini
2755 1829 2988 1892 Domini
3023 1831 3319 1894 altissimi.

317 1925 394 1987 Εἷς
427 1927 486 1980 τὸ
517 1923 674 1984 τέλος
701 1920 917 1998 ψαλμὸς
949 1928 1024 1995 τῷ
1061 1917 1242 1982 Δαϐίδ,
1296 1925 1518 1982 ΨΑΛΜ,
1555 1917 1658 1980 ΙΓ’,
1781 1991 1784 1996 _
1835 1949 1872 1998 Β

1781 1991 1784 1996 _
1835 1949 1872 1998 Β
2031 1921 2105 1982 In
2130 1921 2311 2000 ﬁnem
2339 1919 2614 2000 psalmus
2645 1919 2854 1982 David.
2881 1920 3026 1984 PSA
3041 1919 3173 1984 LM.
3207 1918 3385 1983 XIII.

261 2017 309 2076 i.
345 2014 502 2070 Εἶπεν
535 2013 720 2092 ἄφρων
753 2011 808 2068 ἐν
835 2008 1020 2090 καρδίᾳ
1051 2012 1209 2066 αὐτοῦ
1250 2025 1262 2038 ⁶
1299 2013 1408 2068 Οὒκ
1431 2008 1540 2066 ἔστι
1573 2010 1728 2072 Θεός.

1979 2013 2032 2069 1.
2071 2010 2230 2072 Dixit
2258 2009 2560 2089 insipiens
2587 2008 2650 2069 in
2682 2009 2862 2070 corde
2894 2027 3002 2070 suo
3031 2028 3045 2072 :
3079 2012 3212 2074 Nou
3245 2019 3331 2070 est
3355 2012 3531 2073 Deus.

259 2101 308 2162 2.
343 2104 736 2182 Διεφθάρησαν,
797 2103 884 2156 καί
942 2097 1340 2178 ἑϐδελύχθησκν
1400 2099 1454 2155 ἐν
1524 2096 1810 2166 ἐπιτηδεύ-

1973 2102 2032 2162 3.
2069 2099 2342 2180 Corrupti
2373 2108 2533 2174 sunt,
2561 2107 2620 2162 et
2645 2099 3080 2162 abominabiles
3131 2099 3270 2162 facti
3303 2109 3442 2162 sunt
3473 2101 3534 2162 in

199 2213 348 2266 μασιν,

1895 2187 2110 2249 studiis
2137 2189 2283 2252 suis.

257 2281 304 2342 3.
337 2291 438 2340 Οῡιι
461 2281 574 2339 ἔστι
610 2285 784 2337 ποιῶν
815 2277 1190 2358 χρηστότητα,
1225 2279 1320 2335 οὒκ
1349 2277 1491 2334 ἔστιν
1521 2277 1622 2343 ἕως
1667 2277 1804 2340 ἑνός.

1975 2277 2158 2339 3Νοη
2191 2287 2284 2340 est
2327 2280 2426 2361 qui
2461 2279 2637 2341 faciat
2685 2277 2932 2354 bonum,
2967 2297 3088 2342 non
3117 2287 3208 2342 est
3237 2296 3424 2359 usque
3459 2280 3533 2342 ad

1895 2385 2106 2430 unum.

259 2460 306 2520 4.
339 2463 510 2532 Κύριος
559 2461 624 2517 ἒκ
688 2467 780 2516 τοῦ
833 2463 1050 2538 οὐρανοῦ
1098 2456 1344 2532 διέκοψεν
1375 2457 1459 2514 ἐπὶ
1506 2458 1628 2521 τοὺς
1671 2457 1811 2520 υἱοὺς

1975 2459 2035 2520 4.
2069 2457 2357 2521 Dominus
2399 2459 2474 2520 de
2525 2459 2675 2522 coelo
2707 2467 3010 2542 prospexit
3039 2479 3222 2543 super
3243 2465 3396 2528 ﬁlios
3419 2463 3531 2525 ho-

200 2555 278 2604 τῶν
303 2551 602 2626 ἀνθρώπων,

549 2575 602 2626 ν,
1898 2547 2153 2626 minum,

1297 2704 1704 2771 ATHANASII
1747 2704 2378 2773 INTEBPRETATIO.

257 2877 306 2931 2.
335 2871 590 2950 Βδελύσσῃ
626 2896 734 2949 μου
763 2873 860 2939 τὴν
888 2870 1092 2938 δέησιν,

1973 2870 2031 2932 9.
2066 2869 2449 2934 Abominaris
2481 2869 2888 2953 precationem
2919 2888 3140 2936 meam.

262 2963 312 3024 Ii.
341 2961 485 3026 ’Ἕως
515 2963 644 3019 τότε
676 2963 768 3020 τὰς
801 2958 993 3037 βουλὰς
1047 2965 1152 3015 τῶν
1205 2955 1470 3032 δκιμόνων
1501 2955 1720 3034 δέξομαι
1753 2957 1808 3014 ἑν

1973 2959 2028 3022 3.
2057 2957 2373 3042 Usquequo
2431 2961 2725 3042 excipiam
2804 2960 3056 3023 consilia
3105 2961 3442 3026 daemonum
3475 2965 3535 3028 in

198 3057 250 3127 τῇ
271 3057 401 3132 ψυχῇ
430 3075 530 3126 μου
563 3073 580 3132 ;

1824 3053 1864 3088 ει
1889 3050 2086 3109 anima
2111 3068 2244 3112 mea
2262 3057 2290 3114 ?
3369 3105 3377 3114 .

257 3140 310 3203 4.
339 3139 536 3199 ’oe-sm
567 3143 676 3220 γὰρ
706 3143 806 3197 εἰσι
833 3139 918 3196 διὰ
941 3139 1137 3204 παντὸς
1165 3143 1264 3205 τῆς
1292 3135 1504 3212 καρδίας
1539 3159 1660 3212 μου.

1963 3139 2024 3200 4.
2059 3137 2308 3202 Dolores
2333 3141 2492 3202 enim
2512 3139 2676 3202 omni
2699 3147 2972 3221 tempore
3017 3141 3186 3204 cordi
3214 3160 3348 3204 meo
3371 3152 3531 3208 sunt.

259 3233 307 3292 5.
337 3231 814 3290 Κιτσδυνκστεύσει
846 3252 970 3306 μου.

1967 3231 2024 3290 5.
2061 3231 2124 3289 In
2153 3247 2244 3292 me
2269 3229 2697 3293 dominabitur.

259 3320 311 3383 6,
337 3323 732 3402 Προσεσχηκὼς
755 3321 858 3388 τὴν
899 3319 1192 3398 τυραννίδα,
1225 3319 1291 3376 ἣν
1321 3319 1670 3396 τυρα-δνοῦμαι
1701 3319 1804 3372 ὑπὸ

1966 3317 2024 3380 6.
2059 3319 2458 3382 Considerans
2513 3319 2909 3400 tyrannidem,
2971 3337 3089 3401 qua
3117 3320 3425 3400 opprimor
3458 3321 3531 3384 ab

197 3416 268 3466 τοῦ
289 3410 482 3490 ἐχθροῦ.
695 3461 706 3470 .

695 3461 706 3470 .
1889 3403 2159 3470 inimico.

255 3497 306 3558 7.
331 3501 448 3565 Τοὺς
471 3499 782 3580 ὀφθαλμοὺς
810 3505 908 3564 τῆς
943 3496 1156 3576 καρδίας
1179 3518 1281 3571 μου
1311 3500 1566 3575 φώτισον,
1599 3494 1692 3550 ἵνα
1725 3517 1802 3569 μη

1975 3500 2030 3556 7.
2067 3495 2282 3560 Oculos
2306 3497 2503 3560 cordis
2535 3498 2654 3560 mei
2699 3497 2993 3578 illumina,
3029 3506 3094 3558 ut
3137 3516 3254 3560 non
3290 3515 3535 3579 perma-

199 3585 480 3662 ένιπομείνω
507 3595 576 3666 τῇ
603 3589 865 3666 ἁμαρτίᾳ.

854 3635 865 3650 ,
1895 3603 2063 3647 neam
2099 3587 2157 3647 in
2189 3596 2458 3667 peccato.

260 3675 307 3738 8.
341 3681 544 3747 Μήποτε
577 3679 734 3734 εἴποι
766 3681 794 3733 6
815 3675 1058 3741 διάϐολος
1097 3693 1110 3705 ·
1143 3674 1469 3754 Περιγέγονα
1501 3673 1684 3736 αὐτοῦ,

1972 3676 2032 3738 8.
2069 3674 2152 3738 Ne
2183 3677 2420 3757 quando
2455 3676 2902 3741 dicatdiabolus
2927 3699 2942 3741 :
2972 3675 3263 3758 Superavi
3291 3693 3449 3738 eum.

261 3765 310 3828 9.
339 3769 455 3831 Τοὺς
487 3768 752 3844 δαίμονας
783 3767 956 3845 λέγει,

1969 3767 2030 3829 9.
2071 3767 2388 3829 Daemones
2417 3765 2737 3846 signiﬁcat.

267 3856 341 3916 10.
369 3855 502 3936 Ἐγὼ
557 3858 610 3915 δὲ
671 3857 896 3930 ἤλπισα,
953 3855 1034 3912 ὅτι
1067 3857 1260 3918 σώσεις
1291 3876 1358 3928 με
1389 3855 1442 3910 ἐν
1473 3861 1549 3925 τῷ
1598 3860 1807 3931 σταυρῷ

1977 3858 2070 3916 10.
2105 3855 2224 3936 Ego
2246 3865 2442 3919 autem
2505 3856 2762 3938 speravi,
2822 3857 2980 3939 quod
3040 3854 3296 3918 salvabis
3347 3873 3444 3917 me
3474 3853 3539 3916 in

205 3964 294 4007 σω,

1889 3963 2070 4008 cruce
2109 3955 2231 4009 tua.

273 4034 350 4095 Η.
379 4035 494 4094 Ἐπὶ
525 4039 605 4094 τῶ
643 4039 751 4092 Υἱὼ
778 4059 892 4098 σου.

1975 4037 2073 4097 Η.
2106 4034 2170 4097 In
2206 4034 2352 4098 Filio
2383 4043 2506 4098 tuo.

272 4123 348 4196 12,
377 4124 585 4202 ’Ὕμνον
617 4127 928 4202 ἀναπέμψω
961 4133 1038 4183 τῶ
1091 4127 1260 4202 Rapio.)
1293 4131 1367 4180 τῶ
1407 4121 1679 4197 ἰασκμένῳ
1711 4125 1808 4192 τὴν
1831 4153 1876 4206 D

1981 4125 2074 4186 ΡΞ.
2111 4127 2406 4206 Hymnum
2453 4125 2703 4188 cantabo
2735 4125 3013 4204 Domino,
3046 4125 3147 4207 qui
3180 4124 3406 4187 sanavit
3437 4123 3537 4186 in-

211 4209 430 4270 ἆσθένειαν
457 4223 554 4284 τῆς
585 4221 780 4296 ψυχῆς
813 4239 934 4290 μου.

1893 4217 2232 4276 ﬁrmitatem
2265 4215 2480 4278 animae
2515 4235 2683 4278 mem.

271 4303 348 4365 i3.
377 4303 472 4365 Καὶ
497 4305 663 4382 ψειλῶ
692 4307 769 4361 τῶ
799 4307 1020 4381 ὀνόματι
1051 4303 1244 4385 Κυρίου
1277 4313 1365 4362 τοῦ
1394 4303 1724 4382 ἐπουρανίου,

1977 4305 2183 4365 43.-Et
2205 4305 2454 4384 psallam
2511 4305 2733 4370 nomini
2767 4305 3004 4368 Domini
3053 4304 3529 4386 supercmlestis.

269 4421 318 4480 Ἦ
345 4429 664 4504 προκειμένη
696 4427 964 4507 ἐπιγραφὴ
995 4429 1028 4495 ἡ
1059 4425 1143 4482 διὰ
1175 4432 1272 4493 τῆς
1302 4423 1658 4504 κινναϐάρεως
1688 4427 1932 4508 περιέχει
1971 4444 1982 4457 ’
2037 4431 2118 4494 Εἷς
2150 4431 2210 4484 τὸ
2238 4427 2390 4492 τέλος
2425 4428 2638 4504 ψαλμὸς
2681 4436 2756 4503 τῷ
2805 4427 2962 4485 Δαϐίδ
3000 4445 3010 4458 ’
3073 4427 3367 4508 τουτέστιν,
3401 4429 3531 4508 ὑπὲρ

207 4510 280 4578 τῆς
305 4520 568 4593 παρουσίας
591 4519 690 4573 τοῦ
719 4517 905 4592 Κυρίου
928 4521 1026 4582 τῆς
1059 4514 1143 4572 ἐπ’
1169 4516 1417 4594 ἐσχάτων
1447 4521 1555 4570 τῶν
1595 4517 1811 4590 ἡμερῶν
1845 4515 2013 4593 λέγει.
2051 4515 2210 4573 Διϐὶδ
2253 4519 2352 4596 γὰρ
2399 4518 2745 4598 ἑρμηνευετκι
2780 4517 3174 4594 πεποθημὲνος,
3212 4517 3342 4596 ὅπερ
3387 4517 3532 4574 ἐστὶν

207 4601 272 4655 καὶ
297 4607 416 4682 παρὰ
445 4611 516 4681 τῷ
561 4607 754 4664 ἐπυτοῦ
788 4610 969 4684 [Ix-cpi,
1007 4627 1092 4661 και
1120 4607 1262 4684 παρὰ
1295 4617 1412 4668 τοῖς
1442 4605 1739 4682 ἀνθρώποις
1771 4604 1944 4684 [Υίὸς]
1980 4615 2074 4662 τοῦ
2109 4615 2262 4668 Θεοῦ.
3531 4609 3536 4612 ’

267 4727 484 4808 Titulus,
513 4734 616 4814 qui
650 4733 876 4814 psalmo
911 4735 1296 4814 praeponitur,
1333 4734 1650 4796 cinnabari
1681 4735 1945 4816 scriptus
1995 4737 2260 4797 continet
2296 4758 2308 4798 :
2343 4736 2417 4797 In
2446 4737 2652 4815 ﬁnem,
2688 4736 2963 4816 psalmus
2998 4734 3190 4796 David
3223 4754 3237 4796 :
3271 4734 3384 4796 hoc
3409 4743 3522 4808 est,

204 4835 284 4896 pro
310 4821 540 4883 adventu
570 4821 812 4884 Domini
839 4823 987 4885 dicit
1020 4825 1080 4885 in
1115 4823 1452 4885 novissimis
1486 4824 1721 4886 diebus.
1760 4823 1939 4885 David
1974 4829 2130 4888 enim
2163 4826 2590 4906 interpretatur
2639 4825 3043 4904 desideratus,
3077 4823 3272 4905 qualis
3319 4831 3434 4893 est,
3469 4831 3532 4885 et

205 4907 326 4987 apud
348 4929 510 4972 suum
537 4911 803 4987 Patrem,
839 4921 900 4975 et
933 4913 1090 4994 apud
1125 4913 1428 4990 homines,
1469 4914 1574 4976 Dei
1607 4913 1814 4977 Filius.
3373 4927 3376 4930 ’

275 5069 398 5129 L'O
419 5079 654 5137 Σατανᾶς
689 5075 772 5130 καὶ
816 5077 862 5130 οἶ
917 5077 1074 5131 αὐτοῦ
1117 5079 1278 5132 εἶπαν
1324 5077 1442 5154 περὶ
1493 5082 1584 5132 τοῦ
1635 5096 1804 5131 σταυ-

1973 5077 2028 5136 1.
2064 5077 2328 5156 Satanas,
2365 5087 2422 5137 et
2455 5076 2556 5155 qui
2588 5077 2717 5154 ejus
2747 5083 2908 5153 sunt,
2955 5074 3236 5138 dixerunt
3283 5072 3358 5137 de
3387 5091 3533 5136 ονο-

214 5161 423 5233 ρωθέντος
433 5209 447 5224 .

1892 5163 2088 5226 cifixo.

275 5249 326 5310 2.
354 5251 474 5308 ’Υπὸ
529 5259 635 5308 τῶν
692 5253 862 5332 ἔργων
919 5257 1090 5311 αὐτῶν
1143 5259 1248 5312 τῶν
1297 5257 1544 5334 πονηρῶν
1575 5254 1801 5330 ἐμολύν-

1968 5252 2026 5314 2.
2061 5253 2354 5334 lmprobis
2384 5271 2588 5316 eorum
2619 5255 2792 5319 factis
2844 5255 3220 5317 contaminati
3277 5263 3441 5330 sunt,
3477 5263 3536 5316 et

213 5339 369 5412 θησαν,
398 5345 478 5398 κιῖ
501 5341 774 5420 βδελυκτοὶ
799 5344 1044 5423 ἐγένοντο
1074 5347 1214 5424 παρὰ
1258 5346 1334 5402 τῶ
1367 5349 1504 5406 Θεώ,

1470 5350 1504 5406 5.
1889 5343 2318 5404 abominabiles
2342 5343 2475 5406 facti
2505 5355 2643 5408 sunt
2673 5346 2828 5426 apud
2863 5347 3074 5409 Deum.

275 5430 325 5488 3.
355 5431 453 5487 Οὔκ
481 5432 590 5488 ἔστι
625 5439 790 5488 ποιῶν
831 5458 878 5492 τι
925 5437 1221 5515 χρήσιμον.

1970 5433 2028 5495 3.
2065 5435 2254 5496 Nemo
2286 5442 2396 5514 est,
2433 5437 2534 5515 qui
2559 5437 2703 5499 utile
2733 5433 2958 5517 aliquid
2981 5433 3181 5496 faciat.

277 5517 328 5578 4.
360 5523 526 5598 Κῦριος
553 5527 614 5579 ἒκ
659 5531 748 5580 τοῦ
778 5525 1000 5604 οὖρανοῦ
1039 5523 1252 5582 ἐπεῖδεν
1302 5523 1387 5581 ἐπὶ
1439 5527 1638 5587 πάντας
1685 5525 1806 5585 τοὺς

1973 5524 2031 5584 4.
2073 5522 2357 5585 Dominus
2386 5544 2418 5586 e
2453 5525 2602 5588 cmlo
2632 5525 2894 5607 respexit
2914 5541 3097 5604 super
3129 5541 3340 5585 omnes
3378 5521 3531 5584 ﬁlios

211 5605 326 5670 υἷέ-ις
350 5615 442 5666 τῶν
469 5611 772 5690 ἀνθρώπων.

653 5635 772 5670 πων.
1894 5611 2206 5676 hominum
2243 5633 2257 5672 :
