4062 6216
456 356 565 423 691
1252 358 1309 419 S.
1363 355 1783 420 ATHANASII
1827 357 1987 418 OPP.
2038 356 2230 419 PARS
2273 353 2379 420 III.
2432 391 2499 400 -
2552 356 3001 419 EXEGETICA.
3703 357 3821 420 692

452 582 499 646 Β
532 492 592 554 5.
628 491 706 555 Ut
740 488 956 565 videat,
986 491 1033 552 si
1084 498 1175 553 est
1218 491 1582 573 intelligens,
1631 500 1732 554 aut
1783 490 2056 573 requiren

505 601 665 645 eum.

2259 488 2316 551 5.
2355 497 2457 549 Τοῦ
2484 487 2639 563 ἰδεῖν,
2676 491 2718 545 εἰ
2759 488 2868 545 ἔστι
2902 496 3112 563 συνιῶν,
3163 490 3198 557 ἢ
3242 491 3478 563 ἐκζητῶν
3522 492 3615 548 τὸν
3659 491 3812 550 Θεόν.

505 601 665 645 eum.

533 671 591 732 6.
624 669 848 735 Omnes
897 667 1375 748 declinaverunt,
1430 671 1609 733 simul
1664 672 1903 734 inutiles
1960 670 2097 732 facti

1865 690 1903 733 es
1960 670 2097 732 facti
2260 670 2321 733 6,
2359 669 2556 732 Πάντες
2579 668 2869 747 ἒξέκλιναν,
2904 669 3014 745 ἅμα
3044 670 3421 750 ἠχρειώθησαν
3457 687 3469 701 ·

453 768 590 824 sunt
618 784 635 821 :

533 852 593 916 7.
626 847 756 913 Non
786 855 999 932 estqui
1030 848 1207 912 faciat
1251 849 1497 928 bonum,
1530 868 1648 913 non
1675 858 1764 913 est
1796 870 1988 932 usque
2024 849 2097 912 ad

2261 847 2322 910 7.
2357 849 2463 905 Οὗκ
2487 848 2599 903 ’ἐστι
2631 853 2799 904 ποιῶν
2831 848 3203 928 χρηστότητα,
3238 852 3329 907 οὒκ
3379 850 3519 907 ἔστιν
3550 852 3650 918 ἕως
3684 854 3823 918 ἑνός.

452 959 662 1003 unum.

534 1034 592 1092 8.
625 1030 836 1092 Ncnne
864 1035 1224 1107 cognoscent
1244 1034 1583 1112 omnes,qui
1620 1039 1943 1111 operantur
1974 1028 2097 1091 ini-

2261 1029 2317 1103 8,
2354 1029 2490 1107 Οὒχὶ
2532 1048 2824 1104 γνωσονται
2886 1028 3079 1092 πάντες
3112 1032 3157 1085 οἱ
3188 1030 3529 1109 ἐργαζόμενοι
3559 1030 3658 1099 τῆν
3695 1032 3831 1088 ἀνο-

454 1117 765 1199 quitatem,

723 1137 765 1199 Ι,
2181 1117 2327 1193 μίαν,

534 1206 1258 1288 9.Quidevorantplebem
1283 1227 1473 1271 meam
1498 1210 1651 1272 sicut
1679 1227 1876 1272 escam
1894 1207 2097 1289 panis9

2068 1207 2097 1254 9
2257 1205 2319 1269 9,
2353 1209 2410 1265 Οἱ
2442 1206 2698 1269 ἐσθίοντες
2730 1207 2822 1261 τὸν
2854 1205 2981 1262 λαὸν
3015 1229 3115 1282 μου
3161 1208 3215 1263 ἐν
3247 1208 3437 1285 βρώσει
3472 1207 3626 1285 ἄρτου
3658 1229 3672 1285 ς

536 1298 634 1362 10.
667 1297 985 1361 Dominum
1018 1317 1135 1359 non
1162 1299 1607 1363 invocaverunt.

2258 1296 2357 1357 10.
2392 1297 2491 1354 Τὸν
2522 1294 2716 1373 Κύριον
2747 1298 2843 1352 οὐκ
2869 1296 3263 1354 ἓπεκαλέσαντο
3299 1313 3312 1328 ⁹

537 1389 634 1451 11.
667 1385 797 1451 Illic
827 1386 1271 1469 trepidaverunt
1301 1387 1538 1465 timore,
1574 1388 1674 1451 ubi
1708 1406 1824 1449 non
1859 1396 1984 1450 erat
2017 1387 2097 1448 ti-

2017 1387 2097 1448 ιί-
2260 1385 2324 1447 Η
2345 1431 2360 1447 .
2394 1386 2548 1443 Ἐκεῖ
2579 1383 2871 1442 ἒδειλίασαν
2902 1385 3071 1463 φόϐῳ,
3106 1387 3166 1443 οὗ
3197 1389 3290 1443 οὒκ
3321 1387 3387 1455 ἦν
3411 1387 3571 1468 φόϐος
3605 1406 3616 1419 ·

459 1496 589 1539 mor
623 1498 636 1540 ε

536 1567 636 1629 ιε.
668 1568 958 1640 Quoniam
981 1566 1266 1629 Dominus
1284 1566 1345 1628 in
1364 1568 1747 1647 generatione
1763 1569 2095 1648 justorum.

1693 1569 2095 1648 Iejustorum.
2269 1566 2361 1627 12.
2400 1564 2533 1622 ”Οἰ
2564 1562 2758 1643 Κύριος
2790 1564 2842 1620 ἐν
2874 1572 3028 1642 γενεᾷ
3055 1563 3297 1645 δικαίων,

544 1656 637 1717 13.
672 1656 996 1720 Consilium
1023 1656 1217 1739 inopis
1242 1656 1594 1718 confudistis
1620 1677 1635 1734 ;

2266 1654 2364 1717 13-
2400 1653 2602 1721 Βουλῆν
2637 1662 2862 1734 πτωχοῦ
2891 1657 3266 1735 κατῃσχύνατε
3307 1678 3318 1692 ·

540 1748 636 1809 14.
671 1748 747 1808 At
768 1747 1057 1809 Dominus
1082 1765 1219 1827 spes
1244 1746 1371 1826 ejus
1401 1756 1510 1809 est.

2263 1745 2361 1806 14.
2396 1746 2455 1804 ’0
2485 1744 2540 1801 δὲ
2570 1742 2762 1820 Κύριος
2797 1744 2943 1809 ἐλπὶς
2966 1745 3124 1803 αὒτοῦ
3148 1749 3282 1805 ἔστι.

542 1840 635 1897 15.
675 1833 819 1909 Quis
850 1833 1010 1897 dabit
1041 1853 1110 1897 ex
1134 1834 1276 1898 Sion
1309 1834 1567 1898 salutare
1587 1835 1768 1898 Israel
1792 1844 1819 1899 ?
2122 1851 2146 1899 Ε

2144 1852 2157 1897 ι
2264 1835 2354 1895 15.
2393 1838 2481 1900 Τίς
2513 1835 2667 1892 δώσει
2701 1836 2760 1891 ἐκ
2793 1838 2929 1892 Σιὼν
2960 1837 3020 1891 τὸ
3050 1838 3310 1914 σωτήριον
3345 1846 3433 1894 τοῦ
3475 1836 3690 1917 Ἰσραήλ
3730 1863 3748 1911 ς

546 1927 641 1989 16.
666 1925 812 1989 Cum
835 1927 1118 1987 averterit
1146 1926 1436 2009 Dominus
1476 1925 1873 2006 captivitatem
1910 1923 2107 2007 plebis

2270 1926 2365 1989 16.
2403 1924 2489 1985 Ἐν
2516 1926 2592 1983 τῶ
2621 1926 2940 2001 ἐπιστρέψαι
2978 1925 3169 2005 Κύριον
3199 1928 3296 1993 τὴν
3329 1928 3710 2008 αἰχμαλωσίαν
3741 1941 3840 1989 τοῦ

460 2034 609 2092 sum,

2189 2016 2318 2072 λαοῦ
2350 2020 2526 2087 αὐτοῦ,

545 2104 643 2168 17.
678 2103 1011 2168 Exsultabit
1037 2103 1241 2180 Jacob,
1278 2112 1337 2166 et
1376 2100 1899 2167 laetabiturlsrael.

2273 2109 2368 2164 17.
2433 2102 2844 2182 Ἀγαλλιάσεται
2936 2104 3150 2187 Ἰακὼϐ,
3242 2109 3327 2163 καὶ
3416 2111 3840 2186 εὐφρανθήσεται

2192 2194 2431 2270 Ἰσραήλ,

608 2289 682 2351 In
702 2288 883 2366 ﬁnem
910 2290 1186 2368 psalmus
1219 2287 1437 2351 David.
1475 2287 1762 2351 PSALM.
1798 2285 1953 2349 XIV.

2346 2286 2430 2348 Εἰς
2458 2286 2518 2340 τὸ
2548 2282 2697 2348 τέλος
2733 2284 2943 2359 ψαλμὸς
2988 2286 3065 2342 τῶ
3101 2285 3280 2349 Δαϐίδ,
3309 2294 3533 2349 ΨΛΛΜ.
3569 2289 3680 2349 ΙΔ’.

544 2387 598 2442 1.
621 2377 893 2455 Domine,
928 2382 1061 2459 quis
1099 2376 1388 2440 habitabit
1445 2380 1508 2439 in
1538 2375 1928 2438 tabernaculo
1954 2375 2102 2437 tuo?

2272 2373 2325 2435 1.
2356 2370 2541 2451 Κύριε,
2572 2375 2643 2437 τίς
2677 2376 2992 2453 παροιχήσει
3028 2375 3081 2432 ἐν
3114 2399 3190 2450 τῳ
3220 2377 3535 2453 σκηνώματι
3568 2399 3663 2433 σου
3691 2397 3706 2456 ;

1611 2641 2017 2708 ATHANASII
2066 2638 2686 2706 INTERPRETATIO.

543 2918 603 2981 5.
639 2915 750 2989 Qui
775 2915 1178 2977 menteDeum
1208 2912 1833 2993 concipiat,illumque
1857 2917 2147 2995 qumrat.(

2023 2917 2103 2973 at.
2124 2918 2166 2969 C
2270 2910 2331 2972 5.
2364 2911 2525 2969 ’Ἃνω
2556 2910 2741 2969 λαϐεῖν
2772 2915 2862 2969 τὸν
2900 2916 3050 2987 Θεὸν,
3087 2918 3173 2970 καὶ
3202 2923 3385 2985 ζητεῖν
3418 2924 3623 2973 τοῦτον.

542 3009 603 3070 6.
628 3003 857 3068 Omnes.
873 3010 1281 3082 recesserunt,
1315 3003 1488 3065 simul
1512 3003 1754 3066 inutiles
1774 3004 1911 3065 facti
1940 3009 2100 3077 sunt,

2066 3009 2100 3077 ι,
2267 3001 2328 3063 6.
2362 3002 2561 3065 Πάντες
2588 3002 2918 3082 ἀπέστησαν,
2954 3004 3065 3077 ἅμα
3089 3004 3352 3084 ἄχρηστοι
3384 3006 3670 3081 ἐγένοντο.ῗ

542 3098 604 3158 7.
640 3096 773 3158 Νοιι
804 3101 893 3156 est
930 3092 1159 3155 faciens
1192 3090 1441 3173 bonum,
1466 3112 1585 3156 non
1619 3101 1708 3155 est
1737 3112 1932 3175 neque
1954 3110 2106 3153 unus

2268 3092 2327 3154 7.
2366 3094 2473 3149 Οὔκ
2503 3090 2611 3148 ἔστι
2644 3093 2812 3150 ποιῶν
2841 3094 3057 3172 ἀγαθὸν,
3109 3096 3202 3149 οὒκ
3254 3093 3391 3151 ἔστιν
3421 3092 3522 3160 ἕως
3568 3095 3681 3161 ἐνὸς
3728 3098 3844 3152 τῶν

464 3206 698 3262 eorum,
726 3186 829 3269 qui
857 3205 891 3247 a
919 3188 1043 3250 Deo
1072 3184 1383 3248 deﬁciunt.

2188 3184 2629 3243 ἀποστατοὺντων
2660 3184 2765 3239 ὰπὸ
2794 3192 2886 3241 τοῦ
2917 3192 3069 3243 Θεοῦ.

544 3280 603 3343 8.
636 3276 1021 3355 Iniquitatem
1048 3282 1365 3356 operantes
1411 3294 1528 3338 non
1586 3285 1949 3355 cognoscent
1982 3275 2102 3339 Do-

2268 3272 2328 3335 8.
2365 3276 2423 3329 Οἱ
2476 3274 2817 3353 ἐργαζόμενοι
2866 3273 2964 3342 τὴν
3018 3274 3239 3350 ἀνομίαν
3289 3278 3347 3331 οὓ
3397 3275 3689 3353 γνώσονται
3745 3279 3844 3332 τὸν

463 3369 722 3432 minum.

2194 3361 2407 3441 Κὸριον.

542 3460 603 3522 9.
638 3456 1061 3539 Opprimentes
1085 3456 1343 3536 justum.

2274 3450 2335 3514 9.
2372 3455 2430 3509 Οἱ
2462 3450 3002 3516 καταδυναστευοντες
3034 3455 3126 3510 τὸν
3169 3451 3390 3515 δίκαιον,

547 3548 641 3611 10.
676 3548 808 3611 Non
829 3564 966 3609 eum
1004 3553 1331 3627 posuerunt
1363 3542 1478 3607 sibi
1502 3542 1860 3625 adjutorem.

1546 3542 1860 3625 djutorem.
2280 3540 2373 3605 10.
2411 3543 2518 3599 Οὔκ
2548 3541 2723 3599 ἔθεντο
2746 3544 2902 3599 αὐτὸν
2934 3544 3150 3616 βοηθόν,

547 3640 642 3701 ll.
670 3636 755 3699 De
787 3635 1009 3698 mundo
1040 3633 1330 3716 loquitur.

2279 3632 2341 3692 Η
2364 3680 2377 3694 .
2421 3632 2507 3695 Εἰς
2538 3634 2626 3687 τὸν
2659 3632 2858 3707 κόσμον
2888 3632 3052 3709 λέγει,

555 3728 645 3792 l2.
678 3728 745 3788 In
772 3724 967 3789 medio
997 3724 1262 3804 ipsorum
1291 3724 1652 3798 inambulat,
1683 3732 1740 3786 et
1792 3723 2105 3787 inhabitat.

2049 3732 2105 3787 ιι.
2275 3721 2373 3783 12.
2410 3722 2497 3778 Ἐν
2523 3731 2671 3797 μεσῳ
2701 3723 2869 3778 αυτῶν
2901 3722 3276 3803 ἐμπεριπατεῐ,
3312 3745 3397 3779 και
3432 3742 3653 3781 ενοικεῒ.

550 3818 645 3881 13.
678 3817 811 3880 Νοη
832 3814 1148 3896 accepistis
1163 3814 1462 3895 justorum
1492 3815 1845 3876 doctrinam.

2407 3812 2516 3878 Τὴν
2545 3810 2771 3890 διδαχὴν
2797 3813 2902 3866 τῶν
2932 3809 3147 3868 δικαίων
3170 3816 3267 3870 οὒκ
3288 3811 3546 3877 ἐδέξασθε,

550 3910 647 3972 14.
677 3905 939 3969 ΔΕῐθιδηω
965 3902 1407 3965 retributionis.

2278 3901 2370 3962 14.
2402 3906 2508 3969 Τῆς
2536 3903 2745 3958 αἰωνίοδ
2777 3900 3182 3975 μισθαποδοσίας

549 3996 647 4059 15.
676 3993 797 4056 Nisi
828 3994 957 4074 ipse
1008 4010 1117 4074 per
1174 4010 1238 4054 se
1270 3993 1467 4071 ipsum
1519 3994 1807 4071 largietur
1856 3994 2107 4057 salutem

2278 3991 2373 4051 15.
2412 3991 2477 4053 Εἰ
2507 3993 2582 4065 μὴ
2616 3993 2773 4055 αὐτὸς
2804 3989 2872 4046 δι’
2905 3993 3091 4047 ἑαυτοῦ
3130 3992 3408 4070 χαρίσεται
3439 3995 3537 4058 την
3568 4002 3844 4067 σωτηρίαν

470 4085 748 4151 omnibus
770 4084 829 4145 in
855 4100 994 4143 eum
1027 4081 1421 4144 credentibus
1458 4100 1472 4145 :
1507 4084 1693 4145 Israel
1728 4084 1887 4145 enim
1920 4084 2074 4146 inter

2239 4094 2313 4141 at:
2345 4083 2419 4146 εἰς
2452 4083 2607 4139 αὒτὸν
2662 4082 3017 4142 πιστεὺουσιν,
3076 4078 3290 4159 Ἰσραὴλ
3333 4082 3433 4159 γὰρ
3486 4082 3843 4158 ἐρμηνεὺεται

468 4184 735 4259 pretatur
764 4174 862 4236 vir
885 4172 1098 4235 eidem
1128 4171 1339 4246 Deum,

1077 4189 1098 4233 Ι
1128 4171 1339 4246 Deum,
2197 4172 2330 4249 ἀνὴρ
2362 4173 2495 4259 ὁρέν
2529 4171 2681 4228 Θεό».

549 4266 648 4328 16.
682 4266 747 4325 In
778 4279 981 4336 cruce,
1012 4259 1181 4322 dicit.

2284 4261 2378 4321 16,
2416 4257 2507 4320 Ἐν
2541 4263 2615 4315 τῶ
2647 4262 2875 4337 σταυρῶ,
2906 4260 3071 4339 λέγει,

550 4357 649 4420 17.
682 4351 976 4433 Populum
1009 4349 1173 4423 dicit,
1212 4350 1311 4431 qui
1372 4369 1444 4414 ex
1493 4350 1725 4414 Judaeis
1754 4360 1811 4412 et
1842 4350 2154 4431 gentibus!

2282 4350 2380 4411 17.
2406 4354 2507 4407 Τὸν
2571 4353 2697 4406 λαὸν
2748 4348 2799 4414 ἐξ
2860 4349 3145 4429 Ἰουδαίων,
3183 4351 3269 4405 καὶ
3300 4349 3351 4414 ἐξ
3385 4349 3544 4406 town.
3576 4350 3848 4423 μέλλοντα

462 4444 803 4509 crediturus
828 4449 918 4503 est
953 4461 965 4503 :
1001 4439 1181 4502 Jacob
1235 4440 1393 4501 enim
1454 4440 1886 4520 supplantator
1918 4440 2066 4501 inter

2244 4442 2471 4497 ιστεὺειν
2530 4438 2697 4516 λέγει.
2747 4438 2939 4497 Ἰακὼϐ
2996 4441 3094 4517 γὰρ
3159 4441 3474 4517 πτερνιστὴς
3543 4441 3847 4517 ἑρμηνεὺς.-

461 4543 749 4617 pretatur,
788 4531 994 4611 quales
1025 4536 1196 4592 erant
1224 4529 1416 4593 Judaai
1453 4553 1465 4589 :
1502 4529 1683 4592 Israel
1712 4538 1908 4591 autem
1961 4549 2065 4608 gen

2243 4553 2306 4609 ιι,
2353 4531 2481 4608 ὅπερ
2524 4530 2659 4596 ἦσαν
2685 4531 2730 4584 οἱ
2762 4527 3034 4603 Ἰουδαῖοι,
3082 4532 3129 4585 οἱ
3161 4526 3375 4608 Ἰσραὴλ
3425 4530 3565 4606 δεῖξαί
3620 4530 3847 4607 Ἰσραὴλ

465 4633 548 4689 tes
571 4622 890 4705 signiﬁcat.

2197 4618 2251 4675 δὲ
2294 4620 2387 4700 τὰ]
2420 4618 2541 4686 ἔθνη
2552 4665 2564 4681 ,

546 4787 609 4844 Ἥ
662 4784 979 4864 προκειμένη
1013 4781 1280 4860 ἐπιγραφὴ
1315 4781 1558 4860 περιέχει
1593 4796 1605 4810 ’
1676 4784 1756 4847 Εἷς
1808 4783 1865 4837 τὸ
1920 4782 2072 4845 τέλος
2126 4781 2341 4857 ψαλμδς
2384 4789 2461 4855 τῷ
2525 4778 2700 4837 Δαϐίδ.
2767 4788 2931 4837 Τοῦτο
2980 4779 3069 4836 οὖν
3120 4779 3393 4855 σημαίνει,
3454 4778 3847 4857 ὅπερίιῗρηται

464 4879 537 4941 εἷς
570 4877 691 4940 τοὺς
727 4872 1059 4949 σωζομένους
1093 4870 1276 4947 ἁγίους
1306 4870 1357 4927 ἒν
1410 4876 1476 4947 τῇ
1520 4870 1791 4943 συντελείᾳ
1852 4873 1942 4926 τοῦ
2005 4874 2217 4933 αἰῶνος,
2285 4870 2441 4927 Δαιῗὶδ
2498 4872 2597 4949 γὰρ
2656 4871 3002 4949 ἑρμηνεύεται
3050 4872 3444 4941 πεποθημενος,
3493 4868 3761 4926 τουτέστιν
3817 4874 3848 4926 ὁ

462 4974 627 5055 χορὸς
657 4974 764 5028 τῶν
796 4968 984 5047 ἁγίων,
1015 4966 1073 5021 ὃν
1105 4966 1131 5021 ὁ
1169 4965 1357 5043 Κύριος
1408 4966 1643 5035 ποθήσας
1672 4968 1746 5029 εἷς
1780 4963 1932 5027 τέλος
1986 4966 2270 5044 ἠγάπησεν
2322 4967 2532 5046 αὐτοὺς²
2566 4967 2653 5022 καὶ
2685 4964 2987 5044 παρέδωκεν
3020 4963 3176 5021 αὺτὸν
3208 4965 3279 5022 εἰς
3327 4964 3549 5020 θάνατον
3582 4964 3714 5041 ὕπερ
3745 4974 3851 5021 τοὺ

463 5066 839 5143 πεποθημένου
868 5070 1035 5142 χοροῦ
1059 5060 1165 5116 τῶν
1195 5059 1383 5138 ἁγίων,

542 5186 796 5259 Titulus,
830 5182 933 5264 qui
970 5180 1201 5262 psalmo
1230 5180 1622 5261 praeponitur.
1660 5181 1925 5243 continet
1960 5199 1973 5243 :
2027 5183 2093 5244 in.
2145 5185 2320 5252 ﬁnem
2366 5180 2639 5262 psalmus
2685 5180 2905 5243 David.
2955 5179 3075 5241 Hoc
3102 5188 3301 5242 autem
3330 5179 3642 5259 signiﬁcat,
3670 5179 3843 5259 quod

461 5282 655 5345 dictus
683 5286 773 5342 est
803 5277 879 5339 de
910 5274 1270 5353 sanctis,qui
1302 5273 1447 5334 salvi
1474 5274 1628 5335 [lunt
1663 5275 1722 5337 in
1758 5266 2271 5339 consummatione
2292 5275 2519 5339 seaculi.
2554 5274 2734 5337 David
2760 5281 2919 5337 enim
2945 5273 3373 5355 interpretatur
3401 5274 3795 5336 desideratus
3830 5297 3843 5331 :

459 5377 575 5440 hoc
602 5383 694 5438 est
717 5375 937 5434 chorus
969 5377 1338 5440 sanctorum,
1364 5387 1544 5449 quem
1579 5369 1867 5431 Dominus
1900 5370 2249 5433 desiderans
2283 5388 2469 5451 usque
2499 5369 2560 5430 in
2594 5369 2771 5431 ﬁnem
2804 5368 3037 5443 dilexit,
3072 5377 3130 5430 et
3161 5367 3409 5431 tradidit
3440 5369 3607 5428 morti
3642 5386 3707 5429 se
3740 5375 3843 5447 ip-

459 5488 595 5535 sum
631 5487 741 5550 pro
771 5466 1110 5529 desiderato
1140 5471 1494 5525 sanctorum
1525 5464 1735 5527 choro.

545 5718 600 5777 1.
631 5710 698 5775 In
720 5708 953 5773 civitate
980 5713 1078 5770 tua
1109 5711 1338 5777 sancta.

2284 5708 2335 5767 1.
2373 5706 2471 5772 Ἐν
2497 5710 2563 5784 τῇ
2588 5706 2740 5764 πόλει
2776 5728 2869 5764 σου
2896 5712 2964 5783 τῇ
3002 5705 3146 5784 ἁγία,
