4062 6216
266 361 392 428 693
1187 358 1284 421 DE
1329 357 1641 420 TITULIS
1681 356 2171 420 PSALMORUM.
2230 386 2295 396 —-
2342 353 2551 416 PSAL.
2600 350 2728 413 XV.
3522 345 3639 412 694

354 499 414 561 2.
449 497 534 556 ’Ἦ
555 497 633 561 τίς
663 495 1069 562 κατασκηνώσει
1101 493 1156 547 ὲν
1185 491 1294 571 ὅραι
1325 493 1459 570 ἁγίῳ
1491 513 1586 548 σου
1621 511 1638 568 ;
1941 500 1958 545 1

1958 500 1979 545 ι
2083 487 2143 548 ‘3.
2177 488 2296 549 Aut
2326 485 2458 567 quis
2485 484 2828 566 requiescet
2855 481 2916 544 in
2951 488 3152 571 monte
3181 489 3383 541 sancto
3411 488 3511 542 tuo
3534 488 3562 544 ?

354 587 414 652 3.
449 586 840 666 Hopeudpsvoc,
875 584 1124 659 ἄμωμος,
1159 569 1247 639 καὶ
1298 581 1649 660 ἐργαζόμενος
1707 580 1914 639 δικαιο-

2078 575 2140 638 2.
2205 574 2317 647 Qui
2371 573 2705 653 ingreditur
2758 571 2890 633 sine
2940 569 3194 641 macula,
3262 577 3319 630 et
3367 579 3645 651 operatur

264 679 456 745 σύνην.

825 663 834 666 ⁷
1993 663 2278 744 justitiam
2306 686 2320 725 :

351 767 413 832 4.
447 767 635 825 Δαλῶν
667 765 921 835 ἀλήθειαν
952 762 1008 820 iv
1039 760 1222 838 καρδίᾳ
1257 761 1434 822 αὐτοῦ.

2081 757 2139 818 4.
2176 755 2292 829 Qui
2321 753 2583 834 loquitur
2616 751 2925 814 veritatem
2959 748 3023 810 in
3055 748 3236 811 corde
3265 767 3411 812 suo:

348 857 410 918 5.
445 855 486 880 ”
529 867 598 922 Ος
630 857 727 912 οὐκ
759 852 1020 910 ἒδόλωσεν
1051 851 1105 908 ἐν
1134 849 1354 928 γλώσσῃ
1381 850 1564 923 αὐτοῦ,

2082 846 2140 904 5.
2168 846 2279 918 Qui
2309 863 2429 906 non
2457 843 2573 922 egit
2605 841 2808 903 dolum
2842 846 2902 901 in
2933 838 3133 919 lingua
3161 857 3302 901 sua:

349 946 412 1009 6.
447 943 578 1004 οὐδὲ
611 944 828 1010 ἐποίησε
853 947 928 1016 τῷ
957 940 1186 1007 πλησίον
1218 942 1373 997 αὐτοῦ
1402 940 1592 996 κακόν*

2082 936 2141 998 6.
2172 934 2296 998 Nec
2328 933 2467 996 fecit
2499 932 2768 1012 proximo
2799 949 2904 992 suo
2942 929 3197 991 malum:

355 1035 412 1097 Ἰ.
445 1037 545 1093 Καὶ
597 1031 898 1106 ὀνειδισμὸν
967 1034 1064 1090 οὒκ
1124 1026 1310 1085 ἔλαϐεν
1370 1028 1455 1085 ἐπὶ
1521 1031 1644 1094 τοὺς
1698 1030 1917 1109 ἔγγιστα

2088 1025 2148 1089 Ἰ.
2184 1024 2255 1086 Ει
2293 1022 2682 1105 opprobrium
2717 1040 2834 1082 non
2892 1019 3122 1100 accepit
3167 1018 3454 1080 adversus
3505 1037 3647 1101 pro-

259 1126 450 1187 αὐτοῦ.

2001 1134 2194 1178 ιιῑῐιοε
2222 1132 2385 1190 suos,

347 1215 411 1278 8.
447 1211 827 1279 ἐξουδένωται
856 1211 1084 1268 ἐνώπιον
1110 1215 1268 1270 αὐτοῦ
1299 1212 1750 1290 πονηρευόμενος⁶

2079 1206 2136 1266 8.
2173 1205 2266 1267 Ad
2301 1203 2550 1265 nihilum
2584 1201 2878 1263 deductus
2923 1208 3014 1261 est
3043 1200 3104 1260 in
3138 1207 3460 1279 conspectu
3514 1201 3645 1280 ejus

2004 1293 2300 1374 malignus
2330 1315 2341 1352 :

348 1395 414 1454 9.
448 1395 580 1456 Τοὺς
611 1392 665 1447 δὲ
710 1387 1067 1470 φοϐουμένους
1114 1391 1203 1445 τὸν
1238 1391 1424 1468 Κύριον
1456 1388 1678 1461 δοξάζει,

2084 1384 2140 1445 9.
2177 1384 2480 1445 Timentes
2513 1389 2710 1442 autem
2738 1379 3057 1444 Dominum
3087 1378 3399 1470 gloriﬁcat.

364 1483 456 1546 l0.
497 1483 555 1539 Ὀ
587 1483 795 1556 ὀμνύων
840 1487 917 1554 τῷ
973 1480 1200 1546 πλησίον
1243 1479 1424 1560 αὐτοῦ,
1456 1481 1544 1537 καὶ
1571 1483 1667 1538 οὐκ
1697 1479 1915 1535 ἀθετῶν

2087 1474 2186 1536 10.
2221 1473 2331 1544 Qui
2357 1481 2519 1550 jurat
2549 1477 2819 1552 proximo
2850 1489 2980 1545 suo,
3015 1477 3073 1531 et
3103 1487 3220 1560 non
3254 1468 3476 1560 decipit
3511 1491 3522 1532 :

360 1572 460 1634 11.
506 1573 575 1630 Τὸ
607 1571 850 1648 ἀργύριον
884 1569 1042 1628 αὐτοῦ
1075 1573 1170 1627 οὐκ
1201 1567 1391 1625 ἔδωκεν
1437 1569 1520 1626 ἐπὶ
1554 1569 1718 1642 τόκῳ·

2089 1567 2188 1625 ll.
2223 1562 2336 1636 Qui
2369 1567 2679 1642 pecuniam
2707 1578 2874 1622 suam
2909 1577 3028 1620 non
3060 1557 3225 1620 dedit
3253 1558 3326 1619 ad
3358 1577 3598 1621 usuram
3629 1581 3643 1622 :

357 1661 460 1723 12.
500 1662 596 1718 Καὶ
625 1657 764 1736 δῶρα
815 1658 900 1714 ἐπ’
933 1659 1123 1722 ἀθώοις
1155 1662 1248 1718 οὐκ
1292 1656 1502 1720 ἔλαϐεν.

2092 1653 2188 1716 12.
2223 1654 2298 1715 Et
2329 1670 2576 1713 munera
2607 1669 2789 1731 super
2819 1651 3170 1710 innocentes
3221 1668 3339 1710 non
3396 1651 3644 1731 accepit.

365 1749 459 1814 13.
487 1750 546 1808 Ὀ
582 1755 754 1806 ποιῶν
785 1755 951 1804 ταῦτα
983 1752 1042 1806 οὐ
1069 1747 1449 1817 σαλευθήσεται
1482 1750 1555 1813 εἷς
1609 1748 1698 1804 τόν
1733 1749 1898 1804 αἰῶνα

2095 1743 2190 1807 13.
2217 1742 2328 1814 Qui
2361 1741 2495 1803 facit
2539 1742 2687 1814 haec,
2724 1759 2842 1801 non
2872 1739 3211 1800 movebitur
3239 1740 3299 1799 in
3332 1749 3642 1802 aeternum.

515 1837 918 1918 ’Στηλογραφία
963 1844 1040 1910 τῷ
1094 1835 1276 1898 Δαϐίδ.
1309 1844 1533 1910 ΨΑΔΜ,
1567 1837 1681 1899 ΙΕ¹.
1951 1867 1986 1914 Β
2093 1837 2119 1897 Ἰ

1960 1867 1986 1914 Β
2093 1835 2282 1899 Tituli
2338 1836 2677 1914 inscriptio,
2710 1835 2826 1912 ipsi
2856 1832 3074 1893 David.
3101 1831 3248 1894 PSA
3263 1833 3392 1897 LM.
3427 1833 3492 1895 Χ
3507 1836 3564 1895 ν.

368 1933 422 1992 1,
452 1927 695 1993 Φύλαξόν
729 1949 819 2002 με.
859 1927 1036 2004 Κύριε⁶
1073 1925 1152 1982 ὅτι
1193 1927 1278 1982 ἐπὶ
1309 1929 1390 1984 σοὶ
1419 1926 1640 1994 ἤλπίσα.

2095 1931 2152 1990 1.
2189 1931 2482 1990 Conserva
2502 1924 3186 2006 me,Domine;quoniam
3208 1928 3445 2005 speravi
3472 1928 3531 1989 in
3563 1936 3643 1990 te.

356 2021 398 2082 ‘2
455 2021 603 2076 Εἶπα
635 2025 712 2090 τῷ
759 2017 950 2094 Κυρίῳ·
1000 2017 1187 2093 Κύριός
1219 2039 1320 2090 μου
1355 2017 1410 2074 εἴ
1442 2018 1526 2096 σὺ,

2091 2019 2151 2082 2.
2181 2016 2311 2079 Dixi
2344 2018 2629 2080 Domino:
2665 2014 2823 2076 Deus
2860 2032 3029 2074 meus
3061 2031 3126 2076 es
3159 2024 3242 2089 tu,

350 2111 413 2174 3.
441 2109 578 2167 ’Ὅτι
607 2115 712 2164 τὼν
734 2107 946 2184 ἀγαθῶν
977 2128 1078 2182 μου
1106 2106 1166 2162 οὒ
1202 2106 1388 2186 χρείαν
1419 2105 1591 2188 ἔχεις.

2083 2108 2140 2172 3.
2176 2108 2466 2180 Quoniam
2497 2104 2786 2166 bonorum
2823 2121 3089 2166 meorum
3125 2123 3241 2166 non
3275 2123 3437 2186 eges.

351 2204 413 2260 4.
460 2209 590 2262 Τοῖς
622 2199 791 2275 ἁγίοις
847 2200 964 2259 τοῖς
995 2197 1050 2251 ’sv
1080 2202 1147 2272 τῇ
1181 2202 1252 2275 γῇ
1295 2198 1472 2254 αὐτοῦ’
1508 2195 1915 2272 ἐθανμάἰστωσεν

2081 2203 2140 2258 4.
2178 2195 2431 2270 Sanctis,
2465 2197 2563 2276 qui
2597 2201 2738 2257 sunt
2793 2193 2855 2254 in
2912 2203 3071 2256 terra
3125 2195 3279 2276 ejus,
3311 2195 3648 2260 miriﬁcavit

262 2296 292 2349 ὁ
344 2291 558 2364 Κύριος.

2001 2287 2312 2362 Dominus,

346 2380 411 2444 5.
447 2380 626 2437 Πάντα
654 2378 722 2434 τὰ
749 2374 1026 2452 θελήματα
1070 2377 1227 2436 αὐτοῦ
1256 2376 1311 2433 ἐν
1341 2378 1546 2438 αὐτοῖς.

2080 2379 2134 2441 5.
2172 2375 2398 2439 Omnes
2429 2374 2765 2438 voluntates
2795 2393 2936 2437 suas
2959 2375 3018 2437 in
3048 2376 3158 2438 eis.

1409 2595 1823 2664 ATHANASII
1867 2593 2504 2662 INTEBPRETATIO.

351 2846 412 2908 2.
445 2845 536 2904 Ἐν
568 2850 637 2919 τῇ
666 2842 779 2899 ἅνω
817 2842 1189 2924 Ἰερουσαλήμ,

2084 2841 2144 2903 2.
2179 2843 2244 2904 In
2277 2855 2536 2920 superna
2576 2839 2931 2903 Jerusalem.

351 2936 413 2998 3.
451 2936 812 3012 Πορευόμενος
865 2934 920 2991 ἐν
963 2935 1161 3008 πίστει,
1195 2934 1282 2990 καὶ
1313 2931 1662 3012 ἐργαζόμενος
1707 2933 1914 2989 δικαιο-

2080 2932 2138 2994 3.
2174 2929 2516 2992 Procedens
2545 2930 2605 2991 in
2640 2929 2782 3006 ﬁde,
2819 2938 2877 2992 et
2906 2948 3166 3012 operans
3189 2929 3479 3011 justitiam
3508 2949 3521 2993 :

263 3028 423 3091 σύνη.

351 3115 412 3178 4,
444 3113 835 3192 Ἀνυποκρίτως
869 3111 1033 3178 οὕτως
1044 3157 1058 3172 .

2082 3113 2142 3175 4.
2178 3109 2260 3173 Ita
2310 3109 2441 3171 sine
2467 3108 2871 3172 simulatione.

348 3205 413 3267 5.
442 3204 506 3262 Ὀ
537 3205 668 3281 πρὸς
705 3203 904 3267 πάντας
935 3203 1236 3281 ἀνθρώπους
1294 3200 1508 3280 ἀγάπην
1537 3201 1705 3282 ἔχων.
1932 3222 1952 3271 ί

1959 3223 1972 3269 :
2079 3205 2138 3262 5.
2173 3197 2326 3280 Erga
2356 3217 2565 3261 omnes
2597 3199 2871 3262 homines
2921 3199 3148 3262 habens
3182 3199 3563 3282 charitatem,

350 3294 411 3356 6,
447 3293 555 3349 Οὔκ
586 3292 760 3371 ἐχάρη
809 3297 989 3355 κακῶς
1048 3291 1376 3371 πασχόντων
1427 3290 1534 3346 τῶν
1563 3290 1770 3369 ἒχθρῶν
1829 3291 1916 3346 αὒ-

2084 3291 2143 3355 6.
2178 3288 2309 3352 Non
2336 3289 2568 3368 gavisus
2599 3297 2688 3352 est
2723 3288 2892 3350 malis
2921 3306 3166 3350 suorum
3227 3287 3641 3368 inimicorum,

263 3409 389 3444 του.

347 3473 406 3534 ’7.
445 3471 577 3529 Οὔτε
611 3468 879 3526 ὠνείδισεν
922 3470 1110 3535 αὖτοὺς
1143 3468 1224 3549 ἐφ’
1256 3475 1342 3534 οἷς
1373 3470 1632 3550 ἥμαρτον.

2081 3471 2141 3532 7.
2176 3468 2382 3550 Neque
2408 3466 2789 3547 opprobravit
2830 3467 2915 3528 eis
2947 3485 3077 3546 quae
3109 3475 3523 3546 peccaverunt.

347 3565 412 3625 8.
447 3561 859 3635 Ἀνθιστάμενος
892 3567 969 3634 τῷ
1014 3568 1151 3633 Θεῳ,
1185 3558 1351 3636 λέγει,

1185 3558 1351 3636 λέγει.
2081 3560 2139 3622 8.
2176 3561 2300 3623 Deo
2331 3557 2641 3632 resistens,
2675 3559 2778 3621 ait.

349 3653 408 3712 9.
445 3652 600 3708 Αότῶ
631 3651 708 3724 τῷ
739 3647 1016 3728 φοϐεῖσθαι
1056 3650 1240 3712 αὐτοὺς
1273 3651 1451 3708 αὑτόν.

2079 3651 2141 3712 9.
2176 3647 2266 3712 Ob
2293 3648 2347 3710 id
2381 3647 2599 3728 ipsum,
2635 3647 2792 3728 quod
2825 3663 2959 3709 eum
2994 3645 3225 3709 timent.

359 3744 448 3803 10.
484 3748 531 3795 Μ
542 3740 572 3807 ἓ,
618 3737 962 3815 ψευδόμενος.

2086 3739 2180 3802 10.
2215 3736 2342 3800 Non
2377 3735 2695 3800 mentiens.

358 3831 452 3892 11.
492 3831 677 3906 Πνίγει
737 3829 836 3906 γὰρ
894 3830 985 3884 τὸν
1039 3831 1262 3907 πτωχὸν
1293 3830 1320 3884 ὁ
1362 3827 1538 3894 τόκος·
1596 3831 1913 3908 πνιγομένου

2080 3831 2177 3891 11.
2207 3828 2468 3892 Suﬂ‘ocat
2493 3828 2652 3889 enim
2706 3845 3025 3908 pauperem
3079 3829 3307 3904 foenus;
3357 3829 3644 3892 suﬂ‘ocato

273 3921 330 3976 δὲ
377 3928 470 3977 τοῦ
501 3921 749 3998 πτωχοῦ,
790 3919 883 3996 δρᾷ
910 3918 1109 3974 πάντεσ
1143 3920 1173 3986 ἡ
1204 3919 1434 3996 ἁμαρτία
1482 3921 1571 3976 τὸν
1605 3922 1690 3978 επὶ
1744 3923 1877 3978 τόκοι

2040 3927 2198 3980 utem
2233 3935 2500 4000 paupere
2528 3936 2737 3980 omnes
2767 3918 2969 3980 vident
2995 3931 3305 3998 peccatum
3337 3918 3644 3982 faeneran-

278 4007 594 4065 δανείσαντα
641 4005 824 4090 [ὁρῶσι
876 4009 1069 4073 πάντες
1118 4008 1216 4075 τὴν
1266 4008 1521 4088 ἅμαρτίαν
1567 4013 1660 4067 τοὺ
1695 4010 1779 4066 ἐπὶ
1821 4011 1882 4066 τό

2038 4009 2118 4070 is:
2181 4009 2296 4070 alio
2352 4007 2527 4068 modo
2603 4007 2914 4070 manifesta
2986 4009 3163 4071 etiam
3227 4009 3474 4071 avaritia
3528 4020 3642 4086 est,

280 4121 390 4155 κων
427 4095 810 4177 δανείσαντος]·
872 4095 1049 4160 ἄλλως
1118 4119 1175 4153 τε
1248 4099 1334 4153 καὶ
1393 4097 1663 4165 πλεονεξία
1718 4100 1884 4178 σαφὴς

2043 4117 2142 4160 um
2204 4100 2360 4177 quis,
2394 4117 2527 4178 qua:
2579 4098 2763 4173 dedit,
2797 4097 2922 4160 sola
2972 4098 3247 4179 accipere
3297 4117 3414 4161 non
3459 4099 3645 4162 susti-

275 4188 404 4245 ὂταν
435 4189 497 4243 ἄν
528 4210 635 4262 τις,
670 4188 706 4242 ἅ
735 4185 953 4267 δέδωκε,
1000 4187 1137 4262 μόνα
1179 4185 1366 4244 λαϐεῖν
1397 4190 1491 4244 οὒκ
1520 4189 1794 4269 ἀνέχεται.
1959 4192 2132 4252 ’net.

357 4276 452 4340 12.
490 4279 617 4355 Περὶ
659 4284 750 4333 τοῦ
810 4275 1086 4340 παντελῶς
1141 4274 1308 4352 μηδὲν
1347 4276 1636 4352 λαμϐάνειν
1678 4282 1766 4336 τὸν
1823 4278 1915 4336 δα-

2089 4283 2184 4344 12.
2221 4282 2388 4356 Quod
2425 4282 2572 4344 nihil
2631 4282 2875 4347 omnino
2933 4283 3228 4362 accipere-
3260 4290 3513 4364 oportet,
3549 4282 3650 4365 qui

276 4367 509 4434 νείζοντα
540 4365 876 4446 χαρίσματος
940 4363 1115 4423 ἕνεκεν
1176 4364 1210 4433 ἤ
1254 4359 1413 4422 τόκοι)
1459 4369 1599 4444 παρὰ
1656 4368 1749 4425 τοῦ
1819 4367 1878 4426 δα

2039 4381 2208 4435 mutuo
2240 4371 2364 4452 dat,
2397 4374 2487 4435 vel
2520 4372 2751 4452 gratiae,
2783 4371 2870 4435 vel
2902 4359 3150 4434 faenoris
3197 4359 3375 4435 causa
3432 4372 3504 4435 ab
3551 4359 3643 4450 eo,

271 4457 597 4529 νειζομένου.

1947 4462 1985 4512 0
2005 4465 2102 4543 qui
2138 4469 2463 4525 mutuatur.

349 4651 415 4707 Ἠ
445 4652 777 4728 προκειμένη
837 4652 1108 4732 ἐπιγραφὴ
1166 4653 1408 4732 περιέχει
1446 4670 1458 4682 ·
1521 4653 1902 4736 Στηλογραφία
1964 4664 2038 4734 τῷ
2099 4656 2258 4714 Δαὸίδ
2293 4675 2305 4687 ⁶
2365 4666 2519 4716 τοῦτο
2575 4657 2662 4716 οὖν
2694 4657 2863 4736 λέγει,
2897 4658 2992 4722 τὰς
3025 4659 3128 4714 τῶν
3162 4659 3328 4736 ἁγίων
3374 4659 3648 4725 πολιτείας

268 4742 472 4810 στήλας
505 4741 811 4823 διαγράφει.
847 4745 1075 4822 Εἴρηται
1105 4744 1192 4800 οὖν
1226 4748 1253 4801 ὁ
1277 4744 1491 4820 ψαλμὸς
1523 4749 1666 4824 παρὰ
1695 4756 1786 4805 τοῦ
1823 4750 1980 4808 Δαϐὶδ
2011 4755 2082 4815 εἰς
2115 4753 2210 4814 τὰς
2241 4757 2345 4807 τῶν
2379 4752 2542 4829 ἁγίων
2576 4751 2789 4824 ἀρετάς,

351 4834 614 4910 Titulus,
649 4838 752 4918 qui
784 4839 1011 4918 psalmo
1065 4838 1447 4918 praeponitur,
1507 4841 1828 4905 continet:
1888 4844 2077 4908 ’I'iiuli
2098 4846 2422 4926 inscriptio
2457 4847 2575 4926 ipsi
2636 4845 2874 4922 David;
2932 4847 3042 4909 hoc
3094 4855 3290 4911 autem
3324 4849 3647 4931 signiﬁcat,

270 4927 626 5024 §anctorum
651 4931 784 4992 vita:
811 4931 1171 5012 institutum,
1207 4941 1268 4994 et
1297 4935 1806 4998 conversationem
1840 4939 2010 5019 quasi
2042 4938 2102 5000 in
2161 4940 2332 5020 cippo
2382 4938 2689 5002 describit.
2745 4939 2954 5003 Dictus
2991 4950 3080 5004 est
3111 4944 3286 5022 igitur
3316 4944 3584 5024 psalmus
3613 4927 3648 5005 a

268 5021 494 5088 Davide
518 5025 595 5087 de
618 5023 935 5089 virtutibus
965 5033 1338 5088 sanctorum.

355 5248 411 5336 1.
444 5247 583 5305 ’Ὅτι
615 5269 671 5304 σε
698 5247 893 5336 ἐθέμην
921 5249 1138 5324 βοηθὸν,
1184 5248 1407 5327 φύλαξόν
1440 5271 1526 5324 με,

2087 5267 2140 5324 ι,
2175 5257 2465 5330 Quoniam
2499 5266 2552 5318 te
2588 5257 2758 5336 posui
2789 5257 3141 5336 adjutorem,
3180 5262 3414 5324 custodi
3448 5279 3562 5324 me.

347 5333 406 5395 ἓ.
444 5336 692 5415 Ἐπέγνω
720 5335 1036 5418 [Ἐπὲγνων]
1067 5339 1165 5406 τὴν
1198 5338 1383 5394 ἑαυτοῦ
1415 5337 1753 5404 δεσποτείαν,

1569 5341 1753 5404 κείαν.
2083 5351 2144 5409 ‘2.
2181 5345 2409 5425 Agnovi
2438 5333 2625 5427 ipsius
2655 5333 3123 5410 dominationem
3160 5371 3173 5429 ;

348 5424 408 5489 3.
455 5428 575 5484 τῶν
607 5429 905 5507 χρημάτων
937 5449 1037 5504 μου
1083 5432 1142 5486 οὗ
1172 5428 1359 5507 χρείαν
1390 5426 1563 5508 ἔχεις,

1429 5450 1563 5508 ίεις.
2083 5439 2141 5500 3.
2172 5424 2406 5499 Divitiis
2441 5424 2589 5498 meis
2636 5456 2752 5498 uon
2779 5436 3033 5518 indiges.

350 5515 409 5579 4.
444 5518 579 5579 Τοὺς
612 5517 789 5594 ἁγίους
820 5516 1086 5582 ἐδόξασεν,

1408 5607 1414 5608 ί
2081 5528 2143 5590 4.
2178 5525 2426 5589 Sanctos
2456 5525 2809 5606 gloriﬁcavit
2837 5549 2851 5608 ;

349 5604 409 5666 5.
444 5605 536 5664 Ἐν
565 5620 687 5671 τοῖς
734 5606 901 5684 ἁγίοις
946 5607 1102 5662 αὐτοῦ
1135 5606 1198 5662 τά
1241 5607 1445 5684 αἱρετά.

2085 5617 2140 5677 5.
2179 5615 2244 5678 In
2275 5604 2496 5679 sanctis
2518 5617 2669 5697 ejus,
2707 5604 3148 5699 quae’optabilia
3177 5627 3333 5682 sunt.
