4062 6216
447 289 565 364 695
1249 295 1307 356 S.
1360 296 1780 360 ATHANASII
1827 295 1991 362 OPP.
2040 297 2233 360 PARS
2279 297 2388 359 III.
2445 330 2512 340 ο-
2562 299 3014 362 EXEGETICA.
3707 299 3830 363 696

534 429 594 492 6.
627 426 1026 509 Μυιιὶριίεαιω
1058 439 1198 490 sunt
1225 428 1601 492 infirmitates
1633 449 1869 493 eorum.
2122 442 2138 490 Α

1811 450 1869 493 n.
2122 441 2160 490 Α
2267 431 2327 496 6.
2363 432 2801 502 Ἐπληθύνθησαν
2832 435 2883 491 αἱ
2925 433 3190 490 ἀσθένειαι
3222 435 3415 495 αὐτῶν.

533 517 595 581 7.
633 519 847 580 Postea
871 517 1382 580 acceleraverunt.

2163 547 2171 552 '
2258 523 2318 584 7.
2354 524 2500 582 Μετὰ
2524 533 2691 583 ταῦτα
2722 524 3012 604 ἐτάχυναν.

533 606 594 670 8.
627 605 756 668 Non
774 606 1148 685 congregabo
1172 607 1586 671 conventicula
1612 627 1820 672 eorum
1853 609 1930 672 de
1961 628 2092 671 sau-

2262 615 2322 672 8.
2357 616 2430 672 Οὐ
2455 615 2532 690 μὴ
2591 613 2875 693 συναγάγω
2916 614 3011 676 τὰς
3069 615 3384 692 συναγωγὰς
3436 613 3607 671 αὖτῶν
3651 613 3704 679 ti
3739 617 3829 671 αἱ-

454 696 758 775 guinibus,

2185 702 2389 778 μάτων,

539 785 598 849 9.
630 789 756 850 Nec
788 804 1021 849 memor
1052 804 1156 850 ero
1210 789 1515 850 nominum
1548 807 1753 852 eorum
1790 809 1896 872 per
1948 791 2102 853 labia

2264 790 2324 854 9.
2373 790 2493 849 058'
2527 793 2586 849 οὗ
2629 794 2706 868 μὴ
2744 795 2963 868 μνησθῶ
3012 793 3118 848 τῶν
3173 793 3451 868 δνομάτων
3505 795 3675 850 αὒτῶν
3747 793 3836 850 διὰ

457 893 610 938 mea.

2184 880 2418 961 χειλέων
2450 904 2575 956 μου.

535 966 634 1027 10.
672 965 963 1028 Dominus
987 982 1121 1047 pars
1151 965 1519 1028 baereditatis
1575 984 1747 1042 meae,
1785 979 1842 1031 et
1899 968 2104 1031 calicis

2267 969 2364 1031 10.
2407 972 2593 1049 Κύριος
2636 973 2672 1040 ἡ
2703 972 2852 1048 μερὶς
2911 976 3009 1038 τῆς
3051 973 3409 1050 κληρονομιας
3473 994 3571 1046 μου
3602 975 3691 1028 καὶ
3741 978 3841 1027 τοῦ

456 1054 598 1116 mei.

2185 1061 2436 1138 ποτηρίου
2471 1082 2594 1135 μου,

535 1147 633 1208 11.
669 1141 758 1205 Tu
815 1162 904 1225 es,
936 1144 1040 1226 qui
1088 1145 1375 1208 restitues
1436 1146 1845 1209 haereditatem
1907 1166 2097 1210 meam

2275 1150 2365 1211 11.
2403 1149 2474 1205 Σὺ
2533 1149 2588 1206 εἴ
2647 1152 2675 1205 ὁ
2731 1149 3105 1207 ἀποκαθιστᾶν.
3179 1151 3278 1218 τὴν
3318 1150 3674 1230 κληρονομίαν
3726 1173 3834 1225 μου

455 1234 630 1296 mihi.

2186 1239 2329 1313 ὶμοί,

532 1324 633 1389 12.
666 1322 867 1387 Funes
896 1323 1247 1386 ceciderunt
1275 1324 1421 1386 mibi
1453 1325 1512 1385 in
1554 1326 1856 1406 praeclaris
1887 1348 1898 1388 :

2277 1326 2372 1390 12.
2408 1331 2633 1408 Σχοινία
2685 1328 2948 1385 ἐπέπεσαν
2976 1353 3069 1405 μοι
3102 1330 3156 1386 ὲν
3189 1343 3305 1392 τοῖς
3338 1330 3659 1408 κρατίστοις

533 1414 636 1476 13.
671 1412 905 1476 Etenim
955 1413 1269 1476 haereditas
1314 1433 1447 1477 mea
1497 1415 1784 1497 praeclara
1811 1424 1900 1478 est
1934 1417 2101 1480 mihi.

2273 1417 2371 1480 13.
2410 1420 2506 1476 Καὶ
2566 1418 2664 1496 γὰρ
2723 1419 2756 1485 ἡ
2815 1421 3140 1497 κληρονομία
3193 1441 3293 1494 μου
3340 1420 3595 1496 κρατίστη
3648 1442 3741 1493 μοι
3769 1421 3836 1473 ὶ-

2189 1509 2299 1565 στίν
2309 1556 2323 1570 ,

531 1592 630 1653 14.
665 1591 1026 1655 Benedicam
1077 1591 1426 1675 Dominum,
1461 1594 1564 1674 qui
1595 1593 1809 1655 tribuit
1841 1595 1988 1656 mibi
2021 1596 2102 1656 in-

2059 1615 2102 1656 1·
2269 1596 2366 1658 14.
2404 1594 2693 1673 Εόλογήσω
2730 1597 2820 1652 τὸν
2853 1593 3046 1676 Κύριον
3084 1600 3176 1656 τὸν
3209 1597 3544 1655 συνετίσαντά
3575 1619 3663 1672 με,

452 1680 779 1758 tellectnm,

533 1723 628 1834 i5”.
661 1723 912 1852 Insuper
936 1779 996 1834 et
1025 1789 1218 1853 usque
1269 1770 1346 1833 ad
1379 1779 1614 1834 noctem
1670 1772 2099 1853 increpuerunt
2127 1723 2137 1773 1

2266 1775 2364 1836 45.
2396 1773 2532 1832 ’Ἔτι
2562 1773 2615 1830 δὲ
2645 1777 2731 1831 γαὶ
2782 1773 2880 1838 ἕως
2933 1775 3116 1839 νυκτὸς
3177 1774 3484 1834 ἐπαίδευσάν
3535 1797 3599 1852 με
3632 1778 3678 1832 οἱ
3740 1799 3830 1832 νε-

450 1878 546 1922 me
567 1878 746 1923 renes
777 1865 916 1926 mei.

848 1865 916 1926 ei.
2184 1867 2303 1944 φροί
2332 1888 2452 1940 μου.

531 1951 627 2011 16.
666 1949 1056 2012 Providebam
1114 1950 1429 2013 Dominum
1483 1951 1545 2012 in
1588 1959 1914 2031 conspectu
1964 1970 2097 2015 meo

2273 1953 2371 2017 16,
2425 1955 2801 2032 Προεωρώυην
2870 1955 2961 2010 τὸν
3034 1955 3215 2031 Κύριον
3282 1954 3504 2012 ἐνώπιόν
3582 1979 3684 2031 μου
3752 1954 3842 2012 διὰ

448 2056 710 2121 semper.

2184 2045 2405 2116 παντὸς,

534 2129 628 2192 17.
657 2126 950 2201 Quoniam
985 2147 1017 2190 a
1041 2127 1272 2190 dextris
1297 2138 1391 2192 est
1419 2129 1565 2192 mihi
1588 2147 1664 2192 ne
1694 2147 2096 2195 commovear.

2270 2133 2369 2196 17.
2406 2132 2442 2153 ”
2476 2143 2574 2193 Οτι
2607 2134 2666 2190 ’ἐκ
2696 2132 2875 2199 δεξιῶν
2909 2134 3011 2208 μού
3054 2133 3220 2206 ἐστιν,
3256 2135 3346 2190 ἴνα
3379 2135 3454 2205 μὴ
3487 2133 3747 2197 σαλευθῶ.

530 2221 629 2282 18.
667 2221 918 2299 Pr0pter
949 2219 1065 2281 hoc
1093 2218 1350 2281 laetatum
1376 2228 1467 2282 est
1495 2237 1599 2281 cor
1631 2238 1854 2294 meum,

2272 2222 2362 2285 18.
2395 2225 2493 2280 Διᾶ
2541 2223 2698 2280 τοῦτο
2735 2224 3003 2302 εὐφράηθη
3050 2225 3084 2291 ἡ
3131 2222 3310 2303 καρδία
3343 2246 3463 2298 μου,

530 2309 634 2371 19.
668 2311 742 2372 Et
771 2308 1090 2372 exsultavit
1123 2309 1328 2387 lingua
1362 2327 1516 2384 mes,

2270 2311 2366 2376 19.
2405 2314 2501 2371 Καὶ
2529 2311 2907 2390 ἠγαλλιάσατο
2935 2315 2969 2382 ἡ
3001 2312 3218 2392 γλῶσσᾶ
3261 2335 3383 2388 μου,

528 2398 632 2462 20.
664 2399 916 2480 Insuper
944 2406 1002 2460 et
1031 2416 1169 2460 caro
1201 2418 1332 2462 mea
1360 2397 1700 2480 requiescet
1729 2399 1790 2459 in
1841 2417 1969 2479 spe.

2261 2399 2362 2463 20.
2399 2399 2533 2459 ’Ἔτι
2568 2399 2621 2457 δὲ
2645 2403 2731 2458 καὶ
2762 2403 2794 2470 ἡ
2844 2400 2967 2477 σάρξ
3025 2425 3127 2478 μου
3177 2404 3580 2470 κατασκηνώσει
3614 2402 3704 2460 ἐπ’
3737 2403 3844 2459 ἰλ-

2181 2488 2300 2547 πίδι

522 2575 942 2650 21.0uoniam
975 2595 1094 2639 non
1144 2577 1529 2660 derelinques
1579 2576 1840 2639 animam
1902 2596 2094 2639 meam

2263 2580 2364 2642 21.
2400 2577 2531 2639 "Ott
2586 2581 2680 2637 οὒκ
2740 2578 3142 2657 ἐγκαταλείψεις
3201 2581 3301 2649 τὴν
3360 2583 3547 2662 ψυχήν
3600 2605 3699 2656 μου
3760 2585 3846 2646 εἰς

445 2673 506 2730 in
529 2665 789 2729 inferno.

731 2686 789 2728 ο.
2181 2669 2334 2748 ᾴδου³

526 2757 626 2820 22.
660 2758 787 2820 Nec
815 2754 984 2817 dabis
1015 2763 1287 2819 sanctum
1311 2765 1478 2819 tuum
1513 2757 1718 2820 videre
1749 2757 2092 2836 corruptio-

2261 2757 2359 2821 22.
2390 2756 2519 2815 Οὐδὲ
2570 2756 2761 2822 δώσεις
2794 2760 2884 2815 τὸν
2913 2758 3062 2816 ὅσιόν
3107 2781 3199 2816 σου
3231 2758 3368 2816 ἰδεῖν
3399 2759 3701 2839 διαφθοράν.

442 2863 582 2910 nem
593 2891 608 2906 .

524 2933 624 3002 23.
661 2933 838 2999 Notas
871 2935 1022 2999 mibi
1068 2934 1263 3000 fecisti
1292 2936 1416 3000 vias
1449 2937 1608 3011 vitae,

2259 2934 2358 2998 93.
2395 2935 2723 3016 Ἐγνώρισάς
2769 2959 2862 3012 μοι
2896 2934 3046 3004 ὁδοὺς
3077 2945 3245 3010 ζωῆς.

1587 3121 1996 3189 ATHANASlI
2042 3121 2678 3190 INTERPBETATIO.

524 3321 584 3377 6.
615 3313 888 3394 Ipsorum
938 3312 1299 3378 tentationes
1333 3313 1746 3395 multiplicatae
1774 3319 1934 3374 sunt.
2117 3325 2128 3368 t

1818 3319 1934 3374 unt.
2117 3321 2159 3372 C
2263 3311 2326 3374 6.
2373 3315 2432 3371 Ol
2463 3319 2750 3396 πειρασμοὶ
2791 3320 2964 3374 αὐτῶν
2996 3317 3422 3385 ἒπληθύνθησαν,

517 3405 580 3468 7.
613 3402 828 3467 Postea
857 3403 1290 3469 transiverunt.

2271 3401 2326 3464 7.
2364 3406 2511 3462 Μετὰ
2554 3416 2722 3466 ταῦτα
2752 3406 3044 3485 παρῆλθον.

521 3493 583 3554 8.
621 3495 707 3557 De
738 3492 1144 3569 damonibus,
1171 3495 1275 3558 ait.

2266 3491 2328 3556 8.
2365 3504 2482 3554 Τῶν
2512 3496 2802 3573 δαιμόνων,
2841 3499 3007 3576 λέγει.

521 3583 583 3647 9.
610 3581 1106 3646 Adversariarum
1142 3591 1530 3665 potestatum,
1568 3581 1788 3663 inquit.

1678 3582 1788 3643 uit.
2269 3581 2328 3644 9.
2364 3591 2478 3642 Τῶν
2503 3586 2752 3645 ἐναντιων
2785 3586 3078 3663 δυνάμεων,
3116 3587 3282 3666 λέγει.

528 3671 623 3737 10.
658 3670 946 3734 Dominus
978 3691 1114 3753 pars
1145 3681 1204 3736 et
1233 3682 1472 3736 aeternae
1505 3690 1651 3733 meae
1673 3669 2102 3750 retributionis,

2277 3673 2368 3734 10.
2410 3676 2595 3755 Κύριος
2627 3679 2773 3755 μερὶς
2823 3679 2912 3734 καὶ
2971 3684 3070 3746 τῆς
3133 3679 3344 3742 αἰωνίας
3391 3702 3490 3754 μου
3562 3683 3849 3754 μισθαπο-

443 3769 506 3824 et
533 3761 824 3843 requietis
866 3780 1037 3824 meae.

2187 3759 2365 3827 δοσίας
2394 3765 2483 3820 καὶ
2509 3771 2602 3831 τῆς
2650 3766 2997 3829 ἀναπαύσεώς
3029 3790 3155 3842 μου.

527 3853 625 3913 11.
669 3850 914 3914 [Eterna
948 3858 1046 3912 tua
1080 3850 1418 3931 refrigeria.

2276 3851 2370 3913 11.
2406 3855 2512 3916 Τὰς
2537 3856 2778 3920 αίωνίους
2813 3879 2907 3915 σου
2936 3857 3280 3920 ἀναπαύσεις,

539 3941 1053 4019 i2.Cogitationes
1082 3942 1256 4005 bonae
1280 3942 1428 4004 mihi
1454 3951 1742 4004 venerunt
1765 3959 1798 4001 a
1825 3942 2099 4019 Domino,

2269 3941 2368 4004 12.
2409 3947 2663 4017 Λοθισμοὶ
2721 3945 2900 4022 ἀγαθοὶ
2956 3946 3118 4014 ἦλθόν
3193 3969 3283 4021 μοι
3337 3949 3454 4024 περὶ
3500 3944 3682 4026 [παρὰ]
3740 3954 3849 4003 τοῦ

447 4031 664 4115 inquit.

2185 4029 2400 4110 Κυρίου³
2435 4031 2605 4111 λέγει.

537 4121 633 4186 13.
669 4120 1002 4185 Promissio
1033 4119 1204 4200 regni
1255 4121 1542 4184 caelorum
1573 4129 1798 4183 aeterna
1828 4127 1931 4182 est.
2127 4169 2141 4182 .

2267 4123 2362 4180 13.
2417 4121 2481 4178 Ἠ
2547 4123 2838 4202 ἐπαγγελία
2897 4129 2994 4191 τῆς
3073 4122 3343 4202 βασιλείας
3416 4131 3520 4182 τῶν
3597 4125 3849 4203 οὗρανῶν

2184 4207 2533 4277 ἂτελεύτητός
2576 4211 2633 4267 ἐσ
2643 4235 2747 4273 τιν.

534 4302 628 4364 14.
665 4299 1029 4379 Cognoscam
1059 4299 1251 4380 ipsum
1279 4319 1293 4359 :

2265 4297 2365 4360 14.
2401 4298 2800 4378 Ἐπιγνώσομαι
2847 4301 3023 4357 αὐτόν·

532 4390 630 4455 15.
665 4391 870 4452 Donec
907 4388 1103 4470 quievi
1133 4407 1167 4450 a
1216 4385 1536 4449 mundanis
1585 4385 1807 4467 rebus;
1845 4395 1903 4448 et
1959 4393 2103 4447 tunc

2267 4387 2363 4449 15.
2397 4386 2556 4451 ’Ἕως
2600 4388 2646 4444 δ’
2675 4389 2737 4446 ἄν
2769 4392 3017 4471 ἡσύχασα
3077 4391 3138 4447 ἐκ
3191 4399 3297 4448 τῶν
3331 4397 3420 4448 του
3454 4391 3652 4466 ιόσμου
3687 4413 3846 4468 πρα-

448 4498 628 4544 omne
656 4478 1023 4541 desiderium
1056 4496 1253 4541 meum
1285 4476 1346 4538 in
1378 4478 1507 4559 ipso
1538 4476 1669 4539 fuit.

2243 4479 2445 4533 ιάτωνο
2505 4481 2593 4536 καὶ
2650 4482 2767 4536 τότε
2822 4482 2854 4548 ἡ
2909 4481 3154 4555 ἐπιθυμία
3238 4503 3339 4555 μου
3393 4488 3537 4537 πᾶσα
3599 4479 3847 4558 γέγονεν

2187 4567 2238 4624 ἔν
2269 4568 2410 4642 αὒτῷ
2421 4617 2432 4630 ,

531 4661 631 4726 16.
667 4659 791 4724 Prae
822 4660 1010 4724 oculis
1057 4677 1304 4743 semper
1333 4658 1511 4721 habui
1546 4657 1868 4720 Dominum
1897 4660 2100 4737 opitu-
2127 4686 2135 4737 ι

2269 4656 2368 4718 16.
2409 4660 2510 4731 [1ρὸ
2542 4658 2826 4739 ὀφθαλμῶν
2873 4682 2973 4735 μου
3023 4658 3183 4738 ε’ίχον
3237 4661 3463 4717 πάντοτε
3493 4660 3582 4716 τὸν
3642 4656 3850 4736 Κύριον

449 4753 670 4815 tantem
717 4750 888 4813 mihi.

2188 4746 2709 4823 ἆντιλαμϐανόμενόν
2733 4772 2855 4830 μου,

535 4843 631 4905 1⁵7.
668 4839 738 4902 Et
763 4840 1160 4904 deducentem
1188 4857 1284 4901 me
1334 4839 1396 4902 in
1429 4839 1549 4901 vias
1586 4837 1886 4909 dexteras,
1924 4853 1998 4896 ne
2031 4833 2104 4895 ab

2270 4835 2367 4896 1Ἳ.
2403 4835 2508 4899 Καὶ
2537 4837 2830 4915 ὁδηγοῦντα
2875 4841 2948 4904 εἷς
2977 4842 3068 4900 τὰς
3103 4838 3249 4904 ὁδοὺς
3293 4839 3385 4902 τὰς
3419 4835 3614 4910 δεξιὰς,
3644 4841 3726 4894 ἱνα
3756 4841 3846 4911 μὴ

449 4931 537 4994 eis
567 4930 894 4993 declinem.

2187 4925 2412 4983 ἐκκλίνω
2437 4925 2531 4984 ἀπ’
2561 4928 2733 4984 αὐτῶν
2744 4978 2755 4992 ,

532 5019 632 5083 18.
662 5021 992 5098 PrOpterea
1020 5017 1320 5099 spirituali
1348 5015 1564 5097 gaudio
1598 5015 1864 5095 repletus
1928 5031 2058 5073 sum
2086 5028 2100 5073 :

2271 5015 2371 5076 18.
2410 5019 2506 5073 Διὰ
2536 5025 2688 5074 τοῦτο
2720 5022 2894 5099 χαοᾶς
2946 5018 3308 5094 πνευματικῆς
3369 5016 3516 5091 ἤμην
3548 5016 3841 5095 πεπληρο-

2189 5125 2345 5178 μενος
2356 5151 2369 5165 ,

534 5199 638 5264 19.
671 5197 934 5260 Laudavl
963 5195 1156 5279 ipsum
1189 5214 1296 5258 ore
1329 5215 1462 5259 meo
1499 5215 1517 5256 :

2279 5193 2372 5256 19.
2407 5193 2664 5262 Ἐδὸξασα
2690 5199 2848 5253 αὐτὸν
2877 5198 2932 5253 ἐν
2961 5219 3038 5270 τῳ
3066 5198 3289 5271 στόματί
3319 5218 3442 5271 μου.

535 5287 636 5352 20.
667 5287 1041 5368 Exspectabo
1073 5286 1577 5348 resurrectionem
1630 5291 2021 5344 mortuorum.

1661 5291 2021 5343 mortuorum.
2271 5282 2370 5346 20.
2413 5285 2698 5361 Προσδοκῶ
2729 5287 3015 5344 ἆιάστασιν
3048 5288 3265 5366 νεκρῶν.

533 5377 635 5440 21.
670 5377 804 5440 Νοη
836 5375 1142 5458 relinques
1173 5374 1334 5436 illam
1364 5375 1424 5436 in
1445 5369 1842 5455 receptaculis
1877 5368 2102 5449 mortis,

2271 5371 2372 5432 21.
2411 5375 2519 5433 Οὐκ
2577 5375 2639 5431 ἂν
2683 5377 2843 5452 ἐάσῃς
2899 5377 3069 5446 αὕτη.
3100 5379 3172 5440 εἷς
3233 5378 3296 5432 τὰ
3325 5390 3524 5448 ταμεῖα
3555 5382 3643 5430 τοὺ
3668 5377 3839 5431 θανά·-

453 5464 560 5528 sed
583 5463 845 5528 liberans
875 5481 1004 5526 eam
1051 5465 1295 5527 educes.

2189 5483 2304 5534 του,
2347 5463 2483 5521 ἀλλὰ
2512 5464 2912 5543 λυτρωσάμενος
2951 5468 3237 5544 ἂναγάγεις
3284 5466 3469 5534 αὖτήν.

533 5553 635 5616 22.
671 5556 758 5620 De
788 5553 1040 5616 Domino
1074 5554 1362 5635 loquitur.

2266 5551 2368 5615 92.
2403 5556 2526 5613 Περὶ
2570 5563 2662 5612 τοῦ
2706 5553 2900 5636 Κυρίου
2943 5556 3108 5636 λέγει,

531 5639 631 5707 23.
657 5646 967 5723 Praecepta
999 5656 1101 5707 tua
1137 5660 1233 5705 me
1263 5640 1543 5704 docuisti.

2266 5638 2363 5708 23.
2400 5645 2502 5710 Τὰς
2528 5643 2746 5710 ἐντολάς
2780 5667 2874 5705 σου
2905 5644 3138 5714 ἐδίδαξας
3172 5666 3265 5723 με.
