4168 6208
302 343 427 414 705
754 434 759 440 δ
1197 346 1293 408 DE
1339 343 1653 410 TITULIS
1697 339 2192 407 PSALMORUM.
2243 377 2317 388 -—
2363 340 2573 408 PSAI..
2623 337 2805 410 XVII.
3568 343 3688 412 706

395 483 493 549 34.
527 483 632 546 Καὶ
664 482 1000 564 ἆνεκαλύφθη
1033 483 1096 540 τὰ
1125 484 1344 559 θεμέλια
1399 489 1496 551 τῆς
1529 483 1870 558 οἷκευμένης,
1975 500 2013 544 Α

2119 478 2212 542 34.
2241 478 2313 542 Ει
2333 480 2591 542 revelata
2610 487 2749 543 sunt
2772 479 3679 546 fundamentaorbisterrarum:

393 574 494 637 35.
527 574 666 632 Ἀπὸ
699 572 1066 648 ἰπιτιμήσξώς
1100 595 1216 648 σου,
1257 582 1433 652 Κυριε,

2122 568 2220 633 35.
2259 569 2342 634 Ab
2374 569 2789 650 increpatione
2823 577 2943 645 tua,
2982 570 3261 646 Domine,

393 665 497 744 36.
521 663 660 720 Ἀπὸ
687 663 1023 737 ὶμπνεύσεως
1055 663 1349 736 πνεύματος
1396 665 1561 741 ὀργῆς
1595 685 1711 720 σου.

2121 658 2220 720 36.
2251 658 2338 723 Ab
2371 659 2768 739 inSpiratione
2805 659 3057 739 spiritus
3091 657 3196 721 irae
3226 669 3360 722 tuae.

397 754 496 819 3'].
530 751 932 818 Ἐξαπέστειλεν
963 750 1016 816 ἐξ
1055 751 1240 828 ὕψους,
1275 753 1364 807 καὶ
1408 749 1562 808 ἔλαϐέ
1594 771 1682 828 με’

1672 771 1682 782 ·
2124 749 2221 811 37.
2260 749 2414 810 Misit
2439 749 2515 810 de
2540 767 2800 829 summo,
2830 755 2890 810 et
2919 749 3151 828 accepit
3184 767 3277 810 me
3304 772 3318 820 ;

395 844 493 910 38.
527 839 893 921 Προσελόϐετό
927 864 989 916 με
1023 842 1074 907 ἐξ
1120 840 1321 898 ὑδάτων
1355 841 1589 904 πολλων,

2128 838 2228 901 38.
2261 839 2599 918 Assumpsit
2632 857 2724 900 me
2755 839 2830 900 de
2860 838 3030 919 aquis
3063 838 3283 901 multis.

397 932 496 998 39.
532 931 814 1009 Ἐῤῥόσατό
861 953 928 1005 με
970 931 1024 996 ἒξ
1055 931 1264 1010 ἐχθρῶν
1295 954 1396 1006 μου
1426 929 1679 1004 δυνατῶν,

2131 927 2228 991 39.
2264 927 2494 1009 Eripuit
2536 947 2630 989 me
2661 928 2736 989 de
2770 927 3035 990 inimicis
3066 929 3217 989 meis
3246 927 3608 1010 fortissimis,

390 1023 488 1086 40.
529 1020 632 1083 Καὶ
666 1020 726 1076 ἐκ
755 1027 861 1076 τῶν
905 1021 1202 1094 μισούντων
1234 1041 1322 1096 με’

2126 1019 2226 1081 40.
2262 1017 2334 1078 Ει
2357 1017 2430 1080 ab
2455 1018 2552 1093 iis,
2587 1017 2691 1098 qui
2721 1017 2978 1078 oderunt
3011 1035 3142 1080 me:

393 1113 494 1175 41.
526 1112 663 1169 "Ott
694 1110 1092 1187 ἐστερεώθησαν
1123 1110 1252 1187 ὑπὲρ
1283 1110 1401 1186 ἐμὲ.

2123 1110 2226 1170 41.
2252 1106 2544 1180 Quoniam
2571 1108 2883 1169 confortati
2915 1117 3049 1168 sunt
3073 1125 3259 1188 super
3288 1126 3405 1172 me.

397 1200 495 1264 42.
532 1198 872 1278 Προὲφθασάν
917 1220 982 1272 με
1023 1199 1074 1254 ἐν
1107 1201 1281 1278 ἡμέρᾳ
1310 1201 1597 1266 κακώσεώς
1630 1220 1756 1276 μουο

2121 1197 2220 1258 42.
2259 1199 2685 1260 Praevenerunt
2713 1214 2806 1258 me
2837 1197 2897 1257 in
2929 1196 3026 1258 die
3052 1197 3396 1259 alilictionis
3428 1216 3605 1261 mea.

397 1289 499 1352 43.
533 1288 639 1352 Καὶ
670 1287 885 1364 ἐγένετο
917 1285 1112 1366 Κύριος
1145 1288 1534 1368 ἀντιστήριγμά
1563 1314 1690 1365 μου.

2124 1286 2226 1347 43.
2263 1287 2334 1348 Et
2381 1287 2566 1347 factus
2597 1295 2688 1347 est
2716 1285 3008 1347 Dominus
3041 1297 3342 1363 protector
3375 1306 3566 1350 meus.

393 1379 494 1441 44.
529 1377 632 1439 Καὶ
657 1376 888 1455 ἐξάγαγέ
920 1399 986 1452 με
1018 1378 1092 1439 εἰς
1129 1376 1402 1453 πλατυσμό
1423 1409 1434 1427 ι

2123 1378 2223 1440 44.
2261 1375 2331 1437 Ει
2364 1376 2562 1437 eduxit
2587 1394 2680 1437 me
2712 1376 2769 1436 in
2805 1376 3180 1438 latitudinem
3210 1398 3224 1437 ε

395 1469 497 1532 45,
529 1467 772 1526 Ῥύσεταί
805 1488 895 1541 με,
931 1465 1007 1521 ὅτι
1044 1464 1275 1534 ἠθέλησέ
1310 1488 1400 1540 με.

2126 1467 2226 1529 45.
2267 1465 2502 1529 Salvum
2539 1484 2634 1526 me
2666 1465 2868 1546 faciet,
2903 1472 3180 1547 quoniam
3215 1467 3398 1528 voluit
3430 1487 3547 1532 me.

393 1558 494 1623 46,
529 1555 633 1618 Καὶ
694 1553 1056 1612 ἂνταποδώσει
1090 1578 1179 1628 μοι
1220 1553 1411 1632 Κύριος
1464 1557 1598 1612 κατὰ
1629 1557 1728 1624 τὴν
1753 1555 1962 1614 δικαιο-
1988 1630 2020 1640 __

2125 1556 2227 1619 46.
2262 1555 2332 1616 Et
2360 1555 2654 1616 retribuet
2686 1555 2829 1616 mihi
2852 1555 3140 1618 Dominus
3161 1556 3495 1620 secundum
3518 1558 3691 1640 justi-

300 1650 470 1716 σύνην
502 1669 626 1723 μου,
1302 1630 1310 1632 ὴ

1302 1630 1310 1632 ὴ
1985 1630 2022 1678 Β
2047 1646 2188 1707 tiam
2225 1663 2415 1706 meam
2447 1666 2458 1707 :

391 1739 492 1800 47,
524 1734 628 1797 Καὶ
685 1735 825 1791 κατὰ
879 1736 977 1802 τὴν
1033 1735 1389 1812 καθαριότητα
1439 1741 1544 1791 τῶν
1605 1742 1803 1815 χειρῶν
1861 1758 1961 1809 μου

2122 1736 2226 1798 47.
2259 1735 2333 1796 Et
2361 1733 2688 1795 secundum
2728 1736 3044 1814 puritatem
3079 1754 3360 1799 manuum
3427 1756 3691 1800 mearum

304 1827 672 1888 ἀνταποδώσει
705 1849 818 1903 μοι.

2043 1824 2339 1888 retribuet
2369 1824 2540 1885 mihi.

387 1919 487 1983 48.
523 1917 657 1976 "Ott
691 1916 921 1996 ἐφύλαξα
962 1919 1056 1982 τὰς
1104 1916 1249 1982 ὁδοὺς
1283 1915 1499 1997 Κυρίου,

2121 1914 2221 1975 48.
2257 1911 2408 1985 Quia
2431 1912 2724 1974 custodivi
2755 1914 2880 1976 vias
2904 1914 3179 1977 Domini:

394 2009 495 2072 49.
527 2006 631 2068 Καὶ
663 2009 758 2064 οὒκ
786 2004 1029 2077 ἡσέϐησα
1074 2007 1180 2063 ἀπὸ
1209 2009 1302 2063 τοῦ
1331 2015 1460 2064 Θεοῦ
1494 2030 1596 2083 μου

1550 2030 1596 2064 ›υ
2118 2002 2220 2065 49.
2255 2004 2382 2065 Nec
2410 2001 2590 2081 impie
2619 2002 2780 2082 gessi
2812 2022 2845 2064 a
2874 2003 2997 2065 Deo
3029 2022 3196 2066 meo:

394 2098 496 2161 50,
529 2095 666 2155 "Ott.
693 2098 868 2153 πάντα
903 2097 967 2152 τὰ
997 2096 1227 2172 χρίματα
1271 2097 1430 2153 αὑτοῦ
1455 2097 1680 2154 ἐνώπιόν
1706 2114 1829 2174 μου⁹

2121 2091 2515 2164 50.Quoniam
2532 2091 2732 2153 omnia
2737 2091 2964 2171 judicia
2978 2092 3108 2171 ejus
3124 2093 3185 2154 in
3196 2103 3523 2175 conspectu
3543 2114 3675 2159 meo

393 2188 491 2250 51.
532 2187 639 2249 Καὶ
680 2188 746 2243 τὰ
802 2184 1136 2261 δικαιώματα
1192 2186 1350 2243 αὒτοῦ
1401 2187 1493 2243 οὐκ
1525 2187 1832 2254 ἀπέστησαν
1863 2188 1956 2244 ἀπ’

1717 2210 1832 2254 ισαν
1863 2188 1956 2244 ἀπ’
2121 2183 2221 2244 51.
2256 2179 2328 2242 Et
2351 2178 2614 2260 justitias
2648 2181 2778 2260 ejus
2811 2199 2931 2242 non
2961 2181 3158 2263 repuli
3181 2200 3216 2244 a
3245 2201 3363 2245 me.

307 2279 463 2354 δμοῦ.

394 2367 493 2430 52.
524 2364 631 2428 Καὶ
661 2365 854 2440 ἔσομαι
887 2365 1109 2440 ἄμωμος
1145 2365 1260 2438 μετ’
1294 2367 1476 2422 αὐτοῦ’

2130 2359 2226 2423 52.
2258 2357 2332 2421 Et
2351 2377 2464 2432 ,ero
2506 2359 2922 2424 immaculatus
2952 2380 3086 2423 cum
3118 2380 3213 2427 eo.

393 2455 494 2520 53,
529 2455 633 2517 Καὶ
664 2453 958 2534 φυλάξομαι
983 2455 1088 2511 ἀπὸ
1119 2459 1214 2522 τῆς
1248 2455 1466 2518 ἀνομίας
1499 2478 1622 2530 μου.

2129 2453 2227 2513 53.
2269 2450 2342 2511 Et
2371 2448 2696 2511 observabo
2748 2469 2841 2512 me
2866 2451 2940 2512 ab
2965 2451 3272 2533 iniquitate
3297 2470 3447 2512 mea.

393 2547 492 2611 54,
520 2544 623 2606 Καὶ
655 2543 1027 2602 ἀνταποδόσει
1081 2567 1175 2620 μοι
1205 2542 1395 2624 Κύριος
1438 2546 1575 2600 κατὰ
1617 2546 1714 2612 τὴν
1759 2542 1966 2602 δικαιο-

2132 2541 2232 2602 54.
2256 2537 2327 2600 Ει
2355 2537 2650 2602 retribu'et
2682 2540 2828 2602 mihi
2856 2538 3142 2603 Dominus
3172 2541 3502 2604 secundum
3527 2543 3694 2624 justi-

322 2637 487 2704 σύνην
518 2659 644 2714 μου,

2052 2630 2189 2692 tiam
2223 2647 2439 2703 meam,

1463 2791 1874 2858 ATHANASII
1916 2787 2547 2855 INTERPRETA'I‘IO.

318 2960 366 3015 οἱ
403 2958 790 3019 κατοικοῦντες
850 2954 1202 3034 Ἰερουσαλὴμ
1243 2958 1583 3034 Θεωροῦντες,
1615 2958 1702 3012 καὶ
1751 2955 1964 3032 βλέπον-

2059 2951 2391 3015 habitantes
2422 2949 2749 3012 Jerusalem
2802 2949 3273 3023 considerantes,
3309 2962 3366 3014 et
3425 2953 3696 3017 videntes

313 3068 402 3112 τες
434 3048 555 3108 τοὺς
587 3043 918 3109 ἀποστόλους
949 3043 1242 3106 λαλοῦντας
1293 3045 1356 3100 τὰ
1389 3044 1654 3123 μεγαλεῖα
1685 3053 1778 3104 τοῦ
1808 3051 1959 3102 Θεού’

2047 3044 2347 3122 apostolos
2377 3042 2688 3122 loquentes
2721 3039 3009 3120 magnalia
3032 3040 3136 3102 Dei
3159 3039 3250 3103 θεῖ
3276 3043 3478 3120 fontes
3501 3047 3691 3121 enim,

319 3137 498 3216 πηγὰς
529 3137 628 3214 γὰρ
659 3137 745 3192 καὶ
793 3133 1019 3210 θεμέλια
1050 3134 1236 3198 αὐτοὺς
1267 3134 1434 3212 λέγει.

1267 3134 1434 3212 λέγει.
2049 3139 2108 3192 et
2136 3132 2545 3208 fundamenta
2577 3148 2680 3191 eos
2711 3139 2899 3192 vocat.

393 3224 493 3289 35.
531 3225 669 3282 Ἀπὸ
693 3230 792 3292 τῆς
824 3223 1162 3289 διδασκαλίας
1193 3246 1314 3286 σου.

1119 3247 1162 3289 ις
1193 3246 1314 3286 σου.
2127 3219 2222 3282 35.
2261 3226 2309 3284 Α
2334 3220 2606 3281 doctrina
2637 3228 2765 3298 tua,

399 3315 495 3379 36.
527 3316 629 3374 Καὶ
663 3317 768 3371 ἀπὸ
792 3317 888 3381 τῆς
922 3313 1184 3393 ἐνεργείας
1217 3320 1308 3370 τοῦ
1340 3313 1644 3390 Πνεῦματος
1665 3320 1754 3370 τοῦ
1785 3313 1960 3391 ἁγίου.

1679 3320 1754 3370 τοῦ
1785 3313 1960 3391 ἁγίου.
2124 3309 2223 3370 36.
2253 3313 2324 3372 Ει
2347 3307 2420 3370 ab
2451 3311 2794 3388 operatione
2825 3307 3079 3387 Spiritus
3110 3309 3325 3371 sancti.

396 3403 496 3486 37,
529 3404 630 3468 38.
665 3403 1092 3470 Ἐϐαπτίσθησαν
1129 3405 1227 3480 γὰρ
1286 3404 1339 3460 ἐν
1388 3403 1455 3480 τῇ
1486 3405 1658 3484 ημὲρᾳ
1688 3409 1786 3470 τῆς
1819 3410 1957 3459 Πεν..

2085 3462 2093 3470 ,
2125 3396 2222 3472 37,
2263 3397 2358 3460 38.
2391 3395 2462 3458 Et
2493 3397 2800 3477 baptizatae
2829 3406 2965 3458 sunt
2997 3396 3057 3457 in
3091 3397 3185 3458 die
3211 3397 3595 3486 Pentecostes
3615 3402 3691 3464 ab

313 3495 582 3563 τηκοστῆς
627 3495 769 3574 παρὰ
793 3496 904 3550 τῶν
932 3493 1245 3550 ἀποστόλων
1278 3495 1449 3573 ψυχαὶ
1505 3496 1578 3558 ὡς
1637 3491 1952 3573 τρισχίλιαιο

2038 3488 2316 3568 apostolis
2372 3487 2585 3547 animae
2637 3492 2806 3566 quasi
2836 3491 2944 3547 tria
3007 3485 3282 3547 millia‘:
3350 3498 3671 3569 propterea

318 3581 400 3641 διὰ
427 3592 582 3642 τοῦτο
608 3583 753 3662 λέγει
780 3583 842 3640 ἐκ
880 3583 1165 3662 προσώπου
1196 3587 1304 3638 τῶν
1335 3584 1788 3642 πεπιστευκότων.

2039 3576 2188 3654 haec,
2223 3576 2365 3638 dicit
2393 3595 2464 3636 ex
2503 3593 2757 3656 persona
2786 3593 3015 3649 eorum,
3049 3581 3146 3656 qui
3175 3577 3585 3642 crediderunt.

397 3673 498 3749 39,
531 3674 632 3738 40.
664 3674 909 3733 Τουτέστι
939 3678 1046 3729 τῶν
1074 3671 1362 3748 δαιμόνων,

2126 3664 2225 3740 39,
2261 3665 2363 3728 40.
2392 3664 2516 3726 Hoc
2541 3674 2630 3726 est
2657 3664 3019 3726 daemonum.

397 3764 500 3827 41,
545 3761 896 3841 Ἐῤῥύσθησαν
955 3762 1054 3840 γὰρ
1106 3761 1446 3839 βαπισθέντες
1519 3763 1580 3820 ἐκ
1634 3768 1738 3819 τῶν
1817 3784 1954 3820 κατ-

2117 3755 2216 3816 41.
2250 3753 2532 3835 Baptizati
2563 3755 2722 3816 enim
2770 3753 2998 3816 liberati
3043 3761 3180 3815 sunt
3208 3773 3243 3816 a
3275 3755 3671 3834 daemonibus,

319 3851 723 3924 ιξουσιαζόντων
753 3851 926 3907 αὗτῶν
956 3849 1242 3925 δαιμόνων.

1142 3872 1242 3909 ιων.
2040 3843 2142 3927 qui
2176 3843 2264 3906 eis
2305 3843 2788 3907 dominabantur.

395 3940 496 4006 42.
529 3942 673 4001 ’Ὅτε
703 3942 956 4011 ἠσθένουν
985 3946 1052 4015 τῇ
1083 3945 1260 4020 ψυχῇ,
1295 3940 1634 3997 συνέκλεισαν
1663 3963 1752 4016 με,

2109 3933 2457 4008 49.Quando
2472 3933 2954 3995 auimainﬁrmus
2965 3951 3126 3995 eram
3140 3934 3675 4001 concluseruntme

394 4031 714 4114 43,“.Ata
736 4037 830 4088 τοῦ
853 4031 1224 4107 βαπκίσματος
1244 4028 1437 4097 ἕστησὲ
1460 4051 1526 4106 με
1551 4031 1622 4093 εἷς
1644 4031 1958 4094 ἀνάπαυσιν,

2125 4024 2224 4097 43,
2245 4023 2344 4085 44.
2379 4021 2494 4084 Per
2525 4022 3007 4114 baptismumme
3037 4023 3097 4114 in
3118 4023 3325 4104 requie
3355 4027 3683 4114 constituit.

522 4122 644 4192 Ἀφ’
670 4123 730 4178 οὗ
750 4121 1167 4200 περιεποιήσατό
1195 4140 1285 4199 με,
1317 4119 1524 4196 ῥύσεταί
1543 4141 1611 4195 με
1637 4128 1728 4177 τοῦ
1749 4119 1959 4183 λοιποῦ,

2128 4114 2322 4176 45.Ετ
2343 4131 2466 4189 quo
2499 4130 2593 4173 me
2619 4111 3243 4193 acquisivit,deiuceps
3267 4131 3360 4176 me
3381 4112 3683 4180 liberabit.

395 4212 497 4275 46.
528 4210 632 4273 Καὶ
687 4209 876 4268 λοιπὸν
921 4208 974 4266 ἐν
1024 4212 1100 4283 τῷ
1127 4215 1301 4287 καιρῷ
1341 4213 1438 4276 τῆς
1468 4209 1690 4286 κρίσεως
1722 4209 1962 4268 ἀνταπο-

2123 4203 2227 4266 46.
2286 4202 2362 4264 Et
2431 4201 2674 4266 demum
2754 4202 2967 4282 judicii
3040 4209 3312 4283 tempore
3399 4203 3690 4268 retribuet

323 4301 473 4359 δώσει
523 4324 638 4365 μοι.

623 4349 638 4365 .
1983 4291 2262 4364 ῡωὶὴί.,

458 4325 473 4358 ι
623 4349 638 4365 ο
1983 4325 2027 4354 υ
2046 4325 2049 4353 t

403 4325 501 4451 f7.
523 4325 691 4452 ἵενττᾶ
721 4389 820 4458 τὴν
842 4385 1200 4464 καθαριότητα
1229 4389 1336 4442 τῶν
1368 4384 1535 4465 ἔργων
1567 4410 1692 4463 μου,

2046 4325 2221 4355 ιιιιιιι.

2125 4383 2221 4445 47.
2250 4353 2591 4444 Secundum
2617 4380 2931 4460 puritatem
2951 4398 3215 4444 mearum
3241 4384 3673 4463 operationutn.

397 4478 497 4544 48.
535 4483 641 4544 Τὰς
673 4477 894 4542 ἐντολὰς
923 4475 1083 4533 αὐτοῦ
1115 4474 1262 4555 ἔχων
1292 4475 1345 4532 ἐν
1377 4479 1446 4552 τῇ
1474 4475 1656 4555 καρδίᾳ
1686 4500 1807 4552 μου,

2123 4474 2221 4537 48.
2258 4473 2562 4551 Przecepta
2587 4471 2717 4545 eius
2757 4471 2986 4533 habens
3016 4472 3076 4533 in
3108 4472 3289 4533 corde
3325 4491 3485 4535 meo.

396 4568 498 4634 49.
530 4570 720 4632 Ἐκτὸς
753 4568 914 4624 αὖτοῦ
961 4565 1124 4644 ἑτέρῳ
1154 4569 1249 4623 οὐκ
1289 4563 1599 4642 ὲλάτρευσα,

1544 4587 1599 4628 α.
2125 4562 2225 4626 49.
2256 4563 2436 4625 Extra
2469 4580 2604 4623 eum
2639 4561 2786 4623 nulli
2817 4562 2914 4623 alii
2949 4560 3188 4624 servivi.

401 4656 499 4723 50.
529 4657 667 4717 ’Ὅτι
700 4656 848 4716 οὐδὲν
887 4661 994 4712 τῶν
1024 4653 1253 4711 ἐντολῶν
1310 4657 1466 4711 αὐτοῦ
1523 4654 1828 4724 ἀπόϐλητόν
1850 4656 1960 4714 ἐστι

2123 4652 2225 4716 50.
2253 4651 2548 4724 Quoniam
2581 4651 2808 4713 nullum
2839 4670 3080 4714 suorum
3125 4661 3556 4733 praceptorum
3580 4653 3687 4720 de—

319 4747 447 4828 παρ⁹
482 4748 626 4828 ipsi,
663 4746 799 4804 ἀλλὰ
819 4747 920 4824 πρὸ
965 4743 1249 4824 ὀφθαλμῶν
1283 4765 1386 4820 μου
1416 4742 1534 4824 ἔχω
1558 4747 1712 4806 αὐτά.

2046 4741 2342 4824 spicatum
2377 4748 2467 4802 est
2495 4740 2655 4821 apud
2687 4758 2808 4817 me,
2837 4741 2940 4802 sed
2975 4759 3092 4821 prta
3123 4741 3315 4804 oculis
3373 4748 3522 4805 meis
3557 4743 3688 4824 ipsa

2045 4832 2264 4895 habeo.

403 4927 504 4989 51.
542 4923 644 4987 Καὶ
677 4926 743 4983 τὰ
773 4924 1109 5001 δικαιώματα
1178 4921 1336 4981 αὒτοῦ
1381 4920 1731 4988 ἀδιαλείπτως
1765 4922 1964 5001 μελέτη

2129 4923 2230 4983 51.
2289 4918 2360 4980 Et
2409 4919 2866 5000 justiﬁcationes
2927 4921 3056 5000 ejus
3109 4921 3347 4984 assidua
3390 4921 3693 4987 meditatio

319 5017 422 5094 μού
465 5015 601 5076 ἆστι.

2050 5029 2184 5073 mea
2214 5017 2377 5075 sunt.

402 5105 504 5169 52.
539 5103 643 5168 Καὶ
674 5106 754 5162 ἀεὶ
786 5101 1008 5169 ἄσπιλος
1040 5101 1183 5175 αὐτῷ
1211 5103 1526 5180 τηρηθείην,

2130 5101 2232 5164 5%.
2270 5097 2342 5160 Et
2369 5097 2502 5160 sine
2527 5099 2658 5162 labe
2688 5100 2799 5180 ipsi
2853 5119 3094 5182 semper
3122 5109 3390 5164 servatus
3417 5119 3571 5168 sum.

404 5194 504 5260 53.
544 5198 776 5275 Τηρήσω
826 5195 1052 5270 ἰμαυτὸν
1089 5199 1179 5253 τοῦ
1221 5193 1299 5268 μὴ
1331 5205 1642 5272 περιπεσεῖν
1670 5205 1792 5255 ταῖς
1825 5214 1962 5272 προ..

2129 5188 2230 5252 53.
2265 5185 2608 5251 Custodiam
2643 5207 2738 5250 me
2773 5188 2994 5271 ipsum,
3031 5209 3107 5253 ne
3136 5189 3409 5254 decidam
3443 5191 3508 5254 in
3537 5192 3695 5274 prio-

321 5292 502 5373 τᾶραις
530 5311 634 5366 μου
655 5287 974 5362 ἐπιθυμίαις.
1029 5369 1044 5373 Α
1679 5369 1693 5373 _
1775 5370 1782 5373 μ

2049 5293 2161 5373 res
2179 5293 2344 5373 meas
2382 5275 2761 5373 cupiditates.

405 5364 627 5446 54-56,
662 5373 767 5438 Καὶ
815 5374 870 5431 ἐν
894 5379 967 5450 τῇ
1024 5369 1201 5444 δικαιᾳ
1228 5373 1386 5429 αὐτοῦ
1434 5369 1818 5447 μισθαποδοσίᾳ
1876 5392 1968 5446 μοι

2131 5364 2348 5428 54-56.
2412 5365 2486 5428 Et
2532 5364 2593 5426 iu
2647 5366 2806 5446 justa
2850 5367 2980 5450 ejus
3037 5369 3430 5432 retributione
3483 5369 3694 5435 reddet

325 5469 508 5547 ἀποδῷ
566 5471 641 5526 ὧν
711 5467 1040 5544 εἰργασάμην
1097 5461 1321 5518 ἐνώπιον
1392 5460 1574 5536 αὐτοῦ,
1606 5463 1634 5518 ὁ
1689 5457 1968 5525 ἀποδιδοὺς

2053 5455 2225 5530 mihi,
2255 5471 2388 5547 quae
2416 5462 2698 5547 operatus
2715 5474 2856 5547 sum
2889 5476 3090 5522 coram
3133 5459 3287 5540 ipso,
3319 5458 3420 5539 qui
3449 5459 3692 5523 unicui-

324 5543 534 5635 διάστῲ
561 5559 698 5616 κατὰ
733 5543 955 5634 τὰνῖργα
984 5555 1168 5615 αὑτοῦ.

2053 5564 2170 5630 que
2197 5543 2476 5607 retribuit
2504 5546 2836 5609 secundum
2865 5566 3044 5630 opera
3069 5551 3219 5628 ejus.

406 5691 468 5740 εδ
500 5696 635 5757 Aet.
671 5711 735 5768 ιι,
767 5697 825 5752 7.
913 5691 973 5741 ιι
1005 5689 1150 5751 ibid.
1186 5690 1286 5751 41.
