4062 6216
480 336 600 401 707
1274 342 1333 404 S.
1381 341 1804 405 ATHANASII
1850 338 2011 402 OPP.
2059 339 2272 403 PARS.
2323 339 2408 402 III
2490 372 2554 384 -—-
2608 337 3060 404 EXEGETICA.
3736 342 3843 407 708

560 472 661 538 55.
694 470 765 537 Et
796 474 1125 537 secundum
1163 477 1477 557 puritatem
1515 495 1791 539 manuum
1852 482 2164 538 mearum!

2284 475 2382 532 55.
2422 474 2515 530 Καὶ
2573 474 2708 528 κατὰ
2776 474 2875 540 τὴν
2920 477 3285 552 καθαριότητα
3346 482 3450 532 τῶν
3496 482 3692 557 χειρῶν
3744 500 3837 552 μου

476 562 778 627 retribuet
811 564 978 640 mihi,

2209 561 2568 619 ἂνταποδώσει
2614 585 2728 639 μοι.

560 651 661 715 56.
693 654 755 716 In
779 661 1104 734 conspectu
1151 655 1459 717 oculorum
1489 656 1639 735 ejus.

2292 652 2387 715 56.
2426 651 2685 710 Ἐνώπιον
2717 661 2822 711 τῶν
2871 653 3156 734 ὀφθαλμῶν
3192 656 3372 718 αὗτοῦ.

560 744 660 806 57.
695 746 840 806 Cum
875 752 1076 805 sancto
1111 751 1355 808 sanctus
1390 744 1549 807 eris:

1496 763 1549 807 ;;
2292 742 2389 803 57.
2428 745 2571 799 Μετὰ
2616 744 2760 803 ὁσίου
2791 744 2938 807 ὅσιος
2977 745 3100 821 ἔσῃ,

564 834 663 896 58.
709 830 777 894 Ift
805 852 937 894 cum
971 832 1094 894 viro
1136 834 1456 896 innocente
1487 836 1775 895 innocens
1805 833 1962 895 eris:

1857 833 1962 895 .‘iSZ
2294 832 2393 896 58.
2433 834 2525 890 Καὶ
2556 835 2690 908 μετὰ
2721 832 2903 912 ἀνδρὸς
2938 833 3106 891 ἆθώου
3140 839 3309 901 ἁθὼος
3342 834 3461 913 ἔσῃ’

565 922 665 986 59.
702 921 773 984 Et
805 942 941 984 cum
979 924 1169 985 electo
1212 924 1435 986 electus
1467 925 1615 986 eris:

2293 920 2391 983 59.
2435 925 2531 981 Καὶ
2564 925 2699 998 μετὰ
2731 923 2979 981 ἐκλεκτοῦ
3009 923 3255 987 ἐκλεκτὸς
3292 924 3408 1001 ἔσῃ·

560 1014 662 1078 60.
690 1012 760 1074 Ει
790 1032 923 1075 cum
962 1032 1243 1090 perverso
1279 1014 1660 1095 perverteris.

2291 1012 2393 1076 60.
2432 1014 2526 1070 Καὶ
2560 1015 2693 1087 μετὰ
2739 1011 2991 1090 στρεϐλοῦ
3022 1012 3378 1093 διαστρέψεις,

560 1103 627 1165 61
646 1102 956 1176 .Quoniam
986 1113 1046 1166 tu
1066 1108 1348 1184 populum
1364 1104 1651 1165 humilem
1675 1104 1900 1165 salvum
1926 1103 2127 1165 facies:

1747 1104 1900 1164 lvum
1926 1103 2127 1165 facies:
2294 1102 2394 1165 61.
2432 1102 2562 1159 "Ott
2596 1104 2656 1159 σὺ
2700 1102 2829 1159 λαὸν
2859 1106 3106 1160 ταπεινὸν
3138 1104 3350 1179 σώσεις,

560 1194 662 1257 62.
700 1192 768 1255 Et
801 1193 1010 1254 oculos
1056 1194 1449 1274 superborum
1484 1192 1847 1255 humiliabis.

2295 1195 2395 1257 62.
2435 1199 2530 1251 Καὶ
2563 1194 2861 1276 ὀφθαλμοὺς
2884 1197 3237 1277 ὕπερηιράνων
3277 1199 3649 1260 ταπεινώσεις,

561 1281 663 1347 63.
701 1281 994 1357 Quoniam
1033 1294 1091 1345 tu
1126 1283 1493 1346 illuminabis
1546 1284 1853 1345 lucernam
1913 1300 2125 1363 meam,

1913 1300 2125 1363 meam,
2297 1283 2397 1346 63.
2432 1282 2567 1343 ’Ὅτι
2599 1287 2660 1342 σὺ
2690 1299 2907 1364 ςνωτιεϊς
2940 1284 3141 1365 λύχνον
3173 1310 3294 1361 μου,
3339 1289 3512 1365 Κύριε.

479 1371 765 1436 Domine.

563 1462 661 1526 64.
697 1464 862 1525 Deus
895 1481 1085 1540 meus,
1123 1462 1490 1526 illuminabis
1524 1464 1801 1525 tenebras
1862 1480 2052 1523 meas.

1936 1480 2052 1523 eas.
2298 1462 2378 1525 64
2435 1462 2493 1521 Ὀ
2523 1465 2651 1527 Θεός
2689 1488 2811 1539 μου,
2846 1477 3066 1544 φωτιεϊς
3099 1468 3158 1521 τὸ
3191 1466 3383 1528 σκότος
3417 1490 3540 1542 μου.

564 1552 663 1616 65.
701 1553 990 1625 Quoniam
1028 1554 1084 1615 in
1118 1562 1175 1614 te
1208 1553 1483 1634 eripiara
1515 1554 1869 1615 tentatione:

2299 1556 2401 1619 65.
2436 1554 2573 1614 ”Οτι
2608 1558 2662 1613 ἐν
2692 1560 2774 1613 σοὶ
2804 1558 3132 1635 ρυσθτίσομαι
3167 1560 3271 1616 ἀπὸ
3314 1562 3673 1639 πειραττιρίου,

572 1642 675 1735 66.
704 1646 776 1703 Ει
809 1645 869 1705 in
893 1643 1014 1705 Deo
1052 1662 1182 1735 meo
1214 1642 1626 1735 transgrediar
1648 1661 1904 1705 murum.
2162 1688 2176 1735 ι

2162 1688 2195 1735 Β
2298 1645 2398 1709 66.
2431 1648 2527 1735 Καὶ
2556 1646 2609 1702 ἐν
2641 1654 2718 1721 τῷ
2751 1654 2866 1722 Θεῷ
2898 1670 3000 1721 μου
3020 1646 3381 1727 ὑπερϐήσομαι
3414 1664 3628 1730 τεῖχος.

562 1734 662 1798 67.
693 1735 855 1797 Deus
891 1751 1056 1795 meus
1088 1732 1398 1813 impolluta
1430 1733 1520 1793 via
1561 1734 1690 1812 ejus
1717 1755 1729 1791 :
2164 1732 2166 1734 ’

2164 1732 2189 1735 Ῠ
2300 1736 2400 1797 67.
2430 1734 2490 1793 Ὀ
2525 1737 2653 1801 Θεός
2686 1760 2809 1813 μου,
2860 1735 3085 1813 ἄμωμος
3122 1739 3150 1806 ἦ
3184 1737 3301 1803 ὁδὸς
3334 1742 3510 1797 αὖτοῦ·

562 1822 665 1886 68.
704 1823 952 1904 Eloquia
984 1821 1224 1884 Domini
1248 1824 1383 1900 igne
1415 1823 1769 1884 examinata.

1715 1842 1769 1884 a.
2298 1824 2399 1887 68.
2432 1827 2505 1883 Τὰ
2537 1824 2694 1904 λόγια
2727 1827 2915 1902 Κυρίου
2943 1828 3319 1904 πετωριυμένα.

560 1912 663 1975 69.
692 1914 1001 1975 Protector
1032 1920 1121 1974 est
1174 1912 1443 1974 omnium
1505 1911 1871 1993 sperantium
1933 1912 1989 1972 in
2023 1929 2129 1971 se:

2296 1914 2398 1977 69.
2432 1914 2862 1991 ’Υπερασπιστής
2921 1916 3032 1972 ἑστι
3104 1919 3317 1975 πάντων
3362 1922 3467 1973 τῶν
3536 1917 3854 1989 ὶλπιζόντων

2216 2005 2303 2061 ἐπ’
2350 2006 2529 2061 αὐτόν’

584 2092 682 2157 70.
718 2091 1009 2164 Quoniam
1044 2091 1175 2172 quis
1200 2088 1354 2153 Deus
1376 2100 1589 2172 praeter
1620 2090 1986 2153 Dominum?

1815 2090 1986 2152 tum?
2298 2092 2394 2155 70.
2433 2092 2559 2153 ”Οτι
2600 2097 2677 2161 τίς
2712 2098 2841 2159 Θεὸς
2888 2097 3028 2164 πλὴν
3061 2099 3154 2153 τοῦ
3188 2100 3373 2176 Κυρίου
3405 2119 3419 2172 ;

571 2185 674 2248 71.
701 2186 823 2246 Aut
855 2182 991 2261 quis
1012 2182 1168 2244 Deus
1200 2190 1413 2261 prater
1443 2183 1627 2244 Deum
1664 2191 1927 2244 nostrum
1954 2187 1982 2243 ‘?

1893 2200 1927 2242 η
1954 2187 1982 2243 Ῠ
2301 2185 2365 2246 ’71
2385 2231 2397 2243 .
2434 2182 2521 2240 ’Ἥ
2549 2188 2629 2252 τίς
2661 2188 2792 2251 Θεὸς
2824 2185 2967 2252 πλὴν
2999 2194 3091 2242 τοῦ
3139 2194 3271 2243 Θεοῦ
3298 2191 3456 2263 ἡμῶν
3483 2206 3497 2262 ;

567 2276 667 2338 72.
704 2273 887 2348 Deus,
922 2272 1023 2353 qui
1049 2271 1354 2353 praecinxit
1378 2290 1474 2333 me
1503 2272 1737 2352 virtute,

2292 2273 2391 2337 72.
2431 2275 2489 2333 Ὀ
2524 2280 2651 2341 Θεὸς
2686 2281 2713 2334 ὁ
2750 2278 3117 2355 περιζωννύων
3163 2300 3229 2353 με
3259 2277 3497 2359 δύναμιν,

570 2368 670 2428 73.
707 2367 777 2427 Et
808 2363 1005 2444 posuit
1035 2361 1469 2423 immaculatam
1503 2362 1653 2423 viam
1689 2380 1880 2424 meam
1911 2379 1926 2435 ;

1833 2380 1880 2423 m
1911 2379 1926 2435 ;
2297 2366 2397 2428 73.
2432 2364 2534 2426 Καὶ
2567 2366 2713 2423 ἔθετο
2745 2366 2970 2443 ἄμωμον
3014 2368 3111 2434 τὴν
3157 2365 3274 2423 ὁδόν
3314 2384 3437 2444 μου*

565 2454 668 2517 74.
686 2454 800 2526 Qui
826 2452 1071 2534 perfecit
1090 2451 1271 2531 pedes
1296 2469 1461 2513 meos
1487 2460 1765 2531 tanquam
1790 2470 2125 2525 cervorum,

2302 2454 2397 2515 74.
2434 2454 2897 2536 Καταρτιζόμενος
2942 2459 3063 2521 τοὺς
3112 2455 3275 2521 πόδας
3311 2482 3413 2533 μου
3471 2459 3594 2513 ὡσεὶ
3644 2455 3855 2538 ἐλάφου²

569 2545 667 2607 75.
705 2542 772 2604 Et
801 2560 988 2623 super
1010 2542 1245 2604 excelsa
1270 2548 1543 2605 statuens
1565 2561 1659 2603 me
1685 2563 1696 2602 :

1685 2563 1696 2602 ε
2292 2545 2393 2607 75.
2429 2547 2533 2607 Καὶ
2564 2546 2647 2603 ἐπὶ
2678 2548 2743 2602 τὰ
2773 2545 2955 2622 ὑψηλὰ
2989 2546 3147 2602 ἱστῶν
3192 2569 3279 2620 με·

562 2636 668 2698 76.
708 2633 821 2705 Qui
845 2634 1022 2697 docet
1053 2650 1259 2693 manus
1291 2650 1453 2693 meas
1483 2632 1555 2694 ad
1590 2633 1880 2711 praelium.

1879 2685 1880 2690 η
2293 2634 2393 2697 76.
2437 2633 2711 2693 Διδάσκων
2744 2636 2937 2715 χεῖράς
2971 2659 3071 2712 μου
3107 2638 3181 2700 είς
3226 2639 3483 2707 πό)εμον,

574 2724 673 2785 77.
710 2721 783 2785 Ει
814 2723 1060 2805 posuisti
1092 2740 1294 2784 arcum
1343 2739 1561 2785 aereum
1597 2722 1838 2786 brachia
1868 2740 2038 2784 mea:

2289 2724 2389 2787 77.
2424 2723 2525 2785 Καὶ
2575 2724 2691 2783 ἔθου
2740 2724 2887 2791 τόξον
2945 2724 3182 2804 χαλκοῦν
3240 2732 3360 2791 τοὺς
3393 2728 3684 2806 βραχίονάς
3733 2744 3848 2800 μου.

1635 2884 2046 2949 ATIIANASII
2089 2884 2725 2950 INTERPRETATIO.

571 3046 793 3111 57-60.
836 3050 955 3109 Hoc
984 3047 1152 3119 dicit,
1188 3046 1531 3127 quicunque
1564 3047 2052 3127 praesidet,bujus
2082 3057 2139 3110 et

2305 3048 2524 3113 57-60.
2585 3050 2754 3108 Τοῦτο
2805 3049 2975 3131 λέγει,
3009 3051 3153 3113 ὅστις
3185 3048 3505 3129 προεδρεύει,
3539 3054 3728 3106 τούτο)
3782 3048 3859 3103 καὶ

495 3157 700 3201 mores
732 3137 1023 3215 imitatur,
1057 3146 1116 3199 et
1146 3137 1328 3216 partis
1360 3154 1605 3197 consors
1635 3137 1767 3200 erit.

2254 3140 2343 3202 οὺς
2375 3140 2600 3216 τρόπους
2652 3142 2929 3217 μιμεῖται,
2972 3142 3059 3197 λαὶ
3110 3146 3211 3208 τῆς
3269 3138 3475 3219 μερίδος
3504 3138 3739 3218 μέτοχος
3769 3159 3857 3216 γε·

2154 3257 2198 3310 c
2222 3231 2465 3300 νήσεται,

572 3318 671 3382 6!.
706 3319 783 3379 Se
809 3316 881 3378 ad
910 3325 965 3379 te
1006 3325 1446 3381 convertentes.

1443 3369 1446 3379 .
2306 3318 2373 3381 61
2394 3368 2405 3381 .
2445 3322 2574 3384 Τοὺς
2606 3321 3047 3401 ἐπιστρέφοντας.

572 3406 673 3472 62.
709 3408 1087 3483 Dosmonum,
1110 3425 1436 3489 eorumque
1475 3416 1850 3470 sectatorum.

2308 3408 2407 3471 62.
2442 3416 2557 3468 Τῶν
2614 3408 2908 3489 δαιμόνων,
2946 3434 3032 3467 και
3085 3417 3189 3467 τῶν
3233 3407 3715 3475 ἒξακολουθοόντων
3771 3408 3860 3464 c6-

2226 3513 2369 3561 τοῖς.

575 3586 675 3651 63.
711 3587 929 3650 Oculos
965 3586 1181 3647 mentis
1209 3606 1376 3649 meae.

2310 3587 2410 3652 63.
2444 3592 2571 3653 Τοὺς
2603 3591 2902 3671 ὀφθαλμοὺς
2934 3596 3029 3660 τῆς
3062 3589 3293 3652 διανοίας
3324 3586 3482 3646 αὑτοῦ
3528 3584 3708 3669 [pos].

574 3678 677 3741 64.
714 3674 968 3741 Omnem
1024 3676 1438 3756 cegitationem
1499 3695 1532 3737 a
1591 3674 1828 3737 diabolo
1879 3676 2029 3738 clam
2078 3675 2139 3736 in

2307 3677 2405 3739 64.
2462 3686 2645 3736 Πᾶσαν
2703 3680 2983 3754 ἐνθύμησιν
3044 3679 3099 3735 ἐν
3142 3678 3261 3753 ἐμοὶ
3317 3678 3718 3754 ὑποσπαρετσαν
3772 3676 3862 3731 ὑπὸ

494 3785 589 3829 me
618 3767 1070 3829 dissemiualam
1102 3766 1280 3827 veluti
1312 3786 1345 3828 a
1394 3774 1451 3827 te
1505 3765 1953 3847 procedentem,
1992 3767 2098 3827 hau

2259 3776 2317 3827 06
2343 3766 2589 3826 διαϐόλου
2632 3771 2704 3833 ὠς
2737 3767 2890 3836 δῆθεν
2934 3771 3077 3848 παρὰ
3137 3774 3231 3823 σοῦ
3263 3766 3447 3839 οὖσαν,
3480 3766 3681 3833 ταύτην
3730 3764 3860 3842 γνὼ-

495 3865 698 3917 notam
738 3856 881 3917 mihi
914 3855 1003 3917 fac
1038 3856 1289 3919 alienam
1324 3874 1359 3916 a
1390 3864 1446 3918 te
1475 3873 1634 3935 esse,
1668 3863 1730 3916 ut
1765 3873 1892 3916 eam
1936 3853 2099 3936 repel

2261 3860 2373 3914 ισόν
2404 3881 2496 3935 μοι
2548 3858 2825 3939 ἂλλοτρίαν
2869 3881 2962 3915 σου
3005 3860 3374 3938 ὑπάρχουσαν,
3410 3855 3501 3912 ἵνα
3531 3856 3733 3923 ταύτην
3761 3855 3859 3910 ἀπ·

496 3946 642 4007 lam.

2228 3950 2475 4023 ώσωμαι.

575 4037 675 4098 65.
715 4034 765 4095 Α
795 4033 1190 4113 voluptatibus
1219 4035 1367 4097 vitae.

2308 4037 2407 4101 65.
2441 4039 2557 4097 Τῶν
2588 4037 2789 4107 ὴδονῶν
2823 4049 2913 4099 τοῦ
2942 4040 3077 4115 βίου.

580 4124 678 4187 66.
716 4121 1057 4187 Diabolum.

2303 4128 2406 4191 66.
2445 4131 2547 4188 Τὸν
2576 4128 2840 4191 διάϐολον.

581 4213 683 4276 67.
717 4210 961 4291 Singula
993 4213 1125 4292 ejus
1159 4212 1436 4276 mandata
1476 4216 1698 4279 nullam
1725 4219 2143 4300 reprehensio-

2270 4208 2405 4283 767.
2472 4219 2685 4295 Μεμψιν
2757 4218 2999 4294 οὐδεμίαν
3077 4216 3198 4297 ἔχει
3256 4216 3457 4282 ἑκάστη
3516 4212 3708 4281 ἐντολὴ
3764 4211 3857 4269 αὖ·

499 4320 636 4365 nem
676 4301 917 4363 habent.

732 4301 917 4363 ibent.
2224 4313 2336 4368 τοῦ·

578 4391 678 4457 68.
704 4391 946 4468 Munda,
982 4400 1039 4455 et
1068 4393 1574 4475 Splendidissima.

1561 4443 1574 4457 .
2307 4398 2411 4462 68.
2443 4396 2681 4477 Καθαρὰ,
2730 4397 2951 4477 ὑπερέκλ
2961 4419 3165 4475 αμπρα.

585 4482 684 4544 69.
719 4481 963 4544 Scilicet
993 4492 1415 4564 propugnator,
1447 4483 1748 4561 defensor,
1794 4496 2019 4550 custos.

2308 4489 2409 4551 69.
2448 4487 2589 4547 ’Λνεὶ
2646 4497 2736 4547 τοῦ
2790 4487 3126 4567 ὕπὲρμαχος,
3189 4484 3515 4555 σχεπαστὴς,
3594 4482 3782 4564 φύλαξ,

587 4570 793 4669 70,71.
821 4572 995 4636 Solus
1022 4571 1182 4635 Deus
1200 4591 1375 4635 verus
1402 4594 1418 4651 ;
1450 4576 1578 4657 ipse
1610 4583 1699 4639 est
1720 4574 1876 4637 Deus
1906 4576 1968 4639 in
1992 4577 2141 4640 caelo
2164 4617 2191 4669 ε

2306 4580 2408 4660 70,
2452 4579 2547 4642 71.
2585 4580 2754 4645 Μόνος
2796 4579 2925 4641 Θεὸς
2970 4576 3244 4644 ἀληθινός·
3284 4575 3438 4638 αὒτός
3499 4572 3609 4629 ἔστι
3667 4574 3793 4635 Θεὸς
3816 4569 3864 4625 ιν

498 4670 558 4726 et
588 4662 649 4725 in
681 4670 858 4725 terra.

2164 4662 2203 4669 —
2230 4674 2435 4750 οὐρανῷ
2464 4669 2551 4725 καὶ
2576 4672 2659 4725 ἔπι
2693 4674 2817 4747 γῆς.

582 4753 679 4815 72.
713 4752 943 4834 Spiritu
976 4760 1203 4834 sancto,
1238 4752 1406 4817 dicit.

2312 4756 2409 4820 79.
2441 4760 2512 4817 Τὸ
2541 4757 2689 4836 ἅγιον
2724 4762 2937 4833 Πνεῦμα
2966 4755 3131 4835 λέγει.

584 4841 1087 4905 73.Aberrantem
1104 4860 1137 4903 a
1162 4844 1730 4925 scopo,prtecipiens
1743 4845 1975 4924 angelis
1996 4848 2142 4929 suis,

2308 4847 2411 4909 73.
2446 4847 2788 4905 Ἀπόσκοπον
2846 4844 3213 4920 ἐντειλάμενος
3246 4857 3362 4907 τοῖς
3422 4841 3675 4921 ἀγγέλοις
3723 4842 3864 4896 αὐτοῦ

501 4939 565 4994 ut
600 4950 697 4993 me
727 4932 1093 4993 custodirent
1118 4930 1195 4993 95.

1122 4930 1195 4993 ’5.
2229 4936 2593 5018 διαφυλάττειν
2638 4958 2726 5009 με.

586 5020 687 5085 74.
723 5020 955 5101 En'ecit,
990 5031 1051 5082 ut
1082 5040 1191 5100 ego
1224 5030 1534 5103 serpentes
1553 5032 1610 5086 et
1640 5025 2148 5106 scorpiones,tan-

2316 5028 2411 5089 74.
2450 5037 2815 5101 Καταπατεῖν,
2863 5027 2949 5082 καὶ
2980 5025 3213 5087 φονεύειν
3241 5025 3360 5089 τοὺς
3403 5022 3564 5102 ὄφιας
3756 5019 3863 5080 τοὺς

500 5128 679 5191 quam
713 5110 893 5184 cervi,
928 5111 1341 5174 conculcarem
1373 5122 1547 5195 atque
1577 5114 1943 5178 occiderem.

1823 5133 1943 5178 em.
2231 5118 2513 5195 σκορπίους
2543 5116 2767 5185 ἐτοίησὲ
2797 5139 2887 5193 με,
2922 5118 2996 5175 ὡς
3029 5116 3152 5178 τοὺς
3186 5113 3427 5195 ἐλάφους,

579 5200 681 5262 75.
715 5198 910 5281 Super
940 5210 1239 5281 praecepta
1268 5221 1392 5266 sua.

2312 5208 2416 5271 75.
2453 5206 2574 5265 Ἐπὶ
2605 5208 2697 5271 τὰς
2732 5205 2947 5271 ἔντολὰς
2979 5204 3156 5265 αὖτοῦ.

585 5292 689 5355 76.
723 5291 989 5353 Mentem
1025 5292 1443 5375 meam,inquit
1474 5295 1691 5357 armari
1713 5306 1918 5361 contra
1947 5298 2149 5361 diabo-

2313 5299 2415 5360 76.
2452 5297 2561 5363 Τὴν
2588 5294 2823 5352 διάνοιάν
2868 5318 2970 5371 μου
3026 5293 3169 5373 λέγει
3232 5292 3543 5351 ὁπλίσασθαι
3594 5291 3729 5348 κατὰ
3782 5293 3862 5343 τοῦ

503 5380 650 5443 lum.

2232 5386 2500 5451 διαϐόλου,

591 5470 687 5531 77.
725 5467 998 5532 Validum
1031 5470 1279 5534 effecisti
1310 5490 1413 5535 cor
1441 5492 1637 5538 meum
1664 5495 1741 5539 ne
1768 5495 1864 5539 me
1895 5478 2009 5542 tela
2038 5480 2149 5543 ini-

2314 5479 2410 5542 77.
2445 5478 2554 5545 Τὴν
2597 5474 2809 5556 καρδίαν
2876 5496 2979 5551 μου
3055 5475 3310 5541 ἐποίησας
3354 5472 3605 5554 ἰσχυρὰν,
3665 5468 3755 5527 ἵνα
3802 5467 3861 5523 τὰ

509 5558 649 5622 inici
683 5557 1109 5624 interﬁcerent.

2228 5569 2363 5647 βέλη
2405 5577 2500 5627 τοῦ
2530 5566 2723 5647 ἐχθροῦ
2754 5566 2829 5642 μὴ
2874 5563 3152 5622 Θανατοῦσί
3182 5584 3273 5638 με,

587 5718 654 5770 35
684 5720 843 5783 Psal.
876 5735 971 5799 xc,
1008 5732 1100 5785 ιι.
