4168 6208
329 343 448 413 709
1210 343 1303 406 DE
1348 340 1660 409 TITULIS
1706 336 2193 405 PSAI.MORUM.
2256 376 2317 385 κ
2370 340 2575 406 PSAL.
2632 341 2815 407 XVII.
3583 341 3702 410 710

396 484 502 548 78.
534 480 637 545 Καὶ
680 481 879 546 ἔδωκάς
925 501 1015 556 μοι
1047 480 1447 557 ὑπερασπισμὸν
1479 480 1767 558 σωτηρίας.
1997 480 2035 528 Α

1997 480 2035 528 Α
2137 473 2235 537 78.
2276 473 2346 537 Et
2376 475 2599 538 dedisti
2632 476 2775 537 mihi
2799 480 3231 558 protectionem
3263 478 3496 540 salutis.

404 573 501 638 79.
534 572 637 636 Καὶ
670 576 704 641 ἦ
738 570 877 636 δεξιά
908 591 1001 627 σου
1033 566 1351 626 ἆδτελάϐετό
1386 586 1509 644 μου·

2135 563 2242 627 79.
2273 564 2343 625 Ει
2372 565 2620 627 dextera
2654 574 2751 627 tua
2781 567 3046 647 suscepit
3077 585 3173 628 me
3208 585 3221 629 :

404 661 505 727 80.
535 662 639 725 Κλὶ
670 665 703 731 ἡ
747 659 957 718 παιδεία
1002 680 1095 715 σου
1122 658 1400 737 ἀνώρθωσέ
1431 681 1497 732 με
1530 660 1602 724 εἷς
1635 657 1807 719 τέλες’

2138 652 2237 715 80.
2272 655 2346 715 Et
2377 654 2694 734 disciplina
2728 665 2826 717 tua
2855 657 3114 718 correxit
3147 675 3244 719 me
3274 655 3337 720 in
3381 654 3560 721 ﬁnem
3587 680 3600 721 :

400 751 500 814 81.
539 752 638 814 Καὶ
664 754 699 819 ἡ
735 749 947 808 παιδεία
980 771 1068 811 (ou
1109 746 1244 813 αὖτέ-ἱ
1277 768 1343 822 με
1368 745 1584 814 διδάξει.

2142 743 2239 806 81.
2275 743 2344 804 Et
2372 743 2692 825 disciplina
2727 756 2844 820 tua,
2878 747 3011 825 ipsa
3046 764 3139 806 me
3172 746 3436 810 docebit.

401 839 500 905 82.
533 839 869 903 Ἐπλάτυνας
903 839 968 895 τά
1026 836 1334 913 διαϐήματά
1378 859 1480 911 μου
1541 836 1793 893 ὑποκάτω
1848 855 1971 908 μου,

1780 858 1793 890 ›
1848 855 1971 908 μου,
2139 832 2239 895 8?.
2270 833 2540 897 Dilatasti
2574 854 2815 915 gressus
2848 855 3013 898 meos
3043 836 3254 898 subtus
3291 857 3385 899 me
3413 857 3426 901 :

405 928 505 994 83.
542 929 646 991 Καὶ
681 934 775 989 οὐκ
803 930 1063 997 ἠσθένησε
1096 928 1161 984 τὰ
1193 925 1330 1007 ἴχνη
1359 949 1482 1003 μου,

2140 924 2241 986 83.
2276 925 2351 986 Et
2382 943 2501 986 non
2530 936 2667 986 sunt
2710 927 3006 987 inﬁrmata
3037 926 3279 1005 vestigia
3311 946 3462 991 mea.

407 1018 510 1082 84.
543 1017 869 1085 Καταδιώξω
903 1019 1023 1083 τοὺς
1090 1020 1311 1097 ὶχθρούς
1362 1038 1487 1091 μοι),
1534 1016 1621 1071 καὶ
1663 1014 1976 1090 καταλήψο-

2140 1014 2237 1077 84.
2275 1016 2605 1096 Persequar
2627 1016 2904 1077 inimicos
2930 1024 3186 1092 meos;et
3204 1017 3707 1098 comprehendam

319 1132 420 1187 μαι
462 1110 647 1174 αὐτούς
658 1125 671 1138 ·

581 1110 671 1174 ιύς·
2060 1102 2191 1165 illos
2215 1122 2227 1165 :

410 1198 509 1263 85.
545 1199 648 1260 Καὶ
680 1198 775 1255 οὐκ
833 1198 1344 1276 ἂποστραφήσομαι,
1382 1194 1482 1256 ἕως
1516 1195 1577 1251 ἂν
1634 1194 1981 1252 ἐκλείπωσιν.

1746 1196 1981 1252 είπωσιν.
2151 1194 2247 1255 82).
2281 1191 2352 1254 Et
2382 1213 2500 1255 non
2528 1203 2839 1257 convertar
2869 1196 3058 1259 donec
3090 1198 3392 1261 deﬁciant.

417 1287 520 1351 86.
551 1286 825 1363 Ἐκθλὶψω
877 1288 1095 1365 αὖτοὺσ,
1131 1286 1215 1341 καὶ
1247 1289 1305 1343 οὐ
1330 1285 1407 1360 μὴ
1464 1283 1717 1341 δύνωνται
1769 1289 1979 1349 στῆναι⁶

1898 1299 1979 1339 αι’
2150 1282 2245 1343 86.
2283 1284 2664 1363 Confringam
2698 1285 2871 1361 illos;
2908 1304 3016 1349 nec
3044 1296 3321 1366 poterunt
3350 1296 3544 1351 stare:

408 1376 481 1439 87
498 1419 516 1439 .
547 1384 835 1436 Πεσοῦνται
867 1378 969 1436 ὑπὸ
1002 1378 1123 1439 τοὺς
1155 1372 1322 1438 πόδας
1357 1396 1477 1449 μου.

2148 1372 2250 1436 87.
2284 1373 2507 1437 Cadent
2535 1373 2745 1436 subtus
2782 1376 2964 1455 pedes
3000 1396 3180 1439 meos.

412 1466 512 1530 88.
545 1465 650 1527 Καὶ
676 1465 1002 1545 περιέζωσάς
1036 1486 1103 1541 με
1132 1464 1354 1540 ούναμιν
1390 1466 1464 1528 εἰς
1496 1464 1759 1538 πόλεμον’

2152 1462 2252 1527 88.
2286 1462 2354 1524 Et
2386 1464 2742 1543 praecinxisti
2773 1484 2866 1527 me
2896 1465 3113 1529 virtute
3139 1468 3209 1529 ad
3244 1469 3459 1530 bellum
3490 1488 3502 1528 :

409 1554 511 1617 89.
547 1554 905 1620 Συνεπόὸισας
958 1556 1165 1618 πάντας
1223 1556 1343 1616 τοὺς
1404 1552 1851 1629 ἐπανισταμένους
1901 1552 1985 1609 ἐπ’

2150 1553 2247 1615 89.
2282 1554 2357 1614 Et
2387 1553 2781 1635 supplantasti
2838 1573 3051 1618 omnes
3092 1557 3469 1637 insurgentes
3500 1559 3558 1619 in
3593 1576 3708 1639 me,

325 1646 424 1723 ὶμὲ
465 1647 715 1703 ὑποκάτω
762 1669 888 1722 μου.

785 1669 888 1704 ιου.
2063 1642 2278 1706 subtus
2318 1662 2431 1703 me.

410 1734 507 1797 90.
543 1733 647 1796 Καὶ
676 1738 796 1797 τοὺς
830 1736 1052 1815 ἐχθρούς
1086 1757 1187 1809 μου
1217 1732 1419 1797 ἔδωκάς
1454 1755 1541 1807 μοι
1573 1738 1764 1790 νῶτον·

2144 1733 2245 1795 90.
2280 1730 2647 1794 Etinimicos
2683 1752 2845 1795 meos
2872 1734 3092 1798 dedisti
3126 1737 3269 1798 mihi
3303 1739 3545 1802 dorsum
3574 1760 3586 1803 :

402 1828 504 1885 91.
538 1822 642 1885 Καὶ
673 1826 795 1890 τοὺς
841 1824 1127 1900 μισοῦντάς
1163 1845 1229 1898 με
1275 1821 1691 1901 ἐξωλόθρευσας.
2002 1843 2041 1892 Β

1538 1844 1691 1884 υσας.
2002 1843 2041 1892 Β
2142 1823 2246 1883 91.
2280 1822 2350 1883 Ει
2384 1822 2659 1883 odientes
2694 1842 2789 1885 me
2821 1824 3184 1905 disperdisti.

413 1913 515 1975 99.
556 1912 895 1990 Ἰείκέκραξαν,
930 1915 1018 1970 καὶ
1050 1914 1143 1969 οὒκ
1172 1914 1237 1980 ἧν
1268 1916 1294 1969 ὁ
1328 1911 1535 1983 σώζων·

2143 1911 2241 1975 92.
2284 1912 2723 1994 Clamaverunt,
2760 1932 2870 1975 nec
2904 1923 3028 1975 erat
3060 1917 3161 1994 qui
3194 1918 3393 1979 salvos
3445 1918 3706 1995 faceret;

404 2002 504 2067 93.
539 2006 677 2083 Πρὸς
711 2002 929 2083 Κύριον,
964 2007 1051 2059 καὶ
1081 2004 1176 2059 οὐκ
1197 2004 1504 2071 εἷσήκουσεν
1534 2002 1732 2061 αὐτῶν,

2141 2002 2239 2066 93.
2276 2002 2369 2065 Ad
2396 2002 2712 2064 Dominum
2742 2025 2756 2084 ;
2794 2022 2904 2065 nec
2932 2005 3230 2067 exaudivit
3260 2025 3386 2071 eos.

354 2124 361 2130 ·
405 2092 504 2156 94.
537 2091 641 2154 Καὶ
698 2092 941 2150 λεπτυνῶ
985 2094 1171 2155 αὐτοὺς
1231 2093 1358 2147 ὡσεὶ
1410 2091 1573 2171 χνοῦν
1604 2090 1741 2146 κατὰ
1803 2090 1973 2167 πρόσ-

2139 2092 2239 2155 94.
2268 2090 2337 2152 Et
2366 2092 2766 2154 comminuam
2790 2112 2892 2155 eos
2920 2101 2981 2155 ut
3005 2096 3312 2175 pulverem
3338 2106 3475 2161 ante
3496 2099 3707 2163 faciem

325 2204 474 2240 ωπον
514 2182 732 2259 ἀνέμου·

616 2198 732 2259 μου·
2065 2184 2262 2245 venti:

406 2272 509 2335 95.
540 2272 636 2335 Ὠς
668 2270 846 2339 πηλὸν
875 2276 1142 2329 πλατειῶν
1174 2271 1347 2327 λεανῶ
1379 2272 1593 2332 αὖτούς,

2144 2272 2245 2335 95.
2278 2269 2351 2335 Ut
2384 2271 2571 2333 lutum
2616 2272 2941 2353 platearum
2977 2274 3193 2337 delebo
3229 2296 3351 2339 eos.

412 2362 513 2425 96.
550 2359 726 2420 Ῥῦσαί
752 2382 819 2435 με
851 2361 956 2418 ἀπὸ
988 2361 1305 2440 ἀντιλογιῶν
1337 2359 1493 2420 λαοὺ’

2149 2362 2248 2425 96.
2286 2360 2465 2441 Eripe
2502 2381 2595 2424 me
2618 2362 2694 2423 de
2719 2364 3305 2429 contradictionibus
3334 2367 3539 2449 populi
3575 2389 3588 2432 :

410 2453 513 2513 97.
550 2450 921 2522 Καταστήσεις
953 2473 1019 2527 με
1058 2454 1128 2517 εἰς
1164 2451 1404 2531 κεφαλὴν
1434 2449 1618 2512 ἐθνῶν,

2149 2452 2247 2515 97.
2285 2450 2623 2513 Constitues
2655 2470 2750 2513 me
2781 2452 2840 2513 in
2873 2462 3047 2535 caput
3069 2456 3358 2534 gentium.

417 2542 513 2606 98.
556 2544 722 2617 Λαὸς,
754 2540 812 2598 ὄν
844 2545 945 2601 οὖπ
989 2541 1178 2621 ἔγνων,
1210 2541 1481 2601 ἐδούλευσε
1522 2564 1634 2617 μοι,

2153 2541 2251 2605 98.
2282 2540 2545 2622 Populus
2568 2560 2746 2623 quem
2781 2561 2901 2604 non
2951 2547 3223 2628 cognovi,
3257 2546 3497 2611 servivit
3549 2547 3700 2611 mihi

1477 2701 1888 2768 ATHANASII
1933 2700 2567 2769 INTERPRETATIO.

415 2863 518 2928 78.
546 2862 784 2933 Ἐδωκάς
855 2888 947 2942 μοι
1007 2868 1109 2945 γὰρ
1164 2866 1565 2942 ὕπερασπισμὸν
1620 2868 1710 2923 τὸν
1755 2866 1976 2945 σταυρόν

2142 2862 2395 2928 78.Nam
2419 2864 2637 2928 dedisti
2664 2864 2812 2928 mihi
2836 2884 3075 2929 crucem
3105 2877 3265 2931 tuam
3298 2868 3359 2930 in
3384 2872 3710 2950 protectio-

338 2978 456 3015 σου.

2060 2973 2220 3018 nem.

422 3044 523 3109 79.
554 3043 612 3103 Ὀ
646 3046 765 3110 Υἱός
806 3067 900 3103 σου
942 3043 1259 3105 ἀντελάϐετό
1305 3068 1428 3119 μου,

1424 3094 1428 3107 .
2151 3044 2247 3106 79.
2284 3042 2467 3106 Filius
2495 3052 2630 3105 tuus
2659 3047 2921 3127 suscepit
2956 3064 3070 3108 me.

420 3134 521 3209 80,
556 3134 654 3198 81.
690 3146 761 3194 Τὸ
821 3138 1134 3214 πτωχεῖωαί
1178 3157 1259 3209 σε,
1292 3134 1461 3215 λέγει,
1495 3136 1582 3193 καὶ
1612 3135 1847 3214 γενέσθαι
1882 3134 2039 3191 ἄνα-Ο

2147 3133 2247 3213 80,
2283 3134 2383 3196 8|.
2422 3132 2751 3214 Pauperem
2818 3136 3003 3216 inquit
3040 3146 3097 3197 et
3136 3137 3442 3200 hominem
3506 3149 3563 3201 te
3628 3142 3717 3204 fa-

338 3227 549 3305 θρωπον
577 3224 854 3305 ἀνώρθωσέ
884 3247 974 3301 με,
1022 3227 1107 3282 καὶ
1150 3222 1340 3289 διδάξει
1371 3246 1461 3300 με.

2063 3231 2224 3285 ctum
2263 3240 2420 3296 esse,
2453 3224 2713 3285 correxit
2739 3243 2857 3301 me,
2894 3233 2953 3285 et
2977 3225 3219 3289 docebit
3253 3247 3368 3290 me.

425 3313 526 3377 82.
556 3311 886 3379 Ἐπλάτυνας
944 3315 1043 3382 τὴν
1102 3312 1317 3393 καρδίαν
1360 3337 1483 3389 μου,
1529 3323 1622 3372 τοῦ
1673 3316 1978 3383 πορεύεσθαί

2141 3312 2239 3374 82.
2278 3313 2547 3375 Dilatasti
2573 3331 2677 3373 cor
2732 3332 2953 3394 meum,
2991 3324 3054 3375 ut
3090 3318 3477 3395 procederem
3514 3324 3574 3379 in
3605 3320 3716 3382 viis

344 3425 410 3481 με
435 3403 490 3460 ἒν
519 3418 639 3466 ταῖς
677 3403 823 3468 ὁδοῖς
867 3427 981 3467 σου,
2061 3401 2201 3465 luis.

422 3490 523 3554 83.
548 3496 608 3551 Αἱ
638 3495 946 3569 ἐνθυμήσεις
969 3515 1093 3570 μου.

2150 3492 2249 3553 83.
2276 3490 2673 3569 Cogitationes
2706 3510 2872 3555 meae.

425 3583 525 3648 84,
565 3584 932 3663 Περιγὲνωμαι
965 3586 1072 3640 τῶν
1116 3582 1394 3661 λογισμῶν
1445 3591 1538 3641 τοῦ
1587 3584 1776 3663 ἐχθροῦ
1811 3581 1864 3637 ἒν
1913 3588 1990 3655 τῷ

2158 3581 2253 3641 84.
2291 3580 2695 3643 Consiliorum
2729 3580 2977 3664 inimici,
3003 3600 3211 3645 eorum
3241 3585 3526 3647 malitiam
3557 3595 3719 3650 ante-

356 3675 548 3756 φθάσαι
579 3697 646 3750 με
676 3675 777 3741 τὴν
807 3674 994 3731 κακίαν
1025 3676 1219 3732 «tam.

1092 3676 1219 3731 τών.
2079 3671 2365 3733 vertendo
2389 3670 2581 3733 victor
2612 3688 2738 3735 ero.

429 3764 529 3829 85.
560 3763 666 3827 Καὶ
696 3764 753 3821 οὔ
788 3766 1059 3840 παύσομαι
1091 3762 1191 3825 ἕως
1237 3764 1299 3819 ἅν
1330 3763 1634 3823 ἆνιστῶσιν.

2158 3759 2258 3823 85.
2293 3762 2417 3823 Nec
2440 3760 2717 3841 cessabo,
2755 3760 2945 3823 donec
2974 3761 3307 3841 insurgunt.

430 3854 529 3919 86,
569 3854 753 3921 Διώξω
783 3855 994 3934 αὐτοὺς,
1032 3854 1116 3910 οιαὶ
1160 3855 1253 3910 οὐκ
1282 3852 1712 3924 ἀντιστήσονται,

1674 3876 1712 3915 ι,
2161 3850 2260 3911 86.
2294 3849 2631 3928 Persequar
2663 3869 2789 3923 eos,
2826 3870 2937 3913 nec
2968 3855 3315 3915 consistent.

430 3944 528 4007 87.
564 3942 840 4010 ’Υποτάξω
870 3945 1055 4008 αὐτοὺς
1086 3942 1177 3999 ὑπ’
1208 3942 1325 4017 ἐμέ.

2163 3942 2259 4001 87.
2291 3939 2413 4002 Sub
2448 3958 2542 4000 me
2574 3960 2675 4001 eos
2697 3939 3034 4020 subjiciam.

433 4032 532 4099 88.
570 4034 899 4113 Περιέζωσάς
951 4054 1018 4109 με
1074 4034 1175 4101 τὴν
1210 4033 1370 4113 χάριν
1426 4042 1519 4091 τοῦ
1575 4033 1726 4111 ἁγίου
1757 4033 1999 4108 Πνεύμα-

2163 4030 2264 4092 88.
2300 4028 2668 4091 Przecinxisti
2710 4049 2804 4092 me
2860 4032 3044 4110 gratia
3082 4034 3273 4094 sancti
3332 4034 3587 4114 Spiritus
3616 4038 3724 4118 tui,

353 4125 443 4187 τός
494 4145 589 4181 σου
646 4123 699 4179 ἒν
757 4123 892 4199 αὐτῇ
953 4121 1279 4196 ὁπλίζεσθαι,
1341 4122 1429 4178 καὶ
1486 4121 1817 4180 ἀνθίστασθαι
1877 4134 1999 4195 ταῖς

1877 4134 1999 4195 ταῖς
2084 4127 2151 4182 ut
2174 4118 2301 4200 ipsa
2329 4128 2589 4181 armatus
2616 4119 2842 4182 diaboli
2887 4121 3124 4185 insidiis
3149 4123 3520 4188 resisterem.

354 4211 646 4290 μεθοδείαις
677 4220 770 4271 τοῦ
811 4210 1083 4271 διαϐόλοο.
1313 4276 1330 4292 ο

434 4302 533 4364 89.
574 4302 829 4369 ’Ἔδωκάς
886 4325 976 4377 μοι
1062 4300 1296 4367 ἐξουσίαν
1352 4305 1542 4358 παεεῖν
1594 4302 1773 4359 ἐπάνω
1830 4300 2000 4380 ὄφεων

2162 4300 2263 4363 89.
2296 4298 2655 4361 Potestatem
2692 4300 2841 4362 mihi
2861 4300 3080 4363 dedisti
3102 4301 3527 4365 deambulandi
3551 4322 3731 4385 super

358 4394 442 4450 καὶ
504 4393 797 4473 σκορπίων,
830 4392 917 4448 καὶ
980 4392 1066 4450 ἐπὶ
1122 4398 1295 4448 πᾶσαν
1359 4388 1574 4467 δύναμιν
1633 4391 1723 4448 τοῦ
1781 4390 1996 4469 ἐχθροῦ.

2082 4400 2394 4473 serpentes
2422 4398 2479 4451 et
2510 4391 2857 4473 scorpiones
2886 4401 2945 4453 et
2985 4412 3165 4475 super
3194 4412 3434 4457 omnem
3461 4402 3726 4475 potesta-

2086 4489 2209 4518 ιο...
2244 4478 2475 4518 ε..;...;..;

2086 4489 2209 4542 tem
2244 4478 2499 4541 inimici.

439 4571 541 4635 90.
574 4570 834 4634 ’Ἕδωκάς
872 4593 965 4647 μοι
999 4571 1185 4635 αὖτοῦς
1220 4573 1578 4653 ὑποχειρίους.

1305 4573 1578 4653 ›χειρίους.
2170 4568 2273 4633 90.
2305 4567 2424 4630 E08
2456 4568 2601 4630 mihi
2630 4568 2951 4650 subjecisti.

438 4661 540 4725 91.
575 4664 703 4725 Τοὺς
739 4660 1011 4737 δαίμονας.

999 4710 1011 4725 .
2173 4660 2273 4723 91.
2309 4660 2645 4723 Daemones.

438 4749 541 4833 92,
574 4750 677 4814 93.
742 4748 894 4812 Κατὰ
952 4753 1014 4808 τὸ
1071 4749 1444 4830 γεγραμμένον
1486 4752 1541 4807 ἓν
1581 4748 1903 4829 Εὖαγγελίῳ’
1954 4758 2014 4812 Τί

2177 4747 2279 4824 92,
2313 4749 2412 4823 93,
2448 4748 2961 4821 Quemadmodum
2991 4751 3050 4811 in
3096 4752 3416 4832 Evangelia
3446 4754 3732 4835 scriptum

358 4843 499 4918 ἡμῖν
556 4843 644 4898 καὶ
692 4842 796 4917 σοὶ,
856 4839 1060 4917 ἰησοῦ,
1119 4841 1205 4897 Υἱὲ
1262 4848 1354 4898 τοῦ
1426 4847 1557 4898 Θεοῦ
1616 4842 1708 4896 τοῦ
1735 4840 2003 4916 Winei);

2100 4847 2191 4903 est
2225 4861 2238 4898 :
2276 4837 2435 4914 Quid
2460 4838 2653 4917 nobis,
2687 4845 2739 4899 et
2770 4839 2902 4919 tibi,
2934 4837 3082 4902 Jesu
3116 4840 3238 4903 Fili
3274 4844 3379 4903 Dei
3406 4840 3737 4905 altissimi?

362 4930 520 4999 ἦλθες
564 4932 667 5011 πρὸ
705 4940 890 5010 καιροῦ
912 4929 1200 4987 ἀπολέσθαι
1234 4932 1400 5005 ἡμᾶς,

2090 4930 2313 4993 venisti
2342 4936 2485 4990 ante
2516 4935 2745 5005 tempus
2770 4931 3022 5007 perdere
3051 4948 3160 4992 nos
3188 4928 3260 4991 9⁸.

445 5019 547 5083 94.
584 5020 770 5078 Ἠνίκα
820 5019 1113 5099 ἒμφυσῆσω
1151 5021 1331 5082 αὐτοῖς
1388 5019 1609 5098 ἀφανεῖς
1668 5021 2007 5099 γενήσονται.

1970 5044 2007 5083 ι.
2176 5020 2274 5081 94.
2308 5017 2454 5081 Cum
2486 5026 2691 5079 contra
2722 5036 2825 5078 eos
2870 5018 3183 5082 insufﬂabo
3214 5021 3610 5100 disperibuut.

447 5109 549 5172 95.
582 5107 881 5185 Ἐξαλείψω
914 5113 1101 5173 αὖτοῦς
1145 5109 1204 5164 ἐκ
1233 5114 1331 5176 τῆς
1366 5107 1576 5187 καρδίας
1600 5132 1729 5182 μου.

1571 5132 1729 5182 ῖμου.
2177 5109 2276 5170 95.
2312 5105 2396 5168 Ex
2429 5106 2609 5167 corde
2641 5124 2774 5167 meo
2809 5107 3061 5170 abolebo
3094 5129 3217 5171 eos.

448 5199 551 5264 96.
594 5199 771 5257 Ῥὖσαί
802 5198 987 5273 μεηὲκ
1034 5204 1140 5255 τῶν
1177 5198 1727 5279 ἂντιστρατευομένων
1785 5198 1839 5254 ἐν
1898 5212 2016 5265 τοῖς

2180 5196 2279 5260 96.
2314 5195 2495 5276 Eripe
2528 5213 2622 5256 me
2654 5214 2723 5257 ex
2755 5196 3180 5276 voluptatibus,
3215 5217 3347 5279 quae
3372 5198 3431 5260 in
3459 5197 3744 5261 membris

364 5288 579 5367 μέλεσίν
625 5312 727 5366 μου
759 5287 983 5357 ἡδονῶν.

2103 5284 2251 5347 meis
2285 5282 2539 5345 militant
2567 5292 2774 5346 contra
2808 5302 2923 5347 me.

450 5379 551 5442 97.
585 5376 1003 5456 Κατακυριεύειν
1033 5401 1101 5455 με
1143 5384 1250 5436 τῶν
1281 5379 1495 5437 ἰθνικῶν
1526 5379 1783 5458 πράξεων.

2182 5374 2282 5437 97.
2318 5371 2411 5434 Ad
2449 5372 2875 5435 dominandum
2922 5374 3252 5441 actionibus
3287 5376 3658 5457 gentilitatis.

446 5466 668 5531 98-99.
707 5470 827 5547 Περὶ
854 5477 946 5526 τοῦ
995 5470 1338 5550 κηρύγματος
1388 5470 1493 5525 τῶν
1525 5469 1686 5526 ἐθνῶν
1730 5468 1899 5547 λέγει,
1930 5470 2017 5525 καὶ

2185 5463 2286 5538 98,
2318 5462 2418 5524 99.
2453 5460 2537 5523 De
2598 5462 3046 5546 praedicatione,
3078 5485 3210 5547 qua;
3257 5466 3535 5544 gentibus
3589 5467 3739 5529 facta

366 5560 467 5630 τῆς
502 5560 741 5627 ὑπακοῆς
771 5560 836 5616 αι’)
845 5565 967 5621 τῶν.

2107 5562 2196 5618 est
2227 5553 2518 5633 loquitur,
2545 5561 2604 5614 et
2628 5553 2704 5616 de
2732 5571 2937 5617 earum
2964 5555 3324 5620 obedientia.
3432 5626 3438 5633 _

442 5690 502 5742 ’θ
530 5691 733 5758 Matth.
778 5711 905 5774 vui,
931 5694 1030 5759 29.
