4168 6208
277 301 396 366 749
1105 298 1202 362 DE
1245 295 1558 362 ’l‘lTULIS
1601 297 2090 361 PSALMORUM.
2139 331 2212 343 —
2257 292 2466 359 PSAL.
2522 294 2809 359 XXVIII.
3535 299 3650 394 ’150

581 435 808 512 Ψαλμὸς
839 443 917 510 τῷ
965 431 1145 508 Δαϐὶδ,
1192 431 1366 499 ἐξόδου
1398 438 1623 500 σκηυῆς.
1946 458 1980 500 Α
2201 432 2227 492 Ι

1946 458 1980 500 Α
2201 431 2473 495 Psalnms
2497 430 2724 507 David,
2749 431 2942 492 exitus
2973 446 3004 492 θ
3037 431 3451 494 tabernaculo.

923 529 1092 584 ΨΑΛ.
1130 522 1272 584 KH'.
2550 520 2569 580 ¹

2550 519 2692 584 PSA
2707 518 2775 584 L.
2821 517 3114 582 XXVIII.

364 621 418 675 1.
459 616 743 695 Ἐνέγκατε
786 622 863 689 τῷ
891 612 1092 692 Κυρίῳ,
1119 615 1217 669 υἱοὶ
1250 619 1382 669 Θεοῦ
1416 630 1430 642 '

1379 643 1382 662 .
1416 630 1430 642 ο
2087 614 2146 675 1.
2179 612 2402 674 Αίΐθνιθ
2432 609 2706 684 Domino,
2743 609 2848 670 ﬁlii
2878 609 3025 679 Dei;

359 705 422 768 9.
464 704 750 783 Ἐνέγκατε
777 711 852 777 τῷ
895 702 1072 782 Κυρίῳ
1099 703 1239 764 υἱοὺς
1271 708 1464 780 κριῶν,

2087 703 2146 765 2.
2179 704 2400 768 AtIerte
2431 700 2683 762 Domino
2715 699 2871 760 ﬁlios
2899 699 3175 762 arietum.

360 792 419 857 3.
455 791 742 873 Ἐνέγκατε
785 801 862 867 τῷ
894 793 1071 869 Κυρίῳ
1100 789 1252 856 δόξαν
1281 792 1367 847 καὶ
1398 792 1584 866 τιμήνο

2087 791 2143 852 3.
2180 793 2405 854 Aﬁ‘erte
2438 791 2686 851 Domino
2715 787 2960 867 gloriam
2995 796 3052 848 et
3083 790 3371 852 honorem
3402 815 3414 852 :

357 884 416 945 4.
451 880 736 960 Ἐνέγκατε
780 905 857 956 τῳ
888 879 1066 958 Κυρίῳ
1099 879 1252 945 δόξαν
1283 880 1504 954 ὀνόματι
1539 884 1716 939 αὒτοῦ·

2084 883 2143 942 4.
2180 882 2407 944 Aﬁ'erte
2438 879 2689 942 Domino
2720 878 2972 958 gloriam
3007 879 3236 940 numini
3263 881 3397 960 ejus
3430 900 3442 941 :

360 974 419 1035 5.
453 973 867 1050 Προσκυνήσατε
895 993 970 1044 τῳ
1007 971 1177 1048 Κυρίῳ
1220 971 1274 1025 ἐν
1321 966 1456 1043 αὐλῇ
1487 970 1609 1046 ἁγίᾳ
1640 973 1818 1027 αὒτοῦ.

2087 971 2148 1033 5.
2181 972 2444 1034 Adorate
2467 968 2782 1032 Dominum
2814 968 2875 1029 in
2907 971 3060 1029 atrio
3087 978 3294 1030 sancto
3330 973 3485 1051 ejus.

358 1060 416 1120 6.
449 1063 612 1128 Φωνή
636 1059 828 1137 Κυρίου
871 1061 956 1116 επὶ
987 1066 1094 1116 τῶν
1122 1057 1326 1116 ὑδάτων
1361 1077 1376 1094 ο

2087 1061 2145 1124 6.
2184 1062 2310 1122 Vox
2335 1059 2576 1121 Domini
2618 1076 2800 1137 super
2829 1075 3010 1138 aquas
3047 1074 3058 1118 :

364 1151 417 1212 7.
448 1150 508 1208 Ὀ
545 1153 674 1215 Θεὸς
707 1152 804 1218 τῆς
836 1148 991 1217 δόξης
1026 1147 1314 1228 ἐϐρόντησε
1351 1165 1362 1175 '

2088 1153 2144 1207 7.
2185 1148 2344 1211 Deus
2379 1146 2708 1228 majestatis
2739 1147 2999 1208 intonuit
3029 1168 3044 1218 ;

361 1237 424 1301 8.
456 1237 646 1317 Κύριος
677 1241 763 1296 ἐπὶ
806 1238 1010 1296 ὑδάτων
1040 1238 1280 1299 πολλῶν,

2088 1242 2147 1299 8.
2187 1238 2476 1300 Dominus
2506 1254 2688 1316 super
2716 1253 2900 1316 aquas
2931 1235 3165 1299 multas.

360 1327 419 1392 9.
452 1330 614 1396 Φωνὴ
648 1331 834 1406 Κυρίου
878 1329 932 1383 ἐν
959 1329 1140 1407 ἰσχύϊ⁹

2087 1331 2149 1393 9.
2185 1328 2305 1391 Vox
2339 1326 2577 1391 Domini
2609 1327 2667 1387 in
2702 1331 2915 1388 virtute
2951 1349 2962 1389 :

368 1418 462 1480 10.
491 1419 652 1484 Φωνῆ
683 1415 878 1492 Κυρίου
911 1417 965 1472 ἐν
998 1416 1447 1495 μεγαλοπρεπείᾳ.

2097 1421 2190 1482 10.
2227 1421 2349 1480 Vox
2378 1418 2618 1481 Domini
2649 1417 2708 1477 in
2744 1415 3205 1495 magniﬁcentia.

364 1508 460 1569 11.
499 1508 664 1573 Φωνὴ
700 1507 885 1583 Κυρίου
907 1505 1269 1584 συντρίϐοντος
1295 1505 1533 1584 κέδρους’

2103 1511 2188 1571 11.
2228 1511 2350 1570 Vox
2384 1507 2616 1570 Domini
2649 1505 3078 1585 confringentis
3107 1506 3319 1569 cedros
3350 1530 3364 1570 :

365 1595 464 1658 12.
505 1599 602 1654 Καὶ
647 1599 913 1675 συντρίψει
948 1598 1134 1674 Κύριος
1179 1597 1273 1660 τὰς
1305 1593 1519 1674 κέδρους
1554 1603 1643 1651 τοῦ
1675 1595 1921 1653 Λιῦάνουο

1859 1615 1921 1653 δ’δ’
2098 1600 2191 1661 12.
2229 1600 2300 1660 Et
2328 1597 2664 1675 confringet
2692 1595 2983 1658 Dominus
3015 1595 3233 1658 cedros
3256 1596 3460 1660 Libani
3492 1623 3505 1659 :

367 1685 463 1749 l3.
502 1688 598 1744 Καὶ
626 1685 880 1743 λεπτυνεϊ
929 1686 1090 1750 αὑτὰς
1151 1687 1224 1749 ὡς
1254 1687 1348 1741 τὸν
1391 1686 1602 1765 μόσχον
1663 1694 1753 1742 τοῦ
1785 1685 1925 1766 [τὸν]

2102 1690 2192 1749 t3.
2225 1687 2294 1748 Et
2324 1687 2692 1748 comminuet
2721 1702 2822 1746 eas
2871 1693 3149 1764 tanquam
3201 1685 3444 1749 vitulum
3478 1687 3659 1753 Liba-

279 1773 535 1834 Λιεάνοιν
1954 1814 1988 1861 Β
2015 1777 2074 1839 1ιὶ
2115 1800 2128 1840 Σ

367 1865 466 1926 14.
499 1868 596 1924 Καὶ
629 1869 656 1922 ὁ
688 1866 1036 1944 ἡγαπημὲνος
1069 1868 1142 1929 ὡς
1171 1866 1282 1926 υἱὸς
1317 1865 1716 1942 μονοκερώτων.
2098 1863 3052 1946 14.ΕιάὶΙθοιιιειιυθῐηε(ιῐηοι1οω
3075 1864 3655 1933 ﬁliusunicornium.

371 1958 466 2019 15,
499 1957 662 2022 Φωνὴ
700 1958 884 2026 Κυρίου
913 1954 1295 2016 διακόπτοντος
1328 1953 1502 2032 φλόγα
1534 1955 1718 2032 πυρός,

2096 1958 2189 2020 15.
2226 1955 2350 2020 Vox
2383 1955 2615 2018 Domini
2671 1953 3092 2016 intercidentis
3123 1956 3421 2018 ﬂammam
3472 1958 3651 2039 ignis.

367 2045 464 2108 16.
497 2050 658 2112 Φωνῆ
694 2047 881 2124 Κυρίου
908 2045 1242 2104 συσσείοντος
1266 2043 1466 2122 ἔρημον
1499 2060 1512 2074 ·

2101 2051 2197 2108 its.
2233 2048 2355 2109 Vox
2385 2045 2620 2107 Domini
2642 2044 3044 2107 concutientis
3075 2045 3377 2108 desertum
3412 2065 3424 2109 :

1453 2203 1858 2268 ATHANASll
1903 2205 2552 2274 INTERPRETA'I‘IO.

371 2366 436 2423 ’Β
465 2367 791 2444 προκειμένη
822 2369 1093 2448 ἒπιγραφὴ
1139 2367 1382 2447 περιέχει
1413 2367 1464 2442 (1
1479 2373 1495 2439 )
1526 2384 1540 2398 ⁸
1603 2367 1824 2442 Ψαλμὸς
1884 2393 1958 2444 τῳ
2018 2368 2197 2449 Δαϐὶδ,
2256 2367 2429 2435 ἐξόδου
2475 2367 2677 2434 σκηνῆς
2714 2385 2729 2401 ⁶
2769 2366 3066 2447 τουτέστιν,
3129 2370 3156 2423 6
3187 2369 3401 2446 ψαλμδς
3448 2393 3523 2444 τῳ
3569 2371 3656 2452 (2)

289 2454 450 2513 Δαόὶό
473 2455 713 2534 εἴρηται,
745 2458 862 2534 περὶ
891 2459 966 2512 ὧν
997 2458 1195 2537 ὀφείλει
1226 2456 1452 2521 ἕκαστος
1490 2459 1803 2538 προσφέρειν
1865 2468 2002 2540 Θεω,
2056 2463 2116 2516 τὸ
2161 2460 2356 2537 ἀγαθὸν
2400 2460 2526 2536 [τῶν
2576 2454 2807 2536 ἀγαθῶν]
2840 2455 2901 2512 ἐκ
2925 2461 3024 2523 τῆς
3053 2452 3270 2533 καρδίας
3307 2459 3492 2538 αὐτοῦ,
3520 2459 3659 2539 ἔργῳ

284 2549 372 2604 καὶ
399 2545 547 2622 λόγῳ
581 2565 593 2578 ·
632 2546 693 2602 ἑκ
721 2547 819 2625 γὰρ
850 2551 950 2612 τῆς
983 2545 1197 2626 καρδίας
1231 2546 1603 2624 ἐκπορεύονται
1629 2549 1823 2606 πάντα.
1865 2551 1961 2605 Διὰ
1995 2549 2151 2605 τοῦτο
2183 2550 2339 2605 εἶπεν
2369 2566 2381 2580 ⁸
2419 2544 2630 2613 Ἐξόδου
2658 2545 2886 2626 σκηνῆς,
2919 2543 3063 2622 λέγω
3090 2542 3146 2600 δὲ
3175 2547 3240 2602 τὰ
3265 2547 3660 2624 ἐκπορευόμενα

285 2636 347 2693 ἐκ
390 2641 489 2703 τῆς
519 2635 760 2716 καρδίας.

366 2722 593 2785 Titulus
616 2725 968 2806 praepositus
1000 2724 1270 2787 continet
1305 2746 1318 2787 :
1355 2725 1638 2788 Psalmus
1668 2725 1888 2798 David,
1922 2730 2126 2790 exitus
2151 2746 2183 2790 ε
2215 2725 2614 2790 tabernaculo
2639 2741 2654 2786 :
2681 2740 2899 2805 nempe
2933 2723 3196 2803 psalmus
3223 2745 3259 2786 a
3289 2725 3515 2788 Davide
3536 2727 3656 2789 die

290 2823 386 2874 tus
417 2821 509 2875 est
536 2812 612 2875 de
643 2812 718 2874 iis
748 2832 879 2894 qua
910 2813 1164 2894 quisque
1192 2812 1371 2876 debet
1401 2815 1619 2876 offerre
1648 2813 1797 2887 Deo,
1836 2814 1991 2878 bona
2021 2834 2086 2876 ex
2122 2815 2304 2878 corde
2337 2833 2464 2890 suo,
2496 2831 2678 2894 opere
2707 2821 2765 2876 et
2812 2829 3092 2874 sermone
3119 2832 3134 2888 ;
3177 2830 3247 2874 ex
3281 2814 3463 2876 corde
3493 2815 3653 2879 enim

283 2903 490 2965 omnia
518 2902 870 2983 procedunt.
904 2904 1046 2967 Ideo
1080 2903 1274 2984 inquit
1309 2925 1321 2962 :
1369 2903 1587 2966 Exitus
1619 2923 1649 2965 e
1683 2904 2093 2976 tabernaculo,
2132 2923 2346 2986 nempe
2377 2905 2660 2966 exeuntia
2693 2922 2762 2965 ex
2785 2901 2990 2965 corde.

374 2997 428 3056 1.
588 2996 717 3060 Τοὺς
746 2995 1078 3061 ἀποστόλους
1113 2995 1281 3073 λέγει.

1189 3017 1281 3073 γειο
2095 2999 2150 3058 1.
2175 2998 2490 3076 Apostolos
2521 2997 2835 3076 signiﬁcat.

371 3084 432 3145 9.
468 3085 598 3147 Τοὺς
631 3087 873 3158 μαθητὰς
895 3091 1003 3140 τῶν
1027 3084 1366 3144 ἀποστόλων,
1465 3143 1470 3150 ,
1953 3091 1992 3138 C

1355 3131 1366 3144 .
1465 3143 1470 3150 .
1953 3091 1992 3138 C
2098 3090 2157 3147 2.
2197 3087 2532 3169 Discipulos
2563 3085 3001 3166 apostolorum.

370 3174 432 3236 3.
465 3175 568 3231 Τὸν
599 3173 650 3238 ἐξ
693 3172 954 3232 Ἰουδαίων
985 3177 1072 3230 καὶ
1104 3173 1155 3240 ἐξ
1187 3175 1349 3232 ἐθνῶν
1381 3174 1528 3234 λαόν.

2101 3177 2160 3240 3.
2197 3177 2487 3257 Populum
2511 3195 2580 3237 ex
2608 3174 2834 3238 Iudaeis
2867 3185 2926 3236 et
2957 3173 3253 3252 gentibus.

372 3265 430 3325 4.
467 3265 596 3328 Τοὺς
654 3265 1035 3329 πιστεύσαντας
1094 3287 1168 3337 τῳ
1229 3266 1424 3344 Κυρίῳ,
1475 3266 1562 3320 καὶ
1616 3264 1933 3326 ἐλπίσαντας

2102 3266 2159 3326 4.
2196 3267 2529 3329 Credentes
2562 3265 2836 3338 Domino,
2871 3277 2934 3325 et
2972 3263 3034 3324 in
3081 3264 3210 3342 ejus
3240 3266 3484 3329 nomine
3514 3285 3655 3349 spe—

287 3375 374 3428 τῳ
402 3353 620 3428 ὀνόματι
651 3356 831 3414 αὐτοῦ,

595 3374 620 3408 τι
651 3356 831 3414 αὐτοῦ.
2020 3351 2241 3416 ran'tes.

376 3444 436 3505 5.
469 3440 561 3500 Ἐν
588 3464 657 3519 τῃ
701 3443 813 3499 ἅνω
859 3441 1236 3522 Ἰερουσαλὴμ,

2099 3444 2157 3507 5.
2195 3446 2256 3506 In
2285 3460 2547 3521 superna
2568 3442 2921 3505 Jerusalem.

371 3532 429 3594 6,
463 3533 536 3589 T6
561 3533 811 3609 κήρυγμα
843 3533 917 3596 εἱς
948 3533 1015 3588 τὰ
1058 3531 1204 3598 ἔθνη.

2093 3535 2152 3596 6.
2190 3531 2544 3596 Praedicatio
2584 3532 2643 3592 in
2682 3530 2982 3610 gentibus.

376 3621 427 3681 ’7.
465 3623 536 3678 T6
570 3624 780 3692 Πνεῦμα
823 3622 884 3676 τὸ
943 3618 1094 3697 ἅγιον
1137 3621 1237 3686 τὴν
1281 3621 1467 3677 ἑαυτοῦ
1497 3621 1787 3690 παρουσίαν
1847 3618 1930 3675 ἐπὶ

2095 3623 2152 3686 7.
2183 3622 2441 3701 Spiritus
2473 3627 2716 3684 sanctus
2765 3620 2854 3681 sui
2900 3617 3090 3699 ipsius
3121 3620 3439 3684 adventum
3479 3643 3661 3706 super

285 3712 410 3775 τοὺς
441 3709 794 3773 ἀποστόλους.

686 3731 794 3773 ους.
2011 3711 2332 3793 apostolos.

369 3799 430 3863 8,
464 3798 696 3872 Ὀμοίως
743 3797 797 3855 ἐν
827 3811 946 3863 τοῖς
990 3799 1158 3856 ἔθνεσι
1187 3801 1249 3854 τὸ
1279 3800 1531 3877 κήρυγμα
1561 3799 1742 3861 αὐτοῦ,

1639 3806 1742 3861 τοῦ.
2095 3803 2152 3862 8.
2191 3801 2336 3863 Item
2370 3803 2499 3878 ejus
2531 3797 2870 3879 praedicatio
2903 3798 2961 3857 in
2983 3798 3285 3877 gentibus.

369 3889 431 3952 9.
468 3891 540 3946 T6
567 3889 819 3966 κήρυγμα
848 3888 1008 3944 αἰδτοῦ
1036 3889 1206 3945 ποιῶν
1235 3887 1318 3967 (4)
1361 3886 1630 3964 δυνάμεις,

1617 3938 1630 3952 .
2094 3891 2155 3954 9.
2189 3889 2332 3971 Ejus
2365 3887 2706 3969 praedicatio
2741 3886 2965 3948 faciens
2997 3887 3263 3952 virtutes.

372 3979 473 4041 10.
515 3980 581 4036 Τὸ
624 3976 797 4052 ὄνομα
829 3977 1018 4055 Κυρίου
1039 3976 1464 4051 ἐνδοξαζόμενον.

2103 3984 2194 4043 10.
2220 3978 2449 4040 Nomen
2484 3975 2722 4040 Domini
2754 3975 3169 4054 gloriﬁcatum.

375 4069 473 4130 11.
507 4068 640 4130 Τοὺς
685 4064 938 4141 δαιμονας
967 4065 1136 4145 λέγει,

2097 4071 2196 4132 ll.
2231 4068 2544 4130 Daemones
2565 4064 2884 4145 signiﬁcat.

375 4159 470 4220 12.
497 4157 626 4219 Τοὺς
657 4154 1002 4220 διδασκάλους
1034 4162 1139 4212 τῶν
1169 4155 1438 4212 Ἰουδαίων
1471 4155 1642 4234 λέγει,

1628 4205 1642 4220 .
2097 4159 2192 4220 η.
2227 4157 2534 4236 Signiﬁcat
2567 4155 2875 4232 magistros
2897 4155 3266 4218 Judzeorum.

377 4245 475 4307 13.
510 4245 691 4308 Οὕτως
721 4247 988 4324 συντρίψει
1011 4246 1130 4311 τοὺς
1161 4243 1424 4324 ἄρχοντας
1448 4246 1535 4302 καὶ
1565 4248 1656 4302 τὸν
1678 4244 1806 4303 λαὸν
1827 4249 1933 4303 τῶν

2100 4251 2196 4310 13.
2230 4246 2315 4308 Ita
2345 4245 2682 4324 confringet
2714 4244 3019 4326 principes
3049 4254 3108 4305 et
3135 4247 3386 4326 populos
3415 4250 3655 4314 Judteo-

289 4335 584 4415 Ἰουδαίωι,
641 4338 712 4400 ὡς
763 4336 975 4415 μόσχον
1029 4337 1088 4392 ὃν
1119 4334 1376 4402 ἐποίησαν
1410 4336 1462 4391 ἓν
1493 4359 1559 4411 τῃ
1611 4335 1817 4416 ἐρήμῳ,
1874 4339 1930 4395 ὃν

2016 4355 2171 4411 rum,
2208 4347 2271 4397 ut
2303 4335 2759 4416 vitulum,quem
2794 4334 2852 4394 in
2880 4351 3082 4395 eremo
3113 4334 3402 4414 fecerant,
3430 4343 3657 4422 Moyses

292 4426 542 4484 ίλέπτυνε
577 4429 834 4490 Μωΰσῆς,

750 4429 834 4490 ἧς.
2019 4424 2396 4487 comminuit.

377 4516 472 4579 14.
510 4515 607 4573 Καὶ
637 4517 665 4570 6
695 4513 823 4579 λαὸς
851 4515 879 4570 6
912 4516 1100 4576 πιστὸς
1133 4515 1412 4594 ἔχεικατὰ
1439 4514 1532 4570 τοῦ
1563 4514 1814 4591 μετώπου
1845 4521 1934 4575 αὒ-

2103 4517 2194 4578 14.
2236 4513 2302 4576 Et
2335 4513 2586 4594 populus
2631 4511 2824 4574 ﬁdelis
2855 4511 3032 4572 habet
3063 4510 3124 4572 in
3155 4511 3349 4574 fronte
3380 4533 3485 4576 sua
3515 4536 3653 4580 cor-

291 4615 384 4665 τοῦ
425 4605 582 4682 κέρας
613 4601 844 4682 ὑψηλὸν,
889 4603 961 4665 ὡς
992 4605 1098 4669 υἱὸς
1124 4605 1531 4682 μονοκερώτων.

1501 4626 1531 4664 ι.
2020 4623 2098 4665 nu
2121 4605 2435 4678 elevatum,
2465 4613 2527 4664 ut
2558 4603 2715 4664 ﬁlius
2749 4599 3147 4663 unicornium.

372 4695 473 4758 15.
509 4691 649 4751 ’Ὅτε
699 4692 826 4750 εἶπε
891 4714 967 4764 τῳ
1023 4691 1198 4770 λῃστῃ
1225 4711 1239 4726 ⁸
1298 4694 1426 4750 Μετ’
1472 4694 1602 4770 ἒμοῦ
1647 4698 1743 4773 ἔσῃ
1776 4695 1830 4752 ἐν
1859 4719 1935 4770 τῳ

2105 4696 2197 4758 15.
2229 4692 2476 4766 Quando
2508 4692 2657 4754 dixit
2714 4689 2926 4751 latroni
2963 4709 2976 4750 :
3039 4688 3244 4752 Hodie
3274 4708 3504 4756 mecum
3535 4700 3659 4767 eris

290 4782 616 4863 παραδείσῳ.

2021 4787 2086 4846 in
2103 4782 2389 4864 paradiso
2419 4781 2491 4840 εί.

377 4874 474 4937 16.
505 4872 786 4938 Ἀκίνητον
829 4869 955 4927 ὄντα
997 4873 1090 4928 τὸν
1144 4873 1346 4948 κόσμον
1376 4879 1474 4940 τῆς
1506 4871 1935 4954 είδιυλολατρείας

2104 4875 2199 4936 16.
2241 4871 2548 4945 Mundum,
2583 4868 2686 4950 qui
2715 4867 2787 4929 ab
2842 4865 3177 4928 idololatria
3233 4870 3503 4932 amoveri
3538 4887 3658 4934 non

294 4964 597 5042 μετήγαγεν
629 4961 700 5025 είς
745 4961 922 5016 πίστιν
952 4963 980 5017 6
1007 4959 1162 5039 λόγος
1190 4963 1361 5020 αὐτῶν

2021 4971 2272 5045 poterat,
2309 4977 2507 5022 sermo
2536 4957 2940 5039 apostolorum
2965 4956 3223 5018 traduxit
3251 4956 3314 5019 in
3345 4955 3550 5021 ﬁdem.

371 5120 420 5164 ⁵⁸
455 5123 599 5183 Luc.
623 5135 798 5197 nm,
828 5119 930 5183 43.

1319 5256 1618 5323 Addenda
1644 5263 1710 5323 et
1737 5258 2115 5337 corrigenda
2143 5275 2222 5322 ex
2251 5255 2392 5321 cod.
2425 5254 2624 5318 Vatic.

397 5440 458 5522 1)
493 5441 559 5499 Ἦ
603 5439 688 5499 διὰ
716 5441 815 5510 τῆς
842 5437 1206 5520 κινναϐάριιικσ
1224 5461 1346 5519 περ.
2220 5437 2435 5522 Ποιοῦν.

396 5519 452 5591 2)
488 5528 613 5587 Τοῦ.

397 5598 460 5681 3)
494 5601 569 5664 Ν.
601 5604 656 5667 1.
692 5601 753 5659 ot
783 5600 1025 5683 ἄγγελοι.

2090 5519 2177 5598 (5)
2199 5521 2391 5579 Αὐτοῦ.

745 5602 753 5658 l
783 5600 1000 5683 ἄγγελοι
1013 5647 1025 5662 .
