4168 6208
370 409 478 473 797
1194 405 1292 469 DE
1337 407 1651 470 TITULIS
1693 406 2184 469 PSALMORUM.
2233 439 2311 450 —
2356 407 2566 468 PSAL.
2618 405 2918 466 XXXVII.
3631 406 3742 470 798

443 547 542 607 28.
578 543 681 607 Καὶ
724 544 851 600 ὼσεὶ
893 542 1091 608 ἄλαλος
1123 545 1218 600 οὒιι
1248 542 1478 620 ἀνοίγων
1502 543 1564 599 τὸ
1597 543 1768 617 στόμα
1800 544 1958 600 αὐτοῦ
1990 558 2006 573 ⁶
2032 558 2071 608 Α

1936 549 1958 600 3
1990 558 2006 573 °
2032 558 2071 608 A
2172 542 2272 606 98.
2308 545 2376 605 Et
2397 541 2549 603 sicut
2576 547 2772 603 mutus
2806 558 2922 601 non
2955 544 3232 620 aperiens
3261 558 3330 602 os
3360 559 3531 604 suum
3569 559 3582 604 :

441 635 544 697 29.
581 636 677 695 Καὶ
720 634 986 712 ἐγενόμην
1008 636 1135 691 ὡσεὶ
1166 632 1442 709 ἄνθρωπος
1472 633 1567 688 οὐκ
1600 633 1831 706 ἁκούων,

2174 631 2272 693 29.
2310 629 2378 690 Et
2408 630 2596 692 factus
2630 649 2761 690 sum
2793 629 2949 692 sicut
2980 629 3156 692 homo
3193 648 3310 691 non
3342 629 3614 711 audiens,

441 728 544 786 30'
580 726 676 782 Καὶ
699 725 792 782 οὒκ
821 724 968 802 ’ἐγων
999 723 1053 779 ἐν
1085 730 1159 798 τῷ
1188 724 1415 796 στόματι
1445 726 1603 781 αὖτοῦ
1647 721 1924 800 ἑλεγμούς,

2176 721 2275 783 30.
2313 721 2381 782 Et
2411 739 2530 782 non
2564 719 2791 782 habens
2822 719 2882 780 in
2915 739 3016 781 ore
3049 738 3156 780 suo
3186 719 3657 798 redargutiones.

442 816 542 878 31.
579 812 713 871 ’Ὅτι
741 816 832 870 ἐπὶ
863 815 971 893 σοὶ,
1020 814 1199 891 Κύριε,
1234 811 1436 879 ἤλπισα
1475 828 1488 841 ⁸

2175 811 2277 873 31.
2314 809 2600 882 Quoniam
2633 811 2694 872 in
2729 819 2805 882 te,
2841 809 3113 880 Domine,
3147 809 3376 888 speravi
3417 827 3430 872 :

441 905 541 968 3'2.
577 907 648 960 Σὺ
679 904 988 982 εἰσακούσῃ,
1024 904 1178 982 Κύριε
1211 905 1238 958 ὁ
1285 903 1412 966 Θεός
1460 924 1584 974 μου.

2177 899 2252 963 32
2285 897 2374 962 Tu
2405 899 2687 961 exaudies
2717 917 2836 966 me.
2872 898 3128 961 Domine
3160 902 3318 961 Deus
3351 917 3537 962 meus.

441 993 539 1058 33.
570 992 703 1052 ”Οτι
734 993 916 1064 εἶπον,
968 994 1186 1063 Μήποτε
1250 991 1553 1071 ἐπιχαρῶσί
1607 1013 1698 1066 μοι
1747 993 1794 1047 οἱ
1825 993 2010 1072 ἐχθροί

2174 988 2270 1053 33.
2303 988 2451 1062 Quia
2481 989 2623 1062 dixi,
2686 988 3019 1069 Nequando
3081 988 3564 1068 supergaudeant
3597 988 3738 1050 mihi

359 1107 460 1158 μου
499 1101 512 1114 ⁸

2092 1078 2322 1141 inimici
2358 1081 2471 1140 mei
2506 1098 2519 1138 :

441 1171 537 1236 34.
578 1175 672 1231 Καὶ
703 1173 758 1230 ἐν
789 1179 866 1245 τῷ
900 1170 1216 1237 σαλευθῆναι
1265 1166 1427 1234 πόδας
1459 1191 1585 1244 μου,
1633 1167 1718 1225 ἐπ’
1751 1169 1843 1245 ἐμὲ
1875 1169 2006 1245 ἐμε-

2169 1170 2270 1232 34.
2306 1170 2378 1231 Ει
2406 1169 2549 1231 dum
2582 1176 3032 1230 commoventur
3059 1166 3240 1247 pedes
3265 1167 3402 1242 mei,
3432 1185 3613 1248 super
3642 1185 3737 1228 me

357 1261 862 1341 γαλορῥημόνησαν.

2091 1275 2304 1336 magna
2334 1260 2512 1320 locuti
2549 1266 2710 1320 sunt.

440 1351 543 1413 35.
579 1351 715 1411 ’Ὅτι
748 1353 857 1429 ἐγὼ
894 1353 966 1413 εἷς
1001 1350 1265 1427 μάστιγας
1299 1348 1534 1422 ἕτοιμος·

2169 1349 2271 1411 35.
2308 1347 2599 1420 Quoniam
2633 1367 2741 1425 ego
2775 1349 2831 1408 in
2867 1348 3098 1428 ﬂagella
3129 1356 3363 1429 paratus
3390 1367 3551 1417 sum.

436 1441 535 1502 36.
573 1444 669 1499 Καὶ
725 1442 754 1508 ἦ
786 1439 1038 1519 ἀλγηδών
1083 1461 1186 1514 μου
1231 1438 1460 1494 ἐνώπιόν
1503 1439 1604 1514 μού
1635 1437 1744 1494 ἐστι
1776 1435 2004 1495 διαπαν-

2169 1438 2267 1500 36.
2301 1437 2370 1499 Et
2397 1437 2567 1500 dolor
2603 1455 2770 1499 meus
2811 1439 2874 1499 in
2912 1446 3234 1518 conspectu
3281 1454 3414 1501 meo
3444 1450 3535 1499 est
3567 1453 3732 1498 sem-

358 1533 474 1597 τός.
2091 1547 2222 1609 per.

435 1621 532 1683 37.
573 1620 703 1680 ’Ὅτι
727 1623 826 1688 τὴν
854 1623 1076 1697 ἀνομίαν
1108 1641 1209 1694 μου
1235 1618 1342 1696 ἐγὼ
1374 1617 1676 1696 ἀναγγελῶ,

2164 1620 2568 1692 37.Quoniam
2592 1617 2962 1700 iniquitatem
2987 1635 3178 1681 meam
3204 1636 3312 1696 ego
3343 1614 3729 1679 annuntiabo:

434 1713 533 1774 38.
571 1714 668 1772 Καὶ
699 1715 1012 1792 μεριμνήσω
1034 1711 1166 1785 ὑπὲρ
1191 1711 1289 1776 τῆς
1323 1709 1584 1786 ἁμαρτίας
1612 1731 1740 1784 μου.

1645 1731 1740 1767 .ου.
2163 1710 2261 1770 38.
2300 1710 2375 1771 Et
2406 1707 2679 1788 cogitabo
2717 1725 2822 1786 pro
2857 1716 3102 1786 peccato
3137 1726 3291 1768 meo.

437 1800 535 1865 39.
565 1805 624 1860 Οἱ
651 1802 705 1858 δὲ
732 1803 913 1882 ἐχθροί
943 1821 1044 1875 μου
1075 1803 1228 1872 ζῶσι,
1281 1800 1369 1854 καὶ
1414 1801 1827 1877 κεκραταίωνται
1870 1796 1999 1876 ὑπὲρ

2167 1797 2263 1860 39.
2301 1797 2533 1860 Inimici
2554 1807 2751 1859 autem
2777 1797 2892 1858 mei
2925 1797 3214 1872 vivunt,et
3245 1793 3737 1859 conﬁrmatisunt

357 1891 479 1968 ἰμὲ.

2023 1905 2063 1956 Β
2086 1905 2280 1966 super
2306 1905 2401 1948 me
2441 1909 2452 1950 :

433 1981 533 2044 40.
585 1983 681 2039 Καὶ
725 1979 1125 2047 ἐπληθύνθησαν
1171 1981 1218 2034 οἱ
1249 1976 1524 2054 μισοῦντές
1557 1999 1624 2052 με
1658 1976 1872 2042 ἀδίκως.

2163 1978 2263 2040 40.
2300 1978 2373 2039 El
2408 1975 2787 2056 multiplicati
2820 1987 2985 2050 sunt,
3025 1974 3128 2052 qui
3189 1975 3444 2036 oderunt
3478 1993 3572 2037 me
3606 1974 3726 2035 ini-

2085 2085 2224 2147 que.

426 2159 525 2222 41.
559 2163 618 2220 0i
640 2156 1075 2222 ἀνταποδιδόντες
1101 2179 1192 2232 μοι
1223 2157 1366 2212 κακά
1394 2153 1510 2212 ἀντὶ
1537 2155 1771 2234 ἀγαθῶν,

2161 2157 2262 2219 41.
2294 2155 2403 2228 Qui
2439 2153 2783 2218 retribuunt
2816 2154 2963 2216 mihi
3000 2155 3150 2217 mala
3186 2172 3291 2236 pro
3326 2153 3521 2234 bonis,

427 2249 527 2312 42.
562 2249 930 2312 Ἐνδιέϐαλλον
1003 2270 1095 2322 με,
1163 2245 1278 2302 ἐπεὶ
1343 2243 1665 2304 κατεδίωκον
1715 2248 1996 2325 ἀγαθωσύ-

2160 2247 2260 2310 42.
2295 2245 2699 2309 Detrabebant
2729 2245 2900 2320 mihi,
2937 2245 3216 2326 quoniam
3269 2243 3566 2324 sequebar
3615 2243 3723 2303 bo-

349 2363 443 2408 νην
478 2343 588 2420 (a).

2080 2334 2351 2400 nitatem.

425 2428 527 2494 43.
563 2431 654 2498 Μὴ
685 2427 1046 2508 ἐγκαταλίπῃς
1082 2450 1172 2504 με,
1210 2428 1396 2506 Κύριε,

2160 2428 2259 2489 43.
2295 2426 2379 2488 Ne
2414 2425 2799 2508 derelinquas
2829 2444 2945 2501 me,
2980 2424 3238 2487 Domine
3273 2447 3284 2489 :

429 2520 528 2582 44.
567 2519 628 2578 Ὀ
661 2528 786 2586 Θεὸς
831 2541 960 2598 μου,
995 2519 1070 2594 μὴ
1101 2518 1340 2595 ἀποστῇς
1372 2517 1463 2575 ἀπ’
1497 2519 1646 2591 ἐμοῦ.

2156 2517 2258 2579 44.
2297 2516 2456 2579 Deus
2490 2533 2680 2590 meus,
2718 2533 2792 2577 ne
2824 2514 3177 2577 discesseris
3208 2533 3241 2576 a
3274 2533 3368 2576 me
3406 2561 3419 2576 .

426 2610 522 2674 45,
558 2612 800 2690 Πρόαχες
833 2611 906 2672 εἰς
931 2609 1026 2676 τὴν
1055 2607 1304 2685 βοήθειάν
1341 2631 1464 2684 μου,
1501 2607 1685 2688 Κύριε,
1736 2611 1836 2673 τῆς
1873 2628 1988 2662 σω-

2156 2606 2255 2670 45.
2287 2605 2538 2669 Intende
2567 2605 2628 2666 in
2651 2604 3015 2685 adjutorium
3051 2605 3544 2682 meum,Domine
3565 2603 3721 2666 Deus

353 2703 534 2778 τηρίας
578 2723 704 2767 μου.

2077 2695 2286 2757 salutis
2316 2713 2487 2759 meae.

430 2868 515 2951 (a)
549 2872 616 2935 In
648 2877 808 2934 textu
840 2867 1055 2948 legitur
1074 2866 1437 2942 δικαιοσύνην,
1473 2865 1580 2930 sed
1611 2885 1794 2949 supra
1815 2868 2076 2948 ascripta

997 2886 1055 2932 n-
1074 2866 1437 2942 δικαιοσύνην,
1473 2865 1580 2930 sed
1611 2885 1794 2949 supra
1815 2868 2137 2948 ascriptum
2174 2873 2265 2930 est
2289 2867 2643 2945 ἀγαθοσήντιν.

1486 3035 1905 3102 ATHANASII
1950 3033 2579 3102 INTERPBETATIO.

418 3237 517 3301 28,
551 3237 660 3296 Οὔκ
680 3236 1147 3315 ἀνταπειριναμην
1173 3234 1257 3315 (1)
1309 3237 1516 3300 αὐτοῖς.
2001 3245 2043 3296 C

1446 3248 1516 3300 ις.
2001 3245 2043 3296 c
2149 3233 2244 3294 28.
2276 3232 2398 3295 Nec
2430 3235 2516 3294 eis
2547 3239 2755 3294 contra
2786 3231 3092 3312 respondi.

415 3329 513 3390 29.
550 3325 808 3397 Ἀνήκοος
850 3324 1085 3401 διέμενον
1120 3326 1196 3401 μὴ
1235 3324 1456 3404 πληρῶν
1501 3324 1630 3405 ὅπερ
1663 3324 1878 3394 ἤθελον.

2149 3324 2249 3388 ‘29.
2289 3323 2477 3387 Veluti
2510 3342 2628 3385 non
2649 3323 2901 3386 audiens
2923 3321 3237 3385 manebam
3271 3341 3389 3385 non
3434 3321 3712 3402 implens,

2066 3414 2225 3493 quod
2261 3413 2558 3476 volebant.

417 3503 518 3568 30.
549 3505 647 3569 Ὠς
672 3509 749 3582 μὴ
781 3504 1064 3580 δυνάμενος
1112 3505 1296 3570 αὑτοὺς
1343 3503 1610 3586 ἐλέγχειν,

2146 3502 2245 3567 30.
2282 3502 2586 3584 Tanquam
2620 3522 2738 3565 non
2769 3501 2970 3564 valens
3002 3521 3107 3565 eos
3135 3502 3520 3580 redarguere.

419 3593 518 3659 31.
554 3594 688 3654 "Ott
721 3597 792 3660 εἷς
827 3598 886 3652 τὸ
918 3594 1062 3658 ἔλεός
1097 3616 1212 3666 σου,
1253 3595 1428 3672 Κύριε,
1453 3593 1674 3661 ἤλπισα.

2145 3591 2243 3654 31.
2281 3591 2573 3664 Quoniam
2613 3592 2673 3653 in
2711 3591 3122 3654 misericordia
3153 3603 3273 3667 tua,
3303 3592 3717 3670 Domine,spe-

1789 3728 1794 3734 ε
2066 3699 2187 3742 raw
2200 3728 2214 3740 .

419 3773 518 3848 32.
551 3775 646 3830 Διά
696 3781 850 3832 τοῦτο
909 3775 1235 3837 εὶσαχούσεις
1268 3771 1372 3852 (2),
1415 3773 1569 3851 Κύριε
1616 3777 1643 3830 ὂ
1690 3774 1818 3838 Θεός
1853 3796 1975 3848 μου.

2147 3771 2579 3852 3'2.Propterea
2610 3771 2897 3834 exaudies
2927 3771 3305 3846 me,Domine
3337 3772 3496 3835 Deos
3517 3789 3706 3834 mens.

419 3863 516 3926 33.
553 3863 688 3922 ’Ὅτι
736 3868 894 3920 εἷπον
935 3880 950 3894 ’
987 3864 1164 3943 Κύριε,
1213 3863 1302 3918 ἐὰν
1369 3866 1443 3931 μή
1501 3864 1808 3940 εἶσακούσῃς
1857 3885 1978 3939 μου,

2145 3863 2244 3925 33.
2281 3861 2444 3939 Quia
2495 3864 2670 3925 dixi:
2710 3861 2982 3941 Domine,
3037 3863 3087 3925 si
3149 3881 3244 3924 me
3295 3881 3412 3923 non
3447 3861 3711 3935 exaudis,

334 3955 616 4033 χαίρονται
658 3956 705 4010 οἱ
734 3955 919 4034 ἐχθροί
967 3975 1090 4027 μου,

2068 3952 2334 4029 gaudent
2357 3952 2579 4013 inimici
2617 3952 2750 4013 mei.

415 4043 518 4105 34.
554 4045 650 4102 Καὶ
684 4043 737 4099 ἐν
797 4047 867 4117 τῷ
910 4043 1014 4099 ἀπὸ
1059 4043 1325 4108 ἀσθενείας
1371 4043 1582 4099 πίπτειν
1645 4065 1738 4118 με,
1786 4043 1984 4100 ἐκεῖνοι

2151 4044 2247 4107 34.
2287 4046 2357 4107 Et
2383 4063 2516 4106 cum
2551 4064 2672 4126 prae
2705 4045 3046 4106 inﬁrmitate
3096 4044 3331 4119 decido,
3388 4045 3472 4106 illi
3511 4044 3703 4106 exsul»

334 4132 722 4211 ἀγαλλιῶνται.

573 4156 722 4194 ινται.
2070 4142 2219 4196 tant.

413 4223 513 4286 35.
549 4221 681 4280 ”Οτι
713 4225 1006 4299 ὑπόκειμαι
1036 4229 1102 4300 τῇ
1135 4224 1318 4293 αἰωνίᾳ
1347 4223 1438 4280 κο)
1453 4225 1588 4281 ἀσει.

2150 4224 2248 4288 35.
2287 4223 2575 4296 Quoniam
2609 4224 2901 4286 obnoxius
2938 4246 3070 4287 sum
3131 4235 3355 4288 aaterno
3390 4225 3709 4306 supplicio.

415 4313 514 4376 36,
548 4311 651 4374 Καὶ
683 4316 742 4368 τὸ
776 4321 876 4390 πῦρ
905 4315 965 4369 τὸ
999 4312 1211 4368 αἰώνιον
1247 4311 1350 4379 ἤδη
1384 4311 1695 4392 προὸλέπω,

2142 4316 2244 4379 36.
2280 4313 2350 4376 Ει
2372 4315 2494 4395 jam
2531 4314 2826 4394 prospicio
2857 4316 3052 4393 ignem
3087 4327 3397 4377 mternum.

415 4400 514 4465 37.
557 4402 1016 4479 Ἐξομολογοῦμαί
1048 4425 1132 4457 σοι
1166 4405 1266 4469 τὴν
1301 4404 1522 4476 ἀνομίαν
1557 4425 1678 4477 μου.

2141 4409 2242 4468 37.
2275 4404 2619 4468 Conﬁtebor
2648 4405 2750 4466 tibi
2785 4406 3153 4485 iniquitatem
3189 4425 3401 4468 meam.

414 4490 513 4553 38.
544 4489 647 4554 Καὶ
683 4493 997 4567 μετανοήσω
1022 4491 1154 4570 ὒπέρ
1183 4495 1257 4547 ὠν
1285 4491 1483 4557 ἔπραξα
1519 4493 1718 4553 κακῶν,

2145 4495 2243 4558 38.
2269 4495 2346 4557 Et
2377 4494 2788 4574 pcnnilentiam
2822 4513 2994 4573 agam
3021 4497 3095 4556 de
3129 4496 3361 4574 iis,quzn
3391 4495 3502 4557 feci
3533 4495 3703 4556 mala.

413 4582 512 4646 39.
547 4587 606 4643 Oi
637 4583 691 4639 δὲ
739 4585 1001 4664 ἄρχοντες
1031 4595 1122 4644 τοῦ
1179 4583 1427 4644 διαϐολου
1459 4586 1805 4664 κατισχύουσί
1851 4607 1972 4660 μου.
2001 4627 2045 4678 D

2143 4584 2241 4646 39.
2284 4583 2594 4664 Principes
2623 4591 2824 4644 autem
2852 4584 3070 4646 diaboli
3104 4587 3164 4645 in
3179 4585 3480 4645 valuerunt
3510 4593 3717 4646 contra

2067 4693 2184 4737 me.

409 4761 509 4824 40.
548 4763 645 4821 Καὶ
677 4761 866 4819 πολλοὶ
889 4761 1131 4840 ἐγένοντο
1163 4761 1248 4820 ἐπ’
1274 4762 1391 4836 ἐμέ,

2141 4764 2244 4829 40.
2281 4763 2352 4823 Ει
2377 4761 2548 4825 mulli
2575 4763 2815 4824 fuerunt
2840 4763 3130 4826 adversus
3163 4783 3279 4825 me.

415 4852 514 4915 41,
549 4855 608 4911 0i
654 4853 750 4918 τὴν
790 4854 890 4919 σὴν
935 4850 1274 4908 διδασκαλίαν
1305 4849 1555 4916 λαϐόντες
1588 4853 1680 4910 ἀπ’
1714 4854 1870 4932 ἐμοῦ,
1894 4855 1979 4910 καὶ

2141 4853 2243 4918 41.
2281 4852 2391 4925 Qui
2441 4852 2780 4913 auferentes
2839 4853 3168 4914 doctrinam
3221 4863 3377 4914 tuam
3430 4873 3464 4915 a
3497 4872 3612 4928 me,
3651 4864 3710 4918 et

329 4942 422 5005 τὰς
454 4942 657 4998 ἑαυτῶν
702 4942 978 5016 ἐπιθυμίας
1030 4939 1317 5002 δεδωκότες
1366 4963 1479 5016 μοι.

1441 4965 1479 4999 ι.
2062 4961 2203 5004 suas
2235 4943 2379 5004 mihi
2419 4941 2710 5003 dederunt
2737 4941 3087 5020 cupiditates

407 5030 506 5093 4‘2.
544 5033 680 5108 Πρὸς
714 5031 929 5092 ἑαυτοὺς
962 5029 1396 5087 συνεϐουλεύοντο
1449 5030 1532 5110 (3)
1588 5032 1844 5089 ἀπολέσαι
1875 5055 1968 5109 με,

2135 5032 2234 5095 42.
2271 5035 2484 5094 Secum
2519 5029 2631 5109 ipsi
2663 5031 2976 5091 consilium
3012 5031 3332 5108 iniverunt,
3361 5042 3422 5095 ut
3457 5053 3551 5095 me
3574 5052 3707 5116 per-

330 5117 510 5187 ἐπειδή
530 5119 668 5175 θέλω
699 5125 1026 5190 μετανοῆσαι
1041 5166 1052 5178 .

2055 5120 2291 5201 derexit,
2329 5120 2610 5201 quoniam
2649 5121 3056 5195 paenitentiam
3092 5142 3266 5202 agere
3297 5123 3589 5188 volebam.

409 5207 511 5288 43,
546 5208 645 5272 44.
679 5208 755 5282 (4)
786 5211 872 5277 Μὴ
904 5210 1065 5285 ἐάσῃς
1098 5231 1192 5288 με,
1224 5211 1382 5289 Κύριε
1413 5213 1440 5267 ὁ
1473 5212 1603 5275 Θεός
1637 5235 1737 5286 μου

2137 5211 2235 5286 43,
2272 5211 2370 5274 44.
2399 5207 2482 5270 Ne
2507 5207 2772 5271 dimittas
2805 5227 2922 5290 me,
2957 5211 3204 5275 Domine
3237 5216 3393 5276 Deus
3421 5233 3611 5276 meus.

407 5297 507 5359 45.
557 5297 708 5359 Ἀλλ’
739 5297 854 5355 ἐλθὲ
887 5301 959 5364 εἰς
991 5301 1088 5367 τὴν
1117 5301 1365 5375 βοήθειάν
1397 5322 1518 5376 μου.

2140 5301 2236 5362 45.
2274 5299 2391 5362 Sed
2427 5301 2484 5359 in
2517 5297 2806 5360 auxilium
2839 5318 3034 5363 meum
3069 5309 3223 5367 veni.

1349 5468 1651 5536 Addenda
1686 5475 1749 5537 et
1781 5470 2152 5554 corrigenda
2179 5487 2258 5536 ex
2288 5468 2426 5533 cod.
2464 5467 2662 5531 Vatic.

503 5632 919 5722 Ἀτῖεκρινομτιν.
2067 5642 2452 5722 μετοινοῆςΐξιι-⁶
2503 5639 2588 5722 id“!
2621 5638 2912 5719 ἀπέρβιψάν
2972 5663 3038 5718 με
3086 5645 3177 5700 τὸν
3234 5645 3532 5722 ἀγαπητὸν,
3580 5645 3704 5700 ὡσεὶ

526 5716 626 5802 ρ.ιά
657 5711 824 5802 Δτοῦτο
866 5723 1194 5802 εἰσάκουσον.
2055 5711 2235 5802 νεκρὸν
2268 5717 2682 5802 ἐϐδελυγμένονῖ

407 5791 498 5872 (3)
526 5793 604 5857 Ν.
636 5797 735 5861 42.
771 5799 1211 5862 Συνεϐουλιύοντο
1241 5803 1304 5860 τὸ
1336 5805 1447 5868 πῶς
1476 5801 1636 5863 ἁπολ.
1679 5851 1694 5868 .
1732 5851 1744 5865 .
1785 5847 1802 5868 .
2268 5799 2339 5866 Ν.
2368 5791 2592 5880 43,714,
2619 5797 2721 5865 45.
2755 5803 2866 5880 Μή,
2900 5808 3016 5869 etc.
3039 5802 3159 5861 ἀλλ’
3187 5803 3302 5861 ὶλθὶ
3327 5805 3398 5870 εἰς
3426 5807 3546 5880 τήν,
3578 5810 3694 5867 etc.
