4054 6206
244 346 365 411 813

327 483 386 547 2.
414 482 594 547 Οὕτως
627 484 877 539 ἐπιποθεῖ
898 483 932 549 ἦ
963 482 1118 560 ψυχή
1149 503 1252 556 μου
1283 487 1415 554 πρὸς
1446 479 1527 552 σὲ,
1562 482 1588 535 ὁ
1623 481 1776 542 Θεός,

327 574 389 636 3.
422 571 710 646 Ἐδίψησεν
758 574 793 639 ἡ
825 572 980 650 ψυχὴ
1015 594 1114 645 μου
1152 573 1284 649 πρὸς
1315 572 1404 625 τὸν
1453 571 1582 624 Θεὸν
1612 571 1702 625 τὸν
1732 571 1892 647 ἰσχυ-

245 667 338 742 ρὸν
389 665 471 718 τὸν
515 668 710 732 ζῶντα.

328 754 386 816 4.
427 751 563 808 Πότε
648 750 770 830 ἔξω,
825 752 913 806 καὶ
971 750 1273 827 ὀφθήσομαι
1332 755 1408 822 τῷ
1485 747 1756 823 προσώπῳ
1806 753 1898 802 τοῦ

246 851 380 899 Θεοῦ
416 866 435 915 ;

327 936 387 992 5.
424 933 700 1010 Ἐγενήθη
732 931 799 986 τὰ
823 928 1020 1005 δάκρυά
1051 950 1154 1003 μου
1208 929 1327 1000 ἐμοὶ
1375 925 1530 1004 ἄρτος
1575 925 1778 1004 ἡμέρας
1809 927 1900 981 καὶ

245 1025 465 1095 νδάτὸς,

327 1112 390 1173 6.
426 1115 516 1169 Ἐν
561 1116 639 1182 τῷ
669 1107 914 1186 λέγεσθαί
945 1130 1037 1183 μοι
1086 1106 1200 1162 καθ’
1234 1107 1466 1172 ἑκάστην
1503 1105 1702 1185 ἡμέραν
1739 1122 1752 1135 ·
1791 1111 1898 1163 Ποῦ

246 1201 396 1256 ἐστιν
442 1203 469 1256 ὁ
505 1200 634 1261 Θεός
663 1217 796 1277 σου;

334 1295 396 1352 7.
426 1297 605 1348 Ταῦτα
655 1289 947 1362 ἐμνήσθην,
1001 1288 1088 1342 καὶ
1145 1285 1332 1365 ἐξέχεα
1377 1284 1462 1340 ἐπ’
1513 1283 1606 1358 ἐμὲ
1649 1286 1746 1349 τὴν
1790 1287 1897 1356 dan

244 1382 361 1459 χήν
395 1403 523 1455 μου·

330 1469 391 1531 8.
429 1469 567 1527 ’Ὅτι
590 1467 924 1543 διελεύσομαι
970 1466 1024 1522 ἐν
1054 1466 1203 1540 τόπῳ
1224 1470 1429 1531 σκηνῆς
1450 1467 1763 1541 Θαυμαστῆς
1797 1463 1897 1525 ἕως

239 1567 340 1616 τοῦ
381 1557 542 1615 οἴκου
573 1561 664 1613 τοῦ
690 1565 844 1619 Θεοῦ.

325 1651 393 1712 9.
417 1647 511 1705 Ἐν
556 1669 708 1726 φωνῃ
731 1646 1101 1720 ἁγκλλιάσεως
1159 1645 1247 1700 καὶ
1276 1643 1724 1721 ὲξομολογήσεως
1755 1642 1899 1722 ἤχου

242 1739 625 1816 ἑορτάζοντας.

1101 348 1196 409 DE
1242 346 1552 409 TITULIS
1599 341 2086 407 PSALMORUM.
2135 378 2210 389 —
2256 343 2466 408 PSAL.
2510 340 2664 409 XLI.

1906 487 1942 532 Α
2051 483 2109 538 2.
2145 478 2204 541 2.
2247 480 2333 540 Ita
2359 478 2660 541 desiderat
2689 478 2891 541 anima
2919 497 3050 542 mea
3077 480 3151 542 ad
3178 487 3258 559 te,
3290 481 3472 548 Deus.

3499 351 3615 416 814

2064 566 2122 630 3.
2153 567 2347 630 Sitivit
2375 569 2573 630 anima
2604 587 2736 632 mea
2780 571 2857 630 ad
2887 567 3079 632 Deum
3134 571 3347 634 fortem
3380 573 3573 636 vivum
3605 596 3621 640 :

2059 746 2119 808 4.
2157 744 2402 818 Quando
2451 747 2709 825 veniam,
2769 758 2827 812 et
2879 747 3186 831 apparebo
3239 758 3377 812 ante
3407 751 3626 814 faciem

1981 834 2087 896 Dei
2113 835 2144 895 ?

2059 925 2120 986 5.
2153 925 2418 988 Fuerunt
2448 926 2728 1006 lacrymae
2785 946 2934 991 meae
2991 928 3140 990 mihi
3193 947 3377 1010 panes
3432 930 3530 993 die
3558 949 3626 994 ac

1983 1022 2183 1087 nocte,

2062 1105 2120 1167 6.
2157 1103 2305 1167 Dum
2363 1105 2585 1168 dicitur
2643 1107 2786 1170 mihi
2843 1097 3111 1188 quotidie
3143 1125 3158 1170 :
3196 1105 3311 1172 Ubi
3343 1117 3436 1172 est
3469 1109 3628 1174 Deus

1987 1204 2120 1258 tuus
2141 1195 2172 1241 9

2062 1285 2122 1346 7.
2163 1287 2302 1347 Haec
2323 1285 2672 1348 recordatus
2693 1296 2917 1368 sum,et
2946 1286 3130 1350 eﬂ‘ndi
3160 1289 3220 1350 in
3251 1307 3346 1351 me
3366 1289 3627 1354 animam

1985 1392 2176 1436 meam
2203 1394 2218 1454 ;

2064 1464 2122 1526 8.
2158 1465 2447 1537 Quoniam
2476 1464 2739 1526 transibo
2780 1463 2842 1525 in
2873 1462 3071 1526 locum
3123 1464 3498 1530 tabernaculi
3519 1468 3630 1531 ad-

1987 1551 2275 1614 mirabilis
2306 1570 2495 1633 usque
2528 1560 2600 1614 ad
2623 1553 2866 1615 domum
2902 1555 3031 1628 Dei,

2065 1642 2126 1703 9.
2157 1641 2222 1702 In
2251 1660 2396 1704 voce
2418 1642 2828 1706 exsultationis
2857 1649 2917 1704 et
2965 1643 3363 1709 confessionis
3388 1647 3520 1710 soni
3550 1647 3635 1710 fe-

1986 1741 2073 1792 sta
2104 1730 2487 1793 celebrantis.

328 1829 426 1887 10.
464 1825 599 1882 "Iv:
631 1827 680 1880 τί
723 1824 1014 1903 περίλυπος
1058 1823 1142 1895 εἷ,
1174 1826 1210 1892 ἦ
1243 1822 1399 1902 ψυχή
1423 1844 1526 1898 μου
1559 1844 1576 1899 ς
1608 1825 1696 1879 καὶ
1729 1822 1821 1878 ἵνα
1848 1825 1898 1879 τὶ
1930 1853 1941 1902 ι

2071 1821 2167 1884 10.
2204 1820 2397 1892 Quare
2421 1821 2605 1883 tristis
2633 1839 2722 1902 es,
2748 1822 2947 1884 anima
2998 1840 3153 1898 mea,
3187 1831 3248 1886 et
3271 1842 3455 1904 quare
3483 1847 3634 1892 con-

241 1917 636 1996 συνταράσσεις
672 1935 738 1988 με
775 1933 791 1986 ;

336 2008 434 2068 11.
476 2003 752 2061 ’Ἐλπισον
802 2003 889 2059 ἐπὶ
935 2005 1025 2059 τὸν
1085 2006 1242 2084 Θεὸν,
1295 2002 1375 2059 ὅτι
1433 2001 1904 2080 ἐξομολογήσομαι

343 2187 444 2245 12,
482 2185 752 2259 Σωτήρων
779 2188 873 2238 τοῦ
902 2182 1180 2260 προσώπω
1208 2205 1311 2258 μου
1338 2185 1424 2239 καὶ
1454 2185 1481 2237 ὁ
1514 2182 1641 2245 Θεός
1674 2205 1799 2257 μου.

348 2272 449 2334 13.
487 2275 621 2350 Πρὸς
650 2273 880 2347 ὲμαυτὸν
911 2273 946 2338 ἡ
977 2273 1132 2351 ψυχή
1165 2296 1264 2348 μου
1297 2272 1570 2352 ἐταράχθη
1609 2292 1622 2307 ⁸

346 2364 447 2425 14,
490 2363 585 2418 Διὰ
603 2370 759 2419 τοῦτο
816 2363 1189 2437 μνησθήσομαι
1235 2384 1328 2418 σου
1375 2361 1436 2418 ἐκ
1478 2365 1580 2439 γῆς
1623 2359 1908 2439 Ἰορδάνου.

1992 1910 2197 1974 turbas
2229 1929 2326 1972 me
2348 1917 2376 1973 ?

2071 2005 2167 2063 tl.
2199 2000 2386 2080 Spera
2414 2000 2476 2063 in
2500 2000 2644 2078 Deo,
2677 2001 2956 2084 quoniam
2980 2003 3316 2070 conﬁtebor
3342 2008 3429 2070 illi
3463 2033 3476 2072 :

2075 2180 2173 2243 12.
2208 2178 2475 2242 Salutare
2505 2179 2701 2241 vultus
2732 2179 2850 2242 mei
2884 2193 2944 2246 et
2965 2183 3123 2248 Deus
3157 2205 3348 2252 meus.

2082 2273 2171 2331 l3.
2207 2269 2298 2332 Ad
2331 2269 2625 2348 meipsnm
2681 2269 2877 2332 anima
2933 2291 3066 2336 mea
3095 2276 3452 2340 conturbata
3482 2286 3572 2341 est
3617 2301 3633 2341 :

2081 2362 2174 2422 14.
2204 2357 2526 2438 Propterea
2547 2376 2776 2420 memor
2803 2376 2907 2422 ero
2939 2362 3024 2424 tui
3045 2364 3120 2426 de
3142 2371 3302 2428 terra
3328 2366 3630 2446 Jordanis,

1412 2547 1826 2614 ATHANASII
1867 2545 2494 2615 INTERPRETATIO.

253 2741 350 2797 ἐπὶ
373 2739 481 2806 τὴν
511 2744 612 2818 γῆν
768 2744 862 2794 τοῦ
904 2735 1092 2798 ὕδατος
1125 2740 1256 2816 πρὸς
1285 2739 1346 2793 τὸ
1377 2750 1545 2810 πιεῖν,
1592 2738 1685 2796 ἵνα
1715 2740 1792 2815 μὴ
1811 2741 1912 2796 ὑπὸ

256 2836 360 2887 τοῦ
389 2828 476 2885 ἱοῦ
507 2831 598 2884 τοῦ
627 2827 800 2908 ὄφεως
833 2825 1088 2902 ἆδικηθῃο

343 2916 404 2992 2,
439 2917 504 2980 3.
537 2915 718 2980 Οὸτως
751 2917 903 2994 κάγὼ
932 2917 1077 2986 ζητῶ
1110 2915 1286 2973 ἐλθεῖν
1315 2919 1448 2994 πρὸς
1506 2917 1587 2996 σὲ,
1646 2921 1734 2975 καὶ
1764 2932 1910 2976 πιεῖν

1998 2747 2258 2820 pentem,
2294 2736 2479 2797 currit
2508 2733 2581 2797 ad
2614 2739 2834 2796 terram
2863 2732 3244 2816 irriguam,ut
3273 2739 3460 2819 bibat,
3497 2763 3575 2809 ne
3605 2765 3641 2809 ι

1996 2825 2296 2908 serpentis
2325 2841 2556 2885 veneno
2582 2821 2872 2901 laedatur;

2076 2917 2136 2992 Ξ,
2165 2919 2226 2978 3.
2259 2913 2342 2976 Ita
2373 2912 2548 2974 etiam
2581 2929 2688 2992 ego
2721 2930 2924 2993 quaero
2960 2915 3166 2979 venire
3215 2917 3288 2979 ad
3321 2926 3402 2994 te,
3456 2928 3516 2984 et
3546 2921 3642 2985 bi-

258 3014 363 3064 τοῦ
392 3007 702 3081 Πνεύματός
749 3028 842 3063 σοτ
885 3027 976 3061 του
1019 3007 1193 3084 ἁγίου,
1243 3004 1336 3061 ἵνα
1377 3007 1452 3082 μὴ
1482 3010 1768 3064 ϐκνατωθῶ
1812 3008 1941 3093 ὑπὸ¹

2057 3023 2140 3068 πθ
2178 3003 2467 3084 Spiritum
2495 3009 2764 3064 sanctum
2797 3008 3073 3082 tuum,ne
3103 3005 3428 3071 interﬁciar
3449 3029 3484 3072 a
3508 3031 3648 3093 pec-

258 3103 368 3164 τῆς
396 3095 682 3174 ἁμαρτίας,
1377 3158 1379 3161 .

347 3189 412 3245 4.
451 3187 586 3241 Πότε
617 3184 926 3250 καταξιωθῶ
967 3191 1205 3249 τοιοῦτος
1231 3184 1496 3259 γενέσθαι,
1534 3184 1628 3241 ἵνα
1659 3187 1736 3260 μὴ
1768 3187 1914 3243 ἀπο-

258 3275 560 3354 στρέφηταξ
589 3296 658 3350 με
689 3277 717 3330 ὁ
741 3276 870 3336 Θεὸς
895 3275 1311 3353 προσεγγίζοντα
1345 3274 1429 3354 (2)
1462 3273 1627 3346 αὐτῷ,

349 3365 409 3424 5.
443 3361 846 3443 Κεκορεσμένος
879 3366 984 3436 εἰμὶ
1016 3363 1122 3419 ἀπὸ
1167 3364 1262 3431 τῆς
1314 3362 1524 3429 πολλῆς
1555 3363 1784 3439 θλίψεως
1817 3369 1915 3431 τῆς

259 3455 432 3519 οῧσης
463 3455 649 3518 νυκτὸς
679 3455 768 3509 καὶ
797 3453 1004 3531 ἡμέρας
1034 3451 1087 3507 ἐν
1115 3474 1183 3528 τῃ
1212 3451 1395 3530 καρδίᾳ
1425 3473 1551 3528 μου.

349 3546 412 3609 6.
447 3546 584 3602 Ἀπὸ
654 3554 748 3602 τοῦ
819 3543 1155 3615 ὀνειδίζεσθαί
1215 3566 1282 3620 με
1350 3547 1448 3601 Imb
1501 3552 1608 3602 τῶν
1668 3546 1918 3604 ἐναντίων

263 3637 589 3710 πνευμάτων
631 3634 714 3707 (3)
731 3683 743 3694 .

344 3727 410 3786 ’7.
445 3732 620 3782 Ταῦτα
666 3724 1029 3800 ἐμνημόνευον
1057 3725 1145 3780 καὶ
1204 3722 1445 3792 διελύθην
1483 3724 1566 3803 (4)
1612 3724 1751 3789 ὅλως
1809 3725 1916 3783 ἀπὸ

262 3817 366 3884 τῆς
392 3815 652 3890 Θλίψεως.

344 3906 409 3965 8.
447 3906 546 3962 Καὶ
577 3903 752 3961 ἔτεινα
783 3901 874 3984 (5)
907 3904 1005 3970 τὴν
1049 3900 1285 3959 διάνοιάν
1344 3925 1445 3979 μου
1477 3906 1552 3967 εἰς
1574 3906 1666 3962 τὸν
1699 3905 1918 3984 οὐρανὸν

263 3997 337 4058 εἷς
373 3995 471 4062 τήν
504 3995 714 4062 σκηνὴν
743 4003 836 4053 τοῦ
867 3995 1022 4051 Θεοῦ.

346 4083 404 4146 9.
438 4081 634 4141 ’Ὀπου
682 4086 718 4151 ἡ
778 4083 929 4163 φωνὴ
973 4083 1070 4150 τῆς
1102 4081 1497 4160 ἀγαλλιάσεως,
1537 4084 1624 4140 καὶ
1669 4083 1767 4151 τῆς
1798 4082 1915 4148 εξο-

267 4173 620 4251 μολὸγήσεως
655 4171 737 4252 (6)
767 4179 872 4228 τῶν
898 4171 1144 4250 ἀγγέλων
1199 4172 1284 4228 καὶ
1335 4173 1440 4227 τῶν
1474 4172 1639 4251 ἁγίων
1680 4179 1786 4228 τῶν
1836 4173 1916 4229 ἀεὶ

269 4263 630 4342 ἑορταζόντων
643 4309 656 4322 ,

349 4352 451 4425 10,
486 4353 589 4412 11.
629 4353 726 4408 Καὶ
755 4349 941 4429 ἔλεγον
972 4355 1040 4427 τῇ
1073 4353 1228 4429 duxi;
1257 4371 1357 4424 μου
1393 4369 1408 4384 ⁸

1443 4348 1571 4407 "In
1600 4351 1650 4406 τί
1693 4350 1915 4429 περίλυ-

1997 3103 2153 3157 cato.

2074 3183 2134 3245 4.
2166 3181 2413 3254 Quando
2443 3179 2659 3259 dignus
2689 3179 2916 3242 efficiar
2948 3182 3084 3244 talis
3110 3183 3333 3262 fieri,ut
3357 3205 3456 3252 me
3476 3190 3637 3251 Deus

1997 3273 2069 3334 ad
2105 3273 2296 3352 ipsum
2327 3269 2714 3331 accedentem
2749 3286 2868 3329 non
2900 3280 3236 3334 aversetur.

2081 3363 2138 3426 5.
2175 3359 2478 3422 Saturatus
2533 3376 2663 3418 sum
2717 3356 3100 3422 tribulatione
3154 3362 3359 3444 multa,
3397 3373 3646 3445 quaeest

2002 3451 2100 3513 die
2124 3470 2191 3513 ac
2223 3457 2398 3510 nocte
2428 3450 2489 3509 in
2520 3446 2706 3508 corde
2739 3465 2895 3509 meo.

2082 3543 2142 3602 6.
2172 3539 2322 3601 Dum
2353 3535 2729 3599 contumeliis
2759 3536 2984 3599 afﬁcior
3041 3555 3075 3600 a
3103 3542 3424 3604 contrariis
3454 3544 3640 3624 spiri-

2001 3630 2183 3696 tibus.

2077 3721 2139 3782 7.
2171 3715 2310 3778 Haec
2337 3711 2787 3790 recordabar,et
2817 3713 3052 3795 penitus
3077 3727 3472 3802 consumptus
3505 3740 3641 3786 sum

2000 3806 2402 3872 tribulatione.

2080 3897 2140 3961 8.
2174 3894 2245 3957 Et
2272 3894 2501 3956 intendi
2533 3901 2794 3954 mentem
2856 3911 3044 3956 meam
3081 3895 3144 3956 in
3181 3896 3398 3960 cmlum
3429 3901 3492 3963 in
3539 3911 3634 3966 ta-

2002 3984 2394 4050 bernaculum
2425 3982 2559 4045 Dei.

2081 4077 2140 4138 9.
2174 4071 2290 4138 Ubi
2316 4091 2426 4134 vox
2450 4070 2882 4145 exsultationis,
2929 4083 2989 4136 et
3026 4073 3421 4140 confessionis
3451 4097 3640 4159 ange-

2000 4165 2222 4238 lorum,
2254 4169 2312 4224 et
2336 4167 2674 4223 sanctorum
2717 4160 2866 4222 festa
2907 4179 3148 4245 semper
3179 4164 3638 4233 celebrantium.

2083 4343 2183 4417 40,
2219 4341 2317 4404 ll.
2343 4341 2422 4402 Et
2448 4337 2722 4402 dicebam
2755 4339 2968 4402 animai
2995 4359 3182 4405 meae:
3218 4343 3412 4418 Quare
3456 4347 3640 4409 tristis

269 4465 370 4505 πος
403 4443 458 4497 εἷ
500 4463 517 4516 ς
550 4439 771 4497 ἔλπισον
800 4440 891 4496 ἐπὶ
919 4441 1012 4496 τὸν
1057 4441 1211 4514 Θεὸν,
1247 4438 1327 4495 ὅτι
1354 4438 1600 4514 ἐλεήμων
1646 4439 1778 4514 ἐστὶ,
1828 4431 1941 4497 καὶῆ

2057 4431 2106 4495 s?
2137 4449 2310 4512 spera
2338 4429 2398 4490 in
2458 4431 2674 4503 Deum,
2723 4429 3002 4508 quoniam
3066 4433 3416 4498 misericors
3446 4444 3559 4511 est,
3587 4444 3647 4499 et

271 4530 667 4608 ἰξομολότησαι
697 4530 780 4607 (7)
810 4529 976 4591 αὒτῶ.

361 4620 454 4683 12,
493 4621 742 4700 Exempla
772 4620 873 4697 γὰρ
918 4618 1016 4686 τῆς
1048 4619 1233 4696 ψυχῆς
1266 4641 1369 4690 μου
1413 4620 1440 4674 ὁ
1472 4618 1602 4683 Θεός
1628 4619 1728 4693 μού
1753 4619 1915 4681 ἐστιν.

361 4711 455 4772 13.
513 4713 709 4766 Λοιπὸν
766 4709 801 4775 ἦ
869 4709 1022 4788 ψυχή
1089 4730 1191 4782 μου
1235 4708 1289 4764 ἐν
1332 4707 1449 4783 ἐμοὶ
1494 4709 1630 4782 μετὰ
1683 4705 1920 4788 δακρύων

275 4803 459 4879 ἔλεγεν
470 4845 486 4860 .

359 4889 459 4954 14,
499 4889 598 4944 Διὰ
631 4887 692 4943 τὰ
722 4889 866 4943 εἶναι
897 4907 956 4941 σε
1017 4884 1283 4959 ἐλεήμονα
1327 4887 1645 4962 μνημονεύω
1689 4885 1778 4965 (8)
1827 4907 1921 4941 σου

272 4980 334 5036 ἐκ
362 4986 472 5035 τῶν
503 4978 828 5033 κατωτάτων
858 4974 954 5042 τῆς
986 4978 1114 5053 γῆς.
1150 4973 1417 5054 Ἰορδάνης
1442 4976 1546 5053 γὰρ
1577 4975 1919 5052 ἑρμηνεύεται

272 5075 348 5150 γῆ
377 5069 693 5134 κατωτάτη.

2002 4523 2292 4586 conﬁtere
2321 4518 2455 4601 ipsi.

2085 4613 2184 4675 12.
2220 4609 2390 4672 Salus
2420 4606 2582 4669 enim
2609 4609 2824 4669 animae
2847 4627 2992 4671 meae
3017 4609 3173 4673 Deus
3202 4629 3373 4673 meus
3407 4622 3520 4678 est.

2085 4703 2184 4764 13.
2211 4699 2459 4761 Demum
2493 4697 2694 4759 anima
2722 4716 2854 4758 mea
2883 4699 3037 4761 intra
3067 4718 3162 4761 me
3196 4719 3332 4763 cum
3367 4701 3644 4782 lacrymis

2005 4790 2261 4855 dicebat.

2087 4880 2184 4944 l4.
2219 4876 2509 4951 Quoniam
2541 4883 2601 4937 tu
2635 4877 2973 4938 misericors
3004 4896 3091 4952 es,
3128 4897 3360 4943 memor
3390 4900 3521 4944 sum
3555 4883 3644 4944 tui

2005 4995 2078 5040 ex
2111 4969 2493 5036 inferioribus
2524 4977 2722 5033 terra}.
2764 4968 3043 5033 Jordanis
3074 4972 3234 5036 enim
3267 4976 3634 5056 interpreta-

2004 5076 2100 5128 tur
2130 5071 2300 5126 terra
2330 5060 2559 5137 infera.

1307 5243 1614 5310 Addenda
1643 5248 1706 5308 et
1733 5242 2106 5323 corrigenda
2133 5257 2212 5307 ex
2239 5239 2377 5315 cod,
2408 5235 2608 5304 Vatic.

483 5432 916 5591 9;::;:pécpnzat
957 5514 984 5568 ὁ
1029 5513 1183 5584 Θεὸς,
1219 5508 1337 5565 ἀλλ’
1374 5509 1537 5588 ἐφορᾷ
1566 5529 1631 5578 με
1662 5528 1922 5584 προσεγγ,

359 5589 436 5667 (3t
467 5591 545 5653 N.
578 5593 619 5654 6
649 5589 840 5654 decet.

360 5672 438 5748 (4)
476 5672 840 5747 Μνημονεύων
873 5671 1146 5741 ὀιελύθην.

2087 5425 2177 5502 (5)
2209 5420 2500 5479 ’Λνέτειναη

2093 5497 2176 5585 (6)
2209 5504 2311 5585 Καιὶ
2340 5506 2438 5585 τῆς
2470 5499 2906 5585 ἐξομολογήσεως
2929 5497 3099 5562 deest
3128 5500 3188 5562 in
3217 5501 3359 5566 cod.

2088 5579 2178 5665 (7)
2207 5583 2223 5607 ’
2235 5579 2731 5665 Εξομολογήσομαι.

2095 5661 2174 5748 (8)
2207 5661 2594 5739 Μνημονεόσω.
