4104 6206
452 354 569 420 815
1243 352 1305 416 S.
1349 350 1777 418 ATHANASII
1818 348 1980 414 OPP.
2028 348 2243 413 PARS.
2290 350 2399 414 III.
2456 387 2525 399 -ν
2574 352 3031 421 EXEGETICA.
3708 358 3836 426 816

533 490 631 552 15.
662 486 736 551 Et
763 485 1134 548 Hermonilm
1156 504 1192 548 a
1223 492 1424 548 monte
1447 483 1703 573 modico.
2118 499 2151 542 Α

2118 499 2151 542 Α
2258 486 2355 549 15.
2393 486 2500 549 Καὶ
2542 489 2868 567 Ἐρμωνιεὶμ
2909 492 3016 548 ἀπὸ
3040 491 3189 571 ὅρους
3234 504 3448 573 μικροῦ.

534 578 633 642 46.
669 576 930 658 Abyssus
959 574 1239 656 abyssum
1278 573 1515 636 invocat
1542 572 1603 635 in
1647 590 1794 636 voce
1822 580 2089 636 catarac-

2258 575 2357 635 16.
2392 577 2674 643 ’Ἂευσσος
2720 578 2947 638 ἄϐυσσον
2975 572 3444 647 ἒπικαλεϊταιίεὶς
3489 576 3674 663 φωνῆν
3717 591 3829 643 τῶν

452 678 643 733 tarum
685 678 941 730 tuarum.

2178 674 2524 741 καταρακτῶν
2569 692 2662 726 σου
2696 688 2711 705 '

537 760 633 821 16.
667 757 881 821 Omnia
910 757 1143 820 excelsa
1194 766 1314 834 tua,
1349 766 1405 821 et
1432 758 1647 819 ﬂuctus
1672 756 1756 819 tui
1790 775 1970 837 super
2000 774 2095 817 me

2263 754 2360 815 i7.
2396 757 2592 824 Πάντες
2636 762 2683 815 οἱ
2711 762 3070 839 μετεωρισμοί
3113 783 3208 822 σου
3255 764 3347 819 καὶ
3392 766 3457 821 τὰ
3485 766 3703 842 κύματά
3732 787 3835 822 σου

452 848 844 913 transierunt.

2178 842 2262 900 ἐπ’
2297 844 2393 920 ἐμὲ
2438 845 2670 915 διῆλθον.

535 938 628 999 18.
665 935 733 998 In
762 935 861 998 die
915 936 1223 998 mandabit
1280 938 1565 1001 Dominus
1628 935 2093 1000 misericordiam

2045 955 2093 997 m
2266 934 2359 997 18.
2400 934 2630 1017 Ἡμέρας
2655 936 2950 997 ἐντελεῖται
2988 939 3175 1017 Κύριος
3207 942 3269 997 τὸ
3300 940 3450 1008 ἔλεος
3484 947 3666 1022 αὖτοῦ,

454 1046 645 1108 suam,

535 1118 631 1181 19.
670 1118 747 1181 Et
776 1124 948 1178 nocte
978 1117 1275 1179 canticum
1301 1117 1432 1198 ejus
1460 1116 1615 1199 apud
1652 1133 1768 1179 me.

2261 1114 2362 1177 19.
2398 1114 2504 1177 Καὶ
2537 1118 2719 1178 νυκτὸς
2749 1115 2861 1192 ᾤδὴ
2908 1117 3051 1193 αύτῷ
3096 1120 3221 1197 παρ’
3254 1120 3395 1195 ἐμοί.

531 1206 633 1271 20.
668 1209 865 1270 Oratio
896 1205 1011 1267 Deo
1036 1207 1165 1268 vitae
1188 1223 1358 1269 mem.

2257 1202 2359 1263 20.
2395 1206 2678 1284 Προσευχὴ
2707 1213 2785 1280 τῷ
2810 1211 2927 1279 Θεῷ
2946 1212 3044 1272 τῆς
3081 1214 3224 1279 ζωῆς
3254 1232 3379 1285 μου.

531 1298 630 1359 21.
671 1298 873 1360 Dicam
937 1297 1056 1358 Deo
1104 1318 1117 1358 :
1181 1298 1503 1377 Susceptor
1560 1313 1728 1358 meus
1771 1313 1857 1370 es,
1909 1312 2094 1375 quare

2257 1292 2356 1356 21.
2381 1293 2521 1371 Ἐρῶ
2564 1301 2641 1367 τῷ
2674 1300 2810 1370 Θεῴ⁶
2848 1294 3219 1377 Ἀντιλήπτωρ
3257 1320 3358 1373 μου
3399 1302 3473 1355 εἴ·
3512 1297 3597 1356 διὰ
3626 1300 3681 1356 τί
3725 1322 3838 1375 μου

454 1388 675 1450 oblitus
710 1404 776 1447 es
812 1386 971 1447 mei?

862 1386 927 1447 rei
946 1391 971 1446 Ῥ
2173 1386 2267 1440 ἒπε
2275 1382 2433 1443 λάθου
2469 1398 2483 1456 ;

531 1476 630 1537 22.
668 1475 745 1537 Et
792 1493 975 1555 quare
1030 1474 1411 1538 contristatus
1471 1474 1685 1535 incedo
1715 1473 1854 1537 dum
1888 1475 2093 1554 afﬂigit

2253 1472 2354 1535 ⁸22.
2379 1475 2463 1552 (α)
2496 1471 2601 1535 Καὶ
2646 1474 2740 1530 ’ἵνα
2782 1475 2833 1531 τί
2859 1477 3247 1553 σκυθρωπάζων
3303 1478 3594 1555 πορεύομαι
3639 1480 3697 1535 ἓν
3744 1502 3836 1555 τῳ

453 1585 547 1628 me
581 1564 860 1626 inimicus
883 1572 911 1626 ?

2174 1559 2427 1617 ἐκθλίϐειν
2458 1563 2549 1617 τὸν
2594 1562 2785 1642 ἐχθρόν
2823 1585 2838 1639 ;

530 1654 631 1717 23.
670 1658 819 1717 Dum
854 1654 1305 1733 confringantur
1333 1672 1468 1717 ossa
1502 1672 1651 1717 mea.
1689 1654 2088 1735 exprobrave-

2254 1650 2354 1713 93.
2389 1651 2477 1708 Ἐν
2511 1656 2587 1725 τῷ
2609 1653 2963 1710 καταθλᾶσθαι
3007 1655 3073 1711 τὰ
3105 1655 3236 1710 ὀστᾶ
3267 1678 3393 1736 μου,
3447 1654 3716 1728 ὠνείδιζόν
3762 1680 3837 1733 με

452 1753 590 1807 runt
623 1744 767 1805 mihi
800 1745 1029 1805 inimici
1064 1744 1205 1807 mei.

977 1746 1029 1805 (ῑί
1064 1744 1205 1807 mei.
2174 1744 2219 1798 οἱ
2252 1741 2432 1820 ἐχθροὶ
2477 1763 2598 1816 μου.

530 1834 632 1896 24.
657 1832 808 1896 Dum
866 1834 1072 1897 dicunt
1102 1835 1219 1916 ipsi
1271 1834 1416 1895 mihi
1452 1850 1559 1914 per
1605 1833 1876 1914 singulos
1907 1834 2035 1895 dies
2071 1854 2151 1906 τε

2277 1832 2357 1891 24.
2390 1828 2480 1886 Ἐν
2520 1837 2599 1905 τῷ
2629 1830 2805 1909 λέγειν
2827 1833 3013 1895 αὐτοὺς
3045 1855 3137 1907 μοι
3163 1833 3282 1890 καθ’
3320 1834 3552 1901 ἑκάστην
3593 1836 3833 1915 ἡμέραν
3882 1852 3898 1862 ‘

450 1925 563 1991 Ubi
590 1932 679 1986 est
703 1922 862 1984 Deus
890 1931 1067 1987 tuus?

2177 1925 2284 1976 [Ιοῦ
2318 1919 2467 1975 ἐστιν
2500 1922 2527 1975 ὁ
2552 1920 2681 1985 Θεός
2714 1942 2806 1977 σου
2840 1941 2854 2001 ;

528 2016 628 2079 25.
664 2014 860 2087 Quare
891 2015 1081 2076 tristis
1113 2014 1407 2089 es,anima
1431 2010 1609 2074 mea?
1640 2019 1699 2074 et
1729 2029 1911 2093 quare
1941 2031 2090 2074 con-

2256 2007 2357 2071 25.
2391 2008 2521 2066 ’Ἱνα
2563 2010 2613 2064 τί
2642 2010 2925 2087 περίλυπος
2956 2016 3032 2085 εἴ,
3081 2014 3113 2079 ἡ
3148 2015 3302 2092 ψυχή
3334 2037 3439 2090 μου
3483 2033 3500 2095 ;
3531 2018 3621 2072 καὶ
3650 2012 3751 2071 ἵνα
3786 2020 3841 2072 τί

450 2105 651 2169 turbas
682 2122 775 2164 me
798 2104 823 2165 Υ

2173 2098 2551 2177 συνταράσσεις
2585 2120 2652 2173 με
2691 2119 2708 2172 ς

524 2194 624 2256 26.
659 2195 846 2273 Spera
877 2194 935 2255 in
969 2194 1112 2275 Deo,
1146 2190 1426 2275 quoniam
1449 2189 1781 2252 conﬁtebor
1816 2190 1897 2251 illi
1931 2210 1943 2250 :

2251 2185 2351 2249 26.
2403 2185 2677 2244 ’Ἕλπισον
2726 2189 2813 2246 ἐπὶ
2857 2193 2949 2247 τὸν
3008 2192 3163 2266 Θεὸν,
3219 2190 3301 2247 ὅτι
3350 2192 3833 2275 ἐξομολογήσομαι

2172 2291 2317 2349 αοτψ
2354 2291 2367 2305 ·

522 2373 624 2435 27.
654 2370 928 2435 Salutare
958 2370 1154 2432 vultus
1184 2369 1303 2432 mei
1324 2376 1383 2432 et
1412 2368 1572 2431 Deus
1606 2386 1799 2431 meus.

2251 2363 2353 2429 ‘27.
2389 2366 2662 2444 Σωτήρων
2703 2378 2797 2428 τοό
2851 2370 3139 2446 προσώπου
3198 2392 3299 2446 μου
3342 2373 3429 2429 καὶ
3462 2375 3491 2430 ὁ
3524 2375 3659 2438 Θιός
3695 2396 3830 2449 μου.

530 2534 617 2613 (α)
654 2535 720 2595 ν.
756 2530 857 2613 22,
886 2534 983 2589 Διὰ
1012 2532 1060 2589 τί
1093 2531 1376 2605 ἂπώσομαι
1413 2546 1429 2604 ;
1469 2532 1558 2586 καὶ
1582 2530 1701 2610 ἵνα,
1737 2536 1885 2611 οἱα,
1918 2530 2109 2609 ἐχθρόν
2148 2548 2163 2601 ;

1579 2784 1986 2849 ATHANASII
2032 2784 2651 2855 INTERPRETATIO.

522 3036 619 3097 15.
656 3031 727 3093 Et
757 3050 790 3093 a
820 3036 1062 3111 peccato
1116 3047 1272 3103 meo,
1323 3028 1489 3092 dicit.
1529 3030 1678 3091 Nam
1712 3025 2080 3089 Hermoniim

2250 3031 2346 3091 15.
2388 3033 2483 3089 Καὶ
2513 3032 2619 3087 ἀπὸ
2666 3031 2761 3099 τῆς
2807 3032 3064 3110 ἁμαρτίας
3108 3054 3231 3112 μου³
3281 3030 3449 3112 λέγει.
3501 3032 3834 3111 Ἐρμονιεὶμ

437 3125 871 3203 interpretatur
897 3121 1069 3182 dolor
1097 3120 1522 3197 anathemata,
1558 3116 1716 3196 quod
1752 3125 1841 3178 est
1870 3134 2058 3197 pecca‘

2207 3119 2267 3198 ἂρ
2312 3121 2658 3199 ἑρμηνεύεται
2715 3120 3043 3196 ἄναθέματος
3129 3121 3297 3196 λύπη,
3381 3122 3511 3201 ὅπερ
3584 3122 3727 3180 lati»
3787 3123 3828 3190 ἡ

2168 3208 2399 3266 ἁμαρτία

444 3223 593 3276 tum.

530 3301 625 3364 16.
658 3301 774 3363 Cor
824 3315 1025 3360 meum
1056 3297 1296 3360 invocat
1324 3295 1804 3358 misericordiam
1840 3302 1997 3356 tuam
2022 3295 2065 3356 ir

2247 3231 2278 3265 α
2410 3260 2424 3273 .

2204 3223 2447 3361 “iam?!
2478 3296 2666 3376 καρδία
2698 3320 2801 3374 μου
2828 3300 2890 3355 τὸ
2921 3299 3070 3365 ἔλεός
3115 3321 3210 3357 σου
3257 3298 3598 3358 ἐπικαλεῖται
3643 3300 3702 3356 ἐν
3744 3308 3824 3379 τῇ

444 3408 590 3455 voce
620 3389 813 3451 cultus
860 3386 998 3449 mei.

2165 3392 2315 3467 φωνῇ
2345 3396 2441 3454 τῆς
2472 3386 2714 3460 λατρείας
2738 3410 2841 3462 μου

526 3481 623 3543 17.
659 3476 881 3541 Omnes
913 3493 1226 3540 sermones
1271 3476 1353 3535 tui
1383 3474 1788 3537 illuminantes
1821 3482 2078 3535 mentem

2254 3475 2346 3537 17.
2384 3477 2584 3537 Πάντες
2616 3477 2663 3533 οἱ
2707 3477 2858 3555 λόγοι
2895 3499 2988 3537 σου
3016 3479 3063 3535 οἷ
3095 3479 3409 3559 φωτίζοντες
3440 3479 3541 3548 τήν
3572 3477 3814 3538 διάνοιάν

440 3586 633 3631 meam
667 3568 738 3629 ad
797 3565 1311 3646 supercmleslium
1372 3563 1735 3637 altitudines,
1782 3571 1843 3625 et
1891 3562 2061 3641 fulgm

2196 3586 2267 3625 ιου
2297 3565 2383 3624 ἐπὶ
2421 3567 2487 3622 τὰ
2519 3565 2629 3642 ὕψη
2661 3573 2765 3623 τῶν
2823 3566 3171 3648 ἐπουρανίων,
3232 3570 3323 3625 καὶ
3363 3570 3397 3637 ἡ
3454 3567 3652 3640 ἀπειλή
3716 3593 3817 3627 σου

437 3670 596 3735 tuus,
632 3657 818 3736 quiin
848 3655 993 3736 ipsis
1024 3665 1133 3730 est,
1169 3654 1241 3717 ad
1272 3671 1376 3716 cor
1405 3671 1602 3715 meum
1648 3659 2054 3733 pervenerunt

2197 3657 2438 3801 ἀστραὶῖτή
2469 3656 2611 3733 σου],
2648 3658 2693 3712 οἱ
2728 3654 2813 3736 [ἡ]
2849 3657 2901 3713 ἐν
2934 3657 3117 3721 αύτοϊς
3163 3656 3282 3737 (2),
3345 3660 3418 3721 εἷς
3449 3658 3547 3725 τὴν
3592 3657 3818 3737 καρδίαν

2197 3766 2266 3801 ,ου
2308 3745 2342 3801 ἦ
2382 3748 2497 3801 θον.

2237 3767 2266 3800 υ
2308 3767 2497 3807 ῃΑσον.

523 3837 614 3899 18.
648 3833 1096 3914 Expergiscenti
1129 3831 1274 3893 mihi
1304 3850 1338 3892 a
1389 3838 1630 3911 peccato
1680 3828 1922 3892 exhibet
1953 3831 2075 3892 Do-

2193 3766 2266 3801 .ou
2320 3766 2323 3767 '
2348 3766 2497 3807 Αυον,

2239 3769 2343 3893 181.t
2375 3833 2462 3891 'Ev
2492 3835 2569 3909 τῷ
2594 3834 2862 3912 ἀνανῆψαί
2891 3857 2957 3911 με
3004 3835 3108 3893 ἀπὸ
3138 3842 3235 3905 τῆς
3268 3837 3528 3918 ἁμαρτίας
3576 3838 3814 3919 παρέχει

435 3926 630 3986 minus
662 3920 1135 3985 misericordiam
1171 3938 1363 3982 suam.

1223 3938 1363 3982 iam.
2156 3918 2347 4002 Κύριος
2377 3924 2439 3978 τὸ
2482 3922 2629 3989 ἔλεος
2661 3924 2844 3987 αὐτοῦ.

516 4014 614 4076 19.
651 4012 719 4073 Et
749 4012 990 4071 demum
1020 4008 1262 4090 requies
1292 4026 1427 4071 mea
1446 4007 1739 4070 canticum
1763 4008 1899 4087 ejus
1919 4007 2075 4089 apud

2245 4011 2336 4073 19.
2376 4014 2474 4070 Καὶ
2503 4012 2689 4071 λοιπόν
2713 4016 2748 4082 ἡ
2779 4014 3066 4081 ἆνάπαυσίς
3098 4038 3199 4091 μου
3241 4014 3353 4091 ᾣδὴ
3377 4017 3534 4077 αὖτοῦ
3557 4014 3651 4097 (3)
3690 4019 3811 4074 ἑστι

433 4121 530 4165 me
558 4110 647 4164 88‘

2157 4100 2283 4180 παρ’
2328 4101 2449 4177 ἆμοί
2458 4148 2469 4161 .

512 4190 613 4254 20.
648 4189 766 4253 Oro
792 4189 864 4250 ad
896 4188 1215 4249 Dominum
1248 4186 1379 4247 vitm
1408 4204 1577 4265 mea},

2238 4187 2339 4253 20.
2376 4191 2755 4272 Προσεύχομαι
2788 4199 2864 4267 τῷ
2894 4199 3010 4268 Θεῷ
3039 4193 3135 4262 τῆς
3165 4200 3310 4267 ζωῆς
3337 4216 3459 4272 μου,

511 4282 612 4343 21.
650 4284 720 4343 Et
749 4278 883 4340 dico
911 4277 1026 4358 ipsi
1059 4295 1073 4338 :
1108 4274 1434 4354 Susceptor
1465 4293 1631 4335 meus
1663 4294 1749 4337 es.

2238 4280 2339 4340 91.
2392 4281 2487 4337 Καὶ
2518 4280 2661 4360 λέγω
2693 4282 2835 4355 αύτῷ
2859 4306 2875 4320 -
2912 4278 3288 4360 Ἀντιλήπτωρ
3333 4306 3431 4360 μου
3463 4286 3540 4349 εἴ.

511 4370 610 4433 22.
650 4369 722 4431 Ει
762 4385 946 4449 quare
998 4364 1429 4428 obtenebratus
1482 4364 1719 4435 incedo,
1756 4365 1894 4425 dum
1929 4364 2077 4427 mihi

2237 4368 2340 4433 22.
2378 4376 2475 4429 Καὶ
2516 4372 2608 4428 ἵνα
2637 4374 2687 4429 τί
2718 4374 3087 4449 ὲσκοτισμὲνος
3121 4377 3412 4455 πορεύομαι
3444 4375 3501 4433 ἓν
3529 4385 3607 4455 τῷ
3636 4402 3816 4438 κατι-

430 4460 770 4522 dominatur
799 4455 1095 4519 diabolus.

2100 4486 2137 4535 ε,
2158 4458 2485 4519 δυναστεύειν
2531 4484 2631 4538 μου
2659 4464 2751 4520 τὸν
2793 4460 3040 4522 διάϐολον
3070 4481 3084 4538 ;

510 4550 608 4629 23,
644 4548 743 4613 24.
779 4551 929 4611 Dum
981 4546 1179 4609 anima
1233 4560 1362 4605 mea
1421 4550 1661 4623 peccato
1719 4542 2069 4618 conteritur,

2237 4549 2336 4625 23,
2371 4548 2473 4613 24.
2508 4550 2597 4609 Ἐν
2655 4560 2733 4627 τῷ
2790 4551 3141 4632 συντρίϐεσθαι
3193 4554 3287 4623 τὴν
3332 4556 3521 4637 ψυχὴν
3553 4580 3655 4633 μου
3706 4560 3814 4619 ὐπὸ

431 4638 840 4701 conviciantur
870 4637 1012 4698 mihi
1047 4636 1365 4698 daemones.
1678 4717 1698 4721 A

2154 4643 2255 4706 τῆς
2285 4640 2569 4718 ἁμαρτίας,
2603 4639 2905 4713 ὀνειδίζουσί
2936 4665 3002 4700 uc
3035 4647 3081 4700 οἱ
3113 4641 3385 4721 δαίμονες,

511 4728 613 4791 25.
651 4726 768 4804 Ego
788 4735 990 4790 autem
1024 4725 1159 4787 dico
1191 4723 1406 4784 animm
1430 4737 1581 4783 mea;
1616 4737 1630 4782 :
1663 4717 1856 4793 Quare
1886 4720 2072 4783 tristis

2203 4817 2209 4818 γ
2236 4727 2338 4791 25.
2379 4717 2523 4807 Ἐγὼ
2550 4727 2604 4786 δὲ
2636 4729 2777 4810 λέγω
2812 4738 2877 4809 τῇ
2906 4736 3059 4812 ψυχῇ
3092 4717 3241 4809 μουγο
3276 4732 3406 4791 ’Ἵνα
3435 4736 3489 4793 τί
3516 4737 3810 4818 περίλυπος

430 4824 547 4881 es?
2155 4817 2260 4891 cI;

512 4906 613 4969 26.
648 4903 833 4986 Spera
863 4905 925 4967 in
951 4903 1228 4983 Domino,
1276 4900 1561 4983 quoniam
1588 4897 1934 4962 misericors
1956 4906 2068 4976 est,

2234 4903 2334 4970 26.
2371 4905 2645 4966 ’Ἔλπισον
2687 4908 2772 4967 ἐπὶ
2818 4910 2906 4967 τὸν
2955 4911 3166 4989 Κύριον,
3213 4911 3293 4969 ὅτι
3343 4912 3593 4993 ὶλιήμων
3659 4920 3802 4994 δαιτὶ,

432 5003 490 5058 et
518 4994 808 5056 conﬁtere
824 4994 963 5075 ipsi.

2153 4996 2241 5052 καὶ
2266 4994 2663 5075 ἐξομολόγησαι
2701 4998 2787 5077 (4)
2821 5000 2982 5074 αύτῷ.

512 5085 612 5147 27.
648 5084 819 5147 Salus
848 5083 1009 5145 enim
1035 5082 1250 5145 animm
1282 5099 1430 5143 mea:
1456 5081 1615 5143 Deus
1649 5096 1818 5142 meus
1844 5086 1957 5141 est.

2234 5082 2333 5148 27.
2369 5088 2614 5167 Σωτηρία
2642 5088 2742 5167 γὰρ
2770 5092 2868 5158 τῆς
2899 5091 3086 5169 ψυχῆς
3118 5112 3221 5165 μου
3251 5093 3281 5149 ὃ
3323 5096 3453 5158 Θιός
3489 5105 3593 5172 μοῦ
3628 5096 3800 5159 ἔστιν.

1453 5327 1755 5395 Addenda
1784 5332 1850 5394 et
1877 5328 2253 5409 corrigenda
2282 5348 2359 5397 ex
2389 5334 2529 5399 cod.
2562 5336 2763 5402 Vatic.

619 5604 794 5739 1ξὲζῶ
827 5674 1041 5735 ἀπειλαί
1070 5696 1184 5749 σου,
1223 5675 1273 5732 αι
1304 5671 1357 5727 ἐν
1380 5666 1588 5731 αὐτοῖς.
2596 5677 3089 5759 ἐξομολογήσομαι,
