4054 6206
63 113 642 209 *ηπ-τ

272 331 393 398 817
1161 336 1258 399 DE
1301 335 1615 400 TITULIS
1655 339 2143 405 PSALMORUM.
2201 375 2268 387 —-
2313 342 2526 406 PSAL.
2574 341 2762 404 XLII.
3530 342 3648 414 818

602 468 828 546 Ψαλμὸς
887 477 962 544 τῷ
1014 467 1194 530 Δαϐίδ.
1243 477 1416 534 ΨΑΛ.
1451 471 1594 532 ΜΒ’.
1935 482 1974 530 Δ

1935 482 1974 530 Α
2311 475 2595 539 Psatmus
2629 473 2850 537 David.
2886 471 3108 536 PSAL.
3134 472 3333 538 XLII.

356 562 381 620 1
410 606 424 620 .
451 560 651 640 Κρϊνόν
688 585 806 642 μοι,
839 565 868 618 6
927 564 1082 637 Θεὸς,
1113 565 1202 620 καὶ
1259 562 1474 621 δίκασον
1505 565 1605 632 τὴν
1635 563 1787 633 δίκην
1817 589 1920 642 μου

2085 571 2141 631 1.
2177 570 2384 633 .ludica
2421 589 2536 644 me,
2573 571 2753 648 Deus,
2779 576 2837 631 ct
2863 567 3144 630 discerne
3173 586 3413 631 causam
3451 588 3643 633 meam

267 650 325 716 ἐξ
348 651 525 718 ἔθνους
555 653 663 733 οὐχ
689 654 854 710 ὁσίοιν
1175 699 1178 701 λ

1175 699 1178 701 λ
2001 659 2078 723 de
2102 669 2281 739 gente
2312 678 2431 722 non
2471 667 2713 723 sancta:

349 739 413 830 2,
448 739 584 799 Ἀπὸ
619 742 896 821 ἀνθρώπου
925 741 1105 802 ἀδίκου
1135 743 1221 799 καὶ
1249 741 1427 804 δολίου
1461 744 1608 822 ῥῦσαί
1635 767 1720 820 με·

2079 750 2140 809 2.
2175 749 2264 811 Ab
2289 751 2530 812 homine
2561 749 2765 830 iniquo
2799 754 2859 808 et
2887 746 3091 809 doloso
3125 764 3270 810 erue
3302 765 3396 811 me
3425 767 3437 811 :

348 829 409 894 3.
447 830 582 890 ’Ὅτι
615 834 678 888 σὺ
704 837 760 889 εἴ
793 835 822 889 6
853 833 982 894 Θεὸς
1029 833 1343 911 κραταίωμά
1373 857 1497 910 μου.

2078 837 2137 902 3.
2168 838 2322 912 Quia
2351 847 2411 900 tu
2444 857 2508 900 es
2536 829 2695 900 Deus
2725 835 3006 900 fortitudo
3051 853 3202 898 mea.

347 925 411 984 4.
450 921 576 980 ’Ἰνα
608 922 660 978 τί
694 922 895 980 ἀπώσω
931 943 998 998 με
1035 938 1050 996 ;

2080 928 2138 989 4.
2168 929 2365 1001 Quare
2398 946 2493 990 me
2524 925 2796 1008 repulisti
2818 932 2846 988 ?

347 1013 410 1075 5,
447 1011 552 1073 Καὶ
611 1013 702 1068 ἶνα
773 1014 823 1069 τί
893 1012 1281 1092 σκυθρωπάζων
1356 1013 1648 1092 πορεύομαι
1729 1015 1784 1071 ἐν
1844 1019 1916 1090 τῷ

2077 1017 2136 1080 5.
2171 1017 2240 1079 Et
2268 1035 2453 1099 quare
2481 1018 2667 1078 tristis
2710 1014 2924 1078 incedo
2955 1013 3096 1077 dum
3142 1013 3348 1096 at'iligit
3405 1035 3498 1079 me
3529 1017 3642 1080 ini-

259 1099 526 1158 ἐκθλίϐειν
554 1103 646 1158 τὸν
677 1102 868 1182 ἐχθρόν
895 1121 912 1182 ς

628 1127 646 1156 ν
677 1102 868 1182 ἐχθρόν
895 1121 912 1182 ;
1998 1105 2229 1168 micus?

345 1189 408 1254 6.
446 1189 860 1256 Ἐξαπόστειλον
881 1193 942 1248 τὸ
981 1197 1091 1270 φῶς
1136 1213 1228 1248 σου
1257 1192 1346 1250 καὶ
1377 1193 1475 1261 τὴν
1507 1191 1758 1263 ἀλήθειάν
1791 1209 1909 1250 σου⁶

1868 1209 1909 1250 δ’
2076 1198 2138 1258 6.
2173 1196 2396 1260 Emitte
2427 1197 2620 1258 lucem
2657 1202 2812 1256 tuam
2847 1201 2906 1256 et
2932 1194 3235 1257 veritatem
3265 1203 3424 1257 tuam
3457 1217 3469 1258 :

344 1281 406 1342 7.
442 1282 583 1339 Αὖτά
644 1301 713 1355 με
780 1279 1093 1360 ὡδτγησαν,
1137 1282 1226 1338 καὶ
1280 1280 1486 1361 ἦγαγόν
1529 1303 1598 1358 με
1645 1284 1720 1346 εἰς
1790 1283 1910 1360 ὅρος

2073 1287 2134 1345 7.
2170 1286 2305 1366 lpsa
2336 1303 2430 1347 me
2461 1284 2862 1358 deduxerunt,
2884 1290 2943 1346 et
2971 1284 3348 1348 adduxerunt
3378 1286 3439 1347 in
3473 1304 3636 1349 mon-

257 1369 416 1446 5"!th
439 1392 554 1450 σου,

1995 1382 2112 1437 tem
2143 1382 2414 1436 sanctum
2441 1382 2627 1448 tuum,

345 1458 406 1522 8,
442 1457 545 1522 Καὶ
576 1461 651 1522 εἷς
681 1461 748 1516 τὰ
776 1459 1104 1536 σκηνώματα
1129 1482 1242 1521 σου.

2074 1468 2133 1526 8.
2168 1467 2240 1528 Et
2267 1464 2327 1525 in
2359 1464 2740 1526 tabernacula
2769 1472 2888 1526 tua.

344 1551 409 1610 9.
439 1547 546 1610 Καὶ
578 1548 946 1624 εἰσελεύσομαι
993 1551 1122 1627 πρὸς
1153 1551 1214 1606 τὸ
1241 1551 1612 1626 θυσιαστήριον
1643 1559 1734 1608 τοῦ
1752 1558 1907 1632 Θεοῦ,

1426 1551 1612 1626 ττήριον
1643 1559 1734 1608 τοῦ
1752 1558 1907 1632 Θεοῦ,
2073 1552 2132 1616 9.
2167 1551 2238 1614 Ει
2268 1552 2525 1615 introibo
2555 1553 2632 1614 ad
2663 1553 2850 1616 altare
2881 1553 3027 1627 Dei;

352 1636 443 1698 l0.
479 1639 615 1715 Πρὸς
648 1640 738 1694 τὸν
771 1642 901 1695 Θεὸν
933 1640 1272 1718 εὖφραὶνοντα
1313 1642 1414 1708 τὴν
1445 1640 1672 1707 νεότητά
1701 1658 1826 1716 μουο

2079 1642 2176 1705 10.
2213 1642 2303 1704 Ad
2334 1642 2546 1719 Deum,
2579 1643 2679 1724 qui
2705 1642 2968 1706 laetiﬁcat
2991 1643 3367 1724 juventntem
3397 1661 3587 1707 meam
3618 1664 3631 1705 :

352 1728 447 1789 il.
485 1726 990 1807 Ἐξομολογήσομαί
1059 1750 1146 1784 σοι
1222 1731 1279 1785 ἓν
1327 1729 1536 1806 κιθάρᾳ,
1599 1731 1628 1786 6
1673 1732 1824 1805 Θεὸς,
1882 1733 1910 1788 6

2075 1732 2176 1794 11.
2233 1729 2576 1794 Conﬁtebor
2623 1731 2729 1794 tibi
2788 1731 2851 1794 in
2923 1732 3170 1814 cithara,
3232 1736 3411 1816 Deus,
3476 1731 3636 1796 Deus

256 1818 392 1880 Θεός
428 1840 559 1892 μου.

1934 1851 1970 1902 Β
1993 1837 2185 1884 meus.

350 1906 448 1970 12.
472 1907 606 1966 ’Ἱνα
637 1909 689 1963 τί
736 1907 1018 1988 περίλυπος
1060 1909 1139 1983 εἶ,
1172 1909 1206 1977 ἡ
1240 1909 1395 1988 ψυχή
1428 1930 1529 1984 μου
1559 1925 1578 1987 ;
1611 1911 1700 1966 καὶ
1745 1908 1834 1967 ἵνα
1861 1913 1912 1968 τί

2083 1910 2177 1971 12.
2211 1909 2406 1982 Quare
2438 1908 2628 1972 tristis
2659 1927 2744 1986 es,
2771 1910 2970 1974 anima
2999 1928 3132 1974 mea
3150 1915 3178 1972 ?
3198 1917 3259 1974 et
3283 1929 3470 1990 quare
3493 1931 3631 1974 con-

256 1996 644 2073 σδνταράσσεις
678 2018 745 2071 με
781 2014 798 2076 ς

781 2014 798 2076 ;
1995 1995 2202 2060 turbas
2233 2015 2326 2058 me
2350 1996 2380 2057 ?

345 2085 446 2147 13.
473 2085 856 2163 ’Ἕλπισογὲπὶ
873 2089 964 2143 τὸν
998 2085 1240 2160 Θεὸν,ὀ’τι
1260 2085 1722 2166 ἐξομολογήσομαι
1744 2087 1908 2160 αὐτῷ’

1903 2104 1908 2119 ’
2079 2086 2178 2148 13.
2204 2085 2395 2167 Spera
2434 2086 2496 2148 in
2527 2087 2676 2162 Deo,
2711 2091 2994 2169 quoniam
3027 2089 3357 2152 conﬁtebor
3385 2089 3504 2153 illi:

343 2177 446 2240 14,
485 2178 760 2256 Σωτήρων
801 2178 895 2234 τοῦ
938 2176 1223 2248 προσώπου
1273 2199 1377 2252 μου
1409 2178 1496 2234 καὶ
1526 2180 1554 2234 6
1585 2177 1716 2242 Θεός
1779 2199 1906 2251 μου.

1779 2199 1906 2251 μου.
2074 2177 2173 2240 14.
2207 2175 2475 2238 Salutare
2507 2175 2702 2240 vultus
2732 2177 2854 2242 mei
2884 2186 2942 2242 et
2968 2178 3127 2242 Deus
3157 2196 3348 2244 meus.

1391 2303 1807 2371 ATHANASII
1855 2303 2496 2374 INTERPRETATIO.

344 2445 407 2503 Ἦ
482 2448 804 2525 προκειμένη
863 2447 1133 2526 ἐπιγραφὴ
1204 2444 1446 2526 περιέχει
1521 2444 1598 2524 (1)
1667 2443 1895 2518 Ψαλμὸς
1965 2445 2042 2520 τῷ
2115 2443 2273 2503 Δαϐίδ
2305 2462 2320 2477 '
2375 2447 2646 2506 τουτέστιν
2724 2452 2752 2506 6
2797 2447 3012 2525 ψαλμὸς
3057 2451 3210 2516 οὗτος
3273 2449 3485 2528 εἴρηται
3557 2449 3634 2516 τῷ

253 2538 566 2608 πταίσαντι,
611 2539 700 2593 καὶ
753 2537 805 2593 ἐν
860 2535 1110 2614 μετανοίᾳ
1149 2533 1376 2596 ἔλθόντι,
1430 2533 1588 2591 Δαὸὶδ
1630 2535 1731 2612 γὰρ
1779 2533 2127 2612 ἑρμηνεύεται
2189 2535 2595 2614 ἐξουθενημένος
2653 2539 2743 2596 καὶ
2793 2537 3121 2616 ἠλεημένος,
3170 2541 3305 2616 ἅπερ
3354 2536 3630 2617 ἀμφότερα

251 2627 503 2704 εὒρήσεις
534 2627 607 2691 εἰς
637 2627 730 2682 τὸν
758 2625 1132 2704 ἡμαρτηκότα,
1180 2626 1266 2680 καὶ
1311 2625 1385 2689 εἰς
1418 2624 1704 2699 μετάνοιαν
1731 2621 1978 2681 ἐλθόντα.

335 2715 572 2778 Titulus
595 2714 922 2796 inscriptus
952 2715 1216 2777 continet
1251 2730 1266 2776 :
1302 2711 1584 2775 Psalmus
1614 2711 1834 2774 David.
1864 2708 1988 2773 Hoc
2007 2719 2120 2788 est,
2157 2712 2254 2774 hic
2287 2715 2549 2795 psalmus
2579 2714 2778 2779 dictus
2807 2724 2899 2779 est
2926 2717 3000 2778 ab
3033 2734 3128 2797 eo,
3156 2715 3262 2794 qui
3303 2713 3544 2789 cecidit,
3579 2723 3637 2778 et

253 2805 316 2866 in
350 2803 760 2885 paenitentiam
795 2803 976 2866 venit.
1008 2802 1190 2866 David
1222 2800 1382 2864 enim
1438 2801 1861 2882 interpretatur
1913 2799 2224 2879 neglectus
2274 2811 2336 2867 et
2373 2805 2874 2868 misericordiam
2903 2811 3280 2882 consecutus,
3315 2812 3633 2886 utrumque

251 2894 538 2956 convenit
569 2896 625 2957 in
657 2912 821 2968 eum,
854 2893 958 2975 qui
992 2897 1219 2974 peccat,
1255 2899 1314 2953 et
1343 2890 1416 2953 ad
1451 2890 1864 2972 paenitentiam
1897 2891 2288 2954 convertitur.

343 2991 400 3048 1.
439 2987 910 3068 Σπλαγχνίσθητι,
944 2989 972 3043 6
1031 2985 1222 3061 Κύριος
1271 2983 1380 3064 (9),
1413 2987 1502 3040 καὶ
1532 2986 1666 3061 ὁρῶν
1702 3005 1770 3058 με
1802 2981 1907 3046 ἀδι,

2081 2989 2133 3044 1.
2177 2985 2482 3062 Miserere,
2545 2989 2822 3064 Domine,
2881 2997 2943 3052 et
3006 2986 3214 3051 videns
3275 3005 3371 3049 me
3428 2986 3635 3069 inique

255 3077 522 3151 κυόμενον
565 3080 668 3134 ὑπὸ
701 3083 807 3134 τῶν
837 3077 1086 3134 ἐναντίων
1116 3075 1409 3154 δυνάμεων,
1444 3071 1705 3152 λότρωταί
1736 3093 1825 3148 με,

2028 3081 2360 3136 ποτιτειοιυω
2394 3097 2428 3138 a
2477 3078 2796 3142 contrariis
2849 3077 3240 3159 potestatibus
3291 3076 3479 3140 libera
3511 3093 3629 3140 me.

339 3169 400 3226 2.
440 3166 578 3224 Ἀπὸ
621 3174 718 3224 τοῦ
745 3164 1015 3239 διαϐόλου,
1048 3163 1194 3242 λέγει
1221 3161 1329 3236 (3).

1162 3185 1194 3220 ει
1221 3161 1329 3236 (3).
2073 3163 2134 3224 2.
2168 3165 2217 3226 Α
2254 3165 2514 3238 diabolo.
2551 3168 2763 3249 inquit.

343 3257 403 3321 3.
435 3255 570 3315 ’Ὅτι
616 3257 677 3313 σὺ
713 3257 766 3312 εἶ
797 3258 832 3324 ἡ
875 3253 1097 3332 βοήθειά
1125 3274 1250 3329 μου,

2072 3254 2132 3314 3.
2167 3253 2457 3326 Quoniam
2495 3264 2554 3318 tu
2587 3276 2650 3319 es
2679 3257 2964 3319 auxilium
3000 3273 3222 3320 meum.

339 3348 398 3410 4.
432 3345 563 3404 ’Ὶνα
591 3348 639 3402 τί
670 3344 960 3424 ἆπέῤῥιψάς
995 3364 1061 3418 με
1088 3362 1104 3422 ;

2071 3343 2133 3403 4.
2169 3344 2368 3417 Quare
2398 3364 2493 3408 me
2525 3346 2880 3426 projeciSti?

344 3438 402 3500 5.
438 3435 544 3497 Καὶ
573 3435 667 3491 ’ἵνα
699 3437 750 3491 τί
777 3431 1152 3508 ἑσκοτισμένος
1203 3433 1498 3510 πορεύομαι
1545 3430 1600 3486 ἒν
1629 3430 1706 3504 τῷ
1734 3452 1907 3487 κατα-

2073 3432 2130 3496 5.
2168 3431 2238 3494 Et
2263 3452 2446 3515 quare
2503 3435 2931 3498 obtenebratus
2991 3435 3231 3516 incedo,
3287 3433 3430 3495 dum
3489 3432 3634 3496 mihi

257 3525 591 3583 δυναστεύειν
621 3547 726 3599 μου
759 3527 848 3580 τὸν
880 3520 1126 3580 διάϐολον
1159 3541 1174 3600 ς

1090 3545 1126 3574 ,ν
1159 3541 1174 3600 ;
1991 3520 2331 3584 dominatur
2360 3523 2633 3586 diabolus
2660 3524 2691 3585 ?

345 3616 404 3679 6.
438 3613 854 3680 Ἐξαπ·ίστειλον
889 3613 983 3668 τὸν
1027 3611 1146 3668 Υἶόν
1176 3632 1293 3684 σου,
1329 3611 1418 3666 καὶ
1467 3610 1528 3666 τὰ
1559 3612 1774 3685 Πνεῦμα
1815 3630 1946 3688 σου(

2072 3612 2132 3674 6.
2168 3611 2336 3674 Mitte
2388 3611 2604 3675 Filium
2665 3622 2858 3695 tuum,
2912 3622 2970 3676 et
3025 3612 3313 3695 Spiritum
3367 3619 3636 3674 sanctum

256 3730 317 3763 το
359 3706 538 3784 ἅγιον.

1995 3708 2182 3764 tuum.

341 3795 406 3875 7,
443 3794 508 3856 8.
542 3794 686 3851 Αὖτά
718 3813 785 3868 με
815 3800 903 3849 νῦν
933 3791 1218 3868 ὡδήγησαν
1245 3791 1352 3867 [καὶ
1383 3787 1636 3869 ἤγαγον],
1671 3791 1911 3863 ὑπομνηο

2079 3793 2132 3865 7,
2165 3795 2224 3854 8.
2261 3795 2391 3872 Ipsa
2419 3811 2516 3855 me
2547 3813 2706 3857 nunc
2755 3793 3128 3857 deduxerunt
3153 3802 3212 3856 et
3239 3791 3637 3873 adduxerunt,

257 3887 448 3953 σθῆναι
479 3888 580 3950 τῆς
641 3882 882 3960 οὖρανίου
925 3878 1198 3944 πολιτείας
1256 3880 1342 3935 καὶ
1373 3881 1477 3935 τῶν
1535 3879 1760 3934 αἰωνίων
1815 3899 1858 3933 σε

2037 3887 2056 3942 ι
2084 3883 2437 3945 recordarer
2467 3884 2727 3946 ccelestis
2769 3883 3262 3959 conversationis,
3294 3889 3355 3944 et
3380 3889 3638 3944 aeterna-

258 3979 609 4035 αναπαύσεων

1991 3987 2122 4036 rum
2168 3980 2398 4034 tuarum
2432 3974 2791 4054 requietum.

339 4067 401 4129 9.
433 4064 537 4127 K13
570 4071 640 4141 τῇ
665 4063 866 4135 διανοίᾳ
895 4062 1114 4118 εἰσέλθω
1149 4064 1221 4124 εἱς
1252 4063 1312 4117 τὸ
1370 4059 1682 4138 ἐπουράνιον
1715 4062 1906 4116 θυσια-

2071 4062 2132 4126 9.
2168 4061 2238 4124 Et
2273 4069 2471 4124 mente
2494 4061 2801 4142 ingredior
2829 4062 2901 4124 ad
2957 4064 3394 4143 supercmleste
3449 4061 3639 4123 altare

261 4162 479 4236 στήριον
507 4165 602 4215 τοῦ
631 4157 786 4214 Θεοῦ.
1989 4148 2118 4213 Dei.
3571 4161 3574 4164 ’

344 4250 443 4310 10.
478 4248 580 4305 Τὸν
604 4247 973 4324 εὖφραίνοντα,
1005 4243 1176 4324 λέγει,
1226 4243 1415 4322 ψυχήν
1444 4264 1570 4318 μου.

2073 4237 2169 4301 10.
2208 4239 2652 4320 [ωιίίίοαηιθῐῐι,
2686 4240 2902 4319 inquit,
2944 4239 3202 4302 animam
3257 4255 3474 4302 meam.

348 4340 446 4401 11.
487 4336 725 4415 Δοξάσω,
757 4334 929 4413 λέγει,
976 4334 1031 4389 ὲν
1062 4341 1130 4410 τῇ
1162 4338 1319 4413 ψυχῇ
1351 4354 1474 4412 μου,
1500 4332 1586 4388 οιαὶ
1615 4330 1668 4386 ἐν
1697 4337 1773 4404 τῷ
1804 4329 1909 4386 σώ-

2083 4331 2176 4391 11.
2213 4327 2595 4405 Gloriﬁcabo,
2655 4330 2873 4406 inquit,
2932 4331 2990 4391 in
3043 4329 3242 4391 anima
3297 4345 3448 4407 mea,
3484 4333 3542 4389 et
3579 4326 3640 4388 in

260 4451 420 4507 ματι,
454 4426 724 4504 νεκρώσας
756 4431 824 4500 τῇ
866 4425 1094 4502 ἁμαρτίᾳ
1153 4421 1278 4479 ὅλον
1336 4420 1545 4480 ἑαυτόν·
1593 4419 1780 4499 κιθάρα
1812 4420 1861 4497 γε

2032 4436 2248 4498 orpore
2299 4420 2669 4482 mortiﬁcans
2727 4426 2916 4481 totum
2992 4419 3283 4498 meipsum
3344 4425 3633 4518 peccato:

260 4519 419 4590 ξύλον
450 4516 561 4572 ἐστὶ
590 4516 752 4591 ζηρὸν
813 4513 944 4593 ἕχον
1001 4520 1180 4591 νεῦρα,
1211 4511 1435 4590 ἆορατον
1481 4510 1660 4590 φωνήν
1710 4510 1861 4565 ὰποτι

2034 4507 2220 4568 ithara
2253 4510 2411 4569 enim
2447 4508 2672 4588 lignum
2704 4507 2936 4569 aridum
2994 4507 3224 4569 habens
3273 4524 3507 4586 nervos,
3536 4507 3635 4568 in-

258 4610 428 4666 κοῦσα
453 4610 531 4683 (5)
563 4603 682 4662 κατ’
725 4602 993 4681 ἐνέργειαν
1036 4611 1128 4660 τοῦ
1171 4608 1441 4662 κινοῦντος
1475 4599 1664 4669 αὐτήν.

2034 4594 2289 4657 isibilem
2321 4614 2521 4659 vocem
2555 4596 2836 4660 emittens
2865 4599 3196 4659 secundum
3227 4594 3635 4676 operationem

792 4717 798 4724 -
1995 4702 2125 4747 eam
2158 4687 2467 4749 moventis.

345 4787 446 4850 12.
477 4787 604 4846 "In
633 4788 681 4843 τί
714 4785 892 4850 πῧτως
924 4784 1170 4862 ἁπέγνως
1202 4784 1395 4850 ἑαυτῆς
1423 4802 1440 4854 ;

2077 4778 2174 4834 4'2.
2213 4775 2413 4847 Quare
2441 4775 2522 4838 ita
2551 4775 2627 4839 de
2659 4783 2718 4839 te
2745 4776 2876 4858 ipsa
2906 4774 3289 4855 desperasti?

351 4876 444 4941 13.
473 4877 744 4936 ’Ἒλπισον
775 4877 862 4933 ἐπὶ
890 4875 982 4931 τὸν
1015 4875 1147 4930 Θεὸν
1178 4874 1271 4928 τὸν
1315 4871 1551 4943 σώζοντα
1582 4871 1702 4932 τοὺς
1735 4890 1904 4947 προσο
1930 4879 1952 4930 ῐ

2080 4865 2172 4926 13.
2207 4863 2391 4945 Spera
2451 4865 2510 4926 in
2570 4865 2786 4946 Deum,
2847 4865 2950 4947 qui
3009 4863 3192 4926 salvat
3247 4863 3322 4927 ad
3373 4881 3437 4925 se
3487 4881 3637 4925 con-

259 4969 554 5049 φεύγοντας
583 4967 753 5042 αυτῷ,
801 4966 882 5022 ὅτι
937 4963 1088 5041 κάγὼ
1150 4959 1332 5037 μέλλω
1390 4964 1532 5035 αὐτῷ
1583 4957 1860 5036 ὶξομολογι

2040 4955 2318 5032 ιεὶρηιοθ,
2382 4955 2660 5034 quoniam
2729 4962 2789 5017 et
2868 4972 2976 5034 ego
3064 4954 3182 5034 ipsi
3260 4952 3641 5015 confessurus

261 5063 455 5117 me...
485 5056 605 5137 (6).

526 5056 573 5137 5)
593 5107 605 5117 .
1998 5062 2127 5137 sum

347 5147 446 5209 14.
498 5131 660 5206 huic
693 5147 832 5204 ἐστιν
860 5148 888 5204 6
913 5145 1042 5208 Θεό(
1076 5165 1178 5216 μου

1277 5142 1322 5220 ),
2081 5133 2176 5196 14.
2212 5131 2346 5212 Ipse
2378 5140 2469 5195 est
2499 5133 2658 5196 Deus
2683 5151 2876 5195 meus.

1294 5300 1596 5366 Addenda
1623 5263 1688 5364 et
1715 5298 2094 5380 corrigenda
2124 5310 2202 5358 ex
2233 5294 2373 5358 cod.
2408 5293 2610 5360 Vatic.

356 5441 450 5521 ί
473 5439 543 5521 ΫἯ
578 5439 663 5496 διὰ
692 5447 788 5509 τῆς
823 5439 1177 5521 κινναϐάρεως
1205 5463 1325 5520 περ.
2206 5425 2600 5521 Ero-relcuom,

347 5505 440 5598 (ἓξ
469 5520 529 5578 Ὀ
581 5505 782 5585 Θιεός,Γ
1045 5505 1056 5521 ³
1168 5505 1171 5506 ν
1275 5505 1286 5520 ’
2206 5505 2702 5598 ἶιξξομολογετσθαι.

349 5587 428 5672 ί3ξ
456 5600 642 5677 Λέγει,
667 5604 816 5679 ῥῦσαί
855 5623 949 5678 με.
2089 5587 2180 5668 (Ἰ)
2210 5595 2344 5662 Μου,
2377 5589 2466 5645 καὶ
2506 5588 2690 5667 σωτήρ
2730 5609 2854 5664 μου.

344 5680 425 5761 (4)
458 5680 860 5744 Ἀπολαύσεων.
