  <div class='ocr_page' id='page_1' title='image "/cluster/home/n/w/nwhite01/storage/ocr_20150623/27/hvd.32044054272802/425.png"; bbox 0 0 4054 6206; ppageno 0'>
   <div class='ocr_carea' id='block_1_1' title="bbox 481 333 601 398">
    <p class='ocr_par' dir='ltr' id='par_1_1' title="bbox 481 333 601 398">
     <span class='ocr_line' id='line_1_1' title="bbox 481 333 601 398; baseline 0.017 -2"><span class='ocrx_word' id='word_1_1' title='bbox 481 333 601 398; x_wconf 80' lang='grc'><strong>819</strong></span> 
     </span>
    </p>
   </div>
   <div class='ocr_carea' id='block_1_2' title="bbox 683 468 1920 548">
    <p class='ocr_par' dir='ltr' id='par_1_2' title="bbox 683 468 1920 548">
     <span class='ocr_line' id='line_1_2' title="bbox 683 468 1920 548; baseline 0.002 -18"><span class='ocrx_word' id='word_1_2' title='bbox 683 468 754 530; x_wconf 79' lang='lat' dir='ltr'><strong>In</strong></span> <span class='ocrx_word' id='word_1_3' title='bbox 786 468 1010 546; x_wconf 78' lang='lat' dir='ltr'><strong>ﬁnem:</strong></span> <span class='ocrx_word' id='word_1_4' title='bbox 1041 468 1196 548; x_wconf 69' lang='lat' dir='ltr'><strong>ﬁliis</strong></span> <span class='ocrx_word' id='word_1_5' title='bbox 1228 470 1385 530; x_wconf 83' lang='lat' dir='ltr'><strong>Core</strong></span> <span class='ocrx_word' id='word_1_6' title='bbox 1414 470 1496 533; x_wconf 86' lang='lat' dir='ltr'><strong>ad</strong></span> <span class='ocrx_word' id='word_1_7' title='bbox 1524 469 1920 535; x_wconf 72' lang='lat' dir='ltr'><strong>intellectum.</strong></span> 
     </span>
    </p>
   </div>
   <div class='ocr_carea' id='block_1_3' title="bbox 1062 557 1551 622">
    <p class='ocr_par' dir='ltr' id='par_1_3' title="bbox 1062 557 1551 622">
     <span class='ocr_line' id='line_1_3' title="bbox 1062 557 1551 622; baseline 0.004 -2"><span class='ocrx_word' id='word_1_8' title='bbox 1062 557 1287 622; x_wconf 84' lang='lat' dir='ltr'><strong>PSAL.</strong></span> <span class='ocrx_word' id='word_1_9' title='bbox 1325 560 1551 622; x_wconf 81' lang='lat' dir='ltr'><strong><em>XLIII.</em></strong></span> 
     </span>
    </p>
   </div>
   <div class='ocr_carea' id='block_1_4' title="bbox 575 649 1857 735">
    <p class='ocr_par' dir='ltr' id='par_1_4' title="bbox 575 649 1857 735">
     <span class='ocr_line' id='line_1_4' title="bbox 575 649 1857 735; baseline 0.003 -23"><span class='ocrx_word' id='word_1_10' title='bbox 575 650 634 712; x_wconf 99' lang='grc'><strong>1.</strong></span> <span class='ocrx_word' id='word_1_11' title='bbox 663 649 846 724; x_wconf 85' lang='lat' dir='ltr'><strong>Deus,</strong></span> <span class='ocrx_word' id='word_1_12' title='bbox 880 654 941 710; x_wconf 87' lang='lat' dir='ltr'><strong>in</strong></span> <span class='ocrx_word' id='word_1_13' title='bbox 970 649 1214 713; x_wconf 83' lang='lat' dir='ltr'><strong>auribus</strong></span> <span class='ocrx_word' id='word_1_14' title='bbox 1244 653 1464 715; x_wconf 75' lang='lat' dir='ltr'><strong>nostris</strong></span> <span class='ocrx_word' id='word_1_15' title='bbox 1497 652 1857 735; x_wconf 82' lang='lat' dir='ltr'><strong>audivimus,</strong></span> 
     </span>
    </p>
   </div>
   <div class='ocr_carea' id='block_1_5' title="bbox 573 736 1860 804">
    <p class='ocr_par' dir='ltr' id='par_1_5' title="bbox 573 736 1860 804">
     <span class='ocr_line' id='line_1_5' title="bbox 573 736 1860 804; baseline 0.002 -3"><span class='ocrx_word' id='word_1_16' title='bbox 573 738 632 801; x_wconf 81' lang='lat'><strong>2.</strong></span> <span class='ocrx_word' id='word_1_17' title='bbox 665 736 868 800; x_wconf 85' lang='lat' dir='ltr'><strong>Patres</strong></span> <span class='ocrx_word' id='word_1_18' title='bbox 901 741 1090 801; x_wconf 78' lang='lat' dir='ltr'><strong>nostri</strong></span> <span class='ocrx_word' id='word_1_19' title='bbox 1127 741 1624 804; x_wconf 82' lang='lat' dir='ltr'><strong>annuntiaverunt</strong></span> <span class='ocrx_word' id='word_1_20' title='bbox 1667 742 1860 804; x_wconf 84' lang='lat' dir='ltr'><strong>nobis.</strong></span> 
     </span>
    </p>
   </div>
   <div class='ocr_carea' id='block_1_6' title="bbox 570 826 2134 909">
    <p class='ocr_par' dir='ltr' id='par_1_6' title="bbox 570 826 2134 909">
     <span class='ocr_line' id='line_1_6' title="bbox 570 826 2134 909; baseline -0.001 -17"><span class='ocrx_word' id='word_1_21' title='bbox 570 826 628 892; x_wconf 90' lang='lat'><strong>3.</strong></span> <span class='ocrx_word' id='word_1_22' title='bbox 663 829 844 907; x_wconf 89' lang='lat' dir='ltr'><strong>Opus,</strong></span> <span class='ocrx_word' id='word_1_23' title='bbox 882 827 1040 906; x_wconf 91' lang='lat' dir='ltr'><strong>quod</strong></span> <span class='ocrx_word' id='word_1_24' title='bbox 1073 836 1350 909; x_wconf 83' lang='lat' dir='ltr'><strong>operatus</strong></span> <span class='ocrx_word' id='word_1_25' title='bbox 1374 849 1438 893; x_wconf 90' lang='lat' dir='ltr'><strong>es</strong></span> <span class='ocrx_word' id='word_1_26' title='bbox 1469 831 1532 892; x_wconf 90' lang='lat' dir='ltr'><strong>in</strong></span> <span class='ocrx_word' id='word_1_27' title='bbox 1563 830 1773 894; x_wconf 87' lang='lat' dir='ltr'><strong>diebus</strong></span> <span class='ocrx_word' id='word_1_28' title='bbox 1805 850 2037 905; x_wconf 87' lang='lat' dir='ltr'><strong>eorum,</strong></span> <span class='ocrx_word' id='word_1_29' title='bbox 2073 830 2134 891; x_wconf 91' lang='lat' dir='ltr'><strong>in</strong></span> 
     </span>
    </p>
   </div>
   <div class='ocr_carea' id='block_1_7' title="bbox 485 915 1009 996">
    <p class='ocr_par' dir='ltr' id='par_1_7' title="bbox 485 915 1009 996">
     <span class='ocr_line' id='line_1_7' title="bbox 485 915 1009 996; baseline -0.006 -17"><span class='ocrx_word' id='word_1_30' title='bbox 485 915 702 979; x_wconf 89' lang='lat' dir='ltr'><strong>diebus</strong></span> <span class='ocrx_word' id='word_1_31' title='bbox 729 916 1009 996; x_wconf 78' lang='lat' dir='ltr'><strong>antiquis.</strong></span> 
     </span>
    </p>
   </div>
   <div class='ocr_carea' id='block_1_8' title="bbox 567 1002 2133 1092">
    <p class='ocr_par' dir='ltr' id='par_1_8' title="bbox 567 1002 2133 1092">
     <span class='ocr_line' id='line_1_8' title="bbox 567 1002 2133 1092; baseline 0.003 -26"><span class='ocrx_word' id='word_1_32' title='bbox 567 1008 628 1066; x_wconf 77' lang='grc'><strong>4.</strong></span> <span class='ocrx_word' id='word_1_33' title='bbox 656 1006 865 1068; x_wconf 83' lang='lat' dir='ltr'><strong>Manus</strong></span> <span class='ocrx_word' id='word_1_34' title='bbox 899 1014 998 1067; x_wconf 89' lang='lat' dir='ltr'><strong>tua</strong></span> <span class='ocrx_word' id='word_1_35' title='bbox 1052 1017 1262 1086; x_wconf 79' lang='lat' dir='ltr'><strong>gentes</strong></span> <span class='ocrx_word' id='word_1_36' title='bbox 1319 1006 1704 1088; x_wconf 77' lang='lat' dir='ltr'><strong>disperdidit,</strong></span> <span class='ocrx_word' id='word_1_37' title='bbox 1742 1019 1800 1072; x_wconf 89' lang='lat' dir='ltr'><strong>et</strong></span> <span class='ocrx_word' id='word_1_38' title='bbox 1858 1002 2133 1092; x_wconf 87' lang='lat' dir='ltr'><strong>plantasti</strong></span> 
     </span>
    </p>
   </div>
   <div class='ocr_carea' id='block_1_9' title="bbox 487 1113 1784 1267">
    <p class='ocr_par' dir='ltr' id='par_1_9' title="bbox 487 1113 1784 1267">
     <span class='ocr_line' id='line_1_9' title="bbox 487 1113 1784 1267; baseline -0.002 -21"><span class='ocrx_word' id='word_1_39' title='bbox 487 1113 632 1246; x_wconf 49' lang='lat'><strong>9°85.</strong></span> <span class='ocrx_word' id='word_1_40' title='bbox 656 1181 932 1245; x_wconf 79' lang='lat' dir='ltr'><strong>Afﬂixisti</strong></span> <span class='ocrx_word' id='word_1_41' title='bbox 964 1185 1239 1265; x_wconf 87' lang='lat' dir='ltr'><strong>populos.</strong></span> <span class='ocrx_word' id='word_1_42' title='bbox 1271 1194 1330 1246; x_wconf 92' lang='lat' dir='ltr'><strong>et</strong></span> <span class='ocrx_word' id='word_1_43' title='bbox 1355 1186 1636 1267; x_wconf 84' lang='lat' dir='ltr'><strong>expulisti</strong></span> <span class='ocrx_word' id='word_1_44' title='bbox 1661 1206 1784 1249; x_wconf 91' lang='lat' dir='ltr'><strong>eos.</strong></span> 
     </span>
    </p>
   </div>
   <div class='ocr_carea' id='block_1_10' title="bbox 575 1272 2131 1356">
    <p class='ocr_par' dir='ltr' id='par_1_10' title="bbox 575 1272 2131 1356">
     <span class='ocr_line' id='line_1_10' title="bbox 575 1272 2131 1356; baseline 0.003 -21"><span class='ocrx_word' id='word_1_45' title='bbox 575 1275 638 1337; x_wconf 91' lang='lat'><strong>6.</strong></span> <span class='ocrx_word' id='word_1_46' title='bbox 671 1275 796 1336; x_wconf 86' lang='lat' dir='ltr'><strong>Nec</strong></span> <span class='ocrx_word' id='word_1_47' title='bbox 827 1272 990 1334; x_wconf 91' lang='lat' dir='ltr'><strong>enim</strong></span> <span class='ocrx_word' id='word_1_48' title='bbox 1016 1274 1078 1335; x_wconf 90' lang='lat' dir='ltr'><strong>in</strong></span> <span class='ocrx_word' id='word_1_49' title='bbox 1107 1273 1302 1352; x_wconf 85' lang='lat' dir='ltr'><strong>gladio</strong></span> <span class='ocrx_word' id='word_1_50' title='bbox 1323 1292 1434 1336; x_wconf 88' lang='lat' dir='ltr'><strong>suo</strong></span> <span class='ocrx_word' id='word_1_51' title='bbox 1462 1277 1853 1356; x_wconf 86' lang='lat' dir='ltr'><strong>possederunt</strong></span> <span class='ocrx_word' id='word_1_52' title='bbox 1889 1285 2131 1339; x_wconf 87' lang='lat' dir='ltr'><strong>terram:</strong></span> 
     </span>
    </p>
   </div>
   <div class='ocr_carea' id='block_1_11' title="bbox 567 1362 1908 1427">
    <p class='ocr_par' dir='ltr' id='par_1_11' title="bbox 567 1362 1908 1427">
     <span class='ocr_line' id='line_1_11' title="bbox 567 1362 1908 1427; baseline 0.001 -3"><span class='ocrx_word' id='word_1_53' title='bbox 567 1365 630 1426; x_wconf 86' lang='lat'><strong>&#39;7.</strong></span> <span class='ocrx_word' id='word_1_54' title='bbox 665 1363 741 1425; x_wconf 89' lang='lat' dir='ltr'><strong>Et</strong></span> <span class='ocrx_word' id='word_1_55' title='bbox 771 1362 1088 1426; x_wconf 78' lang='lat' dir='ltr'><strong>brachium</strong></span> <span class='ocrx_word' id='word_1_56' title='bbox 1119 1381 1324 1425; x_wconf 91' lang='lat' dir='ltr'><strong>eorum</strong></span> <span class='ocrx_word' id='word_1_57' title='bbox 1352 1382 1471 1425; x_wconf 88' lang='lat' dir='ltr'><strong>non</strong></span> <span class='ocrx_word' id='word_1_58' title='bbox 1496 1365 1736 1426; x_wconf 83' lang='lat' dir='ltr'><strong>salvavit</strong></span> <span class='ocrx_word' id='word_1_59' title='bbox 1766 1383 1908 1427; x_wconf 81' lang='lat' dir='ltr'><strong>eos:</strong></span> 
     </span>
    </p>
   </div>
   <div class='ocr_carea' id='block_1_12' title="bbox 568 1450 2134 1531">
    <p class='ocr_par' dir='ltr' id='par_1_12' title="bbox 568 1450 2134 1531">
     <span class='ocr_line' id='line_1_12' title="bbox 568 1450 2134 1531; baseline 0 -15"><span class='ocrx_word' id='word_1_60' title='bbox 568 1453 624 1516; x_wconf 90' lang='lat'><strong>8.</strong></span> <span class='ocrx_word' id='word_1_61' title='bbox 663 1450 781 1515; x_wconf 89' lang='lat' dir='ltr'><strong>Sed</strong></span> <span class='ocrx_word' id='word_1_62' title='bbox 817 1453 1061 1516; x_wconf 85' lang='lat' dir='ltr'><strong>dextera</strong></span> <span class='ocrx_word' id='word_1_63' title='bbox 1118 1463 1223 1515; x_wconf 88' lang='lat' dir='ltr'><strong>tua</strong></span> <span class='ocrx_word' id='word_1_64' title='bbox 1255 1461 1311 1514; x_wconf 88' lang='lat' dir='ltr'><strong>et</strong></span> <span class='ocrx_word' id='word_1_65' title='bbox 1338 1452 1650 1516; x_wconf 86' lang='lat' dir='ltr'><strong>brachium</strong></span> <span class='ocrx_word' id='word_1_66' title='bbox 1685 1464 1873 1531; x_wconf 89' lang='lat' dir='ltr'><strong>tuum,</strong></span> <span class='ocrx_word' id='word_1_67' title='bbox 1911 1463 1970 1517; x_wconf 90' lang='lat' dir='ltr'><strong>et</strong></span> <span class='ocrx_word' id='word_1_68' title='bbox 1998 1455 2134 1516; x_wconf 87' lang='lat' dir='ltr'><strong>illu-</strong></span> 
     </span>
    </p>
   </div>
   <div class='ocr_carea' id='block_1_13' title="bbox 494 1541 1107 1616">
    <p class='ocr_par' dir='ltr' id='par_1_13' title="bbox 494 1541 1107 1616">
     <span class='ocr_line' id='line_1_13' title="bbox 494 1541 1107 1616; baseline -0.002 -13"><span class='ocrx_word' id='word_1_69' title='bbox 494 1541 740 1604; x_wconf 87' lang='lat' dir='ltr'><strong>minatio</strong></span> <span class='ocrx_word' id='word_1_70' title='bbox 772 1545 970 1604; x_wconf 84' lang='lat' dir='ltr'><strong>vultus</strong></span> <span class='ocrx_word' id='word_1_71' title='bbox 1000 1541 1107 1616; x_wconf 89' lang='lat' dir='ltr'><strong>tui,</strong></span> 
     </span>
    </p>
   </div>
   <div class='ocr_carea' id='block_1_14' title="bbox 572 1629 1630 1709">
    <p class='ocr_par' dir='ltr' id='par_1_14' title="bbox 572 1629 1630 1709">
     <span class='ocr_line' id='line_1_14' title="bbox 572 1629 1630 1709; baseline 0.001 -15"><span class='ocrx_word' id='word_1_72' title='bbox 572 1631 633 1694; x_wconf 88' lang='lat'><strong>9.</strong></span> <span class='ocrx_word' id='word_1_73' title='bbox 660 1631 954 1703; x_wconf 84' lang='lat' dir='ltr'><strong>Quoniam</strong></span> <span class='ocrx_word' id='word_1_74' title='bbox 987 1629 1399 1709; x_wconf 87' lang='lat' dir='ltr'><strong>complacuisti</strong></span> <span class='ocrx_word' id='word_1_75' title='bbox 1431 1632 1492 1693; x_wconf 91' lang='lat' dir='ltr'><strong>in</strong></span> <span class='ocrx_word' id='word_1_76' title='bbox 1518 1632 1630 1695; x_wconf 92' lang='lat' dir='ltr'><strong>eis.</strong></span> 
     </span>
    </p>
   </div>
   <div class='ocr_carea' id='block_1_15' title="bbox 568 1719 1893 1798">
    <p class='ocr_par' dir='ltr' id='par_1_15' title="bbox 568 1719 1893 1798">
     <span class='ocr_line' id='line_1_15' title="bbox 568 1719 1893 1798; baseline 0.002 -17"><span class='ocrx_word' id='word_1_77' title='bbox 568 1719 670 1783; x_wconf 77' lang='grc'><strong>40.</strong></span> <span class='ocrx_word' id='word_1_78' title='bbox 704 1721 792 1782; x_wconf 92' lang='lat' dir='ltr'><strong>Tu</strong></span> <span class='ocrx_word' id='word_1_79' title='bbox 825 1739 890 1783; x_wconf 88' lang='lat' dir='ltr'><strong>es</strong></span> <span class='ocrx_word' id='word_1_80' title='bbox 919 1720 1049 1798; x_wconf 89' lang='lat' dir='ltr'><strong>ipse</strong></span> <span class='ocrx_word' id='word_1_81' title='bbox 1090 1737 1196 1782; x_wconf 83' lang='lat' dir='ltr'><strong>rex</strong></span> <span class='ocrx_word' id='word_1_82' title='bbox 1227 1737 1396 1782; x_wconf 89' lang='lat' dir='ltr'><strong>meus</strong></span> <span class='ocrx_word' id='word_1_83' title='bbox 1428 1729 1487 1783; x_wconf 91' lang='lat' dir='ltr'><strong>et</strong></span> <span class='ocrx_word' id='word_1_84' title='bbox 1515 1721 1674 1785; x_wconf 85' lang='lat' dir='ltr'><strong>Deus</strong></span> <span class='ocrx_word' id='word_1_85' title='bbox 1703 1741 1893 1797; x_wconf 90' lang='lat' dir='ltr'><strong>meus,</strong></span> 
     </span>
    </p>
   </div>
   <div class='ocr_carea' id='block_1_16' title="bbox 571 1807 1572 1882">
    <p class='ocr_par' dir='ltr' id='par_1_16' title="bbox 571 1807 1572 1882">
     <span class='ocr_line' id='line_1_16' title="bbox 571 1807 1572 1882; baseline 0.004 -14"><span class='ocrx_word' id='word_1_86' title='bbox 571 1809 668 1872; x_wconf 93' lang='grc'><strong>11.</strong></span> <span class='ocrx_word' id='word_1_87' title='bbox 703 1809 815 1882; x_wconf 87' lang='lat' dir='ltr'><strong>Qui</strong></span> <span class='ocrx_word' id='word_1_88' title='bbox 841 1807 1088 1870; x_wconf 84' lang='lat' dir='ltr'><strong>mandas</strong></span> <span class='ocrx_word' id='word_1_89' title='bbox 1118 1809 1339 1870; x_wconf 86' lang='lat' dir='ltr'><strong>salutes</strong></span> <span class='ocrx_word' id='word_1_90' title='bbox 1365 1809 1572 1872; x_wconf 86' lang='lat' dir='ltr'><strong>Jacob.</strong></span> 
     </span>
    </p>
   </div>
   <div class='ocr_carea' id='block_1_17' title="bbox 575 1897 2130 1974">
    <p class='ocr_par' dir='ltr' id='par_1_17' title="bbox 575 1897 2130 1974">
     <span class='ocr_line' id='line_1_17' title="bbox 575 1897 2130 1974; baseline 0.001 -16"><span class='ocrx_word' id='word_1_91' title='bbox 575 1897 679 1961; x_wconf 69' lang='grc'><strong>12.</strong></span> <span class='ocrx_word' id='word_1_92' title='bbox 712 1900 777 1959; x_wconf 88' lang='lat' dir='ltr'><strong>In</strong></span> <span class='ocrx_word' id='word_1_93' title='bbox 811 1905 868 1959; x_wconf 91' lang='lat' dir='ltr'><strong>te</strong></span> <span class='ocrx_word' id='word_1_94' title='bbox 893 1897 1169 1959; x_wconf 86' lang='lat' dir='ltr'><strong>inimicos</strong></span> <span class='ocrx_word' id='word_1_95' title='bbox 1200 1906 1433 1960; x_wconf 86' lang='lat' dir='ltr'><strong>nostros</strong></span> <span class='ocrx_word' id='word_1_96' title='bbox 1467 1900 1890 1962; x_wconf 88' lang='lat' dir='ltr'><strong>ventilabimus</strong></span> <span class='ocrx_word' id='word_1_97' title='bbox 1921 1917 2130 1974; x_wconf 83' lang='lat' dir='ltr'><strong>cornu,</strong></span> 
     </span>
    </p>
   </div>
   <div class='ocr_carea' id='block_1_18' title="bbox 575 1988 2135 2070">
    <p class='ocr_par' dir='ltr' id='par_1_18' title="bbox 575 1988 2135 2070">
     <span class='ocr_line' id='line_1_18' title="bbox 575 1988 2135 2070; baseline 0 -20"><span class='ocrx_word' id='word_1_98' title='bbox 575 1988 871 2050; x_wconf 80' lang='lat' dir='ltr'><strong>13.Etin</strong></span> <span class='ocrx_word' id='word_1_99' title='bbox 899 1988 1141 2051; x_wconf 88' lang='lat' dir='ltr'><strong>nomine</strong></span> <span class='ocrx_word' id='word_1_100' title='bbox 1188 1996 1286 2049; x_wconf 91' lang='lat' dir='ltr'><strong>tuo</strong></span> <span class='ocrx_word' id='word_1_101' title='bbox 1347 2006 1705 2069; x_wconf 75' lang='lat' dir='ltr'><strong>spernemus</strong></span> <span class='ocrx_word' id='word_1_102' title='bbox 1757 1991 2135 2070; x_wconf 81' lang='lat' dir='ltr'><strong>insurgentes</strong></span> 
     </span>
    </p>
   </div>
   <div class='ocr_carea' id='block_1_19' title="bbox 492 2076 693 2142">
    <p class='ocr_par' dir='ltr' id='par_1_19' title="bbox 492 2076 693 2142">
     <span class='ocr_line' id='line_1_19' title="bbox 492 2076 693 2142; baseline 0.015 -3"><span class='ocrx_word' id='word_1_103' title='bbox 492 2076 693 2142; x_wconf 83' lang='lat' dir='ltr'><strong>nobis.</strong></span> 
     </span>
    </p>
   </div>
   <div class='ocr_carea' id='block_1_20' title="bbox 574 2166 1792 2247">
    <p class='ocr_par' dir='ltr' id='par_1_20' title="bbox 574 2166 1792 2247">
     <span class='ocr_line' id='line_1_20' title="bbox 574 2166 1792 2247; baseline 0.002 -18"><span class='ocrx_word' id='word_1_104' title='bbox 574 2167 678 2229; x_wconf 78' lang='grc'><strong>14.</strong></span> <span class='ocrx_word' id='word_1_105' title='bbox 715 2166 842 2230; x_wconf 82' lang='grc' dir='ltr'>Νοη</span> <span class='ocrx_word' id='word_1_106' title='bbox 867 2167 1030 2230; x_wconf 89' lang='lat' dir='ltr'><strong>enim</strong></span> <span class='ocrx_word' id='word_1_107' title='bbox 1064 2167 1126 2228; x_wconf 91' lang='lat' dir='ltr'><strong>in</strong></span> <span class='ocrx_word' id='word_1_108' title='bbox 1159 2185 1301 2229; x_wconf 91' lang='lat' dir='ltr'><strong>arcu</strong></span> <span class='ocrx_word' id='word_1_109' title='bbox 1333 2185 1464 2228; x_wconf 91' lang='lat' dir='ltr'><strong>meo</strong></span> <span class='ocrx_word' id='word_1_110' title='bbox 1497 2167 1752 2247; x_wconf 85' lang='lat' dir='ltr'><strong>sperabo</strong></span> <span class='ocrx_word' id='word_1_111' title='bbox 1779 2191 1792 2232; x_wconf 89' lang='lat'>:</span> 
     </span>
    </p>
   </div>
   <div class='ocr_carea' id='block_1_21' title="bbox 577 2256 1811 2337">
    <p class='ocr_par' dir='ltr' id='par_1_21' title="bbox 577 2256 1811 2337">
     <span class='ocr_line' id='line_1_21' title="bbox 577 2256 1811 2337; baseline 0.002 -19"><span class='ocrx_word' id='word_1_112' title='bbox 577 2257 674 2318; x_wconf 84' lang='lat'><strong>15.</strong></span> <span class='ocrx_word' id='word_1_113' title='bbox 709 2257 786 2320; x_wconf 89' lang='lat' dir='ltr'><strong>Et</strong></span> <span class='ocrx_word' id='word_1_114' title='bbox 807 2256 1039 2337; x_wconf 75' lang='lat' dir='ltr'><strong>gladius</strong></span> <span class='ocrx_word' id='word_1_115' title='bbox 1071 2275 1242 2319; x_wconf 89' lang='lat' dir='ltr'><strong>meus</strong></span> <span class='ocrx_word' id='word_1_116' title='bbox 1271 2275 1391 2319; x_wconf 92' lang='lat' dir='ltr'><strong>non</strong></span> <span class='ocrx_word' id='word_1_117' title='bbox 1424 2257 1673 2320; x_wconf 83' lang='lat' dir='ltr'><strong>salvabit</strong></span> <span class='ocrx_word' id='word_1_118' title='bbox 1695 2277 1811 2321; x_wconf 92' lang='lat' dir='ltr'><strong>me.</strong></span> 
     </span>
    </p>
   </div>
   <div class='ocr_carea' id='block_1_22' title="bbox 1279 325 3051 401">
    <p class='ocr_par' dir='ltr' id='par_1_22' title="bbox 1279 325 3051 401">
     <span class='ocr_line' id='line_1_22' title="bbox 1279 325 3051 401; baseline 0 -3"><span class='ocrx_word' id='word_1_119' title='bbox 1279 336 1340 400; x_wconf 88' lang='lat' dir='ltr'><strong>S.</strong></span> <span class='ocrx_word' id='word_1_120' title='bbox 1387 325 1810 401; x_wconf 12' lang='lat' dir='ltr'><strong>ATH‘ANASII</strong></span> <span class='ocrx_word' id='word_1_121' title='bbox 1853 338 2022 401; x_wconf 89' lang='lat' dir='ltr'>OPP.</span> <span class='ocrx_word' id='word_1_122' title='bbox 2069 339 2264 401; x_wconf 82' lang='lat' dir='ltr'><strong>PARS</strong></span> <span class='ocrx_word' id='word_1_123' title='bbox 2307 338 2418 400; x_wconf 88' lang='lat' dir='ltr'><strong>III.</strong></span> <span class='ocrx_word' id='word_1_124' title='bbox 2465 370 2542 382; x_wconf 94' lang='lat'><strong>—</strong></span> <span class='ocrx_word' id='word_1_125' title='bbox 2589 335 3051 400; x_wconf 87' lang='lat' dir='ltr'><strong>EXEGETICA.</strong></span> 
     </span>
    </p>
   </div>
   <div class='ocr_carea' id='block_1_23' title="bbox 3371 253 3396 284">
    <p class='ocr_par' dir='ltr' id='par_1_23' title="bbox 3371 253 3396 284">
     <span class='ocr_line' id='line_1_23' title="bbox 3371 253 3396 284; baseline 0 0"><span class='ocrx_word' id='word_1_126' title='bbox 3371 253 3396 284; x_wconf 79' lang='grc' dir='ltr'><em>Ι</em></span> 
     </span>
    </p>
   </div>
   <div class='ocr_carea' id='block_1_24' title="bbox 3741 334 3851 400">
    <p class='ocr_par' dir='ltr' id='par_1_24' title="bbox 3741 334 3851 400">
     <span class='ocr_line' id='line_1_24' title="bbox 3741 334 3851 400; baseline 0.018 -2"><span class='ocrx_word' id='word_1_127' title='bbox 3741 334 3851 400; x_wconf 76' lang='lat'><strong>820</strong></span> 
     </span>
    </p>
   </div>
   <div class='ocr_carea' id='block_1_25' title="bbox 2372 470 3684 551">
    <p class='ocr_par' dir='ltr' id='par_1_25' title="bbox 2372 470 3684 551">
     <span class='ocr_line' id='line_1_25' title="bbox 2372 470 3684 551; baseline -0.002 -21"><span class='ocrx_word' id='word_1_128' title='bbox 2372 473 2458 538; x_wconf 81' lang='grc' dir='ltr'>Εἷς</span> <span class='ocrx_word' id='word_1_129' title='bbox 2487 474 2547 529; x_wconf 83' lang='grc' dir='ltr'><strong>τὸ</strong></span> <span class='ocrx_word' id='word_1_130' title='bbox 2600 471 2779 551; x_wconf 86' lang='grc' dir='ltr'>τέλος,</span> <span class='ocrx_word' id='word_1_131' title='bbox 2811 483 2927 534; x_wconf 78' lang='grc' dir='ltr'>τοῖς</span> <span class='ocrx_word' id='word_1_132' title='bbox 2979 471 3120 535; x_wconf 71' lang='grc' dir='ltr'>υἱοῖς</span> <span class='ocrx_word' id='word_1_133' title='bbox 3176 470 3310 549; x_wconf 77' lang='grc' dir='ltr'>Κορὲ</span> <span class='ocrx_word' id='word_1_134' title='bbox 3341 472 3414 535; x_wconf 80' lang='grc' dir='ltr'>εἷς</span> <span class='ocrx_word' id='word_1_135' title='bbox 3447 471 3684 532; x_wconf 71' lang='grc' dir='ltr'>σύνεσιν.</span> 
     </span>
    </p>
   </div>
   <div class='ocr_carea' id='block_1_26' title="bbox 2872 567 3199 619">
    <p class='ocr_par' dir='ltr' id='par_1_26' title="bbox 2872 567 3199 619">
     <span class='ocr_line' id='line_1_26' title="bbox 2872 567 3199 619; baseline 0.012 -4"><span class='ocrx_word' id='word_1_136' title='bbox 2872 567 3044 618; x_wconf 82' lang='grc' dir='ltr'><strong>ΨΑΛ.</strong></span> <span class='ocrx_word' id='word_1_137' title='bbox 3081 567 3199 619; x_wconf 81' lang='grc' dir='ltr'><strong>ΜΓ.</strong></span> 
     </span>
    </p>
   </div>
   <div class='ocr_carea' id='block_1_27' title="bbox 2306 649 3574 730">
    <p class='ocr_par' dir='ltr' id='par_1_27' title="bbox 2306 649 3574 730">
     <span class='ocr_line' id='line_1_27' title="bbox 2306 649 3574 730; baseline -0.007 -17"><span class='ocrx_word' id='word_1_138' title='bbox 2306 654 2358 714; x_wconf 87' lang='grc'><strong>1.</strong></span> <span class='ocrx_word' id='word_1_139' title='bbox 2391 653 2454 710; x_wconf 87' lang='grc' dir='ltr'>Ὀ</span> <span class='ocrx_word' id='word_1_140' title='bbox 2488 653 2645 730; x_wconf 82' lang='grc' dir='ltr'>Πεὸς,</span> <span class='ocrx_word' id='word_1_141' title='bbox 2677 651 2730 707; x_wconf 83' lang='grc' dir='ltr'>ἐν</span> <span class='ocrx_word' id='word_1_142' title='bbox 2763 663 2878 716; x_wconf 79' lang='grc' dir='ltr'>τοῖς</span> <span class='ocrx_word' id='word_1_143' title='bbox 2907 649 3034 706; x_wconf 81' lang='grc' dir='ltr'>ὠσὶν</span> <span class='ocrx_word' id='word_1_144' title='bbox 3071 649 3221 724; x_wconf 72' lang='grc' dir='ltr'>ἡμῶν</span> <span class='ocrx_word' id='word_1_145' title='bbox 3247 649 3574 724; x_wconf 78' lang='grc' dir='ltr'>ἠκούσαμεν,</span> 
     </span>
    </p>
   </div>
   <div class='ocr_carea' id='block_1_28' title="bbox 2298 737 3446 818">
    <p class='ocr_par' dir='ltr' id='par_1_28' title="bbox 2298 737 3446 818">
     <span class='ocr_line' id='line_1_28' title="bbox 2298 737 3446 818; baseline -0.004 -17"><span class='ocrx_word' id='word_1_146' title='bbox 2298 740 2360 804; x_wconf 68' lang='lat'><strong>2.</strong></span> <span class='ocrx_word' id='word_1_147' title='bbox 2393 745 2452 800; x_wconf 82' lang='grc' dir='ltr'><strong>Οἱ</strong></span> <span class='ocrx_word' id='word_1_148' title='bbox 2486 741 2709 818; x_wconf 76' lang='grc' dir='ltr'><strong>πατέρες</strong></span> <span class='ocrx_word' id='word_1_149' title='bbox 2739 743 2894 816; x_wconf 77' lang='grc' dir='ltr'>ἡμῶν</span> <span class='ocrx_word' id='word_1_150' title='bbox 2929 737 3255 818; x_wconf 74' lang='grc' dir='ltr'>ἆνήγγειλαν</span> <span class='ocrx_word' id='word_1_151' title='bbox 3286 741 3446 814; x_wconf 75' lang='grc' dir='ltr'>ἡμῖν.</span> 
     </span>
    </p>
   </div>
   <div class='ocr_carea' id='block_1_29' title="bbox 2299 827 3852 910">
    <p class='ocr_par' dir='ltr' id='par_1_29' title="bbox 2299 827 3852 910">
     <span class='ocr_line' id='line_1_29' title="bbox 2299 827 3852 910; baseline -0.004 -19"><span class='ocrx_word' id='word_1_152' title='bbox 2299 828 2359 893; x_wconf 89' lang='lat'><strong>3.</strong></span> <span class='ocrx_word' id='word_1_153' title='bbox 2395 830 2627 910; x_wconf 84' lang='grc' dir='ltr'>”Εργον,</span> <span class='ocrx_word' id='word_1_154' title='bbox 2667 831 2694 886; x_wconf 80' lang='grc' dir='ltr'>ὅ</span> <span class='ocrx_word' id='word_1_155' title='bbox 2752 831 2980 909; x_wconf 75' lang='grc' dir='ltr'><strong>εἰργάσω</strong></span> <span class='ocrx_word' id='word_1_156' title='bbox 3029 827 3085 884; x_wconf 76' lang='grc' dir='ltr'>ὲν</span> <span class='ocrx_word' id='word_1_157' title='bbox 3139 842 3263 892; x_wconf 78' lang='grc' dir='ltr'>ταῖς</span> <span class='ocrx_word' id='word_1_158' title='bbox 3315 828 3540 905; x_wconf 79' lang='grc' dir='ltr'><strong>ἡμέραις</strong></span> <span class='ocrx_word' id='word_1_159' title='bbox 3577 835 3770 910; x_wconf 70' lang='grc' dir='ltr'>αὐτῶν,</span> <span class='ocrx_word' id='word_1_160' title='bbox 3801 831 3852 886; x_wconf 71' lang='grc' dir='ltr'>ἐν</span> 
     </span>
    </p>
   </div>
   <div class='ocr_carea' id='block_1_30' title="bbox 2220 919 2752 1000">
    <p class='ocr_par' dir='ltr' id='par_1_30' title="bbox 2220 919 2752 1000">
     <span class='ocr_line' id='line_1_30' title="bbox 2220 919 2752 1000; baseline -0.002 -23"><span class='ocrx_word' id='word_1_161' title='bbox 2220 919 2444 997; x_wconf 72' lang='grc' dir='ltr'>ἡμέραις</span> <span class='ocrx_word' id='word_1_162' title='bbox 2476 921 2752 1000; x_wconf 83' lang='grc' dir='ltr'>ἀρχαίαις,</span> 
     </span>
    </p>
   </div>
   <div class='ocr_carea' id='block_1_31' title="bbox 2299 1007 3852 1090">
    <p class='ocr_par' dir='ltr' id='par_1_31' title="bbox 2299 1007 3852 1090">
     <span class='ocr_line' id='line_1_31' title="bbox 2299 1007 3852 1090; baseline 0 -23"><span class='ocrx_word' id='word_1_163' title='bbox 2299 1011 2361 1073; x_wconf 85' lang='grc'>4,</span> <span class='ocrx_word' id='word_1_164' title='bbox 2395 1009 2460 1066; x_wconf 84' lang='grc' dir='ltr'><strong>Ἠ</strong></span> <span class='ocrx_word' id='word_1_165' title='bbox 2491 1011 2612 1090; x_wconf 88' lang='grc' dir='ltr'>χείρ</span> <span class='ocrx_word' id='word_1_166' title='bbox 2664 1032 2757 1070; x_wconf 86' lang='grc' dir='ltr'><strong>σου</strong></span> <span class='ocrx_word' id='word_1_167' title='bbox 2786 1010 2909 1077; x_wconf 76' lang='grc' dir='ltr'>ἔθνη</span> <span class='ocrx_word' id='word_1_168' title='bbox 2954 1007 3323 1087; x_wconf 79' lang='grc' dir='ltr'>ἑξωλόθρευσε,</span> <span class='ocrx_word' id='word_1_169' title='bbox 3357 1010 3445 1067; x_wconf 81' lang='grc' dir='ltr'><strong>καὶ</strong></span> <span class='ocrx_word' id='word_1_170' title='bbox 3474 1010 3852 1089; x_wconf 79' lang='grc' dir='ltr'>κατεφύτευσας</span> 
     </span>
    </p>
   </div>
   <div class='ocr_carea' id='block_1_32' title="bbox 2218 1100 2430 1161">
    <p class='ocr_par' dir='ltr' id='par_1_32' title="bbox 2218 1100 2430 1161">
     <span class='ocr_line' id='line_1_32' title="bbox 2218 1100 2430 1161; baseline 0 -5"><span class='ocrx_word' id='word_1_171' title='bbox 2218 1100 2430 1161; x_wconf 77' lang='grc' dir='ltr'>αὐτούς’</span> 
     </span>
    </p>
   </div>
   <div class='ocr_carea' id='block_1_33' title="bbox 2299 1185 3578 1261">
    <p class='ocr_par' dir='ltr' id='par_1_33' title="bbox 2299 1185 3578 1261">
     <span class='ocr_line' id='line_1_33' title="bbox 2299 1185 3578 1261; baseline 0 -15"><span class='ocrx_word' id='word_1_172' title='bbox 2299 1189 2358 1252; x_wconf 83' lang='grc'><strong>5.</strong></span> <span class='ocrx_word' id='word_1_173' title='bbox 2395 1186 2707 1253; x_wconf 79' lang='grc' dir='ltr'>Ἐκακωσας</span> <span class='ocrx_word' id='word_1_174' title='bbox 2739 1187 2928 1261; x_wconf 87' lang='grc' dir='ltr'>λαοὺς,</span> <span class='ocrx_word' id='word_1_175' title='bbox 2977 1190 3063 1244; x_wconf 87' lang='grc' dir='ltr'>καὶ</span> <span class='ocrx_word' id='word_1_176' title='bbox 3093 1185 3337 1253; x_wconf 77' lang='grc' dir='ltr'>ἐξέϐαλες</span> <span class='ocrx_word' id='word_1_177' title='bbox 3371 1189 3578 1254; x_wconf 68' lang='grc' dir='ltr'>αὑτοὺς.</span> 
     </span>
    </p>
   </div>
   <div class='ocr_carea' id='block_1_34' title="bbox 2299 1277 3850 1357">
    <p class='ocr_par' dir='ltr' id='par_1_34' title="bbox 2299 1277 3850 1357">
     <span class='ocr_line' id='line_1_34' title="bbox 2299 1277 3850 1357; baseline -0.003 -21"><span class='ocrx_word' id='word_1_178' title='bbox 2299 1277 2357 1341; x_wconf 86' lang='grc'><strong>6.</strong></span> <span class='ocrx_word' id='word_1_179' title='bbox 2393 1282 2464 1336; x_wconf 78' lang='grc' dir='ltr'>Οὒ</span> <span class='ocrx_word' id='word_1_180' title='bbox 2491 1279 2590 1355; x_wconf 78' lang='grc' dir='ltr'>γὰρ</span> <span class='ocrx_word' id='word_1_181' title='bbox 2613 1278 2668 1333; x_wconf 79' lang='grc' dir='ltr'>ἐν</span> <span class='ocrx_word' id='word_1_182' title='bbox 2697 1283 2765 1354; x_wconf 78' lang='grc' dir='ltr'><strong>τῇ</strong></span> <span class='ocrx_word' id='word_1_183' title='bbox 2795 1279 3026 1357; x_wconf 72' lang='grc' dir='ltr'>ῥομφαίᾳ</span> <span class='ocrx_word' id='word_1_184' title='bbox 3057 1281 3227 1336; x_wconf 58' lang='grc' dir='ltr'>αὐτῶν</span> <span class='ocrx_word' id='word_1_185' title='bbox 3252 1277 3696 1355; x_wconf 69' lang='grc' dir='ltr'>ἐκληρονόμησαν</span> <span class='ocrx_word' id='word_1_186' title='bbox 3731 1284 3850 1356; x_wconf 71' lang='grc' dir='ltr'>γῆνι</span> 
     </span>
    </p>
   </div>
   <div class='ocr_carea' id='block_1_35' title="bbox 2300 1365 3659 1447">
    <p class='ocr_par' dir='ltr' id='par_1_35' title="bbox 2300 1365 3659 1447">
     <span class='ocr_line' id='line_1_35' title="bbox 2300 1365 3659 1447; baseline -0.003 -20"><span class='ocrx_word' id='word_1_187' title='bbox 2300 1370 2360 1430; x_wconf 89' lang='lat'><strong>7.</strong></span> <span class='ocrx_word' id='word_1_188' title='bbox 2393 1365 2499 1427; x_wconf 82' lang='grc' dir='ltr'><strong>Καὶ</strong></span> <span class='ocrx_word' id='word_1_189' title='bbox 2529 1370 2556 1423; x_wconf 91' lang='lat'><strong>6</strong></span> <span class='ocrx_word' id='word_1_190' title='bbox 2584 1368 2824 1447; x_wconf 75' lang='grc' dir='ltr'>βραχίων</span> <span class='ocrx_word' id='word_1_191' title='bbox 2857 1368 3031 1424; x_wconf 74' lang='grc' dir='ltr'>αὒτῶν</span> <span class='ocrx_word' id='word_1_192' title='bbox 3082 1370 3176 1425; x_wconf 79' lang='grc' dir='ltr'>οὐκ</span> <span class='ocrx_word' id='word_1_193' title='bbox 3219 1365 3416 1423; x_wconf 76' lang='grc' dir='ltr'>ἔσωσεν</span> <span class='ocrx_word' id='word_1_194' title='bbox 3451 1367 3659 1432; x_wconf 70' lang='grc' dir='ltr'>αὖτοὺς·</span> 
     </span>
    </p>
   </div>
   <div class='ocr_carea' id='block_1_36' title="bbox 2299 1455 3856 1537">
    <p class='ocr_par' dir='ltr' id='par_1_36' title="bbox 2299 1455 3856 1537">
     <span class='ocr_line' id='line_1_36' title="bbox 2299 1455 3856 1537; baseline -0.003 -21"><span class='ocrx_word' id='word_1_195' title='bbox 2299 1456 2360 1521; x_wconf 90' lang='grc'><strong>8.</strong></span> <span class='ocrx_word' id='word_1_196' title='bbox 2395 1455 2546 1513; x_wconf 80' lang='grc' dir='ltr'>Ἀλλ’</span> <span class='ocrx_word' id='word_1_197' title='bbox 2581 1459 2614 1522; x_wconf 80' lang='grc' dir='ltr'>ἡ</span> <span class='ocrx_word' id='word_1_198' title='bbox 2643 1455 2783 1522; x_wconf 80' lang='grc' dir='ltr'>δεξιά</span> <span class='ocrx_word' id='word_1_199' title='bbox 2812 1480 2927 1531; x_wconf 80' lang='grc' dir='ltr'>σου,</span> <span class='ocrx_word' id='word_1_200' title='bbox 2961 1458 3048 1512; x_wconf 81' lang='grc' dir='ltr'><strong>καὶ</strong></span> <span class='ocrx_word' id='word_1_201' title='bbox 3081 1458 3108 1512; x_wconf 98' lang='lat'><strong>6</strong></span> <span class='ocrx_word' id='word_1_202' title='bbox 3141 1456 3379 1534; x_wconf 75' lang='grc' dir='ltr'>βραχίων</span> <span class='ocrx_word' id='word_1_203' title='bbox 3410 1479 3528 1537; x_wconf 88' lang='grc' dir='ltr'>σου,</span> <span class='ocrx_word' id='word_1_204' title='bbox 3563 1458 3652 1514; x_wconf 83' lang='grc' dir='ltr'><strong>καὶ</strong></span> <span class='ocrx_word' id='word_1_205' title='bbox 3696 1458 3724 1512; x_wconf 86' lang='lat'><strong>6</strong></span> <span class='ocrx_word' id='word_1_206' title='bbox 3755 1480 3856 1535; x_wconf 67' lang='grc' dir='ltr'><strong>φω-</strong></span> 
     </span>
    </p>
   </div>
   <div class='ocr_carea' id='block_1_37' title="bbox 2219 1545 3011 1626">
    <p class='ocr_par' dir='ltr' id='par_1_37' title="bbox 2219 1545 3011 1626">
     <span class='ocr_line' id='line_1_37' title="bbox 2219 1545 3011 1626; baseline 0.001 -23"><span class='ocrx_word' id='word_1_207' title='bbox 2219 1548 2407 1621; x_wconf 79' lang='grc' dir='ltr'>τισμος</span> <span class='ocrx_word' id='word_1_208' title='bbox 2440 1552 2535 1601; x_wconf 81' lang='grc' dir='ltr'><strong>τοῦ</strong></span> <span class='ocrx_word' id='word_1_209' title='bbox 2577 1545 2863 1616; x_wconf 83' lang='grc' dir='ltr'><strong>προσώπου</strong></span> <span class='ocrx_word' id='word_1_210' title='bbox 2893 1569 3011 1626; x_wconf 77' lang='grc' dir='ltr'>σου,</span> 
     </span>
    </p>
   </div>
   <div class='ocr_carea' id='block_1_38' title="bbox 2301 1632 3187 1702">
    <p class='ocr_par' dir='ltr' id='par_1_38' title="bbox 2301 1632 3187 1702">
     <span class='ocr_line' id='line_1_38' title="bbox 2301 1632 3187 1702; baseline 0.001 -9"><span class='ocrx_word' id='word_1_211' title='bbox 2301 1635 2361 1698; x_wconf 88' lang='grc'><strong>9.</strong></span> <span class='ocrx_word' id='word_1_212' title='bbox 2397 1632 2529 1693; x_wconf 74' lang='lat' dir='ltr'><strong>&quot;Ott</strong></span> <span class='ocrx_word' id='word_1_213' title='bbox 2573 1633 2864 1702; x_wconf 75' lang='grc' dir='ltr'>εὐδόκησας</span> <span class='ocrx_word' id='word_1_214' title='bbox 2890 1637 2943 1693; x_wconf 82' lang='grc' dir='ltr'><strong>έν</strong></span> <span class='ocrx_word' id='word_1_215' title='bbox 2978 1638 3187 1699; x_wconf 77' lang='grc' dir='ltr'>αὐτοῖς.</span> 
     </span>
    </p>
   </div>
   <div class='ocr_carea' id='block_1_39' title="bbox 2304 1724 3851 1802">
    <p class='ocr_par' dir='ltr' id='par_1_39' title="bbox 2304 1724 3851 1802">
     <span class='ocr_line' id='line_1_39' title="bbox 2304 1724 3851 1802; baseline 0.002 -23"><span class='ocrx_word' id='word_1_216' title='bbox 2304 1724 2398 1787; x_wconf 84' lang='lat'><strong>10,</strong></span> <span class='ocrx_word' id='word_1_217' title='bbox 2434 1724 2506 1780; x_wconf 81' lang='grc' dir='ltr'>Σὺ</span> <span class='ocrx_word' id='word_1_218' title='bbox 2541 1724 2596 1780; x_wconf 79' lang='grc' dir='ltr'>εἴ</span> <span class='ocrx_word' id='word_1_219' title='bbox 2630 1726 2786 1788; x_wconf 69' lang='grc' dir='ltr'>αὐτὸς</span> <span class='ocrx_word' id='word_1_220' title='bbox 2823 1727 2850 1781; x_wconf 88' lang='lat'><strong>6</strong></span> <span class='ocrx_word' id='word_1_221' title='bbox 2899 1725 3144 1802; x_wconf 83' lang='grc' dir='ltr'>βασιλεύς</span> <span class='ocrx_word' id='word_1_222' title='bbox 3202 1746 3304 1800; x_wconf 85' lang='grc' dir='ltr'><strong>μου</strong></span> <span class='ocrx_word' id='word_1_223' title='bbox 3360 1727 3448 1781; x_wconf 74' lang='grc' dir='ltr'>καὶ</span> <span class='ocrx_word' id='word_1_224' title='bbox 3492 1728 3519 1781; x_wconf 85' lang='lat'><strong>6</strong></span> <span class='ocrx_word' id='word_1_225' title='bbox 3550 1727 3682 1789; x_wconf 86' lang='grc' dir='ltr'>Θεός</span> <span class='ocrx_word' id='word_1_226' title='bbox 3739 1750 3851 1802; x_wconf 78' lang='grc' dir='ltr'>μου,</span> 
     </span>
    </p>
   </div>
   <div class='ocr_carea' id='block_1_40' title="bbox 2163 1812 3590 1893">
    <p class='ocr_par' dir='ltr' id='par_1_40' title="bbox 2163 1812 3590 1893">
     <span class='ocr_line' id='line_1_40' title="bbox 2163 1812 3590 1893; baseline -0.001 -18"><span class='ocrx_word' id='word_1_227' title='bbox 2163 1843 2198 1891; x_wconf 75' lang='grc' dir='ltr'><strong><em>Β</em></strong></span> <span class='ocrx_word' id='word_1_228' title='bbox 2305 1815 2401 1876; x_wconf 83' lang='grc'><strong>11.</strong></span> <span class='ocrx_word' id='word_1_229' title='bbox 2438 1812 2498 1872; x_wconf 82' lang='grc' dir='ltr'><strong>Ὀ</strong></span> <span class='ocrx_word' id='word_1_230' title='bbox 2531 1812 2911 1889; x_wconf 64' lang='grc' dir='ltr'>ἐντελλόμενος</span> <span class='ocrx_word' id='word_1_231' title='bbox 2959 1817 3051 1880; x_wconf 85' lang='grc' dir='ltr'><strong>τὰς</strong></span> <span class='ocrx_word' id='word_1_232' title='bbox 3082 1815 3344 1893; x_wconf 77' lang='grc' dir='ltr'>σωτηρίας</span> <span class='ocrx_word' id='word_1_233' title='bbox 3376 1813 3590 1874; x_wconf 71' lang='grc' dir='ltr'>ἰακώϐ.</span> 
     </span>
    </p>
   </div>
   <div class='ocr_carea' id='block_1_41' title="bbox 2304 1902 3658 1982">
    <p class='ocr_par' dir='ltr' id='par_1_41' title="bbox 2304 1902 3658 1982">
     <span class='ocr_line' id='line_1_41' title="bbox 2304 1902 3658 1982; baseline 0.001 -22"><span class='ocrx_word' id='word_1_234' title='bbox 2304 1902 2402 1964; x_wconf 67' lang='grc'><strong>1⁸2.</strong></span> <span class='ocrx_word' id='word_1_235' title='bbox 2438 1903 2530 1958; x_wconf 86' lang='grc' dir='ltr'>Ἐν</span> <span class='ocrx_word' id='word_1_236' title='bbox 2575 1903 2660 1958; x_wconf 87' lang='grc' dir='ltr'><strong>σοὶ</strong></span> <span class='ocrx_word' id='word_1_237' title='bbox 2689 1903 2810 1965; x_wconf 83' lang='grc' dir='ltr'>τοὺς</span> <span class='ocrx_word' id='word_1_238' title='bbox 2835 1902 3056 1982; x_wconf 83' lang='grc' dir='ltr'>ἐχθροὺς</span> <span class='ocrx_word' id='word_1_239' title='bbox 3087 1905 3244 1978; x_wconf 77' lang='grc' dir='ltr'>ἡμῶν</span> <span class='ocrx_word' id='word_1_240' title='bbox 3286 1911 3658 1982; x_wconf 80' lang='grc' dir='ltr'>κερατιοῦμεν,</span> 
     </span>
    </p>
   </div>
   <div class='ocr_carea' id='block_1_42' title="bbox 2305 1990 3858 2070">
    <p class='ocr_par' dir='ltr' id='par_1_42' title="bbox 2305 1990 3858 2070">
     <span class='ocr_line' id='line_1_42' title="bbox 2305 1990 3858 2070; baseline 0.005 -24"><span class='ocrx_word' id='word_1_241' title='bbox 2305 1991 2399 2053; x_wconf 85' lang='grc'><strong>13,</strong></span> <span class='ocrx_word' id='word_1_242' title='bbox 2434 1992 2537 2054; x_wconf 84' lang='grc' dir='ltr'><strong>Καὶ</strong></span> <span class='ocrx_word' id='word_1_243' title='bbox 2597 1991 2651 2047; x_wconf 81' lang='grc' dir='ltr'><strong>έν</strong></span> <span class='ocrx_word' id='word_1_244' title='bbox 2722 1999 2796 2066; x_wconf 84' lang='grc' dir='ltr'><strong>τῷ</strong></span> <span class='ocrx_word' id='word_1_245' title='bbox 2841 1993 3063 2068; x_wconf 84' lang='grc' dir='ltr'>ὀνόματί</span> <span class='ocrx_word' id='word_1_246' title='bbox 3131 2015 3224 2049; x_wconf 88' lang='grc' dir='ltr'><strong>σου</strong></span> <span class='ocrx_word' id='word_1_247' title='bbox 3279 1990 3704 2070; x_wconf 71' lang='grc' dir='ltr'>ἒξουδενώσομεν</span> <span class='ocrx_word' id='word_1_248' title='bbox 3747 1998 3858 2059; x_wconf 81' lang='grc' dir='ltr'>τοὺς</span> 
     </span>
    </p>
   </div>
   <div class='ocr_carea' id='block_1_43' title="bbox 2220 2080 3628 2157">
    <p class='ocr_par' dir='ltr' id='par_1_43' title="bbox 2220 2080 3628 2157">
     <span class='ocr_line' id='line_1_43' title="bbox 2220 2080 3628 2157; baseline 0.001 -21"><span class='ocrx_word' id='word_1_249' title='bbox 2220 2080 2672 2155; x_wconf 79' lang='grc' dir='ltr'><strong>ἐπανισταμένους</strong></span> <span class='ocrx_word' id='word_1_250' title='bbox 2713 2083 2876 2157; x_wconf 79' lang='grc' dir='ltr'>ἡμῖν.</span> <span class='ocrx_word' id='word_1_251' title='bbox 3623 2103 3628 2106; x_wconf 73' lang='grc'><em>”</em></span> 
     </span>
    </p>
   </div>
   <div class='ocr_carea' id='block_1_44' title="bbox 2304 2169 3412 2248">
    <p class='ocr_par' dir='ltr' id='par_1_44' title="bbox 2304 2169 3412 2248">
     <span class='ocr_line' id='line_1_44' title="bbox 2304 2169 3412 2248; baseline -0.001 -18"><span class='ocrx_word' id='word_1_252' title='bbox 2304 2169 2400 2230; x_wconf 79' lang='grc'><strong>14.</strong></span> <span class='ocrx_word' id='word_1_253' title='bbox 2439 2173 2512 2228; x_wconf 77' lang='grc' dir='ltr'><strong>Οὐ</strong></span> <span class='ocrx_word' id='word_1_254' title='bbox 2539 2171 2639 2248; x_wconf 78' lang='grc' dir='ltr'><strong>γὰρ</strong></span> <span class='ocrx_word' id='word_1_255' title='bbox 2682 2171 2766 2227; x_wconf 83' lang='grc' dir='ltr'><strong>ἐπὶ</strong></span> <span class='ocrx_word' id='word_1_256' title='bbox 2795 2175 2872 2246; x_wconf 77' lang='grc' dir='ltr'>τῷ</span> <span class='ocrx_word' id='word_1_257' title='bbox 2896 2170 3032 2243; x_wconf 79' lang='grc' dir='ltr'><strong>τόξῳ</strong></span> <span class='ocrx_word' id='word_1_258' title='bbox 3075 2195 3176 2246; x_wconf 70' lang='grc' dir='ltr'><strong>μου</strong></span> <span class='ocrx_word' id='word_1_259' title='bbox 3220 2171 3412 2229; x_wconf 81' lang='grc' dir='ltr'>ὲλπιῶ⁶</span> 
     </span>
    </p>
   </div>
   <div class='ocr_carea' id='block_1_45' title="bbox 2300 2259 3376 2339">
    <p class='ocr_par' dir='ltr' id='par_1_45' title="bbox 2300 2259 3376 2339">
     <span class='ocr_line' id='line_1_45' title="bbox 2300 2259 3376 2339; baseline -0.003 -19"><span class='ocrx_word' id='word_1_260' title='bbox 2300 2267 2402 2320; x_wconf 77' lang='grc'><strong>45.</strong></span> <span class='ocrx_word' id='word_1_261' title='bbox 2435 2259 2540 2320; x_wconf 83' lang='grc' dir='ltr'><strong>Καὶ</strong></span> <span class='ocrx_word' id='word_1_262' title='bbox 2571 2262 2605 2327; x_wconf 81' lang='grc' dir='ltr'><strong>ἡ</strong></span> <span class='ocrx_word' id='word_1_263' title='bbox 2639 2261 2870 2339; x_wconf 78' lang='grc' dir='ltr'>ῥομφαία</span> <span class='ocrx_word' id='word_1_264' title='bbox 2902 2283 3002 2336; x_wconf 90' lang='grc' dir='ltr'><strong>μου</strong></span> <span class='ocrx_word' id='word_1_265' title='bbox 3034 2261 3093 2318; x_wconf 77' lang='grc' dir='ltr'>οὒ</span> <span class='ocrx_word' id='word_1_266' title='bbox 3120 2262 3280 2318; x_wconf 87' lang='grc' dir='ltr'>σώσεί</span> <span class='ocrx_word' id='word_1_267' title='bbox 3311 2284 3376 2336; x_wconf 90' lang='grc' dir='ltr'><strong>με</strong></span> 
     </span>
    </p>
   </div>
   <div class='ocr_carea' id='block_1_46' title="bbox 1633 2363 2729 2429">
    <p class='ocr_par' dir='ltr' id='par_1_46' title="bbox 1633 2363 2729 2429">
     <span class='ocr_line' id='line_1_46' title="bbox 1633 2363 2729 2429; baseline -0.003 -2"><span class='ocrx_word' id='word_1_268' title='bbox 1633 2363 2047 2429; x_wconf 84' lang='lat' dir='ltr'><strong>ATHANASII</strong></span> <span class='ocrx_word' id='word_1_269' title='bbox 2092 2363 2729 2429; x_wconf 78' lang='lat' dir='ltr'><strong>INTERPBETATIO.</strong></span> 
     </span>
    </p>
   </div>
   <div class='ocr_carea' id='block_1_47' title="bbox 573 2470 3862 2554">
    <p class='ocr_par' dir='ltr' id='par_1_47' title="bbox 573 2470 3862 2554">
     <span class='ocr_line' id='line_1_47' title="bbox 573 2470 3862 2554; baseline 0.002 -26"><span class='ocrx_word' id='word_1_270' title='bbox 573 2470 636 2528; x_wconf 84' lang='grc' dir='ltr'><strong>Ἠ</strong></span> <span class='ocrx_word' id='word_1_271' title='bbox 667 2471 1003 2552; x_wconf 80' lang='grc' dir='ltr'>προκειμένη</span> <span class='ocrx_word' id='word_1_272' title='bbox 1029 2473 1296 2552; x_wconf 70' lang='grc' dir='ltr'>ἐπιγραφή</span> <span class='ocrx_word' id='word_1_273' title='bbox 1328 2473 1571 2552; x_wconf 85' lang='grc' dir='ltr'>περιέχει</span> <span class='ocrx_word' id='word_1_274' title='bbox 1604 2474 1687 2552; x_wconf 83' lang='grc'><strong>(1)</strong></span> <span class='ocrx_word' id='word_1_275' title='bbox 1721 2491 1736 2508; x_wconf 80' lang='grc'><strong><em>⁸</em></strong></span> <span class='ocrx_word' id='word_1_276' title='bbox 1775 2475 1859 2538; x_wconf 79' lang='grc' dir='ltr'><strong>Εἷς</strong></span> <span class='ocrx_word' id='word_1_277' title='bbox 1889 2475 1950 2530; x_wconf 80' lang='grc' dir='ltr'><strong>τὸ</strong></span> <span class='ocrx_word' id='word_1_278' title='bbox 1994 2474 2170 2550; x_wconf 84' lang='grc' dir='ltr'>τέλος,</span> <span class='ocrx_word' id='word_1_279' title='bbox 2219 2487 2336 2538; x_wconf 76' lang='grc' dir='ltr'>τοῖς</span> <span class='ocrx_word' id='word_1_280' title='bbox 2393 2476 2530 2537; x_wconf 72' lang='grc' dir='ltr'>υἱοῖς</span> <span class='ocrx_word' id='word_1_281' title='bbox 2581 2475 2712 2552; x_wconf 78' lang='grc' dir='ltr'>Κορὲ</span> <span class='ocrx_word' id='word_1_282' title='bbox 2761 2475 2834 2537; x_wconf 74' lang='grc' dir='ltr'>εἷς</span> <span class='ocrx_word' id='word_1_283' title='bbox 2867 2474 3074 2530; x_wconf 79' lang='grc' dir='ltr'>σύνεσιν</span> <span class='ocrx_word' id='word_1_284' title='bbox 3106 2476 3190 2549; x_wconf 86' lang='lat' dir='ltr'><strong>(a)</strong></span> <span class='ocrx_word' id='word_1_285' title='bbox 3219 2491 3234 2505; x_wconf 85' lang='lat'><strong>&#39;</strong></span> <span class='ocrx_word' id='word_1_286' title='bbox 3283 2478 3369 2531; x_wconf 81' lang='grc' dir='ltr'><strong>καὶ</strong></span> <span class='ocrx_word' id='word_1_287' title='bbox 3401 2476 3593 2552; x_wconf 77' lang='grc' dir='ltr'>ἑτέρως</span> <span class='ocrx_word' id='word_1_288' title='bbox 3655 2474 3722 2544; x_wconf 75' lang='grc' dir='ltr'>δὴ</span> <span class='ocrx_word' id='word_1_289' title='bbox 3774 2475 3862 2554; x_wconf 67' lang='lat'><strong>(‘2)</strong></span> 
     </span>
    </p>
   </div>
   <div class='ocr_carea' id='block_1_48' title="bbox 488 2560 3862 2644">
    <p class='ocr_par' dir='ltr' id='par_1_48' title="bbox 488 2560 3862 2644">
     <span class='ocr_line' id='line_1_48' title="bbox 488 2560 3862 2644; baseline 0 -24"><span class='ocrx_word' id='word_1_290' title='bbox 488 2561 589 2629; x_wconf 78' lang='grc' dir='ltr'><strong>τὴν</strong></span> <span class='ocrx_word' id='word_1_291' title='bbox 614 2562 779 2629; x_wconf 72' lang='grc' dir='ltr'>αὐτὴν</span> <span class='ocrx_word' id='word_1_292' title='bbox 809 2562 1092 2640; x_wconf 78' lang='grc' dir='ltr'>ἑρμηνείαν</span> <span class='ocrx_word' id='word_1_293' title='bbox 1137 2560 1366 2637; x_wconf 72' lang='grc' dir='ltr'>εἴπομεν</span> <span class='ocrx_word' id='word_1_294' title='bbox 1392 2580 1406 2594; x_wconf 86' lang='lat'><strong><em>°</em></strong></span> <span class='ocrx_word' id='word_1_295' title='bbox 1454 2562 1602 2642; x_wconf 84' lang='grc' dir='ltr'>λέγει</span> <span class='ocrx_word' id='word_1_296' title='bbox 1631 2565 1730 2641; x_wconf 86' lang='grc' dir='ltr'><strong>γάρ</strong></span> <span class='ocrx_word' id='word_1_297' title='bbox 1763 2579 1777 2593; x_wconf 86' lang='grc'><strong>·</strong></span> <span class='ocrx_word' id='word_1_298' title='bbox 1818 2566 1903 2627; x_wconf 80' lang='grc' dir='ltr'><strong>Εἰς</strong></span> <span class='ocrx_word' id='word_1_299' title='bbox 1935 2567 1994 2620; x_wconf 81' lang='grc' dir='ltr'><strong>τὸ</strong></span> <span class='ocrx_word' id='word_1_300' title='bbox 2047 2564 2222 2643; x_wconf 82' lang='grc' dir='ltr'>τέλος,</span> <span class='ocrx_word' id='word_1_301' title='bbox 2272 2576 2390 2629; x_wconf 76' lang='grc' dir='ltr'>τοῖς</span> <span class='ocrx_word' id='word_1_302' title='bbox 2437 2565 2574 2625; x_wconf 72' lang='grc' dir='ltr'>υἱοῖς</span> <span class='ocrx_word' id='word_1_303' title='bbox 2604 2564 2746 2642; x_wconf 78' lang='grc' dir='ltr'>Κορὲ</span> <span class='ocrx_word' id='word_1_304' title='bbox 2777 2569 2860 2628; x_wconf 78' lang='grc' dir='ltr'>εἷς</span> <span class='ocrx_word' id='word_1_305' title='bbox 2894 2565 3122 2624; x_wconf 83' lang='grc' dir='ltr'>σύνεσιν.</span> <span class='ocrx_word' id='word_1_306' title='bbox 3158 2567 3229 2623; x_wconf 83' lang='grc' dir='ltr'>Τὸ</span> <span class='ocrx_word' id='word_1_307' title='bbox 3261 2563 3314 2620; x_wconf 78' lang='grc' dir='ltr'>δὲ</span> <span class='ocrx_word' id='word_1_308' title='bbox 3351 2565 3483 2643; x_wconf 77' lang='grc' dir='ltr'>Κορὲ</span> <span class='ocrx_word' id='word_1_309' title='bbox 3515 2567 3862 2644; x_wconf 73' lang='grc' dir='ltr'>ἑρμηνεύεται</span> 
     </span>
    </p>
   </div>
   <div class='ocr_carea' id='block_1_49' title="bbox 490 2648 3865 2734">
    <p class='ocr_par' dir='ltr' id='par_1_49' title="bbox 490 2648 3865 2734">
     <span class='ocr_line' id='line_1_49' title="bbox 490 2648 3865 2734; baseline -0.001 -26"><span class='ocrx_word' id='word_1_310' title='bbox 490 2649 760 2731; x_wconf 73' lang='grc' dir='ltr'>φαλακρός</span> <span class='ocrx_word' id='word_1_311' title='bbox 809 2648 916 2730; x_wconf 83' lang='grc'><strong>(3).</strong></span> <span class='ocrx_word' id='word_1_312' title='bbox 953 2661 1084 2716; x_wconf 78' lang='grc' dir='ltr'>Τοῖς</span> <span class='ocrx_word' id='word_1_313' title='bbox 1138 2654 1225 2708; x_wconf 74' lang='grc' dir='ltr'><strong>οὖν</strong></span> <span class='ocrx_word' id='word_1_314' title='bbox 1288 2653 1491 2730; x_wconf 83' lang='grc' dir='ltr'>γυμνὸν</span> <span class='ocrx_word' id='word_1_315' title='bbox 1539 2653 1726 2732; x_wconf 77' lang='grc' dir='ltr'>ἔχουσι</span> <span class='ocrx_word' id='word_1_316' title='bbox 1772 2655 1831 2708; x_wconf 78' lang='grc' dir='ltr'><strong>τὸ</strong></span> <span class='ocrx_word' id='word_1_317' title='bbox 1889 2655 2210 2731; x_wconf 68' lang='grc' dir='ltr'>ἡγεμονικὸν</span> <span class='ocrx_word' id='word_1_318' title='bbox 2259 2658 2356 2720; x_wconf 80' lang='grc' dir='ltr'><strong>τῆς</strong></span> <span class='ocrx_word' id='word_1_319' title='bbox 2398 2651 2608 2730; x_wconf 75' lang='grc' dir='ltr'>καρδίας</span> <span class='ocrx_word' id='word_1_320' title='bbox 2668 2653 2774 2710; x_wconf 74' lang='grc' dir='ltr'><strong>ἀπὸ</strong></span> <span class='ocrx_word' id='word_1_321' title='bbox 2811 2653 2981 2731; x_wconf 79' lang='grc' dir='ltr'>ἔργων</span> <span class='ocrx_word' id='word_1_322' title='bbox 3010 2653 3117 2734; x_wconf 84' lang='grc'>(4),</span> <span class='ocrx_word' id='word_1_323' title='bbox 3151 2655 3238 2710; x_wconf 64' lang='grc' dir='ltr'><strong>επὶ</strong></span> <span class='ocrx_word' id='word_1_324' title='bbox 3292 2653 3433 2710; x_wconf 80' lang='grc' dir='ltr'>τέλει</span> <span class='ocrx_word' id='word_1_325' title='bbox 3463 2651 3517 2709; x_wconf 77' lang='grc' dir='ltr'>δὲ</span> <span class='ocrx_word' id='word_1_326' title='bbox 3547 2656 3619 2717; x_wconf 80' lang='grc' dir='ltr'>εἷς</span> <span class='ocrx_word' id='word_1_327' title='bbox 3664 2655 3865 2710; x_wconf 83' lang='grc' dir='ltr'>σύνεσιν</span> 
     </span>
    </p>
   </div>
   <div class='ocr_carea' id='block_1_50' title="bbox 491 2738 1563 2820">
    <p class='ocr_par' dir='ltr' id='par_1_50' title="bbox 491 2738 1563 2820">
     <span class='ocr_line' id='line_1_50' title="bbox 491 2738 1563 2820; baseline 0 -23"><span class='ocrx_word' id='word_1_328' title='bbox 491 2738 800 2820; x_wconf 66' lang='grc' dir='ltr'>ἐρχομένων</span> <span class='ocrx_word' id='word_1_329' title='bbox 831 2742 858 2796; x_wconf 89' lang='lat'><strong>6</strong></span> <span class='ocrx_word' id='word_1_330' title='bbox 891 2739 1106 2815; x_wconf 79' lang='grc' dir='ltr'>ψαλμὸς</span> <span class='ocrx_word' id='word_1_331' title='bbox 1137 2742 1287 2805; x_wconf 74' lang='grc' dir='ltr'>οὗτος</span> <span class='ocrx_word' id='word_1_332' title='bbox 1323 2740 1563 2818; x_wconf 77' lang='grc' dir='ltr'>εἴρηται,</span> 
     </span>
    </p>
   </div>
   <div class='ocr_carea' id='block_1_51' title="bbox 571 2825 1850 2910">
    <p class='ocr_par' dir='ltr' id='par_1_51' title="bbox 571 2825 1850 2910">
     <span class='ocr_line' id='line_1_51' title="bbox 571 2825 1850 2910; baseline 0.002 -20"><span class='ocrx_word' id='word_1_333' title='bbox 571 2825 812 2910; x_wconf 79' lang='lat' dir='ltr'><strong>Titulus</strong></span> <span class='ocrx_word' id='word_1_334' title='bbox 838 2827 1161 2910; x_wconf 80' lang='lat' dir='ltr'><strong>inscriptus</strong></span> <span class='ocrx_word' id='word_1_335' title='bbox 1183 2829 1451 2910; x_wconf 78' lang='lat' dir='ltr'><strong>continet</strong></span> <span class='ocrx_word' id='word_1_336' title='bbox 1487 2851 1500 2887; x_wconf 91' lang='lat'><strong>:</strong></span> <span class='ocrx_word' id='word_1_337' title='bbox 1537 2829 1613 2910; x_wconf 76' lang='lat' dir='ltr'><strong>In</strong></span> <span class='ocrx_word' id='word_1_338' title='bbox 1641 2831 1850 2910; x_wconf 84' lang='lat' dir='ltr'><strong>ﬁnem,</strong></span> 
     </span>
    </p>
   </div>
   <div class='ocr_carea' id='block_1_52' title="bbox 1915 2829 3866 2911">
    <p class='ocr_par' dir='ltr' id='par_1_52' title="bbox 1915 2829 3866 2911">
     <span class='ocr_line' id='line_1_52' title="bbox 1915 2829 3866 2911; baseline 0.001 -20"><span class='ocrx_word' id='word_1_339' title='bbox 1915 2829 2068 2909; x_wconf 75' lang='lat' dir='ltr'><strong>ﬁliis</strong></span> <span class='ocrx_word' id='word_1_340' title='bbox 2123 2831 2280 2892; x_wconf 70' lang='lat' dir='ltr'><strong>Core</strong></span> <span class='ocrx_word' id='word_1_341' title='bbox 2338 2830 2418 2892; x_wconf 84' lang='lat' dir='ltr'><strong>ad</strong></span> <span class='ocrx_word' id='word_1_342' title='bbox 2468 2829 2982 2911; x_wconf 42' lang='lat' dir='ltr'><strong>intellecturum”;</strong></span> <span class='ocrx_word' id='word_1_343' title='bbox 3035 2837 3094 2892; x_wconf 91' lang='lat' dir='ltr'><strong>et</strong></span> <span class='ocrx_word' id='word_1_344' title='bbox 3124 2829 3242 2891; x_wconf 88' lang='lat' dir='ltr'><strong>alia</strong></span> <span class='ocrx_word' id='word_1_345' title='bbox 3270 2829 3766 2911; x_wconf 87' lang='lat' dir='ltr'><strong>interpretatione</strong></span> <span class='ocrx_word' id='word_1_346' title='bbox 3796 2837 3866 2892; x_wconf 84' lang='lat' dir='ltr'><strong>ita</strong></span> 
     </span>
    </p>
   </div>
   <div class='ocr_carea' id='block_1_53' title="bbox 493 2907 3864 2990">
    <p class='ocr_par' dir='ltr' id='par_1_53' title="bbox 493 2907 3864 2990">
     <span class='ocr_line' id='line_1_53' title="bbox 493 2907 3864 2990; baseline 0.001 -20"><span class='ocrx_word' id='word_1_347' title='bbox 493 2909 628 2973; x_wconf 70' lang='lat' dir='ltr'><strong>haec</strong></span> <span class='ocrx_word' id='word_1_348' title='bbox 659 2907 1074 2988; x_wconf 73' lang='lat' dir='ltr'><strong>explicemus:</strong></span> <span class='ocrx_word' id='word_1_349' title='bbox 1111 2907 1256 2969; x_wconf 90' lang='lat' dir='ltr'><strong>dicit</strong></span> <span class='ocrx_word' id='word_1_350' title='bbox 1299 2909 1458 2971; x_wconf 91' lang='lat' dir='ltr'><strong>enim</strong></span> <span class='ocrx_word' id='word_1_351' title='bbox 1487 2926 1500 2969; x_wconf 90' lang='lat'>:</span> <span class='ocrx_word' id='word_1_352' title='bbox 1537 2909 1605 2971; x_wconf 87' lang='lat' dir='ltr'><strong>In</strong></span> <span class='ocrx_word' id='word_1_353' title='bbox 1636 2907 1842 2990; x_wconf 78' lang='lat' dir='ltr'><strong>ﬁnem,</strong></span> <span class='ocrx_word' id='word_1_354' title='bbox 1871 2907 2020 2987; x_wconf 79' lang='lat' dir='ltr'><strong>ﬁliis</strong></span> <span class='ocrx_word' id='word_1_355' title='bbox 2071 2913 2226 2972; x_wconf 80' lang='lat' dir='ltr'><strong>Core</strong></span> <span class='ocrx_word' id='word_1_356' title='bbox 2263 2911 2340 2972; x_wconf 85' lang='lat' dir='ltr'><strong>ad</strong></span> <span class='ocrx_word' id='word_1_357' title='bbox 2371 2910 2762 2973; x_wconf 73' lang='lat' dir='ltr'><strong>intellectum.</strong></span> <span class='ocrx_word' id='word_1_358' title='bbox 2811 2914 2960 2974; x_wconf 88' lang='lat' dir='ltr'><strong>Core</strong></span> <span class='ocrx_word' id='word_1_359' title='bbox 2987 2918 3182 2973; x_wconf 88' lang='lat' dir='ltr'><strong>autem</strong></span> <span class='ocrx_word' id='word_1_360' title='bbox 3214 2907 3642 2990; x_wconf 71' lang='lat' dir='ltr'><strong>interpretatur</strong></span> <span class='ocrx_word' id='word_1_361' title='bbox 3677 2932 3690 2972; x_wconf 93' lang='lat'>:</span> <span class='ocrx_word' id='word_1_362' title='bbox 3725 2911 3864 2973; x_wconf 86' lang='lat' dir='ltr'><strong>Cal-</strong></span> 
     </span>
    </p>
   </div>
   <div class='ocr_carea' id='block_1_54' title="bbox 491 2995 3861 3082">
    <p class='ocr_par' dir='ltr' id='par_1_54' title="bbox 491 2995 3861 3082">
     <span class='ocr_line' id='line_1_54' title="bbox 491 2995 3861 3082; baseline 0.001 -23"><span class='ocrx_word' id='word_1_363' title='bbox 491 3015 622 3060; x_wconf 80' lang='lat' dir='ltr'><strong>vus.</strong></span> <span class='ocrx_word' id='word_1_364' title='bbox 659 2999 862 3078; x_wconf 86' lang='lat' dir='ltr'><strong>Itaque</strong></span> <span class='ocrx_word' id='word_1_365' title='bbox 893 2996 966 3059; x_wconf 89' lang='lat' dir='ltr'><strong>ab</strong></span> <span class='ocrx_word' id='word_1_366' title='bbox 994 2995 1356 3060; x_wconf 85' lang='lat' dir='ltr'><strong>habentibus</strong></span> <span class='ocrx_word' id='word_1_367' title='bbox 1388 3007 1650 3060; x_wconf 86' lang='lat' dir='ltr'><strong>mentem</strong></span> <span class='ocrx_word' id='word_1_368' title='bbox 1703 3001 1902 3060; x_wconf 84' lang='lat' dir='ltr'><strong>cordis</strong></span> <span class='ocrx_word' id='word_1_369' title='bbox 1939 3000 2217 3062; x_wconf 81' lang='lat' dir='ltr'><strong>nudatam</strong></span> <span class='ocrx_word' id='word_1_370' title='bbox 2279 3001 2352 3061; x_wconf 92' lang='lat' dir='ltr'><strong>ab</strong></span> <span class='ocrx_word' id='word_1_371' title='bbox 2407 2999 2713 3082; x_wconf 84' lang='lat' dir='ltr'><strong>operibus,</strong></span> <span class='ocrx_word' id='word_1_372' title='bbox 2776 3000 2833 3061; x_wconf 89' lang='lat' dir='ltr'><strong>in</strong></span> <span class='ocrx_word' id='word_1_373' title='bbox 2892 3003 3010 3063; x_wconf 82' lang='lat' dir='ltr'><strong>ﬁne</strong></span> <span class='ocrx_word' id='word_1_374' title='bbox 3037 3015 3239 3062; x_wconf 74' lang='lat' dir='ltr'><strong>autem</strong></span> <span class='ocrx_word' id='word_1_375' title='bbox 3273 3006 3334 3060; x_wconf 90' lang='lat' dir='ltr'><strong>in</strong></span> <span class='ocrx_word' id='word_1_376' title='bbox 3364 3000 3736 3063; x_wconf 89' lang='lat' dir='ltr'><strong>intellectum</strong></span> <span class='ocrx_word' id='word_1_377' title='bbox 3769 3020 3861 3063; x_wconf 84' lang='lat' dir='ltr'><strong>ve-</strong></span> 
     </span>
    </p>
   </div>
   <div class='ocr_carea' id='block_1_55' title="bbox 495 3083 1612 3166">
    <p class='ocr_par' dir='ltr' id='par_1_55' title="bbox 495 3083 1612 3166">
     <span class='ocr_line' id='line_1_55' title="bbox 495 3083 1612 3166; baseline 0.003 -20"><span class='ocrx_word' id='word_1_378' title='bbox 495 3083 803 3148; x_wconf 89' lang='lat' dir='ltr'><strong>nientibus</strong></span> <span class='ocrx_word' id='word_1_379' title='bbox 838 3087 1102 3166; x_wconf 89' lang='lat' dir='ltr'><strong>psalmus</strong></span> <span class='ocrx_word' id='word_1_380' title='bbox 1132 3085 1247 3148; x_wconf 89' lang='lat' dir='ltr'><strong>iste</strong></span> <span class='ocrx_word' id='word_1_381' title='bbox 1275 3087 1474 3149; x_wconf 91' lang='lat' dir='ltr'><strong>dictus</strong></span> <span class='ocrx_word' id='word_1_382' title='bbox 1501 3096 1612 3150; x_wconf 90' lang='lat' dir='ltr'><strong>est.</strong></span> 
     </span>
    </p>
   </div>
   <div class='ocr_carea' id='block_1_56' title="bbox 575 3178 2141 3265">
    <p class='ocr_par' dir='ltr' id='par_1_56' title="bbox 575 3178 2136 3263">
     <span class='ocr_line' id='line_1_56' title="bbox 575 3178 2136 3263; baseline 0.002 -22"><span class='ocrx_word' id='word_1_383' title='bbox 575 3181 633 3242; x_wconf 93' lang='grc'><strong>1.</strong></span> <span class='ocrx_word' id='word_1_384' title='bbox 665 3181 719 3242; x_wconf 86' lang='grc' dir='ltr'><strong>Α</strong></span> <span class='ocrx_word' id='word_1_385' title='bbox 749 3179 1030 3243; x_wconf 79' lang='lat' dir='ltr'><strong>ﬁdelibus</strong></span> <span class='ocrx_word' id='word_1_386' title='bbox 1083 3178 1226 3243; x_wconf 87' lang='lat' dir='ltr'><strong>viris</strong></span> <span class='ocrx_word' id='word_1_387' title='bbox 1276 3183 1641 3262; x_wconf 86' lang='lat' dir='ltr'><strong>accepimus,</strong></span> <span class='ocrx_word' id='word_1_388' title='bbox 1675 3201 1810 3263; x_wconf 75' lang='lat' dir='ltr'><strong>quas</strong></span> <span class='ocrx_word' id='word_1_389' title='bbox 1844 3183 2136 3244; x_wconf 83' lang='lat' dir='ltr'><strong>narraturi</strong></span> 
     </span>
    </p>
   </div>
   <div class='ocr_carea' id='block_1_57' title="bbox 2309 3178 3861 3265">
    <p class='ocr_par' dir='ltr' id='par_1_57' title="bbox 2309 3183 3861 3265">
     <span class='ocr_line' id='line_1_57' title="bbox 2309 3183 3861 3265; baseline -0.003 -25"><span class='ocrx_word' id='word_1_390' title='bbox 2309 3190 2358 3246; x_wconf 83' lang='grc'>1,</span> <span class='ocrx_word' id='word_1_391' title='bbox 2395 3186 2543 3263; x_wconf 75' lang='grc' dir='ltr'>Παρὰ</span> <span class='ocrx_word' id='word_1_392' title='bbox 2569 3191 2774 3243; x_wconf 80' lang='grc' dir='ltr'>πιστῶν</span> <span class='ocrx_word' id='word_1_393' title='bbox 2834 3183 3036 3263; x_wconf 80' lang='grc' dir='ltr'>ἀνδρῶν</span> <span class='ocrx_word' id='word_1_394' title='bbox 3069 3184 3493 3265; x_wconf 66' lang='grc' dir='ltr'>παρειλήφαμεν,</span> <span class='ocrx_word' id='word_1_395' title='bbox 3529 3185 3566 3240; x_wconf 83' lang='grc' dir='ltr'>ἇί</span> <span class='ocrx_word' id='word_1_396' title='bbox 3599 3184 3861 3260; x_wconf 78' lang='grc' dir='ltr'>μέλλομεν</span> 
     </span>
    </p>
   </div>
   <div class='ocr_carea' id='block_1_58' title="bbox 495 3287 726 3331">
    <p class='ocr_par' dir='ltr' id='par_1_58' title="bbox 495 3287 726 3331">
     <span class='ocr_line' id='line_1_58' title="bbox 495 3287 726 3331; baseline -0.013 0"><span class='ocrx_word' id='word_1_397' title='bbox 495 3287 726 3331; x_wconf 87' lang='lat' dir='ltr'><strong>sumus.</strong></span> 
     </span>
    </p>
   </div>
   <div class='ocr_carea' id='block_1_59' title="bbox 575 3351 2145 3444">
    <p class='ocr_par' dir='ltr' id='par_1_59' title="bbox 575 3351 2145 3444">
     <span class='ocr_line' id='line_1_59' title="bbox 575 3351 2145 3444; baseline 0.003 -26"><span class='ocrx_word' id='word_1_398' title='bbox 575 3357 638 3419; x_wconf 73' lang='grc'><strong>2.</strong></span> <span class='ocrx_word' id='word_1_399' title='bbox 666 3355 895 3439; x_wconf 79' lang='lat' dir='ltr'><strong>Moyses</strong></span> <span class='ocrx_word' id='word_1_400' title='bbox 926 3369 985 3422; x_wconf 91' lang='lat' dir='ltr'><strong>et</strong></span> <span class='ocrx_word' id='word_1_401' title='bbox 1014 3362 1324 3444; x_wconf 68' lang='lat' dir='ltr'><strong>propheta:</strong></span> <span class='ocrx_word' id='word_1_402' title='bbox 1374 3351 1443 3422; x_wconf 83' lang='lat' dir='ltr'><strong>in</strong></span> <span class='ocrx_word' id='word_1_403' title='bbox 1495 3359 1818 3442; x_wconf 86' lang='lat' dir='ltr'><strong>Scripturis</strong></span> <span class='ocrx_word' id='word_1_404' title='bbox 1866 3378 2145 3422; x_wconf 86' lang='lat' dir='ltr'><strong>narrave—</strong></span> 
     </span>
    </p>
   </div>
   <div class='ocr_carea' id='block_1_60' title="bbox 494 3448 1694 3533">
    <p class='ocr_par' dir='ltr' id='par_1_60' title="bbox 494 3448 1694 3533">
     <span class='ocr_line' id='line_1_60' title="bbox 494 3448 1694 3533; baseline 0.002 -23"><span class='ocrx_word' id='word_1_405' title='bbox 494 3455 635 3510; x_wconf 91' lang='lat' dir='ltr'><strong>runt</strong></span> <span class='ocrx_word' id='word_1_406' title='bbox 663 3448 738 3509; x_wconf 90' lang='lat' dir='ltr'><strong>de</strong></span> <span class='ocrx_word' id='word_1_407' title='bbox 764 3448 1064 3528; x_wconf 79' lang='lat' dir='ltr'><strong>gentibus,</strong></span> <span class='ocrx_word' id='word_1_408' title='bbox 1103 3467 1248 3533; x_wconf 88' lang='lat' dir='ltr'><strong>quas</strong></span> <span class='ocrx_word' id='word_1_409' title='bbox 1283 3450 1461 3530; x_wconf 88' lang='lat' dir='ltr'><strong>ejecit</strong></span> <span class='ocrx_word' id='word_1_410' title='bbox 1513 3453 1694 3514; x_wconf 90' lang='lat' dir='ltr'><strong>Deus.</strong></span> 
     </span>
    </p>
   </div>
   <div class='ocr_carea' id='block_1_61' title="bbox 577 3536 2149 3609">
    <p class='ocr_par' dir='ltr' id='par_1_61' title="bbox 577 3536 2149 3609">
     <span class='ocr_line' id='line_1_61' title="bbox 577 3536 2149 3609; baseline 0.003 -12"><span class='ocrx_word' id='word_1_411' title='bbox 577 3536 638 3600; x_wconf 91' lang='lat'><strong>3.</strong></span> <span class='ocrx_word' id='word_1_412' title='bbox 672 3536 982 3609; x_wconf 88' lang='lat' dir='ltr'><strong>Quomodo</strong></span> <span class='ocrx_word' id='word_1_413' title='bbox 1015 3539 1077 3602; x_wconf 92' lang='lat' dir='ltr'><strong>in</strong></span> <span class='ocrx_word' id='word_1_414' title='bbox 1115 3537 1392 3602; x_wconf 88' lang='lat' dir='ltr'><strong>omnibus</strong></span> <span class='ocrx_word' id='word_1_415' title='bbox 1427 3540 1605 3603; x_wconf 89' lang='lat' dir='ltr'><strong>bellis</strong></span> <span class='ocrx_word' id='word_1_416' title='bbox 1633 3540 1949 3602; x_wconf 87' lang='lat' dir='ltr'><strong>debellasti</strong></span> <span class='ocrx_word' id='word_1_417' title='bbox 1973 3541 2149 3602; x_wconf 78' lang='lat' dir='ltr'><strong>variis</strong></span> 
     </span>
    </p>
   </div>
   <div class='ocr_carea' id='block_1_62' title="bbox 499 3625 1258 3693">
    <p class='ocr_par' dir='ltr' id='par_1_62' title="bbox 499 3625 1258 3693">
     <span class='ocr_line' id='line_1_62' title="bbox 499 3625 1258 3693; baseline 0.009 -7"><span class='ocrx_word' id='word_1_418' title='bbox 499 3625 694 3688; x_wconf 86' lang='lat' dir='ltr'><strong>modis</strong></span> <span class='ocrx_word' id='word_1_419' title='bbox 724 3626 1002 3690; x_wconf 90' lang='lat' dir='ltr'><strong>inimicos</strong></span> <span class='ocrx_word' id='word_1_420' title='bbox 1026 3648 1258 3693; x_wconf 89' lang='lat' dir='ltr'><strong>eorum.</strong></span> 
     </span>
    </p>
   </div>
   <div class='ocr_carea' id='block_1_63' title="bbox 581 3715 2148 3801">
    <p class='ocr_par' dir='ltr' id='par_1_63' title="bbox 581 3715 2148 3801">
     <span class='ocr_line' id='line_1_63' title="bbox 581 3715 2148 3801; baseline 0.003 -23"><span class='ocrx_word' id='word_1_421' title='bbox 581 3717 644 3782; x_wconf 77' lang='grc'><strong>4.</strong></span> <span class='ocrx_word' id='word_1_422' title='bbox 679 3715 865 3778; x_wconf 87' lang='lat' dir='ltr'><strong>Filius</strong></span> <span class='ocrx_word' id='word_1_423' title='bbox 897 3727 1032 3782; x_wconf 90' lang='lat' dir='ltr'><strong>tnus</strong></span> <span class='ocrx_word' id='word_1_424' title='bbox 1062 3719 1419 3801; x_wconf 87' lang='lat' dir='ltr'><strong>disperdidit</strong></span> <span class='ocrx_word' id='word_1_425' title='bbox 1469 3738 1594 3792; x_wconf 85' lang='lat' dir='ltr'><strong>eos,</strong></span> <span class='ocrx_word' id='word_1_426' title='bbox 1627 3730 1683 3782; x_wconf 93' lang='lat' dir='ltr'><strong>et</strong></span> <span class='ocrx_word' id='word_1_427' title='bbox 1717 3721 1778 3783; x_wconf 90' lang='lat' dir='ltr'><strong>in</strong></span> <span class='ocrx_word' id='word_1_428' title='bbox 1830 3722 2148 3784; x_wconf 82' lang='lat' dir='ltr'><strong>haeredita-</strong></span> 
     </span>
    </p>
   </div>
   <div class='ocr_carea' id='block_1_64' title="bbox 498 3806 1231 3873">
    <p class='ocr_par' dir='ltr' id='par_1_64' title="bbox 498 3806 1231 3873">
     <span class='ocr_line' id='line_1_64' title="bbox 498 3806 1231 3873; baseline 0.007 -5"><span class='ocrx_word' id='word_1_429' title='bbox 498 3815 618 3869; x_wconf 88' lang='lat' dir='ltr'><strong>tem</strong></span> <span class='ocrx_word' id='word_1_430' title='bbox 650 3806 818 3870; x_wconf 86' lang='lat' dir='ltr'><strong>dedit</strong></span> <span class='ocrx_word' id='word_1_431' title='bbox 850 3807 989 3871; x_wconf 85' lang='lat' dir='ltr'><strong>ﬁliis</strong></span> <span class='ocrx_word' id='word_1_432' title='bbox 1019 3808 1231 3873; x_wconf 77' lang='lat' dir='ltr'><strong>Israel.</strong></span> 
     </span>
    </p>
   </div>
   <div class='ocr_carea' id='block_1_65' title="bbox 581 3895 1865 3978">
    <p class='ocr_par' dir='ltr' id='par_1_65' title="bbox 581 3895 1865 3978">
     <span class='ocr_line' id='line_1_65' title="bbox 581 3895 1865 3978; baseline 0.002 -18"><span class='ocrx_word' id='word_1_433' title='bbox 581 3898 640 3960; x_wconf 87' lang='lat'><strong>5.</strong></span> <span class='ocrx_word' id='word_1_434' title='bbox 676 3895 1041 3959; x_wconf 86' lang='lat' dir='ltr'><strong>Vulneratos</strong></span> <span class='ocrx_word' id='word_1_435' title='bbox 1065 3917 1173 3960; x_wconf 89' lang='lat' dir='ltr'><strong>eos</strong></span> <span class='ocrx_word' id='word_1_436' title='bbox 1203 3898 1266 3960; x_wconf 89' lang='lat' dir='ltr'><strong>in</strong></span> <span class='ocrx_word' id='word_1_437' title='bbox 1298 3897 1492 3977; x_wconf 84' lang='lat' dir='ltr'><strong>fugam</strong></span> <span class='ocrx_word' id='word_1_438' title='bbox 1527 3899 1865 3978; x_wconf 82' lang='lat' dir='ltr'><strong>conjecisti.</strong></span> 
     </span>
    </p>
   </div>
   <div class='ocr_carea' id='block_1_66' title="bbox 581 3981 2148 4067">
    <p class='ocr_par' dir='ltr' id='par_1_66' title="bbox 581 3981 2148 4067">
     <span class='ocr_line' id='line_1_66' title="bbox 581 3981 2148 4067; baseline 0.004 -21"><span class='ocrx_word' id='word_1_439' title='bbox 581 3983 644 4046; x_wconf 87' lang='lat'><strong>6.</strong></span> <span class='ocrx_word' id='word_1_440' title='bbox 679 3981 810 4046; x_wconf 89' lang='lat' dir='ltr'><strong>Non</strong></span> <span class='ocrx_word' id='word_1_441' title='bbox 840 3987 1001 4048; x_wconf 89' lang='lat' dir='ltr'><strong>enim</strong></span> <span class='ocrx_word' id='word_1_442' title='bbox 1033 4004 1240 4049; x_wconf 88' lang='lat' dir='ltr'><strong>eorum</strong></span> <span class='ocrx_word' id='word_1_443' title='bbox 1280 3986 1461 4049; x_wconf 87' lang='lat' dir='ltr'><strong>armis</strong></span> <span class='ocrx_word' id='word_1_444' title='bbox 1491 3992 1888 4067; x_wconf 88' lang='lat' dir='ltr'><strong>possederunt</strong></span> <span class='ocrx_word' id='word_1_445' title='bbox 1935 3999 2148 4052; x_wconf 84' lang='lat' dir='ltr'><strong>terram</strong></span> 
     </span>
    </p>
   </div>
   <div class='ocr_carea' id='block_1_67' title="bbox 500 4072 941 4154">
    <p class='ocr_par' dir='ltr' id='par_1_67' title="bbox 500 4072 941 4154">
     <span class='ocr_line' id='line_1_67' title="bbox 500 4072 941 4154; baseline 0 -19"><span class='ocrx_word' id='word_1_446' title='bbox 500 4072 941 4154; x_wconf 86' lang='lat' dir='ltr'><strong>promissionis,</strong></span> 
     </span>
    </p>
   </div>
   <div class='ocr_carea' id='block_1_68' title="bbox 579 4158 1905 4243">
    <p class='ocr_par' dir='ltr' id='par_1_68' title="bbox 579 4158 1905 4243">
     <span class='ocr_line' id='line_1_68' title="bbox 579 4158 1905 4243; baseline 0.004 -20"><span class='ocrx_word' id='word_1_447' title='bbox 579 4163 641 4225; x_wconf 92' lang='lat'><strong>7.</strong></span> <span class='ocrx_word' id='word_1_448' title='bbox 675 4158 745 4223; x_wconf 86' lang='lat' dir='ltr'><strong>Et</strong></span> <span class='ocrx_word' id='word_1_449' title='bbox 770 4163 1036 4243; x_wconf 87' lang='lat' dir='ltr'><strong>potentia</strong></span> <span class='ocrx_word' id='word_1_450' title='bbox 1071 4181 1279 4226; x_wconf 90' lang='lat' dir='ltr'><strong>eorum</strong></span> <span class='ocrx_word' id='word_1_451' title='bbox 1325 4181 1445 4225; x_wconf 94' lang='lat' dir='ltr'><strong>non</strong></span> <span class='ocrx_word' id='word_1_452' title='bbox 1478 4164 1721 4227; x_wconf 84' lang='lat' dir='ltr'><strong>salvavit</strong></span> <span class='ocrx_word' id='word_1_453' title='bbox 1753 4183 1856 4228; x_wconf 87' lang='lat' dir='ltr'><strong>eos</strong></span> <span class='ocrx_word' id='word_1_454' title='bbox 1891 4190 1905 4239; x_wconf 89' lang='lat'><strong>;</strong></span> 
     </span>
    </p>
   </div>
   <div class='ocr_carea' id='block_1_69' title="bbox 585 4246 2152 4334">
    <p class='ocr_par' dir='ltr' id='par_1_69' title="bbox 585 4246 2152 4334">
     <span class='ocr_line' id='line_1_69' title="bbox 585 4246 2152 4334; baseline 0.004 -20"><span class='ocrx_word' id='word_1_455' title='bbox 585 4249 644 4314; x_wconf 92' lang='lat'><strong>8.</strong></span> <span class='ocrx_word' id='word_1_456' title='bbox 679 4246 798 4314; x_wconf 90' lang='lat' dir='ltr'><strong>Sed</strong></span> <span class='ocrx_word' id='word_1_457' title='bbox 831 4251 1176 4332; x_wconf 87' lang='lat' dir='ltr'><strong>unigenitus</strong></span> <span class='ocrx_word' id='word_1_458' title='bbox 1197 4251 1382 4314; x_wconf 89' lang='lat' dir='ltr'><strong>Filius</strong></span> <span class='ocrx_word' id='word_1_459' title='bbox 1419 4259 1577 4334; x_wconf 84' lang='lat' dir='ltr'><strong>tuus,</strong></span> <span class='ocrx_word' id='word_1_460' title='bbox 1613 4255 1717 4332; x_wconf 84' lang='lat' dir='ltr'><strong>qui</strong></span> <span class='ocrx_word' id='word_1_461' title='bbox 1747 4263 1836 4315; x_wconf 86' lang='lat' dir='ltr'><strong>est</strong></span> <span class='ocrx_word' id='word_1_462' title='bbox 1866 4256 2152 4334; x_wconf 86' lang='lat' dir='ltr'><strong>splendor</strong></span> 
     </span>
    </p>
   </div>
   <div class='ocr_carea' id='block_1_70' title="bbox 498 4338 875 4420">
    <p class='ocr_par' dir='ltr' id='par_1_70' title="bbox 498 4338 875 4420">
     <span class='ocr_line' id='line_1_70' title="bbox 498 4338 875 4420; baseline -0.003 -18"><span class='ocrx_word' id='word_1_463' title='bbox 498 4338 706 4420; x_wconf 64' lang='lat' dir='ltr'><strong>gloria</strong></span> <span class='ocrx_word' id='word_1_464' title='bbox 737 4348 875 4402; x_wconf 69' lang='lat' dir='ltr'><strong>tuae.</strong></span> 
     </span>
    </p>
   </div>
   <div class='ocr_carea' id='block_1_71' title="bbox 583 4429 2154 4513">
    <p class='ocr_par' dir='ltr' id='par_1_71' title="bbox 583 4429 2154 4513">
     <span class='ocr_line' id='line_1_71' title="bbox 583 4429 2154 4513; baseline 0.006 -24"><span class='ocrx_word' id='word_1_465' title='bbox 583 4432 646 4503; x_wconf 87' lang='lat'><strong>9,</strong></span> <span class='ocrx_word' id='word_1_466' title='bbox 681 4429 778 4493; x_wconf 89' lang='grc'><strong>10.</strong></span> <span class='ocrx_word' id='word_1_467' title='bbox 825 4430 910 4493; x_wconf 83' lang='lat' dir='ltr'><strong>Tu</strong></span> <span class='ocrx_word' id='word_1_468' title='bbox 940 4448 998 4494; x_wconf 83' lang='lat' dir='ltr'><strong>es</strong></span> <span class='ocrx_word' id='word_1_469' title='bbox 1030 4432 1181 4512; x_wconf 74' lang='lat' dir='ltr'><strong>ipse,</strong></span> <span class='ocrx_word' id='word_1_470' title='bbox 1217 4430 1320 4513; x_wconf 87' lang='lat' dir='ltr'><strong>qui</strong></span> <span class='ocrx_word' id='word_1_471' title='bbox 1349 4437 1409 4495; x_wconf 83' lang='lat' dir='ltr'><strong>et</strong></span> <span class='ocrx_word' id='word_1_472' title='bbox 1438 4437 1602 4507; x_wconf 89' lang='lat' dir='ltr'><strong>tunc,</strong></span> <span class='ocrx_word' id='word_1_473' title='bbox 1633 4437 1695 4496; x_wconf 89' lang='lat' dir='ltr'><strong>et</strong></span> <span class='ocrx_word' id='word_1_474' title='bbox 1723 4432 1784 4494; x_wconf 89' lang='lat' dir='ltr'><strong>in</strong></span> <span class='ocrx_word' id='word_1_475' title='bbox 1818 4435 2154 4499; x_wconf 84' lang='lat' dir='ltr'><strong>novissimis</strong></span> 
     </span>
    </p>
   </div>
   <div class='ocr_carea' id='block_1_72' title="bbox 501 4518 893 4598">
    <p class='ocr_par' dir='ltr' id='par_1_72' title="bbox 501 4518 893 4598">
     <span class='ocr_line' id='line_1_72' title="bbox 501 4518 893 4598; baseline 0.003 -18"><span class='ocrx_word' id='word_1_476' title='bbox 501 4518 893 4598; x_wconf 87' lang='lat' dir='ltr'><strong>temporibus.</strong></span> 
     </span>
    </p>
   </div>
   <div class='ocr_carea' id='block_1_73' title="bbox 581 4607 2026 4691">
    <p class='ocr_par' dir='ltr' id='par_1_73' title="bbox 581 4607 2026 4691">
     <span class='ocr_line' id='line_1_73' title="bbox 581 4607 2026 4691; baseline 0.003 -23"><span class='ocrx_word' id='word_1_477' title='bbox 581 4607 680 4669; x_wconf 88' lang='grc'><strong>11.</strong></span> <span class='ocrx_word' id='word_1_478' title='bbox 717 4607 832 4681; x_wconf 92' lang='lat' dir='ltr'><strong>Qui</strong></span> <span class='ocrx_word' id='word_1_479' title='bbox 865 4627 974 4691; x_wconf 89' lang='lat' dir='ltr'><strong>per</strong></span> <span class='ocrx_word' id='word_1_480' title='bbox 1007 4618 1067 4673; x_wconf 89' lang='lat' dir='ltr'><strong>te</strong></span> <span class='ocrx_word' id='word_1_481' title='bbox 1097 4610 1292 4690; x_wconf 93' lang='lat' dir='ltr'><strong>ipsum</strong></span> <span class='ocrx_word' id='word_1_482' title='bbox 1321 4627 1570 4672; x_wconf 89' lang='lat' dir='ltr'><strong>enarras</strong></span> <span class='ocrx_word' id='word_1_483' title='bbox 1605 4610 1880 4674; x_wconf 86' lang='lat' dir='ltr'><strong>mandata</strong></span> <span class='ocrx_word' id='word_1_484' title='bbox 1901 4623 2026 4674; x_wconf 88' lang='lat' dir='ltr'><strong>tua.</strong></span> 
     </span>
    </p>
   </div>
   <div class='ocr_carea' id='block_1_74' title="bbox 591 4695 2149 4775">
    <p class='ocr_par' dir='ltr' id='par_1_74' title="bbox 591 4695 2149 4775">
     <span class='ocr_line' id='line_1_74' title="bbox 591 4695 2149 4775; baseline 0.004 -16"><span class='ocrx_word' id='word_1_485' title='bbox 591 4695 791 4761; x_wconf 75' lang='lat' dir='ltr'><strong>12.1n</strong></span> <span class='ocrx_word' id='word_1_486' title='bbox 850 4706 930 4775; x_wconf 90' lang='lat' dir='ltr'><strong>te,</strong></span> <span class='ocrx_word' id='word_1_487' title='bbox 997 4700 1162 4775; x_wconf 90' lang='lat' dir='ltr'><strong>dicit,</strong></span> <span class='ocrx_word' id='word_1_488' title='bbox 1218 4719 1251 4762; x_wconf 92' lang='lat' dir='ltr'><strong>e</strong></span> <span class='ocrx_word' id='word_1_489' title='bbox 1304 4699 1500 4762; x_wconf 89' lang='lat' dir='ltr'><strong>medio</strong></span> <span class='ocrx_word' id='word_1_490' title='bbox 1561 4699 1836 4762; x_wconf 89' lang='lat' dir='ltr'><strong>tollemus</strong></span> <span class='ocrx_word' id='word_1_491' title='bbox 1881 4705 2149 4765; x_wconf 87' lang='lat' dir='ltr'><strong>inimicos</strong></span> 
     </span>
    </p>
   </div>
   <div class='ocr_carea' id='block_1_75' title="bbox 506 4788 1924 4870">
    <p class='ocr_par' dir='ltr' id='par_1_75' title="bbox 506 4788 1924 4870">
     <span class='ocr_line' id='line_1_75' title="bbox 506 4788 1924 4870; baseline 0.004 -24"><span class='ocrx_word' id='word_1_492' title='bbox 506 4793 763 4868; x_wconf 87' lang='lat' dir='ltr'><strong>nostros,</strong></span> <span class='ocrx_word' id='word_1_493' title='bbox 799 4788 912 4851; x_wconf 87' lang='lat' dir='ltr'><strong>hoc</strong></span> <span class='ocrx_word' id='word_1_494' title='bbox 943 4798 1032 4851; x_wconf 88' lang='lat' dir='ltr'><strong>est</strong></span> <span class='ocrx_word' id='word_1_495' title='bbox 1058 4789 1452 4870; x_wconf 86' lang='lat' dir='ltr'><strong>cogitationes</strong></span> <span class='ocrx_word' id='word_1_496' title='bbox 1482 4789 1681 4852; x_wconf 88' lang='lat' dir='ltr'><strong>cordis</strong></span> <span class='ocrx_word' id='word_1_497' title='bbox 1713 4793 1924 4854; x_wconf 85' lang='lat' dir='ltr'><strong>nostri.</strong></span> 
     </span>
    </p>
   </div>
   <div class='ocr_carea' id='block_1_76' title="bbox 584 4873 1344 4957">
    <p class='ocr_par' dir='ltr' id='par_1_76' title="bbox 584 4873 1344 4957">
     <span class='ocr_line' id='line_1_76' title="bbox 584 4873 1344 4957; baseline 0.008 -23"><span class='ocrx_word' id='word_1_498' title='bbox 584 4873 684 4938; x_wconf 86' lang='grc'><strong>13.</strong></span> <span class='ocrx_word' id='word_1_499' title='bbox 712 4876 999 4940; x_wconf 89' lang='lat' dir='ltr'><strong>Diabolos</strong></span> <span class='ocrx_word' id='word_1_500' title='bbox 1029 4879 1344 4957; x_wconf 85' lang='lat' dir='ltr'><strong>signiﬁcat.</strong></span> 
     </span>
    </p>
   </div>
   <div class='ocr_carea' id='block_1_77' title="bbox 586 4962 1902 5049">
    <p class='ocr_par' dir='ltr' id='par_1_77' title="bbox 586 4962 1902 5049">
     <span class='ocr_line' id='line_1_77' title="bbox 586 4962 1902 5049; baseline 0.005 -25"><span class='ocrx_word' id='word_1_501' title='bbox 586 4962 684 5024; x_wconf 79' lang='grc'><strong>14.</strong></span> <span class='ocrx_word' id='word_1_502' title='bbox 718 4963 847 5026; x_wconf 83' lang='grc' dir='ltr'>Νοιι</span> <span class='ocrx_word' id='word_1_503' title='bbox 883 4967 1043 5029; x_wconf 89' lang='lat' dir='ltr'><strong>enim</strong></span> <span class='ocrx_word' id='word_1_504' title='bbox 1077 4969 1136 5029; x_wconf 88' lang='lat' dir='ltr'><strong>in</strong></span> <span class='ocrx_word' id='word_1_505' title='bbox 1170 4969 1434 5049; x_wconf 88' lang='lat' dir='ltr'><strong>potentia</strong></span> <span class='ocrx_word' id='word_1_506' title='bbox 1465 4986 1598 5030; x_wconf 91' lang='lat' dir='ltr'><strong>mea</strong></span> <span class='ocrx_word' id='word_1_507' title='bbox 1626 4969 1902 5049; x_wconf 88' lang='lat' dir='ltr'><strong>sperabo.</strong></span> 
     </span>
    </p>
   </div>
   <div class='ocr_carea' id='block_1_78' title="bbox 587 5052 1796 5121">
    <p class='ocr_par' dir='ltr' id='par_1_78' title="bbox 587 5052 1796 5121">
     <span class='ocr_line' id='line_1_78' title="bbox 587 5052 1796 5121; baseline 0.007 -8"><span class='ocrx_word' id='word_1_508' title='bbox 587 5052 684 5113; x_wconf 84' lang='grc'><strong>15.</strong></span> <span class='ocrx_word' id='word_1_509' title='bbox 717 5054 789 5115; x_wconf 91' lang='lat' dir='ltr'><strong>Et</strong></span> <span class='ocrx_word' id='word_1_510' title='bbox 819 5071 986 5118; x_wconf 86' lang='lat' dir='ltr'><strong>arma</strong></span> <span class='ocrx_word' id='word_1_511' title='bbox 1020 5074 1154 5119; x_wconf 91' lang='lat' dir='ltr'><strong>mea</strong></span> <span class='ocrx_word' id='word_1_512' title='bbox 1184 5075 1301 5118; x_wconf 90' lang='lat' dir='ltr'><strong>non</strong></span> <span class='ocrx_word' id='word_1_513' title='bbox 1334 5055 1649 5120; x_wconf 89' lang='lat' dir='ltr'><strong>salvabunt</strong></span> <span class='ocrx_word' id='word_1_514' title='bbox 1680 5077 1796 5121; x_wconf 91' lang='lat' dir='ltr'><strong>me.</strong></span> 
     </span>
    </p>
   </div>
   <div class='ocr_carea' id='block_1_79' title="bbox 2232 3272 2694 3354">
    <p class='ocr_par' dir='ltr' id='par_1_79' title="bbox 2232 3272 2694 3354">
     <span class='ocr_line' id='line_1_79' title="bbox 2232 3272 2694 3354; baseline 0.004 -26"><span class='ocrx_word' id='word_1_515' title='bbox 2232 3272 2534 3351; x_wconf 77' lang='grc' dir='ltr'>διηγεῖσθαι</span> 
     </span>
    </p>
   </div>
   <div class='ocr_carea' id='block_1_80' title="bbox 2312 3361 3864 3444">
    <p class='ocr_par' dir='ltr' id='par_1_80' title="bbox 2312 3361 3864 3444">
     <span class='ocr_line' id='line_1_80' title="bbox 2312 3361 3864 3444; baseline -0.001 -26"><span class='ocrx_word' id='word_1_516' title='bbox 2312 3362 2374 3423; x_wconf 78' lang='lat'><strong>‘2.</strong></span> <span class='ocrx_word' id='word_1_517' title='bbox 2411 3365 2607 3432; x_wconf 75' lang='grc' dir='ltr'>Μωσῆς</span> <span class='ocrx_word' id='word_1_518' title='bbox 2666 3367 2752 3421; x_wconf 83' lang='grc' dir='ltr'>καὶ</span> <span class='ocrx_word' id='word_1_519' title='bbox 2808 3367 2856 3421; x_wconf 85' lang='grc' dir='ltr'>οἱ</span> <span class='ocrx_word' id='word_1_520' title='bbox 2928 3369 3195 3444; x_wconf 73' lang='grc' dir='ltr'>προφῆται</span> <span class='ocrx_word' id='word_1_521' title='bbox 3232 3361 3316 3420; x_wconf 81' lang='grc' dir='ltr'><strong>διὰ</strong></span> <span class='ocrx_word' id='word_1_522' title='bbox 3359 3370 3466 3419; x_wconf 81' lang='grc' dir='ltr'><strong>τῶν</strong></span> <span class='ocrx_word' id='word_1_523' title='bbox 3512 3365 3733 3442; x_wconf 66' lang='grc' dir='ltr'>Γραφῶν</span> <span class='ocrx_word' id='word_1_524' title='bbox 3787 3361 3864 3418; x_wconf 87' lang='grc' dir='ltr'>δι-</span> 
     </span>
    </p>
   </div>
   <div class='ocr_carea' id='block_1_81' title="bbox 2232 3453 3668 3533">
    <p class='ocr_par' dir='ltr' id='par_1_81' title="bbox 2232 3453 3668 3533">
     <span class='ocr_line' id='line_1_81' title="bbox 2232 3453 3668 3533; baseline 0.004 -26"><span class='ocrx_word' id='word_1_525' title='bbox 2232 3454 2506 3531; x_wconf 71' lang='grc' dir='ltr'>ηγήσαντο</span> <span class='ocrx_word' id='word_1_526' title='bbox 2538 3456 2655 3533; x_wconf 81' lang='grc' dir='ltr'>περὶ</span> <span class='ocrx_word' id='word_1_527' title='bbox 2686 3456 2791 3510; x_wconf 82' lang='grc' dir='ltr'><strong>τῶν</strong></span> <span class='ocrx_word' id='word_1_528' title='bbox 2835 3455 3020 3529; x_wconf 68' lang='grc' dir='ltr'>ἒθδῶν,</span> <span class='ocrx_word' id='word_1_529' title='bbox 3054 3457 3129 3509; x_wconf 82' lang='grc' dir='ltr'>ὡν</span> <span class='ocrx_word' id='word_1_530' title='bbox 3172 3453 3412 3520; x_wconf 78' lang='grc' dir='ltr'>ἐξέϐαλεν</span> <span class='ocrx_word' id='word_1_531' title='bbox 3450 3457 3475 3509; x_wconf 75' lang='grc' dir='ltr'>ὃ</span> <span class='ocrx_word' id='word_1_532' title='bbox 3513 3454 3668 3518; x_wconf 80' lang='grc' dir='ltr'>Θεός.</span> 
     </span>
    </p>
   </div>
   <div class='ocr_carea' id='block_1_82' title="bbox 2313 3544 3864 3626">
    <p class='ocr_par' dir='ltr' id='par_1_82' title="bbox 2313 3544 3864 3626">
     <span class='ocr_line' id='line_1_82' title="bbox 2313 3544 3864 3626; baseline -0.004 -21"><span class='ocrx_word' id='word_1_533' title='bbox 2313 3545 2375 3606; x_wconf 88' lang='lat'><strong>3.</strong></span> <span class='ocrx_word' id='word_1_534' title='bbox 2410 3547 2480 3603; x_wconf 85' lang='grc' dir='ltr'><strong>Τὸ</strong></span> <span class='ocrx_word' id='word_1_535' title='bbox 2513 3547 2627 3608; x_wconf 79' lang='grc' dir='ltr'>πῶς</span> <span class='ocrx_word' id='word_1_536' title='bbox 2659 3545 2714 3601; x_wconf 78' lang='grc' dir='ltr'>ἐν</span> <span class='ocrx_word' id='word_1_537' title='bbox 2767 3547 2975 3619; x_wconf 77' lang='grc' dir='ltr'>ἑκάστῳ</span> <span class='ocrx_word' id='word_1_538' title='bbox 3006 3545 3228 3621; x_wconf 85' lang='grc' dir='ltr'>πολέμῳ</span> <span class='ocrx_word' id='word_1_539' title='bbox 3260 3545 3412 3607; x_wconf 65' lang='grc' dir='ltr'>αὐτος</span> <span class='ocrx_word' id='word_1_540' title='bbox 3440 3544 3702 3626; x_wconf 68' lang='grc' dir='ltr'>διαφόρως</span> <span class='ocrx_word' id='word_1_541' title='bbox 3735 3545 3864 3600; x_wconf 80' lang='grc' dir='ltr'>ἐπο-</span> 
     </span>
    </p>
   </div>
   <div class='ocr_carea' id='block_1_83' title="bbox 2235 3635 3110 3716">
    <p class='ocr_par' dir='ltr' id='par_1_83' title="bbox 2235 3635 3110 3716">
     <span class='ocr_line' id='line_1_83' title="bbox 2235 3635 3110 3716; baseline 0.001 -26"><span class='ocrx_word' id='word_1_542' title='bbox 2235 3635 2472 3710; x_wconf 90' lang='grc' dir='ltr'>λέμησας</span> <span class='ocrx_word' id='word_1_543' title='bbox 2506 3637 2627 3700; x_wconf 84' lang='grc' dir='ltr'>τοὺς</span> <span class='ocrx_word' id='word_1_544' title='bbox 2659 3635 2881 3716; x_wconf 76' lang='grc' dir='ltr'>ἐχθροὺς</span> <span class='ocrx_word' id='word_1_545' title='bbox 2913 3637 3110 3699; x_wconf 79' lang='grc' dir='ltr'>αὐτῶν.</span> 
     </span>
    </p>
   </div>
   <div class='ocr_carea' id='block_1_84' title="bbox 2315 3723 3868 3805">
    <p class='ocr_par' dir='ltr' id='par_1_84' title="bbox 2315 3723 3868 3805">
     <span class='ocr_line' id='line_1_84' title="bbox 2315 3723 3868 3805; baseline -0.005 -19"><span class='ocrx_word' id='word_1_546' title='bbox 2315 3724 2374 3786; x_wconf 82' lang='grc'><strong>4.</strong></span> <span class='ocrx_word' id='word_1_547' title='bbox 2417 3723 2478 3782; x_wconf 87' lang='grc'><strong>’0</strong></span> <span class='ocrx_word' id='word_1_548' title='bbox 2529 3726 2645 3788; x_wconf 70' lang='grc' dir='ltr'>Υἱός</span> <span class='ocrx_word' id='word_1_549' title='bbox 2707 3748 2800 3782; x_wconf 92' lang='grc' dir='ltr'><strong>σου</strong></span> <span class='ocrx_word' id='word_1_550' title='bbox 2876 3724 3251 3805; x_wconf 82' lang='grc' dir='ltr'>ἐξωλόθρευσεν</span> <span class='ocrx_word' id='word_1_551' title='bbox 3324 3725 3534 3797; x_wconf 75' lang='grc' dir='ltr'>αὐτοὺς,</span> <span class='ocrx_word' id='word_1_552' title='bbox 3596 3727 3684 3781; x_wconf 82' lang='grc' dir='ltr'><strong>καὶ</strong></span> <span class='ocrx_word' id='word_1_553' title='bbox 3745 3746 3868 3779; x_wconf 83' lang='grc' dir='ltr'>κατ-</span> 
     </span>
    </p>
   </div>
   <div class='ocr_carea' id='block_1_85' title="bbox 2237 3813 3352 3896">
    <p class='ocr_par' dir='ltr' id='par_1_85' title="bbox 2237 3813 3352 3896">
     <span class='ocr_line' id='line_1_85' title="bbox 2237 3813 3352 3896; baseline 0.005 -28"><span class='ocrx_word' id='word_1_554' title='bbox 2237 3813 2624 3892; x_wconf 84' lang='grc' dir='ltr'>εκληροδότησε</span> <span class='ocrx_word' id='word_1_555' title='bbox 2655 3815 2736 3896; x_wconf 86' lang='grc'><strong>(6)</strong></span> <span class='ocrx_word' id='word_1_556' title='bbox 2771 3817 2891 3880; x_wconf 81' lang='grc' dir='ltr'>τοὺς</span> <span class='ocrx_word' id='word_1_557' title='bbox 2929 3817 3067 3880; x_wconf 75' lang='grc' dir='ltr'>υἱοὺς</span> <span class='ocrx_word' id='word_1_558' title='bbox 3115 3815 3352 3894; x_wconf 76' lang='grc' dir='ltr'>Ἰσραήλ.</span> 
     </span>
    </p>
   </div>
   <div class='ocr_carea' id='block_1_86' title="bbox 2317 3903 3674 3984">
    <p class='ocr_par' dir='ltr' id='par_1_86' title="bbox 2317 3903 3674 3984">
     <span class='ocr_line' id='line_1_86' title="bbox 2317 3903 3674 3984; baseline -0.001 -18"><span class='ocrx_word' id='word_1_559' title='bbox 2317 3905 2380 3966; x_wconf 89' lang='grc'><strong>5.</strong></span> <span class='ocrx_word' id='word_1_560' title='bbox 2407 3907 2873 3983; x_wconf 80' lang='grc' dir='ltr'>Τιτρωσκομένους</span> <span class='ocrx_word' id='word_1_561' title='bbox 2916 3907 3102 3969; x_wconf 76' lang='grc' dir='ltr'>αὐτοὺς</span> <span class='ocrx_word' id='word_1_562' title='bbox 3131 3903 3364 3984; x_wconf 78' lang='grc' dir='ltr'>φυγάδας</span> <span class='ocrx_word' id='word_1_563' title='bbox 3396 3903 3674 3971; x_wconf 78' lang='grc' dir='ltr'>ἐποίησας.</span> 
     </span>
    </p>
   </div>
   <div class='ocr_carea' id='block_1_87' title="bbox 2317 3992 3868 4074">
    <p class='ocr_par' dir='ltr' id='par_1_87' title="bbox 2317 3992 3868 4074">
     <span class='ocr_line' id='line_1_87' title="bbox 2317 3992 3868 4074; baseline -0.003 -23"><span class='ocrx_word' id='word_1_564' title='bbox 2317 3992 2378 4055; x_wconf 84' lang='grc'><strong>6.</strong></span> <span class='ocrx_word' id='word_1_565' title='bbox 2413 3995 2486 4051; x_wconf 75' lang='grc' dir='ltr'><strong>Οὖ</strong></span> <span class='ocrx_word' id='word_1_566' title='bbox 2526 3995 2626 4074; x_wconf 81' lang='grc' dir='ltr'><strong>γὰρ</strong></span> <span class='ocrx_word' id='word_1_567' title='bbox 2685 3995 2738 4051; x_wconf 79' lang='grc' dir='ltr'>ἐν</span> <span class='ocrx_word' id='word_1_568' title='bbox 2791 4009 2911 4057; x_wconf 80' lang='grc' dir='ltr'>τοῖς</span> <span class='ocrx_word' id='word_1_569' title='bbox 2974 3993 3158 4058; x_wconf 68' lang='grc' dir='ltr'>ὅπλοις</span> <span class='ocrx_word' id='word_1_570' title='bbox 3207 3994 3379 4051; x_wconf 74' lang='grc' dir='ltr'>αὐτῶν</span> <span class='ocrx_word' id='word_1_571' title='bbox 3438 3994 3868 4073; x_wconf 77' lang='grc' dir='ltr'>ἐκληρονόμησαν</span> 
     </span>
    </p>
   </div>
   <div class='ocr_carea' id='block_1_88' title="bbox 2237 4082 2967 4164">
    <p class='ocr_par' dir='ltr' id='par_1_88' title="bbox 2237 4082 2967 4164">
     <span class='ocr_line' id='line_1_88' title="bbox 2237 4082 2967 4164; baseline 0.003 -26"><span class='ocrx_word' id='word_1_572' title='bbox 2237 4082 2335 4150; x_wconf 73' lang='grc' dir='ltr'><strong>τὴν</strong></span> <span class='ocrx_word' id='word_1_573' title='bbox 2364 4087 2466 4160; x_wconf 75' lang='grc' dir='ltr'><strong>γῆν</strong></span> <span class='ocrx_word' id='word_1_574' title='bbox 2497 4089 2595 4150; x_wconf 74' lang='grc' dir='ltr'><strong>τῆς</strong></span> <span class='ocrx_word' id='word_1_575' title='bbox 2621 4083 2967 4164; x_wconf 78' lang='grc' dir='ltr'>ἐπαγγελίας,</span> 
     </span>
    </p>
   </div>
   <div class='ocr_carea' id='block_1_89' title="bbox 2321 4171 3706 4240">
    <p class='ocr_par' dir='ltr' id='par_1_89' title="bbox 2321 4171 3706 4240">
     <span class='ocr_line' id='line_1_89' title="bbox 2321 4171 3706 4240; baseline -0.001 -10"><span class='ocrx_word' id='word_1_576' title='bbox 2321 4171 2377 4233; x_wconf 83' lang='lat'><strong>7.</strong></span> <span class='ocrx_word' id='word_1_577' title='bbox 2417 4175 2512 4230; x_wconf 79' lang='grc' dir='ltr'>Καὶ</span> <span class='ocrx_word' id='word_1_578' title='bbox 2542 4174 2575 4240; x_wconf 82' lang='grc' dir='ltr'>ἡ</span> <span class='ocrx_word' id='word_1_579' title='bbox 2601 4172 2873 4231; x_wconf 77' lang='grc' dir='ltr'>δυναστεία</span> <span class='ocrx_word' id='word_1_580' title='bbox 2905 4173 3076 4230; x_wconf 78' lang='grc' dir='ltr'>αὐτῶν</span> <span class='ocrx_word' id='word_1_581' title='bbox 3135 4175 3228 4230; x_wconf 74' lang='grc' dir='ltr'><strong>οὒκ</strong></span> <span class='ocrx_word' id='word_1_582' title='bbox 3272 4174 3465 4230; x_wconf 71' lang='grc' dir='ltr'>ἔσωσεν</span> <span class='ocrx_word' id='word_1_583' title='bbox 3496 4175 3706 4237; x_wconf 67' lang='grc' dir='ltr'>αὐτούς’</span> 
     </span>
    </p>
   </div>
   <div class='ocr_carea' id='block_1_90' title="bbox 2317 4259 3870 4342">
    <p class='ocr_par' dir='ltr' id='par_1_90' title="bbox 2317 4259 3870 4342">
     <span class='ocr_line' id='line_1_90' title="bbox 2317 4259 3870 4342; baseline -0.001 -24"><span class='ocrx_word' id='word_1_584' title='bbox 2317 4259 2375 4323; x_wconf 92' lang='grc'><strong>8.</strong></span> <span class='ocrx_word' id='word_1_585' title='bbox 2412 4259 2560 4317; x_wconf 84' lang='grc' dir='ltr'>Ἀλλ’</span> <span class='ocrx_word' id='word_1_586' title='bbox 2592 4265 2619 4318; x_wconf 88' lang='lat'><strong>6</strong></span> <span class='ocrx_word' id='word_1_587' title='bbox 2658 4265 2950 4342; x_wconf 70' lang='grc' dir='ltr'>μονογενής</span> <span class='ocrx_word' id='word_1_588' title='bbox 3007 4284 3100 4318; x_wconf 81' lang='grc' dir='ltr'><strong>σου</strong></span> <span class='ocrx_word' id='word_1_589' title='bbox 3158 4265 3303 4334; x_wconf 74' lang='grc' dir='ltr'>Υἱὸς,</span> <span class='ocrx_word' id='word_1_590' title='bbox 3337 4266 3363 4318; x_wconf 82' lang='grc' dir='ltr'><strong>ὁ</strong></span> <span class='ocrx_word' id='word_1_591' title='bbox 3421 4263 3495 4320; x_wconf 80' lang='grc' dir='ltr'><strong>ὣν</strong></span> <span class='ocrx_word' id='word_1_592' title='bbox 3552 4263 3870 4340; x_wconf 76' lang='grc' dir='ltr'>ἀπαύγασμα</span> 
     </span>
    </p>
   </div>
   <div class='ocr_carea' id='block_1_91' title="bbox 2235 4347 2670 4416">
    <p class='ocr_par' dir='ltr' id='par_1_91' title="bbox 2235 4347 2670 4416">
     <span class='ocr_line' id='line_1_91' title="bbox 2235 4347 2670 4416; baseline 0.018 -13"><span class='ocrx_word' id='word_1_593' title='bbox 2235 4353 2336 4415; x_wconf 79' lang='grc' dir='ltr'><strong>τῆς</strong></span> <span class='ocrx_word' id='word_1_594' title='bbox 2367 4347 2520 4416; x_wconf 81' lang='grc' dir='ltr'>δόξης</span> <span class='ocrx_word' id='word_1_595' title='bbox 2557 4373 2670 4412; x_wconf 84' lang='grc' dir='ltr'>σου.</span> 
     </span>
    </p>
   </div>
   <div class='ocr_carea' id='block_1_92' title="bbox 2315 4435 3868 4519">
    <p class='ocr_par' dir='ltr' id='par_1_92' title="bbox 2315 4435 3868 4519">
     <span class='ocr_line' id='line_1_92' title="bbox 2315 4435 3868 4519; baseline -0.001 -22"><span class='ocrx_word' id='word_1_596' title='bbox 2315 4437 2375 4511; x_wconf 84' lang='grc'>9,</span> <span class='ocrx_word' id='word_1_597' title='bbox 2418 4440 2511 4500; x_wconf 84' lang='grc'><strong>10.</strong></span> <span class='ocrx_word' id='word_1_598' title='bbox 2546 4441 2620 4518; x_wconf 78' lang='grc'><strong>(7)</strong></span> <span class='ocrx_word' id='word_1_599' title='bbox 2647 4443 2718 4497; x_wconf 83' lang='grc' dir='ltr'>Σὺ</span> <span class='ocrx_word' id='word_1_600' title='bbox 2746 4443 2800 4499; x_wconf 80' lang='grc' dir='ltr'>εἶ</span> <span class='ocrx_word' id='word_1_601' title='bbox 2837 4444 2864 4498; x_wconf 94' lang='lat'><strong>6</strong></span> <span class='ocrx_word' id='word_1_602' title='bbox 2884 4443 3037 4506; x_wconf 77' lang='grc' dir='ltr'>αὐτὸς</span> <span class='ocrx_word' id='word_1_603' title='bbox 3064 4442 3093 4496; x_wconf 82' lang='grc' dir='ltr'><strong>ό</strong></span> <span class='ocrx_word' id='word_1_604' title='bbox 3123 4440 3266 4514; x_wconf 78' lang='grc' dir='ltr'>τότε,</span> <span class='ocrx_word' id='word_1_605' title='bbox 3296 4442 3383 4496; x_wconf 80' lang='grc' dir='ltr'><strong>καὶ</strong></span> <span class='ocrx_word' id='word_1_606' title='bbox 3412 4439 3494 4496; x_wconf 79' lang='grc' dir='ltr'><strong>ἐπ’</strong></span> <span class='ocrx_word' id='word_1_607' title='bbox 3530 4435 3868 4519; x_wconf 60' lang='grc' dir='ltr'>ἐσχάτωνβ)</span> 
     </span>
    </p>
   </div>
   <div class='ocr_carea' id='block_1_93' title="bbox 2237 4529 2602 4607">
    <p class='ocr_par' dir='ltr' id='par_1_93' title="bbox 2237 4529 2602 4607">
     <span class='ocr_line' id='line_1_93' title="bbox 2237 4529 2602 4607; baseline 0.014 -25"><span class='ocrx_word' id='word_1_608' title='bbox 2237 4533 2338 4583; x_wconf 77' lang='grc' dir='ltr'>τῶν</span> <span class='ocrx_word' id='word_1_609' title='bbox 2371 4529 2602 4607; x_wconf 83' lang='grc' dir='ltr'>χρόνων.</span> 
     </span>
    </p>
   </div>
   <div class='ocr_carea' id='block_1_94' title="bbox 2322 4616 3863 4699">
    <p class='ocr_par' dir='ltr' id='par_1_94' title="bbox 2322 4616 3863 4699">
     <span class='ocr_line' id='line_1_94' title="bbox 2322 4616 3863 4699; baseline 0 -22"><span class='ocrx_word' id='word_1_610' title='bbox 2322 4617 2414 4677; x_wconf 82' lang='grc'><strong>’11.</strong></span> <span class='ocrx_word' id='word_1_611' title='bbox 2454 4616 2510 4676; x_wconf 82' lang='grc' dir='ltr'><strong>Ὀ</strong></span> <span class='ocrx_word' id='word_1_612' title='bbox 2541 4617 2606 4674; x_wconf 87' lang='grc' dir='ltr'><strong>δι’</strong></span> <span class='ocrx_word' id='word_1_613' title='bbox 2639 4621 2826 4676; x_wconf 75' lang='grc' dir='ltr'>ἑαυτοῦ</span> <span class='ocrx_word' id='word_1_614' title='bbox 2857 4619 3205 4699; x_wconf 84' lang='grc' dir='ltr'>διηγούμενος</span> <span class='ocrx_word' id='word_1_615' title='bbox 3237 4621 3299 4678; x_wconf 69' lang='grc' dir='ltr'><strong>τὰ</strong></span> <span class='ocrx_word' id='word_1_616' title='bbox 3331 4621 3714 4698; x_wconf 71' lang='grc' dir='ltr'>προστάγματά</span> <span class='ocrx_word' id='word_1_617' title='bbox 3760 4641 3863 4677; x_wconf 78' lang='grc' dir='ltr'>σου.</span> 
     </span>
    </p>
   </div>
   <div class='ocr_carea' id='block_1_95' title="bbox 2318 4704 3865 4789">
    <p class='ocr_par' dir='ltr' id='par_1_95' title="bbox 2318 4704 3865 4789">
     <span class='ocr_line' id='line_1_95' title="bbox 2318 4704 3865 4789; baseline -0.003 -24"><span class='ocrx_word' id='word_1_618' title='bbox 2318 4704 2415 4766; x_wconf 70' lang='grc'><strong>12.</strong></span> <span class='ocrx_word' id='word_1_619' title='bbox 2451 4707 2540 4764; x_wconf 84' lang='grc' dir='ltr'>Ἐν</span> <span class='ocrx_word' id='word_1_620' title='bbox 2573 4711 2676 4782; x_wconf 82' lang='grc' dir='ltr'>σοὶ,</span> <span class='ocrx_word' id='word_1_621' title='bbox 2710 4709 2878 4788; x_wconf 80' lang='grc' dir='ltr'>λέγει,</span> <span class='ocrx_word' id='word_1_622' title='bbox 2915 4711 3229 4789; x_wconf 78' lang='grc' dir='ltr'>ἀναιροῦμεν</span> <span class='ocrx_word' id='word_1_623' title='bbox 3275 4712 3393 4772; x_wconf 76' lang='grc' dir='ltr'>τοὺς</span> <span class='ocrx_word' id='word_1_624' title='bbox 3445 4708 3667 4787; x_wconf 62' lang='grc' dir='ltr'>ἐχθροὺς</span> <span class='ocrx_word' id='word_1_625' title='bbox 3699 4711 3865 4782; x_wconf 73' lang='grc' dir='ltr'>ἡμῶν,</span> 
     </span>
    </p>
   </div>
   <div class='ocr_carea' id='block_1_96' title="bbox 2233 4795 3549 4877">
    <p class='ocr_par' dir='ltr' id='par_1_96' title="bbox 2233 4795 3549 4877">
     <span class='ocr_line' id='line_1_96' title="bbox 2233 4795 3549 4877; baseline 0.005 -27"><span class='ocrx_word' id='word_1_626' title='bbox 2233 4795 2375 4874; x_wconf 86' lang='grc' dir='ltr'>λέγω</span> <span class='ocrx_word' id='word_1_627' title='bbox 2405 4795 2469 4862; x_wconf 72' lang='grc' dir='ltr'>δὴ</span> <span class='ocrx_word' id='word_1_628' title='bbox 2502 4798 2620 4861; x_wconf 82' lang='grc' dir='ltr'>τοὺς</span> <span class='ocrx_word' id='word_1_629' title='bbox 2653 4798 2706 4853; x_wconf 80' lang='grc' dir='ltr'>ἐν</span> <span class='ocrx_word' id='word_1_630' title='bbox 2740 4805 2807 4875; x_wconf 80' lang='grc' dir='ltr'><strong>τῇ</strong></span> <span class='ocrx_word' id='word_1_631' title='bbox 2840 4798 3022 4877; x_wconf 78' lang='grc' dir='ltr'>καρδίᾳ</span> <span class='ocrx_word' id='word_1_632' title='bbox 3052 4802 3206 4874; x_wconf 74' lang='grc' dir='ltr'>ἡμῶν</span> <span class='ocrx_word' id='word_1_633' title='bbox 3239 4798 3549 4875; x_wconf 75' lang='grc' dir='ltr'>λογισμούς.</span> 
     </span>
    </p>
   </div>
   <div class='ocr_carea' id='block_1_97' title="bbox 2321 4883 3202 4968">
    <p class='ocr_par' dir='ltr' id='par_1_97' title="bbox 2321 4883 3202 4968">
     <span class='ocr_line' id='line_1_97' title="bbox 2321 4883 3202 4968; baseline 0 -24"><span class='ocrx_word' id='word_1_634' title='bbox 2321 4883 2414 4944; x_wconf 84' lang='grc'><strong>13.</strong></span> <span class='ocrx_word' id='word_1_635' title='bbox 2455 4890 2581 4952; x_wconf 78' lang='grc' dir='ltr'>Τοὺς</span> <span class='ocrx_word' id='word_1_636' title='bbox 2613 4885 2887 4951; x_wconf 75' lang='grc' dir='ltr'>διαϐόλους</span> <span class='ocrx_word' id='word_1_637' title='bbox 2922 4887 3002 4968; x_wconf 78' lang='grc'><strong>(9)</strong></span> <span class='ocrx_word' id='word_1_638' title='bbox 3032 4887 3202 4966; x_wconf 84' lang='grc' dir='ltr'>λέγει.</span> 
     </span>
    </p>
   </div>
   <div class='ocr_carea' id='block_1_98' title="bbox 2315 4976 3485 5056">
    <p class='ocr_par' dir='ltr' id='par_1_98' title="bbox 2315 4976 3485 5056">
     <span class='ocr_line' id='line_1_98' title="bbox 2315 4976 3485 5056; baseline 0 -22"><span class='ocrx_word' id='word_1_639' title='bbox 2315 4976 2414 5035; x_wconf 77' lang='grc'><strong>14.</strong></span> <span class='ocrx_word' id='word_1_640' title='bbox 2449 4981 2521 5036; x_wconf 70' lang='grc' dir='ltr'><strong>Οὐ</strong></span> <span class='ocrx_word' id='word_1_641' title='bbox 2553 4979 2650 5056; x_wconf 76' lang='grc' dir='ltr'>γὰρ</span> <span class='ocrx_word' id='word_1_642' title='bbox 2680 4983 2732 5034; x_wconf 77' lang='grc' dir='ltr'>ὲν</span> <span class='ocrx_word' id='word_1_643' title='bbox 2764 4983 2832 5056; x_wconf 69' lang='grc' dir='ltr'><strong>τῇ</strong></span> <span class='ocrx_word' id='word_1_644' title='bbox 2861 4977 3134 5052; x_wconf 76' lang='grc' dir='ltr'>δυναστείᾳ</span> <span class='ocrx_word' id='word_1_645' title='bbox 3163 5001 3264 5054; x_wconf 84' lang='grc' dir='ltr'><strong>μου</strong></span> <span class='ocrx_word' id='word_1_646' title='bbox 3293 4979 3485 5040; x_wconf 70' lang='grc' dir='ltr'>ἒλπιῶ.</span> 
     </span>
    </p>
   </div>
   <div class='ocr_carea' id='block_1_99' title="bbox 2318 5065 3524 5146">
    <p class='ocr_par' dir='ltr' id='par_1_99' title="bbox 2318 5065 3524 5146">
     <span class='ocr_line' id='line_1_99' title="bbox 2318 5065 3524 5146; baseline -0.001 -22"><span class='ocrx_word' id='word_1_647' title='bbox 2318 5066 2412 5128; x_wconf 86' lang='grc'><strong>15.</strong></span> <span class='ocrx_word' id='word_1_648' title='bbox 2452 5065 2578 5146; x_wconf 87' lang='grc'><strong>(10)</strong></span> <span class='ocrx_word' id='word_1_649' title='bbox 2616 5069 2713 5124; x_wconf 83' lang='grc' dir='ltr'><strong>Καὶ</strong></span> <span class='ocrx_word' id='word_1_650' title='bbox 2745 5068 2807 5123; x_wconf 79' lang='grc' dir='ltr'>τὰ</span> <span class='ocrx_word' id='word_1_651' title='bbox 2840 5067 2979 5123; x_wconf 83' lang='grc' dir='ltr'>ὃπλα</span> <span class='ocrx_word' id='word_1_652' title='bbox 3006 5091 3109 5142; x_wconf 89' lang='grc' dir='ltr'><strong>μου</strong></span> <span class='ocrx_word' id='word_1_653' title='bbox 3139 5084 3196 5124; x_wconf 73' lang='grc' dir='ltr'><strong>ου</strong></span> <span class='ocrx_word' id='word_1_654' title='bbox 3229 5069 3390 5124; x_wconf 88' lang='grc' dir='ltr'>σώσει</span> <span class='ocrx_word' id='word_1_655' title='bbox 3434 5088 3524 5143; x_wconf 84' lang='grc' dir='ltr'><strong>με,</strong></span> 
     </span>
    </p>
   </div>
   <div class='ocr_carea' id='block_1_100' title="bbox 1534 5165 2842 5248">
    <p class='ocr_par' dir='ltr' id='par_1_100' title="bbox 1534 5165 2842 5248">
     <span class='ocr_line' id='line_1_100' title="bbox 1534 5165 2842 5248; baseline 0.007 -20"><span class='ocrx_word' id='word_1_656' title='bbox 1534 5165 1836 5230; x_wconf 87' lang='lat' dir='ltr'><strong>Addenda</strong></span> <span class='ocrx_word' id='word_1_657' title='bbox 1867 5172 1930 5232; x_wconf 84' lang='lat' dir='ltr'><strong>et</strong></span> <span class='ocrx_word' id='word_1_658' title='bbox 1959 5169 2333 5248; x_wconf 86' lang='lat' dir='ltr'><strong>corrigenda</strong></span> <span class='ocrx_word' id='word_1_659' title='bbox 2357 5187 2435 5235; x_wconf 87' lang='lat' dir='ltr'><strong>ex</strong></span> <span class='ocrx_word' id='word_1_660' title='bbox 2463 5173 2607 5238; x_wconf 90' lang='lat' dir='ltr'><strong>cod.</strong></span> <span class='ocrx_word' id='word_1_661' title='bbox 2641 5173 2842 5239; x_wconf 84' lang='lat' dir='ltr'><strong>Vatic.</strong></span> 
     </span>
    </p>
   </div>
   <div class='ocr_carea' id='block_1_101' title="bbox 579 5265 1574 5366">
    <p class='ocr_par' dir='ltr' id='par_1_101' title="bbox 579 5265 1574 5366">
     <span class='ocr_line' id='line_1_101' title="bbox 579 5265 1574 5366; baseline 0.003 -41"><span class='ocrx_word' id='word_1_662' title='bbox 579 5267 665 5366; x_wconf 50' lang='lat'><strong>(’1‘</strong></span> <span class='ocrx_word' id='word_1_663' title='bbox 693 5265 765 5366; x_wconf 77' lang='grc' dir='ltr'><strong>Ἠ⁹</strong></span> <span class='ocrx_word' id='word_1_664' title='bbox 799 5265 882 5328; x_wconf 80' lang='grc' dir='ltr'><strong>διὰ</strong></span> <span class='ocrx_word' id='word_1_665' title='bbox 910 5274 1010 5338; x_wconf 80' lang='grc' dir='ltr'><strong>τῆς</strong></span> <span class='ocrx_word' id='word_1_666' title='bbox 1054 5268 1410 5349; x_wconf 79' lang='grc' dir='ltr'>κινναϐάρεως</span> <span class='ocrx_word' id='word_1_667' title='bbox 1455 5292 1574 5350; x_wconf 88' lang='grc' dir='ltr'>περ.</span> 
     </span>
    </p>
   </div>
   <div class='ocr_carea' id='block_1_102' title="bbox 575 5345 1066 5508">
    <p class='ocr_par' dir='ltr' id='par_1_102' title="bbox 575 5345 1066 5508">
     <span class='ocr_line' id='line_1_102' title="bbox 583 5345 791 5427; baseline 0.005 -18"><span class='ocrx_word' id='word_1_668' title='bbox 583 5345 668 5427; x_wconf 83' lang='lat'><strong>(2)</strong></span> <span class='ocrx_word' id='word_1_669' title='bbox 702 5349 791 5410; x_wconf 81' lang='grc' dir='ltr'><strong>Δέ.</strong></span> 
     </span>
     <span class='ocr_line' id='line_1_103' title="bbox 575 5426 1066 5508; baseline -0.029 1"><span class='ocrx_word' id='word_1_670' title='bbox 575 5427 670 5508; x_wconf 67' lang='grc'><strong>(3)</strong></span> <span class='ocrx_word' id='word_1_671' title='bbox 697 5426 1066 5508; x_wconf 50' lang='grc' dir='ltr'>φαλάκρωμα.</span> 
     </span>
    </p>
   </div>
   <div class='ocr_carea' id='block_1_103' title="bbox 574 5505 1197 5588">
    <p class='ocr_par' dir='ltr' id='par_1_103' title="bbox 574 5505 1197 5588">
     <span class='ocr_line' id='line_1_104' title="bbox 574 5505 1197 5588; baseline -0.005 -20"><span class='ocrx_word' id='word_1_672' title='bbox 574 5505 663 5585; x_wconf 83' lang='grc'><strong>(4)</strong></span> <span class='ocrx_word' id='word_1_673' title='bbox 694 5505 918 5588; x_wconf 81' lang='grc' dir='ltr'>’Ἔργων</span> <span class='ocrx_word' id='word_1_674' title='bbox 962 5505 1197 5588; x_wconf 75' lang='grc' dir='ltr'>ἀγαθῶν,</span> 
     </span>
    </p>
   </div>
   <div class='ocr_carea' id='block_1_104' title="bbox 585 5588 1094 5666">
    <p class='ocr_par' dir='ltr' id='par_1_104' title="bbox 585 5588 1094 5666">
     <span class='ocr_line' id='line_1_105' title="bbox 585 5588 1094 5666; baseline 0.004 -20"><span class='ocrx_word' id='word_1_675' title='bbox 585 5588 641 5661; x_wconf 82' lang='lat'><strong>(5</strong></span> <span class='ocrx_word' id='word_1_676' title='bbox 651 5605 665 5661; x_wconf 73' lang='lat'><strong>)</strong></span> <span class='ocrx_word' id='word_1_677' title='bbox 701 5591 1067 5666; x_wconf 80' lang='grc' dir='ltr'>Διηγήσασθαι</span> <span class='ocrx_word' id='word_1_678' title='bbox 1079 5638 1094 5654; x_wconf 89' lang='grc'><strong>.</strong></span> 
     </span>
    </p>
   </div>
   <div class='ocr_carea' id='block_1_105' title="bbox 582 5667 1480 5757">
    <p class='ocr_par' dir='ltr' id='par_1_105' title="bbox 582 5667 1480 5757">
     <span class='ocr_line' id='line_1_106' title="bbox 582 5667 1480 5757; baseline 0.008 -29"><span class='ocrx_word' id='word_1_679' title='bbox 582 5667 666 5746; x_wconf 85' lang='grc' dir='ltr'><strong>(α)</strong></span> <span class='ocrx_word' id='word_1_680' title='bbox 695 5667 942 5746; x_wconf 81' lang='lat' dir='ltr'><strong>Aliquid</strong></span> <span class='ocrx_word' id='word_1_681' title='bbox 975 5670 1192 5734; x_wconf 79' lang='lat' dir='ltr'><strong>deesse</strong></span> <span class='ocrx_word' id='word_1_682' title='bbox 1219 5670 1480 5757; x_wconf 80' lang='lat' dir='ltr'><strong>videtur.</strong></span> 
     </span>
    </p>
   </div>
   <div class='ocr_carea' id='block_1_106' title="bbox 2312 5279 2987 5360">
    <p class='ocr_par' dir='ltr' id='par_1_106' title="bbox 2312 5279 2987 5360">
     <span class='ocr_line' id='line_1_107' title="bbox 2312 5279 2987 5360; baseline 0.004 -22"><span class='ocrx_word' id='word_1_683' title='bbox 2430 5281 2754 5360; x_wconf 19' lang='grc' dir='ltr'>γῐξατεκληρο</span> <span class='ocrx_word' id='word_1_684' title='bbox 2763 5289 2961 5358; x_wconf 85' lang='grc' dir='ltr'>νόμησε</span> <span class='ocrx_word' id='word_1_685' title='bbox 2973 5323 2987 5341; x_wconf 94' lang='grc'><strong>.</strong></span> 
     </span>
    </p>
   </div>
   <div class='ocr_carea' id='block_1_107' title="bbox 2310 5359 3859 5441">
    <p class='ocr_par' dir='ltr' id='par_1_107' title="bbox 2310 5359 3859 5441">
     <span class='ocr_line' id='line_1_108' title="bbox 2310 5359 3859 5441; baseline -0.001 -21"><span class='ocrx_word' id='word_1_686' title='bbox 2425 5359 2494 5422; x_wconf 88' lang='grc' dir='ltr'><strong>Ν.</strong></span> <span class='ocrx_word' id='word_1_687' title='bbox 2527 5361 2588 5435; x_wconf 86' lang='grc'>9,</span> <span class='ocrx_word' id='word_1_688' title='bbox 2625 5362 2755 5420; x_wconf 72' lang='grc' dir='ltr'><strong>’Ὅτι</strong></span> <span class='ocrx_word' id='word_1_689' title='bbox 2786 5361 3056 5431; x_wconf 79' lang='grc' dir='ltr'>ἠθέλησας</span> <span class='ocrx_word' id='word_1_690' title='bbox 3090 5363 3297 5428; x_wconf 70' lang='grc' dir='ltr'>αὐτοὺς.</span> <span class='ocrx_word' id='word_1_691' title='bbox 3331 5359 3401 5424; x_wconf 79' lang='grc' dir='ltr'><strong>Ν.</strong></span> <span class='ocrx_word' id='word_1_692' title='bbox 3437 5361 3536 5441; x_wconf 82' lang='grc'><strong>10,</strong></span> <span class='ocrx_word' id='word_1_693' title='bbox 3562 5362 3634 5416; x_wconf 72' lang='grc' dir='ltr'><strong>Σὺ</strong></span> <span class='ocrx_word' id='word_1_694' title='bbox 3668 5366 3859 5433; x_wconf 70' lang='grc' dir='ltr'>εῐ,ειο.</span> 
     </span>
    </p>
   </div>
   <div class='ocr_carea' id='block_1_108' title="bbox 2313 5439 2734 5521">
    <p class='ocr_par' dir='ltr' id='par_1_108' title="bbox 2313 5439 2734 5521">
     <span class='ocr_line' id='line_1_109' title="bbox 2313 5439 2734 5521; baseline -0.002 -23"><span class='ocrx_word' id='word_1_695' title='bbox 2441 5441 2710 5521; x_wconf 75' lang='grc' dir='ltr'>Ἐσχάτοο</span> <span class='ocrx_word' id='word_1_696' title='bbox 2721 5490 2734 5505; x_wconf 86' lang='grc'><strong>,</strong></span> 
     </span>
    </p>
   </div>
   <div class='ocr_carea' id='block_1_109' title="bbox 2312 5519 2714 5600">
    <p class='ocr_par' dir='ltr' id='par_1_109' title="bbox 2312 5519 2714 5600">
     <span class='ocr_line' id='line_1_110' title="bbox 2312 5519 2714 5600; baseline 0.005 -20"><span class='ocrx_word' id='word_1_697' title='bbox 2312 5519 2391 5600; x_wconf 70' lang='grc'><strong>(9)</strong></span> <span class='ocrx_word' id='word_1_698' title='bbox 2425 5519 2714 5600; x_wconf 73' lang='grc' dir='ltr'>Δαίμονας.</span> 
     </span>
    </p>
   </div>
   <div class='ocr_carea' id='block_1_110' title="bbox 2309 5599 2883 5677">
    <p class='ocr_par' dir='ltr' id='par_1_110' title="bbox 2309 5599 2883 5677">
     <span class='ocr_line' id='line_1_111' title="bbox 2309 5599 2883 5677; baseline 0.01 -17"><span class='ocrx_word' id='word_1_699' title='bbox 2309 5599 2437 5677; x_wconf 84' lang='grc'><strong>(10)</strong></span> <span class='ocrx_word' id='word_1_700' title='bbox 2469 5599 2542 5662; x_wconf 86' lang='grc' dir='ltr'><strong>Ν.</strong></span> <span class='ocrx_word' id='word_1_701' title='bbox 2584 5601 2653 5665; x_wconf 89' lang='grc'><strong>15</strong></span> <span class='ocrx_word' id='word_1_702' title='bbox 2689 5601 2883 5666; x_wconf 89' lang='lat' dir='ltr'><strong>deest.</strong></span> 
     </span>
    </p>
   </div>
  </div>
