4054 6206
274 316 386 384 821
1152 319 1250 386 DE
1293 322 1606 386 TITULIS
1646 317 2136 385 PSALMORUM.
2182 357 2261 370 —-
2303 325 2516 392 PSAL.
2563 329 2780 394 XLIII.
3538 331 3660 397 822

360 455 458 519 l6.
509 455 772 522 ’Ἒσωσας
802 458 902 536 γὰρ
940 460 1083 531 ἡμᾶς
1120 456 1179 512 ἐκ
1209 463 1315 513 τῶν
1348 455 1637 514 θλιϐόντων
1663 456 1834 531 ἡμᾶς’
1937 463 1961 512 ,Α

1937 463 1978 513 Α
2082 456 2181 518 16.
2229 455 2477 524 Salvasti
2509 466 2668 524 enim
2701 479 2811 524 nos
2842 461 2918 524 de
2939 461 3338 539 aiﬂigentibus
3365 482 3474 526 nos
3503 484 3516 528 :

353 545 454 608 17.
505 549 605 606 Καὶ
648 549 773 611 τοὺς
805 553 1096 622 μισολτας
1126 546 1270 621 ἡμᾶς
1302 546 1675 626 κατῄσχυνας.

1520 567 1675 625 ονας.
2093 547 2188 609 17.
2235 546 2305 610 Et
2337 549 2606 613 udientes
2638 570 2748 614 nos
2776 551 3121 616 confudisti.

360 635 457 700 18.
507 636 597 695 Ἐν
630 641 708 711 τῷ
739 642 855 710 Θεῷ
885 636 1341 712 ἐπαινεθησόμεθα
1370 635 1506 702 ὅλην
1537 633 1637 701 τὴν
1686 634 1912 713 ἡμέραν·

1585 636 1637 701 ἣν
1686 634 1912 713 ἡμέραν
2085 636 2181 699 18.
2229 638 2292 698 In
2325 637 2444 701 Deo
2475 639 2851 703 laudabimur
2877 649 2996 703 tota
3025 639 3124 703 die
3172 663 3186 706 :

359 725 454 789 19.
505 728 604 787 Καὶ
646 727 702 784 ἐν
728 733 808 800 τῷ
860 725 1082 802 ὁνοματί
1138 747 1230 785 σου
1286 724 1789 803 ἐξομολογησόμιθα
1841 724 1916 788 εἰς

2078 724 2178 788 19.
2226 726 2300 788 Et
2347 727 2407 788 in
2468 728 2712 792 nomine
2761 737 2859 793 tuo
2892 728 3315 794 conﬁtebimur
3365 732 3426 794 in
3455 748 3647 794 saecu—

259 817 358 871 τὸν
388 816 559 873 αἷῶνα
570 862 583 874 .

549 840 583 874 ι.
2000 811 2150 877 lum.

343 903 451 968 ‘20.
499 908 620 966 Νυνὶ
649 904 703 962 δὲ
745 904 948 962 ἀπώσω
978 907 1070 962 καὶ
1110 904 1460 985 κατῄσχυνας
1491 905 1670 981 ἡμᾶς.

2075 902 2179 969 20.
2226 903 2398 968 Nunc
2419 913 2618 969 autem
2652 907 2929 988 repulisti
2955 915 3014 972 et
3043 907 3367 970 confudisti
3399 927 3551 972 nos:

343 992 558 1056 2LKai
591 1000 687 1054 οὒκ
711 993 1014 1074 ἐξελεῦσῃ,δ
1045 993 1382 1068 Θεὸς,ἐντατς
1413 992 1702 1070 δυνάμεσιν
1732 995 1905 1069 ἡμῶν.

2076 992 2176 1055 21.
2223 993 2418 1057 Etnon
2439 996 3042 1076 egredieris,Deus,in
3069 996 3386 1060 virtutibus
3403 1003 3639 1064 nostris.

343 1085 450 1152 2‘2.
495 1087 870 1166 ’Λπέσῖρεψας
904 1089 1046 1163 ἡμᾶς
1117 1089 1192 1150 εἰς
1243 1087 1309 1144 τὰ
1364 1087 1534 1143 ὀπίσω
1601 1087 1743 1165 παρὰ
1793 1087 1911 1150 τοὺς

2073 1081 2174 1146 22.
2220 1084 2506 1148 Avertisti
2538 1103 2648 1147 nos
2675 1098 3004 1149 retrorsum
3061 1093 3194 1168 post
3225 1086 3501 1150 inimicos
3529 1107 3642 1151 no-

251 1177 486 1256 ἑχθροὺς
514 1181 672 1254 ἡμῶν
685 1225 702 1239 .

579 1185 672 1234 ιῶν
685 1225 702 1239 .
1997 1178 2154 1234 SUOS
2169 1220 2180 1233 .

341 1264 447 1330 23.
493 1265 598 1328 Καὶ
627 1269 675 1323 οἱ
703 1273 980 1344 μισοῦντες
1027 1269 1170 1335 ἡμᾶς
1200 1264 1486 1342 διήρπαζον
1521 1263 1761 1330 ἑαυτοῖς,

2071 1261 2170 1324 23.
2221 1260 2291 1327 Et
2325 1266 2427 1344 qui
2459 1264 2716 1329 oderunt
2749 1283 2859 1326 nos
2901 1264 3265 1347 diripiebant
3301 1265 3439 1330 sibi.

342 1357 446 1421 24.
490 1355 747 1423 ’Ἒδωκας
775 1358 918 1431 ἡμᾶς
948 1356 1022 1421 ὠς
1053 1353 1292 1434 πρόϐατα
1320 1355 1592 1431 βρώσεως’

2071 1351 2170 1414 24.
2218 1353 2451 1416 Dedisti
2480 1373 2590 1416 nos
2624 1361 2902 1435 tanquam
2933 1371 3081 1417 oves
3112 1372 3385 1417 escarum
3418 1376 3433 1432 ;

343 1446 447 1508 25.
492 1445 598 1508 Καὶ
628 1451 685 1502 ἓν
712 1459 834 1510 τοῖς
865 1446 1035 1520 ἔθνεσι
1067 1445 1369 1524 διέσπειρας
1399 1446 1571 1520 ἡμᾶς,

2070 1440 2171 1503 25.
2218 1441 2292 1503 Et
2321 1443 2380 1504 in
2412 1443 2696 1524 gentibus
2725 1443 3060 1524 dispersisti
3089 1463 3221 1508 nos.

340 1535 444 1598 26.
488 1536 714 1594 Ἀπέδου
745 1538 836 1593 τὸν
865 1534 994 1592 λαόν
1029 1557 1123 1592 σου
1149 1535 1278 1591 ἆνου
1307 1537 1495 1609 τιμῆς²

2074 1529 2174 1593 26.
2223 1530 2560 1594 Vendidisti
2603 1533 2888 1614 populum
2921 1542 3086 1596 tuum
3117 1535 3246 1596 sine
3276 1539 3464 1616 pretio
3499 1552 3512 1597 :

340 1628 443 1691 27.
491 1625 594 1688 Καὶ
650 1631 745 1686 οὐκ
800 1627 867 1695 ἢν
943 1624 1143 1694 πλῆθος
1217 1623 1272 1680 ἐν
1356 1634 1473 1690 τοῖς
1529 1620 1904 1700 ἁλαλάγμασιν

2067 1620 2168 1682 27.
2218 1618 2288 1682 Ει
2319 1639 2440 1683 non
2486 1621 2593 1683 fuit
2624 1621 2944 1686 multitudo
2977 1622 3040 1684 in
3071 1623 3635 1688 commutationibus

245 1719 438 1792 ἡμῶν.

1989 1710 2233 1770 nostris.

335 1806 438 1870 28.
484 1805 657 1866 ’Ἐθου
698 1808 845 1881 ἡμᾶς
875 1803 1073 1868 ὄνειδος
1100 1817 1219 1868 τοῖς
1255 1804 1491 1882 γείτοσιν
1517 1804 1690 1878 ἡμῶν·
1922 1833 1936 1884 1

2065 1798 2166 1863 28.
2215 1799 2469 1863 Posuisti
2500 1819 2609 1863 nos
2638 1803 3030 1883 opproprium
3062 1801 3275 1864 vicinis
3305 1805 3524 1866 nostris
3561 1826 3574 1868 :

333 1893 437 1959 29.
485 1898 864 1974 Μυκττ,ρισμὸν
960 1896 1047 1950 καὶ
1136 1895 1447 1974 χλευασμὸν
1517 1903 1636 1954 τοῖς
1721 1888 1897 1964 κύκλῳ

2058 1888 2159 1952 20.
2206 1889 2742 1955 Subsannationem
2777 1900 2833 1954 et
2863 1892 3128 1955 derisum
3161 1891 3252 1954 his
3286 1893 3385 1974 qui
3427 1893 3487 1955 in
3512 1895 3633 1958 cir-

238 1986 430 2059 ἡμῶν.

1980 1976 2144 2040 cuitu
2178 1987 2407 2044 nostro.

327 2074 432 2137 30.
483 2073 659 2132 ’Ἒθου
680 2077 826 2152 ἡμᾶς
859 2077 931 2139 εἷς
963 2071 1278 2153 παραϐολὴν
1311 2073 1363 2130 ὲν
1388 2085 1507 2136 τοῖς
1540 2072 1733 2144 ἔθνεσι,

2062 2068 2166 2158 30.
2216 2067 2476 2158 Posuisti
2507 2087 2613 2132 nos
2649 2074 2711 2131 in
2743 2069 3196 2133 similitudinem
3226 2072 3286 2133 in
3323 2071 3625 2158 gentibus,

325 2163 429 2226 31.
480 2163 699 2232 Κίνησιν
725 2164 962 2245 κεφαλης
993 2165 1047 2220 ἐν
1080 2177 1198 2228 τοῖς
1229 2162 1416 2226 λαοῖς.

2063 2157 2164 2219 31.
2213 2156 2682 2222 Commotionem
2706 2159 2915 2240 capitis
2936 2160 2995 2222 in
3027 2160 3284 2242 populis.

324 2254 428 2318 32.
477 2252 661 2322 ’Ὀλην
710 2257 811 2322 τὴν
843 2254 1049 2333 ἡμέραν
1077 2253 1115 2322 ἠ
1147 2253 1377 2330 ἰντροπή
1423 2274 1526 2327 μου
1555 2249 1895 2307 κατεναντίον

2057 2245 2159 2308 32.
2206 2245 2354 2307 Tota
2385 2246 2484 2309 die
2513 2248 2872 2311 verecundia
2903 2267 3035 2312 mea
3059 2258 3270 2313 contra
3311 2268 3408 2313 me
3442 2260 3557 2334 est,

235 2344 348 2417 μού
376 2343 488 2402 in:
502 2392 517 2422 ,

324 2431 428 2497 33.
478 2432 644 2502 Καὶή
677 2433 908 2514 αἰσχύνη
941 2439 1032 2490 τοῦ
1065 2431 1351 2509 προσώπου
1383 2451 1484 2505 μου
1527 2427 1762 2503 ἱκάλυψέ
1795 2450 1887 2503 με.

1821 2450 1887 2488 ιε.
2058 2425 2158 2489 33.
2210 2429 2282 2488 Et
2312 2428 2584 2492 confusio
2615 2428 2790 2492 faciei
2813 2431 2934 2494 mei
2965 2431 3273 2512 c00peruit
3302 2450 3422 2496 me.

324 2522 428 2587 34,
481 2522 613 2581 Ἀπὸ
634 2529 820 2603 φωνῆς
850 2520 1306 2595 ὀνειδίζοντος,καὶ
1321 2517 1747 2581 καταλαλοῦντος

1819 2516 1885 2597 ι).
2056 2515 2156 2581 34.
2202 2517 2251 2578 Α
2279 2535 2424 2580 voce
2453 2518 2864 2600 exprobrantis
2891 2531 2953 2584 et
2981 2519 3372 2600 obloquentis
3406 2541 3420 2586 :

328 2628 413 2710 (ο)
453 2628 916 2708 Παρακαλοῧντος,
948 2627 1012 2689 in
1043 2625 1311 2706 margine
1341 2625 1476 2687 cod.
1515 2632 1578 2686 ut
1608 2624 1666 2685 in
1697 2630 1886 2686 textu.

1389 2729 1810 2797 ATHANASII
1853 2731 2496 2801 INTEBPRETATIO.

333 2847 426 2908 l6.
477 2847 570 2904 Ἐκ
601 2853 706 2902 τῶν
751 2846 998 2902 ἐναντίων
1027 2843 1304 2920 δυνάμεον.
1909 2848 1934 2899 ε

1909 2848 1949 2899 C
2055 2841 2152 2905 16.
2200 2843 2251 2904 Α
2282 2843 2600 2908 contrariis
2629 2844 3041 2926 potestatibus.

325 2935 425 2998 17.
478 2937 575 2998 Τὰς
608 2935 770 2998 αὐτὰς
803 2935 890 3010 (1)
936 2932 1206 3009 δυνάμεις.

2061 2931 2153 2994 17.
2200 2931 2455 2994 Easdem
2488 2941 2827 3014 potestates,

325 3027 422 3087 18.
476 3026 562 3082 Ἐν
593 3032 670 3096 τῷ
697 3033 812 3097 Θεῳ
840 3024 1226 3103 καυχησόμεθα
1247 3022 1328 3078 ἀεὶ
1357 3021 1505 3085 ὅντες
1537 3021 1591 3076 ὲν
1621 3027 1698 3096 τῷ
1729 3024 1884 3101 φωτί,

2059 3020 2152 3082 18.
2175 3022 2239 3083 In
2260 3020 2378 3083 Deo
2391 3022 2783 3100 gloriabimur
2797 3040 3038 3106 semper
3049 3025 3613 3093 existentesinluce.

319 3116 419 3178 19,
470 3113 568 3176 Καὶ
600 3123 655 3171 tv
686 3121 762 3189 τῷ
802 3114 1027 3190 ὀνόματι
1054 3122 1148 3170 σου
1187 3113 1253 3168 τὰ
1281 3111 1474 3191 ἀρεστὰ
1504 3111 1728 3168 ἐνώπιόν
1767 3133 1882 3175 σου.

2052 3109 2154 3174 19.
2201 3111 2274 3172 Et
2299 3111 2360 3172 in
2391 3112 2634 3175 nomine
2666 3123 2768 3175 tuo
2801 3131 2934 3195 qua:
2963 3116 3181 3196 placita
3213 3117 3322 3181 tibi
3351 3126 3490 3181 sunt
3506 3137 3615 3182 co-

234 3209 560 3279 ποιήσομεν,

1969 3216 2094 3261 ram
2121 3207 2178 3262 te
2205 3199 2511 3264 faciemus.

315 3295 420 3357 20.
470 3297 566 3354 Τὸν
599 3294 730 3350 λαὸν
762 3292 911 3368 λέγει
943 3299 1050 3350 τῶν
1071 3289 1356 3351 Ἰουδαίων,

2051 3288 2152 3352 20.
2200 3289 2489 3372 Populum
2522 3291 2914 3354 Hebraeorum
2945 3292 3259 3372 signiﬁcat.

316 3383 418 3447 21,
468 3385 568 3446 Καὶ
584 3383 641 3438 ἒν
670 3397 788 3440 τοῖς
812 3382 1040 3462 ἄρχουσι
1057 3383 1164 3438 σῶν
1181 3379 1444 3438 Ἰουδαίων
1469 3381 1563 3438 οὒκ
1583 3379 1879 3450 εὖδοκήσει.

2046 3379 2116 3440 21
2133 3377 2298 3441 .Etin
2315 3378 2730 3459 principibus.)
2737 3381 3041 3444 udmorum
3062 3401 3180 3444 non
3193 3401 3323 3446 com
3333 3384 3608 3464 placebit.

316 3473 420 3536 22.
472 3471 807 3550 Παρὲδωκας,
855 3470 1026 3552 λέγει²
1056 3472 1176 3535 τοὺς
1229 3469 1510 3534 Ἰουδαίους
1542 3483 1666 3535 ταῖς
1691 3473 1880 3526 Emi);-

2047 3467 2146 3529 22.
2196 3467 2539 3548 Tradidisti,
2575 3468 2788 3550 inquit,
2818 3470 3060 3534 Judaeos
3104 3473 3611 3553 concupiscentiis

230 3565 383 3640 μίαις
413 3567 520 3619 τῶν
548 3559 774 3640 καρδιῶν
807 3562 1002 3623 αὐτῶν.

903 3567 1002 3623 ὧν.
1969 3555 2236 3618 cordium
2273 3575 2504 3619 eorum.

314 3649 417 3714 23.
469 3651 570 3715 Τὰς
597 3651 778 3730 ψυχὰς
807 3651 963 3724 ἡμῶν
995 3652 1040 3706 οἱ
1061 3647 1306 3725 δαίμονες
1335 3645 1646 3726 διήρπαζον.

2046 3643 2126 3706 23
2195 3645 2444 3709 Animas
2474 3653 2703 3708 nostras
2728 3646 3033 3712 daemones
3056 3649 3458 3730 diripuerunt.

317 3741 419 3803 24.
473 3742 566 3799 Καὶ
591 3743 736 3816 ἡμᾶς
765 3739 853 3819 (2)
887 3741 987 3796 ὑπὸ
1014 3746 1120 3796 τῶν
1151 3738 1423 3817 ἁμαρτιῶν
1472 3741 1546 3802 ὡς
1576 3740 1680 3795 ὑπὸ
1710 3736 1885 3794 λύκων

1783 3759 1885 3793 κων
1952 3761 1958 3768 ·
2049 3736 2148 3799 24.
2196 3735 2264 3797 Et
2296 3755 2404 3798 nos
2433 3754 2468 3799 a
2501 3739 2754 3815 peccatis
2786 3739 2965 3801 veluti
2988 3755 3021 3802 a
3046 3739 3204 3821 lupis
3232 3747 3384 3821 rapi.

234 3832 558 3910 ἁρπάζεσθαι
569 3879 584 3892 .

317 3919 419 3982 25.
472 3920 562 3978 Καὶ
593 3922 665 3981 ὣς
710 3919 766 3976 ἑν
795 3918 1140 4000 αἰχμαλωσίᾳ
1170 3917 1497 3997 πεπραμένοι
1555 3917 1714 3994 ἔσμεν
1759 3928 1882 3980 ταῖς

2049 3919 2152 3980 25.
2195 3915 2266 3978 Ει
2293 3916 2473 3979 veluti
2495 3916 2559 3979 in
2579 3917 2976 3998 captivitatem
3002 3917 3220 3980 venditi
3241 3934 3447 3982 sumus
3475 3939 3609 4001 pec-

236 4010 532 4089 ἁμαρτίαις
559 4012 739 4085 ἠμῶν,
1714 4027 1729 4046 ο

1714 4027 1729 4046 ο
1972 4005 2118 4068 catis
2158 4005 2398 4069 nostris.

323 4100 423 4161 26.
477 4099 705 4164 Δούλους
737 4100 928 4165 εἴασας
958 4099 1098 4176 ἡμᾶς
1131 4099 1274 4156 εἶναι
1302 4102 1400 4166 τῆς
1437 4097 1694 4176 ἁμαρτίας
1727 4095 1833 4176 (3).

1616 4097 1694 4162 ίας
1727 4095 1833 4176 (3).
2055 4095 2156 4160 26.
2203 4094 2415 4158 Servos
2443 4093 2634 4160 sivisti
2674 4114 2783 4158 nos
2803 4113 2937 4159 esse
2966 4096 3214 4174 peccati.

307 4189 382 4251 27
460 4188 562 4251 Καὶ
623 4190 721 4247 οὒκ
770 4189 911 4246 ἔστιν
947 4190 974 4246 ὀ
1004 4190 1144 4266 βοῶν
1177 4189 1308 4267 πρὸς
1365 4189 1424 4244 σὲ
1474 4187 1608 4262 μετὰ
1651 4191 1908 4273 κραυγῆςι

2034 4186 2161 4274 27.
2207 4184 2279 4246 Ει
2303 4202 2424 4246 non
2454 4191 2545 4245 est
2565 4184 2828 4246 clamans
2857 4185 2931 4247 ad
2963 4193 3020 4248 te
3051 4204 3185 4248 cum
3209 4186 3469 4249 clamore
3505 4205 3609 4250 va-

226 4282 458 4359 ὶσχυρᾶς
488 4281 574 4335 καὶ
615 4277 878 4356 δακρύων,

1910 4273 1933 4274 ί
1966 4273 2087 4337 lido
2121 4283 2180 4336 et
2209 4274 2482 4357 lacrymis
2515 4274 2591 4339 0‘.

313 4368 418 4431 28.
468 4369 740 4449 Αἷσχύνην
813 4367 1091 4432 κατέλιπες
1155 4371 1294 4443 ἡμᾶς
1351 4379 1468 4430 τοῖς
1534 4366 1588 4421 ἐν
1638 4372 1714 4440 τῷ
1749 4365 1880 4421 κόσ-

2044 4363 2145 4426 28.
2199 4363 2290 4426 Ad
2324 4363 2714 4442 ignominiam
2775 4362 3071 4443 reliquisti
3124 4383 3234 4426 nos
3288 4364 3365 4426 iis
3411 4365 3516 4444 qui
3547 4365 3607 4427 in

224 4483 342 4534 im-

1964 4453 2185 4514 mundo
2229 4461 2386 4516 sunt.

308 4548 412 4610 29,
460 4545 847 4626 Καταγέλωτα,
895 4547 1066 4624 λέγει,
1100 4560 1214 4613 τοῖς
1244 4545 1512 4622 δαίμοσιν,

2043 4543 2143 4606 29.
2194 4543 2806 4624 Ludibrium,inquit,
2853 4539 3245 4604 (laamonibus.

304 4635 405 4699 30,
441 4635 628 4693 Ααλών
658 4641 758 4717 γὰρ
808 4638 863 4694 ὲν
917 4637 1256 4716 Εὗαγγελίοις
1305 4635 1358 4691 ἐν
1389 4635 1506 4697 τοῖς
1530 4635 1720 4707 ἔθνεσι,
1755 4634 1877 4697 τοὺς

2044 4632 2141 4696 30.
2194 4635 2468 4714 Loquens
2489 4635 2646 4694 enim
2673 4633 2730 4693 in
2768 4631 3098 4709 Evangeliis
3131 4631 3188 4691 in
3219 4631 3522 4711 gentibus,
3545 4633 3606 4695 in

222 4726 505 4788 Ἰουδαίους
539 4727 629 4806 (4)
661 4725 972 4806 παραϐολὴν
1006 4726 1206 4805 ἤγαγεν
1239 4729 1342 4804 οὔχ
1376 4724 1536 4804 ἆὶπαξ⁷
1572 4723 1709 4780 ἀλλὰ
1738 4721 1823 4779 πο]

2002 4722 2300 4784 arabolam
2325 4721 2562 4786 Iudaeos
2583 4721 2826 4784 adduxit
2858 4737 2975 4782 non
2997 4722 3205 4794 semel,
3225 4721 3332 4783 sed
3363 4721 3601 4804 sepius.

224 4817 409 4879 λάκις.

310 4905 413 4968 31.
467 4908 562 4964 Καὶ
599 4905 699 4973 τὴν
729 4905 908 4986 ἀρχὴν
940 4909 1040 4971 τῆς
1072 4902 1328 4978 ἐξουσίας,
1363 4903 1429 4971 ἥν
1467 4903 1630 4984 εἶχον
1659 4903 1706 4958 οἱ
1737 4900 1825 4960 ἰοι

2041 4900 2139 4963 31.
2187 4900 2258 4962 Et
2315 4900 2710 4981 principatum
2767 4899 3097 4979 potestatis,
3132 4917 3310 4976 quam
3347 4900 3603 4963 habeant

227 4996 400 5067 ὂαῒοι,
424 4997 728 5072 μετήγαγεν
758 4997 828 5057 εἷς
862 4996 927 5053 τὰ
955 4994 1102 5061 ἔθνη.

1956 4991 2172 5071 Judaei,
2206 4996 2512 5056 transtulit
2533 4992 2595 5056 in
2617 5001 2846 5073 gentes.

313 5084 413 5146 32.
462 5084 774 5148 Ἀπαυστως
799 5085 835 5152 ἦ
865 5083 1094 5163 ἁμαρτία
1126 5105 1226 5158 μου
1253 5085 1371 5158 μετ’
1405 5083 1535 5159 ἐμοῦ
1564 5082 1729 5142 ἐστιν.

2035 5083 2134 5145 32.
2185 5082 2598 5144 [ndesinenter
2630 5088 2932 5161 peccatum
2965 5101 3165 5144 meum
3215 5099 3447 5145 mecum
3481 5091 3596 5148 est.

311 5175 406 5238 33.
438 5171 540 5235 Καὶ
571 5175 606 5241 ἡ
639 5174 771 5240 αὖτὴ
801 5174 1029 5252 ἁμαρτία
1055 5178 1153 5240 τῆς
1184 5177 1367 5252 ψυχῇς
1393 5195 1494 5248 μου
1525 5173 1748 5244 σκοτίζει
1773 5193 1863 5247 με,

2034 5171 2406 5252 33.Etipsum
2422 5178 2730 5250 peccatum
2741 5173 2954 5235 animae
2967 5170 3604 5239 meaeobtenebratme.

310 5263 410 5326 34,
464 5261 599 5318 Ἀπὸ
629 5268 726 5329 τῆς
760 5260 1096 5325 διδασκαλίας
1127 5272 1220 5321 τοῦ
1249 5259 1516 5326 διαϐόλου,

1214 5291 1220 5317 .
1249 5259 1516 5326 διαϐόλου,
2034 5260 2132 5326 34.
2180 5261 2232 5324 Α
2265 5261 2537 5323 doctrina
2569 5260 2815 5325 diaboli.

307 5387 374 5439 ω
397 5389 586 5454 Hebr.
621 5409 677 5473 ν’
707 5394 769 5459 7’
1259 5477 1560 5542 Addenda
1589 5483 1654 5542 et
1681 5476 2056 5557 corrigenda
2089 5493 2166 5542 ex
2197 5478 2339 5542 cod.
2371 5477 2570 5542 Vatic.

443 5579 614 5669 ᾕῦίξᾶς
643 5580 905 5669 ἐκνεφίας,
940 5591 1059 5646 etc.

2042 5585 2135 5669 ί
2183 5586 2376 5669 Ἐάσας
2411 5634 2424 5648 .
2450 5633 2477 5669 Α.
2517 5636 2530 5669 .
2573 5633 2585 5648 .
2619 5592 2719 5657 τῆς
2752 5589 3001 5669 ἀνομίας.

309 5657 394 5738 (2)
441 5657 700 5726 ’Ἔδωκας
730 5657 901 5741 ἡμᾶς.
2178 5671 2308 5734 Τοῖς
2340 5664 2634 5733 Ἰουδαίοις.
