  <div class='ocr_page' id='page_1' title='image "/cluster/home/n/w/nwhite01/storage/ocr_20150623/27/hvd.32044054272802/429.png"; bbox 0 0 4104 6206; ppageno 0'>
   <div class='ocr_carea' id='block_1_1' title="bbox 417 353 3791 420">
    <p class='ocr_par' dir='ltr' id='par_1_1' title="bbox 417 353 3791 420">
     <span class='ocr_line' id='line_1_1' title="bbox 417 353 3791 420; baseline -0 -1"><span class='ocrx_word' id='word_1_1' title='bbox 417 353 532 419; x_wconf 86' lang='grc'>827</span> <span class='ocrx_word' id='word_1_2' title='bbox 1212 355 1273 419; x_wconf 92' lang='lat' dir='ltr'><strong>S.</strong></span> <span class='ocrx_word' id='word_1_3' title='bbox 1324 355 1744 420; x_wconf 79' lang='lat' dir='ltr'><strong>ATHANASII</strong></span> <span class='ocrx_word' id='word_1_4' title='bbox 1785 356 1952 420; x_wconf 89' lang='lat' dir='ltr'><strong>OPP.</strong></span> <span class='ocrx_word' id='word_1_5' title='bbox 1997 356 2211 419; x_wconf 78' lang='lat' dir='ltr'><strong>PARS.</strong></span> <span class='ocrx_word' id='word_1_6' title='bbox 2266 356 2372 419; x_wconf 86' lang='grc' dir='ltr'><strong>[ΙΙ.</strong></span> <span class='ocrx_word' id='word_1_7' title='bbox 2423 389 2494 400; x_wconf 86' lang='lat'><strong>-—</strong></span> <span class='ocrx_word' id='word_1_8' title='bbox 2541 355 2997 418; x_wconf 83' lang='lat' dir='ltr'><strong>EXEGETICA.</strong></span> <span class='ocrx_word' id='word_1_9' title='bbox 3675 353 3791 420; x_wconf 87' lang='grc'><strong>828</strong></span> 
     </span>
    </p>
   </div>
   <div class='ocr_carea' id='block_1_2' title="bbox 503 487 2124 568">
    <p class='ocr_par' dir='ltr' id='par_1_2' title="bbox 503 487 2113 568">
     <span class='ocr_line' id='line_1_2' title="bbox 503 487 2113 568; baseline 0.002 -17"><span class='ocrx_word' id='word_1_10' title='bbox 503 491 597 552; x_wconf 88' lang='lat'><strong>16.</strong></span> <span class='ocrx_word' id='word_1_11' title='bbox 630 488 810 568; x_wconf 81' lang='lat' dir='ltr'><strong>Virga</strong></span> <span class='ocrx_word' id='word_1_12' title='bbox 828 488 1182 554; x_wconf 80' lang='lat' dir='ltr'><strong>directionis</strong></span> <span class='ocrx_word' id='word_1_13' title='bbox 1202 488 1364 565; x_wconf 83' lang='lat' dir='ltr'><strong>virga</strong></span> <span class='ocrx_word' id='word_1_14' title='bbox 1389 489 1561 568; x_wconf 87' lang='lat' dir='ltr'><strong>regni</strong></span> <span class='ocrx_word' id='word_1_15' title='bbox 1592 487 1698 550; x_wconf 91' lang='lat' dir='ltr'><strong>tui.</strong></span> <span class='ocrx_word' id='word_1_16' title='bbox 2073 511 2113 554; x_wconf 70' lang='grc' dir='ltr'><strong>Α</strong></span> 
     </span>
    </p>
   </div>
   <div class='ocr_carea' id='block_1_3' title="bbox 2167 487 3788 568">
    <p class='ocr_par' dir='ltr' id='par_1_3' title="bbox 2220 489 3788 568">
     <span class='ocr_line' id='line_1_3' title="bbox 2220 489 3788 568; baseline -0.002 -15"><span class='ocrx_word' id='word_1_17' title='bbox 2220 491 2317 555; x_wconf 75' lang='grc'><strong>16.</strong></span> <span class='ocrx_word' id='word_1_18' title='bbox 2349 489 2566 554; x_wconf 78' lang='grc' dir='ltr'>Ῥάϐδος</span> <span class='ocrx_word' id='word_1_19' title='bbox 2599 491 2882 558; x_wconf 70' lang='grc' dir='ltr'><strong>εὐθύτητος</strong></span> <span class='ocrx_word' id='word_1_20' title='bbox 2912 493 2946 559; x_wconf 74' lang='grc' dir='ltr'><strong>ἡ</strong></span> <span class='ocrx_word' id='word_1_21' title='bbox 2992 489 3184 568; x_wconf 76' lang='grc' dir='ltr'>ῥάϐδος</span> <span class='ocrx_word' id='word_1_22' title='bbox 3229 496 3328 558; x_wconf 82' lang='grc' dir='ltr'>τῆς</span> <span class='ocrx_word' id='word_1_23' title='bbox 3359 489 3636 568; x_wconf 85' lang='grc' dir='ltr'>βασιλείας</span> <span class='ocrx_word' id='word_1_24' title='bbox 3669 513 3788 554; x_wconf 82' lang='grc' dir='ltr'>σου.</span> 
     </span>
    </p>
   </div>
   <div class='ocr_carea' id='block_1_4' title="bbox 503 577 2124 660">
    <p class='ocr_par' dir='ltr' id='par_1_4' title="bbox 503 577 1971 660">
     <span class='ocr_line' id='line_1_4' title="bbox 503 577 1971 660; baseline -0.001 -19"><span class='ocrx_word' id='word_1_25' title='bbox 503 582 598 643; x_wconf 90' lang='grc'><strong>17.</strong></span> <span class='ocrx_word' id='word_1_26' title='bbox 636 579 904 644; x_wconf 84' lang='lat' dir='ltr'><strong>Dilexisti</strong></span> <span class='ocrx_word' id='word_1_27' title='bbox 924 579 1219 659; x_wconf 72' lang='lat' dir='ltr'><strong>justitiam</strong></span> <span class='ocrx_word' id='word_1_28' title='bbox 1254 586 1313 640; x_wconf 93' lang='lat' dir='ltr'><strong>et</strong></span> <span class='ocrx_word' id='word_1_29' title='bbox 1341 578 1518 641; x_wconf 92' lang='lat' dir='ltr'><strong>odisti</strong></span> <span class='ocrx_word' id='word_1_30' title='bbox 1555 577 1924 660; x_wconf 73' lang='lat' dir='ltr'><strong>iniquitatem</strong></span> <span class='ocrx_word' id='word_1_31' title='bbox 1958 603 1971 640; x_wconf 89' lang='lat'>:</span> 
     </span>
    </p>
   </div>
   <div class='ocr_carea' id='block_1_5' title="bbox 2168 577 3789 660">
    <p class='ocr_par' dir='ltr' id='par_1_5' title="bbox 2229 578 3789 660">
     <span class='ocr_line' id='line_1_5' title="bbox 2229 578 3789 660; baseline -0.002 -19"><span class='ocrx_word' id='word_1_32' title='bbox 2229 584 2325 645; x_wconf 87' lang='grc'><strong>17.</strong></span> <span class='ocrx_word' id='word_1_33' title='bbox 2396 579 2714 660; x_wconf 80' lang='grc' dir='ltr'>Ἠγάπησας</span> <span class='ocrx_word' id='word_1_34' title='bbox 2776 578 3150 652; x_wconf 66' lang='grc' dir='ltr'>δικαιοσύνην,</span> <span class='ocrx_word' id='word_1_35' title='bbox 3208 582 3297 637; x_wconf 87' lang='grc' dir='ltr'><strong>καὶ</strong></span> <span class='ocrx_word' id='word_1_36' title='bbox 3339 581 3602 649; x_wconf 76' lang='grc' dir='ltr'><strong>ἐμίσησας</strong></span> <span class='ocrx_word' id='word_1_37' title='bbox 3656 581 3789 638; x_wconf 80' lang='grc' dir='ltr'>ἀνο-</span> 
     </span>
    </p>
   </div>
   <div class='ocr_carea' id='block_1_6' title="bbox 505 671 2126 842">
    <p class='ocr_par' dir='ltr' id='par_1_6' title="bbox 505 757 1811 838">
     <span class='ocr_line' id='line_1_6' title="bbox 505 757 1811 838; baseline -0.003 -14"><span class='ocrx_word' id='word_1_38' title='bbox 505 762 574 824; x_wconf 88' lang='grc'><strong>18</strong></span> <span class='ocrx_word' id='word_1_39' title='bbox 635 763 954 838; x_wconf 88' lang='lat' dir='ltr'><strong>Propterea</strong></span> <span class='ocrx_word' id='word_1_40' title='bbox 973 759 1139 820; x_wconf 84' lang='lat' dir='ltr'><strong>unxit</strong></span> <span class='ocrx_word' id='word_1_41' title='bbox 1168 766 1224 820; x_wconf 90' lang='lat' dir='ltr'><strong>te</strong></span> <span class='ocrx_word' id='word_1_42' title='bbox 1257 757 1438 834; x_wconf 91' lang='lat' dir='ltr'><strong>Deus,</strong></span> <span class='ocrx_word' id='word_1_43' title='bbox 1474 758 1629 821; x_wconf 84' lang='lat' dir='ltr'><strong>Deus</strong></span> <span class='ocrx_word' id='word_1_44' title='bbox 1655 767 1811 833; x_wconf 92' lang='lat' dir='ltr'><strong>tuus,</strong></span> 
     </span>
    </p>
   </div>
   <div class='ocr_carea' id='block_1_7' title="bbox 1944 671 3565 842">
    <p class='ocr_par' dir='ltr' id='par_1_7' title="bbox 2143 671 3565 842">
     <span class='ocr_line' id='line_1_7' title="bbox 2188 671 2318 729; baseline -0.015 0"><span class='ocrx_word' id='word_1_45' title='bbox 2188 671 2267 729; x_wconf 86' lang='grc' dir='ltr'><strong>ίαν</strong></span> <span class='ocrx_word' id='word_1_46' title='bbox 2305 689 2318 704; x_wconf 84' lang='grc'><em>’</em></span> 
     </span>
     <span class='ocr_line' id='line_1_8' title="bbox 2143 693 3565 842; baseline 0 -24"><span class='ocrx_word' id='word_1_47' title='bbox 2143 693 2184 747; x_wconf 70' lang='grc' dir='ltr'>μ</span> <span class='ocrx_word' id='word_1_48' title='bbox 2224 762 2324 824; x_wconf 79' lang='grc'><strong>48.</strong></span> <span class='ocrx_word' id='word_1_49' title='bbox 2363 762 2460 819; x_wconf 79' lang='grc' dir='ltr'>Διὰ</span> <span class='ocrx_word' id='word_1_50' title='bbox 2489 770 2644 818; x_wconf 81' lang='grc' dir='ltr'>τοῦτο</span> <span class='ocrx_word' id='word_1_51' title='bbox 2677 761 2861 840; x_wconf 71' lang='grc' dir='ltr'>ἔχρισε</span> <span class='ocrx_word' id='word_1_52' title='bbox 2891 783 2949 818; x_wconf 83' lang='grc' dir='ltr'><strong>σε</strong></span> <span class='ocrx_word' id='word_1_53' title='bbox 2981 764 3009 818; x_wconf 98' lang='lat'><strong>6</strong></span> <span class='ocrx_word' id='word_1_54' title='bbox 3041 762 3195 842; x_wconf 80' lang='grc' dir='ltr'>Θεὸς,</span> <span class='ocrx_word' id='word_1_55' title='bbox 3228 763 3256 817; x_wconf 92' lang='lat'><strong>6</strong></span> <span class='ocrx_word' id='word_1_56' title='bbox 3287 761 3413 823; x_wconf 86' lang='grc' dir='ltr'>Θεός</span> <span class='ocrx_word' id='word_1_57' title='bbox 3449 783 3565 836; x_wconf 80' lang='grc' dir='ltr'>σου,</span> 
     </span>
    </p>
   </div>
   <div class='ocr_carea' id='block_1_8' title="bbox 500 847 2121 932">
    <p class='ocr_par' dir='ltr' id='par_1_8' title="bbox 500 847 1725 928">
     <span class='ocr_line' id='line_1_9' title="bbox 500 847 1725 928; baseline -0.001 -16"><span class='ocrx_word' id='word_1_58' title='bbox 500 851 600 912; x_wconf 85' lang='grc'><strong>19.</strong></span> <span class='ocrx_word' id='word_1_59' title='bbox 624 848 771 912; x_wconf 89' lang='lat' dir='ltr'><strong>Oleo</strong></span> <span class='ocrx_word' id='word_1_60' title='bbox 803 847 1024 910; x_wconf 62' lang='lat' dir='ltr'><strong>lmtitiae</strong></span> <span class='ocrx_word' id='word_1_61' title='bbox 1048 866 1167 928; x_wconf 62' lang='lat' dir='ltr'><strong>prae</strong></span> <span class='ocrx_word' id='word_1_62' title='bbox 1191 847 1569 910; x_wconf 78' lang='lat' dir='ltr'><strong>consortibus</strong></span> <span class='ocrx_word' id='word_1_63' title='bbox 1589 847 1725 912; x_wconf 91' lang='lat' dir='ltr'><strong>tuis.</strong></span> 
     </span>
    </p>
   </div>
   <div class='ocr_carea' id='block_1_9' title="bbox 2173 847 3794 932">
    <p class='ocr_par' dir='ltr' id='par_1_9' title="bbox 2232 847 3794 932">
     <span class='ocr_line' id='line_1_10' title="bbox 2232 847 3794 932; baseline -0.001 -21"><span class='ocrx_word' id='word_1_64' title='bbox 2232 851 2326 916; x_wconf 85' lang='lat'><strong>19.</strong></span> <span class='ocrx_word' id='word_1_65' title='bbox 2357 849 2593 908; x_wconf 83' lang='grc' dir='ltr'>’Ἐλαιον</span> <span class='ocrx_word' id='word_1_66' title='bbox 2623 850 2995 928; x_wconf 67' lang='grc' dir='ltr'><strong>ἀγαλλιάσεως</strong></span> <span class='ocrx_word' id='word_1_67' title='bbox 3027 853 3166 932; x_wconf 75' lang='grc' dir='ltr'>παρὰ</span> <span class='ocrx_word' id='word_1_68' title='bbox 3195 853 3316 918; x_wconf 81' lang='grc' dir='ltr'>τοὺς</span> <span class='ocrx_word' id='word_1_69' title='bbox 3362 847 3635 931; x_wconf 72' lang='grc' dir='ltr'>μετόχους</span> <span class='ocrx_word' id='word_1_70' title='bbox 3669 873 3794 911; x_wconf 86' lang='grc' dir='ltr'>σου.</span> 
     </span>
    </p>
   </div>
   <div class='ocr_carea' id='block_1_10' title="bbox 494 937 2115 1022">
    <p class='ocr_par' dir='ltr' id='par_1_10' title="bbox 494 937 2064 1020">
     <span class='ocr_line' id='line_1_11' title="bbox 494 937 2064 1020; baseline 0.002 -18"><span class='ocrx_word' id='word_1_71' title='bbox 494 940 596 1004; x_wconf 72' lang='grc'><strong>20.</strong></span> <span class='ocrx_word' id='word_1_72' title='bbox 633 937 888 1020; x_wconf 81' lang='lat' dir='ltr'><strong>Myrrha,</strong></span> <span class='ocrx_word' id='word_1_73' title='bbox 947 946 1005 999; x_wconf 91' lang='lat' dir='ltr'><strong>et</strong></span> <span class='ocrx_word' id='word_1_74' title='bbox 1045 944 1230 1016; x_wconf 84' lang='lat' dir='ltr'><strong>gutta,</strong></span> <span class='ocrx_word' id='word_1_75' title='bbox 1286 944 1343 999; x_wconf 89' lang='lat' dir='ltr'><strong>et</strong></span> <span class='ocrx_word' id='word_1_76' title='bbox 1400 937 1559 1000; x_wconf 87' lang='lat' dir='ltr'><strong>casia</strong></span> <span class='ocrx_word' id='word_1_77' title='bbox 1609 957 1644 1001; x_wconf 92' lang='lat' dir='ltr'><strong>a</strong></span> <span class='ocrx_word' id='word_1_78' title='bbox 1693 941 2064 1005; x_wconf 76' lang='lat' dir='ltr'><strong>vestimentis</strong></span> 
     </span>
    </p>
   </div>
   <div class='ocr_carea' id='block_1_11' title="bbox 2175 937 3796 1022">
    <p class='ocr_par' dir='ltr' id='par_1_11' title="bbox 2226 940 3796 1022">
     <span class='ocr_line' id='line_1_12' title="bbox 2226 940 3796 1022; baseline -0.003 -20"><span class='ocrx_word' id='word_1_79' title='bbox 2226 940 2328 1007; x_wconf 60' lang='lat'><strong>90.</strong></span> <span class='ocrx_word' id='word_1_80' title='bbox 2361 941 2600 1020; x_wconf 83' lang='grc' dir='ltr'>Σμύρνα,</span> <span class='ocrx_word' id='word_1_81' title='bbox 2636 942 2723 998; x_wconf 81' lang='grc' dir='ltr'>καὶ</span> <span class='ocrx_word' id='word_1_82' title='bbox 2757 945 2985 1022; x_wconf 74' lang='grc' dir='ltr'>στακτὴ,</span> <span class='ocrx_word' id='word_1_83' title='bbox 3019 945 3109 998; x_wconf 84' lang='grc' dir='ltr'><strong>καὶ</strong></span> <span class='ocrx_word' id='word_1_84' title='bbox 3151 942 3309 999; x_wconf 88' lang='grc' dir='ltr'>κασία</span> <span class='ocrx_word' id='word_1_85' title='bbox 3341 941 3448 998; x_wconf 76' lang='grc' dir='ltr'>ἀπὸ</span> <span class='ocrx_word' id='word_1_86' title='bbox 3509 948 3616 998; x_wconf 81' lang='grc' dir='ltr'><strong>τῶν</strong></span> <span class='ocrx_word' id='word_1_87' title='bbox 3660 943 3796 1018; x_wconf 80' lang='grc' dir='ltr'>ἱμα-</span> 
     </span>
    </p>
   </div>
   <div class='ocr_carea' id='block_1_12' title="bbox 413 1031 2034 1104">
    <p class='ocr_par' dir='ltr' id='par_1_12' title="bbox 413 1031 554 1104">
     <span class='ocr_line' id='line_1_13' title="bbox 413 1031 554 1104; baseline 0 -12"><span class='ocrx_word' id='word_1_88' title='bbox 413 1031 554 1104; x_wconf 88' lang='lat' dir='ltr'><strong>tuis,</strong></span> 
     </span>
    </p>
   </div>
   <div class='ocr_carea' id='block_1_13' title="bbox 795 1031 2416 1104">
    <p class='ocr_par' dir='ltr' id='par_1_13' title="bbox 2146 1035 2416 1104">
     <span class='ocr_line' id='line_1_14' title="bbox 2146 1035 2416 1104; baseline -0.011 -14"><span class='ocrx_word' id='word_1_89' title='bbox 2146 1035 2272 1090; x_wconf 87' lang='grc' dir='ltr'>τίων</span> <span class='ocrx_word' id='word_1_90' title='bbox 2300 1053 2416 1104; x_wconf 83' lang='grc' dir='ltr'><strong>σου⁹</strong></span> 
     </span>
    </p>
   </div>
   <div class='ocr_carea' id='block_1_14' title="bbox 496 1115 2117 1203">
    <p class='ocr_par' dir='ltr' id='par_1_14' title="bbox 496 1115 2061 1200">
     <span class='ocr_line' id='line_1_15' title="bbox 496 1115 2061 1200; baseline 0.002 -19"><span class='ocrx_word' id='word_1_91' title='bbox 496 1121 597 1184; x_wconf 78' lang='lat'><strong>21.</strong></span> <span class='ocrx_word' id='word_1_92' title='bbox 632 1121 686 1182; x_wconf 85' lang='grc' dir='ltr'><strong>Α</strong></span> <span class='ocrx_word' id='word_1_93' title='bbox 716 1117 1000 1180; x_wconf 86' lang='lat' dir='ltr'><strong>dominus</strong></span> <span class='ocrx_word' id='word_1_94' title='bbox 1031 1115 1341 1193; x_wconf 80' lang='lat' dir='ltr'><strong>eburneis,</strong></span> <span class='ocrx_word' id='word_1_95' title='bbox 1377 1137 1448 1180; x_wconf 82' lang='lat' dir='ltr'><strong>ex</strong></span> <span class='ocrx_word' id='word_1_96' title='bbox 1483 1117 1700 1200; x_wconf 88' lang='lat' dir='ltr'><strong>quibus</strong></span> <span class='ocrx_word' id='word_1_97' title='bbox 1723 1119 2061 1184; x_wconf 83' lang='lat' dir='ltr'><strong>delectave-</strong></span> 
     </span>
    </p>
   </div>
   <div class='ocr_carea' id='block_1_15' title="bbox 2096 1115 3717 1203">
    <p class='ocr_par' dir='ltr' id='par_1_15' title="bbox 2227 1120 3717 1203">
     <span class='ocr_line' id='line_1_16' title="bbox 2227 1120 3717 1203; baseline -0.003 -20"><span class='ocrx_word' id='word_1_98' title='bbox 2227 1121 2327 1184; x_wconf 69' lang='grc'>21.</span> <span class='ocrx_word' id='word_1_99' title='bbox 2363 1120 2500 1178; x_wconf 76' lang='grc' dir='ltr'>Ἀπὸ</span> <span class='ocrx_word' id='word_1_100' title='bbox 2529 1122 2735 1201; x_wconf 80' lang='grc' dir='ltr'>βάρεων</span> <span class='ocrx_word' id='word_1_101' title='bbox 2766 1121 3143 1200; x_wconf 74' lang='grc' dir='ltr'>ἰλεφαντίνων,</span> <span class='ocrx_word' id='word_1_102' title='bbox 3178 1121 3229 1188; x_wconf 80' lang='grc' dir='ltr'><strong>ἐξ</strong></span> <span class='ocrx_word' id='word_1_103' title='bbox 3257 1125 3332 1178; x_wconf 83' lang='grc' dir='ltr'>ὧν</span> <span class='ocrx_word' id='word_1_104' title='bbox 3367 1120 3627 1203; x_wconf 72' lang='grc' dir='ltr'>εὔφρανάν</span> <span class='ocrx_word' id='word_1_105' title='bbox 3655 1143 3717 1179; x_wconf 82' lang='grc' dir='ltr'><strong>σε</strong></span> 
     </span>
    </p>
   </div>
   <div class='ocr_carea' id='block_1_16' title="bbox 415 1218 644 1272">
    <p class='ocr_par' dir='ltr' id='par_1_16' title="bbox 415 1218 644 1272">
     <span class='ocr_line' id='line_1_17' title="bbox 415 1218 644 1272; baseline -0.009 0"><span class='ocrx_word' id='word_1_106' title='bbox 415 1218 552 1272; x_wconf 92' lang='lat' dir='ltr'><strong>runt</strong></span> <span class='ocrx_word' id='word_1_107' title='bbox 581 1218 644 1271; x_wconf 89' lang='lat' dir='ltr'><strong>te</strong></span> 
     </span>
    </p>
   </div>
   <div class='ocr_carea' id='block_1_17' title="bbox 495 1295 2116 1382">
    <p class='ocr_par' dir='ltr' id='par_1_17' title="bbox 495 1295 1577 1375">
     <span class='ocr_line' id='line_1_18' title="bbox 495 1295 1577 1375; baseline -0.006 -11"><span class='ocrx_word' id='word_1_108' title='bbox 495 1299 596 1364; x_wconf 84' lang='grc'><strong>22.</strong></span> <span class='ocrx_word' id='word_1_109' title='bbox 639 1297 799 1362; x_wconf 60' lang='lat' dir='ltr'><strong>Filia;</strong></span> <span class='ocrx_word' id='word_1_110' title='bbox 821 1315 1030 1375; x_wconf 84' lang='lat' dir='ltr'><strong>regum</strong></span> <span class='ocrx_word' id='word_1_111' title='bbox 1065 1295 1123 1357; x_wconf 94' lang='lat' dir='ltr'><strong>in</strong></span> <span class='ocrx_word' id='word_1_112' title='bbox 1157 1295 1384 1358; x_wconf 89' lang='lat' dir='ltr'><strong>honore</strong></span> <span class='ocrx_word' id='word_1_113' title='bbox 1418 1305 1514 1359; x_wconf 95' lang='lat' dir='ltr'><strong>tuo</strong></span> <span class='ocrx_word' id='word_1_114' title='bbox 1563 1318 1577 1358; x_wconf 91' lang='lat'><strong>:</strong></span> 
     </span>
    </p>
   </div>
   <div class='ocr_carea' id='block_1_18' title="bbox 1844 1295 3465 1382">
    <p class='ocr_par' dir='ltr' id='par_1_18' title="bbox 2225 1301 3465 1382">
     <span class='ocr_line' id='line_1_19' title="bbox 2225 1301 3465 1382; baseline -0.001 -19"><span class='ocrx_word' id='word_1_115' title='bbox 2225 1301 2328 1363; x_wconf 59' lang='lat'><strong>9‘2.</strong></span> <span class='ocrx_word' id='word_1_116' title='bbox 2364 1305 2657 1382; x_wconf 79' lang='grc' dir='ltr'><strong>Θυγατέρες</strong></span> <span class='ocrx_word' id='word_1_117' title='bbox 2689 1303 2950 1382; x_wconf 78' lang='grc' dir='ltr'>βασιλέων</span> <span class='ocrx_word' id='word_1_118' title='bbox 2980 1304 3034 1362; x_wconf 73' lang='grc' dir='ltr'>ἐν</span> <span class='ocrx_word' id='word_1_119' title='bbox 3064 1311 3130 1381; x_wconf 75' lang='grc' dir='ltr'>τῇ</span> <span class='ocrx_word' id='word_1_120' title='bbox 3161 1311 3294 1381; x_wconf 78' lang='grc' dir='ltr'>τιμῇ</span> <span class='ocrx_word' id='word_1_121' title='bbox 3326 1327 3420 1362; x_wconf 91' lang='grc' dir='ltr'><strong>σου</strong></span> <span class='ocrx_word' id='word_1_122' title='bbox 3452 1325 3465 1338; x_wconf 87' lang='grc'><strong><em>⁸</em></strong></span> 
     </span>
    </p>
   </div>
   <div class='ocr_carea' id='block_1_19' title="bbox 498 1384 2119 1471">
    <p class='ocr_par' dir='ltr' id='par_1_19' title="bbox 498 1384 1553 1465">
     <span class='ocr_line' id='line_1_20' title="bbox 498 1384 1553 1465; baseline -0.007 -10"><span class='ocrx_word' id='word_1_123' title='bbox 498 1392 596 1455; x_wconf 75' lang='grc'><strong>23.</strong></span> <span class='ocrx_word' id='word_1_124' title='bbox 622 1388 825 1452; x_wconf 86' lang='lat' dir='ltr'><strong>Astitit</strong></span> <span class='ocrx_word' id='word_1_125' title='bbox 859 1385 1064 1465; x_wconf 83' lang='lat' dir='ltr'><strong>regina</strong></span> <span class='ocrx_word' id='word_1_126' title='bbox 1095 1404 1128 1446; x_wconf 91' lang='lat' dir='ltr'><strong>a</strong></span> <span class='ocrx_word' id='word_1_127' title='bbox 1157 1384 1381 1447; x_wconf 86' lang='lat' dir='ltr'><strong>dextris</strong></span> <span class='ocrx_word' id='word_1_128' title='bbox 1417 1387 1553 1463; x_wconf 82' lang='lat' dir='ltr'><strong>tuis,</strong></span> 
     </span>
    </p>
   </div>
   <div class='ocr_carea' id='block_1_20' title="bbox 1831 1384 3452 1471">
    <p class='ocr_par' dir='ltr' id='par_1_20' title="bbox 2227 1391 3452 1471">
     <span class='ocr_line' id='line_1_21' title="bbox 2227 1391 3452 1471; baseline -0.003 -18"><span class='ocrx_word' id='word_1_129' title='bbox 2227 1391 2329 1454; x_wconf 64' lang='lat'><strong>93.</strong></span> <span class='ocrx_word' id='word_1_130' title='bbox 2363 1393 2608 1471; x_wconf 82' lang='grc' dir='ltr'>Παρέστη</span> <span class='ocrx_word' id='word_1_131' title='bbox 2639 1397 2673 1462; x_wconf 82' lang='grc' dir='ltr'><strong>ἡ</strong></span> <span class='ocrx_word' id='word_1_132' title='bbox 2704 1394 2988 1470; x_wconf 73' lang='grc' dir='ltr'><strong>βασίλισσα</strong></span> <span class='ocrx_word' id='word_1_133' title='bbox 3020 1395 3079 1451; x_wconf 76' lang='grc' dir='ltr'>ἐκ</span> <span class='ocrx_word' id='word_1_134' title='bbox 3124 1393 3304 1460; x_wconf 80' lang='grc' dir='ltr'>δεξιῶν</span> <span class='ocrx_word' id='word_1_135' title='bbox 3337 1415 3452 1469; x_wconf 88' lang='grc' dir='ltr'>σου,</span> 
     </span>
    </p>
   </div>
   <div class='ocr_carea' id='block_1_21' title="bbox 499 1477 2120 1565">
    <p class='ocr_par' dir='ltr' id='par_1_21' title="bbox 499 1477 2058 1546">
     <span class='ocr_line' id='line_1_22' title="bbox 499 1477 2058 1546; baseline -0.002 -2"><span class='ocrx_word' id='word_1_136' title='bbox 499 1482 600 1546; x_wconf 73' lang='grc'>24.</span> <span class='ocrx_word' id='word_1_137' title='bbox 637 1483 703 1544; x_wconf 92' lang='lat' dir='ltr'><strong>In</strong></span> <span class='ocrx_word' id='word_1_138' title='bbox 757 1478 967 1540; x_wconf 89' lang='lat' dir='ltr'><strong>vestitu</strong></span> <span class='ocrx_word' id='word_1_139' title='bbox 1012 1477 1293 1539; x_wconf 88' lang='lat' dir='ltr'><strong>deaurato</strong></span> <span class='ocrx_word' id='word_1_140' title='bbox 1355 1477 1719 1540; x_wconf 90' lang='lat' dir='ltr'><strong>circumdata</strong></span> <span class='ocrx_word' id='word_1_141' title='bbox 1750 1479 2058 1542; x_wconf 87' lang='lat' dir='ltr'><strong>varietate.</strong></span> 
     </span>
    </p>
   </div>
   <div class='ocr_carea' id='block_1_22' title="bbox 2176 1477 3797 1565">
    <p class='ocr_par' dir='ltr' id='par_1_22' title="bbox 2223 1479 3797 1565">
     <span class='ocr_line' id='line_1_23' title="bbox 2223 1479 3797 1565; baseline -0.001 -23"><span class='ocrx_word' id='word_1_142' title='bbox 2223 1479 2325 1543; x_wconf 72' lang='grc'>24.</span> <span class='ocrx_word' id='word_1_143' title='bbox 2372 1481 2464 1541; x_wconf 86' lang='grc' dir='ltr'>Ἐν</span> <span class='ocrx_word' id='word_1_144' title='bbox 2505 1485 2778 1559; x_wconf 75' lang='grc' dir='ltr'>ἱματισμῷ</span> <span class='ocrx_word' id='word_1_145' title='bbox 2848 1484 3121 1565; x_wconf 54' lang='grc' dir='ltr'>διαερύσῳ</span> <span class='ocrx_word' id='word_1_146' title='bbox 3176 1481 3646 1562; x_wconf 73' lang='grc' dir='ltr'>περιϐεϐλημένη,</span> <span class='ocrx_word' id='word_1_147' title='bbox 3690 1505 3797 1540; x_wconf 81' lang='grc' dir='ltr'>πε·</span> 
     </span>
    </p>
   </div>
   <div class='ocr_carea' id='block_1_23' title="bbox 2145 1572 2496 1648">
    <p class='ocr_par' dir='ltr' id='par_1_23' title="bbox 2145 1572 2496 1648">
     <span class='ocr_line' id='line_1_24' title="bbox 2145 1572 2496 1648; baseline -0.009 -18"><span class='ocrx_word' id='word_1_148' title='bbox 2145 1572 2496 1648; x_wconf 78' lang='grc' dir='ltr'>ποικιλμένη,</span> 
     </span>
    </p>
   </div>
   <div class='ocr_carea' id='block_1_24' title="bbox 501 1655 2122 1743">
    <p class='ocr_par' dir='ltr' id='par_1_24' title="bbox 501 1655 2057 1737">
     <span class='ocr_line' id='line_1_25' title="bbox 501 1655 2057 1737; baseline -0.002 -12"><span class='ocrx_word' id='word_1_149' title='bbox 501 1662 603 1725; x_wconf 69' lang='grc'>25.</span> <span class='ocrx_word' id='word_1_150' title='bbox 633 1659 812 1737; x_wconf 81' lang='lat' dir='ltr'><strong>Audi,</strong></span> <span class='ocrx_word' id='word_1_151' title='bbox 850 1658 989 1732; x_wconf 85' lang='lat' dir='ltr'><strong>tilia,</strong></span> <span class='ocrx_word' id='word_1_152' title='bbox 1020 1665 1080 1718; x_wconf 93' lang='lat' dir='ltr'><strong>et</strong></span> <span class='ocrx_word' id='word_1_153' title='bbox 1109 1655 1267 1731; x_wconf 90' lang='lat' dir='ltr'><strong>vide,</strong></span> <span class='ocrx_word' id='word_1_154' title='bbox 1305 1664 1362 1717; x_wconf 89' lang='lat' dir='ltr'><strong>et</strong></span> <span class='ocrx_word' id='word_1_155' title='bbox 1390 1655 1610 1718; x_wconf 87' lang='lat' dir='ltr'><strong>inclina</strong></span> <span class='ocrx_word' id='word_1_156' title='bbox 1635 1675 1840 1720; x_wconf 89' lang='lat' dir='ltr'><strong>aurem</strong></span> <span class='ocrx_word' id='word_1_157' title='bbox 1875 1674 2057 1723; x_wconf 86' lang='lat' dir='ltr'><strong>tuam:</strong></span> 
     </span>
    </p>
   </div>
   <div class='ocr_carea' id='block_1_25' title="bbox 2177 1655 3798 1743">
    <p class='ocr_par' dir='ltr' id='par_1_25' title="bbox 2225 1661 3798 1743">
     <span class='ocr_line' id='line_1_26' title="bbox 2225 1661 3798 1743; baseline -0.001 -22"><span class='ocrx_word' id='word_1_158' title='bbox 2225 1661 2327 1726; x_wconf 75' lang='grc'>25.</span> <span class='ocrx_word' id='word_1_159' title='bbox 2363 1661 2665 1734; x_wconf 82' lang='grc' dir='ltr'>”Ακουσον,</span> <span class='ocrx_word' id='word_1_160' title='bbox 2697 1666 2946 1743; x_wconf 83' lang='grc' dir='ltr'>θύγατερ,</span> <span class='ocrx_word' id='word_1_161' title='bbox 2981 1665 3070 1721; x_wconf 84' lang='grc' dir='ltr'><strong>καὶ</strong></span> <span class='ocrx_word' id='word_1_162' title='bbox 3099 1661 3205 1743; x_wconf 82' lang='grc' dir='ltr'>ἴδε,</span> <span class='ocrx_word' id='word_1_163' title='bbox 3239 1666 3327 1721; x_wconf 87' lang='grc' dir='ltr'><strong>καὶ</strong></span> <span class='ocrx_word' id='word_1_164' title='bbox 3383 1663 3571 1721; x_wconf 76' lang='grc' dir='ltr'>κλῖνον</span> <span class='ocrx_word' id='word_1_165' title='bbox 3603 1666 3664 1720; x_wconf 77' lang='grc' dir='ltr'><strong>τὸ</strong></span> <span class='ocrx_word' id='word_1_166' title='bbox 3709 1664 3798 1730; x_wconf 74' lang='grc' dir='ltr'>οὖς</span> 
     </span>
    </p>
   </div>
   <div class='ocr_carea' id='block_1_26' title="bbox 2149 1775 2272 1810">
    <p class='ocr_par' dir='ltr' id='par_1_26' title="bbox 2149 1775 2272 1810">
     <span class='ocr_line' id='line_1_27' title="bbox 2149 1775 2272 1810; baseline 0.016 -2"><span class='ocrx_word' id='word_1_167' title='bbox 2149 1775 2243 1810; x_wconf 89' lang='grc' dir='ltr'><strong>σου</strong></span> <span class='ocrx_word' id='word_1_168' title='bbox 2261 1800 2272 1810; x_wconf 91' lang='grc'>.</span> 
     </span>
    </p>
   </div>
   <div class='ocr_carea' id='block_1_27' title="bbox 503 1834 2124 1916">
    <p class='ocr_par' dir='ltr' id='par_1_27' title="bbox 503 1834 2064 1916">
     <span class='ocr_line' id='line_1_28' title="bbox 503 1834 2064 1916; baseline 0 -15"><span class='ocrx_word' id='word_1_169' title='bbox 503 1841 602 1901; x_wconf 72' lang='grc'><strong>26.</strong></span> <span class='ocrx_word' id='word_1_170' title='bbox 636 1839 709 1901; x_wconf 90' lang='lat' dir='ltr'><strong>Et</strong></span> <span class='ocrx_word' id='word_1_171' title='bbox 763 1837 1112 1900; x_wconf 80' lang='lat' dir='ltr'><strong>(bliviscere</strong></span> <span class='ocrx_word' id='word_1_172' title='bbox 1149 1834 1429 1916; x_wconf 87' lang='lat' dir='ltr'><strong>populum</strong></span> <span class='ocrx_word' id='word_1_173' title='bbox 1490 1845 1653 1898; x_wconf 91' lang='lat' dir='ltr'><strong>tuum</strong></span> <span class='ocrx_word' id='word_1_174' title='bbox 1706 1840 1766 1899; x_wconf 88' lang='lat' dir='ltr'><strong>et</strong></span> <span class='ocrx_word' id='word_1_175' title='bbox 1821 1837 2064 1901; x_wconf 87' lang='lat' dir='ltr'><strong>domum</strong></span> 
     </span>
    </p>
   </div>
   <div class='ocr_carea' id='block_1_28' title="bbox 2174 1834 3795 1916">
    <p class='ocr_par' dir='ltr' id='par_1_28' title="bbox 2228 1841 3795 1905">
     <span class='ocr_line' id='line_1_29' title="bbox 2228 1841 3795 1905; baseline -0.004 0"><span class='ocrx_word' id='word_1_176' title='bbox 2228 1841 2327 1905; x_wconf 73' lang='lat'><strong>26.</strong></span> <span class='ocrx_word' id='word_1_177' title='bbox 2366 1845 2461 1902; x_wconf 82' lang='grc' dir='ltr'><strong>Καὶ</strong></span> <span class='ocrx_word' id='word_1_178' title='bbox 2507 1844 2754 1900; x_wconf 63' lang='grc' dir='ltr'>ἐπιλάθου</span> <span class='ocrx_word' id='word_1_179' title='bbox 2811 1851 2902 1902; x_wconf 82' lang='grc' dir='ltr'>τοῦ</span> <span class='ocrx_word' id='word_1_180' title='bbox 2953 1843 3084 1900; x_wconf 77' lang='grc' dir='ltr'>λαοῦ</span> <span class='ocrx_word' id='word_1_181' title='bbox 3134 1867 3226 1902; x_wconf 86' lang='grc' dir='ltr'><strong>σου</strong></span> <span class='ocrx_word' id='word_1_182' title='bbox 3270 1847 3481 1904; x_wconf 77' lang='grc' dir='ltr'>καὶτοῦ</span> <span class='ocrx_word' id='word_1_183' title='bbox 3510 1844 3667 1900; x_wconf 68' lang='grc' dir='ltr'>οἴκου</span> <span class='ocrx_word' id='word_1_184' title='bbox 3697 1845 3795 1901; x_wconf 77' lang='grc' dir='ltr'>τοῦ</span> 
     </span>
    </p>
   </div>
   <div class='ocr_carea' id='block_1_29' title="bbox 424 1929 2045 2013">
    <p class='ocr_par' dir='ltr' id='par_1_29' title="bbox 424 1929 743 2013">
     <span class='ocr_line' id='line_1_30' title="bbox 424 1929 743 2013; baseline -0.006 -20"><span class='ocrx_word' id='word_1_185' title='bbox 424 1931 606 2013; x_wconf 84' lang='lat' dir='ltr'><strong>patris</strong></span> <span class='ocrx_word' id='word_1_186' title='bbox 639 1929 743 1991; x_wconf 89' lang='lat' dir='ltr'><strong>tui.</strong></span> 
     </span>
    </p>
   </div>
   <div class='ocr_carea' id='block_1_30' title="bbox 880 1929 2501 2013">
    <p class='ocr_par' dir='ltr' id='par_1_30' title="bbox 2093 1933 2501 2008">
     <span class='ocr_line' id='line_1_31' title="bbox 2093 1933 2501 2008; baseline -0.015 -12"><span class='ocrx_word' id='word_1_187' title='bbox 2093 1947 2127 1996; x_wconf 88' lang='grc' dir='ltr'><strong>Β</strong></span> <span class='ocrx_word' id='word_1_188' title='bbox 2151 1933 2351 2008; x_wconf 73' lang='grc' dir='ltr'>πατρός</span> <span class='ocrx_word' id='word_1_189' title='bbox 2385 1956 2479 1990; x_wconf 79' lang='grc' dir='ltr'><strong>σου</strong></span> <span class='ocrx_word' id='word_1_190' title='bbox 2491 1983 2501 1996; x_wconf 91' lang='grc'><strong>,</strong></span> 
     </span>
    </p>
   </div>
   <div class='ocr_carea' id='block_1_31' title="bbox 500 2014 2121 2099">
    <p class='ocr_par' dir='ltr' id='par_1_31' title="bbox 500 2014 1803 2098">
     <span class='ocr_line' id='line_1_32' title="bbox 500 2014 1803 2098; baseline -0.005 -16"><span class='ocrx_word' id='word_1_191' title='bbox 500 2022 600 2082; x_wconf 70' lang='grc'>2⁸7.</span> <span class='ocrx_word' id='word_1_192' title='bbox 638 2020 710 2081; x_wconf 80' lang='lat' dir='ltr'><strong>Et</strong></span> <span class='ocrx_word' id='word_1_193' title='bbox 737 2017 1124 2098; x_wconf 79' lang='lat' dir='ltr'><strong>concupiscet</strong></span> <span class='ocrx_word' id='word_1_194' title='bbox 1157 2033 1258 2076; x_wconf 87' lang='lat' dir='ltr'><strong>rex</strong></span> <span class='ocrx_word' id='word_1_195' title='bbox 1290 2014 1566 2076; x_wconf 87' lang='lat' dir='ltr'><strong>decorem</strong></span> <span class='ocrx_word' id='word_1_196' title='bbox 1599 2024 1758 2076; x_wconf 92' lang='lat' dir='ltr'><strong>tuum</strong></span> <span class='ocrx_word' id='word_1_197' title='bbox 1790 2038 1803 2077; x_wconf 92' lang='lat'><strong>:</strong></span> 
     </span>
    </p>
   </div>
   <div class='ocr_carea' id='block_1_32' title="bbox 2068 2014 3689 2099">
    <p class='ocr_par' dir='ltr' id='par_1_32' title="bbox 2227 2022 3689 2099">
     <span class='ocr_line' id='line_1_33' title="bbox 2227 2022 3689 2099; baseline 0.001 -20"><span class='ocrx_word' id='word_1_198' title='bbox 2227 2022 2327 2084; x_wconf 64' lang='lat' dir='ltr'><strong>Q7.</strong></span> <span class='ocrx_word' id='word_1_199' title='bbox 2363 2025 2466 2086; x_wconf 83' lang='grc' dir='ltr'>Καὶ</span> <span class='ocrx_word' id='word_1_200' title='bbox 2499 2023 2811 2099; x_wconf 79' lang='grc' dir='ltr'>ἐπιθυμήσει</span> <span class='ocrx_word' id='word_1_201' title='bbox 2845 2027 2870 2080; x_wconf 82' lang='grc' dir='ltr'>ὂ</span> <span class='ocrx_word' id='word_1_202' title='bbox 2902 2023 3148 2099; x_wconf 81' lang='grc' dir='ltr'>βασιλεὺς</span> <span class='ocrx_word' id='word_1_203' title='bbox 3183 2033 3271 2082; x_wconf 76' lang='grc' dir='ltr'>τοῦ</span> <span class='ocrx_word' id='word_1_204' title='bbox 3300 2022 3531 2087; x_wconf 75' lang='grc' dir='ltr'>κάλλους</span> <span class='ocrx_word' id='word_1_205' title='bbox 3567 2044 3689 2081; x_wconf 85' lang='grc' dir='ltr'>σου·</span> 
     </span>
    </p>
   </div>
   <div class='ocr_carea' id='block_1_33' title="bbox 501 2103 2122 2192">
    <p class='ocr_par' dir='ltr' id='par_1_33' title="bbox 501 2103 2059 2185">
     <span class='ocr_line' id='line_1_34' title="bbox 501 2103 2059 2185; baseline -0.004 -11"><span class='ocrx_word' id='word_1_206' title='bbox 501 2112 601 2174; x_wconf 70' lang='grc'>28.</span> <span class='ocrx_word' id='word_1_207' title='bbox 636 2108 928 2182; x_wconf 85' lang='lat' dir='ltr'><strong>Quoniam</strong></span> <span class='ocrx_word' id='word_1_208' title='bbox 966 2107 1095 2184; x_wconf 86' lang='lat' dir='ltr'><strong>ipse</strong></span> <span class='ocrx_word' id='word_1_209' title='bbox 1115 2113 1208 2166; x_wconf 91' lang='lat' dir='ltr'><strong>est</strong></span> <span class='ocrx_word' id='word_1_210' title='bbox 1237 2103 1526 2165; x_wconf 91' lang='lat' dir='ltr'><strong>Dominus</strong></span> <span class='ocrx_word' id='word_1_211' title='bbox 1559 2114 1716 2185; x_wconf 84' lang='lat' dir='ltr'><strong>tuus,</strong></span> <span class='ocrx_word' id='word_1_212' title='bbox 1755 2116 1811 2167; x_wconf 90' lang='lat' dir='ltr'><strong>et</strong></span> <span class='ocrx_word' id='word_1_213' title='bbox 1840 2106 2059 2168; x_wconf 89' lang='lat' dir='ltr'><strong>adora-</strong></span> 
     </span>
    </p>
   </div>
   <div class='ocr_carea' id='block_1_34' title="bbox 2168 2103 3789 2192">
    <p class='ocr_par' dir='ltr' id='par_1_34' title="bbox 2227 2111 3789 2192">
     <span class='ocr_line' id='line_1_35' title="bbox 2227 2111 3789 2192; baseline -0.001 -21"><span class='ocrx_word' id='word_1_214' title='bbox 2227 2111 2327 2175; x_wconf 73' lang='lat'><strong>98.</strong></span> <span class='ocrx_word' id='word_1_215' title='bbox 2360 2111 2497 2171; x_wconf 87' lang='grc' dir='ltr'>”Οτι</span> <span class='ocrx_word' id='word_1_216' title='bbox 2528 2115 2685 2178; x_wconf 67' lang='grc' dir='ltr'>αὐτός</span> <span class='ocrx_word' id='word_1_217' title='bbox 2717 2116 2828 2171; x_wconf 85' lang='grc' dir='ltr'>ἐστι</span> <span class='ocrx_word' id='word_1_218' title='bbox 2880 2114 3074 2192; x_wconf 83' lang='grc' dir='ltr'>Κύριός</span> <span class='ocrx_word' id='word_1_219' title='bbox 3119 2135 3235 2187; x_wconf 80' lang='grc' dir='ltr'>σου,</span> <span class='ocrx_word' id='word_1_220' title='bbox 3271 2115 3359 2170; x_wconf 80' lang='grc' dir='ltr'><strong>καὶ</strong></span> <span class='ocrx_word' id='word_1_221' title='bbox 3393 2115 3789 2192; x_wconf 68' lang='grc' dir='ltr'>προσκυνήσεις</span> 
     </span>
    </p>
   </div>
   <div class='ocr_carea' id='block_1_35' title="bbox 428 2199 2049 2272">
    <p class='ocr_par' dir='ltr' id='par_1_35' title="bbox 428 2203 706 2264">
     <span class='ocr_line' id='line_1_36' title="bbox 428 2203 706 2264; baseline -0.029 0"><span class='ocrx_word' id='word_1_222' title='bbox 428 2203 519 2264; x_wconf 89' lang='lat' dir='ltr'><strong>bis</strong></span> <span class='ocrx_word' id='word_1_223' title='bbox 549 2217 706 2262; x_wconf 90' lang='lat' dir='ltr'><strong>eum.</strong></span> 
     </span>
    </p>
   </div>
   <div class='ocr_carea' id='block_1_36' title="bbox 695 2199 2316 2272">
    <p class='ocr_par' dir='ltr' id='par_1_36' title="bbox 698 2199 2316 2272">
     <span class='ocr_line' id='line_1_37' title="bbox 698 2199 2316 2272; baseline -0.001 -16"><span class='ocrx_word' id='word_1_224' title='bbox 698 2246 706 2256; x_wconf 93' lang='lat'><strong>.</strong></span> <span class='ocrx_word' id='word_1_225' title='bbox 2151 2199 2316 2272; x_wconf 68' lang='grc' dir='ltr'>αὖτῷ,</span> 
     </span>
    </p>
   </div>
   <div class='ocr_carea' id='block_1_37' title="bbox 508 2283 2129 2372">
    <p class='ocr_par' dir='ltr' id='par_1_37' title="bbox 508 2283 1506 2366">
     <span class='ocr_line' id='line_1_38' title="bbox 508 2283 1506 2366; baseline -0.008 -15"><span class='ocrx_word' id='word_1_226' title='bbox 508 2289 609 2354; x_wconf 72' lang='grc'><strong>29,</strong></span> <span class='ocrx_word' id='word_1_227' title='bbox 644 2290 718 2352; x_wconf 87' lang='lat' dir='ltr'><strong>Et</strong></span> <span class='ocrx_word' id='word_1_228' title='bbox 750 2287 870 2350; x_wconf 78' lang='lat' dir='ltr'><strong>tilia</strong></span> <span class='ocrx_word' id='word_1_229' title='bbox 901 2285 1035 2366; x_wconf 81' lang='lat' dir='ltr'><strong>Tyri</strong></span> <span class='ocrx_word' id='word_1_230' title='bbox 1067 2291 1125 2345; x_wconf 86' lang='lat' dir='ltr'><strong>in</strong></span> <span class='ocrx_word' id='word_1_231' title='bbox 1158 2283 1506 2345; x_wconf 88' lang='lat' dir='ltr'><strong>muneribus</strong></span> 
     </span>
    </p>
   </div>
   <div class='ocr_carea' id='block_1_38' title="bbox 1740 2283 3361 2372">
    <p class='ocr_par' dir='ltr' id='par_1_38' title="bbox 2235 2289 3361 2372">
     <span class='ocr_line' id='line_1_39' title="bbox 2235 2289 3361 2372; baseline 0.004 -24"><span class='ocrx_word' id='word_1_232' title='bbox 2235 2289 2332 2354; x_wconf 79' lang='grc'><strong>29.</strong></span> <span class='ocrx_word' id='word_1_233' title='bbox 2372 2291 2456 2371; x_wconf 88' lang='lat' dir='ltr'><strong>(a)</strong></span> <span class='ocrx_word' id='word_1_234' title='bbox 2492 2297 2586 2350; x_wconf 83' lang='grc' dir='ltr'>Κᾶί</span> <span class='ocrx_word' id='word_1_235' title='bbox 2615 2295 2850 2372; x_wconf 79' lang='grc' dir='ltr'><strong>Θυγάτηρ</strong></span> <span class='ocrx_word' id='word_1_236' title='bbox 2881 2295 3046 2370; x_wconf 74' lang='grc' dir='ltr'>Τύρου</span> <span class='ocrx_word' id='word_1_237' title='bbox 3077 2293 3130 2348; x_wconf 77' lang='grc' dir='ltr'>ἐν</span> <span class='ocrx_word' id='word_1_238' title='bbox 3151 2291 3361 2370; x_wconf 82' lang='grc' dir='ltr'>δώροις.</span> 
     </span>
    </p>
   </div>
   <div class='ocr_carea' id='block_1_39' title="bbox 510 2446 2972 2534">
    <p class='ocr_par' dir='ltr' id='par_1_39' title="bbox 510 2446 2972 2534">
     <span class='ocr_line' id='line_1_40' title="bbox 510 2446 2972 2534; baseline 0.008 -32"><span class='ocrx_word' id='word_1_239' title='bbox 510 2451 596 2530; x_wconf 78' lang='grc' dir='ltr'>(ιι)</span> <span class='ocrx_word' id='word_1_240' title='bbox 622 2448 696 2512; x_wconf 80' lang='lat' dir='ltr'><strong>V,</strong></span> <span class='ocrx_word' id='word_1_241' title='bbox 729 2447 830 2525; x_wconf 75' lang='grc'>29,</span> <span class='ocrx_word' id='word_1_242' title='bbox 877 2447 981 2509; x_wconf 83' lang='grc' dir='ltr'><strong>Καὶ</strong></span> <span class='ocrx_word' id='word_1_243' title='bbox 1011 2448 1461 2527; x_wconf 63' lang='grc' dir='ltr'>προσκυνήσουσιν</span> <span class='ocrx_word' id='word_1_244' title='bbox 1500 2447 1641 2520; x_wconf 79' lang='grc' dir='ltr'>αὒτῷ</span> <span class='ocrx_word' id='word_1_245' title='bbox 1670 2446 1950 2525; x_wconf 78' lang='grc' dir='ltr'>Θυγατέρες</span> <span class='ocrx_word' id='word_1_246' title='bbox 1983 2451 2145 2530; x_wconf 80' lang='grc' dir='ltr'>Τύρου</span> <span class='ocrx_word' id='word_1_247' title='bbox 2175 2452 2229 2509; x_wconf 82' lang='grc' dir='ltr'>ἐν</span> <span class='ocrx_word' id='word_1_248' title='bbox 2261 2452 2446 2534; x_wconf 82' lang='grc' dir='ltr'>δώροις</span> <span class='ocrx_word' id='word_1_249' title='bbox 2483 2453 2556 2517; x_wconf 83' lang='lat' dir='ltr'><strong>V.</strong></span> <span class='ocrx_word' id='word_1_250' title='bbox 2590 2454 2688 2531; x_wconf 84' lang='lat'><strong>30,</strong></span> <span class='ocrx_word' id='word_1_251' title='bbox 2723 2457 2817 2533; x_wconf 79' lang='grc' dir='ltr'>Τό,</span> <span class='ocrx_word' id='word_1_252' title='bbox 2852 2461 2972 2518; x_wconf 78' lang='grc' dir='ltr'>θίο.</span> 
     </span>
    </p>
   </div>
   <div class='ocr_carea' id='block_1_40' title="bbox 1567 2548 2655 2626">
    <p class='ocr_par' dir='ltr' id='par_1_40' title="bbox 1567 2548 2655 2626">
     <span class='ocr_line' id='line_1_41' title="bbox 1567 2548 2655 2626; baseline 0.011 -12"><span class='ocrx_word' id='word_1_253' title='bbox 1567 2548 1977 2618; x_wconf 83' lang='lat' dir='ltr'><strong>ATHANASII</strong></span> <span class='ocrx_word' id='word_1_254' title='bbox 2022 2555 2655 2626; x_wconf 81' lang='lat' dir='ltr'><strong>INTERPRETATIO.</strong></span> 
     </span>
    </p>
   </div>
   <div class='ocr_carea' id='block_1_41' title="bbox 507 2681 2128 2760">
    <p class='ocr_par' dir='ltr' id='par_1_41' title="bbox 507 2681 1644 2754">
     <span class='ocr_line' id='line_1_42' title="bbox 507 2681 1644 2754; baseline -0.007 -14"><span class='ocrx_word' id='word_1_255' title='bbox 507 2681 604 2742; x_wconf 85' lang='lat'><strong>16.</strong></span> <span class='ocrx_word' id='word_1_256' title='bbox 639 2683 904 2742; x_wconf 85' lang='lat' dir='ltr'><strong>Potestas</strong></span> <span class='ocrx_word' id='word_1_257' title='bbox 924 2687 1146 2738; x_wconf 59' lang='lat' dir='ltr'><strong>aeterna</strong></span> <span class='ocrx_word' id='word_1_258' title='bbox 1167 2691 1418 2754; x_wconf 84' lang='lat' dir='ltr'><strong>regnum</strong></span> <span class='ocrx_word' id='word_1_259' title='bbox 1455 2681 1644 2734; x_wconf 88' lang='lat' dir='ltr'><strong>tuum.</strong></span> 
     </span>
    </p>
   </div>
   <div class='ocr_carea' id='block_1_42' title="bbox 1719 2681 3340 2760">
    <p class='ocr_par' dir='ltr' id='par_1_42' title="bbox 2238 2682 3340 2760">
     <span class='ocr_line' id='line_1_43' title="bbox 2238 2682 3340 2760; baseline 0 -18"><span class='ocrx_word' id='word_1_260' title='bbox 2238 2682 2333 2744; x_wconf 85' lang='grc'><strong>16.</strong></span> <span class='ocrx_word' id='word_1_261' title='bbox 2369 2682 2608 2748; x_wconf 78' lang='grc' dir='ltr'>Ἐξουσία</span> <span class='ocrx_word' id='word_1_262' title='bbox 2644 2685 2855 2749; x_wconf 83' lang='grc' dir='ltr'>αἰώνιος</span> <span class='ocrx_word' id='word_1_263' title='bbox 2889 2685 2923 2752; x_wconf 78' lang='grc' dir='ltr'><strong>ἠ</strong></span> <span class='ocrx_word' id='word_1_264' title='bbox 2952 2683 3196 2760; x_wconf 82' lang='grc' dir='ltr'>βασιλεία</span> <span class='ocrx_word' id='word_1_265' title='bbox 3227 2706 3340 2742; x_wconf 86' lang='grc' dir='ltr'>σου.</span> 
     </span>
    </p>
   </div>
   <div class='ocr_carea' id='block_1_43' title="bbox 514 2763 2135 2852">
    <p class='ocr_par' dir='ltr' id='par_1_43' title="bbox 514 2763 2070 2838">
     <span class='ocr_line' id='line_1_44' title="bbox 514 2763 2070 2838; baseline 0 -8"><span class='ocrx_word' id='word_1_266' title='bbox 514 2775 601 2830; x_wconf 84' lang='lat' dir='ltr'><strong>t7.</strong></span> <span class='ocrx_word' id='word_1_267' title='bbox 638 2769 908 2831; x_wconf 83' lang='lat' dir='ltr'><strong>Dilexisti</strong></span> <span class='ocrx_word' id='word_1_268' title='bbox 941 2775 1178 2828; x_wconf 91' lang='lat' dir='ltr'><strong>sanctos</strong></span> <span class='ocrx_word' id='word_1_269' title='bbox 1210 2774 1368 2838; x_wconf 90' lang='lat' dir='ltr'><strong>tuos,</strong></span> <span class='ocrx_word' id='word_1_270' title='bbox 1408 2772 1466 2824; x_wconf 91' lang='lat' dir='ltr'><strong>et</strong></span> <span class='ocrx_word' id='word_1_271' title='bbox 1494 2763 1670 2824; x_wconf 91' lang='lat' dir='ltr'><strong>odisti</strong></span> <span class='ocrx_word' id='word_1_272' title='bbox 1722 2765 2070 2830; x_wconf 89' lang='lat' dir='ltr'><strong>inventores</strong></span> 
     </span>
    </p>
   </div>
   <div class='ocr_carea' id='block_1_44' title="bbox 2177 2763 3798 2852">
    <p class='ocr_par' dir='ltr' id='par_1_44' title="bbox 2242 2771 3798 2852">
     <span class='ocr_line' id='line_1_45' title="bbox 2242 2771 3798 2852; baseline -0.003 -22"><span class='ocrx_word' id='word_1_273' title='bbox 2242 2772 2332 2833; x_wconf 87' lang='lat' dir='ltr'><strong>l7.</strong></span> <span class='ocrx_word' id='word_1_274' title='bbox 2368 2771 2684 2850; x_wconf 71' lang='grc' dir='ltr'>’Πγαπησας</span> <span class='ocrx_word' id='word_1_275' title='bbox 2716 2776 2839 2839; x_wconf 82' lang='grc' dir='ltr'>τοὺς</span> <span class='ocrx_word' id='word_1_276' title='bbox 2879 2775 3060 2851; x_wconf 85' lang='grc' dir='ltr'>ἁγίους</span> <span class='ocrx_word' id='word_1_277' title='bbox 3112 2795 3229 2852; x_wconf 85' lang='grc' dir='ltr'>σου,</span> <span class='ocrx_word' id='word_1_278' title='bbox 3264 2775 3350 2830; x_wconf 80' lang='grc' dir='ltr'><strong>καὶ</strong></span> <span class='ocrx_word' id='word_1_279' title='bbox 3381 2773 3644 2847; x_wconf 80' lang='grc' dir='ltr'>ἐμίσησας</span> <span class='ocrx_word' id='word_1_280' title='bbox 3677 2773 3798 2835; x_wconf 79' lang='grc' dir='ltr'>τοὺς</span> 
     </span>
    </p>
   </div>
   <div class='ocr_carea' id='block_1_45' title="bbox 426 2853 2047 2943">
    <p class='ocr_par' dir='ltr' id='par_1_45' title="bbox 426 2853 1945 2940">
     <span class='ocr_line' id='line_1_46' title="bbox 426 2853 1945 2940; baseline -0.003 -19"><span class='ocrx_word' id='word_1_281' title='bbox 426 2857 775 2940; x_wconf 82' lang='lat' dir='ltr'><strong>iniquitatis,</strong></span> <span class='ocrx_word' id='word_1_282' title='bbox 817 2858 1121 2919; x_wconf 86' lang='lat' dir='ltr'><strong>diabolum</strong></span> <span class='ocrx_word' id='word_1_283' title='bbox 1157 2874 1400 2935; x_wconf 86' lang='lat' dir='ltr'><strong>nempe,</strong></span> <span class='ocrx_word' id='word_1_284' title='bbox 1430 2863 1487 2916; x_wconf 89' lang='lat' dir='ltr'><strong>et</strong></span> <span class='ocrx_word' id='word_1_285' title='bbox 1518 2853 1760 2932; x_wconf 85' lang='lat' dir='ltr'><strong>angelos</strong></span> <span class='ocrx_word' id='word_1_286' title='bbox 1792 2855 1945 2934; x_wconf 83' lang='lat' dir='ltr'><strong>ejus.</strong></span> 
     </span>
    </p>
   </div>
   <div class='ocr_carea' id='block_1_46' title="bbox 2180 2853 3801 2943">
    <p class='ocr_par' dir='ltr' id='par_1_46' title="bbox 2180 2861 3801 2943">
     <span class='ocr_line' id='line_1_47' title="bbox 2180 2861 3801 2943; baseline 0.001 -28"><span class='ocrx_word' id='word_1_287' title='bbox 2180 2861 2363 2939; x_wconf 76' lang='grc' dir='ltr'>ὑρετας</span> <span class='ocrx_word' id='word_1_288' title='bbox 2395 2864 2495 2928; x_wconf 75' lang='grc' dir='ltr'>τῆς</span> <span class='ocrx_word' id='word_1_289' title='bbox 2539 2861 2783 2942; x_wconf 75' lang='grc' dir='ltr'>ἀνομίας,</span> <span class='ocrx_word' id='word_1_290' title='bbox 2846 2865 2983 2943; x_wconf 70' lang='grc' dir='ltr'>φημὶ</span> <span class='ocrx_word' id='word_1_291' title='bbox 3034 2861 3098 2930; x_wconf 77' lang='grc' dir='ltr'><strong>δὴ</strong></span> <span class='ocrx_word' id='word_1_292' title='bbox 3136 2865 3226 2920; x_wconf 79' lang='grc' dir='ltr'><strong>τὸν</strong></span> <span class='ocrx_word' id='word_1_293' title='bbox 3270 2861 3512 2919; x_wconf 70' lang='grc' dir='ltr'>διάϐολον</span> <span class='ocrx_word' id='word_1_294' title='bbox 3557 2862 3801 2924; x_wconf 73' lang='grc' dir='ltr'>καὶτοὺς</span> 
     </span>
    </p>
   </div>
   <div class='ocr_carea' id='block_1_47' title="bbox 2152 2949 2628 3026">
    <p class='ocr_par' dir='ltr' id='par_1_47' title="bbox 2152 2949 2628 3026">
     <span class='ocr_line' id='line_1_48' title="bbox 2152 2949 2628 3026; baseline 0.013 -22"><span class='ocrx_word' id='word_1_295' title='bbox 2152 2949 2413 3026; x_wconf 82' lang='grc' dir='ltr'>ἀγγέλους</span> <span class='ocrx_word' id='word_1_296' title='bbox 2445 2952 2628 3014; x_wconf 68' lang='grc' dir='ltr'>αὺτοῦ.</span> 
     </span>
    </p>
   </div>
   <div class='ocr_carea' id='block_1_48' title="bbox 514 3033 2135 3120">
    <p class='ocr_par' dir='ltr' id='par_1_48' title="bbox 514 3033 2135 3118">
     <span class='ocr_line' id='line_1_49' title="bbox 514 3033 2135 3118; baseline -0.006 -18"><span class='ocrx_word' id='word_1_297' title='bbox 514 3039 610 3113; x_wconf 90' lang='grc'>18,</span> <span class='ocrx_word' id='word_1_298' title='bbox 648 3039 738 3102; x_wconf 84' lang='grc'><strong>19.</strong></span> <span class='ocrx_word' id='word_1_299' title='bbox 778 3040 1096 3118; x_wconf 87' lang='lat' dir='ltr'><strong>Propterea</strong></span> <span class='ocrx_word' id='word_1_300' title='bbox 1115 3033 1477 3096; x_wconf 83' lang='lat' dir='ltr'><strong>renuntiavit</strong></span> <span class='ocrx_word' id='word_1_301' title='bbox 1508 3041 1564 3093; x_wconf 89' lang='lat' dir='ltr'><strong>te</strong></span> <span class='ocrx_word' id='word_1_302' title='bbox 1595 3034 1769 3094; x_wconf 86' lang='lat' dir='ltr'><strong>Pater</strong></span> <span class='ocrx_word' id='word_1_303' title='bbox 1803 3053 1907 3112; x_wconf 90' lang='lat' dir='ltr'><strong>per</strong></span> <span class='ocrx_word' id='word_1_304' title='bbox 1935 3037 2072 3116; x_wconf 80' lang='lat' dir='ltr'><strong>Spi-</strong></span> <span class='ocrx_word' id='word_1_305' title='bbox 2093 3043 2135 3091; x_wconf 72' lang='grc' dir='ltr'><strong>υ</strong></span> 
     </span>
    </p>
   </div>
   <div class='ocr_carea' id='block_1_49' title="bbox 2186 3033 3807 3120">
    <p class='ocr_par' dir='ltr' id='par_1_49' title="bbox 2241 3039 3807 3120">
     <span class='ocr_line' id='line_1_50' title="bbox 2241 3039 3807 3120; baseline 0.001 -23"><span class='ocrx_word' id='word_1_306' title='bbox 2241 3043 2338 3119; x_wconf 78' lang='lat'><strong>18,</strong></span> <span class='ocrx_word' id='word_1_307' title='bbox 2381 3040 2474 3102; x_wconf 84' lang='grc'><strong>19.</strong></span> <span class='ocrx_word' id='word_1_308' title='bbox 2516 3042 2612 3096; x_wconf 79' lang='grc' dir='ltr'>Διὰ</span> <span class='ocrx_word' id='word_1_309' title='bbox 2653 3049 2810 3098; x_wconf 80' lang='grc' dir='ltr'>τοῦτο</span> <span class='ocrx_word' id='word_1_310' title='bbox 2864 3041 3091 3107; x_wconf 70' lang='grc' dir='ltr'>ἀνέδειξε</span> <span class='ocrx_word' id='word_1_311' title='bbox 3151 3064 3208 3097; x_wconf 91' lang='grc' dir='ltr'><strong>σε</strong></span> <span class='ocrx_word' id='word_1_312' title='bbox 3268 3045 3294 3097; x_wconf 93' lang='lat'><strong>6</strong></span> <span class='ocrx_word' id='word_1_313' title='bbox 3358 3042 3537 3120; x_wconf 74' lang='grc' dir='ltr'>Πατὴρ</span> <span class='ocrx_word' id='word_1_314' title='bbox 3595 3039 3681 3097; x_wconf 76' lang='grc' dir='ltr'><strong>διὰ</strong></span> <span class='ocrx_word' id='word_1_315' title='bbox 3714 3050 3807 3098; x_wconf 80' lang='grc' dir='ltr'>τοῦ</span> 
     </span>
    </p>
   </div>
   <div class='ocr_carea' id='block_1_50' title="bbox 432 3126 2053 3210">
    <p class='ocr_par' dir='ltr' id='par_1_50' title="bbox 432 3126 2053 3204">
     <span class='ocr_line' id='line_1_51' title="bbox 432 3126 2053 3204; baseline -0.002 -12"><span class='ocrx_word' id='word_1_316' title='bbox 432 3129 615 3192; x_wconf 87' lang='lat' dir='ltr'><strong>ritum</strong></span> <span class='ocrx_word' id='word_1_317' title='bbox 641 3137 908 3190; x_wconf 86' lang='lat' dir='ltr'><strong>sanctum</strong></span> <span class='ocrx_word' id='word_1_318' title='bbox 945 3145 1145 3203; x_wconf 83' lang='lat' dir='ltr'><strong>regem</strong></span> <span class='ocrx_word' id='word_1_319' title='bbox 1177 3126 1299 3204; x_wconf 87' lang='lat' dir='ltr'><strong>jam</strong></span> <span class='ocrx_word' id='word_1_320' title='bbox 1344 3130 1764 3185; x_wconf 81' lang='lat' dir='ltr'><strong>exsistentem:</strong></span> <span class='ocrx_word' id='word_1_321' title='bbox 1799 3128 2053 3202; x_wconf 85' lang='lat' dir='ltr'><strong>quando-</strong></span> 
     </span>
    </p>
   </div>
   <div class='ocr_carea' id='block_1_51' title="bbox 2183 3126 3804 3210">
    <p class='ocr_par' dir='ltr' id='par_1_51' title="bbox 2183 3128 3804 3210">
     <span class='ocr_line' id='line_1_52' title="bbox 2183 3128 3804 3210; baseline 0.011 -27"><span class='ocrx_word' id='word_1_322' title='bbox 2183 3128 2464 3202; x_wconf 65' lang='grc' dir='ltr'>Ινεύμπιτος</span> <span class='ocrx_word' id='word_1_323' title='bbox 2519 3131 2664 3208; x_wconf 73' lang='grc' dir='ltr'>ἁγίου</span> <span class='ocrx_word' id='word_1_324' title='bbox 2694 3131 2914 3209; x_wconf 78' lang='grc' dir='ltr'>βασιλέα</span> <span class='ocrx_word' id='word_1_325' title='bbox 2973 3131 3098 3188; x_wconf 71' lang='grc' dir='ltr'>ὄντα</span> <span class='ocrx_word' id='word_1_326' title='bbox 3134 3149 3147 3163; x_wconf 80' lang='grc'><strong>⁸</strong></span> <span class='ocrx_word' id='word_1_327' title='bbox 3211 3130 3498 3209; x_wconf 78' lang='grc' dir='ltr'>ἐπειδήπερ</span> <span class='ocrx_word' id='word_1_328' title='bbox 3558 3131 3804 3210; x_wconf 76' lang='grc' dir='ltr'>ὒπῆρχες</span> 
     </span>
    </p>
   </div>
   <div class='ocr_carea' id='block_1_52' title="bbox 432 3216 2053 3300">
    <p class='ocr_par' dir='ltr' id='par_1_52' title="bbox 432 3216 2047 3300">
     <span class='ocr_line' id='line_1_53' title="bbox 432 3216 2047 3300; baseline -0.003 -19"><span class='ocrx_word' id='word_1_329' title='bbox 432 3220 671 3300; x_wconf 85' lang='lat' dir='ltr'><strong>quidem</strong></span> <span class='ocrx_word' id='word_1_330' title='bbox 697 3236 937 3298; x_wconf 88' lang='lat' dir='ltr'><strong>semper</strong></span> <span class='ocrx_word' id='word_1_331' title='bbox 967 3217 1239 3278; x_wconf 76' lang='lat' dir='ltr'><strong>exstitisti</strong></span> <span class='ocrx_word' id='word_1_332' title='bbox 1269 3237 1370 3278; x_wconf 85' lang='lat' dir='ltr'><strong>rex</strong></span> <span class='ocrx_word' id='word_1_333' title='bbox 1404 3236 1580 3297; x_wconf 86' lang='lat' dir='ltr'><strong>supra</strong></span> <span class='ocrx_word' id='word_1_334' title='bbox 1612 3236 1734 3278; x_wconf 85' lang='lat' dir='ltr'><strong>eos.</strong></span> <span class='ocrx_word' id='word_1_335' title='bbox 1767 3216 1869 3296; x_wconf 84' lang='lat' dir='ltr'><strong>qui</strong></span> <span class='ocrx_word' id='word_1_336' title='bbox 1899 3217 2047 3296; x_wconf 82' lang='lat' dir='ltr'><strong>parti</strong></span> 
     </span>
    </p>
   </div>
   <div class='ocr_carea' id='block_1_53' title="bbox 2183 3216 3804 3300">
    <p class='ocr_par' dir='ltr' id='par_1_53' title="bbox 2183 3218 3804 3300">
     <span class='ocr_line' id='line_1_54' title="bbox 2183 3218 3804 3300; baseline 0.001 -26"><span class='ocrx_word' id='word_1_337' title='bbox 2183 3221 2238 3274; x_wconf 73' lang='lat' dir='ltr'><strong>rei</strong></span> <span class='ocrx_word' id='word_1_338' title='bbox 2268 3218 2513 3294; x_wconf 82' lang='grc' dir='ltr'>βασιλεὺς</span> <span class='ocrx_word' id='word_1_339' title='bbox 2549 3223 2675 3299; x_wconf 63' lang='grc' dir='ltr'>ὅπερ</span> <span class='ocrx_word' id='word_1_340' title='bbox 2707 3223 2822 3282; x_wconf 79' lang='grc' dir='ltr'>τοὺς</span> <span class='ocrx_word' id='word_1_341' title='bbox 2856 3221 3173 3299; x_wconf 77' lang='grc' dir='ltr'>γενομένους</span> <span class='ocrx_word' id='word_1_342' title='bbox 3224 3221 3495 3300; x_wconf 82' lang='grc' dir='ltr'>μετόχους</span> <span class='ocrx_word' id='word_1_343' title='bbox 3527 3225 3627 3286; x_wconf 76' lang='grc' dir='ltr'><strong>τῆς</strong></span> <span class='ocrx_word' id='word_1_344' title='bbox 3686 3221 3804 3298; x_wconf 72' lang='grc' dir='ltr'>χάε-</span> 
     </span>
    </p>
   </div>
   <div class='ocr_carea' id='block_1_54' title="bbox 430 3306 2051 3390">
    <p class='ocr_par' dir='ltr' id='par_1_54' title="bbox 430 3306 2043 3390">
     <span class='ocr_line' id='line_1_55' title="bbox 430 3306 2043 3390; baseline -0.004 -18"><span class='ocrx_word' id='word_1_345' title='bbox 430 3328 596 3390; x_wconf 78' lang='lat' dir='ltr'><strong>cipes</strong></span> <span class='ocrx_word' id='word_1_346' title='bbox 620 3311 861 3371; x_wconf 83' lang='lat' dir='ltr'><strong>fuerunt</strong></span> <span class='ocrx_word' id='word_1_347' title='bbox 891 3306 1094 3383; x_wconf 77' lang='lat' dir='ltr'><strong>gratiae</strong></span> <span class='ocrx_word' id='word_1_348' title='bbox 1117 3315 1229 3368; x_wconf 63' lang='lat' dir='ltr'><strong>tua:</strong></span> <span class='ocrx_word' id='word_1_349' title='bbox 1258 3328 1272 3386; x_wconf 83' lang='lat'><strong>;</strong></span> <span class='ocrx_word' id='word_1_350' title='bbox 1309 3307 1767 3380; x_wconf 77' lang='lat' dir='ltr'><strong>Melchisedech,</strong></span> <span class='ocrx_word' id='word_1_351' title='bbox 1805 3307 2043 3386; x_wconf 82' lang='lat' dir='ltr'><strong>inquam</strong></span> 
     </span>
    </p>
   </div>
   <div class='ocr_carea' id='block_1_55' title="bbox 2186 3306 3807 3390">
    <p class='ocr_par' dir='ltr' id='par_1_55' title="bbox 2191 3307 3807 3390">
     <span class='ocr_line' id='line_1_56' title="bbox 2191 3307 3807 3390; baseline 0.001 -28"><span class='ocrx_word' id='word_1_352' title='bbox 2191 3308 2298 3372; x_wconf 71' lang='grc' dir='ltr'>πός</span> <span class='ocrx_word' id='word_1_353' title='bbox 2329 3330 2422 3367; x_wconf 76' lang='grc' dir='ltr'><strong>σου</strong></span> <span class='ocrx_word' id='word_1_354' title='bbox 2456 3326 2469 3341; x_wconf 83' lang='grc'><strong>⁸</strong></span> <span class='ocrx_word' id='word_1_355' title='bbox 2509 3309 2650 3388; x_wconf 78' lang='grc' dir='ltr'>λέγω</span> <span class='ocrx_word' id='word_1_356' title='bbox 2699 3309 2764 3378; x_wconf 80' lang='grc' dir='ltr'><strong>δὴ</strong></span> <span class='ocrx_word' id='word_1_357' title='bbox 2797 3309 3156 3390; x_wconf 76' lang='grc' dir='ltr'>Μελχισεδὲκ,</span> <span class='ocrx_word' id='word_1_358' title='bbox 3189 3311 3278 3367; x_wconf 84' lang='grc' dir='ltr'><strong>καὶ</strong></span> <span class='ocrx_word' id='word_1_359' title='bbox 3311 3307 3494 3388; x_wconf 77' lang='grc' dir='ltr'>Δαϐὶδ,</span> <span class='ocrx_word' id='word_1_360' title='bbox 3528 3311 3618 3366; x_wconf 81' lang='grc' dir='ltr'><strong>καὶ</strong></span> <span class='ocrx_word' id='word_1_361' title='bbox 3651 3307 3807 3380; x_wconf 78' lang='grc' dir='ltr'><strong>Ἐζε-</strong></span> 
     </span>
    </p>
   </div>
   <div class='ocr_carea' id='block_1_56' title="bbox 429 3395 2050 3480">
    <p class='ocr_par' dir='ltr' id='par_1_56' title="bbox 429 3395 2050 3480">
     <span class='ocr_line' id='line_1_57' title="bbox 429 3395 2050 3480; baseline -0.006 -17"><span class='ocrx_word' id='word_1_362' title='bbox 429 3416 488 3463; x_wconf 83' lang='lat' dir='ltr'><strong>et</strong></span> <span class='ocrx_word' id='word_1_363' title='bbox 521 3400 727 3480; x_wconf 81' lang='lat' dir='ltr'><strong>David,</strong></span> <span class='ocrx_word' id='word_1_364' title='bbox 755 3407 810 3460; x_wconf 90' lang='lat' dir='ltr'><strong>et</strong></span> <span class='ocrx_word' id='word_1_365' title='bbox 846 3397 1124 3467; x_wconf 88' lang='lat' dir='ltr'><strong>Ezechia,</strong></span> <span class='ocrx_word' id='word_1_366' title='bbox 1152 3405 1210 3457; x_wconf 88' lang='lat' dir='ltr'><strong>et</strong></span> <span class='ocrx_word' id='word_1_367' title='bbox 1246 3396 1427 3470; x_wconf 86' lang='lat' dir='ltr'><strong>Josia,</strong></span> <span class='ocrx_word' id='word_1_368' title='bbox 1466 3405 1524 3457; x_wconf 89' lang='lat' dir='ltr'><strong>et</strong></span> <span class='ocrx_word' id='word_1_369' title='bbox 1550 3407 1843 3476; x_wconf 87' lang='lat' dir='ltr'><strong>quotquot</strong></span> <span class='ocrx_word' id='word_1_370' title='bbox 1871 3396 1962 3456; x_wconf 77' lang='lat' dir='ltr'><strong>liis</strong></span> <span class='ocrx_word' id='word_1_371' title='bbox 1990 3395 2050 3454; x_wconf 23' lang='lat' dir='ltr'><strong>sit</strong></span> 
     </span>
    </p>
   </div>
   <div class='ocr_carea' id='block_1_57' title="bbox 1672 3395 3293 3480">
    <p class='ocr_par' dir='ltr' id='par_1_57' title="bbox 1678 3395 3293 3476">
     <span class='ocr_line' id='line_1_58' title="bbox 1678 3395 3293 3476; baseline -0.001 -20"><span class='ocrx_word' id='word_1_372' title='bbox 1678 3407 1843 3476; x_wconf 87' lang='lat' dir='ltr'><strong>tquot</strong></span> <span class='ocrx_word' id='word_1_373' title='bbox 1871 3396 1962 3456; x_wconf 77' lang='lat' dir='ltr'><strong>llis</strong></span> <span class='ocrx_word' id='word_1_374' title='bbox 1990 3395 2065 3454; x_wconf 89' lang='lat' dir='ltr'><strong>si-</strong></span> <span class='ocrx_word' id='word_1_375' title='bbox 2157 3399 2276 3476; x_wconf 77' lang='grc' dir='ltr'>χία,</span> <span class='ocrx_word' id='word_1_376' title='bbox 2309 3400 2396 3454; x_wconf 87' lang='grc' dir='ltr'>καὶ</span> <span class='ocrx_word' id='word_1_377' title='bbox 2429 3399 2628 3474; x_wconf 79' lang='grc' dir='ltr'>Ἰωσία,</span> <span class='ocrx_word' id='word_1_378' title='bbox 2662 3401 2754 3457; x_wconf 71' lang='grc' dir='ltr'>καί</span> <span class='ocrx_word' id='word_1_379' title='bbox 2789 3399 2903 3456; x_wconf 79' lang='grc' dir='ltr'>ὅσοι</span> <span class='ocrx_word' id='word_1_380' title='bbox 2937 3401 3055 3456; x_wconf 83' lang='grc' dir='ltr'>κατ’</span> <span class='ocrx_word' id='word_1_381' title='bbox 3089 3401 3293 3464; x_wconf 76' lang='grc' dir='ltr'>αύτούς.</span> 
     </span>
    </p>
   </div>
   <div class='ocr_carea' id='block_1_58' title="bbox 431 3490 897 3552">
    <p class='ocr_par' dir='ltr' id='par_1_58' title="bbox 431 3490 897 3552">
     <span class='ocr_line' id='line_1_59' title="bbox 431 3490 897 3552; baseline -0.011 0"><span class='ocrx_word' id='word_1_382' title='bbox 431 3490 599 3552; x_wconf 87' lang='lat' dir='ltr'><strong>miles</strong></span> <span class='ocrx_word' id='word_1_383' title='bbox 631 3490 897 3550; x_wconf 83' lang='lat' dir='ltr'><strong>fuerunt.</strong></span> 
     </span>
    </p>
   </div>
   <div class='ocr_carea' id='block_1_59' title="bbox 510 3576 2131 3660">
    <p class='ocr_par' dir='ltr' id='par_1_59' title="bbox 510 3576 2068 3660">
     <span class='ocr_line' id='line_1_60' title="bbox 510 3576 2068 3660; baseline -0.004 -16"><span class='ocrx_word' id='word_1_384' title='bbox 510 3581 609 3644; x_wconf 74' lang='grc'><strong>20.</strong></span> <span class='ocrx_word' id='word_1_385' title='bbox 647 3579 902 3660; x_wconf 76' lang='lat' dir='ltr'><strong>Myrrha</strong></span> <span class='ocrx_word' id='word_1_386' title='bbox 960 3578 1388 3658; x_wconf 87' lang='lat' dir='ltr'><strong>interpretatur</strong></span> <span class='ocrx_word' id='word_1_387' title='bbox 1441 3576 1702 3638; x_wconf 76' lang='lat' dir='ltr'><strong>melodia</strong></span> <span class='ocrx_word' id='word_1_388' title='bbox 1773 3577 2068 3654; x_wconf 80' lang='lat' dir='ltr'><strong>ipsorum.</strong></span> 
     </span>
    </p>
   </div>
   <div class='ocr_carea' id='block_1_60' title="bbox 2191 3576 3812 3660">
    <p class='ocr_par' dir='ltr' id='par_1_60' title="bbox 2235 3576 3812 3656">
     <span class='ocr_line' id='line_1_61' title="bbox 2235 3576 3812 3656; baseline -0.004 -20"><span class='ocrx_word' id='word_1_389' title='bbox 2235 3576 2335 3640; x_wconf 61' lang='lat'><strong>90.</strong></span> <span class='ocrx_word' id='word_1_390' title='bbox 2401 3579 2606 3656; x_wconf 78' lang='grc' dir='ltr'>Σμύρνα</span> <span class='ocrx_word' id='word_1_391' title='bbox 2692 3580 3034 3656; x_wconf 79' lang='grc' dir='ltr'>ἑρμηνεύεται</span> <span class='ocrx_word' id='word_1_392' title='bbox 3098 3577 3328 3653; x_wconf 73' lang='grc' dir='ltr'>μελῳδία</span> <span class='ocrx_word' id='word_1_393' title='bbox 3406 3577 3600 3636; x_wconf 68' lang='grc' dir='ltr'>αὔτιῦν.</span> <span class='ocrx_word' id='word_1_394' title='bbox 3698 3578 3812 3644; x_wconf 76' lang='grc' dir='ltr'><strong>Τὴν</strong></span> 
     </span>
    </p>
   </div>
   <div class='ocr_carea' id='block_1_61' title="bbox 432 3664 2053 3748">
    <p class='ocr_par' dir='ltr' id='par_1_61' title="bbox 432 3665 2053 3748">
     <span class='ocr_line' id='line_1_62' title="bbox 432 3665 2053 3748; baseline -0.005 -17"><span class='ocrx_word' id='word_1_395' title='bbox 432 3669 744 3732; x_wconf 68' lang='grc' dir='ltr'>Μειοὰἱδιιι</span> <span class='ocrx_word' id='word_1_396' title='bbox 770 3667 946 3748; x_wconf 82' lang='lat' dir='ltr'><strong>igitur</strong></span> <span class='ocrx_word' id='word_1_397' title='bbox 968 3673 1270 3746; x_wconf 85' lang='lat' dir='ltr'><strong>eorum,et</strong></span> <span class='ocrx_word' id='word_1_398' title='bbox 1291 3665 1554 3746; x_wconf 81' lang='lat' dir='ltr'><strong>gentium</strong></span> <span class='ocrx_word' id='word_1_399' title='bbox 1588 3665 1960 3744; x_wconf 87' lang='lat' dir='ltr'><strong>fragrantiam</strong></span> <span class='ocrx_word' id='word_1_400' title='bbox 1995 3665 2053 3724; x_wconf 29' lang='lat' dir='ltr'><strong>si!</strong></span> 
     </span>
    </p>
   </div>
   <div class='ocr_carea' id='block_1_62' title="bbox 2189 3664 3810 3748">
    <p class='ocr_par' dir='ltr' id='par_1_62' title="bbox 2191 3664 3810 3747">
     <span class='ocr_line' id='line_1_63' title="bbox 2191 3664 3810 3747; baseline -0.002 -25"><span class='ocrx_word' id='word_1_401' title='bbox 2191 3667 2248 3722; x_wconf 68' lang='grc' dir='ltr'><strong>ὗν</strong></span> <span class='ocrx_word' id='word_1_402' title='bbox 2293 3665 2554 3741; x_wconf 66' lang='grc' dir='ltr'>μελῳδίαν</span> <span class='ocrx_word' id='word_1_403' title='bbox 2598 3672 2768 3727; x_wconf 67' lang='grc' dir='ltr'>αὑτῶν</span> <span class='ocrx_word' id='word_1_404' title='bbox 2817 3667 2930 3747; x_wconf 86' lang='grc'><strong>(1),</strong></span> <span class='ocrx_word' id='word_1_405' title='bbox 2965 3669 3052 3724; x_wconf 88' lang='grc' dir='ltr'><strong>καὶ</strong></span> <span class='ocrx_word' id='word_1_406' title='bbox 3085 3669 3181 3730; x_wconf 71' lang='grc' dir='ltr'><strong>τὴν</strong></span> <span class='ocrx_word' id='word_1_407' title='bbox 3234 3665 3452 3723; x_wconf 74' lang='grc' dir='ltr'>εὗωδίαν</span> <span class='ocrx_word' id='word_1_408' title='bbox 3501 3671 3609 3721; x_wconf 82' lang='grc' dir='ltr'>τῶν</span> <span class='ocrx_word' id='word_1_409' title='bbox 3642 3664 3810 3722; x_wconf 72' lang='grc' dir='ltr'>ἔθνῶν</span> 
     </span>
    </p>
   </div>
   <div class='ocr_carea' id='block_1_63' title="bbox 431 3753 2052 3840">
    <p class='ocr_par' dir='ltr' id='par_1_63' title="bbox 431 3755 1559 3840">
     <span class='ocr_line' id='line_1_64' title="bbox 431 3755 1559 3840; baseline -0.004 -19"><span class='ocrx_word' id='word_1_410' title='bbox 431 3761 686 3838; x_wconf 78' lang='lat' dir='ltr'><strong>gniﬁcat,</strong></span> <span class='ocrx_word' id='word_1_411' title='bbox 725 3778 897 3840; x_wconf 88' lang='lat' dir='ltr'><strong>quam</strong></span> <span class='ocrx_word' id='word_1_412' title='bbox 935 3777 968 3818; x_wconf 92' lang='lat' dir='ltr'><strong>a</strong></span> <span class='ocrx_word' id='word_1_413' title='bbox 998 3757 1268 3818; x_wconf 85' lang='lat' dir='ltr'><strong>doctrina</strong></span> <span class='ocrx_word' id='word_1_414' title='bbox 1301 3755 1559 3834; x_wconf 83' lang='lat' dir='ltr'><strong>collegit.</strong></span> 
     </span>
    </p>
   </div>
   <div class='ocr_carea' id='block_1_64' title="bbox 1993 3753 3614 3840">
    <p class='ocr_par' dir='ltr' id='par_1_64' title="bbox 2159 3753 3614 3836">
     <span class='ocr_line' id='line_1_65' title="bbox 2159 3753 3614 3836; baseline 0.002 -24"><span class='ocrx_word' id='word_1_415' title='bbox 2159 3756 2328 3836; x_wconf 75' lang='grc' dir='ltr'>λέγει,</span> <span class='ocrx_word' id='word_1_416' title='bbox 2361 3757 2426 3824; x_wconf 72' lang='grc' dir='ltr'><strong>ἣν</strong></span> <span class='ocrx_word' id='word_1_417' title='bbox 2457 3756 2844 3834; x_wconf 71' lang='grc' dir='ltr'>ἐπισυνήγαγεν</span> <span class='ocrx_word' id='word_1_418' title='bbox 2873 3757 2976 3813; x_wconf 76' lang='grc' dir='ltr'>ὰπὸ</span> <span class='ocrx_word' id='word_1_419' title='bbox 3007 3762 3102 3824; x_wconf 78' lang='grc' dir='ltr'>τῆς</span> <span class='ocrx_word' id='word_1_420' title='bbox 3132 3753 3470 3819; x_wconf 74' lang='grc' dir='ltr'>διδασκαλίας</span> <span class='ocrx_word' id='word_1_421' title='bbox 3508 3753 3614 3835; x_wconf 73' lang='grc'>(2).</span> 
     </span>
    </p>
   </div>
   <div class='ocr_carea' id='block_1_65' title="bbox 513 3845 2134 3926">
    <p class='ocr_par' dir='ltr' id='par_1_65' title="bbox 513 3845 2074 3926">
     <span class='ocr_line' id='line_1_66' title="bbox 513 3845 2074 3926; baseline -0.004 -15"><span class='ocrx_word' id='word_1_422' title='bbox 513 3850 610 3912; x_wconf 80' lang='grc'><strong>21.</strong></span> <span class='ocrx_word' id='word_1_423' title='bbox 641 3849 730 3910; x_wconf 89' lang='lat' dir='ltr'><strong>Ab</strong></span> <span class='ocrx_word' id='word_1_424' title='bbox 761 3847 1010 3908; x_wconf 89' lang='lat' dir='ltr'><strong>urbibus</strong></span> <span class='ocrx_word' id='word_1_425' title='bbox 1033 3846 1222 3907; x_wconf 83' lang='lat' dir='ltr'><strong>ﬁrmis</strong></span> <span class='ocrx_word' id='word_1_426' title='bbox 1255 3854 1312 3906; x_wconf 91' lang='lat' dir='ltr'><strong>et</strong></span> <span class='ocrx_word' id='word_1_427' title='bbox 1341 3845 1718 3926; x_wconf 88' lang='lat' dir='ltr'><strong>decoris,hoc</strong></span> <span class='ocrx_word' id='word_1_428' title='bbox 1751 3854 1841 3906; x_wconf 85' lang='lat' dir='ltr'><strong>est</strong></span> <span class='ocrx_word' id='word_1_429' title='bbox 1870 3863 1902 3905; x_wconf 91' lang='lat' dir='ltr'><strong>a</strong></span> <span class='ocrx_word' id='word_1_430' title='bbox 1933 3864 2074 3906; x_wconf 82' lang='lat' dir='ltr'><strong>san-</strong></span> 
     </span>
    </p>
   </div>
   <div class='ocr_carea' id='block_1_66' title="bbox 2190 3845 3811 3926">
    <p class='ocr_par' dir='ltr' id='par_1_66' title="bbox 2240 3845 3811 3926">
     <span class='ocr_line' id='line_1_67' title="bbox 2240 3845 3811 3926; baseline -0.001 -25"><span class='ocrx_word' id='word_1_431' title='bbox 2240 3845 2337 3908; x_wconf 75' lang='grc'>21,</span> <span class='ocrx_word' id='word_1_432' title='bbox 2373 3845 2510 3902; x_wconf 78' lang='grc' dir='ltr'>Ἀπὸ</span> <span class='ocrx_word' id='word_1_433' title='bbox 2540 3853 2644 3904; x_wconf 82' lang='grc' dir='ltr'><strong>τῶν</strong></span> <span class='ocrx_word' id='word_1_434' title='bbox 2675 3846 2882 3903; x_wconf 80' lang='grc' dir='ltr'>πόλεων</span> <span class='ocrx_word' id='word_1_435' title='bbox 2913 3853 3018 3902; x_wconf 82' lang='grc' dir='ltr'><strong>τῶν</strong></span> <span class='ocrx_word' id='word_1_436' title='bbox 3049 3846 3306 3926; x_wconf 77' lang='grc' dir='ltr'>ἰσχυρῶν,</span> <span class='ocrx_word' id='word_1_437' title='bbox 3351 3852 3457 3902; x_wconf 77' lang='grc' dir='ltr'>τῶν</span> <span class='ocrx_word' id='word_1_438' title='bbox 3501 3847 3811 3920; x_wconf 68' lang='grc' dir='ltr'>εὐπρεπῶν,</span> 
     </span>
    </p>
   </div>
   <div class='ocr_carea' id='block_1_67' title="bbox 433 3936 2054 4014">
    <p class='ocr_par' dir='ltr' id='par_1_67' title="bbox 433 3936 1226 4012">
     <span class='ocr_line' id='line_1_68' title="bbox 433 3936 1226 4012; baseline -0.008 -10"><span class='ocrx_word' id='word_1_439' title='bbox 433 3941 566 4012; x_wconf 88' lang='lat' dir='ltr'><strong>ctis,</strong></span> <span class='ocrx_word' id='word_1_440' title='bbox 601 3938 759 3999; x_wconf 86' lang='lat' dir='ltr'><strong>unde</strong></span> <span class='ocrx_word' id='word_1_441' title='bbox 791 3936 1118 3998; x_wconf 65' lang='lat' dir='ltr'><strong>lmtiﬁcatus</strong></span> <span class='ocrx_word' id='word_1_442' title='bbox 1142 3954 1226 3996; x_wconf 91' lang='lat' dir='ltr'><strong>es.</strong></span> 
     </span>
    </p>
   </div>
   <div class='ocr_carea' id='block_1_68' title="bbox 1677 3936 3298 4014">
    <p class='ocr_par' dir='ltr' id='par_1_68' title="bbox 2159 3936 3298 4014">
     <span class='ocr_line' id='line_1_69' title="bbox 2159 3936 3298 4014; baseline 0.001 -22"><span class='ocrx_word' id='word_1_443' title='bbox 2159 3936 2394 3994; x_wconf 74' lang='grc' dir='ltr'>τουτέστι</span> <span class='ocrx_word' id='word_1_444' title='bbox 2426 3941 2530 3992; x_wconf 82' lang='grc' dir='ltr'>τῶν</span> <span class='ocrx_word' id='word_1_445' title='bbox 2565 3937 2750 4013; x_wconf 75' lang='grc' dir='ltr'>ἁγίων,</span> <span class='ocrx_word' id='word_1_446' title='bbox 2797 3936 2850 4002; x_wconf 73' lang='grc' dir='ltr'><strong>ἒξ</strong></span> <span class='ocrx_word' id='word_1_447' title='bbox 2880 3940 2955 3991; x_wconf 85' lang='grc' dir='ltr'>ὦν</span> <span class='ocrx_word' id='word_1_448' title='bbox 2987 3937 3298 4014; x_wconf 65' lang='grc' dir='ltr'>εὐφράνθης.</span> 
     </span>
    </p>
   </div>
   <div class='ocr_carea' id='block_1_69' title="bbox 514 4023 2135 4104">
    <p class='ocr_par' dir='ltr' id='par_1_69' title="bbox 514 4024 1819 4103">
     <span class='ocr_line' id='line_1_70' title="bbox 514 4024 1819 4103; baseline -0.005 -13"><span class='ocrx_word' id='word_1_449' title='bbox 514 4027 612 4090; x_wconf 73' lang='grc'><strong>22.</strong></span> <span class='ocrx_word' id='word_1_450' title='bbox 652 4027 884 4088; x_wconf 67' lang='lat' dir='ltr'><strong>Anima;</strong></span> <span class='ocrx_word' id='word_1_451' title='bbox 915 4033 1252 4085; x_wconf 89' lang='lat' dir='ltr'><strong>sanctorum</strong></span> <span class='ocrx_word' id='word_1_452' title='bbox 1285 4024 1709 4103; x_wconf 77' lang='lat' dir='ltr'><strong>glorificabunt</strong></span> <span class='ocrx_word' id='word_1_453' title='bbox 1741 4033 1819 4084; x_wconf 88' lang='lat' dir='ltr'><strong>te.</strong></span> 
     </span>
    </p>
   </div>
   <div class='ocr_carea' id='block_1_70' title="bbox 1792 4023 3413 4104">
    <p class='ocr_par' dir='ltr' id='par_1_70' title="bbox 1792 4023 3413 4104">
     <span class='ocr_line' id='line_1_71' title="bbox 1792 4023 3413 4104; baseline 0.003 -25"><span class='ocrx_word' id='word_1_454' title='bbox 1792 4049 1819 4084; x_wconf 80' lang='grc' dir='ltr'><strong>ι.</strong></span> <span class='ocrx_word' id='word_1_455' title='bbox 2241 4023 2342 4086; x_wconf 68' lang='grc'><strong>22.</strong></span> <span class='ocrx_word' id='word_1_456' title='bbox 2377 4027 2437 4081; x_wconf 72' lang='grc' dir='ltr'><strong>Αἰ</strong></span> <span class='ocrx_word' id='word_1_457' title='bbox 2482 4029 2652 4104; x_wconf 77' lang='grc' dir='ltr'>ψυχαὶ</span> <span class='ocrx_word' id='word_1_458' title='bbox 2696 4033 2800 4083; x_wconf 81' lang='grc' dir='ltr'><strong>τῶν</strong></span> <span class='ocrx_word' id='word_1_459' title='bbox 2847 4025 3008 4102; x_wconf 74' lang='grc' dir='ltr'>ἆγίων</span> <span class='ocrx_word' id='word_1_460' title='bbox 3039 4023 3311 4091; x_wconf 72' lang='grc' dir='ltr'>δοξάσοιοσί</span> <span class='ocrx_word' id='word_1_461' title='bbox 3330 4045 3413 4084; x_wconf 86' lang='grc' dir='ltr'><strong>σε.</strong></span> 
     </span>
    </p>
   </div>
   <div class='ocr_carea' id='block_1_71' title="bbox 515 4112 2136 4181">
    <p class='ocr_par' dir='ltr' id='par_1_71' title="bbox 515 4113 936 4179">
     <span class='ocr_line' id='line_1_72' title="bbox 515 4113 936 4179; baseline -0.021 0"><span class='ocrx_word' id='word_1_462' title='bbox 515 4117 614 4179; x_wconf 74' lang='grc'>23.</span> <span class='ocrx_word' id='word_1_463' title='bbox 650 4113 936 4175; x_wconf 86' lang='lat' dir='ltr'><strong>Ecclesia.</strong></span> 
     </span>
    </p>
   </div>
   <div class='ocr_carea' id='block_1_72' title="bbox 1167 4112 2788 4181">
    <p class='ocr_par' dir='ltr' id='par_1_72' title="bbox 2242 4112 2788 4181">
     <span class='ocr_line' id='line_1_73' title="bbox 2242 4112 2788 4181; baseline -0.004 -9"><span class='ocrx_word' id='word_1_464' title='bbox 2242 4113 2342 4176; x_wconf 45' lang='lat'><strong>23&#39;</strong></span> <span class='ocrx_word' id='word_1_465' title='bbox 2374 4113 2438 4170; x_wconf 82' lang='grc' dir='ltr'>Ἢ</span> <span class='ocrx_word' id='word_1_466' title='bbox 2471 4112 2788 4181; x_wconf 75' lang='grc' dir='ltr'>Ἐκκλησία,</span> 
     </span>
    </p>
   </div>
   <div class='ocr_carea' id='block_1_73' title="bbox 515 4201 2136 4285">
    <p class='ocr_par' dir='ltr' id='par_1_73' title="bbox 515 4201 1635 4282">
     <span class='ocr_line' id='line_1_74' title="bbox 515 4201 1635 4282; baseline -0.005 -14"><span class='ocrx_word' id='word_1_467' title='bbox 515 4207 612 4268; x_wconf 70' lang='grc'><strong>24.</strong></span> <span class='ocrx_word' id='word_1_468' title='bbox 651 4206 712 4266; x_wconf 91' lang='lat' dir='ltr'><strong>ln</strong></span> <span class='ocrx_word' id='word_1_469' title='bbox 739 4201 1057 4264; x_wconf 80' lang='lat' dir='ltr'><strong>multifaria</strong></span> <span class='ocrx_word' id='word_1_470' title='bbox 1085 4203 1378 4282; x_wconf 87' lang='lat' dir='ltr'><strong>sapientia</strong></span> <span class='ocrx_word' id='word_1_471' title='bbox 1408 4214 1635 4266; x_wconf 85' lang='lat' dir='ltr'><strong>ornata.</strong></span> 
     </span>
    </p>
   </div>
   <div class='ocr_carea' id='block_1_74' title="bbox 2075 4201 3696 4285">
    <p class='ocr_par' dir='ltr' id='par_1_74' title="bbox 2243 4201 3696 4285">
     <span class='ocr_line' id='line_1_75' title="bbox 2243 4201 3696 4285; baseline -0.002 -24"><span class='ocrx_word' id='word_1_472' title='bbox 2243 4201 2344 4266; x_wconf 71' lang='grc'>24.</span> <span class='ocrx_word' id='word_1_473' title='bbox 2381 4204 2470 4261; x_wconf 81' lang='grc' dir='ltr'>Ἐν</span> <span class='ocrx_word' id='word_1_474' title='bbox 2501 4211 2567 4282; x_wconf 76' lang='grc' dir='ltr'>τῇ</span> <span class='ocrx_word' id='word_1_475' title='bbox 2599 4206 2754 4285; x_wconf 69' lang='grc' dir='ltr'>σοφίᾳ</span> <span class='ocrx_word' id='word_1_476' title='bbox 2796 4211 2864 4282; x_wconf 81' lang='grc' dir='ltr'><strong>τῇ</strong></span> <span class='ocrx_word' id='word_1_477' title='bbox 2895 4203 3261 4277; x_wconf 81' lang='grc' dir='ltr'>πολυποικίλῳ</span> <span class='ocrx_word' id='word_1_478' title='bbox 3287 4203 3696 4279; x_wconf 77' lang='grc' dir='ltr'>κεκοσμημένη,</span> 
     </span>
    </p>
   </div>
   <div class='ocr_carea' id='block_1_75' title="bbox 515 4290 2136 4373">
    <p class='ocr_par' dir='ltr' id='par_1_75' title="bbox 515 4290 2073 4373">
     <span class='ocr_line' id='line_1_76' title="bbox 515 4290 2073 4373; baseline -0.004 -17"><span class='ocrx_word' id='word_1_479' title='bbox 515 4295 615 4358; x_wconf 71' lang='grc'>25.</span> <span class='ocrx_word' id='word_1_480' title='bbox 651 4293 825 4364; x_wconf 86' lang='lat' dir='ltr'><strong>Audi,</strong></span> <span class='ocrx_word' id='word_1_481' title='bbox 861 4291 1004 4353; x_wconf 83' lang='lat' dir='ltr'><strong>dicit</strong></span> <span class='ocrx_word' id='word_1_482' title='bbox 1053 4291 1336 4354; x_wconf 76' lang='lat' dir='ltr'><strong>Ecclesiae</strong></span> <span class='ocrx_word' id='word_1_483' title='bbox 1368 4311 1436 4354; x_wconf 86' lang='lat' dir='ltr'><strong>ex</strong></span> <span class='ocrx_word' id='word_1_484' title='bbox 1469 4293 1742 4370; x_wconf 81' lang='lat' dir='ltr'><strong>gentibus</strong></span> <span class='ocrx_word' id='word_1_485' title='bbox 1777 4290 2073 4373; x_wconf 78' lang='lat' dir='ltr'><strong>praedica-</strong></span> 
     </span>
    </p>
   </div>
   <div class='ocr_carea' id='block_1_76' title="bbox 2191 4290 3812 4373">
    <p class='ocr_par' dir='ltr' id='par_1_76' title="bbox 2245 4291 3812 4372">
     <span class='ocr_line' id='line_1_77' title="bbox 2245 4291 3812 4372; baseline -0.003 -20"><span class='ocrx_word' id='word_1_486' title='bbox 2245 4294 2341 4356; x_wconf 68' lang='grc'><strong>25.</strong></span> <span class='ocrx_word' id='word_1_487' title='bbox 2382 4292 2682 4364; x_wconf 73' lang='grc' dir='ltr'>”Λκο.ισον,</span> <span class='ocrx_word' id='word_1_488' title='bbox 2739 4295 2879 4372; x_wconf 74' lang='grc' dir='ltr'>λέγει</span> <span class='ocrx_word' id='word_1_489' title='bbox 2940 4301 3013 4371; x_wconf 78' lang='grc' dir='ltr'><strong>τῇ</strong></span> <span class='ocrx_word' id='word_1_490' title='bbox 3070 4291 3367 4365; x_wconf 80' lang='grc' dir='ltr'>Ἐκκλησίᾴ</span> <span class='ocrx_word' id='word_1_491' title='bbox 3421 4300 3488 4370; x_wconf 79' lang='grc' dir='ltr'><strong>τῇ</strong></span> <span class='ocrx_word' id='word_1_492' title='bbox 3533 4291 3585 4358; x_wconf 79' lang='grc' dir='ltr'>ἐξ</span> <span class='ocrx_word' id='word_1_493' title='bbox 3619 4294 3812 4372; x_wconf 76' lang='grc' dir='ltr'>ἐθνῶν,</span> 
     </span>
    </p>
   </div>
   <div class='ocr_carea' id='block_1_77' title="bbox 437 4379 2058 4463">
    <p class='ocr_par' dir='ltr' id='par_1_77' title="bbox 437 4381 2058 4463">
     <span class='ocr_line' id='line_1_78' title="bbox 437 4381 2058 4463; baseline -0.003 -16"><span class='ocrx_word' id='word_1_494' title='bbox 437 4386 660 4447; x_wconf 90' lang='lat' dir='ltr'><strong>tionem</strong></span> <span class='ocrx_word' id='word_1_495' title='bbox 695 4381 955 4456; x_wconf 90' lang='lat' dir='ltr'><strong>Domiui,</strong></span> <span class='ocrx_word' id='word_1_496' title='bbox 983 4390 1042 4442; x_wconf 89' lang='lat' dir='ltr'><strong>et</strong></span> <span class='ocrx_word' id='word_1_497' title='bbox 1071 4383 1308 4444; x_wconf 90' lang='lat' dir='ltr'><strong>attende</strong></span> <span class='ocrx_word' id='word_1_498' title='bbox 1359 4382 1548 4444; x_wconf 89' lang='lat' dir='ltr'><strong>oculis</strong></span> <span class='ocrx_word' id='word_1_499' title='bbox 1578 4383 1776 4444; x_wconf 91' lang='lat' dir='ltr'><strong>cordis</strong></span> <span class='ocrx_word' id='word_1_500' title='bbox 1809 4399 2058 4463; x_wconf 64' lang='lat' dir='ltr'><strong>praecep-</strong></span> 
     </span>
    </p>
   </div>
   <div class='ocr_carea' id='block_1_78' title="bbox 2196 4379 3817 4463">
    <p class='ocr_par' dir='ltr' id='par_1_78' title="bbox 2197 4381 3817 4463">
     <span class='ocr_line' id='line_1_79' title="bbox 2197 4381 3817 4463; baseline -0.001 -24"><span class='ocrx_word' id='word_1_501' title='bbox 2197 4391 2254 4439; x_wconf 77' lang='grc' dir='ltr'>οὗ</span> <span class='ocrx_word' id='word_1_502' title='bbox 2285 4384 2740 4461; x_wconf 84' lang='grc' dir='ltr'>κηρύγματοςτοῦ</span> <span class='ocrx_word' id='word_1_503' title='bbox 2770 4385 2987 4463; x_wconf 82' lang='grc' dir='ltr'>Κυρίου,</span> <span class='ocrx_word' id='word_1_504' title='bbox 3038 4385 3124 4440; x_wconf 87' lang='grc' dir='ltr'>καὶ</span> <span class='ocrx_word' id='word_1_505' title='bbox 3166 4384 3404 4462; x_wconf 80' lang='grc' dir='ltr'>πρόσχες</span> <span class='ocrx_word' id='word_1_506' title='bbox 3452 4396 3569 4448; x_wconf 77' lang='grc' dir='ltr'>τοῖς</span> <span class='ocrx_word' id='word_1_507' title='bbox 3613 4381 3817 4460; x_wconf 58' lang='grc' dir='ltr'>ὀφθαλ-</span> 
     </span>
    </p>
   </div>
   <div class='ocr_carea' id='block_1_79' title="bbox 439 4471 2060 4552">
    <p class='ocr_par' dir='ltr' id='par_1_79' title="bbox 439 4471 1391 4552">
     <span class='ocr_line' id='line_1_80' title="bbox 439 4471 1391 4552; baseline -0.004 -13"><span class='ocrx_word' id='word_1_508' title='bbox 439 4476 514 4539; x_wconf 83' lang='lat' dir='ltr'><strong>tis</strong></span> <span class='ocrx_word' id='word_1_509' title='bbox 542 4471 806 4552; x_wconf 88' lang='lat' dir='ltr'><strong>Domini,</strong></span> <span class='ocrx_word' id='word_1_510' title='bbox 842 4479 898 4532; x_wconf 89' lang='lat' dir='ltr'><strong>et</strong></span> <span class='ocrx_word' id='word_1_511' title='bbox 933 4471 1197 4536; x_wconf 86' lang='lat' dir='ltr'><strong>ausculta</strong></span> <span class='ocrx_word' id='word_1_512' title='bbox 1232 4491 1391 4535; x_wconf 86' lang='lat' dir='ltr'><strong>eum.</strong></span> 
     </span>
    </p>
   </div>
   <div class='ocr_carea' id='block_1_80' title="bbox 2192 4471 3813 4552">
    <p class='ocr_par' dir='ltr' id='par_1_80' title="bbox 2192 4471 3813 4551">
     <span class='ocr_line' id='line_1_81' title="bbox 2192 4471 3813 4551; baseline -0.001 -23"><span class='ocrx_word' id='word_1_513' title='bbox 2192 4486 2290 4533; x_wconf 78' lang='grc' dir='ltr'>ιοϊς</span> <span class='ocrx_word' id='word_1_514' title='bbox 2321 4479 2418 4539; x_wconf 76' lang='grc' dir='ltr'>τῆς</span> <span class='ocrx_word' id='word_1_515' title='bbox 2457 4471 2668 4550; x_wconf 79' lang='grc' dir='ltr'>καρδίας</span> <span class='ocrx_word' id='word_1_516' title='bbox 2712 4488 2832 4536; x_wconf 73' lang='grc' dir='ltr'>ταῖς</span> <span class='ocrx_word' id='word_1_517' title='bbox 2876 4473 3119 4538; x_wconf 75' lang='grc' dir='ltr'>ἐντολαῖς</span> <span class='ocrx_word' id='word_1_518' title='bbox 3176 4480 3270 4530; x_wconf 79' lang='grc' dir='ltr'>τοῦ</span> <span class='ocrx_word' id='word_1_519' title='bbox 3321 4473 3536 4551; x_wconf 68' lang='grc' dir='ltr'>Κυρίου,</span> <span class='ocrx_word' id='word_1_520' title='bbox 3584 4473 3673 4527; x_wconf 86' lang='grc' dir='ltr'><strong>καὶ</strong></span> <span class='ocrx_word' id='word_1_521' title='bbox 3704 4473 3813 4528; x_wconf 72' lang='grc' dir='ltr'><strong>ὕπ-</strong></span> 
     </span>
    </p>
   </div>
   <div class='ocr_carea' id='block_1_81' title="bbox 2164 4564 2607 4621">
    <p class='ocr_par' dir='ltr' id='par_1_81' title="bbox 2164 4564 2607 4621">
     <span class='ocr_line' id='line_1_82' title="bbox 2164 4564 2607 4621; baseline 0.009 -5"><span class='ocrx_word' id='word_1_522' title='bbox 2164 4564 2385 4619; x_wconf 83' lang='grc' dir='ltr'>άκουσον</span> <span class='ocrx_word' id='word_1_523' title='bbox 2430 4564 2607 4621; x_wconf 57' lang='grc' dir='ltr'>αὑτοῦ.</span> 
     </span>
    </p>
   </div>
   <div class='ocr_carea' id='block_1_82' title="bbox 519 4647 2140 4730">
    <p class='ocr_par' dir='ltr' id='par_1_82' title="bbox 519 4647 1991 4730">
     <span class='ocr_line' id='line_1_83' title="bbox 519 4647 1991 4730; baseline -0.004 -14"><span class='ocrx_word' id='word_1_524' title='bbox 519 4654 616 4718; x_wconf 77' lang='grc'>26.</span> <span class='ocrx_word' id='word_1_525' title='bbox 654 4653 726 4715; x_wconf 86' lang='grc' dir='ltr'>Ει</span> <span class='ocrx_word' id='word_1_526' title='bbox 760 4651 1110 4713; x_wconf 82' lang='lat' dir='ltr'><strong>obliviscere</strong></span> <span class='ocrx_word' id='word_1_527' title='bbox 1142 4651 1508 4730; x_wconf 71' lang='lat' dir='ltr'><strong>gentilitatis,</strong></span> <span class='ocrx_word' id='word_1_528' title='bbox 1544 4657 1601 4710; x_wconf 90' lang='lat' dir='ltr'><strong>et</strong></span> <span class='ocrx_word' id='word_1_529' title='bbox 1626 4647 1991 4710; x_wconf 72' lang='lat' dir='ltr'><strong>idololatriae.</strong></span> 
     </span>
    </p>
   </div>
   <div class='ocr_carea' id='block_1_83' title="bbox 2192 4647 3813 4730">
    <p class='ocr_par' dir='ltr' id='par_1_83' title="bbox 2242 4649 3813 4728">
     <span class='ocr_line' id='line_1_84' title="bbox 2242 4649 3813 4728; baseline -0.003 -18"><span class='ocrx_word' id='word_1_530' title='bbox 2242 4649 2340 4710; x_wconf 63' lang='grc'><strong>96.</strong></span> <span class='ocrx_word' id='word_1_531' title='bbox 2378 4652 2482 4713; x_wconf 86' lang='grc' dir='ltr'>Καὶ</span> <span class='ocrx_word' id='word_1_532' title='bbox 2531 4650 2779 4708; x_wconf 71' lang='grc' dir='ltr'>ἐπιλάθου</span> <span class='ocrx_word' id='word_1_533' title='bbox 2836 4659 2926 4710; x_wconf 81' lang='grc' dir='ltr'>τοῦ</span> <span class='ocrx_word' id='word_1_534' title='bbox 2973 4651 3332 4728; x_wconf 75' lang='grc' dir='ltr'>Ἑλληνισμοῦ</span> <span class='ocrx_word' id='word_1_535' title='bbox 3371 4652 3460 4708; x_wconf 85' lang='grc' dir='ltr'><strong>καὶ</strong></span> <span class='ocrx_word' id='word_1_536' title='bbox 3502 4657 3600 4719; x_wconf 76' lang='grc' dir='ltr'><strong>τῆς</strong></span> <span class='ocrx_word' id='word_1_537' title='bbox 3658 4650 3813 4708; x_wconf 77' lang='grc' dir='ltr'>εἰδω-</span> 
     </span>
    </p>
   </div>
   <div class='ocr_carea' id='block_1_84' title="bbox 2164 4739 2493 4817">
    <p class='ocr_par' dir='ltr' id='par_1_84' title="bbox 2164 4739 2493 4817">
     <span class='ocr_line' id='line_1_85' title="bbox 2164 4739 2493 4817; baseline 0 -21"><span class='ocrx_word' id='word_1_538' title='bbox 2164 4739 2493 4817; x_wconf 83' lang='grc' dir='ltr'>λολατρείας.</span> 
     </span>
    </p>
   </div>
   <div class='ocr_carea' id='block_1_85' title="bbox 519 4828 2140 4908">
    <p class='ocr_par' dir='ltr' id='par_1_85' title="bbox 519 4830 1370 4895">
     <span class='ocr_line' id='line_1_86' title="bbox 519 4830 1370 4895; baseline -0.005 0"><span class='ocrx_word' id='word_1_539' title='bbox 519 4832 617 4895; x_wconf 84' lang='grc'><strong>27.</strong></span> <span class='ocrx_word' id='word_1_540' title='bbox 659 4831 946 4895; x_wconf 68' lang='lat' dir='ltr'><strong>Dominus</strong></span> <span class='ocrx_word' id='word_1_541' title='bbox 979 4830 1154 4892; x_wconf 81' lang='lat' dir='ltr'><strong>tidem</strong></span> <span class='ocrx_word' id='word_1_542' title='bbox 1188 4838 1370 4892; x_wconf 90' lang='lat' dir='ltr'><strong>tuam.</strong></span> 
     </span>
    </p>
   </div>
   <div class='ocr_carea' id='block_1_86' title="bbox 1602 4828 3223 4908">
    <p class='ocr_par' dir='ltr' id='par_1_86' title="bbox 2245 4828 3223 4908">
     <span class='ocr_line' id='line_1_87' title="bbox 2245 4828 3223 4908; baseline -0.003 -18"><span class='ocrx_word' id='word_1_543' title='bbox 2245 4829 2346 4890; x_wconf 59' lang='lat'><strong>97.</strong></span> <span class='ocrx_word' id='word_1_544' title='bbox 2383 4828 2442 4886; x_wconf 79' lang='grc' dir='ltr'>Ὀ</span> <span class='ocrx_word' id='word_1_545' title='bbox 2487 4831 2680 4908; x_wconf 80' lang='grc' dir='ltr'>Κύριος</span> <span class='ocrx_word' id='word_1_546' title='bbox 2723 4836 2820 4898; x_wconf 78' lang='grc' dir='ltr'>τῆς</span> <span class='ocrx_word' id='word_1_547' title='bbox 2854 4832 3080 4896; x_wconf 84' lang='grc' dir='ltr'>πίστεώς</span> <span class='ocrx_word' id='word_1_548' title='bbox 3113 4853 3223 4893; x_wconf 85' lang='grc' dir='ltr'>σου,</span> 
     </span>
    </p>
   </div>
   <div class='ocr_carea' id='block_1_87' title="bbox 519 4915 2140 4998">
    <p class='ocr_par' dir='ltr' id='par_1_87' title="bbox 519 4915 2082 4998">
     <span class='ocr_line' id='line_1_88' title="bbox 519 4915 2082 4998; baseline -0.005 -14"><span class='ocrx_word' id='word_1_549' title='bbox 519 4921 617 4984; x_wconf 86' lang='grc'>28.</span> <span class='ocrx_word' id='word_1_550' title='bbox 656 4921 944 4993; x_wconf 83' lang='lat' dir='ltr'><strong>Quoniam</strong></span> <span class='ocrx_word' id='word_1_551' title='bbox 982 4921 1106 4998; x_wconf 67' lang='lat' dir='ltr'><strong>ipse</strong></span> <span class='ocrx_word' id='word_1_552' title='bbox 1140 4929 1229 4982; x_wconf 85' lang='lat' dir='ltr'><strong>est</strong></span> <span class='ocrx_word' id='word_1_553' title='bbox 1267 4919 1554 4980; x_wconf 90' lang='lat' dir='ltr'><strong>Dominus</strong></span> <span class='ocrx_word' id='word_1_554' title='bbox 1590 4925 1814 4992; x_wconf 88' lang='lat' dir='ltr'><strong>tuus,et</strong></span> <span class='ocrx_word' id='word_1_555' title='bbox 1842 4915 2082 4997; x_wconf 85' lang='lat' dir='ltr'><strong>ipsiﬂe-</strong></span> 
     </span>
    </p>
   </div>
   <div class='ocr_carea' id='block_1_88' title="bbox 2195 4915 3816 4998">
    <p class='ocr_par' dir='ltr' id='par_1_88' title="bbox 2248 4917 3816 4994">
     <span class='ocr_line' id='line_1_89' title="bbox 2248 4917 3816 4994; baseline 0 -19"><span class='ocrx_word' id='word_1_556' title='bbox 2248 4918 2347 4980; x_wconf 79' lang='grc'>28.</span> <span class='ocrx_word' id='word_1_557' title='bbox 2382 4917 2516 4975; x_wconf 76' lang='grc' dir='ltr'>’Ὅτι</span> <span class='ocrx_word' id='word_1_558' title='bbox 2549 4920 2704 4981; x_wconf 56' lang='lat' dir='ltr'><strong>arb-.6;</strong></span> <span class='ocrx_word' id='word_1_559' title='bbox 2738 4921 2845 4976; x_wconf 71' lang='grc' dir='ltr'>ἐστι</span> <span class='ocrx_word' id='word_1_560' title='bbox 2901 4923 3177 4987; x_wconf 73' lang='grc' dir='ltr'>Δεσπότης</span> <span class='ocrx_word' id='word_1_561' title='bbox 3225 4943 3342 4993; x_wconf 87' lang='grc' dir='ltr'>σου,</span> <span class='ocrx_word' id='word_1_562' title='bbox 3397 4923 3484 4978; x_wconf 83' lang='grc' dir='ltr'><strong>καὶ</strong></span> <span class='ocrx_word' id='word_1_563' title='bbox 3513 4924 3660 4994; x_wconf 73' lang='grc' dir='ltr'>αὒτῷ</span> <span class='ocrx_word' id='word_1_564' title='bbox 3689 4919 3816 4975; x_wconf 81' lang='grc' dir='ltr'>κλί-</span> 
     </span>
    </p>
   </div>
   <div class='ocr_carea' id='block_1_89' title="bbox 439 5006 2060 5090">
    <p class='ocr_par' dir='ltr' id='par_1_89' title="bbox 439 5006 1768 5090">
     <span class='ocr_line' id='line_1_90' title="bbox 439 5006 1768 5090; baseline -0.005 -17"><span class='ocrx_word' id='word_1_565' title='bbox 439 5011 618 5074; x_wconf 89' lang='lat' dir='ltr'><strong>ctitur</strong></span> <span class='ocrx_word' id='word_1_566' title='bbox 647 5029 822 5072; x_wconf 88' lang='lat' dir='ltr'><strong>omne</strong></span> <span class='ocrx_word' id='word_1_567' title='bbox 853 5029 1006 5090; x_wconf 88' lang='lat' dir='ltr'><strong>genu</strong></span> <span class='ocrx_word' id='word_1_568' title='bbox 1041 5010 1098 5070; x_wconf 91' lang='lat' dir='ltr'><strong>in</strong></span> <span class='ocrx_word' id='word_1_569' title='bbox 1132 5012 1282 5073; x_wconf 66' lang='lat' dir='ltr'><strong>caelo</strong></span> <span class='ocrx_word' id='word_1_570' title='bbox 1317 5020 1372 5070; x_wconf 88' lang='lat' dir='ltr'><strong>et</strong></span> <span class='ocrx_word' id='word_1_571' title='bbox 1406 5010 1462 5069; x_wconf 92' lang='lat' dir='ltr'><strong>in</strong></span> <span class='ocrx_word' id='word_1_572' title='bbox 1501 5015 1656 5068; x_wconf 89' lang='lat' dir='ltr'><strong>terra</strong></span> <span class='ocrx_word' id='word_1_573' title='bbox 1681 5006 1768 5068; x_wconf 75' lang='grc'><strong>65.</strong></span> 
     </span>
    </p>
   </div>
   <div class='ocr_carea' id='block_1_90' title="bbox 1792 5006 3413 5090">
    <p class='ocr_par' dir='ltr' id='par_1_90' title="bbox 2169 5006 3413 5088">
     <span class='ocr_line' id='line_1_91' title="bbox 2169 5006 3413 5088; baseline 0.013 -25"><span class='ocrx_word' id='word_1_574' title='bbox 2169 5030 2244 5064; x_wconf 86' lang='grc' dir='ltr'><strong>νει</strong></span> <span class='ocrx_word' id='word_1_575' title='bbox 2274 5007 2357 5087; x_wconf 80' lang='grc'><strong>(3)</strong></span> <span class='ocrx_word' id='word_1_576' title='bbox 2391 5006 2545 5087; x_wconf 81' lang='grc' dir='ltr'>[πᾶν]</span> <span class='ocrx_word' id='word_1_577' title='bbox 2580 5011 2703 5086; x_wconf 79' lang='grc' dir='ltr'>γόνυ</span> <span class='ocrx_word' id='word_1_578' title='bbox 2736 5010 2788 5066; x_wconf 79' lang='grc' dir='ltr'>ἐν</span> <span class='ocrx_word' id='word_1_579' title='bbox 2819 5012 3020 5088; x_wconf 74' lang='grc' dir='ltr'>ούρανῴ</span> <span class='ocrx_word' id='word_1_580' title='bbox 3050 5013 3138 5066; x_wconf 77' lang='grc' dir='ltr'>καὶ</span> <span class='ocrx_word' id='word_1_581' title='bbox 3170 5010 3254 5066; x_wconf 79' lang='grc' dir='ltr'>ἐπὶ</span> <span class='ocrx_word' id='word_1_582' title='bbox 3285 5013 3413 5088; x_wconf 63' lang='grc' dir='ltr'>γῆς.</span> 
     </span>
    </p>
   </div>
   <div class='ocr_carea' id='block_1_91' title="bbox 520 5094 2141 5179">
    <p class='ocr_par' dir='ltr' id='par_1_91' title="bbox 520 5094 2084 5178">
     <span class='ocr_line' id='line_1_92' title="bbox 520 5094 2084 5178; baseline -0.006 -14"><span class='ocrx_word' id='word_1_583' title='bbox 520 5101 597 5164; x_wconf 76' lang='grc'>29</span> <span class='ocrx_word' id='word_1_584' title='bbox 657 5101 718 5162; x_wconf 88' lang='lat' dir='ltr'><strong>Et</strong></span> <span class='ocrx_word' id='word_1_585' title='bbox 755 5101 873 5162; x_wconf 84' lang='lat' dir='ltr'><strong>ﬁlia</strong></span> <span class='ocrx_word' id='word_1_586' title='bbox 901 5099 1297 5173; x_wconf 79' lang='lat' dir='ltr'><strong>confusionis,</strong></span> <span class='ocrx_word' id='word_1_587' title='bbox 1332 5116 1548 5178; x_wconf 87' lang='lat' dir='ltr'><strong>nempe</strong></span> <span class='ocrx_word' id='word_1_588' title='bbox 1572 5094 1946 5167; x_wconf 66' lang='lat' dir='ltr'><strong>idololatriae,</strong></span> <span class='ocrx_word' id='word_1_589' title='bbox 1984 5094 2084 5156; x_wconf 90' lang='lat' dir='ltr'><strong>ad-</strong></span> 
     </span>
    </p>
   </div>
   <div class='ocr_carea' id='block_1_92' title="bbox 2190 5094 3811 5179">
    <p class='ocr_par' dir='ltr' id='par_1_92' title="bbox 2247 5098 3811 5179">
     <span class='ocr_line' id='line_1_93' title="bbox 2247 5098 3811 5179; baseline 0 -24"><span class='ocrx_word' id='word_1_590' title='bbox 2247 5098 2343 5158; x_wconf 73' lang='grc'><strong>29.</strong></span> <span class='ocrx_word' id='word_1_591' title='bbox 2384 5099 2479 5155; x_wconf 74' lang='grc' dir='ltr'><strong>Καὶ</strong></span> <span class='ocrx_word' id='word_1_592' title='bbox 2508 5104 2606 5165; x_wconf 77' lang='grc' dir='ltr'>τῆς</span> <span class='ocrx_word' id='word_1_593' title='bbox 2653 5101 2958 5179; x_wconf 74' lang='grc' dir='ltr'>συγχύσεως</span> <span class='ocrx_word' id='word_1_594' title='bbox 3013 5101 3274 5178; x_wconf 72' lang='grc' dir='ltr'>θυγάτηρ,</span> <span class='ocrx_word' id='word_1_595' title='bbox 3324 5099 3466 5178; x_wconf 77' lang='grc' dir='ltr'>λέγω</span> <span class='ocrx_word' id='word_1_596' title='bbox 3495 5098 3561 5168; x_wconf 78' lang='grc' dir='ltr'><strong>δὴ</strong></span> <span class='ocrx_word' id='word_1_597' title='bbox 3589 5102 3690 5167; x_wconf 76' lang='grc' dir='ltr'>τῆς</span> <span class='ocrx_word' id='word_1_598' title='bbox 3724 5103 3811 5155; x_wconf 81' lang='grc' dir='ltr'><strong>εἰ-</strong></span> 
     </span>
    </p>
   </div>
   <div class='ocr_carea' id='block_1_93' title="bbox 441 5185 2062 5270">
    <p class='ocr_par' dir='ltr' id='par_1_93' title="bbox 441 5187 2062 5268">
     <span class='ocr_line' id='line_1_94' title="bbox 441 5187 2062 5268; baseline -0.006 -15"><span class='ocrx_word' id='word_1_599' title='bbox 441 5190 616 5253; x_wconf 81' lang='lat' dir='ltr'><strong>ducta</strong></span> <span class='ocrx_word' id='word_1_600' title='bbox 660 5198 748 5250; x_wconf 81' lang='lat' dir='ltr'><strong>est</strong></span> <span class='ocrx_word' id='word_1_601' title='bbox 799 5189 870 5250; x_wconf 89' lang='lat' dir='ltr'><strong>ad</strong></span> <span class='ocrx_word' id='word_1_602' title='bbox 926 5189 1124 5249; x_wconf 77' lang='lat' dir='ltr'><strong>fidem.</strong></span> <span class='ocrx_word' id='word_1_603' title='bbox 1187 5187 1386 5268; x_wconf 83' lang='lat' dir='ltr'><strong>Tyrus</strong></span> <span class='ocrx_word' id='word_1_604' title='bbox 1440 5187 1600 5248; x_wconf 89' lang='lat' dir='ltr'><strong>enim</strong></span> <span class='ocrx_word' id='word_1_605' title='bbox 1661 5187 2062 5266; x_wconf 70' lang='lat' dir='ltr'><strong>interpretum</strong></span> 
     </span>
    </p>
   </div>
   <div class='ocr_carea' id='block_1_94' title="bbox 2195 5185 3816 5270">
    <p class='ocr_par' dir='ltr' id='par_1_94' title="bbox 2197 5186 3816 5270">
     <span class='ocr_line' id='line_1_95' title="bbox 2197 5186 3816 5270; baseline 0.001 -26"><span class='ocrx_word' id='word_1_606' title='bbox 2197 5186 2577 5265; x_wconf 74' lang='grc' dir='ltr'>ωλολατρείας,</span> <span class='ocrx_word' id='word_1_607' title='bbox 2654 5189 3001 5270; x_wconf 75' lang='grc' dir='ltr'>προσηνέχθη</span> <span class='ocrx_word' id='word_1_608' title='bbox 3077 5193 3130 5246; x_wconf 73' lang='grc' dir='ltr'>ἓν</span> <span class='ocrx_word' id='word_1_609' title='bbox 3210 5191 3408 5254; x_wconf 83' lang='grc' dir='ltr'>πίστει,</span> <span class='ocrx_word' id='word_1_610' title='bbox 3471 5190 3635 5265; x_wconf 79' lang='grc' dir='ltr'>Τύρος</span> <span class='ocrx_word' id='word_1_611' title='bbox 3709 5190 3816 5267; x_wconf 75' lang='grc' dir='ltr'><strong>γὰρ</strong></span> 
     </span>
    </p>
   </div>
   <div class='ocr_carea' id='block_1_95' title="bbox 442 5278 2063 5359">
    <p class='ocr_par' dir='ltr' id='par_1_95' title="bbox 442 5281 737 5359">
     <span class='ocr_line' id='line_1_96' title="bbox 442 5281 737 5359; baseline 0.01 -19"><span class='ocrx_word' id='word_1_612' title='bbox 442 5281 737 5359; x_wconf 78' lang='lat' dir='ltr'><strong>confusio.</strong></span> 
     </span>
    </p>
   </div>
   <div class='ocr_carea' id='block_1_96' title="bbox 1220 5278 2841 5359">
    <p class='ocr_par' dir='ltr' id='par_1_96' title="bbox 2165 5278 2841 5356">
     <span class='ocr_line' id='line_1_97' title="bbox 2165 5278 2841 5356; baseline 0.01 -24"><span class='ocrx_word' id='word_1_613' title='bbox 2165 5278 2424 5356; x_wconf 79' lang='grc' dir='ltr'>σύγχυσις</span> <span class='ocrx_word' id='word_1_614' title='bbox 2471 5278 2841 5353; x_wconf 77' lang='grc' dir='ltr'>ἑρμηνεύεται.</span> 
     </span>
    </p>
   </div>
   <div class='ocr_carea' id='block_1_97' title="bbox 523 5380 2057 5465">
    <p class='ocr_par' dir='ltr' id='par_1_97' title="bbox 523 5380 2057 5465">
     <span class='ocr_line' id='line_1_98' title="bbox 523 5380 2057 5465; baseline -0.004 -16"><span class='ocrx_word' id='word_1_615' title='bbox 523 5385 588 5437; x_wconf 76' lang='grc'>65</span> <span class='ocrx_word' id='word_1_616' title='bbox 615 5389 723 5449; x_wconf 88' lang='lat' dir='ltr'><strong>lsa.</strong></span> <span class='ocrx_word' id='word_1_617' title='bbox 759 5402 894 5461; x_wconf 63' lang='grc' dir='ltr'>χεν,</span> <span class='ocrx_word' id='word_1_618' title='bbox 931 5387 1047 5465; x_wconf 68' lang='lat'><strong>‘24;</strong></span> <span class='ocrx_word' id='word_1_619' title='bbox 1085 5387 1260 5448; x_wconf 75' lang='lat' dir='ltr'><strong>Rom.</strong></span> <span class='ocrx_word' id='word_1_620' title='bbox 1299 5401 1414 5465; x_wconf 72' lang='lat' dir='ltr'><strong>xw,</strong></span> <span class='ocrx_word' id='word_1_621' title='bbox 1460 5385 1514 5447; x_wconf 89' lang='lat' dir='ltr'><strong>ll</strong></span> <span class='ocrx_word' id='word_1_622' title='bbox 1553 5407 1568 5464; x_wconf 85' lang='lat'><strong>;</strong></span> <span class='ocrx_word' id='word_1_623' title='bbox 1604 5382 1822 5464; x_wconf 83' lang='lat' dir='ltr'><strong>Philip.</strong></span> <span class='ocrx_word' id='word_1_624' title='bbox 1859 5400 1920 5456; x_wconf 78' lang='grc' dir='ltr'><strong>ιι,</strong></span> <span class='ocrx_word' id='word_1_625' title='bbox 1959 5380 2057 5443; x_wconf 91' lang='grc'><strong>10.</strong></span> 
     </span>
    </p>
   </div>
   <div class='ocr_carea' id='block_1_98' title="bbox 1467 5505 2777 5583">
    <p class='ocr_par' dir='ltr' id='par_1_98' title="bbox 1467 5505 2777 5583">
     <span class='ocr_line' id='line_1_99' title="bbox 1467 5505 2777 5583; baseline -0.005 -13"><span class='ocrx_word' id='word_1_626' title='bbox 1467 5507 1767 5570; x_wconf 86' lang='lat' dir='ltr'><strong>Addenda</strong></span> <span class='ocrx_word' id='word_1_627' title='bbox 1797 5513 1859 5570; x_wconf 87' lang='lat' dir='ltr'><strong>et</strong></span> <span class='ocrx_word' id='word_1_628' title='bbox 1887 5505 2261 5583; x_wconf 89' lang='lat' dir='ltr'><strong>corrigenda</strong></span> <span class='ocrx_word' id='word_1_629' title='bbox 2291 5522 2368 5570; x_wconf 85' lang='lat' dir='ltr'><strong>ex</strong></span> <span class='ocrx_word' id='word_1_630' title='bbox 2397 5505 2537 5568; x_wconf 89' lang='lat' dir='ltr'><strong>cod.</strong></span> <span class='ocrx_word' id='word_1_631' title='bbox 2575 5505 2777 5569; x_wconf 86' lang='lat' dir='ltr'><strong>Vatic.</strong></span> 
     </span>
    </p>
   </div>
   <div class='ocr_carea' id='block_1_99' title="bbox 532 5611 2153 5695">
    <p class='ocr_par' dir='ltr' id='par_1_99' title="bbox 532 5615 1062 5695">
     <span class='ocr_line' id='line_1_100' title="bbox 532 5615 1062 5695; baseline -0.008 -17"><span class='ocrx_word' id='word_1_632' title='bbox 532 5621 572 5680; x_wconf 74' lang='lat'><strong>11</strong></span> <span class='ocrx_word' id='word_1_633' title='bbox 594 5620 608 5695; x_wconf 83' lang='grc'>)</span> <span class='ocrx_word' id='word_1_634' title='bbox 647 5621 824 5675; x_wconf 61' lang='grc' dir='ltr'>Αὐτῶν</span> <span class='ocrx_word' id='word_1_635' title='bbox 867 5615 1062 5675; x_wconf 79' lang='lat' dir='ltr'><strong>deest.</strong></span> 
     </span>
    </p>
   </div>
   <div class='ocr_carea' id='block_1_100' title="bbox 996 5611 2617 5695">
    <p class='ocr_par' dir='ltr' id='par_1_100' title="bbox 996 5611 2617 5691">
     <span class='ocr_line' id='line_1_101' title="bbox 996 5611 2617 5691; baseline -0.001 -17"><span class='ocrx_word' id='word_1_636' title='bbox 996 5623 1062 5674; x_wconf 82' lang='lat' dir='ltr'><strong>5t.</strong></span> <span class='ocrx_word' id='word_1_637' title='bbox 2255 5611 2344 5691; x_wconf 84' lang='lat'><strong>(3)</strong></span> <span class='ocrx_word' id='word_1_638' title='bbox 2368 5611 2617 5674; x_wconf 79' lang='grc' dir='ltr'>Κλινεϊς.</span> 
     </span>
    </p>
   </div>
   <div class='ocr_carea' id='block_1_101' title="bbox 526 5696 1138 5777">
    <p class='ocr_par' dir='ltr' id='par_1_101' title="bbox 526 5696 1138 5777">
     <span class='ocr_line' id='line_1_102' title="bbox 526 5696 1138 5777; baseline -0.015 -19"><span class='ocrx_word' id='word_1_639' title='bbox 526 5697 606 5777; x_wconf 61' lang='lat'><strong>(2)</strong></span> <span class='ocrx_word' id='word_1_640' title='bbox 641 5696 989 5760; x_wconf 81' lang='grc' dir='ltr'>Διδασκαλίας</span> <span class='ocrx_word' id='word_1_641' title='bbox 1023 5716 1138 5755; x_wconf 73' lang='grc' dir='ltr'>σοι).</span> 
     </span>
    </p>
   </div>
  </div>
