4054 6206
251 348 376 418 833
1153 347 1251 414 DE
1295 347 1608 414 TITULIS
1650 341 2090 410 PSAMORUM.
2144 381 2215 392 —
2262 345 2472 411 PSAL.
2522 346 2725 414 XLVI.
3511 360 3627 429 834

333 487 439 551 20.
474 489 795 571 Σχολάσατε
839 489 928 546 καὶ
986 491 1185 566 γνῶτε,
1244 484 1325 541 ὅτι
1386 484 1494 563 ἐγώ
1532 485 1638 573 εἰμι
1683 484 1710 538 6
1755 489 1842 538 Θεε

2077 482 2400 573 20.Vacate
2419 495 2476 549 et
2499 489 2840 566 cognoscite
2862 493 3138 572 quoniam
3155 511 3262 573 ego
3289 514 3419 559 sum
3446 501 3626 563 Deus.

334 575 440 640 21.
473 576 864 656 ’Υψωθήσομαι
897 579 952 635 ὲν
1008 589 1126 640 τοϊς
1178 575 1398 650 ἔθνεσιν,
1448 571 1798 649 ὑψωθήσομαι

2069 571 2172 636 21.
2205 572 2522 638 Exaltabor
2553 577 2613 638 in
2645 571 2945 662 gentibus,
2997 571 3300 646 exaltabor
3348 586 3408 648 in
3451 595 3618 652 terra.

249 674 320 744 τῇ
351 675 450 745 γῇ.

331 755 436 820 22.
477 759 666 837 Κύριος
695 761 799 815 τῶν
826 756 1098 833 δυνάμεων
1128 755 1244 831 μεθ’
1273 755 1428 829 ἡμῶν
1465 768 1480 784 ⁸

2069 747 2169 812 22.
2209 752 2494 816 Dominus
2524 756 2808 820 virtutum
2833 759 3145 823 nobiscum
3183 785 3196 824 :

331 844 437 908 23.
473 847 848 924 Ἀντιλήπτωρ
877 849 1034 923 ἡμῶν
1063 848 1090 902 6
1126 846 1252 903 Θεὸς
1300 840 1515 902 Ἰακώϐ,

2069 840 2165 903 23.
2199 839 2528 923 Susceptor
2561 855 2763 909 noster
2793 851 2951 912 Deus
2973 849 3181 916 Jacob.

359 939 449 999 Εἲς
479 940 543 994 τὸ
575 937 750 1016 τέλος,
782 938 913 1012 ὑπὲρ
943 942 1048 992 τῶν
1072 935 1196 990 υἱῶν
1229 931 1388 1010 Κορὲ,
1424 936 1594 993 ΨΑΛ,
1646 929 1800 1004 Ms".

2149 931 2225 992 In
2253 933 2456 1012 ﬁnem,
2488 954 2602 1015 pro
2627 937 2775 1016 ﬁliis
2804 938 2983 1002 Core.
3015 940 3230 1005 PSAL.
3255 943 3357 1008 XL
3375 946 3466 1010 Vl.

335 1030 400 1090 1.
439 1030 616 1086 Πάντα
649 1030 715 1086 τὰ
746 1029 895 1101 ἔθνη,
918 1028 1218 1107 κροτήσατε
1250 1039 1448 1106 χεῖρας
1484 1045 1496 1057 ·

2072 1025 2129 1085 1.
2165 1023 2390 1085 Omnes
2412 1034 2641 1107 gentes,
2673 1029 2932 1107 plaudite
2966 1030 3278 1108 manibus;

331 1119 399 1178 2.
429 1117 760 1186 Ἀλαλάξατε
790 1127 866 1194 τῷ
898 1126 1013 1192 Θεῷ
1043 1117 1098 1174 ἐν
1128 1122 1278 1198 φωνῇ
1311 1113 1680 1193 ἀγαλλιάσεως
1716 1129 1728 1142 '

2073 1111 2131 1172 2.
2170 1110 2426 1176 Jubilate
2449 1114 2570 1177 Deo
2602 1117 2662 1178 in
2695 1136 2835 1180 voce
2865 1120 3302 1198 exsultationis,

332 1209 399 1271 3.
434 1207 568 1269 ’Ὅτι
603 1211 790 1279 Κύριος
821 1210 1066 1284 ὕψιστος,
1102 1204 1352 1286 φοϐερὸς,

2069 1201 2127 1293 3.
2163 1202 2452 1293 Quoniam
2490 1206 2777 1268 Dominus
2803 1209 3092 1285 excelsus,
3123 1212 3432 1293 terribilis,

329 1298 397 1360 4.
437 1299 690 1362 Βασιλεὺς
722 1298 891 1376 μέγας
924 1297 1009 1354 ἐπὶ
1033 1303 1207 1353 πᾶσαν
1240 1297 1337 1362 τὴν
1368 1300 1472 1372 γῆν

2068 1292 2128 1354 4.
2164 1291 2285 1353 Rex
2318 1311 2566 1373 magnus
2587 1313 2769 1377 super
2799 1316 3038 1361 omnem
3069 1307 3308 1366 terram.

331 1391 397 1452 5.
433 1385 690 1454 ’Υπέταξε
718 1387 880 1452 λαοὺς
925 1387 1089 1466 ἡμῖν,
1136 1387 1224 1443 καὶ
1282 1385 1404 1450 ἕθνί,
1455 1383 1556 1438 ὕπὸ
1587 1378 1707 1448 τόὺς
1737 1381 1838 1439 πόδ

2068 1383 2127 1445 5.
2155 1381 2425 1476 Subiecit
2457 1384 2706 1465 populos
2731 1386 2925 1460 nobis,
2963 1398 3019 1449 et
3068 1398 3273 1467 gentes
3302 1393 3414 1455 sub
3458 1395 3624 1476 pedi-

241 1479 433 1553 ἡμῶν,

2067 1489 2094 1531 s
2119 1474 2358 1532 nostris.

330 1565 394 1630 6.
430 1564 735 1632 Ἐξελέξατο
768 1568 902 1641 ἡμῖν
934 1567 1030 1634 τὴν
1065 1564 1423 1643 κληρονομίαν
1453 1565 1648 1637 ἐαυτῳ,

2067 1561 2127 1624 6.
2167 1561 2359 1641 Elegit
2390 1562 2564 1624 nobis
2589 1564 2995 1629 haereditatem
3020 1569 3154 1642 sibi,

336 1655 400 1718 Ἰ.
439 1658 548 1724 Τὴν
576 1655 850 1723 καλλοιὴν
880 1652 1094 1734 Ἰακὼϐ,
1127 1654 1193 1722 ἢν
1222 1655 1524 1730 ἠγάπησεν.

2074 1651 2128 1711 7.
2165 1647 2438 1732 Speciem
2469 1654 2673 1728 Jacob,
2701 1674 2874 1737 quam
2900 1657 3123 1720 dilexit.

864 1743 1156 1820 Διάψαλμκ
1193 1741 1302 1823 (a).

2616 1745 2990 1826 Diapsalma.

327 1832 392 1898 8.
429 1831 632 1902 Ἀνέϐη
675 1837 704 1892 6
747 1833 876 1899 Θεὸς
921 1833 975 1889 ἒν
1020 1833 1321 1912 ἁλαλαγμῷ
1356 1850 1370 1865 ⁶

2065 1831 2126 1894 8.
2162 1832 2447 1894 Ascendit
2468 1832 2625 1895 Deus
2655 1835 2716 1896 in
2742 1835 2934 1914 jubilo
2960 1857 2975 1899 :

331 1922 396 1984 9.
436 1925 622 2002 Κύριος
653 1923 707 1980 ἐν
738 1924 891 2003 φωνῇ
921 1921 1252 2000 σάλπιγγος.

2065 1922 2122 1986 9.
2159 1921 2447 1984 Dominus
2478 1923 2537 1984 in
2567 1943 2710 1986 voce
2742 1926 2917 1989 tuba.

332 2013 436 2076 10,
475 2011 692 2070 Ψάλατε
723 2019 799 2069 τῶ
831 2016 948 2087 Θεῷ
981 2011 1157 2087 ἡμῶν,
1203 2011 1408 2088 ψάλατε
1441 2029 1454 2042 ’

2066 2015 2166 2076 10.
2205 2012 2442 2076 Psallite
2477 2018 2594 2077 Deo
2619 2024 2844 2091 nostro,
2880 2018 3117 2098 psallite
3147 2040 3160 2079 :

329 2104 436 2163 41.
471 2101 689 2158 Ψαλατε
721 2107 797 2175 τῷ
822 2101 1036 2177 βασιλεῖ
1067 2104 1243 2180 ἡμῶν,
1283 2101 1488 2178 ψάλατε
1524 2117 1537 2130 ⁸

2065 2107 2084 2163 -1
2109 2105 2163 2166 1.
2203 2104 2440 2166 Psallite
2463 2104 2590 2184 regi
2621 2113 2848 2187 nostro,
2880 2107 3139 2188 psallite.

335 2194 436 2253 l2.
462 2189 595 2250 ”Οτι
640 2190 886 2268 βασιλεὺς
921 2190 1099 2258 πάσης
1130 2193 1225 2259 τῆς
1257 2192 1359 2271 γῆς
1404 2194 1431 2245 6
1477 2191 1605 2254 Θεὸς
1638 2206 1656 2224 ⁸

2067 2191 2162 2254 12.
2199 2191 2487 2264 Quoniam
2520 2213 2624 2256 rex
2652 2196 2850 2256 omnis
2881 2203 3054 2258 terrm
3081 2196 3259 2279 Deus,

331 2281 436 2346 13.
469 2282 686 2340 Ψάλατε
715 2286 964 2346 συνετῶς,

2065 2282 2158 2345 13.
2205 2282 2442 2346 Psallite
2470 2288 2795 2365 sapienter.

331 2447 423 2518 (α)
455 2442 542 2505 ιιι
569 2441 706 2508 cod.
731 2443 927 2505 Vatic.

1399 2522 1817 2590 ATHANASII
1861 2523 2496 2593 INTERPRETATIO.

325 2636 433 2702 20.
469 2639 746 2698 Παύσασθε
766 2639 875 2697 ἀπὸ
893 2642 992 2707 τῆς
1017 2641 1300 2721 ἁμαρτίας,

2065 2634 2164 2697 20.
2198 2634 2439 2698 Cessate
2468 2653 2502 2697 a
2533 2637 2812 2716 peccatis.

326 2725 432 2790 21.
471 2728 880 2806 Δοξασθήσομαι
920 2730 976 2787 ἐν
1026 2742 1148 2794 τοῖς
1207 2729 1394 2805 ἔθνεσι,
1457 2736 1544 2790 καὶ
1575 2733 1629 2791 ἐν
1672 2741 1750 2807 τῷ
1786 2731 1842 2790 λα

2065 2723 2172 2788 21.
2205 2724 2597 2788 Glorificabor
2625 2729 2685 2786 in
2711 2725 3010 2808 gentibus,
3044 2736 3102 2789 et
3151 2729 3211 2791 in
3255 2729 3474 2812 populo
3521 2730 3631 2793 Ju-

243 2816 353 2875 τῖὸν
388 2817 656 2877 Ἰουδαίων
697 2825 805 2876 τῶν
834 2821 1194 2877 πιστευόντων
1225 2823 1298 2885 εἰς
1331 2821 1448 2898 ἐμέ,

2065 2816 2343 2892 ιοιδυηιξὶῐι
2380 2833 2473 2876 me
2507 2814 2896 2876 credentium.

2065 2903 2162 2966 22.
2195 2903 2547 2968 Dominator
2575 2902 2840 2965 omnium
2875 2905 3390 2986 superccelestium
3424 2917 3626 2989 potes-

1983 3001 2171 3056 tatum
2205 2993 2522 3056 nobiscum
2550 2994 2610 3054 in
2634 3001 2792 3055 terra
2820 2995 3183 3058 versabitur.

325 2905 432 2970 22.
466 2907 527 2967 Ὀ
573 2907 919 2977 ἑξουσιαστῆς
971 2911 1160 2966 πασῶν
1203 2915 1308 2966 τῶν
1368 2911 1689 2990 ἐπουρανίων
1735 2911 1894 2970 δυνά-

247 3016 397 3073 μεων
429 2998 548 3074 μεθ’
572 2997 731 3073 ἡμῶν
756 2998 843 3055 ἐπὶ
871 3004 972 3066 τῆς
1002 3000 1104 3077 γῆς
1134 2999 1550 3082 ἀναστρέφεσθαι
1583 3001 1791 3078 μέλλει.

327 3084 432 3148 23.
463 3083 840 3167 Ἀντιλήπτωρ
864 3089 1019 3164 ἡμῶν
1045 3086 1303 3168 ὑπάρχων
1333 3091 1360 3145 6
1393 3092 1544 3165 Θεὸς,
1581 3094 1608 3148 6
1638 3093 1704 3149 τὰ
1733 3090 1842 3173 ἔσχε

2065 3083 2160 3146 23.
2197 3085 2524 3173 Susceptor
2579 3093 2781 3144 noster
2811 3084 3102 3147 exsistens
3130 3085 3312 3161 Deus,
3347 3087 3449 3168 qui
3481 3103 3622 3166 pos-

246 3199 313 3235 τα
369 3178 467 3234 τοῦ
521 3177 726 3251 κόσμου
783 3179 1094 3255 συναγαγὼν
1151 3178 1282 3257 πρὸς
1346 3177 1531 3236 ἑαυτὸν
1594 3171 1840 3238 παντελῶ

2065 3191 2176 3235 una
2210 3171 2413 3234 mundi
2447 3171 2519 3234 ad
2543 3191 2608 3234 se
2655 3174 2848 3253 ipsum
2879 3183 3216 3255 congregat.
3249 3175 3435 3239 Jacob
3463 3176 3624 3238 enim

245 3263 446 3324 Ἰακὼϐ
471 3265 572 3344 γὰρ
616 3266 965 3344 ἑρμηνεύεται
1009 3272 1221 3344 κρατῶν
1254 3267 1484 3348 ἔσχατα.

2065 3270 2410 3345 .erpretatur
2427 3269 2735 3341 postrema
2765 3270 2991 3325 tenens.

326 3359 395 3416 Ἢ
443 3359 772 3438 προκειμένη
826 3359 1095 3440 ἑπιγραιιίαῖπ⁸
1162 3361 1401 3441 περιέχει
1440 3361 1576 3442 (1)·
1628 3367 1714 3430 Εἰς
1758 3370 1820 3423 τὸ
1863 3367 2043 3447 τέλος,
2095 3362 2224 3441 ὺπέρ
2256 3365 2359 3416 τῶν
2391 3361 2515 3413 υἱῶν
2559 3355 2696 3447 [Seps
2746 3356 2954 3447 ψαλμός
2991 3378 3003 3391 ⁸
3048 3359 3338 3433 τουτέστιν,
3408 3362 3487 3424 εἰς
3567 3364 3628 3418 τὸ

244 3449 399 3514 τέλος
453 3455 561 3504 τῶν
613 3453 813 3527 καιρῶν
869 3449 1000 3527 ὓπὲρ
1049 3455 1151 3507 τῶν
1209 3452 1334 3507 υἱῶν
1384 3452 1479 3520 τῆς
1539 3453 1842 3534 ἀντιλογίας
1887 3463 1994 3516 τῶν
2030 3444 2477 3529 ’ἐπιστρεφόντων
2542 3444 2625 3525 (2)
2674 3448 2701 3501 ὃ
2761 3446 2974 3522 ψαλμὸς
3033 3448 3275 3527 εἴρηται.

324 3537 566 3601 Titulus
594 3537 924 3628 inscriptus
966 3537 1273 3602 continet:
1335 3539 1409 3602 In
1457 3541 1663 3624 ﬁnem,
1726 3563 1836 3625 pro
1863 3545 2012 3628 ﬁliis
2042 3543 2195 3607 Core
2221 3537 2514 3619 psalmus.
2550 3536 2675 3597 Hoc
2707 3545 2796 3596 est
2826 3536 2973 3598 etin
3005 3539 3120 3598 line
3149 3546 3481 3619 temporum
3517 3560 3624 3621 pro

249 3628 386 3692 ﬁliis
412 3627 898 3690 contradictionis
927 3645 992 3690 se
1015 3629 1505 3693 convertentibus
1537 3633 1803 3713 psalmus
1826 3627 2024 3698 dictus
2054 3639 2165 3696 est.

1911 2961 1960 3018 c

328 3725 388 3787 1.
425 3719 778 3801 Ἀγαλλιᾶσθε
809 3734 933 3786 ταῖς
959 3721 1220 3803 καρδίαις,

2065 3735 2111 3790 I.
2148 3721 2440 3788 Cordibus
2465 3719 2781 3782 exsultate.

326 3810 388 3872 2.
429 3811 701 3878 Δοξάσατε
745 3812 929 3876 αὐτόν,

2065 3817 2116 3879 2.
2148 3811 2492 3878 Gloriﬁcate
2515 3829 2675 3872 eum.

326 3903 388 3967 3.
425 3904 529 3961 Οὐκ
583 3902 663 3959 ’ἑτι
748 3903 800 3958 αἱ
880 3904 1111 3981 ἒπίγειαι
1201 3901 1446 3980 δυνάμεις
1524 3905 1840 3982 βασιλεύουσ

2065 3907 2118 3968 3.
2147 3903 2277 3965 Non
2307 3900 2564 3980 amplius
2594 3907 2852 3965 terrena:
2874 3907 3194 3982 potestates
3226 3902 3398 3965 nobis
3426 3903 3618 3967 domi-

254 3993 593 4248 :Efzsna
643 4078 917 4158 βασιλεύει
974 4078 1158 4148 πάσης
1199 4087 1299 4150 τῆς
1342 4081 1441 4162 γῆς
1496 4086 1524 4140 ὁ
1556 4082 1828 4163 ’Ὑψιστος

354 4171 493 4248 ερός,

2065 4003 2221 4056 nlur.

2065 4087 2117 4148 4.
2153 4081 2270 4146 Sed
2304 4080 2581 4142 excelsus
2605 4087 2664 4142 et
2695 4079 2976 4143 terribilis
3005 4089 3214 4162 regnat
3242 4081 3304 4145 in
3333 4084 3622 4149 universa

2065 4189 2161 4236 'ra.

354 4171 493 4250 ερός,
1974 4183 2161 4236 terra.

338 4262 396 4324 5.
425 4258 681 4327 ’Ἔδωκεν
710 4262 850 4336 ἡμῖν
879 4258 1114 4325 ἐξουσίαν
1157 4273 1350 4319 πατεῖν
1392 4260 1573 4320 ἐπάνω
1602 4263 1775 4346 ὄφεων
1803 4289 1842 4324 κε

2065 4264 2120 4326 5.
2146 4261 2505 4323 Potestatem
2536 4258 2709 4322 nobis
2731 4259 2894 4321 dedit
2920 4260 3264 4324 ambulandi
3283 4281 3466 4346 super
3488 4285 3612 4328 ser-

255 4350 535 4428 σκορπίων,
566 4351 656 4408 καὶ
689 4335 778 4407 ἐπὶ
804 4355 980 4406 πᾶσαν
1022 4351 1122 4418 τὴν
1149 4347 1368 4428 δύναμιν
1396 4358 1488 4410 τοῦ
1518 4335 1736 4435 ἐχθροῦ.

2065 4360 2180 4415 αἴθε
2212 4361 2270 4412 et
2289 4351 2657 4431 scorpiones,
2689 4358 2746 4412 et
2769 4368 2949 4431 super
2971 4369 3211 4414 omnem
3262 4335 3614 4432 potestatem

2065 4439 2197 4490 mini
2230 4439 2296 4490 66

333 4527 390 4590 6.
419 4528 551 4592 Τοὺς
578 4527 762 4607 ἁγίους
794 4526 1122 4595 ἀποστόλους
1147 4527 1441 4596 ἐξελέξατο.

2065 4460 2199 4504 ιῐιιοι
2230 4460 2316 4503 ου.

2065 4533 2109 4594 5.
2145 4531 2337 4609 Elegit
2368 4538 2608 4593 sanctos
2632 4532 2952 4612 apostolos,

332 4616 389 4681 7.
421 4614 526 4680 Καὶ
554 4620 641 4681 οὒς
670 4617 954 4697 ἠγάπησεν
985 4618 1045 4676 ἐκ
1083 4626 1178 4677 τοῦ
1205 4617 1336 4676 λαοῦ
1362 4618 1626 4679 Ἰουδαίων
1655 4623 1761 4701 (3),

2065 4622 2109 4686 7.
2142 4619 2214 4682 Et
2233 4638 2383 4701 quos
2407 4619 2616 4682 dilexit
2639 4621 2714 4683 de
2739 4621 2954 4702 papulo
2982 4620 3346 4687 Judzeorum.

333 4707 391 4768 8.
423 4707 530 4775 Τὴν
561 4706 834 4783 ἀνάληψιν
864 4706 1008 4788 λέγει
1041 4716 1133 4767 τοῦ
1163 4715 1294 4766 Θεοῦ
1322 4709 1517 4789 Λόγου.

2065 4712 2110 4776 3.
2144 4712 2637 4790 Assumptionem
2668 4711 2962 4791 significat
2991 4713 3100 4774 Dei
3122 4712 3331 4775 Verbi.

332 4797 390 4862 9.
420 4798 780 4876 Δοξαζόμενῡς
810 4801 912 4858 ὑπὸ
943 4807 1048 4858 τῶν
1078 4802 1242 4880 ἁγίων
1278 4799 1575 4879 δυνάμεων,

2065 4800 2108 4866 9.
2143 4800 2518 4863 Gloriﬁcatus
2560 4817 2596 4862 ιι
2624 4802 2842 4863 sanctis
2872 4800 3209 4864 virtutibus.

287 4888 292 4891 λ
332 4889 426 4948 10.
463 4890 563 4946 Καὶ
601 4891 766 4966 ἡμεῖς
811 4890 899 4946 ἐπὶ
927 4896 1029 4970 γῆς
1072 4890 1358 4967 δοξάσομεν
1388 4896 1568 4957 αὐτόν.

2065 4891 2151 4954 I0.
2181 4885 2252 4951 Et
2283 4906 2394 4951 nos
2413 4888 2875 4968 gloriﬁcabimus
2899 4909 3037 4954 eum
3067 4892 3129 4954 in
3164 4901 3346 4958 terra.

336 4977 425 5042 11.
459 4985 551 5054 Τῷ
579 4981 683 5059 πρὸ
711 4980 941 5043 αἰώνων,

2065 4984 2119 5045 Η
2137 5027 2153 5043 .
2192 4978 2343 5058 Regi
2370 4986 2510 5040 ante
2540 4979 2779 5044 sacula.

330 5066 424 5128 12.
456 5065 521 5127 ’0
553 5068 806 5144 βασιλεύς
837 5069 978 5125 ἐστιν
1025 5068 1110 5149 (ι)
1145 5067 1230 5151 ἐφ’
1271 5072 1436 5147 ἡμᾶς.

2065 5068 2154 5134 l2.
2183 5067 2308 5131 Rex
2338 5074 2429 5130 est
2465 5085 2648 5150 super
2672 5086 2802 5134 nos.

334 5155 427 5222 l3.
470 5156 732 5224 Δοξάσατε
760 5159 917 5216 ain-6v
941 5156 994 5215 ἂν
1020 5157 1264 5234 ἀληθείᾳ.

2065 5159 2155 5224 13.
2197 5156 2536 5224 Gloriﬁcate
2567 5176 2704 5222 eum
2735 5158 2798 5221 in
2825 5159 3088 5224 veritate.

326 5259 388 5311 ω
413 5261 562 5329 an.
591 5280 651 5339 Χ,
677 5263 778 5329 19.

1263 5375 1569 5444 Addenda
1600 5383 1665 5446 et
1693 5379 2070 5466 corrigenda
2099 5392 2180 5442 ex
2215 5373 2357 5442 cod.
2392 5375 2592 5441 Vatic.

325 5533 407 5675 (2
449 5533 516 5594 Ἦ
548 5533 632 5592 διὰ
659 5539 759 5604 τῆς
789 5533 1143 5617 κινναϐάρεως
1171 5558 1295 5617 περ.
2053 5539 2138 5617 (3)
2159 5535 2208 5600 Ν
2226 5585 2238 5598 .
2273 5537 2334 5604 Ἷ.
2358 5536 2455 5598 Ἐκ
2478 5548 2571 5598 τοῦ
2599 5537 2730 5599 λαοῦ
2759 5545 2865 5598 τῶν
2890 5534 3173 5602 Ἰουδαίων,

327 5613 352 5693 (
404 5620 424 5692 )
453 5613 814 5693 Ἀντιλογίας,
850 5615 993 5693 λέγω
1039 5615 1104 5685 δὴ
1132 5619 1261 5693 ὑπὲρ
1289 5617 1392 5676 τῶν
1425 5619 1584 5678 ὶθνῶν
1614 5620 1722 5679 τῶν
1766 5623 1894 5679 υἱῶν
2051 5621 2147 5693 (Δ)
2176 5617 2315 5677 ’Ὅτι
2348 5619 2594 5693 βασιλεὺς
2624 5621 2684 5693 ἦ,
2719 5628 2832 5684 etc.

471 5614 993 5702 Avstloyiatc,_ls'yw
1014 5614 1104 5685 ⁷δὴ
1132 5614 1261 5698 ὑπὲρ
1289 5617 1392 5676 τῶν
1425 5619 1584 5678 ὶθνῶν
1614 5620 1722 5679 τῶν
1766 5623 1894 5679 υἱῶν
2176 5617 2315 5677 ’Ὅτι
2348 5619 2594 5698 βασιλεὺς
2624 5621 2684 5697 ἦ,
2719 5628 2832 5684 etc.

256 5696 345 5762 τῆς
374 5695 665 5776 ἁμαρτίας,
693 5695 802 5754 τῶν
826 5695 1034 5777 ἐπιστρ.
