4104 6206
343 361 450 422 861
1247 357 1340 422 DE
1387 362 1697 424 TITULIS
1739 363 2226 426 PSALMORUM.
2278 399 2350 408 η·-
2401 367 2606 426 PS.\L.
2663 368 2818 428 LIII.
3615 371 3730 434 86'?

423 499 484 558 Ξ.
519 499 621 560 Καὶ
651 502 706 552 εν
730 519 796 571 τῃ
827 496 1052 572 δυνάμει
1084 519 1178 553 σου
1209 510 1412 575 κρινεῖς
1441 518 1534 572 με,
1557 515 1572 528 ·
2017 507 2044 552 Α

2017 507 2059 552 Α
2165 503 2224 556 2.
2260 499 2336 560 Et
2363 497 2423 558 in
2459 499 2674 559 virtute
2704 509 2801 560 tua
2827 495 3130 577 judicabis
3166 519 3280 561 me.

423 586 484 650 3.
519 586 580 644 Ὀ
613 594 768 660 Θεὸς⁹
819 587 1127 644 εἰσάκουσον
1159 591 1258 654 τῆς
1304 591 1613 666 προσευχῆς
1638 607 1738 660 μου
1772 603 1784 618 ⁸

1701 609 1738 642 πυ
1772 603 1784 618 ·
2157 585 2215 648 3.
2247 588 2429 652 Deus.
2459 587 2674 648 exaudi
2715 587 3048 648 orationem
3080 606 3268 650 meam
3311 611 3322 651 :

423 675 484 737 4.
517 675 801 734 Ἐνώτισαι
847 677 912 730 τὰ
943 676 1156 752 ῥήματα
1199 683 1291 731 τοῦ
1321 674 1588 750 στόματός
1635 697 1760 750 μου.

1694 697 1760 735 δυ.
2155 678 2216 738 4.
2245 675 2509 739 Auribus
2541 677 2784 758 percipe
2809 677 2992 740 verba
3023 678 3143 738 oris
3174 678 3315 742 mei.

421 764 481 826 5.
517 762 652 822 ’Ὅτι
681 763 952 842 ἀλλότριοι
985 763 1356 832 ἐπανέστησαν
1389 764 1475 820 ἐπ’
1501 763 1620 838 ius“

2155 766 2214 827 5.
2243 765 2531 838 Quoniam
2555 767 2736 829 alieni
2767 767 3548 831 insurrexeruntadversam
3583 790 3678 834 me
3704 790 3717 835 :

418 859 480 917 6.
511 855 614 917 Καὶ
643 860 891 935 κραταιοῖ
921 857 1184 928 ἐζήτησάν
1215 859 1312 925 τὴν
1337 859 1522 936 ψυχήν
1555 875 1677 932 μου.

2154 857 2214 916 6.
2249 855 2320 916 Et
2351 857 2531 919 fortes
2562 857 3207 939 quaesieruntanimam
3243 877 3432 922 meam
3467 880 3481 922 :

423 945 480 1005 Ἰ.
517 948 614 1005 Καὶ
645 948 704 1003 οὗ
727 947 1007 1022 προέθεντο
1035 949 1128 1002 τὸν
1161 947 1293 1002 Θεὸν
1325 945 1550 1003 ἐνώπιον
1585 950 1780 1005 αὗτῶν.

2153 946 2213 1008 7.
2249 943 2318 1006 Et
2350 965 2466 1007 non
2491 957 2933 1028 proposuerunt.
2957 945 3144 1008 Deum
3163 956 3302 1012 ante
3331 957 3720 1031 conspectum

2073 1053 2248 1096 suum
2267 1083 2277 1094 .

415 1123 476 1183 8.
515 1122 648 1182 Ἰδοὺ
681 1127 781 1204 γὰρ
813 1129 840 1181 6
872 1128 1001 1189 Θεὸς
1033 1127 1226 1202 βοηθεῖ
1259 1141 1374 1199 μοι’

2153 1123 2212 1187 8.
2247 1123 2399 1187 Ecce
2432 1126 2590 1188 enim
2625 1129 2782 1190 Deus
2805 1127 3048 1208 adjuvat
3079 1146 3174 1188 me

413 1215 474 1276 9.
509 1212 616 1274 Καὶ
659 1218 686 1272 ὁ
733 1217 928 1294 Κύριογ
971 1213 1317 1293 ἀντιλήπτωρ
1348 1219 1447 1281 τῆς
1481 1215 1668 1294 ψυχῆς
1701 1237 1828 1290 μου.

1789 1237 1828 1275 ›.
2150 1213 2212 1273 9.
2247 1212 2314 1273 Et
2347 1215 2636 1276 Dominus
2673 1227 2990 1296 susceptor
3020 1217 3232 1278 animae
3264 1234 3410 1278 meae

424 1303 520 1368 10.
553 1304 894 1382 Ἀποστρέψῃ
927 1304 1347 1385 [Ἀποστρὲψει]
1403 1305 1467 1361 τὰ
1509 1305 1648 1360 κακὰ
1701 1317 1819 1368 τοῖς
1878 1303 1984 1383 ἐχ-

1910 1328 1984 1383 χ-
2154 1303 2250 1363 10.
2281 1303 2532 1366 Avertes
2567 1307 2827 1384 [avertet]
2862 1306 3014 1368 mala
3044 1305 3304 1368 inimicis
3337 1305 3486 1369 meis
3519 1325 3531 1369 :

333 1398 486 1471 θροϊς
516 1417 620 1468 μου
651 1411 664 1424 ’

419 1483 518 1544 11.
552 1483 640 1541 Ἐν
671 1507 738 1562 τῃ
761 1485 980 1556 ἀληθείᾳ
1009 1507 1102 1541 σου
1133 1482 1500 1555 ἐξολόθρευσον
1533 1483 1741 1545 αὒτούς.

2161 1483 2254 1544 11.
2291 1480 2360 1542 Et
2389 1483 2450 1543 in
2483 1483 2730 1544 veritate
2763 1493 2862 1547 tua
2899 1485 3180 1566 disperde
3213 1485 3367 1550 illos.

417 1572 516 1636 12.
551 1571 839 1635 Ἐκουσίως
871 1576 1012 1630 θύσω
1043 1597 1154 1652 σοι³

2155 1571 2250 1631 13.
2277 1571 2624 1633 Voluntarie
2658 1573 3006 1635 sacriﬁcabo
3041 1573 3146 1635 tibi
3174 1591 3187 1636 :

419 1660 516 1724 13.
551 1661 1052 1742 Ἐξομοὶογήσομαι
1107 1671 1184 1736 τῷ
1235 1666 1458 1738 ὸνόματι
1503 1683 1623 1742 σου,
1670 1661 1856 1738 Κύριε,
1904 1659 1986 1718 ὅτι

2153 1659 2250 1721 13.
2283 1661 2629 1722 Conﬁtebor
2661 1663 2888 1724 nomini
2947 1671 3070 1737 tuo,
3129 1663 3404 1745 Domine,
3437 1667 3715 1746 quoniam

333 1753 534 1830 ἀγαθόν
546 1799 559 1814 ,

2011 1787 2046 1836 Β
2075 1748 2321 1810 bonum.

417 1841 516 1902 14.
552 1839 684 1899 "Ott
715 1841 776 1898 ἐκ
820 1843 995 1907 πάσης
1028 1842 1256 1918 θλίψεως
1303 1840 1508 1920 ὲρῤυσω
1540 1861 1609 1914 με
1641 1857 1656 1875 ⁶

2153 1839 2245 1902 14.
2273 1837 2563 1910 Quoniam
2594 1857 2662 1901 ex
2687 1845 2848 1902 omni
2869 1841 3250 1903 tribulatione
3273 1841 3548 1924 eripuisti
3579 1863 3711 1908 me:

419 1931 516 1992 15.
554 1929 652 1988 Καὶ
703 1929 758 1986 ἐν
805 1943 924 1994 τοῖς
977 1933 1201 2011 ἒχθροῖς
1255 1953 1357 2005 μου
1391 1927 1600 1986 ἐπεῖδεν
1635 1932 1662 1986 6
1713 1927 1982 2009 ὀφθαλμός

2154 1927 2248 1989 15.
2285 1927 2357 1990 Et
2412 1947 2596 2010 super
2643 1929 2918 1992 inimicos
2972 1949 3136 1992 meos
3183 1931 3456 2012 despexit
3507 1937 3717 1996 oculus

333 2041 438 2094 μου
450 2065 465 2080 .

2071 2033 2267 2080 meus.

1454 2191 1860 2260 ATHANASII
1901 2191 2536 2261 INTERPRETATIO.

331 2387 516 2444 νημα·
553 2371 766 2448 Ζιφαῖοι
824 2367 878 2424 δὲ
941 2368 1322 2448 ἑρμηνεύονται
1366 2366 1773 2431 ἀναϐάλλοντες,
1823 2366 1994 2420 Σαοὺλ
2040 2363 2095 2420 δὲ
2135 2367 2482 2444 ἑρμηνεύεται
2529 2371 2769 2435 αἰτητός.
2819 2377 2981 2428 Τοῦτο
3043 2373 3130 2428 οὖν
3163 2371 3353 2450 λέγει·
3416 2373 3462 2428 οἱ
3513 2370 3704 2446 δαίμο-

327 2479 411 2520 νες
442 2466 518 2534 τῷ
547 2457 784 2531 διαϐόλῳ
825 2457 1072 2536 λείουσιν
1101 2473 1114 2488 ·
1151 2455 1285 2515 Ἰδοὺ
1318 2455 1784 2536 συγκεκλασμένοι
1819 2453 1899 2532 (ι)
1953 2451 2156 2534 ἔχομεν
2199 2459 2287 2512 τὸν
2324 2455 2732 2533 ἐξοδθενημὲνον
2771 2459 2979 2517 ἐκεῖνον
3019 2481 3032 2496 ·
3081 2459 3270 2518 λοιπὸν
3299 2465 3326 2518 ὁ
3372 2461 3454 2539 (2)
3495 2460 3698 2528 συλλη-

329 2555 472 2632 φθεὶς
501 2551 592 2609 ὑπ’
620 2554 792 2609 αὐτῶν
835 2551 919 2608 ἐπὶ
948 2551 1090 2609 τέλει
1123 2553 1196 2615 εἰς
1229 2553 1444 2608 σύνεσιν
1487 2549 1613 2626 ἔλθῃ
1643 2551 1744 2606 ὕπὸ
1777 2555 1868 2605 τοὺ
1900 2557 2054 2606 Θεοῦ.
2103 2549 2330 2624 ἀνυμνετ
2373 2554 2464 2606 τὸν
2509 2554 2664 2626 Θεὸν,
2711 2555 2800 2610 καὶ
2830 2551 3003 2611 δέεται
3035 2555 3193 2614 αὐτοῦ
3236 2554 3408 2634 λέγων
3443 2571 3456 2588 ⁵

329 2653 448 2706 tem
477 2645 949 2726 interpretantur
1001 2644 1472 2724 repullulantcs.
1533 2643 1673 2706 Saul
1718 2659 1853 2703 vero
1901 2640 2327 2722 interpretatur
2373 2647 2626 2726 petitus.
2680 2644 2805 2708 Hoc
2843 2648 3020 2726 igitur
3048 2648 3370 2727 signiﬁcat,
3407 2649 3712 2710 daemones

331 2738 572 2802 diabolo
618 2740 824 2802 dicunt
855 2757 868 2798 :
905 2739 1058 2801 Ecce
1107 2738 1453 2800 conclusum
1515 2736 1806 2799 habemus
1861 2743 2270 2815 contemptum
2315 2737 2506 2799 illum.
2544 2741 2620 2804 At
2651 2740 2891 2802 demum
2923 2743 3397 2823 comprehensus
3430 2741 3505 2805 ab
3537 2741 3712 2824 ipsis,

328 2853 464 2896 cum
495 2834 732 2896 tandem
767 2834 966 2896 divina
987 2851 1101 2914 ope
1133 2833 1290 2894 venit
1319 2833 1378 2894 in
1415 2831 1806 2910 intellectum,
1841 2827 2037 2891 laudat
2069 2829 2278 2902 Deum,
2317 2841 2374 2894 et
2405 2842 2681 2914 precatur
2715 2835 2935 2914 ipsum,
2961 2835 3168 2898 dicens
3203 2855 3216 2900 :

413 2930 472 2992 2.
501 2931 606 2992 Καὶ
650 2930 785 2986 κατά
828 2930 926 2996 τὴν
971 2927 1185 3002 δύναμίν
1215 2951 1310 2984 σου
1335 2929 1600 3005 βοήθησόν
1625 2949 1690 3001 με
1720 2925 1828 3005 (3).
1989 2931 2030 2981 C

2011 2931 2030 2981 Ξ
2135 2925 2192 2987 2.
2232 2926 2303 2988 Et
2338 2928 2672 2989 secundum
2708 2937 2866 2990 tuam
2906 2931 3233 3008 potentiam
3267 2929 3483 3011 adjuva
3513 2947 3632 2992 me.

413 3017 473 3082 3.
511 3021 596 3082 Εἷς
663 3020 728 3074 τὰ
795 3019 906 3075 ὦτά
975 3040 1068 3074 σου
1147 3019 1541 3086 εἰσακουσθήτω
1601 3016 1632 3082 ἡ
1697 3015 1972 3094 προσευχή

1784 3015 1972 3094 neu-Lai
2137 3017 2198 3078 3.
2225 3015 2292 3078 In
2320 3016 2568 3079 auribus
2597 3018 2710 3079 tuis
2733 3017 3005 3081 audiatur
3034 3027 3220 3082 oratio
3254 3037 3405 3083 mea.

329 3129 454 3182 μου.

409 3199 470 3258 4,
519 3196 738 3251 Πάντων
793 3197 927 3269 ὁμοῦ
971 3194 1058 3271 (4)
1115 3196 1222 3250 τῶν
1279 3193 1530 3272 ῥημάτων
1583 3194 1800 3250 ἀκοῦσαι
1851 3215 1976 3249 κατ-

2139 3197 2196 3258 4.
2229 3197 2484 3274 Dignare
2533 3195 2740 3258 audire
2786 3197 2985 3259 omnia
3034 3200 3216 3261 verba
3246 3217 3422 3276 mea;
3475 3199 3700 3261 nullum

329 3285 552 3352 ἀξίωσον
585 3303 602 3316 ⁶
640 3285 806 3359 μηδὲν
839 3285 1010 3340 αὐτῶν
1041 3281 1348 3351 ἀπόϐλητον
1381 3285 1518 3340 ἔστω
1543 3285 1684 3361 παρά
1715 3283 1822 3342 σοί.

1151 3281 1348 3351 ϐλητον
1381 3285 1518 3340 ἔστω
1543 3285 1684 3361 παρά
1715 3283 1822 3342 σοί.
2058 3303 2262 3345 eorum
2297 3305 2332 3346 a
2363 3295 2417 3348 te
2439 3285 2770 3365 rejiciatur.

415 3377 471 3438 5.
507 3377 566 3432 Oi.
611 3373 872 3450 δαίμονες,

2142 3376 2198 3437 5.
2237 3377 2573 3437 Daemones.

411 3465 468 3528 6.
505 3463 734 3540 Ὀμοίως
781 3467 832 3519 αἱ
865 3463 1095 3519 ἐναντίαι
1127 3460 1402 3538 δυνάμεις,

2135 3463 2196 3526 6.
2229 3464 2518 3526 Similiter
2547 3464 2900 3528 adversariae
2929 3471 3277 3546 potestates.

415 3555 470 3618 7.
513 3557 608 3613 Καὶ
641 3559 734 3613 οὒκ
763 3553 1095 3632 ἐλογίεηιντο⁷
1129 3552 1208 3608 ὅτι
1241 3555 1267 3609 6
1299 3554 1426 3617 Θεὸς
1466 3551 1681 3616 δυνατός
1727 3553 1836 3608 ἐστι
1881 3559 1973 3609 τοῦ

2135 3553 2195 3615 7.
2229 3552 2302 3614 Et
2333 3573 2368 3612 ιι
2393 3573 2450 3613 in
2485 3553 2913 3631 cogitaverunt,
2946 3553 3104 3634 quod
3163 3553 3321 3617 Deus
3367 3563 3580 3636 potens
3611 3564 3704 3616 est

333 3646 582 3722 ῥύσασθαι
617 3665 682 3718 με
714 3643 808 3700 ἀπ’
841 3645 1030 3703 αὖτῶν,

2059 3641 2130 3700 ab
2169 3641 2314 3720 ipsis
2341 3661 2434 3703 me
2469 3641 2744 3704 liberare.

409 3735 468 3796 8.
506 3733 636 3790 Ἰδοὺ
667 3734 765 3811 γὰρ
799 3735 826 3787 6
857 3735 986 3796 Θεὸς
1018 3732 1292 3796 λυτοοῦταί
1324 3753 1391 3806 με
1422 3728 1537 3787 καθ’
1593 3731 1827 3797 ἑκάστην
1859 3731 1968 3810 (5).

1816 3757 1827 3786 ρ
1859 3731 1968 3810 (5).
2138 3733 2197 3792 8.
2223 3733 2378 3794 Ecce
2411 3731 2570 3792 enim
2597 3730 2757 3792 Deus
2781 3731 2997 3796 liberat
3023 3753 3116 3796 me
3149 3733 3437 3816 quotidie.

409 3823 468 3886 9,
503 3821 605 3884 Καὶ
631 3825 704 3886 ὡς
737 3823 1011 3888 Δεσπότης
1059 3845 1158 3896 μου
1203 3821 1562 3877 ἀντιποιεῖται
1595 3831 1686 3880 τοῦ
1721 3819 1976 3894 πλάσμα-

2139 3820 2196 3882 9.
2225 3820 2300 3881 Et
2329 3819 2508 3881 veluti
2543 3818 2829 3881 Dominus
2862 3839 3032 3884 meus
3061 3823 3316 3904 protegit
3346 3823 3699 3903 ﬁgmentum

326 3937 416 3974 τος
453 3916 608 3970 αὒτοϋ
619 3956 632 3970 .

2063 3927 2258 3972 suum.

413 4003 510 4064 10.
547 4001 899 4080 Ἀποστρὲψει
932 3999 1016 4078 (6)
1063 3997 1521 4082 [Ἂποστρέψεται]
1567 4001 1602 4068 ἠ
1657 3999 1813 4067 ὀδύνη
1875 4002 1974 4056 αὖ-

1795 4023 1813 4067 1
1875 4002 1974 4056 αὖ-
2153 4000 2241 4064 10.
2277 4001 2670 4064 Convertetur
2699 4001 2871 4062 dolor
2901 4019 3110 4064 eorum
3139 4003 3198 4064 in
3233 4003 3416 4084 ipsos.

323 4100 432 4150 τῶν
453 4089 538 4148 ἐπ’
587 4093 772 4156 αὖτούς
784 4137 798 4152 .
2197 4129 2208 4140 .

415 4183 506 4245 11.
559 4179 647 4237 Ἐν
691 4203 758 4256 τῃ
803 4181 986 4259 χάριτι
1033 4181 1124 4234 τοῦ
1165 4179 1316 4256 ἁγίου
1363 4180 1668 4253 Πνεύματος
1701 4179 2036 4275 ἀπέλασονῦ

2141 4179 2235 4238 11.
2263 4179 2465 4242 Gratia
2495 4179 2684 4243 sancti
2715 4178 2968 4261 Spiritus
2997 4181 3227 4262 expelle
3263 4199 3366 4243 eos
3395 4181 3468 4242 ab
3501 4179 3699 4242 anima

325 4273 515 4333 αὖτοὺς
544 4271 649 4326 ἀπὸ
675 4273 772 4336 τῆς
797 4275 981 4350 ψυχῆς
1008 4291 1132 4344 μου.
1998 4271 2028 4275 ⁷
2061 4285 2214 4331 mea,

406 4360 506 4422 12.
545 4359 668 4417 ”Ινα
727 4359 914 4416 λοιπὸν
977 4359 1030 4414 ἒν
1111 4357 1294 4432 μηδενὶ
1357 4359 1723 4438 κατεχόμενος
1772 4359 1972 4425 δοξάσω

2139 4358 2234 4422 12.
2267 4359 2601 4422 Utdemum
2637 4362 2796 4422 nulla
2847 4361 2906 4422 in
2949 4379 3013 4424 re
3065 4361 3342 4423 detentus
3373 4373 3432 4422 te
3465 4359 3701 4440 gloriﬁ-

327 4472 412 4506 σε.

2054 4465 2209 4509 cem.

409 4537 506 4600 13.
546 4537 866 4614 Ἀνυμνήσω
914 4539 974 4593 τὸ
1038 4539 1202 4612 ὄνομά
1267 4561 1380 4612 σου,
1446 4538 1527 4593 ὅτι
1587 4539 1782 4615 ἀγαθόν
1829 4539 1970 4594 ἐστιν

2138 4539 2232 4602 13.
2269 4539 2540 4602 Laudabo
2591 4559 2808 4601 nomen
2873 4549 3060 4618 tuum,
3125 4539 3412 4620 quoniam
3467 4539 3689 4602 bonum

323 4627 797 4702 ἐπαναπαυόμενον
839 4627 926 4683 ἐπί
957 4651 1095 4686 τινα.

2055 4637 2171 4696 est.
2207 4649 2338 4691 cum
2364 4649 2544 4711 super
2572 4630 2826 4710 aliquem
2855 4629 3222 4710 requiescit”

413 4719 506 4779 14.
545 4720 722 4784 Ilion;
755 4719 1014 4795 ἁμαρτίας
1048 4717 1155 4794 (7),

2141 4719 2233 4779 14.
2271 4721 2353 4782 Ex
2386 4721 2548 4782 omni
2583 4728 2843 4799 peccato.

413 4805 506 4868 15.
545 4809 638 4864 Καὶ
669 4831 734 4884 τῃ
757 4806 956 4880 διανοίᾳ
991 4809 1293 4887 προσέσχον
1323 4807 1441 4882 μετ’
1489 4809 1652 4885 ὀργῆς
1701 4807 1836 4863 κατὰ
1867 4809 1971 4862 τῶν

2139 4811 2232 4870 15.
2265 4810 2337 4870 Ει
2383 4819 2580 4872 mente
2610 4808 2834 4870 attendi
2866 4827 3000 4870 cum
3039 4808 3124 4869 ira
3175 4819 3383 4870 contra
3415 4809 3697 4871 inimicos

329 4897 536 4976 ἐχθρῶν
568 4919 690 4972 μου.
2056 4915 2246 4959 meos.

1351 5117 1654 5182 Addenda
1687 5123 1750 5184 et
1778 5119 2154 5200 corrigenda
2181 5137 2260 5184 ex
2291 5121 2432 5184 cod.
2471 5121 2672 5185 Vatic.

407 5337 486 5421 (1)
523 5339 1034 5418 ενδ-(κεκλεισμένον.
2135 5339 2218 5421 (5)
2251 5341 2514 5410 Ἐκᾶστην
2545 5343 2639 5400 ἀπ’
2672 5344 2865 5406 αὐτῶν.

519 5417 716 5503 Ᾱοίπδῖδ
747 5430 832 5480 οὖν
866 5424 918 5481 δα
2243 5423 2621 5503 ξΕπιστρέψει,

407 5496 492 5585 (3)
529 5501 822 5570 nontam:
867 5525 984 5578 μοι,

2130 5496 2207 5580 (7)
2242 5496 2532 5584 Ἀμαρτίας
2571 5505 2735 5585 λέγει.

411 5577 496 5658 (4⁷)
531 5588 662 5643 nou.
