4104 6206
322 300 432 375 881

935 449 1226 525 Διάψαλμα
1272 447 1369 521 (a).

406 539 507 603 13.
546 541 986 619 Ἐπιστρὲψσυσιν
1056 545 1129 608 εἷς
1185 544 1436 621 ἑσπέραν,
1485 542 1812 619 λιμώξουσιν
1893 547 1966 606 ὠς

325 631 490 706 κύων,
523 633 610 687 καὶ
641 630 969 688 κυκλώσουσι
999 631 1180 691 πόλιν.

409 719 510 781 14.
545 717 678 778 Ἰδοὺ
712 722 855 777 αὖτοὶ
908 721 1321 801 ἆποφθὲγξοντάι
1354 723 1410 777 ἐν
1430 728 1506 794 τῷ
1537 724 1763 795 στόματι
1794 726 1966 784 αὐτῶν

407 806 507 869 15.
541 808 618 889 1b)
652 807 756 870 Καὶ
798 811 1030 889 ῥομφαία
1061 810 1115 866 ὲν
1144 825 1262 873 τοῖς
1308 811 1546 890 χείλεσιν
1578 816 1769 871 αὐτῶν·

406 897 502 957 16.
541 894 684 958 ’Ὁτι
729 900 807 964 τίς
851 898 1085 978 ἧκουσες
1145 898 1247 961 Καὶ
1291 901 1373 974 σῦ,
1421 902 1610 981 Κύριε,
1656 901 1964 981 ἐκγελάσεις

315 986 505 1049 αὐτούς
515 1001 529 1015 ⁸

408 1075 498 1136 17.
534 1074 935 1141 Ἐξο·.›δενωσεις
980 1078 1152 1133 πάντα
1182 1078 1245 1133 τὰ
1288 1076 1435 1144 ἔθνη,

412 1162 506 1227 18.
541 1167 612 1221 Τὸ
642 1168 834 1243 κράτος
880 1187 979 1238 μου
1009 1168 1140 1235 πρὸς
1173 1166 1227 1222 σὲ
1252 1165 1485 1244 φυλάξω·

412 1252 504 1315 19.
540 1253 673 1312 ’Ὄτι
706 1256 789 1327 σὺ,
824 1257 851 1310 ὁ
885 1257 1037 1328 Θεὸς,
1069 1254 1404 1334 ἆντιλήπτωρ
1436 1279 1536 1331 μου
1580 1246 1657 1313 ἐι.

397 1340 499 1403 20.
538 1342 596 1400 Ὀ
630 1343 757 1405 Θεός
792 1365 916 1424 μου,
951 1346 1010 1400 τὸ
1038 1343 1183 1407 ἕλεος
1216 1345 1374 1403 αὐτοῦ
1403 1346 1691 1426 προφθάσει
1723 1367 1813 1422 με·

400 1432 498 1495 21.
551 1433 612 1491 Ὀ
673 1435 796 1496 Θεός
878 1457 979 1509 μου
1040 1434 1189 1501 δείξει
1266 1460 1357 1512 μοι
1429 1436 1482 1491 ἓν
1551 1451 1670 1502 τοῖς
1745 1438 1961 1518 ἐχθροῖς

310 1545 445 1595 μου,

403 1611 501 1673 92,
543 1612 629 1678 Μὴ
690 1612 1008 1690 ἀποκτείνῃς
1062 1615 1272 1690 αὐτοὺς,
1329 1616 1537 1690 μήποτε
1607 1614 1957 1685 ἐπιλήθωνται

307 1701 413 1758 τοῦ
456 1705 618 1775 νόμον)
649 1722 765 1765 σου,

399 1788 499 1852 23.
539 1791 925 1869 Διασκόρπισον
957 1794 1143 1856 αὐτοὺς
1189 1792 1242 1848 ἐν
1274 1800 1340 1869 τῇ
1361 1791 1575 1869 δυνάμει
1600 1815 1714 1853 σου’

400 1879 501 1940 24,
530 1880 633 1941 Καὶ
705 1882 972 1959 κατάγκγε
1048 1882 1255 1961 αὐτοὺς,
1312 1885 1339 1939 ὁ
1400 1884 1797 1961 ὑπερασπιστῆς
1857 1908 1957 1961 μου

311 1968 493 2045 Κύριε.

393 2055 491 2116 25.
533 2057 788 2135 Ἀμαρτία
841 2060 1103 2134 στόματος
1165 2059 1335 2117 αὐτῶν
1383 2059 1542 2139 λόγος
1574 2061 1802 2141 χειλέων
1855 2065 1955 2120 αὒ-

300 2153 438 2202 τὼν·

299 2415 601 2488 συντελείᾳ,

389 2502 491 2567 28.
526 2503 615 2560 Ἐν
646 2506 773 2582 ὀρθῇ
805 2504 1125 2580 συντελείας,
1158 2508 1245 2562 καὶ
1275 2508 1334 2563 οὐ
1378 2506 1456 2580 μὴ
1485 2506 1774 2585 ὺπάρξωσι.

390 2592 490 2655 Ξ9.
525 2591 629 2654 Καὶ
658 2594 977 2670 γνώσονται,
1013 2594 1095 2652 ὅτι
1138 2598 1163 2650 ὃ
1220 2596 1351 2660 Θεὸς
1395 2594 1636 2667 δεσπόζει
1681 2604 1773 2655 τοῦ
1834 2600 1943 2656 Ἰα-

296 2680 445 2756 κὼϐ,
472 2684 558 2738 καὶ
601 2689 707 2738 τῶν
751 2684 991 2763 περάτων
1023 2684 1118 2753 τῆς
1164 2690 1289 2763 γῆς.

387 2804 475 2880 (τι)
508 2801 657 2863 Cod.
682 2800 865 2863 Palat.

1205 304 1303 377 DE
1344 303 1659 379 TITULIS
1700 304 2188 379 PSALMORUM.
2244 336 2312 361 -ιι
2356 308 2566 379 PBAL.
2612 312 2832 378 LVIII.

1992 456 2034 505 Α
2686 444 3058 524 Βίαρεσὶιηα.

392 2170 417 2198 ν

393 2233 491 2297 26.
526 2233 626 2296 Καὶ
682 2237 1137 2317 συλληφθήτωσαν
1181 2241 1238 2295 ἓν
1267 2245 1333 2315 τῇ
1389 2240 1716 2317 ὑπερηφανίᾳ
1759 2242 1949 2299 αὐτῶν.

392 2323 495 2387 97.
534 2328 631 2384 Καὶ
689 2325 740 2391 ἐξ
790 2327 918 2405 ἆρᾶς
990 2330 1077 2384 καὶ
1138 2327 1358 2403 ψεύδους
1414 2327 1850 2406 ὃιαγγελήσονται
1900 2332 1955 2387 ἐν

3575 315 3693 384 882

2127 544 2226 607 13.
2254 542 2685 606 Convertentur
2715 540 2789 602 ad
2830 556 3172 619 vesperam,
3199 539 3419 603 famem
3452 544 3687 623 patiem-

2050 640 2145 694 tur
2172 645 2236 693 ut
2265 632 2454 707 canis,
2489 638 2548 692 et
2577 628 2917 691 circuibunt
2959 627 3284 692 civitatem.

2135 724 2227 784 14.
2262 723 2420 784 Ecce
2448 719 2562 800 ipsi
2593 718 2913 799 loquentur
2942 717 3003 778 in
3033 736 3137 779 ore
3174 736 3282 780 suo
3312 737 3325 780 :

2130 813 2226 875 15.
2263 810 2331 872 Et
2358 808 2592 887 gladius
2620 808 2682 869 in
2713 807 2889 870 labiis
2921 824 3132 868 eorum
3163 829 3178 868 :

2132 901 2223 963 16.
2260 898 2550 974 Quoniam
2582 897 2717 975 quis
2774 896 2994 958 audivit
3024 895 3147 965 ?Et
3172 906 3259 979 tu,
3292 897 3563 978 Domine,
3592 902 3688 964 de-

2044 988 2270 1052 ridebis
2302 1005 2404 1050 eos
2429 1009 2442 1050 :

2131 1081 2223 1141 1'7.
2259 1077 2340 1137 Ad
2371 1076 2621 1137 nihilum
2654 1074 2916 1137 deduces
2946 1093 3154 1138 omnes
3184 1084 3415 1155 gentes.

2130 1167 2221 1229 18.
2250 1164 2688 1229 Fortitudinem
2722 1178 2917 1225 meam
2948 1164 3024 1225 ad
3074 1174 3130 1226 te
3179 1166 3512 1229 custodiam
3547 1190 3561 1231 :

2126 1257 2224 1317 19.
2249 1254 2398 1328 Quia
2429 1262 2512 1327 tu,
2549 1252 2728 1327 Deus,
2764 1261 3084 1333 susceptor
3113 1272 3283 1316 meus
3314 1273 3397 1317 es.

2123 1346 2223 1407 20.
2250 1344 2408 1406 Deus
2432 1360 2619 1422 meus,
2650 1341 3056 1403 misericordia
3079 1351 3180 1406 tua
3217 1344 3535 1424 praeveniet
3562 1365 3682 1413 me:

2128 1435 2228 1496 91.
2261 1433 2420 1495 Deus
2453 1450 2623 1493 meus
2678 1429 2953 1492 ostendet
3012 1432 3157 1493 mihi
3199 1451 3380 1513 super
3408 1435 3685 1498 inimicos

2048 1542 2235 1586 meos.

2127 1614 2227 1676 22.
2258 1611 2343 1673 Ne
2402 1611 2638 1673 occidas
2684 1626 2813 1690 eos,
2848 1622 2925 1672 ne
2976 1610 3218 1691 quando
3261 1612 3687 1678 obliviscantur

2045 1704 2196 1782 legis
2239 1711 2373 1764 tuae.

1984 1775 2018 1825 Β
2109 1775 2220 1856 23.
2256 1791 2543 1871 Disperge
2573 1789 2710 1850 illos
2741 1788 2802 1848 in
2853 1788 3069 1850 virtute
3101 1796 3237 1849 tua:

2119 1882 2220 1945 24.
2282 1877 2355 1943 Et
2413 1880 2643 1958 depone
2700 1895 2825 1955 eos,
2889 1884 3199 1957 protector
3252 1897 3421 1940 meus
3469 1879 3679 1943 Domi—

2040 1990 2136 2035 ne.

2116 2060 2215 2123 25.
2245 2058 2542 2123 Delictum
2568 2036 3157 2137 oris‘eerum,sermo
3192 2054 3485 2120 labiorum
3518 2060 3678 2140 ipso-

2037 2167 2218 2301 rug‘ﬁ.
2252 2239 2325 2301 Et
2354 2234 2938 2317 comprehendantur
2970 2236 3029 2297 in
3062 2237 3346 2316 superbia
3378 2255 3525 2302 sua:

2116 2328 2214 2391 27.
2254 2330 2322 2388 Et
2350 2326 2424 2387 de
2475 2323 2906 2403 exsecratione,
2953 2332 3015 2388 et
3075 2325 3388 2387 mendacio
3442 2345 3677 2390 annun-

2036 2417 2339 2479 tiabuntur
2367 2415 2429 2476 in
2457 2413 2998 2494 consummatione,

2115 2506 2215 2571 98.
2248 2508 2313 2569 In
2344 2505 2433 2566 ira
2466 2502 3023 2583 consummationis,
3055 2511 3117 2564 et
3147 2522 3267 2566 non
3311 2511 3513 2568 erunt.

2112 2598 2212 2661 29.
2246 2594 2316 2657 Et
2357 2600 2568 2673 scient,
2603 2592 2738 2673 quia
2797 2593 2957 2654 Deus
3009 2592 3353 2656 dominatur
3379 2594 3587 2677 Iacob,
3619 2602 3677 2658 et

2027 2688 2234 2751 finium
2274 2696 2469 2748 terrae.

385 2883 462 2962 (ὂ)
493 2880 664 2945 Vere.
704 2882 797 2945 15.
829 2880 933 2945 Καὶ
971 2884 1229 2965 ῥομφαία²
1262 2893 1405 2960 etc.,
1454 2886 1669 2953 ἤκουσε.
1705 2887 1878 2951 Vers.
1922 2889 1990 2951 16

2108 2889 2150 2944 xi
2194 2888 2279 2959 σὺ,
2315 2890 2458 2956 etc.,
2494 2882 2704 2945 αὐτούς.

1444 3044 1859 3110 ATHANASII
1902 3040 2528 3111 INTERPRETATIO.

395 3151 487 3212 l3.
521 3149 824 3231 ’Ἒρχῦνται
882 3151 935 3206 ἐν
987 3152 1162 3208 σκότει
1207 3154 1514 3215 κυκλοῦντες
1570 3156 1668 3222 τὴν
1729 3156 1991 3235 ψυχῆνιε

2108 3152 2201 3216 13.
2233 3150 2496 3213 Veniunt
2528 3147 2587 3207 in
2624 3144 2889 3208 tenebris
2916 3144 3355 3207 circumdantes
3378 3146 3668 3228 animam,

303 3241 401 3294 καὶ
434 3242 718 3295 κατεσθίειν
750 3247 995 3310 ζητςῦσιν
1034 3243 1103 3306 ὡς
1133 3243 1303 3304 κύνες.

384 3330 409 3386 1
429 3332 484 3387 4.
521 3326 652 3384 Ἰδοὺ
688 3331 830 3387 αὐτοὶ
853 3332 993 3385 οὗτοι
1017 3330 1400 3397 πειθανότητάς
1424 3353 1573 3397 τινας
1594 3331 1939 3412 λαλοῦσι

386 3417 482 3478 15,
517 3418 622 3479 Καὶ
651 3418 953 3496 ἀναιροῦσιν
982 3421 1038 3474 ἒν
1070 3432 1189 3484 τοῖς
1222 3418 1401 3497 λογοις
1436 3424 1605 3479 αὐτῶν
1635 3422 1754 3486 τοὺς
1779 3423 1943 3479 ἀκού-

293 3528 458 3570 οντας
502 3510 673 3563 αὐτῶν

387 3595 490 3659 16.
525 3594 627 3656 Καὶ
658 3596 745 3674 σὺ,
778 3599 959 3675 Κύριε,
1006 3596 1291 3663 ἀπελάσεις
1323 3599 1531 3662 αὐτούς,

394 3686 491 3745 17.
526 3688 602 3742 Τά
630 3684 750 3751 ἔθνη
780 3686 909 3743 τδτά
939 3695 1122 3747 ταῦτα.

384 3774 486 3838 18.
520 3774 627 3840 Τὴν
658 3776 905 3850 βοήθειάν
931 3800 1035 3851 μου
1078 3777 1219 3855 παρὰ
1242 3784 1334 3834 σοῦ
1364 3778 1590 3847 αἰτήσω.

395 3863 464 3924 19
523 3863 656 3920 ’Ὅτι
687 3865 747 3920 σὺ
785 3867 1045 3945 ὑπάρχεις
1092 3866 1220 3930 Θεός
1254 3889 1374 3940 μου.

388 3953 492 4015 20.
524 3951 589 4010 Ὀ
650 3952 832 4031 ἔφορός
890 3978 992 4028 μου
1025 3953 1135 4035 (2),
1174 3956 1232 4010 τὸ
1286 3954 1431 4018 ἕλεος
1489 3954 1648 4013 αὐτοῦ
1695 3958 1948 4013 σκεπάσει

305 4064 400 4115 με.

388 4130 455 4193 24
478 4181 492 4195 ,
526 4143 653 4196 Τοῖς
683 4130 891 4209 δαίμοσι
920 4128 1006 4213 (3)

388 4220 486 4282 9‘2.
524 4223 611 4289 Μὴ
644 4221 919 4286 παντελῶς
950 4225 1183 4299 ποιήσῃς
1214 4223 1402 4285 αὐτοὺς
1435 4224 1511 4297 μὴ
1541 4228 1703 4301 εἶναι,
1738 4223 1948 4300 μήποτε

301 4314 377 4373 ὡς
404 4313 482 4384 μὴ
509 4311 838 4390 ὑπάρχοντες
878 4312 974 4368 οὒκ
1028 4312 1102 4368 ἔτι
1135 4314 1559 4387 μνημονεύσουσι
1616 4319 1721 4368 τῶν
1778 4313 1949 4371 κολά-

302 4422 461 4471 σεων,
497 4404 572 4453 ὧν
616 4401 834 4478 ἐπάγεις
880 4403 1094 4465 αὐτοῖς.

386 4487 485 4552 23.
521 4487 690 4546 Ἀλλὰ
720 4487 1095 4569 διασκόρπισον
1146 4494 1329 4554 αὐτοὺς
1376 4493 1448 4554 εἰς
1492 4493 1552 4546 τὸ
1598 4499 1694 4570 πῦρ
1725 4494 1785 4548 τὸ
1817 4494 1947 4549 αἰώ-

314 4602 441 4639 θιον,

386 4664 489 4728 24.
529 4670 625 4725 Καὶ
669 4670 739 4729 εἷς
785 4669 1015 4745 τάρταρα
1054 4673 1153 4735 τῆς
1198 4675 1299 4745 γῆς
1343 4671 1609 4747 κατάγαγε
1656 4671 1865 4734 αύτούς.

390 4755 488 4817 25.
525 4759 621 4812 Δια
669 4758 763 4821 τὰς
830 4758 1085 4835 ἁμαρτίας
1144 4766 1235 4813 του
1297 4759 1557 4830 στόματος
1625 4761 1816 4835 αὒτῶν,
1864 4762 1950 4815 καὶ

305 4846 431 4905 τοὺς
465 4844 655 4922 λόγους
686 4846 765 4924 (4)
802 4845 887 4910 ὥς
920 4846 1183 4912 ἐλάλησαν
1218 4849 1353 4906 κατὰ
1397 4856 1512 4906 σοῦ.

388 4932 490 4996 26.
526 4936 622 4993 Καὶ
653 4934 1104 4993 καταδικασθῶσιν
1137 4935 1191 4991 ἐν
1222 4943 1288 5013 τῇ
1329 4937 1577 5015 ἀνταρσιᾳ
1608 4938 1801 5012 αὐτῶν,

387 5024 483 5083 ΞἾ.
528 5026 623 5081 Καὶ
651 5030 748 5088 τῆς
782 5027 1015 5091 ὲκκοπῆς
1045 5026 1153 5103 (5)⁹
1180 5028 1266 5082 καὶ
1308 5033 1399 5082 τοῦ
1443 5026 1684 5101 ψεύδους,
1716 5030 1775 5083 οὗ
1816 5026 1945 5083 ἐλά-

304 5112 502 5192 λητκν,
550 5116 635 5169 καὶ
656 5112 893 5178 ἁδίδαξαν
927 5115 982 5169 ἐν
1010 5116 1085 5188 τῷ
1116 5116 1320 5188 κόσμῳ.

388 5200 486 5263 28.
524 5200 623 5262 Καῖ
658 5202 713 5257 ἐν
746 5208 812 5279 τῇ
843 5204 973 5281 ὀργῇ
1006 5203 1100 5270 τῆς
1123 5202 1421 5268 συντελείας
1451 5204 1510 5261 οὔ
1527 5206 1604 5278 μὴ
1619 5201 1936 5284 ὑπάρξωσιν,

384 5289 481 5351 29.
521 5287 624 5351 Καὶ
675 5291 793 5347 τότε
851 5292 1165 5367 γνώσονται,
1198 5293 1278 5348 ὃτι
1320 5295 1397 5356 τῶ
1454 5300 1570 5366 Θεῷ
1612 5291 1941 5353 δουλεύσουσι

301 5386 469 5435 πᾶσαι
501 5378 593 5459 eo)
608 5381 657 5437 αὶ
700 5382 939 5459 γλῶσσαι

2031 3250 2091 3305 et
2122 3242 2406 3303 devorare
2438 3242 2709 3317 quaerunt
2738 3241 2799 3295 ut
2843 3252 3049 3296 canes.
3286 3291 3290 3295 .

2113 3331 2209 3393 14.
2242 3327 2394 3390 Ecce
2422 3325 2483 3385 hi
2505 3323 2617 3405 ipsi
2649 3321 2987 3403 plausibilia
3008 3322 3279 3403 quaedam
3314 3321 3663 3401 loquuntur.

2117 3420 2207 3481 15.
2246 3416 2314 3477 Et
2337 3413 2616 3477 occidunt
2652 3412 2712 3473 in
2763 3410 3141 3473 sermonibus
3200 3409 3324 3472 suis
3353 3409 3665 3473 audientes

2029 3526 2170 3570 808..

2106 3596 2204 3659 16.
2240 3596 2314 3657 Et
2343 3602 2427 3665 tu,
2460 3591 2736 3669 Domine,
2778 3588 3028 3669 dejicies
3060 3607 3186 3650 eos.

2109 3687 2206 3745 17.
2242 3682 2462 3746 Gentes
2492 3677 2857 3758 hujusmoii.

2113 3777 2204 3836 18.
2241 3769 2540 3835 Auxilium
2572 3784 2770 3829 meum
2802 3784 2836 3827 a
2869 3772 2928 3827 te
2950 3763 3287 3845 postulabo.

2117 3864 2208 3925 19.
2246 3858 2538 3933 Quoniam
2571 3865 2630 3918 tu
2663 3872 2727 3917 es
2758 3853 2912 3916 Deus
2956 3864 3151 3917 meus.

2110 3950 2210 4013 90.
2248 3952 2604 4028 Prospector
2660 3962 2852 4018 meus,
2888 3942 3301 4007 misericordia
3330 3951 3427 4006 tua
3479 3952 3673 4025 prote-

2029 4050 2129 4121 get
2164 4058 2283 4103 me.

2111 4131 2209 4192 21.
2247 4124 2656 4189 Daemonibus.

2110 4220 2209 4282 22.
2244 4218 2330 4280 Ne
2363 4216 2541 4277 facias
2598 4232 2702 4277 eos
2755 4231 2999 4294 prorsus
3046 4233 3166 4276 non
3224 4215 3533 4297 exsistere,
3562 4234 3671 4278 ne-

2031 4308 2271 4387 quando
2297 4313 2500 4386 utpote
2557 4319 2677 4365 non
2723 4304 3079 4365 exsistentes
3110 4322 3229 4365 non
3283 4305 3677 4368 recordentur

1974 4371 2287 4478 Damplius
2317 4371 2749 4474 sdppliciorum
2782 4408 2913 4472 qua:
2944 4391 3093 4470 ipsis
3126 4392 3335 4456 infers.

2042 4546 2045 4551 .
2111 4487 2207 4549 ‘23.
2246 4483 2361 4547 Sed
2393 4483 2670 4562 disperge
2714 4481 2846 4542 illos
2888 4485 2948 4541 in
2979 4481 3175 4559 ignem
3221 4480 3536 4545 aeternum.

2112 4664 2212 4726 24.
2250 4665 2315 4723 Et
2343 4662 2405 4722 in
2440 4668 2654 4721 tartara
2698 4666 2873 4720 terrae
2914 4659 3107 4720 deduc
3134 4677 3262 4721 eos.

2112 4753 2209 4816 95.
2237 4752 2486 4829 Propter
2530 4756 2769 4829 peccata
2826 4747 2948 4809 oris
2990 4747 3279 4829 ipsorum,
3317 4758 3375 4811 et
3433 4768 3669 4813 sermo-

2037 4860 2145 4902 nes
2176 4860 2324 4921 quos
2355 4838 2534 4900 locuti
2580 4846 2717 4898 sunt
2746 4835 3029 4898 adversus
3058 4843 3140 4902 te.

2116 4931 2214 4991 96.
2254 4928 2321 4989 Et
2352 4925 2827 4989 condemnentur
2858 4923 2917 4984 in
2949 4924 3282 4989 rebellione
3313 4945 3441 4990 sua.

2117 5019 2215 5079 97.
2252 5016 2321 5078 Et
2351 5016 2425 5076 de
2476 5013 2863 5075 eﬂ'renatione
2893 5012 3039 5085 oris,
3075 5022 3131 5077 et
3156 5016 3465 5079 mendacio
3517 5016 3674 5099 quod

2040 5107 2219 5167 locuti
2254 5112 2416 5181 sunt,
2451 5111 2510 5162 et
2540 5101 2875 5162 docuerunt
2911 5100 2972 5161 in
3007 5104 3251 5166 mundo.

2108 5196 2208 5258 98.
2242 5192 2313 5255 Et
2337 5194 2395 5251 in
2443 5190 2531 5252 ira
2573 5191 3102 5253 consummationis
3137 5206 3253 5254 non
3315 5194 3672 5257 subsistent.

2106 5287 2207 5348 99.
2245 5283 2315 5344 Et
2375 5288 2513 5339 tunc
2573 5288 2953 5357 cognoscent,
3016 5281 3171 5362 quod
3228 5281 3350 5346 Deo
3411 5284 3682 5347 servient

2031 5390 2241 5439 omnes
2273 5367 2465 5431 tribus
2495 5375 2554 5427 et
2585 5367 2834 5444 linguae.

1326 5488 1631 5554 Addenda
1660 5494 1724 5554 et
1752 5484 2126 5566 corrigenda
2156 5497 2233 5545 ex
2271 5475 2411 5540 cod.
2448 5473 2649 5538 Vatic.

416 5592 477 5663 1)
506 5592 844 5657 Λαλτίσουσι,
1238 5626 1245 5633 ο

416 5592 477 5663 1)
506 5592 844 5657 Λαλτίσουσι,
1238 5626 1245 5633 ο

388 5592 479 5751 l2)
509 5674 697 5736 Αὐτοῦ.
725 5672 831 5736 sed
867 5672 1086 5737 melius
1115 5694 1242 5753 μου.
1274 5672 1472 5738 Paulo
1499 5684 1635 5755 post
1664 5677 1951 5757 προφθάσει

312 5773 381 5829 ut
390 5798 478 5913 .(3)
512 5832 738 5914 Δαίμοσι
765 5833 935 5918 My“.

2127 5588 2209 5669 (4)
2243 5584 2473 5669 λόγους»
2493 5580 2702 5669 αύτιξν,Δ
2724 5590 2841 5669 etc.

2128 5662 2211 5748 (5)
2242 5666 2513 5748 Ἐξκκσπῆς
2542 5663 2637 5717 τοῦ
2680 5662 2925 5748 ψεύδους,

2124 5741 2200 5829 (6)
2226 5744 2369 5814 ’Ὁτι
2395 5741 2577 5812 Ἰησοῦ
2616 5749 2695 5819 τῷ
2737 5745 2853 5822 Θεῷ
2886 5792 2902 5811 ,
2940 5789 2955 5807 .

2037 5855 2148 5894 σαι.

3000 5792 3012 5807 .
3051 5789 3071 5811 .
3093 5749 3146 5805 αἱ
3175 5744 3331 5827 φυλαὶ
3364 5745 3449 5805 καὶ
3494 5744 3673 5826 γλῶσ-
