4104 6206
305 311 431 377 885
1226 313 1322 378 DE
1364 318 1676 380 TlTULIS
1718 316 2160 380 PSAMORUM.
2223 349 2286 360 --
2331 313 2542 379 PSAL.
2591 314 2742 378 LIX.
3561 313 3680 380 886

385 447 446 508 2.
501 446 814 526 Ὠργίσθης,
847 452 932 505 καὶ
958 449 1284 529 ῲκτείρησας
1315 452 1486 518 ἡμᾶς,
1972 460 2006 506 Α

1972 460 2009 506 Α
2111 450 2170 509 2.
2217 449 2404 511 Iratus
2434 466 2524 524 es,
2557 455 2617 510 et
2647 447 2926 510 misertus
2971 467 3037 511 es
3077 449 3273 511 nobis.

380 535 440 596 3.
488 536 801 601 Συνὲσεισας
831 537 927 605 τὴν
959 541 1084 614 γῆν,
1123 541 1210 596 καὶ
1238 538 1588 618 συνετάραξας
1632 542 1819 611 αὐτήν·

2107 537 2166 600 3.
2211 537 2593 600 Commovisti
2627 546 2877 612 terram,
2912 547 2971 598 et
3002 538 3376 602 conturbasti
3410 558 3570 604 eam.

380 625 442 687 4.
486 623 677 684 ’Ἰασαι
712 627 775 683 τὰ
805 628 1167 704 συντρίμματα
1198 631 1388 709 αὐτῆς,
1435 629 1517 686 ὅτι
1549 628 1832 698 ἐσαλεύθη,

2106 628 2164 690 4.
2215 631 2366 690 Sana
2395 627 2784 689 contritiones
2816 627 2970 707 ejus,
2997 627 3136 708 quia
3165 637 3462 691 commota
3494 637 3604 690 est.

378 716 442 778 5.
490 713 779 782 Ε”Εδειξας
810 722 885 790 τῷ
913 716 1027 792 λαῷ
1070 739 1164 774 σου
1196 718 1439 794 σκληρά,

2105 719 2164 780 5.
2214 715 2540 780 Ostendisti
2574 715 2792 796 populo
2824 723 2925 777 tuo
2957 715 3108 778 dura
3142 738 3154 779 :

375 803 442 867 ὃ.
490 802 772 870 Ἐπότισας
817 807 957 880 ἡμᾶς
1003 809 1154 863 οἶνον
1187 807 1556 873 κατανύξεως.

2101 806 2160 868 6.
2213 805 2428 869 Potasti
2464 823 2571 868 nos
2601 805 2737 866 vino
2766 806 3273 886 compunctionis.

370 893 438 956 ’1,
482 891 711 958 "Emme
739 907 860 951 τοῖς
890 892 1232 974 φοϐουμένοις
1263 917 1320 952 σε
1353 899 1670 971 σημείωσιν,
1720 897 1813 979 (α)
1847 907 1940 957 τοῦ

2099 898 2160 960 7.
2209 895 2433 958 Dedisti
2495 893 2902 957 metuentibus
2957 907 3017 956 te
3049 895 3570 980 signiﬁcationem,
3607 908 3668 963 ut

284 996 483 1061 φυγεῖν
508 982 614 1039 ἀπὸ
637 983 922 1060 προσώπου
951 984 1126 1049 τόξου.

1090 1008 1126 1045 »ο
2021 987 2242 1066 fugiant
2270 1005 2304 1047 a
2332 985 2484 1046 facie
2517 1001 2711 1046 arcus.

371 1071 435 1135 8.
482 1069 672 1136 ’Ὀπος
703 1073 764 1128 ἂν
793 1073 1046 1150 ρυσθῶσιν
1079 1077 1126 1130 οἱ
1155 1074 1426 1150 ἀγαπητοί
1446 1097 1563 1135 σου.

1414 1079 1426 1132 ε
1446 1097 1563 1135 σου.
2093 1076 2153 1138 8.
2199 1073 2274 1139 Ut
2303 1074 2639 1136 liberentur
2672 1073 2877 1136 dilecti
2912 1075 2990 1134 tui
3023 1092 3035 1136 :

371 1159 442 1223 9.
483 1166 663 1217 Σῶσον
695 1167 762 1238 ’ᾖ
790 1161 930 1234 δεξιᾷ
959 1185 1051 1218 σου
1083 1165 1168 1219 καὶ
1205 1164 1500 1222 ἐπάκούσον
1533 1187 1661 1240 μου.

2098 1167 2158 1228 9.
2207 1164 2442 1227 Salvum
2469 1163 2559 1224 fac
2585 1163 2826 1224 dextera
2859 1169 2983 1238 tua,
3016 1173 3076 1227 et
3099 1166 3314 1228 exaudi
3339 1185 3457 1231 me.

379 1249 477 1308 10.
528 1251 587 1308 Ὀ
619 1254 746 1315 Θεὸς
779 1251 1039 1320 ἐλάλησεν
1067 1252 1121 1308 ἐν
1149 1260 1225 1328 τῷ
1254 1254 1388 1331 ἁγίῳ
1418 1256 1602 1312 αὖτοῖν

2100 1255 2197 1318 40.
2246 1252 2400 1314 Deus
2443 1252 2679 1314 locutus
2710 1260 2798 1313 est
2824 1252 3114 1315 in'sancto
3146 1273 3254 1317 suo
3287 1277 3298 1313 :

379 1339 478 1402 11.
526 1339 972 1416 Ἀγαλλιάσομαι,
1004 1343 1090 1399 καὶ
1118 1341 1374 1421 διαμεριῶ
1392 1344 1608 1418 Σίκιμα⁹

2103 1345 2194 1407 11.
2244 1341 2534 1411 Laatabor.
2573 1347 2634 1404 et
2661 1341 2928 1421 partibor
2954 1343 3280 1406 Sir-bimam
3322 1366 3334 1408 :

375 1427 474 1490 12.
524 1425 623 1488 Καὶ
652 1431 750 1497 τὴν
781 1428 998 1487 κοιλάδα
1025 1433 1131 1488 τῶν
1175 1438 1388 1500 σκηνῶν
1417 1433 1780 1512 διαμιτρήσω,

2103 1434 2172 1496 l2
2215 1433 2286 1494 Et
2315 1431 2646 1495 convallem
2679 1431 3212 1495 tabernaculorum
3255 1434 3535 1497 metibor.

377 1519 472 1580 13.
529 1517 691 1594 Ἐμός
719 1521 830 1578 ἐστι
863 1519 1090 1596 Γαλαάδ,
1125 1524 1211 1580 καὶ
1243 1524 1371 1598 ἐμὸς
1419 1522 1530 1578 ἐστι
1576 1525 1884 1592 Μανασσῆς·

2102 1523 2193 1586 13.
2225 1524 2392 1586 Meus
2421 1529 2512 1584 est
2540 1519 2783 1596 Galaad,
2819 1529 2878 1584 et
2909 1540 3074 1585 meus
3103 1532 3196 1588 est
3221 1525 3526 1588 Manasses
3559 1548 3571 1585 :

378 1701 464 1780 (α)
510 1703 678 1762 Vers.
719 1703 779 1778 8,
831 1710 1012 1765 1‘06...
1062 1712 1098 1759 Υ
1129 1701 1188 1776 9,
1245 1683 1461 1770 ”οπως,

1421 1861 1830 1928 ATHANASII
1871 1863 2098 1928 INTER
2107 1861 2504 1928 PRETATIO.

277 2049 345 2101 γε
365 2050 404 2106 ι,
447 2026 524 2082 ὅτι
555 2026 642 2082 ἐπί
683 2025 826 2082 τέλει
861 2029 906 2082 οἱ
937 2025 1334 2105 ἀλλοιούμενοι,
1367 2023 1636 2082 τουτέστιν
1668 2027 1717 2081 οἱ
1749 2023 2216 2100 μεταϐαλλόμενοι
2246 2027 2353 2084 ἀπὸ
2383 2027 2477 2083 τού
2503 2024 2670 2082 κακοῦ
2705 2026 2778 2088 εἰς
2808 2025 2868 2081 τὸ
2893 2025 3112 2102 ἀγαθὸν,
3147 2027 3219 2091 εἷς
3249 2025 3649 2106 στηλογραφ(αν

276 2116 562 2194 ἔρχονται,
595 2113 736 2193 λέγω
758 2113 823 2182 δὴ
854 2117 928 2179 εἷς
952 2116 1051 2182 τὴν
1085 2115 1327 2192 ἐνάρετον
1357 2113 1650 2170 πολιτείαν
1686 2115 1834 2171 εἶταο
1868 2122 1956 2190 Τῷ
2005 2113 2164 2172 Δαόὶδ
2192 2118 2265 2180 εἱς
2299 2115 2551 2194 διδαχὴν,
2586 2116 2724 2193 φημὶ
2755 2116 2842 2170 καὶ
2873 2116 2946 2176 εἷς
2979 2113 3206 2194 διδαχὴν
3238 2116 3330 2171 τοῦ
3371 2117 3552 2172 ἶκανοῦ
3581 2117 3650 2187 ‘fl

273 2211 453 2290 χειρὶ,
499 2208 628 2286 ὅπερ
656 2210 728 2272 εἷς
774 2211 864 2265 τὸν
913 2209 1097 2287 Κύριον
1129 2208 1440 2286 ἀναφέρεται
1478 2225 1494 2244 ο
1526 2209 1614 2265 καὶ
1657 2207 1843 2265 λοιπὸν
1889 2208 2159 2279 ἐνεπύρισε
2196 2209 2294 2276 τὴν
2340 2207 2562 2286 ἔπαρσιν
2591 2214 2683 2264 τοῦ
2713 2215 3083 2282 μετεωρισμοῦ
3131 2209 3321 2264 ὡσανεὶ
3353 2207 3450 2275 τὴν
3479 2207 3649 2288 ἀμαρ-

271 2307 425 2377 τῖαν,
470 2306 557 2360 καὶ
613 2306 706 2360 τὸν
766 2305 1132 2380 μετεωρισμὸν
1185 2303 1282 2370 τῆς
1340 2303 1600 2378 ἁμαρτίας
1661 2305 1750 2358 καὶ
1797 2301 2174 2382 παλαιώσεως,
2237 2303 2476 2359 τουτέσνι
2525 2303 2616 2359 τὸν
2671 2301 2936 2362 Θάνατον·
2996 2299 3197 2358 δώδεκα
3261 2303 3360 2378 γὰρ
3405 2300 3648 2381 χιλιάδες

273 2394 587 2479 [χιλιάδας]
620 2410 741 2452 εἶπε
774 2393 856 2452 διὰ
898 2397 960 2452 τὸ
1000 2402 1104 2452 πᾶν
1134 2401 1232 2462 τῆς
1275 2396 1536 2474 ἁμαρτίας
1583 2403 1674 2452 τοῦ
1703 2395 1957 2456 Θανάτου.

270 2498 517 2565 tantur;
545 2489 661 2552 hoc
683 2496 775 2551 est
817 2488 918 2570 qui
963 2489 1407 2551 transferuntur
1435 2507 1469 2550 a
1499 2488 1654 2550 malo
1690 2487 1753 2550 in
1784 2487 2035 2563 bonum,
2068 2491 2311 2551 veniunt
2341 2489 2402 2551 in
2457 2488 2612 2550 tituli
2654 2488 3137 2570 inscriptionem,
3170 2488 3308 2552 dico
3333 2499 3540 2553 autem
3569 2491 3644 2555 ad

274 2586 499 2647 bonam
531 2585 665 2646 vita;
692 2582 1152 2645 institutionem.
1193 2583 1420 2646 Deinde
1454 2602 1467 2643 :
1503 2583 1701 2646 David
1755 2584 1824 2644 in
1871 2583 2236 2664 doctrinam,
2298 2590 2358 2645 et
2396 2585 2454 2645 in
2513 2582 2864 2658 doctrinam,
2898 2581 3165 2662 inquam,
3191 2601 3380 2646 manu
3406 2584 3640 2668 fortis;

275 2677 444 2759 quod
473 2677 545 2740 ad
577 2677 892 2739 Dominum
918 2677 1201 2740 refertur.
1261 2675 1334 2737 Et
1362 2676 1602 2738 demum
1641 2697 1654 2740 :
1692 2676 2018 2741 Succendit
2064 2679 2457 2741 elevationem
2512 2676 2936 2751 sublimitatis;
2969 2694 3186 2758 nempe
3217 2689 3552 2760 peccatum,
3590 2690 3649 2744 et

272 2771 704 2833 sublimitatem
732 2770 956 2851 peccati
987 2779 1043 2833 et
1069 2769 1376 2832 vetustatis
1403 2787 1415 2832 :
1443 2771 1555 2832 hoc
1597 2780 1690 2832 est
1724 2781 1978 2834 mortem
2021 2790 2034 2835 :
2074 2772 2392 2835 Duodecim
2428 2777 2594 2834 enim
2623 2769 2828 2833 millia
2857 2769 3025 2846 dixit,
3056 2780 3301 2853 propter
3329 2792 3506 2836 omne
3537 2794 3646 2856 ge-

277 2883 395 2925 nus
427 2863 651 2944 peccati
677 2862 965 2928 mortalis.

361 2970 420 3031 2.
470 2976 577 3031 υύκ
634 2974 706 3036 εἰς
761 2971 912 3035 τέλος
970 2971 1337 3050 ἀπεστράφης,
1371 2970 1485 3028 οὐδὲ
1518 2973 1810 3031 ἐπελλάθου
1839 2976 1910 3042 ἡ·
1937 2979 1974 3028 Β

2076 2972 2137 3035 2.
2186 2969 2315 3034 Non
2342 2972 2405 3033 in
2437 2969 2615 3034 ﬁnem
2642 2975 2950 3033 aversatus
2977 2986 3064 3047 es,
3102 2989 3298 3054 neque
3329 2973 3547 3039 oblitus
3582 2995 3647 3041 es

278 3069 424 3136 μῶν,

2005 3063 2210 3125 nostri.

361 3151 419 3211 3.
471 3155 531 3208 Οἱ
562 3152 611 3215 ἐξ
642 3151 800 3208 ἐθνῶν
831 3149 918 3229 (1)
948 3151 1266 3212 ἀκούσαντες
1296 3147 1381 3206 διὰ
1423 3154 1515 3208 τοῦ
1548 3152 1913 3230 κητύγματος,

2082 3152 2140 3214 3.
2190 3151 2304 3224 Qui
2331 3170 2406 3214 ex
2437 3150 2713 3230 gentibus
2755 3169 2874 3212 non
2909 3150 3217 3214 audientes
3257 3171 3364 3233 per
3413 3155 3644 3233 pradi-

272 3241 359 3296 ὅτι
393 3241 622 3307 ἕστησας
651 3241 880 3317 ἡμέραν,
913 3243 970 3296 ἓν
994 3243 1030 3316 ᾖ
1061 3239 1240 3312 μὲλεις
1270 3253 1446 3318 κρῖναι
1478 3243 1572 3309 τὴν
1603 3241 1887 3316 οἰκουμένη

2024 3241 2327 3317 :ationem,
2357 3240 2518 3318 quod
2546 3239 2804 3301 statuisti
2834 3239 3020 3322 diem,
3047 3241 3104 3302 in
3132 3259 3246 3322 quo
3265 3243 3645 3322 judicaturus

268 3338 330 3385 ἐν
361 3329 691 3406 δικαιοσύνη,

2001 3349 2067 3394 es
2099 3330 2307 3393 orbem
2335 3330 2395 3391 in
2419 3329 2670 3410 justitia.

353 3417 414 3479 4.
467 3419 649 3476 "lant
681 3420 744 3475 τὰ
774 3420 1134 3496 συντρίμματα
1185 3419 1370 3497 αὐτῆς,
1399 3418 1479 3475 ὅτι
1509 3419 1776 3488 ὑπήκουσέ
1807 3441 1912 3481 σοι,

2081 3423 2142 3484 4.
2177 3422 2333 3480 Sana
2350 3417 2740 3480 contritiones
2768 3417 3208 3498 ejus,quoniam
3231 3417 3496 3482 obedivit
3516 3421 3640 3483 tibi.

349 3512 411 3574 5,
463 3512 639 3567 Πάντα
682 3513 748 3566 τὰ
771 3511 1159 3590 προστάγματά
1192 3532 1309 3568 σου.

1257 3535 1309 3568 υ.
2086 3513 2146 3572 5.
2195 3507 2412 3573 Omnia
2447 3505 2723 3568 mandata
2757 3515 2875 3570 tua.

350 3604 416 3664 6.
462 3604 571 3670 Τὴν
602 3605 759 3681 χάριν
784 3625 876 3660 σου
907 3605 980 3666 εἰς
1007 3603 1352 3681 ἐπιστροφὴν.

2080 3602 2117 3663 6
2161 3597 2360 3662 Gratia
2389 3605 2488 3658 tua
2516 3595 2588 3657 ad
2623 3596 3103 3660 conversionem.

352 3693 416 3754 7.
464 3702 591 3753 Τοῖς
626 3690 708 3771 (2)
741 3705 953 3758 πιστοῖς
1005 3697 1226 3771 γνῶσιν,
1281 3699 1374 3750 τοῦ
1428 3705 1618 3772 φυγεῖν
1673 3695 1774 3750 ὑπὸ
1822 3697 1919 3762 τῆς

2091 3693 2150 3753 7.
2197 3685 2502 3751 Fidelibus
2553 3684 2979 3766 cognitionem,
3032 3695 3099 3750 ut
3149 3685 3372 3764 fugiant
3414 3706 3449 3750 a
3509 3707 3646 3770 peo-

352 3783 612 3858 ἁμαρτίας
626 3827 639 3840 .
2003 3787 2162 3842 cato.

355 3872 419 3935 8.
465 3871 592 3928 Ἀπ’
623 3873 786 3938 αὐτῆς
823 3869 909 3951 (3)
943 3873 1042 3940 τῆς
1072 3873 1356 3948 ἁμαρτίας.

1119 3873 1356 3948 ααρτίας.
2081 3867 2143 3932 8.
2191 3866 2280 3930 Ab
2311 3866 2441 3945 ipso
2472 3872 2740 3944 peccato.

354 3961 418 4023 9.
469 3960 776 4018 Επάκουσόν
802 3985 924 4035 μου,
972 3963 1059 4018 καὶ
1091 3961 1262 4018 σῶσον
1287 3959 1342 4015 ὲν
1372 3967 1448 4034 τῷ
1480 3963 1586 4030 Υἰῷ
1617 3983 1730 4019 σου.

1652 3984 1730 4019 ου.
2081 3958 2141 4022 9.
2191 3953 2409 4020 Exaudi
2441 3972 2558 4028 me,
2597 3964 2654 4014 et
2683 3953 2841 4016 salva
2870 3954 2931 4016 in
2963 3953 3112 4017 Filio
3150 3963 3269 4016 tuo.

364 4049 458 4113 10.
502 4046 572 4112 Ὀ
605 4053 782 4128 Πατὴρ
807 4052 858 4106 ἐν
886 4059 964 4125 τῷ
994 4051 1118 4124 ι’ίῷ,

1073 4058 1118 4124 ii.
2081 4047 2182 4108 10.
2232 4049 2401 4106 Pater
2432 4043 2492 4104 in
2523 4042 2694 4104 Filio.

357 4140 453 4201 11,
510 4141 700 4214 Σίκιμα
746 4141 1086 4218 ἑρμηνεύεται
1117 4137 1477 4199 ἐναϐαίνουτα.
1520 4139 1629 4206 Τὴν
1661 4139 1746 4195 οὖν
1777 4141 1912 4196 ἀνα-

2083 4138 2176 4200 11.
2225 4133 2496 4198 Sichima
2545 4133 2972 4214 interpretatur
3023 4133 3368 4196 ascendens.
3405 4134 3638 4198 Ascen-

272 4231 557 4285 καίνουσαν
587 4230 760 4304 ψυχήν
796 4232 920 4308 πρὸς
955 4231 1044 4304 μὲ,
1077 4233 1111 4300 ἦ
1145 4229 1306 4296 αὐτὴν
1344 4228 1429 4307 (4)
1457 4228 1556 4296 τὴν
1590 4226 1893 4295 Ἰ-ὶκκλησίαε

2020 4226 2239 4288 lentem
2272 4223 2455 4303 igitur
2487 4222 2744 4284 animam
2773 4222 2848 4284 ad
2899 4241 3017 4303 me,
3066 4241 3172 4284 seu
3209 4221 3397 4302 ipsam
3431 4222 3641 4288 Eccle-

271 4319 607 4398 ἀποχωρῖσω
634 4318 740 4374 ἀπὸ
771 4325 860 4375 τοῦ
893 4320 1090 4392 κόσμου
1113 4321 1349 4392 ἐμαυτῷ.

1929 4342 1973 4393 ο
1998 4316 2144 4377 siam
2169 4311 2457 4394 separabo
2492 4310 2638 4372 mihi
2669 4330 2701 4372 a
2736 4312 2983 4374 mundo.

357 4406 456 4468 12.
508 4409 602 4464 Καὶ
625 4408 678 4462 ἐν
707 4413 776 4482 τῇ
805 4412 958 4486 ψῦγῇ
981 4409 1084 4463 τῶν
1128 4409 1218 4479 (5)
1245 4407 1508 4464 ταπεινῶν
1541 4406 1912 4486 ἐμπεριπατή-

1778 4406 1912 4472 ατιί-
2080 4403 2174 4465 12.
2228 4405 2301 4466 Et
2330 4401 2390 4462 in
2419 4399 2616 4462 anima
2647 4401 2960 4462 humilium
2993 4399 3399 4465 inambulabo.

269 4519 353 4553 σω

355 4585 452 4646 13.
503 4585 710 4640 Γαλαὰδ
758 4586 1108 4664 ἑρμηνεύεται
1162 4586 1412 4642 κατοικία
1457 4585 1738 4662 μαρτυρίου

2083 4582 2174 4642 t3.
2208 4579 2443 4643 Galaad
2495 4579 2920 4658 interpretatur
2948 4577 3319 4640 inhabitatio
3366 4585 3628 4642 testimo-

273 4676 563 4740 Μανασσῆς
597 4675 935 4751 ἑρμηνεύεται
985 4673 1484 4748 ἐπιλανθανόμενος,
1510 4683 1673 4731 Τοῦτο
1705 4672 1790 4729 οὖν
1822 4673 1882 4728 λέ

2017 4672 2107 4731 iii.
2136 4669 2450 4730 Manasses
2481 4668 2906 4744 interpretatur
2928 4665 3148 4728 oblitus
3203 4667 3327 4728 Hoc
3355 4664 3534 4747 igitur
3550 4669 3638 4731 si-

271 4779 378 4840 γει·
414 4763 579 4835 Ἐςιός
610 4785 719 4818 εστι
754 4761 982 4834 Γαλαὰδ,
1031 4767 1057 4818 ὂ
1091 4764 1194 4819 ἀπὸ
1227 4765 1322 4829 τῆς
1367 4763 1626 4836 ἁμαρτίας
1661 4761 1892 4834 μέτοικοι

2017 4758 2255 4835 gniﬁcat,
2290 4758 2452 4820 Meus
2482 4763 2570 4819 est
2592 4755 2829 4817 Galaad
2861 4775 2875 4815 :
2901 4755 3055 4835 quia
3086 4764 3327 4834 peccato
3354 4756 3638 4818 transmi-

271 4859 548 4929 γινόμενος
593 4854 722 4928 πρὸς
754 4851 843 4925 ἐμὲ
880 4853 933 4907 ἐν
977 4851 1230 4929 μαρτυρίᾳ
1403 4853 1490 4907 καὶ
1516 4851 1644 4925 ἐμός
1669 4849 1778 4904 ἐστι
1800 4856 1892 4904 Μαι

2001 4846 2246 4924 graverit
2275 4846 2348 4906 ad
2385 4863 2480 4907 me
2509 4844 2568 4905 in
2619 4842 2957 4905 testimonio
2995 4862 3006 4904 :
3042 4854 3125 4922 et,
3161 4861 3323 4906 meus
3368 4853 3453 4907 est
3483 4844 3622 4907 Ma-

273 4940 496 5008 θισσῆς.
528 4943 556 4996 ὃ
600 4939 1073 5014 ἐπιλανθανόμενος
1101 4946 1206 4995 τῶν
1247 4940 1514 5019 προτέρων
1545 4942 1701 4997 αὒτου
1731 4960 1894 5005 πονη·

2016 4954 2222 5008 tas-ses,
2247 4934 2345 5013 qui
2380 4934 2601 4995 oblitus
2632 4941 2722 4994 est
2752 4932 3131 5013 pristinarum
3177 4950 3418 4996 suarum
3447 4933 3637 4996 mala-

273 5037 379 5109 ρῶν
405 5027 664 5106 πράξεων.

1995 5043 2124 5084 rum
2157 5023 2458 5085 actionem
2472 5065 2485 5080 .

1301 5206 1599 5272 Addenda
1628 5213 1692 5271 et
1721 5204 2095 5286 corrigenda
2121 5219 2199 5267 ex
2228 5202 2370 5266 cod.
2403 5201 2604 5266 Vatic.

354 5390 433 5468 (VI)
481 5391 540 5446 οἱ
570 5389 622 5468 ἑξ
653 5387 814 5445 tevch
843 5385 1085 5450 desunt.

2086 5383 2176 5468 (1‘)
2208 5380 2356 5468 Ερρε
2380 5379 2493 5468 ,μένμ
2515 5381 2614 5468 τὴγ
2645 5380 2831 5468 αὺῖὴν,
2866 5387 2981 5444 etc.

356 5459 442 5547 (2)
490 5467 745 5532 ’Ἱ-ὶδωκας
773 5480 915 5542 τοῖς,
951 5475 1063 5537 etc,
1129 5546 1134 5547 γ
1434 5545 1478 5547 __
1553 5546 1560 5547 ί
1637 5546 1643 5547 7
2075 5459 2164 5547 (Si
2206 5459 2310 5524 Καὶ
2341 5459 2440 5547 τὴν
2471 5459 2656 5540 ψυχὴν
2686 5467 2817 5540 τῶν,
2847 5468 2964 5523 etc.

355 5539 436 5625 (3)
482 5557 583 5607 Τού
613 5560 802 5629 φυγεῖν
835 5539 941 5604 ἀπὸ
987 5553 1082 5615 τῆς
1120 5546 1395 5625 ἁμαρτίας.
1433 5545 1504 5611 Ν,
1538 5546 1599 5609 9.
1633 5546 1768 5604 Ἀπό
1814 5547 1909 5629 αὐτ
2208 5539 2467 5629 ὲξετοικία
2497 5562 2806 5620 μαρτυριας,

271 5621 427 5699 τῆς.⁷
627 5621 637 5629 ’
697 5621 708 5628 ’
1234 5621 1243 5625 ⁷
1901 5625 1909 5632 ’
2079 5621 2160 5707 (Ἰ)
2208 5621 2302 5686 Εἷς
2332 5642 2641 5699 μαρτυριαν,
