4104 6206
429 303 538 367 891
1229 309 1290 370 Β.
1339 309 1758 372 ATHANASII
1801 310 1966 372 OPP.
2018 311 2207 374 PARS
2251 313 2360 376 Ill.
2408 348 2476 358 -—-
2525 314 2984 378 EXEGETICA.
3681 315 3802 378 892

599 440 675 502 In
701 442 900 521 ﬁnem,
932 459 1045 523 pro
1075 441 1345 506 ldithum
1371 443 1641 522 psalmus
1671 444 1896 508 David.
2085 463 2130 512 Α

2085 463 2130 512 Α
2274 451 2359 511 Et:
2390 452 2452 506 τὸ
2479 449 2659 525 τέλος,
2691 449 2823 527 ὑπὲρ
2854 447 3082 523 Ἰδιθοὺμ.
3114 446 3333 525 eam.
3362 454 3441 523 τῷ
3473 446 3663 514 Δαϐῑδ,

1024 530 1254 594 PSAL.
1303 532 1464 596 LXI.

2794 543 2938 596 ΨΛΛ
2949 581 2963 596 .
3010 542 3150 598 ΞΜ.

509 619 565 680 1.
599 617 814 681 Nonne
843 618 967 680 Deo
998 618 1270 708 subjecta
1301 621 1414 683 erit
1443 621 1641 685 anima
1671 628 1846 685 mea?
1909 701 1921 708 _

2235 627 2289 690 1.
2324 628 2460 708 Οὒχὶ
2503 635 2580 701 τῷ
2623 635 2740 701 Θεῷ
2768 625 3164 704 ὑποταγήσεται
3208 629 3243 695 ἡ
3290 629 3444 708 ψυχή
3501 647 3646 708 μου;

503 711 563 772 2.
596 709 690 772 ΑΙ)
721 709 851 788 ipso
888 709 1048 770 enim
1080 707 1350 771 Salutare
1379 729 1605 775 meum.
1909 701 1921 716 ’

1909 701 1921 716 ⁸
2227 714 2290 778 2.
2322 701 2451 797 Harp"
2485 717 2627 792 αὒτῷ
2657 719 2762 796 γὰρ
2804 718 2864 772 τὸ
2898 701 3174 794 Σωτήριόν
3205 701 3333 793 μου.

503 803 564 860 3.
596 798 741 862 Nam
777 806 835 858 et
864 799 994 878 ipse
1045 797 1204 860 Deus
1263 818 1432 862 meus
1457 809 1515 860 et
1544 799 1834 863 Salutaria
1865 819 2056 878 meus,

1896 819 2056 878 oens,
2226 803 2286 866 3.
2323 808 2419 863 Καὶ
2447 807 2546 885 γὰρ
2574 806 2728 869 αὐτὸς
2762 806 2892 868 Θεός
2924 828 3028 880 μου
3049 806 3135 863 καὶ
3168 808 3360 885 Σωτήρ
3391 829 3517 881 μου,

501 889 564 950 4.
601 891 927 970 Susceptor
959 905 1148 968 meus,
1184 907 1302 950 non
1334 890 1618 952 movebor
1647 890 1924 972 amplius.

2225 895 2285 958 4.
2319 894 2691 974 Ἀντιλήπτωρ
2722 918 2847 974 μου,
2881 895 2939 951 οὗ
2962 896 3042 970 μὴ
3073 893 3310 952 σαλευθῶ
3339 895 3423 953 ἐπὶ
3455 896 3674 960 πλεῖον.

503 980 563 1042 5.
592 978 912 1058 Quousque
945 975 1171 1038 irruitis
1203 977 1263 1038 in
1296 978 1654 1041 hominem?

2228 987 2286 1044 5.
2319 981 2477 1048 ’Ἕως
2509 985 2639 1040 πότε
2669 983 2958 1042 ἐπιτίθεσθε
2992 981 3079 1040 ἐπ’
3109 982 3383 1064 ἄνθρωπον
3419 1005 3434 1062 ;

502 1067 564 1128 6.
595 1065 930 1128 Interticitis
961 1065 1222 1128 universi
1253 1085 1355 1130 vos
1391 1086 1405 1127 :

1391 1086 1405 1127 ζ
2226 1073 2287 1136 6.
2320 1074 2577 1132 Φονεύετε
2608 1074 2803 1139 πάντες
2829 1075 3003 1149 ὑμεῖς.

499 1159 566 1221 7.
594 1159 898 1237 Tanquam
954 1155 1163 1236 parieti
1218 1156 1501 1219 inclinato
1549 1165 1611 1219 et
1651 1159 1927 1221 maceria
1951 1157 2063 1220 de-

2225 1163 2288 1226 7,
2325 1151 2415 1229 Ὠς
2445 1164 2617 1244 τοίχῳ
2657 1163 2998 1238 κεκλισμένῳ
3023 1165 3112 1220 καὶ
3155 1171 3390 1242 πραγμῷ
3420 1164 3648 1242 ὠσμένῳ
3685 1185 3702 1241 ;

425 1249 605 1330 pulsat
620 1255 649 1311 ?

501 1339 560 1403 8.
597 1340 1020 1401 Verumtamen
1078 1339 1335 1420 pretium
1391 1357 1588 1401 meum
1644 1339 2063 1420 cogitaverunt

2227 1340 2287 1406 8.
2322 1340 2468 1410 Πλὴν
2499 1342 2598 1409 τὴν
2630 1343 2794 1416 τιμήν
2826 1364 2927 1418 μου
2957 1341 3337 1402 ὶϐουλεύσαντο
3367 1343 3708 1403 ἀπώσασθαι.

420 1429 740 1510 repellere.

498 1520 556 1584 9.
593 1519 838 1582 Cucurri
867 1519 928 1580 in
951 1518 1051 1580 siti
1083 1536 1098 1580 ε

2223 1520 2283 1584 9.
2310 1519 2592 1599 ’Ἒδραμον
2638 1521 2692 1578 έν
2733 1519 2887 1597 δίψῃ,

499 1610 598 1672 10.
633 1608 748 1673 Ore
771 1628 874 1670 suo
908 1607 1561 1684 benedicebant,corde
1588 1610 1678 1690 [et
1702 1609 2054 1686 corde,etc.]

2224 1609 2320 1672 10.
2357 1617 2444 1684 Τῷ
2475 1612 2698 1686 στόματι
2731 1611 2904 1668 αὐτῶν
2953 1612 3228 1690 εὖλογουν,
3277 1611 3344 1688 τῇ
3388 1611 3571 1685 καρδίᾳ
3617 1614 3799 1670 αὐτῶν

418 1719 524 1763 suo
555 1698 1010 1763 maledicebant.

852 1698 1010 1763 bant.
2081 1709 2120 1760 Β
2139 1707 2473 1780 κατηρῶντο,

1049 1789 1436 1871 Diapsalma.

2751 1789 3040 1867 Διάψαλμα
3076 1790 3188 1872 (a).

502 1881 598 1942 11.
629 1880 1053 1940 Verumtamen
1076 1881 1199 1941 Deo
1221 1878 1490 1959 subjecta
1510 1878 1866 1950 esto,anima
1897 1893 2052 1938 mea:

1927 1893 2052 1938 nea:
2219 1879 2322 1941 11.
2360 1880 2504 1948 Πλὴν
2535 1888 2612 1955 τῷ
2643 1884 2760 1954 Θεῷ
2783 1882 3100 1959 δποτάγηθι,
3143 1884 3171 1950 ἡ
3205 1881 3361 1961 ψυχά
3395 1904 3502 1952 μου
3536 1897 3548 1911 ·

499 1967 596 2032 12.
633 1968 926 2043 Quoniam
958 1969 1031 2030 ab
1064 1969 1193 2051 ipso
1225 1967 1508 2050 patientia
1540 1985 1693 2029 mea.

1682 2013 1693 2027 .
2221 1969 2319 2032 12.
2353 1967 2485 2028 "Ott
2519 1971 2644 2049 παρ’
2670 1971 2813 2046 αὒτῷ
2849 1970 2878 2038 ἡ
2908 1971 3151 2048 ὁπομονή
3171 1993 3299 2046 μου.

498 2059 596 2120 13.
630 2058 785 2131 Quin
806 2057 936 2139 ipse
966 2061 1124 2122 Deus
1159 2076 1327 2121 meus
1356 2069 1414 2120 et
1443 2059 1714 2122 Salvator
1743 2073 1908 2118 meus
1939 2076 1952 2119 :

1939 2076 1952 2119 :
2219 2059 2319 2121 13.
2352 2057 2489 2118 ’Ὀτι
2534 2061 2689 2124 αὐτὸς
2735 2063 2865 2123 Θεό(
2897 2083 3000 2136 μου
3043 2063 3130 2118 καὶ
3175 2062 3366 2137 Σωτήρ
3401 2083 3505 2137 μου
3531 2078 3545 2093 ⁸

499 2149 597 2213 14.
629 2148 883 2228 Adjutor
906 2165 1101 2228 meus,
1134 2166 1251 2210 non
1286 2147 1610 2227 emigrabo.

2220 2147 2318 2213 14.
2353 2148 2722 2228 Ἀντιλήπτωρ
2767 2173 2894 2225 μου,
2940 2153 3000 2208 οὗ
3043 2153 3121 2228 μὴ
3167 2152 3602 2228 μεταναστεόσω.

492 2327 582 2406 (a)
612 2326 809 2391 Codex
845 2323 1028 2390 Palat.

1545 2403 1959 2470 ATHANASII
2001 2402 2645 2472 INTERPRETATIO.

491 2595 554 2652 Ἠ
586 2594 918 2675 προκειμένη
943 2595 1208 2674 ἐπιγραφὴ
1241 2595 1482 2674 περιέχει
1514 2595 1597 2673 (1)
1631 2611 1647 2628 ⁶
1711 2597 1796 2658 Εἰς
1845 2596 1907 2650 τὸ
1949 2593 2126 2670 τέλος,
2173 2595 2304 2673 ὓπὲρ
2364 2593 2594 2672 Ἰδιθοὺμ
2645 2595 2860 2673 ψαλμδς
2918 2604 2996 2672 τῷ
3047 2594 3229 2654 Δαϐίδ·
3260 2605 3416 2656 τοῦτο
3448 2600 3536 2654 οὖν
3581 2595 3728 2674 λέγει
3776 2621 3794 2635 ο

407 2687 494 2743 επὶ
524 2683 665 2741 τέλει
707 2691 810 2740 τῶν
857 2683 1060 2740 αἰώνων
1089 2685 1219 2764 ὑπὲρ
1249 2692 1340 2742 τοῦ
1393 2686 1508 2747 ἐνὸς
1559 2690 1742 2761 κριτοῦ
1795 2691 1888 2740 τοῦ
1932 2683 2227 2764 ἐρχομένου
2261 2700 2274 2714 ⁶
2336 2692 2492 2742 τοῦτο
2521 2686 2621 2763 γὰρ
2651 2687 2997 2764 ἑρμηνεύεται
3029 2685 3255 2763 Ἰὲιθούμ
3291 2704 3305 2718 ⁸
3341 2688 3466 2744 εἶτα
3492 2705 3504 2718 ”
3545 2685 3786 2759 Ψαλμδς

407 2783 483 2850 τῷ
518 2772 695 2853 Δαϐὶδ,
729 2773 964 2830 τουτέστι
1008 2773 1246 2849 ψαλμὸς,
1281 2781 1356 2848 τῷ
1397 2777 1564 2848 ἱκανῷ
1594 2780 1663 2848 τῇ
1694 2775 1836 2852 χειρί
1865 2793 1876 2805 ⁸
1911 2773 2067 2829 τοῦτο
2097 2775 2196 2852 γὰρ
2244 2774 2591 2852 ἑρμηνεύεται
2646 2774 2828 2837 Δαϐίδ.
2863 2779 3062 2834 Οὔκουν
3105 2782 3288 2856 σαφῶς
3334 2777 3482 2856 λέγει
3529 2777 3649 2852 περὶ
3694 2785 3800 2835 τοῦ

410 2867 531 2920 1⁸ὶοῦ
558 2870 650 2921 τοῦ
681 2871 834 2941 Θεοῦ,
867 2869 958 2919 τοῦ
991 2863 1107 2926 ἑνὸς
1139 2867 1316 2941 κριτοῦ
1348 2863 1643 2942 ἐρχομένου
1674 2863 1857 2917 ἱκανοῦ
1886 2863 2028 2941 χειρὶ
2061 2862 2211 2928 ὄντος

487 2951 722 3014 Titulus
753 2951 1102 3032 praepositus
1127 2950 1393 3012 continet
1428 2972 1441 3008 :
1478 2950 1553 3010 lu
1583 2950 1790 3028 ﬁnem,
1819 2967 1934 3030 pro
1964 2949 2233 3012 Idithum
2274 2952 2550 3032 psalmus
2579 2954 2800 3019 David.
2835 2951 2964 3017 Hoc
2994 2954 3176 3034 igitur
3205 2953 3501 3034 signiﬁcat
3535 2954 3634 3016 :in
3668 2954 3798 3017 ﬁne

408 3041 762 3105 saeculorum
796 3057 900 3120 pro
932 3057 1053 3103 uno
1071 3041 1276 3119 judice
1325 3048 1578 3101 venturo
1609 3061 1633 3111 ;
1666 3039 1743 3099 ita
1775 3039 1937 3100 enim
1972 3038 2394 3120 interpretatur
2438 3043 2739 3107 Idithum.
2775 3042 3006 3106 Deinde
3040 3064 3053 3105 :
3090 3044 3373 3106 Psalnms
3409 3043 3632 3119 David,
3667 3045 3790 3106 hoc

407 3139 498 3194 est
520 3130 782 3211 psalmus
818 3146 1003 3191 manu
1035 3130 1208 3205 forti,
1246 3129 1325 3190 ita
1353 3127 1512 3190 enim
1575 3134 2000 3207 interpretatur
2056 3129 2278 3192 David.
2319 3134 2525 3214 Itaque
2576 3132 2890 3195 manifeste
2920 3131 3192 3214 loquitur
3224 3131 3299 3194 de
3329 3129 3478 3194 Filio
3509 3131 3645 3214 Dei,
3681 3131 3797 3213 qui

407 3224 617 3286 unicus
637 3221 827 3302 judex
857 3231 1138 3284 venturus
1171 3232 1283 3302 est,
1318 3234 1379 3282 et
1408 3234 1592 3284 manu
1620 3221 1806 3298 fortis
1830 3229 1945 3284 est.

491 3319 545 3373 t.
582 3315 790 3390 Neque
815 3311 1046 3390 justum
1078 3329 1272 3393 neque
1323 3311 1470 3372 utile
1501 3317 1590 3371 est
1637 3309 1852 3370 anima;
1904 3313 2110 3370 meaac

2219 3312 2274 3367 1.
2309 3307 2381 3364 Οὔ
2410 3305 2609 3364 δίιαιον
2656 3309 2740 3364 ιιαὶ
2783 3307 3049 3386 συμφέρον
3091 3305 3200 3362 ἐστὶ
3244 3314 3313 3384 τῇ
3357 3313 3512 3387 ψυχῇ
3568 3329 3670 3382 μου
3728 3307 3793 3363 έν

408 3401 527 3464 ulla
557 3402 617 3462 in
651 3419 716 3462 re
745 3400 1042 3463 adversari
1073 3403 1221 3464 Deo.

2135 3393 2321 3470 μηδενὶ
2353 3395 2685 3453 ἀνθίστασθαι
2714 3403 2790 3471 τῷ
2837 3398 2973 3470 Θεῷ.

487 3492 546 3554 2.
589 3492 735 3554 Nam
755 3491 908 3572 apud
933 3509 1069 3552 eum
1085 3490 1199 3551 vita
1214 3507 1344 3550 mea
1355 3501 1411 3550 et
1427 3491 1482 3550 in
1503 3487 1782 3568 prmaenti
1805 3487 2046 3550 sseculo.

2214 3486 2273 3546 2.
2310 3483 2441 3563 Παρ’
2475 3485 2617 3558 αὒτῷ
2647 3487 2748 3564 γὰρ
2775 3488 2810 3554 ἡ
2833 3486 2946 3557 ζωὴ
2978 3509 3082 3561 μου
3115 3487 3202 3542 καὶ
3227 3486 3283 3542 ὲν
3314 3492 3392 3560 τῷ
3422 3495 3510 3545 νῦν
3542 3483 3621 3564 (3)
3650 3486 3796 3550 ὄντι,

485 3582 549 3644 3.
581 3581 728 3644 Nam
762 3588 819 3642 et
855 3579 983 3660 ipse
1034 3589 1128 3642 est
1184 3588 1418 3641 creator
1463 3596 1633 3639 meus
1663 3590 1726 3639 et
1781 3576 2047 3640 Salvator

2211 3573 2271 3634 3.
2305 3572 2412 3635 Καὶ
2458 3576 2557 3652 γὰρ
2591 3576 2745 3638 αὒτός
2776 3575 2886 3632 ἔστι
2945 3573 3271 3655 δημιουργός
3321 3597 3424 3651 μου
3460 3576 3553 3633 καὶ
3597 3577 3800 3656 Σωτήρ

407 3689 600 3734 meus.

2131 3685 2253 3740 μου.

484 3763 544 3820 4.
574 3759 703 3824 Non
727 3759 1034 3822 discedam
1065 3760 1137 3822 ab
1170 3777 1242 3822 eo
1275 3776 1470 3837 usque
1499 3759 1560 3820 in
1594 3757 1802 3821 ﬁnem.

2205 3752 2268 3814 4.
2304 3755 2377 3812 Οὔ
2407 3755 2483 3830 μὴ
2516 3754 2736 3812 ἀποστῶ
2777 3754 2870 3811 ἀπ’
2915 3757 3075 3813 αὑτοῦ
3116 3753 3218 3816 ἕως
3263 3752 3473 3818 τέλοδς,

484 3856 542 3910 5.
578 3850 900 3931 Quousque
963 3849 1220 3910 humana
1273 3849 1538 3929 potentia
1586 3855 1646 3910 et
1674 3846 1897 3909 auxilio
1923 3845 2046 3909 uti-

2211 3843 2269 3906 5.
2303 3841 2460 3907 ’Ἒως
2491 3844 2622 3900 πότε
2657 3848 2724 3919 τῇ
2755 3844 3053 3922 ἀνθρωπίνῃ
3113 3841 3389 3916 δυναστείᾳ
3432 3843 3521 3900 λαὶ
3565 3845 3792 3920 βοηθείᾳ

403 3937 600 3999 mini?

2132 3932 2331 4012 χρῆσθε
2382 3933 2460 4011 (4)
2493 3953 2509 4008 ς

482 4028 544 4090 6.
570 4031 640 4090 Ει
670 4026 946 4088 occiditis
976 4025 1298 4088 inferiores
1318 4027 1486 4088 vobis
1513 4045 1527 4088 :

2214 4021 2274 4082 6.
2312 4024 2409 4080 Καὶ
2452 4024 2694 4101 φονεύετε
2727 4025 2848 4086 τοὺς
2876 4020 3281 4097 ὑποδεεστέρους
3310 4023 3459 4096 ὑμῶν
3499 4041 3513 4055 ο

487 4118 551 4178 7.
581 4116 774 4178 Veluti
809 4134 974 4177 muro
1006 4115 1270 4190 cadenti,
1306 4126 1365 4178 et
1411 4115 1687 4179 maceria:
1734 4111 2050 4195 disjectas?

1948 4111 2050 4177 ae?
2211 4110 2274 4171 7.
2307 4111 2401 4177 Ὠς
2444 4113 2619 4193 τοίχῳ
2663 4113 2909 4169 πίπτοντι
2941 4115 3029 4168 καὶ
3072 4135 3301 4192 φραγμῳ
3330 4111 3569 4192 ῥιφέντις

491 4205 550 4268 8.
582 4205 668 4268 Ita
700 4205 972 4267 mandata
1007 4224 1139 4266 mea
1173 4206 1569 4285 repelluntur.

2216 4200 2274 4264 8.
2308 4201 2487 4265 υῦτως
2532 4204 2597 4258 τὰ
2641 4202 3024 4280 προστάγματά
3067 4224 3169 4274 μου
3199 4203 3557 4262 ἀπωθοῦνται.

491 4296 552 4368 9,
593 4295 686 4358 10.
721 4294 916 4357 Veluti
949 4313 1198 4356 currens
1230 4295 1290 4356 in
1314 4295 1543 4376 siti,qui
1569 4314 1672 4356 ore
1702 4293 1944 4375 quidem
1966 4290 2052 4352 bi-

2214 4290 2275 4366 9,
2309 4293 2405 4351 10.
2439 4292 2534 4356 Ὠς
2567 4295 2593 4348 ὁ
2624 4292 2832 4372 τρέχων
2877 4292 2931 4347 ἐν
2970 4298 3037 4367 τῇ
3067 4291 3148 4370 (5)
3183 4289 3312 4368 δίψῃ
3346 4313 3424 4347 τω
3456 4294 3554 4367 μὲν
3587 4294 3800 4368 στόμα-

413 4383 517 4464 bit,
551 4402 655 4446 cor
683 4393 879 4446 autem
914 4385 1047 4463 ejus
1079 4385 1227 4448 nihil
1263 4393 1434 4465 potus
1468 4385 1680 4464 excipit
1713 4402 1727 4446 :
1763 4385 1845 4444 ita
1873 4383 2034 4444 etian

2178 4381 2373 4458 ,πίνει,
2418 4383 2451 4448 ἡ
2483 4379 2537 4436 δὲ
2576 4381 2760 4459 καρδία
2791 4383 2949 4440 κοῦτοῦ
2993 4378 3139 4437 οὒδὲν
3192 4378 3414 4460 δέχεται
3464 4391 3557 4439 τοῦ
3598 4381 3799 4457 πόμα-

413 4475 508 4537 isti
539 4493 644 4538 ore
663 4493 871 4536 eorum
905 4473 1143 4552 eloquia
1185 4493 1320 4537 mea
1369 4474 1694 4554 accipiunt,
1723 4492 1826 4535 cor
1855 4479 2034 4532 auten

2180 4492 2223 4534 3;
2260 4487 2273 4500 '
2321 4470 2457 4526 οὕτω
2499 4472 2586 4528 καὶ
2627 4471 2770 4528 οὗτοι
2796 4493 2873 4543 τῳ
2917 4471 3140 4545 στόματι
3189 4473 3362 4529 αὐτῶν
3406 4471 3471 4527 τὰ
3503 4471 3662 4550 λόγιά
3688 4494 3801 4547 μου

411 4582 619 4628 eorum
651 4565 825 4644 longe
857 4564 1065 4626 abest.-

2073 4559 2404 4640 οόέχονται,
2438 4563 2472 4629 ἡ
2511 4558 2564 4616 δὲ
2593 4558 2779 4638 καρδία
2810 4564 2984 4619 αὐτῶν
3013 4559 3276 4638 πόῤῥωθεν
3309 4559 3404 4640 (6)
3439 4560 3667 4640 ἀπέχει,

493 4656 590 4717 1ι.
621 4657 708 4716 Τυ
742 4668 962 4728 autem,
996 4655 1196 4716 anima
1229 4671 1382 4729 mea,
1442 4651 1563 4715 Deo
1595 4651 1869 4732 subjecta
1899 4659 2049 4713 esto.

1928 4659 2049 4713 μειο,
2220 4649 2314 4710 Η.
2350 4653 2423 4705 Σὺ
2466 4648 2544 4728 δὲ,
2592 4652 2745 4730 ψυχή
2793 4673 2914 4724 μου,
2949 4672 3026 4722 τῳ
3070 4657 3187 4723 Θεῳ
3230 4650 3549 4727 ι’)ποτάγηθι.

499 4745 590 4806 12.
625 4743 914 4817 Quoniam
946 4745 1101 4825 apud
1124 4744 1319 4825 ipsum
1356 4741 1674 4805 retributio
1709 4759 1862 4803 mea.

2217 4737 2319 4800 12.
2355 4737 2488 4796 "Ott
2532 4739 2656 4818 παρ’
2702 4740 2844 4815 αὗτῳ
2884 4741 2919 4808 ἡ
2966 4736 3352 4812 μισθαποδοσῖα
3395 4762 3523 4813 μου.

496 4835 593 4896 13.
618 4833 762 4895 Nam
787 4842 847 4895 et
865 4834 994 4912 ipse
1017 4833 1174 4896 Deus
1203 4851 1368 4894 meus
1399 4841 1458 4894 et
1488 4831 1754 4894 Salvator
1779 4847 1970 4890 meus.

2227 4827 2317 4890 l3.
2357 4830 2454 4886 Καὶ
2512 4829 2610 4906 γὰρ
2663 4829 2928 4906 (7)3616.-
2961 4827 3091 4890 Θεός
3139 4850 3239 4900 μου
3283 4830 3369 4884 καὶ
3414 4830 3605 4908 Σωτήρ
3655 4851 3792 4904 μου,

501 4926 589 4987 14.
629 4921 951 5004 Susceptor
981 4943 1150 4987 meus
1176 4930 1268 4984 est
1294 4944 1310 4994 ;
1335 4921 1478 4983 nulli
1503 4920 1678 4982 alteri
1708 4917 2054 4982 adliterebo.

2227 4916 2317 4976 14.
2353 4914 2725 4996 Ἀντιλήπτωρ
2759 4917 2863 4992 μού
2891 4916 3037 4974 ἐστιν
3072 4935 3086 4951 ⁸
3117 4917 3177 4973 οὗ
3205 4917 3284 4992 μὴ
3309 4915 3459 4990 ἄλλῳ
3499 4921 3603 4973 τιδὶ
3649 4916 3794 4975 κολ-

2175 5007 2305 5062 ηθῶ.

2158 5007 2305 5072 med}.

1443 5187 1745 5255 Addenda
1774 5190 1840 5253 et
1861 5182 2239 5265 corrigenda
2265 5199 2341 5248 ex
2373 5183 2514 5248 cod.
2551 5183 2750 5249 Vatic.

501 5372 588 5454 (1)
615 5373 682 5454 ᾜ
725 5370 811 5428 διὰ
855 5371 952 5438 τῆς
983 5367 1339 5447 κινναϐάρεως
1386 5391 1508 5444 περ.
2333 5361 2648 5454 Ῑῆῃρθθει,

495 5441 584 5532 ei
1045 5531 1053 5532 ε
1458 5441 1467 5444 ⁷
2224 5441 2539 5532 (ρλιξειβρεως

494 5520 577 5614 (Ἐξ
611 5543 714 5595 Νῦν
746 5534 894 5591 αἰῶνι
925 5532 1013 5589 καὶ
1040 5531 1093 5588 ἐν
1125 5553 1201 5604 τῳ
1231 5528 1504 5605 μέλλοντι,
2229 5522 2313 5602 (Ἰ)
2347 5520 2450 5584 Καὶ
2480 5525 2602 5604 γὰρ,
2631 5532 2774 5602 etc.,
2824 5547 2923 5601 τῳ,
2969 5522 3207 5588 desunt.

500 5615 586 5695 (4)
620 5617 928 5696 Κεχρῆσθαι
957 5632 974 5692 ς
