4054 6206
271 311 391 376 893
1155 319 1250 380 DE
1295 318 1608 382 TITULIS
1651 321 2140 385 PSALMORUM.
2198 357 2264 368 —
2311 325 2519 388 PSAL.
2571 327 2755 388 LXII.
3522 329 3638 394 894

355 449 449 512 15.
486 450 609 508 Ἐπὶ
653 459 731 525 τῷ
762 456 877 525 Θεῷ
906 454 968 508 τὸ
1021 453 1281 528 σωτήριόν
1313 474 1416 528 μου
1445 455 1531 510 καὶ
1568 455 1596 509 ἡ
1627 452 1748 519 δόξα
1780 476 1908 530 μου.
1931 467 1956 518 Α

1829 476 1908 512 ou.
1931 467 1971 518 Α
2077 456 2176 519 15.
2210 458 2274 520 ln
2299 456 2419 519 Deo
2441 457 2702 519 salutare
2734 475 2936 520 meum
2970 467 3028 520 et
3057 460 3244 538 gloria
3279 479 3430 525 mea.

342 539 438 602 16.
483 539 539 598 '0
587 542 715 605 Θεὸς
757 545 856 610 τῆς
879 541 1127 618 βοηθείας
1178 563 1304 618 μου,
1335 542 1424 599 καὶ
1453 543 1486 609 ἡ
1520 541 1670 606 ἐλπίς
1704 563 1803 618 μου
1827 544 1912 600 ὶπὶ

1866 544 1912 600 πὶ
2078 548 2173 607 16.
2208 544 2365 609 Deus
2394 545 2599 608 auxilii
2645 546 2784 621 mei,
2821 554 2878 610 et
2906 566 3043 628 spes
3073 566 3205 610 mea
3232 549 3293 610 in
3319 547 3467 614 Deo.

252 634 340 702 τῷ
371 631 509 702 Θεῴ.

345 718 442 780 17.
479 717 764 776 Ἐλπίσατε
796 720 881 776 ἐπ’
912 721 1092 794 αὐτόν,
1122 726 1267 777 πᾶσα
1297 721 1585 800 συναγωγὴ
1616 719 1760 777 λαῶν

2074 716 2172 778 17.
2193 713 2442 795 Sperate
2462 715 2523 778 in
2549 719 2851 792 eo,omnis
2863 718 3241 798 congregatio
3257 718 3635 800 populorum.

342 807 443 870 18.
473 807 739 887 Ἐκχὲατε
772 808 995 865 ἐνώπιον
1039 813 1196 868 αὐτοῦ
1227 810 1321 875 τὰς
1353 808 1566 887 καρδίας
1615 810 1782 885 ὑμῶν’

1745 825 1782 865 νο
2077 804 2168 865 18.
2200 805 2501 868 Eﬂ‘undite
2530 825 2732 868 coram
2764 808 2864 871 illo
2901 807 3080 869 corda
3109 815 3303 869 vestis
3333 828 3346 871 :

343 896 440 957 19.
468 891 611 958 ’Ὀτι
657 899 684 952 ὃ
715 899 847 961 Θεὸς
890 895 1086 964 ϐοηθὸς
1129 897 1311 973 ημῶν.

2076 896 2169 958 19.
2204 895 2355 968 Quia
2383 894 2540 958 Deus
2565 897 2804 977 adjutor
2836 908 3062 960 noster.

921 985 1238 1061 Διάψαλτία.

2621 985 2997 1068 Diapsalma.

337 1075 438 1136 20,
475 1075 624 1140 Πλὴν
655 1074 872 1148 μάταιοι
920 1077 966 1131 οἱ
995 1076 1093 1134 υἱοὶ
1136 1077 1242 1133 τῶδ
1285 1076 1594 1156 ἀνθρώπων·

2066 1073 2167 1138 20.
2205 1077 2628 1138 Verumtamen
2658 1077 2792 1140 vani
2822 1077 2930 1140 ﬁlii
2960 1077 3266 1140 hominum
3293 1099 3307 1138 :

334 1159 437 1222 21.
470 1161 697 1226 Ψευδεῖς
729 1166 774 1218 οἱ
819 1164 921 1218 υἱοὶ
971 1165 1076 1220 τῶν
1121 1163 1413 1244 ἀνθρώπων
1464 1166 1526 1224 ἐκ
1553 1174 1760 1245 ζυγοῖς,
1807 1174 1901 1225 τοῦ

2067 1167 2165 1227 21.
2203 1164 2520 1228 Mendaces
2563 1165 2668 1227 lilii
2696 1166 3004 1228 hominum
3041 1168 3100 1228 in
3129 1169 3390 1245 stateris,
3421 1178 3485 1232 ut
3517 1171 3628 1234 de-

250 1249 533 1319 ἀδικῆσαν

1981 1254 2235 1335 cipiant,

333 1339 435 1402 22.
473 1341 628 1398 Αὐτοὶ
657 1341 718 1398 ἐκ
750 1343 1113 1416 ματαιότητος
1149 1342 1234 1399 ἐπὶ
1262 1345 1322 1400 τὸ
1352 1347 1503 1407 αὐτό.
1653 1366 1666 1377 ·

1653 1366 1666 1377 ·
2059 1344 2159 1406 22.
2193 1343 2313 1425 Ipsi
2335 1343 2410 1406 de
2439 1346 2705 1408 vanitate
2735 1346 2795 1406 in
2825 1345 3111 1425 idipsum.

331 1428 433 1490 93.
465 1432 564 1499 Μὴ
609 1430 845 1502 ἐλπίζετε
887 1431 970 1488 ἐπ’
1006 1431 1228 1489 ἀδικίαν⁹

2061 1433 2161 1497 23.
2188 1433 2384 1496 Nolite
2415 1453 2660 1515 sperare
2692 1436 2750 1496 in
2781 1435 3092 1516 iniquitate
3131 1458 3144 1493 :

335 1516 437 1580 24.
473 1517 579 1581 Καὶ
609 1520 693 1576 ἐπὶ
732 1519 988 1600 ἅρπαγμα
1019 1523 1095 1596 μὴ
1139 1521 1466 1580 ὲπιποθεῖτε·

2060 1521 2160 1585 24.
2187 1525 2259 1585 Ει
2287 1522 2525 1600 rapinas
2557 1523 2739 1584 nolite
2771 1523 3225 1602 concupiscere.

330 1609 434 1672 25.
461 1608 694 1673 Πλοῦτος
727 1609 817 1665 ἐὰν
846 1610 964 1686 ῥέῃ,
998 1613 1074 1684 μὴ
1106 1614 1441 1685 προστίθεσθε
1472 1612 1708 1692 καρδίαν.

2057 1613 2156 1676 25.
2183 1611 2420 1674 Divitiae
2450 1611 2501 1674 si
2532 1613 2797 1674 afﬂuant.
2835 1613 3019 1673 nolite
3054 1631 3161 1674 cor
3185 1631 3510 1694 apponere.

329 1699 432 1762 26.
466 1696 655 1764 ’Άπαξ
685 1698 946 1765 ἐλάλησεν
975 1703 1003 1756 6
1035 1701 1190 1781 Θεὸς,
1240 1700 1327 1757 δύο
1367 1709 1532 1759 ταῦτα
1574 1704 1775 1771 ἤκουσα

2057 1701 2157 1763 26.
2190 1701 2389 1763 Semel
2422 1701 2653 1763 locutus
2683 1710 2773 1764 est
2802 1701 2984 1777 Deus,
3021 1701 3138 1764 duo
3198 1703 3330 1766 haec
3380 1704 3619 1770 audivi:

325 1788 427 1878 27.
463 1785 538 1866 (ὸ)
561 1787 698 1847 ’Ὅτι
729 1790 792 1878 τὸ
820 1790 1010 1878 negito:
1055 1797 1148 1846 τοῦ
1192 1797 1344 1878 Θεοῦ,
1919 1828 1926 1878 1

1196 1797 1344 1878 Θεοῦ,
1919 1828 1957 1878 Β
2057 1791 2160 1854 27.
2196 1790 2347 1863 Quia
2374 1799 2640 1872 potestas
2669 1789 2797 1870 Dei,

322 1877 426 1940 28.
462 1879 558 1934 Καὶ
597 1883 691 1934 σοῦ
726 1876 828 1956 (ο),
861 1876 1045 1957 Κύριε,
1091 1882 1153 1936 τὸ
1196 1877 1370 1946 ἕλεος.
1920 1876 1923 1878 ’

1920 1876 1948 1878 ⁷
2058 1879 2155 1940 28.
2193 1880 2268 1941 Ει
2293 1888 2414 1958 tua,
2447 1878 2722 1956 Domine,
2758 1879 3187 1943 misericordia.

323 1971 426 2032 29.
461 1969 597 2027 ’Ὅτι
642 1971 705 2026 σὺ
765 1969 1059 2035 ἀποδὼσεις
1119 1973 1328 2046 ἑκάστῳ
1373 1975 1510 2032 κατὰ
1538 1975 1603 2031 τὰ
1635 1973 1763 2054 ἔργα
1794 1995 1890 2030 αυ-

2052 1969 2154 2030 29.
2188 1967 2338 2041 Quia
2415 1977 2473 2029 ιιι
2545 1968 2768 2030 reddes
2822 1969 3151 2051 unicuique
3213 1972 3379 2050 juxta
3439 1991 3621 2054 opera

233 2068 361 2124 τοῦ,

1971 2078 2077 2120 sua
2093 2102 2106 2118 .

408 2147 638 2216 Ψαλμὸς
685 2155 762 2222 τῷ
797 2147 974 2205 Δαϐίδ⁴
1012 2149 1066 2204 ἐν
1096 2157 1173 2225 τῷ
1215 2151 1358 2207 εἶναι
1389 2153 1546 2209 αὑτὸν
1579 2153 1633 2208 ἒν
1662 2161 1730 2232 τῇ
1976 2152 2009 2210 Ι

2017 2151 2258 2212 'satmus
2279 2148 2637 2212 Davidzeum
2648 2155 2798 2211 esset
2813 2151 2940 2230 ipse
2961 2151 3030 2211 in
3048 2149 3286 2213 deserto
3309 2150 3618 2218 Idumam.

529 2237 714 2314 ἐρήμῳ
762 2243 859 2304 τῆς
914 2236 1234 2314 Ἰδουμαίας,
1272 2246 1439 2304 ΨΑΛ,
1473 2240 1607 2301 ΞΒ’.

1473 2240 1607 2301 ΞΒ’.
2539 2236 2821 2300 PSALM.
2857 2237 3057 2302 LXII.

320 2335 382 2389 4.
419 2325 482 2385 Ὀ
513 2327 642 2389 Θεὸς
687 2328 715 2382 6
744 2328 873 2388 Θεός
921 2349 1044 2403 μου,
1091 2330 1222 2406 πρὸς
1269 2328 1327 2384 σὲ
1351 2330 1589 2406 ὀρθρίζω.

2054 2331 2108 2390 1.
2143 2327 2303 2391 Deus
2331 2329 2490 2392 Deus
2523 2345 2714 2409 meus,
2749 2327 2821 2390 ad
2856 2335 2913 2391 te
2943 2327 3018 2391 de
3049 2328 3181 2390 luce
3211 2327 3411 2408 vigilo.

325 2432 408 2510 (a)
439 2431 507 2493 In
536 2448 728 2509 marg.
764 2429 900 2510 cod.
934 2433 1086 2492 λαοῦ.

320 2509 408 2592 (ὁ)
437 2509 608 2574 Vers.
642 2510 744 2588 27,
767 2509 869 2588 28,
902 2510 1016 2592 suh
1040 2509 1220 2576 unico
1246 2530 1409 2576 num.

320 2513 386 2592 (ὁ
437 2513 608 2574 Vers.
642 2513 744 2588 27,
767 2513 869 2588 28,
902 2513 1047 2573 subi

315 2513 408 2674 (σί
437 2599 531 2649 Σοι
574 2592 638 2654 in
669 2609 858 2672 marg.
908 2589 1047 2656 cod.

1385 2725 1790 2792 ATHANASII
1837 2723 2460 2791 INTERPBETATIO.

314 2862 414 2921 15.
451 2861 580 2925 Ἐπὶ
610 2869 688 2937 τῷ
720 2871 835 2938 Θεῷ
875 2866 910 2932 ἡ
955 2867 1068 2936 ζωὴ
1108 2888 1208 2941 μου
1235 2866 1320 2921 καὶ
1349 2866 1412 2922 τὸ
1457 2865 1717 2944 καύχημά
1749 2886 1872 2940 μου.

1710 2866 1717 2920 ἱ
1749 2886 1872 2940 μου.
2041 2861 2138 2923 45.
2173 2860 2238 2924 In
2268 2859 2388 2923 Deo
2431 2862 2548 2922 vita
2579 2879 2730 2942 mea,
2768 2869 2826 2922 et
2854 2861 3124 2941 gloriatio
3155 2877 3311 2923 mea.

317 2951 412 3014 16.
441 2949 510 3016 Ὀ
571 2954 699 3017 Θεός
745 2977 850 3030 μου
906 2955 1100 3030 βοηθός
1160 2978 1259 3031 μου
1288 2955 1484 3033 γίνεται
1529 2955 1634 3022 ἀεὶ,
1667 2957 1753 3010 καὶ
1796 2952 1880 3011 διὰ

2048 2950 2142 3015 16.
2175 2953 2336 3015 Deus
2393 2970 2562 3014 meus
2617 2951 2857 3032 adjutor
2914 2969 3083 3014 meus
3113 2957 3204 3012 est
3253 2966 3516 3030 semper,
3549 2957 3607 3012 et

230 3047 393 3098 τοῦτο
413 3043 451 3109 ἡ
482 3041 630 3107 ἐλπίς
676 3065 779 3118 μου
808 3043 897 3100 ἐπ’
919 3047 1059 3120 αὐτῷ
1103 3044 1234 3103 ἐστι.

1967 3040 2108 3104 ideo
2139 3059 2277 3122 spes
2311 3059 2444 3103 mea
2479 3041 2540 3102 in
2573 3041 2702 3122 ipso
2733 3050 2844 3103 est.

313 3130 412 3191 17.
450 3127 557 3192 Καὶ
585 3134 740 3207 ὑμεῖς
771 3133 884 3208 οὖν,
917 3132 1002 3189 ἐπ’
1044 3135 1199 3190 αὐτὸν
1229 3134 1324 3210 (1)
1352 3131 1600 3190 ἐλπίσατε
1660 3132 1879 3194 πάντες.
1904 3199 1914 3214 Α

1822 3153 1879 3194 ις.
1904 3196 1940 3214 η
2057 3134 2150 3196 l7.
2186 3132 2257 3194 Et
2289 3151 2388 3195 vos
2420 3133 2597 3212 igitur
2629 3151 2864 3206 omnes,
2904 3141 3140 3214 sperate
3169 3133 3228 3194 in
3263 3150 3423 3195 eum.

314 3218 413 3280 18.
449 3227 538 3294 Τῷ
571 3196 800 3296 ἑτοίμους
830 3196 1107 3289 ϐοηθοῦντι
1160 3196 1276 3284 τοῖς
1305 3196 1632 3293 ’ἐλπίζουσιν
1664 3220 1750 3279 ἐπ’
1783 3198 1915 3278 αὐσ-⁴

2051 3223 2147 3284 t8.
2172 3196 2789 3304 PrompteUOpitulanti
2813 3196 3194 3304 sperantibus
3218 3223 3278 3284 in
3312 3240 3382 3284 eo
3405 3220 3610 3283 afferte

223 3311 318 3365 τὸν
364 3308 756 3388 πδοσενὲγκατε
788 3315 930 3384 αὒτῷ
959 3313 1053 3376 τὰς
1085 3309 1298 3390 καρδίας
1328 3312 1501 3386 ὐμῶν.

959 3313 1053 3376 τὰς
1085 3309 1298 3390 καρδίας
1328 3312 1501 3386 ὒμῶν.
1971 3311 2085 3392 ipsi
2115 3311 2294 3374 corda
2323 3321 2535 3374 vestra.

316 3398 412 3460 19.
445 3399 771 3456 Ἀντίκειται
800 3414 918 3466 τοῖς
963 3401 1186 3482 ἐχθροῖς
1213 3403 1390 3477 ἡμῶν.

2055 3402 2153 3462 19.
2187 3401 2554 3464 Adversatur
2581 3401 2843 3463 inimicis
2868 3401 3109 3463 nostris.

309 3485 418 3550 20.
455 3491 513 3547 Οἱ
541 3490 609 3546 τὰ
637 3489 936 3569 ἀνθρώπινα
981 3498 1314 3572 φρονοῦντες.

1208 3512 1314 3555 τες.
2047 3490 2149 3552 20.
2181 3489 2450 3552 Humana
2481 3491 2809 3570 cogitantes

317 3579 422 3636 21.
463 3577 642 3636 Δόλιοι
686 3578 1225 3644 καταδυναστεύοντες
1257 3581 1345 3636 καὶ
1389 3578 1714 3642 ἀδικοῦντες.

2049 3583 2149 3641 2i.
2186 3579 2384 3641 Dolosi
2437 3579 2796 3660 impotenter
2853 3577 3250 3654 dominantes,
3285 3585 3344 3639 et
3390 3576 3608 3656 injuste

1964 3678 2232 3748 agentes.

307 3756 409 3819 22.
451 3757 547 3814 ἘΑ
575 3755 884 3822 πλεονελίας
945 3772 1268 3838 συναγαγεῖν
1323 3760 1538 3822 ἑαυτοῖς
1567 3761 1602 3826 ἡ
1661 3760 1869 3838 φροντὶς

2042 3759 2144 3822 22.
2185 3759 2260 3822 Ut
2290 3757 2401 3820 sibi
2432 3776 2466 3821 e
2497 3759 2652 3840 turpi
2711 3756 2875 3820 lucro
2907 3764 3296 3838 congregant,
3329 3773 3472 3820 cura
3501 3771 3609 3816 eo-

226 3846 400 3901 αῦτῶν
444 3847 612 3907 ἐστιν,

1962 3868 2097 3912 rum
2135 3855 2244 3910 est.

303 3933 528 3999 23-25.
580 3937 640 3994 Οἱ
697 3937 797 4015 γὰρ
865 3935 1121 3994 πλουτεῖν
1207 3937 1446 4002 θέλοντες
1525 3935 1872 4013 ἐμπίπτουσιν

2040 3937 2246 4001 23οὲ5.
2273 3937 2435 4000 Nam
2462 3938 2568 4018 qui
2618 3939 2830 4000 volunt
2863 3937 3080 4000 divites
3110 3936 3279 4015 ﬁeri,
3312 3935 3600 3998 incidunt

225 4025 300 4087 εἷς
333 4027 628 4103 πειρασμὸν
660 4026 746 4080 καὶ
791 4023 985 4102 παγίδα
1029 4033 1120 4083 τοῦ
1159 4025 1430 4088 διαϐόλου,

1963 4030 2030 4090 in
2062 4029 2460 4090 tentationem
2492 4035 2549 4090 et
2577 4028 2644 4089 in
2675 4027 2956 4108 laqueum
2990 4025 3230 4088 diaboli
3257 4023 3334 4087 τ’.

302 4113 404 4176 26.
441 4117 517 4172 Τὰ
545 4115 679 4171 αὐτὰ
715 4113 974 4181 ἐλάλησεν
1019 4119 1046 4170 6
1103 4119 1230 4178 Θεὸς
1264 4117 1349 4172 καὶ
1378 4119 1433 4172 ἓν
1481 4121 1556 4188 τῷ
1585 4115 1754 4190 νόμῳ,
1788 4115 1876 4172 καὶ

2041 4117 2142 4180 26.
2179 4117 2404 4180 Eadem
2437 4117 2670 4180 locutus
2719 4123 2812 4178 est
2864 4119 3022 4179 Deus
3058 4124 3116 4178 et
3161 4116 3221 4177 in
3254 4115 3411 4194 lege,
3443 4121 3503 4176 et
3547 4113 3607 4175 in

224 4202 277 4257 ἒν
305 4217 425 4268 τοῖς
466 4203 772 4281 προφήταις
808 4205 872 4259 τα
917 4203 1004 4260 δύο
1035 4213 1219 4260 ταῦτα·

1035 4213 1219 4260 ταῦτα·
1961 4207 2267 4288 prophetis
2296 4206 2429 4268 haec
2462 4210 2580 4268 duo
2611 4227 2624 4268 :

303 4291 402 4353 27.
437 4292 775 4368 Ἀγαπήσεις
815 4291 1007 4370 Κύριον
1049 4297 1141 4351 τὸν
1174 4295 1304 4350 Θεόν
1348 4316 1466 4355 σου.

2043 4297 2140 4359 27.
2175 4295 2408 4375 Diliges
2437 4295 2772 4359 Dominum
2805 4296 2992 4359 Deum
3023 4303 3196 4358 tuum
3221 4293 3297 4357 ⁷³.

302 4381 403 4441 28.
439 4382 537 4438 Καὶ
598 4383 847 4451 ποιήσεις
912 4381 1057 4439 ἔλεον
1119 4391 1194 4457 τῷ
1223 4382 1452 4450 πλησίον
1494 4404 1592 4439 σου
1627 4385 1700 4443 ὡς
1746 4383 1875 4441 ἐαυ-

2039 4387 2140 4450 28.
2174 4385 2245 4447 Ει
2266 4385 2448 4447 facies
2479 4385 2948 4448 misericordiam
2992 4390 3262 4466 proximo
3325 4392 3424 4444 tuo
3456 4387 3607 4444 sicut

226 4473 325 4538 τῷ,

1896 4466 1938 4518 D
1957 4475 2065 4538 tibi
2089 4476 2197 4538 ipsi
2230 4474 2307 4538 ⁷⁸.

257 4495 412 4621 ῳ29.
447 4560 613 4623 Α’ἶιτὸς
669 4561 770 4638 γὰρ
813 4558 1078 4617 ἀποδώσει
1111 4561 1321 4635 ἑκάστῳ
1354 4562 1489 4618 κατὰ
1519 4562 1584 4616 τὰ
1629 4558 1754 4638 ἔργα
1784 4561 1858 4616 αὖ·

2009 4495 2315 4636 ῠέἕείιίέέ
2375 4561 2531 4618 enim
2592 4555 2916 4636 unicuique
2972 4554 3180 4616 reddet
3203 4555 3370 4632 juxta
3425 4569 3607 4632 opera

225 4652 344 4707 τοῦ.

1963 4663 2075 4708 sua
2099 4645 2175 4704 75.

303 4734 371 4790 Ἥ
413 4736 739 4813 προκειμένη
770 4738 1037 4816 ἐπιγραφὴ
1094 4739 1334 4819 περιέχει
1395 4738 1480 4820 (9)
1519 4759 1533 4774 ·
1592 4737 1820 4812 Ψαλμὸς
1873 4744 1950 4811 τῷ
2011 4733 2171 4793 Δαϐίδ
2204 4751 2217 4766 ·
2266 4737 2321 4791 ἑν
2373 4743 2448 4810 τῷ
2494 4740 2634 4791 εἶναι
2683 4737 2840 4791 αὺτὸν
2872 4734 2926 4801 ἑν
2955 4742 3022 4811 τῇ
3055 4733 3239 4810 ἐρήμῳ
3281 4738 3378 4798 τῆς
3421 4730 3597 4790 ἰδου-

225 4835 403 4901 μαίας.
442 4840 608 4889 Τοῦτο
639 4830 728 4886 οῦν
762 4831 903 4887 ἐστιν
961 4833 988 4888 ὃ
1047 4831 1214 4910 λέγει.
1265 4831 1426 4890 Δαϐὶδ
1477 4834 1825 4912 ἑρμηνεύεται
1883 4829 2231 4902 ἐξουθένημα,
2277 4829 2478 4907 ἔρημος
2529 4832 2610 4886 καὶ
2643 4829 2728 4906 (3)
2765 4832 2791 4885 ὸ
2840 4830 3039 4903 κόσμος
3065 4830 3370 4904 θεωρεῖται.
3416 4823 3588 4882 Ἰδου-

226 4922 354 4994 μαία
395 4921 445 4978 δὲ
476 4924 826 5001 ἑρμηνεύεται
889 4924 1205 4985 ἐκλείποδσα
1234 4948 1247 4960 ο
1313 4926 1585 4984 τουτέστιν
1629 4929 1657 4982 6
1718 4923 2030 5002 ἁμαρτωλὸς
2084 4927 2104 4979 3
2151 4925 2562 4998 ἐξουθενημένος
2607 4923 2682 4981 ὥν
2718 4923 2800 5002 (4)
2839 4922 2950 4979 ἐστι
2980 4930 3057 4995 τῷ
3100 4921 3289 4996 κόσμῳ
3318 4922 3395 4995 τῷ
3425 4919 3602 4976 ἐκλεί-

301 5013 527 5075 Titulus
548 5015 903 5097 praepositus
921 5018 1213 5081 continet:
1246 5019 1524 5081 Psalmus
1551 5017 1773 5080 David:
1796 5034 1931 5078 cum
1954 5027 2111 5079 esset
2134 5021 2265 5098 ipse
2288 5020 2349 5079 in
2373 5019 2616 5080 deserto
2640 5014 3063 5079 Idumrraﬂoc
3096 5014 3275 5093 igitur
3293 5021 3403 5088 est,
3439 5011 3600 5092 quod

228 5105 747 5185 signiﬁcatﬂavid
768 5111 1204 5193 interpretatur
1220 5112 1567 5193 abje0tio,et
1589 5111 1811 5174 deserti
1829 5108 2071 5171 nomine
2091 5110 2350 5171 mundus
2371 5110 2691 5189 allegorice
2710 5109 3081 5187 intelligitur:
3108 5107 3379 5168 Idumcea
3401 5114 3599 5168 autem

230 5198 649 5282 interpretatur
663 5204 975 5284 deﬁciens:
1006 5224 1223 5286 nempe
1245 5214 1548 5288 peccator,
1582 5205 1682 5288 qui
1704 5224 1904 5269 coram
1931 5205 2054 5268 Deo
2077 5214 2455 5286 contemptus
2477 5214 2533 5267 et
2551 5204 2822 5285 cbjectus
2845 5213 2958 5284 est,
2994 5219 3243 5264 manens
3278 5202 3338 5262 in
3371 5201 3599 5261 mundo

313 5295 366 5356 1.
405 5295 457 5356 Ὀ
491 5301 624 5362 Θεὸς
655 5303 684 5356 6
729 5300 858 5364 Θεός
889 5324 1017 5375 μου,
1053 5301 1137 5358 ἐπὶ
1159 5303 1218 5358 τὸ
1251 5309 1360 5381 φῶς
1381 5325 1473 5360 σου
1492 5301 1629 5358 θέλω
1671 5300 1867 5364 ἐλθεῖν,

2045 5301 2094 5364 1.
2132 5302 2291 5362 Deus
2321 5299 2479 5361 Deus
2511 5297 2782 5371 meus,ad
2811 5299 3001 5360 lucem
3022 5301 3185 5358 tuam
3209 5293 3339 5355 volo
3367 5291 3595 5355 venire.

308 5401 364 5452 ’τ’
388 5401 412 5467 Ι
439 5405 595 5469 Tim.
628 5423 712 5482 γι,
739 5408 799 5470 9.
887 5409 948 5458 73
974 5406 1144 5471 Deut.
1181 5425 1268 5483 vr,
1300 5413 1374 5485 5;
1418 5408 1622 5472 Matth.
1654 5426 1800 5478 xxn,
1835 5409 1909 5471 37

1993 5412 2022 5457 4
2050 5407 2235 5470 Levit.
2269 5423 2390 5480 xu,
2429 5406 2545 5478 18;
2582 5406 2762 5469 Matth
2816 5421 2962 5486 xxii,
2995 5403 3096 5467 39.
3130 5403 3198 5455 7⁵
3222 5402 3402 5466 Rom.
3433 5415 3498 5476 ιι,
3531 5398 3592 5461 6.

1253 5515 1557 5581 Addenda
1587 5521 1650 5580 et
1679 5516 2054 5595 corrigenda
2077 5531 2156 5580 ex
2185 5515 2330 5580 cod.
2361 5513 2565 5581 Vatic.

311 5617 392 5704 (1)
440 5622 715 5704 ἔπ’-αὐτῷ
751 5620 1002 5678 ἐλπίσατε
1026 5621 1240 5704 ’πάντες
1299 5632 1375 5700 τῷ
1431 5625 1685 5704 ἑτοίμως,
1719 5635 1871 5701 etc.,

232 5697 518 5785 δπίξῖιτόν.
661 5705 760 5765 18.
806 5701 1230 5785 Προξενίγκατε.
1348 5697 1357 5700 ’
1547 5697 1555 5700 ⁷
1669 5697 1682 5704 ’
1854 5697 1865 5701 ⁷
2163 5701 2232 5768 Ὀ
2260 5704 2335 5763 ὥν
2357 5704 2434 5763 ἔτι
2477 5706 2532 5761 ιν
2555 5705 2656 5782 τῶ,
2701 5709 2822 5768 etc.

310 5777 389 5860 (2)
423 5789 469 5840 Η
495 5781 583 5840 διὰ
623 5788 724 5855 τῆς
748 5777 1106 5866 κινηὶαὸάρεώς
1132 5805 1258 5866 περ,
