4104 6206
460 338 578 406 895
1262 346 1319 405 s.
1367 339 1787 406 ATHANASII
1833 343 1974 406 OPP
2043 339 2236 407 PARS
2282 342 2391 407 III.
2439 378 2513 390 -
2559 334 3010 409 EXEGETICA.
3717 340 3839 413 896

545 474 605 538 2.
637 472 835 562 Sitivit
891 483 950 538 te
980 476 1182 540 anima
1222 493 1400 540 mea:
2132 486 2166 537 Α

2132 486 2170 537 Α
2273 478 2336 541 α.
2368 477 2623 557 male“;
2651 502 2710 538 σε
2740 481 2774 550 ἡ
2807 480 2963 562 ψοχή
2996 496 3119 556 μου·

543 564 603 626 3.
645 560 830 637 Quam
865 564 1274 647 multipliciter
1305 565 1409 629 tibi
1437 584 1573 629 caro
1604 584 1763 630 mea.

1563 588 1573 625 ι
1604 584 1763 630 mea.
2272 570 2334 633 3.
2368 569 2666 637 Ποσαπλῶς
2699 592 2781 629 σοι
2812 571 2847 640 ἦ
2888 560 3015 649 σάρξ
3060 594 3184 646 μου,

542 655 604 717 4.
638 652 704 716 In
736 658 899 741 terra
944 654 1203 736 deserta,
1241 663 1298 718 et
1330 654 1512 728 invia,
1542 663 1601 717 et
1626 653 1952 737 inaquosa:

1893 674 1952 722 ιε
2272 660 2334 723 4.
2365 658 2457 717 Ἐν
2487 667 2559 739 γῇ
2591 660 2799 741 ἐρήμῳ,
2837 660 2925 718 καὶ
2953 658 3157 735 ἀϐάτῳ,
3191 662 3285 717 καὶ
3311 660 3514 741 ἀνύδρῳ

545 746 604 807 5.
631 742 730 806 Sic
758 740 820 803 in
852 751 1057 807 sancto
1083 748 1332 825 apparui
1365 742 1469 805 tibi
1500 765 1512 803 :

2272 747 2332 813 5.
2367 750 2547 813 Οὒτως
2595 746 2649 805 ἒν
2678 756 2755 824 τῷ
2784 740 2937 828 γὰγίῳ
2968 748 3133 829 ὅφΘην
3166 766 3270 806 σοι·

545 834 605 897 6.
638 830 713 896 Ut
744 830 1011 893 viderem
1047 831 1317 894 virtutem
1345 841 1531 914 tuam,
1561 838 1620 895 et
1636 834 1889 913 gloriam
1918 843 2103 900 tuam.

2093 885 2103 900 .
2272 838 2332 902 6.
2366 846 2467 897 Τοῦ
2497 838 2628 897 ἰδεῖν
2660 840 2758 907 τὴν
2786 834 3012 915 δόμαμίν
3052 861 3145 898 eoo
3176 841 3263 896 καὶ
3285 841 3383 909 τὴν
3412 836 3563 907 δόξαν
3596 864 3714 905 σου.

543 923 605 985 7.
644 920 936 994 Quoniam
992 921 1205 984 melior
1232 930 1325 983 est
1354 921 1767 985 misericordia
1799 930 1899 987 tua
1927 942 2112 1005 super

1943 942 2112 1005 super
2278 927 2334 988 7.
2371 925 2502 986 "Ott
2532 941 2780 1008 κρεῖσσον
2824 927 2887 985 τὸ
2930 924 3077 994 ἔλεός
3110 950 3202 988 σου
3243 929 3373 1009 ὑπὲρ
3404 930 3564 1002 ζωός·

462 1020 616 1166 Ἦιὲῗ
644 1062 828 1164 Ῐιεώἰε
861 1119 993 1163 mea
1026 1099 1357 1162 laudabunt
1386 1108 1464 1177 te,

2275 1108 2337 1168 8.
2378 1107 2449 1165 Τὰ
2475 1103 2637 1187 χείλη
2671 1128 2774 1181 μου
2808 1105 3152 1163 ἐπαινέσουσι
3184 1128 3264 1165 σε.

547 1189 610 1255 9.
643 1188 741 1252 Sic
770 1189 1121 1252 benedicam
1158 1198 1215 1252 te
1247 1190 1309 1251 in
1341 1190 1461 1251 vita
1492 1208 1663 1252 mea:

2277 1193 2335 1257 9.
2368 1192 2543 1259 Οὕτως
2576 1192 2853 1274 εὐλογήσω
2885 1217 2943 1252 σε
2987 1196 3042 1251 ἐν
3075 1200 3142 1271 τῇ
3184 1202 3298 1273 ζωῇ
3327 1215 3449 1271 μου·

554 1280 651 1341 10.
689 1278 759 1341 Ει
785 1279 849 1341 in
882 1279 1127 1342 nomine
1158 1287 1257 1341 tuo
1286 1278 1492 1342 levabo
1526 1297 1737 1344 manus
1773 1299 1960 1344 meas.

2279 1282 2376 1344 10.
2414 1285 2511 1341 Καὶ
2539 1282 2591 1338 ἐν
2619 1290 2696 1358 τῷ
2738 1282 2960 1358 ὅνόματί
2991 1305 3085 1343 σου
3142 1285 3251 1360 ἀρῶ
3309 1285 3407 1348 τὰς
3440 1286 3639 1365 χεῖράς
3712 1310 3841 1361 μου.

557 1369 651 1433 li.
685 1368 851 1431 Sicut
882 1368 1058 1449 adipe
1089 1376 1147 1431 et
1190 1368 1556 1450 pinguedine
1584 1370 1887 1452 repleatur
1916 1370 2116 1432 anima

2277 1373 2377 1433 11.
2412 1370 2507 1435 Ὠς
2549 1373 2609 1429 ὲκ,
2651 1371 2869 1437 στέατος
2954 1372 3039 1429 καὶ
3121 1372 3377 1441 πιότητος
3440 1373 3769 1450 ἂμπλησθοίν
3810 1375 3850 1442 ἡ

470 1478 604 1522 mea
628 1480 642 1522 2

2200 1464 2355 1542 ψυχή
2402 1479 2523 1537 μου·

552 1548 652 1612 12.
687 1547 760 1612 Ει
790 1547 966 1609 labiis
1010 1546 1425 1610 exsultationis
1451 1546 1716 1612 laudabit
1775 1567 1841 1611 os
1890 1566 2111 1611 meum.

2284 1549 2381 1613 12.
2421 1552 2517 1609 Καὶ
2550 1549 2713 1631 χείλη
2757 1546 3129 1631 ἀγαλλιάσεως
3179 1552 3372 1609 αἰνέσει
3403 1553 3464 1609 τὸ
3494 1550 3669 1628 στόμα
3716 1577 3846 1628 μου.

558 1641 652 1700 l3.
675 1636 739 1699 Si
772 1655 1002 1699 memor
1030 1637 1114 1699 fui
1144 1642 1226 1698 tui
1280 1656 1463 1719 super
1518 1646 1764 1702 stratum
1800 1657 2019 1713 meum,
2054 1638 2117 1699 in

2288 1640 2384 1703 13.
2411 1640 2467 1699 Εἰ
2515 1640 2883 1717 ἐμημόνευσόν
2942 1663 3035 1700 σου
3092 1641 3178 1697 ἐπὶ
3235 1646 3334 1708 τῆς
3396 1648 3673 1719 στρωμνῆς
3718 1666 3850 1719 μου,

474 1726 780 1790 matutinis
822 1725 1156 1788 meditabar
1183 1726 1245 1787 in
1281 1736 1357 1792 te.

2201 1732 2255 1787 ὲν
2286 1744 2402 1795 τοῖς
2435 1734 2637 1810 ὁρθροις
2678 1729 2946 1806 ἒμελέτων
2976 1733 3049 1794 εἰς
3081 1732 3163 1786 es"

551 1817 649 1881 14.
686 1816 834 1889 Quia
857 1816 1013 1878 fuisti
1047 1815 1282 1896 adjutor
1315 1836 1520 1879 meus:
2138 1846 2172 1899 Β

2138 1846 2178 1899 Β
2281 1819 2381 1881 14.
2419 1818 2551 1879 ’Ὅτι
2586 1821 2839 1899 ἐγενήθης
2880 1823 3074 1897 βοηθός
3106 1836 3229 1897 μον

555 1908 655 1970 45.
710 1908 786 1968 Et
843 1904 903 1967 in
961 1906 1293 1968 velamento
1356 1906 1582 1970 alarum
1627 1916 1859 1971 tuarum
1914 1907 2114 1971 exsul-

2280 1911 2378 1973 15.
2413 1909 2516 1972 Καὶ
2547 1910 2599 1967 ἐν
2668 1915 2737 1988 τῇ
2783 1911 2957 1980 σκέπῃ
3001 1916 3105 1967 τῶν
3129 1908 3401 1989 πτερύγων
3444 1933 3539 1969 σου
3579 1910 3854 1990 ἀγαλλιά-

474 1996 649 2153 ωῗὲ.
687 2089 951 2154 Αάιιωεὶι
980 2089 1183 2152 anima
1215 2108 1345 2152 mea
1377 2099 1506 2173 post
1534 2100 1590 2154 te
1618 2112 1632 2152 :

2201 2022 2388 2153 “‘12..
2414 2090 2711 2163 Ἐκολλήθη
2746 2093 2781 2160 ἡ
2812 2092 2967 2171 ψδχή
3004 2113 3106 2166 μου
3138 2091 3309 2147 ὀπίσω
3351 2110 3468 2147 σου·

561 2180 654 2243 17.
688 2181 783 2244 Me
812 2187 1011 2243 autem
1044 2180 1314 2263 suscepit
1343 2182 1553 2244 dextra
1596 2190 1715 2245 tua.

2286 2179 2389 2240 17.
2419 2176 2583 2255 Ἐμοῦ
2628 2179 2681 2237 δὲ
2727 2176 3049 2239 ἀντελάϐετο
3092 2182 3126 2248 ἡ
3157 2178 3296 2244 δεξιά
3327 2201 3443 2240 σου.

555 2269 800 2351 18.1ρεὶ
858 2288 993 2333 vero
1052 2268 1114 2333 in
1172 2288 1386 2334 vanum
1447 2271 1812 2351 quaesierunt
1864 2271 2121 2334 animam

2286 2267 2384 2330 18.
2420 2269 2576 2326 Aurel
2646 2267 2701 2326 δὲ
2763 2266 2835 2334 εἷς
2908 2268 3085 2345 μάτην
3165 2268 3429 2340 ἐζήτησαν
3505 2270 3605 2339 την
3665 2272 3855 2350 ψυχήν

475 2375 670 2422 meam
684 2406 694 2418 .

2205 2376 2329 2435 μου·

1622 2536 2031 2603 ATHANASII
2086 2532 2727 2602 INTERPRETATIO.

478 2736 655 2790 ποντι,
686 2714 854 2771 θέλων
896 2717 1209 2797 ἒπιστρέψαι
1254 2718 1340 2772 καὶ
1372 2717 1544 2775 ἐλθεῖν
1575 2717 1662 2774 ἐπὶ
1707 2718 1765 2774 τὸ
1794 2716 2095 2798 βάπτισμα,
2132 2715 2288 2775 κάλιν
2316 2716 2456 2793 μετὰ
2478 2716 2567 2796 (1)
2594 2716 2874 2795 βάπτισμα
2916 2719 3271 2798 ἡμαρτηκὼς,
3319 2720 3407 2775 καὶ
3435 2716 3604 2775 Θέλων
3659 2740 3843 2794 μετα-

479 2814 669 2875 νοῆσαι
699 2807 845 2887 λέγει
875 2811 967 2866 τὸν
1000 2810 1215 2886 ψαλμὸν
1245 2817 1456 2870 τοῦτον.

478 2900 819 2983 deﬁciente,
847 2921 981 2965 cum
1018 2904 1144 2966 vult
1172 2905 1464 2981 converti,
1495 2914 1554 2966 et
1585 2904 1790 2967 venire
1819 2905 1891 2967 ad
1926 2904 2244 2985 baptisma,
2275 2914 2340 2968 et
2353 2921 2562 2967 rursus
2596 2910 2727 2985 post
2757 2901 3053 2985 baptisma
3082 2922 3222 2969 cum
3252 2901 3614 2987 peccaverit,
3641 2909 3705 2965 et
3729 2901 3856 2964 vult

479 2995 891 3078 pmnitentiam
929 3016 1133 3078 agere,
1168 2998 1313 3061 dicit
1335 3001 1496 3062 hunc
1526 3001 1845 3082 psalmum.

563 3090 621 3153 2.
658 3090 1033 3153 Desideravit
1062 3100 1121 3153 te
1152 3092 1353 3155 anima
1381 3111 1532 3156 mea.
2142 3090 2181 3139 ο

2142 3090 2181 3139 C
2286 3091 2347 3157 2,
2390 3092 2723 3167 Ἐπεθύμησέ
2752 3114 2810 3148 σε
2840 3095 2874 3161 ἡ
2909 3094 3062 3172 ψυχή
3108 3112 3232 3167 μου.

562 3182 622 3241 3.
664 3179 1074 3260 Multipliciter
1112 3181 1651 3245 innumerabiliter.

1474 3181 1651 3244 iliter.
2293 3182 2353 3247 3.
2388 3182 2653 3263 Ποσαχῶς
2700 3180 3092 3261 ἂναριθμὴτως.

566 3266 627 3330 4.
658 3266 949 3341 Quoniam
986 3280 1261 3351 tanquam
1302 3271 1449 3333 nihil
1508 3289 1638 3332 sum
1669 3289 1870 3332 coram
1905 3278 1961 3331 te
1994 3291 2006 3332 :
2042 3268 2130 3330 si-

2292 3273 2353 3334 4.
2388 3271 2522 3331 ’Ὅτι
2580 3276 2653 3336 ὡς
2700 3270 2845 3330 οὐδέν
2908 3274 3016 3347 εἶμι
3061 3270 3287 3330 ἐνώπιόν
3348 3288 3461 3330 σου·
3510 3269 3693 3337 ἐπειδὴ
3742 3269 3860 3325 οὖτα

487 3356 726 3436 quidem
774 3376 969 3439 neque
1020 3358 1213 3435 radix,
1255 3378 1451 3440 neque
1504 3361 1633 3434 ﬂos,
1666 3379 1859 3441 neque
1907 3360 2108 3422 fructu:

1919 3360 2131 3422 fructus
2212 3365 2347 3443 ῥίζα,
2381 3363 2495 3419 οὔτε
2528 3362 2703 3442 ἄνθος,
2752 3361 2872 3419 οὕτε
2901 3361 3101 3441 καρπός
3127 3361 3269 3420 ἐστιν
3316 3360 3369 3419 ὲν
3398 3361 3540 3437 ἐμοί.

486 3455 579 3508 est
608 3446 667 3508 in
701 3466 817 3512 me.

564 3540 623 3597 Β.
658 3534 754 3599 Sic
784 3540 845 3599 in
873 3538 1052 3602 domo
1083 3546 1289 3601 sancta
1315 3546 1415 3601 tua
1441 3539 1669 3602 accessi
1701 3541 1773 3603 ad
1810 3550 1888 3603 te.

2291 3539 2350 3600 5.
2385 3537 2562 3602 Οὕτως
2608 3538 2664 3596 ἐν
2711 3543 2788 3611 τῷ
2820 3537 2958 3613 οἴκῳ
2996 3540 3079 3615 (2)
3110 3545 3186 3613 τῷ
3243 3539 3378 3617 ἁγίῳ
3408 3558 3501 3593 σου
3557 3533 3860 3615 προσῆλθόν

2210 3654 2317 3691 σοι.

566 3715 627 3780 6.
661 3714 736 3779 Ut
762 3716 1060 3781 discerem
1092 3718 1598 3782 resurrectionem
1626 3728 1784 3781 tuam
1818 3726 1877 3780 et
1907 3718 2130 3800 passio-

2290 3720 2347 3781 6.
2381 3719 2483 3779 Τοῦ
2539 3722 2728 3795 μαθεῖν
2773 3718 2871 3785 τὴν
2928 3715 3209 3775 ἆνάστασίν
3242 3716 3325 3797 (3)
3359 3739 3453 3776 σου
3498 3716 3587 3772 καὶ
3648 3716 3713 3771 τὸ
3742 3714 3858 3770 πά-

489 3823 627 3867 nem
664 3814 845 3870 tuam.

832 3857 845 3870 .
2210 3814 2298 3873 θος
2330 3832 2442 3871 σου,

573 3896 626 3956 7.
657 3894 943 3967 Quoniam
975 3896 1158 3957 multo
1208 3896 1421 3959 melior
1470 3905 1561 3959 est
1590 3897 2005 3961 misericordia
2033 3904 2131 3964 tua

2290 3900 2350 3957 7.
2378 3895 2515 3955 "Ott
2560 3897 2693 3953 πολὺ
2735 3896 2945 3973 βέλτιον
2988 3896 3048 3953 τὸ
3079 3894 3227 3959 ἔλεός
3277 3919 3369 3954 σου
3410 3895 3540 3974 ὑπὲρ
3570 3894 3669 3962 τὴν
3713 3890 3861 3949 ἀκό-

488 3999 662 4065 quam
699 3983 1023 4062 voluptates
1052 3993 1109 4045 et
1140 3984 1355 4047 divitia;
1388 3986 1567 4066 hujus
1599 3985 1822 4050 saeculi.

2211 3985 2416 4061 λαυσιν,
2464 3988 2552 4043 καὶ
2580 3987 2670 4042 τὸν
2701 3984 2926 4044 πλοῦτον
2958 3995 3050 4045 τοῦ
3090 3987 3280 4052 αἰῶνος
3328 3985 3541 4043 τούτου.

567 4073 625 4133 8.
663 4072 840 4135 Labia
870 4073 1066 4136 cordis
1097 4073 1215 4136 mei
1248 4074 1575 4138 laudabunt
1605 4083 1685 4138 te.

2290 4082 2348 4138 8.
2378 4078 2454 4135 Τὰ
2482 4075 2643 4157 χείλη
2674 4081 2773 4143 τῆς
2818 4074 3027 4155 καρδίας
3070 4098 3172 4152 μου
3203 4074 3560 4151 ἆνυμνὴσουσί
3602 4093 3684 4133 σε.

568 4163 628 4222 9.
662 4160 934 4243 Semper.

2292 4168 2353 4230 9.
2393 4168 2712 4232 Διαπαντός.

574 4251 671 4312 10.
705 4249 953 4312 [utendo
983 4250 1056 4312 ad
1089 4256 1147 4312 te
1173 4268 1280 4312 cor
1310 4268 1533 4312 meum.

2294 4257 2392 4318 10.
2432 4256 2716 4315 Ἀνατείνω
2739 4260 2867 4336 πρὸς
2897 4257 2957 4313 σὲ
2983 4257 3083 4325 τὴν
3127 4254 3338 4336 καρδίαν
3384 4276 3508 4329 μου.

579 4343 641 4405 li
676 4339 874 4404 Gratia
904 4348 1027 4404 tua.

2300 4347 2395 4409 11.
2436 4353 2515 4423 Τῇ
2544 4347 2730 4427 χάριτί
2757 4369 2850 4405 σου

575 4430 671 4492 12.
711 4430 901 4493 Corde
931 4433 1261 4493 exsultante
1302 4429 1566 4494 laudabit
1615 4442 1673 4496 te
1704 4452 1770 4495 os
1827 4452 2049 4497 meum.
2162 4451 2196 4503 ῃ

2307 4435 2402 4497 12.
2440 4436 2545 4503 Τῆς
2604 4434 2815 4514 καρδίας
2865 4433 3305 4514 ἀγαλλιωμένης,
3341 4432 3531 4488 αἰνέσει
3584 4434 3646 4487 τὸ
3692 4428 3870 4504 στόμα

2221 4547 2344 4601 μου.

579 4610 676 4673 13.
714 4608 773 4674 Si
810 4610 1140 4673 meminero
1173 4609 1255 4671 tui
1308 4614 1366 4670 in
1400 4610 1603 4690 quiete
1644 4609 1856 4675 animas
1886 4626 2055 4689 meae,
2079 4613 2141 4675 in

2304 4613 2405 4675 13.
2445 4613 2571 4673 Ἐὰν
2608 4615 2965 4691 μνημονεύσω
3023 4635 3118 4670 σου
3160 4614 3216 4669 ἐν
3273 4617 3339 4688 τῇ
3380 4611 3584 4690 ἡσυχίᾳ
3611 4614 3711 4677 τῆς
3758 4614 3868 4684 ψυ-

496 4699 788 4762 mandatis
821 4700 934 4762 tuis
966 4698 1319 4762 meditabor.

2226 4711 2338 4787 χῆς
2371 4729 2495 4786 μου,
2530 4705 2583 4762 ἐν
2626 4719 2743 4770 τοῖς
2774 4704 3147 4784 προστάγμασί
3179 4725 3274 4759 σου
3317 4700 3620 4777 μελετὴσω.

582 4792 683 4852 14.
715 4789 866 4863 Quia
894 4808 1134 4872 semper
1156 4789 1215 4850 in
1262 4789 1562 4853 mandatis
1620 4790 1739 4861 tuis
1770 4791 2145 4856 corroboravi

2310 4797 2413 4861 44.
2446 4797 2579 4855 ’Ὅτι
2611 4796 2692 4853 ἀεὶ
2719 4798 2774 4851 ἓν
2833 4808 2949 4860 τοῖς
2979 4792 3349 4871 προστάγμασι
3398 4811 3491 4846 σου
3530 4787 3869 4863 ἐνεδυνάμω-

497 4897 613 4943 me.

2229 4888 2296 4943 σά
2327 4909 2392 4962 με
2415 4885 2519 4962 (5).

582 4900 678 5032 l5.
714 4970 789 5032 Et
818 4969 881 5031 in
910 4969 1148 5032 duobus
1180 4969 1296 5032 tuis
1352 4967 1757 5032 Testamentis
1810 4970 2141 5034 exsultabo.

2241 4888 2296 4943 τά
2315 4909 2392 5037 1μέ
2398 4888 2542 5033 ,(ῗξὶ
2569 4974 2621 5030 ἰν
2649 4985 2774 5036 ταῖς
2818 4971 2928 5028 δυσί
2957 4995 3053 5029 σου
3115 4972 3401 5038 Διαθὴκαις
3434 4966 3862 5047 ἆγαλλιᾶσομαι.

578 5060 653 5122 16
685 5055 944 5137 Vestigia
974 5067 1076 5122 tua
1103 5066 1413 5141 sequetur.

2308 5064 2407 5125 16.
2442 5074 2569 5129 Τοῖς
2596 5062 2777 5143 ἴχνεσι
2806 5084 2899 5120 σου
2931 5059 3329 5127 ἰξακολοὺθὴσει

579 5150 675 5213 ιτ.
706 5148 796 5211 Τυ
828 5157 1023 5210 autem
1068 5148 1201 5229 ipse
1244 5148 1540 5212 deduxisti
1574 5168 1670 5213 me
1729 5149 1971 5215 dextera
2021 5160 2144 5219 tua.

1947 5168 1971 5215 Β
2021 5160 2144 5219 tua.
2310 5156 2407 5213 17.
2444 5155 2608 5217 Αὒτὸς
2641 5151 2695 5208 δὲ
2727 5150 3014 5230 ὼδὴγησάς
3047 5172 3113 5226 με
3155 5156 3224 5228 τῇ
3266 5144 3405 5221 δεξιᾷ
3447 5170 3568 5207 σου.

586 5238 681 5305 18.
720 5239 1058 5303 Daemones.

2312 5248 2411 5308 48,
2446 5243 2509 5306 Οἱ
2539 5239 2807 5316 δαίμονες,

1536 5416 1836 5483 Addenda
1865 5423 1930 5484 et
1960 5419 2333 5502 corrigenda
2362 5436 2440 5487 ex
2471 5418 2608 5487 cod.
2646 5417 2841 5483 Vatic.

580 5604 660 5684 (1)
694 5600 839 5659 Μετὰ
867 5603 952 5684 τὸ,
987 5607 1106 5684 etc.
1258 5678 1273 5684 Δ
2310 5604 2385 5684 (4)
2417 5604 2525 5684 Τῆς
2546 5602 2780 5684 Δχάριτός
2813 5623 2941 5684 σου.

582 5682 660 5766 l2)
693 5690 839 5766 ῌαῷ.
870 5678 1048 5766 Paulo
1080 5686 1213 5762 post
1240 5678 1410 5743 deest
1452 5700 1572 5743 σου.

1355 5690 1410 5743 ει
1452 5700 1572 5743 σου.
2312 5678 2389 5766 (5)
2419 5678 2855 5766 ξΕνεδονᾶμωσάς
2886 5703 2976 5759 με.

577 5763 659 5845 (3)
694 5762 1041 5844 Ἀνάπαυσίν,
1072 5768 1190 5825 etc.
2425 5762 2885 5836 Ἐξακολουθὴσω.
