4104 6206
433 388 548 458 899
1225 393 1285 456 S.
1338 390 1755 456 ATHANASII
1797 389 1960 452 OPP.
2007 387 2220 452 PARS.
2277 391 2379 453 III.
2433 427 2502 436 —-
2551 390 3005 455 EXEGETIGA.
3679 394 3803 460 900

510 528 606 591 12.
653 526 911 590 Scrutati
931 534 1069 587 sunt
1099 523 1473 604 iniquitatem
1506 545 1520 587 :
2088 529 2130 580 Α

1432 544 1473 584 n
1506 545 1520 587 :
2088 529 2130 580 Α
2235 525 2336 588 42.
2382 525 2774 605 Ἐξηρέύνησαν
2808 529 3053 603 ἀνομίαν·

512 617 606 680 13.
651 615 1009 678 Defecerunt
1028 621 1359 676 scrutantes
1387 612 1697 675 scrutinio.

2171 697 2186 701 _
2235 618 2326 681 13.
2374 619 2655 686 Ἐξέλιπον
2688 621 3060 699 ἐξερευνῶντες
3091 621 3472 701 ἐξερευνὰσεις,

507 710 608 768 14.
655 703 922 767 Accedet
942 704 1161 792 homo.
1181 710 1238 764 et
1267 721 1373 764 cor
1399 702 1752 784 profundum
1788 725 1800 761 :

2171 697 2195 707 μ
2235 709 2324 771 14,
2375 697 2789 787 Προσελεύσεται
2819 711 3123 792 ἄνθρωπος,
3149 697 3237 769 διαὶ
3265 711 3447 792 καρδία
3473 713 3688 788 βαθεῖα·

512 798 610 859 15.
653 793 724 857 Et
751 792 1105 856 exaltabitur
1135 791 1308 852 Deus.

2225 798 2324 861 15.
2375 801 2470 855 Καὶ
2493 801 2829 874 ὑψωθήσεται
2861 804 2888 856 6
2921 802 3073 865 Θεός.

509 887 606 950 16.
653 882 888 964 Sagitta;
940 881 1316 963 parvulorum
1367 881 1535 943 facta;
1568 889 1709 944 sunt
1738 881 1920 963 plaga
1951 902 2058 945 eo-

2046 919 2058 930 -
2227 886 2324 951 16,
2374 889 2536 952 Βὲλος
2576 892 2776 957 νηπίων
2809 889 3135 969 ἐγενήθησαν
3160 894 3211 946 αἱ
3241 890 3446 970 πληγαὶ
3475 897 3667 954 αὐτῶν,

423 994 553 1040 sum
590 997 604 1034 2

508 1065 689 1130 i7.Et
715 1063 1028 1124 inﬁrmata;
1057 1068 1196 1122 sunt
1219 1068 1424 1124 contra
1450 1079 1554 1123 eos
1579 1060 1795 1141 linguae
1825 1081 2050 1126 eorum.

2222 1065 2320 1128 17.
2369 1064 2468 1126 Καἴ
2501 1065 2854 1134 ἐξησθένησαν
2885 1067 2972 1124 ἐπ’
3004 1069 3190 1132 αὖτοὺς
3222 1071 3272 1125 αἶ
3317 1068 3557 1147 γλῶσσαι
3589 1072 3790 1134 αὐτῶν,

511 1156 603 1219 18.
651 1150 996 1216 (ἶοηῑιη-ὺθιὶ
1027 1160 1163 1211 sunt
1190 1169 1422 1225 omnes,
1457 1152 1556 1233 qui
1589 1153 1863 1215 videbant
1901 1173 2004 1216 eos
2037 1173 2051 1216 :

2220 1154 2318 1218 18.
2370 1157 2782 1237 Ἐταράχθησαν
2815 1159 3006 1222 πάντες
3039 1160 3085 1214 οἱ
3116 1161 3436 1237 θεωροῦντες
3465 1159 3674 1215 αὒτούς·

506 1245 605 1308 19.
649 1242 722 1304 Ει
751 1239 948 1303 timuit
977 1240 1175 1300 omnis
1205 1240 1408 1303 homo.

2223 1244 2321 1306 19.
2372 1246 2458 1324 (α)
2494 1249 2587 1304 Καὶ
2619 1243 2854 1326 ἐφοϐήθη
2887 1253 2988 1311 πᾶς
3020 1246 3315 1326 ἅνθρωπος.

502 1333 604 1398 20.
651 1331 719 1394 Et
748 1329 1245 1392 annuntiaverunt
1269 1349 1451 1410 opera
1486 1332 1612 1406 Dei,

2220 1331 2316 1396 20.
2365 1335 2468 1396 Καὶ
2497 1335 2821 1414 ἀνῆγγειλαν
2843 1336 2909 1392 τὰ
2941 1336 3069 1413 ἔργα
3099 1344 3190 1393 τοῦ
3218 1344 3370 1410 Θεοῦ,

500 1422 569 1483 21
588 1471 603 1487 .
653 1421 722 1482 Et
742 1421 895 1481 facta
928 1419 1058 1498 ejus
1080 1419 1523 1482 intellexerunt.

2219 1425 2318 1484 21.
2366 1425 2469 1485 Καὶ
2511 1447 2576 1481 τα
2621 1426 2896 1500 ποιήματα
2929 1427 3084 1484 αὐτοῦ
3113 1428 3367 1492 συνῆκαν,

500 1510 603 1573 22.
648 1509 967 1574 Ιιωιιὼίιιιι·
980 1508 1180 1588 justus
1211 1509 1273 1570 iu
1303 1510 1580 1581 Domino,
1619 1520 1676 1573 et
1704 1514 1966 1592 sperabit
1995 1519 2056 1574 in

2219 1512 2320 1576 22.
2369 1513 2804 1594 Εὖγρανθήσεται
2829 1513 3032 1578 δίκαιος
3065 1515 3118 1571 ἐν
3137 1522 3216 1590 τῷ
3248 1518 3444 1596 Κυρίῳ,
3487 1518 3573 1573 καὶ
3599 1516 3785 1574 ἐλπιεῖ

513 1624 527 1637 ο
2139 1601 2438 1660 δ”ό.

514 1649 528 1664 α
2167 1625 2414 1660 παυτν

418 1623 598 1756 6023.
648 1692 722 1753 Et
765 1687 1162 1750 laudabuntur
1193 1706 1402 1750 omnes
1434 1690 1579 1754 recti
1610 1691 1811 1755 corde.

2139 1605 2227 1660 ἰπ⁹
2261 1605 2438 1660 αὐτόν’

2219 1691 2426 1755 23.Καὶ
2455 1693 2892 1761 ἐπαινεθήσονται
2910 1695 3102 1757 πάντες
3129 1697 3175 1749 οἱ
3205 1695 3374 1757 εὖθεῐς
3405 1699 3474 1760 τῆ
3507 1693 3716 1772 καρδίᾳ,

419 1797 492 1860 In
521 1795 724 1876 ﬁnem,
758 1789 1026 1871 psalmus
1055 1791 1281 1852 cantici
1315 1792 1514 1853 David
1543 1813 1557 1853 :
1590 1795 1924 1872 (canticum
1951 1796 2040 1860 Je-

2162 1792 2230 1858 Ξῖς
2263 1797 2323 1850 τὸ
2361 1794 2538 1876 τέλος,
2591 1793 2802 1870 ψαλμὸς
2831 1791 2971 1868 ᾠδῆς
3002 1803 3077 1870 τῷ
3125 1795 3302 1852 Δακίδ²
3525 1795 3783 1874 Ἰερεμίου

417 1887 623 1948 rentia:
645 1891 697 1944 et
734 1878 1092 1955 Ezechietis,
1126 1879 1200 1941 de
1243 1880 1450 1960 populi
1504 1886 2038 1965 transmigratiom

2217 1886 2303 1942 καὶ
2330 1883 2591 1955 Ἰεζεκιὴλ
2633 1889 2724 1940 τοῦ
2753 1883 2882 1939 λαοῦ
2933 1889 3030 1950 τῆς
3077 1888 3377 1962 παροικίας,
3418 1885 3501 1941 ὅτε
3556 1885 3790 1961 ἔμελλον

499 1971 740 2056 quando
769 1969 1106 2050 profecturi
1126 1979 1328 2050 erant.
1361 1968 1645 2033 PSALM.
1671 1971 1889 2036 LXIV.

1399 1968 1645 2033 ’SALM.
1671 1971 1889 2036 LXIV.
2219 1973 2648 2052 ἐκπορεύεσθαι.)
2676 1977 2844 2034 ΨΑΛ.
2881 1971 3020 2034 ΞΔ’.

494 2084 555 2140 4.
605 2075 689 2138 Te
719 2072 892 2134 decet
926 2070 1206 2149 hymnus.
1241 2070 1420 2153 Deus,
1456 2073 1517 2136 in
1545 2076 1692 2138 Sion
1727 2099 1739 2136 ε

2219 2083 2276 2141 1,
2325 2080 2417 2136 Σοὶ
2445 2080 2633 2160 πρέπει
2665 2079 2857 2159 ὕμνος,
2890 2082 2917 2134 6
2945 2081 3099 2160 Θεὸς,
3125 2080 3180 2136 ἐν
3224 2081 3386 2137 Σιών·

507 2237 594 2319 (a)
641 2237 814 2298 Vere.
867 2233 962 2310 19,
1011 2231 1112 2314 20,
1161 2232 1271 2296 sub
1311 2235 1489 2297 unico
1533 2253 1699 2300 num.

1558 2413 1970 2486 ATHANASII
2011 2417 2642 2486 INTERPRETATIO.

497 2600 597 2663 12.
643 2600 710 2663 In
741 2595 1118 2682 philosophia
1145 2593 1417 2675 quaedam
1465 2612 1743 2674 perversa
1795 2601 2053 2682 loquun-

2219 2601 2317 2664 12.
2364 2604 2464 2665 Ἐν
2497 2600 2774 2683 φίλοσοφίᾳ
2795 2601 2894 2658 τινὶ
2915 2597 3304 2679 διεστραμμένα
3332 2597 3552 2660 λαλοῦσι
3580 2600 3672 2681 (1)
3690 2623 3790 2658 χα-

419 2697 513 2753 tur
542 2695 751 2752 contra
778 2687 990 2750 Deum.

937 2706 990 2748 η.
2135 2693 2200 2748 τὰ
2228 2702 2321 2752 τοῦ
2348 2694 2558 2772 Κυρίου.

497 2777 596 2842 13.
645 2778 957 2839 Perierunt
999 2775 1222 2837 nullam
1258 2785 1592 2854 quaerentes
1622 2781 1946 2841 veritatem.

1778 2789 1946 2841 atem.
2225 2784 2316 2846 13.
2364 2779 2670 2838 Ἀπῶλοντο
2699 2787 2978 2854 ζητοῦντες
3009 2776 3152 2835 οὑδὲν
3182 2775 3399 2843 ἀληθές,

498 2866 595 2930 14.
642 2866 857 2928 Veniet
913 2864 986 2925 ad
1039 2865 1310 2925 homines
1368 2863 1656 2929 habentes
1712 2868 1956 2947 gratiam
1989 2869 2050 2930 in

2223 2871 2315 2934 14.
2363 2869 2650 2931 Ἑλεύσετα
2707 2868 2838 2947 πρὸς
2895 2889 3016 2930 τους
3059 2865 3360 2944 ἀνθρώπους
3399 2869 3519 2932 τοὺς
3550 2867 3783 2947 ἔχοντας

412 2955 758 3035 Scripturis.

2134 2960 2295 3040 χάριν
2440 2961 2493 3015 ὲν
2518 2973 2640 3021 ταῖς
2667 2963 2919 3038 Γραφαϊς.

495 3047 594 3110 15.
644 3046 716 3107 Et
733 3041 1161 3123 gloriﬁcabitur
1189 3041 1352 3104 Deus
1381 3042 1440 3103 in
1472 3043 1635 3124 ipsis.

2217 3050 2310 3112 15.
2362 3050 2460 3107 Καὶ
2488 3046 2863 3114 δοξασθήσεται
2896 3048 2924 3104 ὁ
2957 3047 3086 3109 Θεὸς
3119 3045 3170 3101 ὲν
3204 3045 3386 3110 αὒτοῒς
3413 3044 3525 3127 (3).

493 3136 592 3199 16.
668 3131 866 3196 Verba
947 3131 1106 3195 enim
1179 3149 1384 3193 eorum
1478 3132 1808 3196 existimata
1881 3144 2110 3219 acutae

2218 3141 2316 3200 16.
2363 3140 2438 3198 Τὰ
2465 3140 2679 3218 ῥήματα
2706 3138 2806 3217 γὰρ
2831 3139 3002 3195 αὖτῶν
3029 3138 3094 3194 τὰ
3126 3139 3444 3212 νομιζόμενα
3492 3137 3774 3214 ἠκονημέ-

414 3241 546 3288 esse
579 3272 596 3300 ,
683 3224 918 3285 inﬁrma
1001 3221 1384 3284 inveniuntur
1458 3229 1665 3284 contra
1747 3223 2032 3288 hominen

411 3312 542 3377 Dei.

2158 3251 2196 3287 πα
2250 3233 2389 3286 εἶναι
2439 3229 2525 3308 (4)
2578 3229 2838 3307 ἁνίσχυρα
2927 3229 3250 3305 εὑρίσκονται
3321 3229 3453 3305 πρὸς
3512 3229 3604 3283 τὸν
3683 3235 3779 3284 τοῦ

2158 3325 2264 3376 1εοῦ
2292 3318 2590 3377 ἄνθρωπον.
2883 3366 2889 3372 .

2133 3339 2264 3376 υεου
2292 3339 2565 3396 ανυρωπον
2577 3366 2589 3381 ,

637 3401 706 3464 Et
733 3401 966 3465 confusi
996 3408 1135 3462 sunt
1166 3402 1225 3462 in
1256 3399 1530 3462 doctrina
1559 3419 1789 3468 eorum.

2213 3408 2310 3469 17.
2354 3366 2458 3468 Ῑξαὶ
2484 3366 2933 3487 κατῃσχύνθησαν
2962 3406 3016 3462 ἐν
3058 3410 3124 3481 τῇ
3167 3401 3473 3475 διδασκαλίᾳ
3505 3404 3704 3466 αὒτῶν,

494 3495 591 3555 18.
635 3489 1086 3572 Obstupuerunt
1132 3506 1340 3551 omnes
1368 3489 1469 3568 qui
1499 3507 1602 3552 eos
1632 3491 1823 3556 victos
1876 3491 2046 3555 vide-

2216 3496 2316 3559 18.
2364 3495 2734 3563 Ἐξενίσθησαν
2780 3496 2971 3558 πάντες
3020 3497 3066 3551 οἱ
3115 3493 3340 3570 ὁρῶντες
3375 3494 3560 3556 αὐτοὺς
3594 3497 3775 3561 ἡττη-

407 3590 570 3647 runt.

2132 3585 2341 3650 θέντας,

491 3672 588 3746 19,
623 3671 724 3736 20.
770 3667 841 3731 Et
868 3669 1117 3732 miratus
1146 3675 1236 3730 est
1271 3667 1468 3732 omnis
1518 3669 1721 3751 homo,
1755 3679 1813 3734 et
1843 3677 1922 3734 ita
1951 3671 2047 3733 di-

2217 3673 2440 3752 19,2Ο.
2492 3677 2587 3733 Καί
2656 3673 2917 3747 ἐθαύμασε
2975 3678 3076 3736 πᾶς
3123 3671 3420 3751 ἅνθρωπος,
3467 3674 3558 3728 καὶ
3617 3673 3778 3730 εἶπεν

408 3764 494 3826 xit.
525 3780 540 3826 :
575 3759 776 3826 Gratia
801 3759 905 3822 Dei
949 3767 1040 3821 est
1081 3758 1140 3820 in
1173 3759 1416 3820 homine
1445 3758 1546 3840 qui
1577 3759 1888 3823 confundit
1916 3761 2029 3823 hie-

2154 3764 2317 3829 ιῦτως·
2357 3765 2520 3844 Χάρις
2567 3770 2660 3819 τοῦ
2699 3764 2830 3818 Θεοῦ
2859 3761 3000 3818 ἐστιν
3028 3761 3080 3818 ἐν
3113 3767 3188 3834 τῷ
3219 3761 3477 3838 ἀνθρώπῳ
3524 3767 3603 3834 τῷ
3636 3783 3775 3818 κατ.

406 3853 648 3917 reticos.

2129 3857 2435 3934 αισχύνοντι
2466 3853 2587 3916 τοὺς
2618 3851 2929 3930 αὶρετικούς.

487 3941 588 4004 21.
635 3937 708 4000 Ει
735 3938 1041 3999 veritatem
1072 3936 1179 3998 Dei
1209 3949 1627 4018 cognoverunt.

2210 3945 2312 4008 21,
2357 3940 2460 4004 Καὶ
2493 3943 2588 4009 τὴν
2621 3940 2870 4011 ἀλήθειαν
2897 3949 2989 3999 τοῦ
3021 3946 3151 3996 Θεοῦ
3185 3938 3515 4016 ἐπέγνωσαν.

486 4031 588 4090 22.
636 4025 707 4088 Et
735 4025 1052 4089 exsultabit
1101 4027 1277 4087 homo
1309 4028 1409 4106 qui
1449 4028 1760 4093 haereticos
1789 4045 2043 4111 supera-

2209 4031 2316 4093 ?2.
2360 4029 2772 4109 Ἀγαλλιάσεται
2815 4032 2842 4085 6
2891 4030 3160 4108 ἄνθρωπος
3209 4028 3311 4107 (5),
3346 4027 3381 4083 δ’
3403 4030 3527 4093 τοὺς
3577 4029 3778 4107 αἱρετι-

404 4118 508 4184 vit.

2129 4123 2250 4187 κοὺς
2293 4122 2539 4191 νικήσας.

485 4206 589 4272 23.
635 4205 708 4268 Et
736 4201 1134 4266 laudabuntur
1177 4219 1390 4266 omnes
1441 4207 1542 4286 qui
1595 4218 1760 4270 recte
1789 4210 2046 4290 cogitant

2205 4210 2310 4277 23.
2355 4209 2458 4274 Καὶ
2490 4211 2922 4279 ἐπαινεθήσονται
2957 4209 3149 4272 πάντες
3181 4209 3226 4265 οἱ
3260 4208 3426 4287 ὀρθῶς
3457 4212 3774 4284 φρονοῦντες

407 4297 484 4360 de
510 4294 791 4360 Domino.

2127 4307 2245 4382 περὶ
2277 4307 2368 4362 τοῦ
2402 4305 2603 4382 Κυρίου.

492 4391 564 4456 Ἦ
605 4389 933 4485 προκειμένη
964 4389 1232 4469 ἐπιγραφὴ
1263 4390 1503 4470 περιέχει
1537 4392 1615 4471 (ὃ)
1645 4411 1659 4426 ⁸
1717 4397 1803 4457 Εἷς
1851 4400 1912 4453 τὸ
1942 4402 2118 4485 τέλος,
2164 4401 2377 4476 ψαλμὸς
2421 4395 2562 4470 ῲδῆς
2598 4419 2673 4468 τῳ
2705 4393 2886 4457 Δαϐίδ,
2921 4402 3084 4452 Τοῦτο
3129 4397 3217 4453 οὗν
3250 4393 3397 4485 λέγει
3427 4412 3440 4424 ·
3501 4393 3634 4470 ὑπὲρ
3667 4394 3776 4447 «In

414 4485 719 4566 μελλόντων
746 4482 831 4542 ἔπ’
866 4483 1114 4564 ἐσχάτων
1140 4491 1246 4541 τῶν
1277 4487 1490 4564 ἡμερῶν
1517 4486 1718 4566 γίνεται
1752 4486 1835 4568 (Ἰ)
1868 4492 1968 4547 ὑπὸ
2011 4482 2111 4552 τοῦ*
2131 4491 2322 4569 Κυρίου
2353 4491 2380 4546 6
2410 4487 2622 4564 ψαλμὸς
2651 4487 2747 4554 τῆς
2779 4485 2919 4562 ᾠδῆς
2945 4488 3144 4554 ταύτης
3205 4484 3420 4563 εἴρηται
3477 4508 3553 4559 τῳ
3590 4482 3775 4557 Δαϐὶδ,

411 4579 681 4639 τουτέστιν
703 4601 780 4654 τῳ
808 4581 971 4651 ἱκανῳ
1001 4575 1068 4652 τῇ
1111 4578 1274 4657 χειρὶ,
1323 4577 1378 4644 ὅς
1408 4579 1522 4634 ἐστι
1545 4576 1735 4657 Κύριος
1772 4583 1798 4637 ὁ
1833 4584 1961 4646 Θεὸς
1993 4589 2173 4662 ἡμῶν.

490 4671 722 4734 Titulus
747 4668 1100 4753 praepositus
1121 4670 1387 4732 continet
1421 4671 1534 4733 :In
1553 4671 1762 4751 ﬁnem,
1786 4674 2054 4754 psalmus
2083 4675 2313 4740 cantici
2347 4671 2566 4736 David.
2617 4669 2743 4733 Hoc
2775 4671 2954 4750 igitur
2997 4669 3291 4749 signiﬁcat
3324 4686 3339 4731 :
3376 4685 3484 4748 pro
3538 4666 3613 4728 iis
3645 4683 3779 4745 qua;

409 4769 607 4831 futura
633 4773 771 4827 sunt
797 4767 858 4828 in
879 4764 1220 4834 novissimis
1252 4765 1465 4827 diebus
1507 4776 1571 4828 ut
1603 4768 1746 4828 ﬁant
1792 4786 1827 4830 a
1858 4769 2131 4846 Domino,
2187 4767 2450 4850 psalmus
2501 4764 2719 4829 cantici
2769 4765 2947 4845 hujus
3004 4763 3223 4825 dicitur
3282 4763 3505 4842 David,
3538 4761 3652 4823 hoc
3687 4767 3777 4821 est

405 4879 596 4926 manu
626 4860 799 4940 forti,
833 4859 1024 4940 qualis
1048 4871 1143 4922 est
1166 4859 1450 4922 Dominus
1481 4862 1640 4924 Deus
1669 4868 1900 4923 noster.

485 4957 546 5019 1.
592 4954 676 5018 Te
726 4953 898 5016 decet
929 4955 1204 5035 hymnus,
1257 4953 1415 5017 Deus
1471 4955 1533 5018 in
1563 4954 1744 5018 corde
1773 4954 2044 5018 sitienti:

2216 4955 2273 5016 1.
2321 4955 2411 5010 Σοὶ
2440 4952 2628 5033 πρέπει
2657 4951 2844 5032 ὕμνος,
2877 4953 3030 5026 Θεὸς,
3084 4951 3140 5007 ἐν
3197 4947 3381 5029 καρδίᾳ
3423 4947 3636 5024 διψώσῃ
3667 4945 3770 5022 (81.

405 5045 557 5111 Sion
590 5045 748 5106 enim
780 5042 1206 5126 interpretatur
1235 5045 1471 5111 sitiens.

1412 5065 1471 5111 ω,
2135 5043 2271 5101 Σιὼν
2301 5044 2401 5121 γὰρ
2433 5041 2773 5120 ἐρμῆνεύεται
2803 5038 3033 5116 διψῶσα.

1431 5225 1732 5294 Addenda
1762 5231 1827 5295 et
1852 5222 2227 5306 corrigenda
2254 5237 2335 5289 ex
2365 5220 2508 5287 cod.
2537 5219 2739 5287 Vatic.

625 5407 986 5479 Λαλήσουσιν,
2208 5409 2290 5488 (ᾧ)
2337 5403 2661 5488 ΪἈνθρωτξος
2709 5400 2941 5488 έκετχτξς.

626 5477 774 5566 Πρὸς
792 5493 979 5554 αὐτοὺς
1021 5493 1050 5547 6
1080 5492 1347 5571 ἅνθρωπος
1383 5487 1526 5570 ἔχων
1549 5490 1732 5570 χάριν,
1762 5498 1906 5552 θιοη
2334 5483 2406 5571 ³Ηῇ
2431 5477 2520 5571 Sta
2535 5484 2632 5558 τῇς
2662 5477 3017 5559 κινναϐάρεως
3047 5499 3168 5556 περ.

498 5491 580 5648 (εἰ
626 5493 761 5566 Πρὸς
792 5493 979 5554 αὐτοὺς
1021 5493 1050 5547 6
1080 5492 1347 5571 ἅνθρωπος
1383 5491 1526 5570 ἔχων
1549 5491 1732 5570 χάριν,
1762 5498 1906 5552 etc..
2207 5491 2293 5560 (ὃ)
2334 5491 2398 5540 Ἦ
2431 5491 2516 5540 διὰ
2535 5491 2609 5558 τῇ.

629 5573 804 5642 Αὐτῷ.
2351 5566 2609 5648 Γίνεσθαι.

488 5645 577 5727 (4)
620 5648 802 5726 Εἶναι,
839 5652 1029 5716 deest.

2212 5645 2295 5718 (8)
2345 5645 2570 5720 Διῴώσῃ
2599 5663 2678 5700 σε.
