  <div class='ocr_page' id='page_1' title='image "/cluster/home/n/w/nwhite01/storage/ocr_20150623/27/hvd.32044054272802/473.png"; bbox 0 0 4104 6206; ppageno 0'>
   <div class='ocr_carea' id='block_1_1' title="bbox 440 329 3838 429">
    <p class='ocr_par' dir='ltr' id='par_1_1' title="bbox 440 329 3838 429">
     <span class='ocr_line' id='line_1_1' title="bbox 440 329 3838 429; baseline -0.001 -3"><span class='ocrx_word' id='word_1_1' title='bbox 440 347 559 428; x_wconf 76' lang='lat' dir='ltr'><strong>sis</strong></span> <span class='ocrx_word' id='word_1_2' title='bbox 1258 365 1322 427; x_wconf 80' lang='grc' dir='ltr'>ε.</span> <span class='ocrx_word' id='word_1_3' title='bbox 1370 363 1790 429; x_wconf 80' lang='lat' dir='ltr'><strong>ATHANASII</strong></span> <span class='ocrx_word' id='word_1_4' title='bbox 1834 365 1998 428; x_wconf 76' lang='lat' dir='ltr'><strong>opp.</strong></span> <span class='ocrx_word' id='word_1_5' title='bbox 2048 363 2243 426; x_wconf 78' lang='lat' dir='ltr'><strong>PARS</strong></span> <span class='ocrx_word' id='word_1_6' title='bbox 2286 365 2397 426; x_wconf 89' lang='lat' dir='ltr'><strong>III.</strong></span> <span class='ocrx_word' id='word_1_7' title='bbox 2445 397 2524 408; x_wconf 93' lang='lat'><strong><em>—</em></strong></span> <span class='ocrx_word' id='word_1_8' title='bbox 2567 360 3027 427; x_wconf 82' lang='lat' dir='ltr'><strong>EXEGETICA.</strong></span> <span class='ocrx_word' id='word_1_9' title='bbox 3715 329 3838 427; x_wconf 72' lang='lat' dir='ltr'><strong>sto</strong></span> 
     </span>
    </p>
   </div>
   <div class='ocr_carea' id='block_1_2' title="bbox 516 493 2137 577">
    <p class='ocr_par' dir='ltr' id='par_1_2' title="bbox 516 493 2137 577">
     <span class='ocr_line' id='line_1_2' title="bbox 516 493 2137 577; baseline -0.004 -19"><span class='ocrx_word' id='word_1_10' title='bbox 516 494 617 561; x_wconf 87' lang='lat'><strong>30.</strong></span> <span class='ocrx_word' id='word_1_11' title='bbox 673 493 747 558; x_wconf 84' lang='lat' dir='ltr'><strong>Et</strong></span> <span class='ocrx_word' id='word_1_12' title='bbox 832 495 1160 575; x_wconf 75' lang='lat' dir='ltr'><strong>posteriora</strong></span> <span class='ocrx_word' id='word_1_13' title='bbox 1251 494 1416 558; x_wconf 81' lang='lat' dir='ltr'><strong>dorsi</strong></span> <span class='ocrx_word' id='word_1_14' title='bbox 1525 497 1657 576; x_wconf 85' lang='lat' dir='ltr'><strong>ejus</strong></span> <span class='ocrx_word' id='word_1_15' title='bbox 1739 495 1801 558; x_wconf 92' lang='lat' dir='ltr'><strong>in</strong></span> <span class='ocrx_word' id='word_1_16' title='bbox 1877 494 2137 577; x_wconf 63' lang='lat' dir='ltr'><strong>pallore.</strong></span> 
     </span>
    </p>
   </div>
   <div class='ocr_carea' id='block_1_3' title="bbox 2213 493 3834 577">
    <p class='ocr_par' dir='ltr' id='par_1_3' title="bbox 2270 493 3834 576">
     <span class='ocr_line' id='line_1_3' title="bbox 2270 493 3834 576; baseline -0.003 -20"><span class='ocrx_word' id='word_1_17' title='bbox 2270 493 2371 559; x_wconf 86' lang='lat'><strong>30.</strong></span> <span class='ocrx_word' id='word_1_18' title='bbox 2403 497 2502 556; x_wconf 76' lang='grc' dir='ltr'><strong>Καὶ</strong></span> <span class='ocrx_word' id='word_1_19' title='bbox 2530 497 2596 554; x_wconf 73' lang='grc' dir='ltr'><strong>τὰ</strong></span> <span class='ocrx_word' id='word_1_20' title='bbox 2638 497 2939 575; x_wconf 74' lang='grc' dir='ltr'><strong>μετάφρενα</strong></span> <span class='ocrx_word' id='word_1_21' title='bbox 2996 493 3159 563; x_wconf 78' lang='grc' dir='ltr'>αὸτῆς</span> <span class='ocrx_word' id='word_1_22' title='bbox 3207 497 3262 552; x_wconf 64' lang='grc' dir='ltr'><strong>εν</strong></span> <span class='ocrx_word' id='word_1_23' title='bbox 3312 494 3625 576; x_wconf 76' lang='grc' dir='ltr'>χλωρότητι</span> <span class='ocrx_word' id='word_1_24' title='bbox 3688 517 3834 576; x_wconf 83' lang='grc' dir='ltr'>χρυ-</span> 
     </span>
    </p>
   </div>
   <div class='ocr_carea' id='block_1_4' title="bbox 438 584 2059 649">
    <p class='ocr_par' dir='ltr' id='par_1_4' title="bbox 438 584 598 649">
     <span class='ocr_line' id='line_1_4' title="bbox 438 584 598 649; baseline -0.013 0"><span class='ocrx_word' id='word_1_25' title='bbox 438 584 571 649; x_wconf 88' lang='lat' dir='ltr'><strong>auri</strong></span> <span class='ocrx_word' id='word_1_26' title='bbox 585 633 598 647; x_wconf 93' lang='lat'><strong>.</strong></span> 
     </span>
    </p>
   </div>
   <div class='ocr_carea' id='block_1_5' title="bbox 703 584 2324 649">
    <p class='ocr_par' dir='ltr' id='par_1_5' title="bbox 2187 587 2324 646">
     <span class='ocr_line' id='line_1_5' title="bbox 2187 587 2324 646; baseline 0.007 -7"><span class='ocrx_word' id='word_1_27' title='bbox 2187 587 2299 641; x_wconf 98' lang='grc' dir='ltr'>σίου</span> <span class='ocrx_word' id='word_1_28' title='bbox 2310 632 2324 646; x_wconf 89' lang='grc'><strong>.</strong></span> 
     </span>
    </p>
   </div>
   <div class='ocr_carea' id='block_1_6' title="bbox 521 671 2142 755">
    <p class='ocr_par' dir='ltr' id='par_1_6' title="bbox 521 671 2103 755">
     <span class='ocr_line' id='line_1_6' title="bbox 521 671 2103 755; baseline -0.001 -17"><span class='ocrx_word' id='word_1_29' title='bbox 521 671 619 738; x_wconf 84' lang='grc'><strong>31.</strong></span> <span class='ocrx_word' id='word_1_30' title='bbox 694 673 847 736; x_wconf 85' lang='lat' dir='ltr'><strong>Dum</strong></span> <span class='ocrx_word' id='word_1_31' title='bbox 935 671 1230 736; x_wconf 79' lang='lat' dir='ltr'><strong>discernit</strong></span> <span class='ocrx_word' id='word_1_32' title='bbox 1315 673 1579 738; x_wconf 69' lang='lat' dir='ltr'><strong>caelestis</strong></span> <span class='ocrx_word' id='word_1_33' title='bbox 1663 692 1839 755; x_wconf 84' lang='lat' dir='ltr'><strong>reges</strong></span> <span class='ocrx_word' id='word_1_34' title='bbox 1921 693 2103 755; x_wconf 82' lang='lat' dir='ltr'><strong>super</strong></span> 
     </span>
    </p>
   </div>
   <div class='ocr_carea' id='block_1_7' title="bbox 2215 671 3836 755">
    <p class='ocr_par' dir='ltr' id='par_1_7' title="bbox 2265 671 3836 755">
     <span class='ocr_line' id='line_1_7' title="bbox 2265 671 3836 755; baseline -0.002 -20"><span class='ocrx_word' id='word_1_35' title='bbox 2265 671 2366 738; x_wconf 81' lang='grc'><strong>31.</strong></span> <span class='ocrx_word' id='word_1_36' title='bbox 2403 676 2494 733; x_wconf 83' lang='grc' dir='ltr'><strong>Ἐν</strong></span> <span class='ocrx_word' id='word_1_37' title='bbox 2524 682 2600 749; x_wconf 83' lang='grc' dir='ltr'>τῷ</span> <span class='ocrx_word' id='word_1_38' title='bbox 2650 673 2976 733; x_wconf 74' lang='grc' dir='ltr'><strong>διαστέλλειν</strong></span> <span class='ocrx_word' id='word_1_39' title='bbox 3008 678 3100 733; x_wconf 89' lang='grc' dir='ltr'><strong>τὸν</strong></span> <span class='ocrx_word' id='word_1_40' title='bbox 3131 674 3440 755; x_wconf 70' lang='grc' dir='ltr'><strong>ἐπουράνιον</strong></span> <span class='ocrx_word' id='word_1_41' title='bbox 3470 674 3721 753; x_wconf 79' lang='grc' dir='ltr'>βασιλεῖς</span> <span class='ocrx_word' id='word_1_42' title='bbox 3751 672 3836 732; x_wconf 67' lang='grc' dir='ltr'>ἃττ’</span> 
     </span>
    </p>
   </div>
   <div class='ocr_carea' id='block_1_8' title="bbox 440 765 2061 837">
    <p class='ocr_par' dir='ltr' id='par_1_8' title="bbox 440 781 596 837">
     <span class='ocr_line' id='line_1_8' title="bbox 440 781 596 837; baseline -0.026 -9"><span class='ocrx_word' id='word_1_43' title='bbox 440 781 596 837; x_wconf 75' lang='lat' dir='ltr'><strong>eam,</strong></span> 
     </span>
    </p>
   </div>
   <div class='ocr_carea' id='block_1_9' title="bbox 760 765 2381 837">
    <p class='ocr_par' dir='ltr' id='par_1_9' title="bbox 2194 765 2381 830">
     <span class='ocr_line' id='line_1_9' title="bbox 2194 765 2381 830; baseline 0.016 -11"><span class='ocrx_word' id='word_1_44' title='bbox 2194 765 2381 830; x_wconf 72' lang='grc' dir='ltr'>αὐτῆς.</span> 
     </span>
    </p>
   </div>
   <div class='ocr_carea' id='block_1_10' title="bbox 521 848 2142 929">
    <p class='ocr_par' dir='ltr' id='par_1_10' title="bbox 521 848 1693 918">
     <span class='ocr_line' id='line_1_10' title="bbox 521 848 1693 918; baseline 0.003 -6"><span class='ocrx_word' id='word_1_45' title='bbox 521 849 624 916; x_wconf 67' lang='grc'><strong>32.</strong></span> <span class='ocrx_word' id='word_1_46' title='bbox 656 848 799 913; x_wconf 82' lang='lat' dir='ltr'><strong>Nive</strong></span> <span class='ocrx_word' id='word_1_47' title='bbox 825 849 1265 914; x_wconf 89' lang='lat' dir='ltr'><strong>dealbabuntur</strong></span> <span class='ocrx_word' id='word_1_48' title='bbox 1309 852 1371 916; x_wconf 86' lang='lat' dir='ltr'><strong>in</strong></span> <span class='ocrx_word' id='word_1_49' title='bbox 1425 852 1693 918; x_wconf 86' lang='lat' dir='ltr'><strong>Selmon.</strong></span> 
     </span>
    </p>
   </div>
   <div class='ocr_carea' id='block_1_11' title="bbox 1601 848 3222 929">
    <p class='ocr_par' dir='ltr' id='par_1_11' title="bbox 1601 851 3222 929">
     <span class='ocr_line' id='line_1_11' title="bbox 1601 851 3222 929; baseline -0.002 -14"><span class='ocrx_word' id='word_1_50' title='bbox 1601 872 1693 916; x_wconf 87' lang='lat' dir='ltr'><strong>on.</strong></span> <span class='ocrx_word' id='word_1_51' title='bbox 2269 851 2374 915; x_wconf 79' lang='lat'><strong>3&#39;2.</strong></span> <span class='ocrx_word' id='word_1_52' title='bbox 2408 856 2834 924; x_wconf 78' lang='grc' dir='ltr'>Χιονωθήσονται</span> <span class='ocrx_word' id='word_1_53' title='bbox 2880 853 2933 911; x_wconf 76' lang='grc' dir='ltr'>ἓν</span> <span class='ocrx_word' id='word_1_54' title='bbox 2965 854 3189 929; x_wconf 82' lang='grc' dir='ltr'>Σελμὼν</span> <span class='ocrx_word' id='word_1_55' title='bbox 3210 902 3222 915; x_wconf 93' lang='grc'><strong>.</strong></span> 
     </span>
    </p>
   </div>
   <div class='ocr_carea' id='block_1_12' title="bbox 520 938 2141 1023">
    <p class='ocr_par' dir='ltr' id='par_1_12' title="bbox 520 938 1514 1022">
     <span class='ocr_line' id='line_1_12' title="bbox 520 938 1514 1022; baseline 0.003 -18"><span class='ocrx_word' id='word_1_56' title='bbox 520 939 621 1005; x_wconf 89' lang='lat'><strong>33.</strong></span> <span class='ocrx_word' id='word_1_57' title='bbox 653 938 822 1002; x_wconf 81' lang='lat' dir='ltr'><strong>Mons</strong></span> <span class='ocrx_word' id='word_1_58' title='bbox 855 940 996 1014; x_wconf 88' lang='lat' dir='ltr'><strong>Dei,</strong></span> <span class='ocrx_word' id='word_1_59' title='bbox 1031 959 1202 1001; x_wconf 92' lang='lat' dir='ltr'><strong>mons</strong></span> <span class='ocrx_word' id='word_1_60' title='bbox 1235 945 1514 1022; x_wconf 80' lang='lat' dir='ltr'><strong>pinguis:</strong></span> 
     </span>
    </p>
   </div>
   <div class='ocr_carea' id='block_1_13' title="bbox 1610 938 3231 1023">
    <p class='ocr_par' dir='ltr' id='par_1_13' title="bbox 2268 939 3231 1023">
     <span class='ocr_line' id='line_1_13' title="bbox 2268 939 3231 1023; baseline -0.006 -18"><span class='ocrx_word' id='word_1_61' title='bbox 2268 939 2370 1005; x_wconf 86' lang='lat'><strong>33.</strong></span> <span class='ocrx_word' id='word_1_62' title='bbox 2407 939 2575 1023; x_wconf 82' lang='grc' dir='ltr'>’Ὄρος</span> <span class='ocrx_word' id='word_1_63' title='bbox 2611 951 2703 1002; x_wconf 82' lang='grc' dir='ltr'>τοῦ</span> <span class='ocrx_word' id='word_1_64' title='bbox 2748 952 2880 1002; x_wconf 78' lang='grc' dir='ltr'>Θεοῦ</span> <span class='ocrx_word' id='word_1_65' title='bbox 2927 942 3048 1022; x_wconf 84' lang='grc' dir='ltr'>ὅρος</span> <span class='ocrx_word' id='word_1_66' title='bbox 3079 957 3231 1001; x_wconf 71' lang='grc' dir='ltr'>πῖον·</span> 
     </span>
    </p>
   </div>
   <div class='ocr_carea' id='block_1_14' title="bbox 521 1027 2142 1113">
    <p class='ocr_par' dir='ltr' id='par_1_14' title="bbox 521 1027 1736 1113">
     <span class='ocr_line' id='line_1_14' title="bbox 521 1027 1736 1113; baseline 0.003 -22"><span class='ocrx_word' id='word_1_67' title='bbox 521 1028 622 1093; x_wconf 67' lang='grc'><strong>34.</strong></span> <span class='ocrx_word' id='word_1_68' title='bbox 657 1027 829 1091; x_wconf 76' lang='lat' dir='ltr'><strong>Mons</strong></span> <span class='ocrx_word' id='word_1_69' title='bbox 855 1029 1220 1109; x_wconf 85' lang='lat' dir='ltr'><strong>coagulatus,</strong></span> <span class='ocrx_word' id='word_1_70' title='bbox 1257 1051 1428 1094; x_wconf 91' lang='lat' dir='ltr'><strong>mons</strong></span> <span class='ocrx_word' id='word_1_71' title='bbox 1459 1032 1696 1113; x_wconf 83' lang='lat' dir='ltr'><strong>pinguis</strong></span> <span class='ocrx_word' id='word_1_72' title='bbox 1723 1055 1736 1096; x_wconf 90' lang='lat'>:</span> 
     </span>
    </p>
   </div>
   <div class='ocr_carea' id='block_1_15' title="bbox 1689 1027 3310 1113">
    <p class='ocr_par' dir='ltr' id='par_1_15' title="bbox 1689 1029 3310 1112">
     <span class='ocr_line' id='line_1_15' title="bbox 1689 1029 3310 1112; baseline -0.001 -19"><span class='ocrx_word' id='word_1_73' title='bbox 1689 1054 1696 1093; x_wconf 91' lang='lat' dir='ltr'>I</span> <span class='ocrx_word' id='word_1_74' title='bbox 1723 1055 1736 1096; x_wconf 74' lang='grc' dir='ltr'>ζ</span> <span class='ocrx_word' id='word_1_75' title='bbox 2274 1029 2374 1094; x_wconf 86' lang='grc'><strong>34.</strong></span> <span class='ocrx_word' id='word_1_76' title='bbox 2404 1031 2579 1112; x_wconf 77' lang='grc' dir='ltr'>’Ὄρος</span> <span class='ocrx_word' id='word_1_77' title='bbox 2611 1031 2976 1112; x_wconf 82' lang='grc' dir='ltr'>τετυρωμένον</span> <span class='ocrx_word' id='word_1_78' title='bbox 3009 1033 3128 1111; x_wconf 81' lang='grc' dir='ltr'>ὅρος</span> <span class='ocrx_word' id='word_1_79' title='bbox 3157 1045 3310 1092; x_wconf 75' lang='grc' dir='ltr'>πῖον.</span> 
     </span>
    </p>
   </div>
   <div class='ocr_carea' id='block_1_16' title="bbox 524 1117 2145 1204">
    <p class='ocr_par' dir='ltr' id='par_1_16' title="bbox 524 1117 1986 1202">
     <span class='ocr_line' id='line_1_16' title="bbox 524 1117 1986 1202; baseline -0.001 -18"><span class='ocrx_word' id='word_1_80' title='bbox 524 1118 624 1184; x_wconf 89' lang='grc'><strong>35.</strong></span> <span class='ocrx_word' id='word_1_81' title='bbox 657 1117 872 1200; x_wconf 87' lang='lat' dir='ltr'><strong>thuid</strong></span> <span class='ocrx_word' id='word_1_82' title='bbox 904 1119 1297 1200; x_wconf 85' lang='lat' dir='ltr'><strong>suspieamini</strong></span> <span class='ocrx_word' id='word_1_83' title='bbox 1331 1131 1562 1184; x_wconf 91' lang='lat' dir='ltr'><strong>montes</strong></span> <span class='ocrx_word' id='word_1_84' title='bbox 1593 1123 1933 1202; x_wconf 86' lang='lat' dir='ltr'><strong>coagulatos</strong></span> <span class='ocrx_word' id='word_1_85' title='bbox 1956 1123 1986 1182; x_wconf 87' lang='lat'><strong>?</strong></span> 
     </span>
    </p>
   </div>
   <div class='ocr_carea' id='block_1_17' title="bbox 1948 1117 3569 1204">
    <p class='ocr_par' dir='ltr' id='par_1_17' title="bbox 1956 1119 3569 1204">
     <span class='ocr_line' id='line_1_17' title="bbox 1956 1119 3569 1204; baseline -0.002 -22"><span class='ocrx_word' id='word_1_86' title='bbox 1956 1123 1986 1182; x_wconf 83' lang='lat'><strong>?</strong></span> <span class='ocrx_word' id='word_1_87' title='bbox 2272 1119 2370 1184; x_wconf 80' lang='grc'><strong>35.</strong></span> <span class='ocrx_word' id='word_1_88' title='bbox 2407 1120 2533 1179; x_wconf 79' lang='grc' dir='ltr'>’Ἵνα</span> <span class='ocrx_word' id='word_1_89' title='bbox 2555 1123 2606 1178; x_wconf 83' lang='grc' dir='ltr'><strong>τί</strong></span> <span class='ocrx_word' id='word_1_90' title='bbox 2625 1121 3029 1198; x_wconf 77' lang='grc' dir='ltr'>ὑπολαμϐάνετε</span> <span class='ocrx_word' id='word_1_91' title='bbox 3061 1122 3160 1202; x_wconf 82' lang='grc' dir='ltr'><strong>ὅρη</strong></span> <span class='ocrx_word' id='word_1_92' title='bbox 3192 1123 3569 1204; x_wconf 80' lang='grc' dir='ltr'>τετυρωμένα;</span> 
     </span>
    </p>
   </div>
   <div class='ocr_carea' id='block_1_18' title="bbox 521 1207 2142 1291">
    <p class='ocr_par' dir='ltr' id='par_1_18' title="bbox 521 1207 2103 1291">
     <span class='ocr_line' id='line_1_18' title="bbox 521 1207 2103 1291; baseline 0.001 -21"><span class='ocrx_word' id='word_1_93' title='bbox 521 1209 623 1274; x_wconf 89' lang='grc'><strong>36.</strong></span> <span class='ocrx_word' id='word_1_94' title='bbox 656 1207 846 1284; x_wconf 75' lang='lat' dir='ltr'><strong>Mons,</strong></span> <span class='ocrx_word' id='word_1_95' title='bbox 883 1208 946 1270; x_wconf 92' lang='lat' dir='ltr'><strong>in</strong></span> <span class='ocrx_word' id='word_1_96' title='bbox 979 1227 1095 1290; x_wconf 92' lang='lat' dir='ltr'><strong>quo</strong></span> <span class='ocrx_word' id='word_1_97' title='bbox 1123 1208 1572 1291; x_wconf 88' lang='lat' dir='ltr'><strong>beneplacitum</strong></span> <span class='ocrx_word' id='word_1_98' title='bbox 1627 1219 1718 1273; x_wconf 90' lang='lat' dir='ltr'><strong>est</strong></span> <span class='ocrx_word' id='word_1_99' title='bbox 1773 1212 1896 1276; x_wconf 93' lang='lat' dir='ltr'><strong>Deo</strong></span> <span class='ocrx_word' id='word_1_100' title='bbox 1929 1211 2103 1274; x_wconf 90' lang='lat' dir='ltr'><strong>habi-</strong></span> 
     </span>
    </p>
   </div>
   <div class='ocr_carea' id='block_1_19' title="bbox 2220 1207 3841 1291">
    <p class='ocr_par' dir='ltr' id='par_1_19' title="bbox 2275 1209 3841 1291">
     <span class='ocr_line' id='line_1_19' title="bbox 2275 1209 3841 1291; baseline -0.003 -19"><span class='ocrx_word' id='word_1_101' title='bbox 2275 1209 2374 1272; x_wconf 80' lang='grc'><strong>36.</strong></span> <span class='ocrx_word' id='word_1_102' title='bbox 2409 1213 2479 1268; x_wconf 82' lang='grc' dir='ltr'>Τὸ</span> <span class='ocrx_word' id='word_1_103' title='bbox 2535 1211 2681 1291; x_wconf 78' lang='grc' dir='ltr'>ὅρος,</span> <span class='ocrx_word' id='word_1_104' title='bbox 2731 1211 2759 1268; x_wconf 80' lang='grc' dir='ltr'>δ</span> <span class='ocrx_word' id='word_1_105' title='bbox 2804 1210 3093 1280; x_wconf 67' lang='grc' dir='ltr'>εὐδόκησεν</span> <span class='ocrx_word' id='word_1_106' title='bbox 3149 1216 3177 1269; x_wconf 87' lang='grc' dir='ltr'><strong>ὁ</strong></span> <span class='ocrx_word' id='word_1_107' title='bbox 3239 1215 3365 1278; x_wconf 84' lang='grc' dir='ltr'>Θεὸς</span> <span class='ocrx_word' id='word_1_108' title='bbox 3433 1227 3715 1271; x_wconf 71' lang='grc' dir='ltr'>κατοικεῖν</span> <span class='ocrx_word' id='word_1_109' title='bbox 3787 1214 3841 1271; x_wconf 70' lang='grc' dir='ltr'>ι.</span> 
     </span>
    </p>
   </div>
   <div class='ocr_carea' id='block_1_20' title="bbox 444 1298 2065 1372">
    <p class='ocr_par' dir='ltr' id='par_1_20' title="bbox 444 1298 826 1364">
     <span class='ocr_line' id='line_1_20' title="bbox 444 1298 826 1364; baseline -0.005 0"><span class='ocrx_word' id='word_1_110' title='bbox 444 1304 574 1364; x_wconf 76' lang='lat' dir='ltr'><strong>tare</strong></span> <span class='ocrx_word' id='word_1_111' title='bbox 603 1298 664 1360; x_wconf 94' lang='lat' dir='ltr'><strong>in</strong></span> <span class='ocrx_word' id='word_1_112' title='bbox 697 1317 768 1360; x_wconf 94' lang='lat' dir='ltr'><strong>eo</strong></span> <span class='ocrx_word' id='word_1_113' title='bbox 811 1320 826 1362; x_wconf 88' lang='lat'>:</span> 
     </span>
    </p>
   </div>
   <div class='ocr_carea' id='block_1_21' title="bbox 732 1298 2353 1372">
    <p class='ocr_par' dir='ltr' id='par_1_21' title="bbox 734 1300 2353 1372">
     <span class='ocr_line' id='line_1_21' title="bbox 734 1300 2353 1372; baseline -0.017 8"><span class='ocrx_word' id='word_1_114' title='bbox 734 1318 768 1360; x_wconf 86' lang='grc' dir='ltr'>ο</span> <span class='ocrx_word' id='word_1_115' title='bbox 811 1320 826 1362; x_wconf 67' lang='grc' dir='ltr'><strong>ἶ</strong></span> <span class='ocrx_word' id='word_1_116' title='bbox 2191 1300 2353 1372; x_wconf 65' lang='grc' dir='ltr'>αὐτῷ·</span> 
     </span>
    </p>
   </div>
   <div class='ocr_carea' id='block_1_22' title="bbox 526 1385 2147 1468">
    <p class='ocr_par' dir='ltr' id='par_1_22' title="bbox 526 1387 1870 1456">
     <span class='ocr_line' id='line_1_22' title="bbox 526 1387 1870 1456; baseline -0.001 -2"><span class='ocrx_word' id='word_1_117' title='bbox 526 1388 626 1456; x_wconf 88' lang='lat'><strong>37.</strong></span> <span class='ocrx_word' id='word_1_118' title='bbox 658 1387 890 1451; x_wconf 92' lang='lat' dir='ltr'><strong>Etenim</strong></span> <span class='ocrx_word' id='word_1_119' title='bbox 921 1388 1209 1452; x_wconf 81' lang='lat' dir='ltr'><strong>Dominus</strong></span> <span class='ocrx_word' id='word_1_120' title='bbox 1242 1389 1538 1454; x_wconf 80' lang='lat' dir='ltr'><strong>habitabit</strong></span> <span class='ocrx_word' id='word_1_121' title='bbox 1571 1391 1632 1452; x_wconf 90' lang='lat' dir='ltr'><strong>in</strong></span> <span class='ocrx_word' id='word_1_122' title='bbox 1665 1390 1870 1452; x_wconf 81' lang='lat' dir='ltr'><strong>finem.</strong></span> 
     </span>
    </p>
   </div>
   <div class='ocr_carea' id='block_1_23' title="bbox 2068 1385 3689 1468">
    <p class='ocr_par' dir='ltr' id='par_1_23' title="bbox 2266 1385 3689 1468">
     <span class='ocr_line' id='line_1_23' title="bbox 2266 1385 3689 1468; baseline 0.001 -21"><span class='ocrx_word' id='word_1_123' title='bbox 2266 1385 2366 1451; x_wconf 85' lang='lat'><strong>37.</strong></span> <span class='ocrx_word' id='word_1_124' title='bbox 2401 1386 2507 1449; x_wconf 81' lang='grc' dir='ltr'><strong>Καὶ</strong></span> <span class='ocrx_word' id='word_1_125' title='bbox 2533 1390 2633 1468; x_wconf 82' lang='grc' dir='ltr'><strong>γὰρ</strong></span> <span class='ocrx_word' id='word_1_126' title='bbox 2669 1393 2696 1447; x_wconf 83' lang='grc' dir='ltr'>ὁ</span> <span class='ocrx_word' id='word_1_127' title='bbox 2733 1391 2919 1468; x_wconf 82' lang='grc' dir='ltr'>Κύριος</span> <span class='ocrx_word' id='word_1_128' title='bbox 2963 1393 3370 1457; x_wconf 77' lang='grc' dir='ltr'>κατασκηνὼσει</span> <span class='ocrx_word' id='word_1_129' title='bbox 3403 1392 3476 1454; x_wconf 81' lang='grc' dir='ltr'><strong>είς</strong></span> <span class='ocrx_word' id='word_1_130' title='bbox 3511 1389 3689 1455; x_wconf 86' lang='grc' dir='ltr'>τέλος,</span> 
     </span>
    </p>
   </div>
   <div class='ocr_carea' id='block_1_24' title="bbox 526 1474 2147 1561">
    <p class='ocr_par' dir='ltr' id='par_1_24' title="bbox 526 1479 1942 1561">
     <span class='ocr_line' id='line_1_24' title="bbox 526 1479 1942 1561; baseline -0.001 -19"><span class='ocrx_word' id='word_1_131' title='bbox 526 1479 626 1542; x_wconf 85' lang='grc'><strong>38.</strong></span> <span class='ocrx_word' id='word_1_132' title='bbox 662 1482 883 1543; x_wconf 90' lang='lat' dir='ltr'><strong>Currus</strong></span> <span class='ocrx_word' id='word_1_133' title='bbox 910 1479 1018 1541; x_wconf 89' lang='lat' dir='ltr'><strong>Dei</strong></span> <span class='ocrx_word' id='word_1_134' title='bbox 1051 1480 1259 1540; x_wconf 87' lang='lat' dir='ltr'><strong>decem</strong></span> <span class='ocrx_word' id='word_1_135' title='bbox 1298 1479 1564 1543; x_wconf 79' lang='lat' dir='ltr'><strong>millibus</strong></span> <span class='ocrx_word' id='word_1_136' title='bbox 1601 1481 1942 1561; x_wconf 74' lang='lat' dir='ltr'><strong>multiplex.</strong></span> 
     </span>
    </p>
   </div>
   <div class='ocr_carea' id='block_1_25' title="bbox 1762 1474 3383 1561">
    <p class='ocr_par' dir='ltr' id='par_1_25' title="bbox 1762 1474 3383 1561">
     <span class='ocr_line' id='line_1_25' title="bbox 1762 1474 3383 1561; baseline -0.002 -23"><span class='ocrx_word' id='word_1_137' title='bbox 1762 1481 1942 1561; x_wconf 81' lang='lat' dir='ltr'><strong>iplex.</strong></span> <span class='ocrx_word' id='word_1_138' title='bbox 2268 1474 2365 1539; x_wconf 83' lang='lat'><strong>38.</strong></span> <span class='ocrx_word' id='word_1_139' title='bbox 2402 1479 2474 1535; x_wconf 88' lang='grc' dir='ltr'>Τὸ</span> <span class='ocrx_word' id='word_1_140' title='bbox 2504 1478 2648 1554; x_wconf 78' lang='grc' dir='ltr'>ἅρμα</span> <span class='ocrx_word' id='word_1_141' title='bbox 2679 1487 2771 1537; x_wconf 82' lang='grc' dir='ltr'><strong>τοῦ</strong></span> <span class='ocrx_word' id='word_1_142' title='bbox 2805 1483 2934 1537; x_wconf 86' lang='grc' dir='ltr'>Θεοῦ</span> <span class='ocrx_word' id='word_1_143' title='bbox 2969 1479 3383 1559; x_wconf 76' lang='grc' dir='ltr'>μυριοπλάσιον·</span> 
     </span>
    </p>
   </div>
   <div class='ocr_carea' id='block_1_26' title="bbox 526 1565 2147 1637">
    <p class='ocr_par' dir='ltr' id='par_1_26' title="bbox 526 1568 1346 1632">
     <span class='ocr_line' id='line_1_26' title="bbox 526 1568 1346 1632; baseline 0.002 -2"><span class='ocrx_word' id='word_1_144' title='bbox 526 1569 629 1631; x_wconf 88' lang='lat'><strong>39.</strong></span> <span class='ocrx_word' id='word_1_145' title='bbox 657 1569 842 1632; x_wconf 86' lang='lat' dir='ltr'><strong>Millia</strong></span> <span class='ocrx_word' id='word_1_146' title='bbox 867 1568 1297 1630; x_wconf 76' lang='lat' dir='ltr'><strong>abundantiam</strong></span> <span class='ocrx_word' id='word_1_147' title='bbox 1332 1590 1346 1632; x_wconf 90' lang='lat'>:</span> 
     </span>
    </p>
   </div>
   <div class='ocr_carea' id='block_1_27' title="bbox 1419 1565 3040 1637">
    <p class='ocr_par' dir='ltr' id='par_1_27' title="bbox 2268 1565 3040 1637">
     <span class='ocr_line' id='line_1_27' title="bbox 2268 1565 3040 1637; baseline 0.001 -12"><span class='ocrx_word' id='word_1_148' title='bbox 2268 1565 2370 1629; x_wconf 86' lang='lat'><strong>39.</strong></span> <span class='ocrx_word' id='word_1_149' title='bbox 2406 1567 2650 1630; x_wconf 78' lang='grc' dir='ltr'>Χιλιάδες</span> <span class='ocrx_word' id='word_1_150' title='bbox 2681 1568 3040 1637; x_wconf 71' lang='grc' dir='ltr'>εὒθηνούντων</span> 
     </span>
    </p>
   </div>
   <div class='ocr_carea' id='block_1_28' title="bbox 532 1653 2153 1738">
    <p class='ocr_par' dir='ltr' id='par_1_28' title="bbox 532 1657 1780 1723">
     <span class='ocr_line' id='line_1_28' title="bbox 532 1657 1780 1723; baseline 0 -1"><span class='ocrx_word' id='word_1_151' title='bbox 532 1659 630 1723; x_wconf 91' lang='grc'><strong>40.</strong></span> <span class='ocrx_word' id='word_1_152' title='bbox 662 1657 952 1721; x_wconf 86' lang='lat' dir='ltr'><strong>Dominus</strong></span> <span class='ocrx_word' id='word_1_153' title='bbox 984 1663 1042 1719; x_wconf 92' lang='lat' dir='ltr'><strong>in</strong></span> <span class='ocrx_word' id='word_1_154' title='bbox 1075 1658 1164 1719; x_wconf 89' lang='lat' dir='ltr'><strong>eis</strong></span> <span class='ocrx_word' id='word_1_155' title='bbox 1193 1657 1252 1718; x_wconf 88' lang='lat' dir='ltr'><strong>in</strong></span> <span class='ocrx_word' id='word_1_156' title='bbox 1286 1659 1428 1721; x_wconf 90' lang='lat' dir='ltr'><strong>Sina</strong></span> <span class='ocrx_word' id='word_1_157' title='bbox 1459 1659 1516 1720; x_wconf 93' lang='lat' dir='ltr'><strong>in</strong></span> <span class='ocrx_word' id='word_1_158' title='bbox 1548 1667 1780 1722; x_wconf 88' lang='lat' dir='ltr'><strong>sancto.</strong></span> 
     </span>
    </p>
   </div>
   <div class='ocr_carea' id='block_1_29' title="bbox 1913 1653 3534 1738">
    <p class='ocr_par' dir='ltr' id='par_1_29' title="bbox 2267 1653 3534 1738">
     <span class='ocr_line' id='line_1_29' title="bbox 2267 1653 3534 1738; baseline 0 -24"><span class='ocrx_word' id='word_1_159' title='bbox 2267 1653 2368 1714; x_wconf 86' lang='grc'><strong>40.</strong></span> <span class='ocrx_word' id='word_1_160' title='bbox 2399 1653 2590 1728; x_wconf 73' lang='grc' dir='ltr'>Κύριος</span> <span class='ocrx_word' id='word_1_161' title='bbox 2622 1657 2678 1713; x_wconf 80' lang='grc' dir='ltr'>ὲν</span> <span class='ocrx_word' id='word_1_162' title='bbox 2707 1659 2897 1720; x_wconf 75' lang='grc' dir='ltr'>αὐτοῖς</span> <span class='ocrx_word' id='word_1_163' title='bbox 2921 1660 2976 1714; x_wconf 82' lang='grc' dir='ltr'>ἐν</span> <span class='ocrx_word' id='word_1_164' title='bbox 3019 1665 3150 1715; x_wconf 87' lang='grc' dir='ltr'><strong>Σινᾶ</strong></span> <span class='ocrx_word' id='word_1_165' title='bbox 3178 1681 3231 1716; x_wconf 90' lang='grc' dir='ltr'><strong>εν</strong></span> <span class='ocrx_word' id='word_1_166' title='bbox 3273 1666 3352 1733; x_wconf 80' lang='grc' dir='ltr'>τῷ</span> <span class='ocrx_word' id='word_1_167' title='bbox 3380 1660 3534 1738; x_wconf 77' lang='grc' dir='ltr'><strong>ἁγίῳ,</strong></span> 
     </span>
    </p>
   </div>
   <div class='ocr_carea' id='block_1_30' title="bbox 535 1742 2156 1830">
    <p class='ocr_par' dir='ltr' id='par_1_30' title="bbox 535 1747 2104 1830">
     <span class='ocr_line' id='line_1_30' title="bbox 535 1747 2104 1830; baseline 0.001 -20"><span class='ocrx_word' id='word_1_168' title='bbox 535 1748 637 1810; x_wconf 77' lang='grc'><strong>41.</strong></span> <span class='ocrx_word' id='word_1_169' title='bbox 673 1747 1012 1811; x_wconf 88' lang='lat' dir='ltr'><strong>Ascendisti</strong></span> <span class='ocrx_word' id='word_1_170' title='bbox 1089 1747 1148 1809; x_wconf 92' lang='lat' dir='ltr'><strong>in</strong></span> <span class='ocrx_word' id='word_1_171' title='bbox 1228 1747 1438 1822; x_wconf 88' lang='lat' dir='ltr'><strong>altum,</strong></span> <span class='ocrx_word' id='word_1_172' title='bbox 1507 1749 1715 1829; x_wconf 76' lang='lat' dir='ltr'><strong>cepisti</strong></span> <span class='ocrx_word' id='word_1_173' title='bbox 1797 1749 2104 1830; x_wconf 84' lang='lat' dir='ltr'><strong>captivita-</strong></span> 
     </span>
    </p>
   </div>
   <div class='ocr_carea' id='block_1_31' title="bbox 2221 1742 3842 1830">
    <p class='ocr_par' dir='ltr' id='par_1_31' title="bbox 2266 1742 3842 1828">
     <span class='ocr_line' id='line_1_31' title="bbox 2266 1742 3842 1828; baseline 0.001 -24"><span class='ocrx_word' id='word_1_174' title='bbox 2266 1743 2369 1805; x_wconf 84' lang='grc'><strong>41.</strong></span> <span class='ocrx_word' id='word_1_175' title='bbox 2403 1742 2629 1812; x_wconf 76' lang='grc' dir='ltr'>Ἀνέὅης</span> <span class='ocrx_word' id='word_1_176' title='bbox 2688 1748 2760 1812; x_wconf 82' lang='grc' dir='ltr'><strong>είς</strong></span> <span class='ocrx_word' id='word_1_177' title='bbox 2816 1747 2973 1826; x_wconf 75' lang='grc' dir='ltr'>ὕψος,</span> <span class='ocrx_word' id='word_1_178' title='bbox 3034 1747 3466 1828; x_wconf 69' lang='grc' dir='ltr'>ἠχμαλὼτεδσας</span> <span class='ocrx_word' id='word_1_179' title='bbox 3539 1747 3842 1827; x_wconf 77' lang='grc' dir='ltr'>αἰχμαλω-</span> 
     </span>
    </p>
   </div>
   <div class='ocr_carea' id='block_1_32' title="bbox 451 1834 2324 1902">
    <p class='ocr_par' dir='ltr' id='par_1_32' title="bbox 451 1834 2324 1902">
     <span class='ocr_line' id='line_1_32' title="bbox 451 1834 2324 1902; baseline -0.007 0"><span class='ocrx_word' id='word_1_180' title='bbox 451 1848 570 1902; x_wconf 88' lang='lat' dir='ltr'><strong>tem</strong></span> <span class='ocrx_word' id='word_1_181' title='bbox 600 1859 614 1898; x_wconf 74' lang='grc' dir='ltr'>ε</span> <span class='ocrx_word' id='word_1_182' title='bbox 2126 1840 2162 1890; x_wconf 89' lang='grc' dir='ltr'><strong>Β</strong></span> <span class='ocrx_word' id='word_1_183' title='bbox 2183 1834 2324 1896; x_wconf 87' lang='grc' dir='ltr'>σίαν,</span> 
     </span>
    </p>
   </div>
   <div class='ocr_carea' id='block_1_33' title="bbox 533 1921 2154 2007">
    <p class='ocr_par' dir='ltr' id='par_1_33' title="bbox 533 1924 1672 2007">
     <span class='ocr_line' id='line_1_33' title="bbox 533 1924 1672 2007; baseline -0.004 -16"><span class='ocrx_word' id='word_1_184' title='bbox 533 1927 636 1991; x_wconf 75' lang='grc'><strong>42.</strong></span> <span class='ocrx_word' id='word_1_185' title='bbox 672 1925 977 2007; x_wconf 78' lang='grc' dir='ltr'>Αεερρίειί</span> <span class='ocrx_word' id='word_1_186' title='bbox 1007 1924 1164 1987; x_wconf 89' lang='lat' dir='ltr'><strong>dona</strong></span> <span class='ocrx_word' id='word_1_187' title='bbox 1192 1925 1254 1987; x_wconf 91' lang='lat' dir='ltr'><strong>in</strong></span> <span class='ocrx_word' id='word_1_188' title='bbox 1287 1924 1672 1988; x_wconf 88' lang='lat' dir='ltr'><strong>hominibus:</strong></span> 
     </span>
    </p>
   </div>
   <div class='ocr_carea' id='block_1_34' title="bbox 1693 1921 3314 2007">
    <p class='ocr_par' dir='ltr' id='par_1_34' title="bbox 2265 1921 3314 2005">
     <span class='ocr_line' id='line_1_34' title="bbox 2265 1921 3314 2005; baseline 0 -23"><span class='ocrx_word' id='word_1_189' title='bbox 2265 1923 2366 1988; x_wconf 68' lang='grc'><strong>42.</strong></span> <span class='ocrx_word' id='word_1_190' title='bbox 2400 1921 2642 1989; x_wconf 58' lang='lat' dir='ltr'><strong>&quot;Elatia;</strong></span> <span class='ocrx_word' id='word_1_191' title='bbox 2673 1925 2876 2003; x_wconf 85' lang='grc' dir='ltr'>δόματα</span> <span class='ocrx_word' id='word_1_192' title='bbox 2913 1928 2966 1984; x_wconf 76' lang='grc' dir='ltr'>ἐν</span> <span class='ocrx_word' id='word_1_193' title='bbox 3011 1928 3314 2005; x_wconf 80' lang='grc' dir='ltr'>ἆνθρὼποις</span> 
     </span>
    </p>
   </div>
   <div class='ocr_carea' id='block_1_35' title="bbox 531 2012 2152 2094">
    <p class='ocr_par' dir='ltr' id='par_1_35' title="bbox 531 2015 1788 2081">
     <span class='ocr_line' id='line_1_35' title="bbox 531 2015 1788 2081; baseline 0 0"><span class='ocrx_word' id='word_1_194' title='bbox 531 2016 633 2081; x_wconf 86' lang='grc'><strong>43.</strong></span> <span class='ocrx_word' id='word_1_195' title='bbox 667 2015 898 2078; x_wconf 88' lang='lat' dir='ltr'><strong>Etenim</strong></span> <span class='ocrx_word' id='word_1_196' title='bbox 932 2034 1051 2077; x_wconf 92' lang='lat' dir='ltr'><strong>non</strong></span> <span class='ocrx_word' id='word_1_197' title='bbox 1083 2017 1401 2079; x_wconf 80' lang='lat' dir='ltr'><strong>credentes</strong></span> <span class='ocrx_word' id='word_1_198' title='bbox 1430 2016 1788 2081; x_wconf 85' lang='lat' dir='ltr'><strong>inhabitare.</strong></span> 
     </span>
    </p>
   </div>
   <div class='ocr_carea' id='block_1_36' title="bbox 1986 2012 3607 2094">
    <p class='ocr_par' dir='ltr' id='par_1_36' title="bbox 2267 2012 3607 2094">
     <span class='ocr_line' id='line_1_36' title="bbox 2267 2012 3607 2094; baseline 0.001 -22"><span class='ocrx_word' id='word_1_199' title='bbox 2267 2012 2366 2076; x_wconf 80' lang='grc'><strong>43.</strong></span> <span class='ocrx_word' id='word_1_200' title='bbox 2407 2017 2502 2072; x_wconf 81' lang='grc' dir='ltr'><strong>Καὶ</strong></span> <span class='ocrx_word' id='word_1_201' title='bbox 2526 2017 2626 2094; x_wconf 72' lang='grc' dir='ltr'><strong>γὰρ</strong></span> <span class='ocrx_word' id='word_1_202' title='bbox 2656 2017 2998 2079; x_wconf 79' lang='grc' dir='ltr'>ἀπειθοῦντας</span> <span class='ocrx_word' id='word_1_203' title='bbox 3031 2025 3123 2075; x_wconf 81' lang='grc' dir='ltr'>τοῦ</span> <span class='ocrx_word' id='word_1_204' title='bbox 3165 2021 3607 2084; x_wconf 72' lang='grc' dir='ltr'>κατασκηνῶσαι,</span> 
     </span>
    </p>
   </div>
   <div class='ocr_carea' id='block_1_37' title="bbox 533 2101 2154 2186">
    <p class='ocr_par' dir='ltr' id='par_1_37' title="bbox 533 2104 2100 2178">
     <span class='ocr_line' id='line_1_37' title="bbox 533 2104 2100 2178; baseline 0.002 -10"><span class='ocrx_word' id='word_1_205' title='bbox 533 2107 633 2170; x_wconf 78' lang='grc'><strong>44.</strong></span> <span class='ocrx_word' id='word_1_206' title='bbox 657 2104 954 2167; x_wconf 83' lang='lat' dir='ltr'><strong>Dominus</strong></span> <span class='ocrx_word' id='word_1_207' title='bbox 981 2105 1138 2167; x_wconf 85' lang='lat' dir='ltr'><strong>Deus</strong></span> <span class='ocrx_word' id='word_1_208' title='bbox 1190 2106 1569 2178; x_wconf 83' lang='lat' dir='ltr'><strong>benedictus,</strong></span> <span class='ocrx_word' id='word_1_209' title='bbox 1597 2105 1950 2170; x_wconf 85' lang='lat' dir='ltr'><strong>benedictus</strong></span> <span class='ocrx_word' id='word_1_210' title='bbox 1978 2107 2100 2170; x_wconf 89' lang='lat' dir='ltr'><strong>Do-</strong></span> 
     </span>
    </p>
   </div>
   <div class='ocr_carea' id='block_1_38' title="bbox 2226 2101 3847 2186">
    <p class='ocr_par' dir='ltr' id='par_1_38' title="bbox 2266 2101 3847 2186">
     <span class='ocr_line' id='line_1_38' title="bbox 2266 2101 3847 2186; baseline 0.001 -25"><span class='ocrx_word' id='word_1_211' title='bbox 2266 2101 2588 2183; x_wconf 72' lang='grc' dir='ltr'><strong>44.Κ·3ριος</strong></span> <span class='ocrx_word' id='word_1_212' title='bbox 2646 2109 2674 2162; x_wconf 85' lang='grc' dir='ltr'><strong>ὁ</strong></span> <span class='ocrx_word' id='word_1_213' title='bbox 2740 2111 2870 2172; x_wconf 88' lang='grc' dir='ltr'>Θεὸς</span> <span class='ocrx_word' id='word_1_214' title='bbox 2924 2109 3240 2186; x_wconf 69' lang='grc' dir='ltr'>εὐλογητὸς,</span> <span class='ocrx_word' id='word_1_215' title='bbox 3297 2105 3582 2172; x_wconf 77' lang='grc' dir='ltr'>εὒλοθητὸς</span> <span class='ocrx_word' id='word_1_216' title='bbox 3643 2104 3847 2184; x_wconf 69' lang='grc' dir='ltr'>Κύριος</span> 
     </span>
    </p>
   </div>
   <div class='ocr_carea' id='block_1_39' title="bbox 457 2191 2078 2276">
    <p class='ocr_par' dir='ltr' id='par_1_39' title="bbox 457 2194 1120 2276">
     <span class='ocr_line' id='line_1_39' title="bbox 457 2194 1120 2276; baseline -0.003 -16"><span class='ocrx_word' id='word_1_217' title='bbox 457 2195 656 2260; x_wconf 83' lang='lat' dir='ltr'><strong>minus</strong></span> <span class='ocrx_word' id='word_1_218' title='bbox 684 2194 785 2257; x_wconf 91' lang='lat' dir='ltr'><strong>die</strong></span> <span class='ocrx_word' id='word_1_219' title='bbox 816 2195 1120 2276; x_wconf 84' lang='lat' dir='ltr'><strong>quotidie:</strong></span> 
     </span>
    </p>
   </div>
   <div class='ocr_carea' id='block_1_40' title="bbox 1200 2191 2821 2276">
    <p class='ocr_par' dir='ltr' id='par_1_40' title="bbox 2190 2191 2821 2275">
     <span class='ocr_line' id='line_1_40' title="bbox 2190 2191 2821 2275; baseline 0.008 -27"><span class='ocrx_word' id='word_1_220' title='bbox 2190 2191 2396 2270; x_wconf 76' lang='grc' dir='ltr'>ἡμέραν</span> <span class='ocrx_word' id='word_1_221' title='bbox 2437 2194 2555 2252; x_wconf 83' lang='grc' dir='ltr'>καθ’</span> <span class='ocrx_word' id='word_1_222' title='bbox 2593 2195 2821 2275; x_wconf 61' lang='grc' dir='ltr'>ἡμέραν</span> 
     </span>
    </p>
   </div>
   <div class='ocr_carea' id='block_1_41' title="bbox 537 2282 2158 2365">
    <p class='ocr_par' dir='ltr' id='par_1_41' title="bbox 537 2283 2103 2365">
     <span class='ocr_line' id='line_1_41' title="bbox 537 2283 2103 2365; baseline 0.001 -18"><span class='ocrx_word' id='word_1_223' title='bbox 537 2286 637 2348; x_wconf 74' lang='lat'><strong>45.</strong></span> <span class='ocrx_word' id='word_1_224' title='bbox 674 2287 1040 2365; x_wconf 83' lang='lat' dir='ltr'><strong>Prosperum</strong></span> <span class='ocrx_word' id='word_1_225' title='bbox 1084 2284 1198 2346; x_wconf 90' lang='lat' dir='ltr'><strong>iter</strong></span> <span class='ocrx_word' id='word_1_226' title='bbox 1235 2283 1408 2348; x_wconf 80' lang='lat' dir='ltr'><strong>faciat</strong></span> <span class='ocrx_word' id='word_1_227' title='bbox 1435 2285 1610 2347; x_wconf 87' lang='lat' dir='ltr'><strong>nobis</strong></span> <span class='ocrx_word' id='word_1_228' title='bbox 1667 2284 1825 2349; x_wconf 88' lang='lat' dir='ltr'><strong>Deus</strong></span> <span class='ocrx_word' id='word_1_229' title='bbox 1879 2284 2103 2348; x_wconf 80' lang='lat' dir='ltr'><strong>saluta-</strong></span> 
     </span>
    </p>
   </div>
   <div class='ocr_carea' id='block_1_42' title="bbox 2230 2282 3851 2365">
    <p class='ocr_par' dir='ltr' id='par_1_42' title="bbox 2269 2282 3851 2363">
     <span class='ocr_line' id='line_1_42' title="bbox 2269 2282 3851 2363; baseline -0.005 -19"><span class='ocrx_word' id='word_1_230' title='bbox 2269 2282 2371 2345; x_wconf 74' lang='grc'><strong>45.</strong></span> <span class='ocrx_word' id='word_1_231' title='bbox 2401 2283 2489 2363; x_wconf 89' lang='lat' dir='ltr'><strong>(a)</strong></span> <span class='ocrx_word' id='word_1_232' title='bbox 2527 2284 2892 2344; x_wconf 76' lang='grc' dir='ltr'>Κατευοδὼσαι</span> <span class='ocrx_word' id='word_1_233' title='bbox 2966 2285 3102 2360; x_wconf 72' lang='grc' dir='ltr'>ἡμῖν</span> <span class='ocrx_word' id='word_1_234' title='bbox 3148 2289 3175 2342; x_wconf 85' lang='grc' dir='ltr'>ὁ</span> <span class='ocrx_word' id='word_1_235' title='bbox 3226 2287 3355 2348; x_wconf 90' lang='grc' dir='ltr'>Θεὸς</span> <span class='ocrx_word' id='word_1_236' title='bbox 3417 2287 3523 2341; x_wconf 81' lang='grc' dir='ltr'>τῶν</span> <span class='ocrx_word' id='word_1_237' title='bbox 3566 2285 3851 2363; x_wconf 78' lang='grc' dir='ltr'>σωτηρίων</span> 
     </span>
    </p>
   </div>
   <div class='ocr_carea' id='block_1_43' title="bbox 456 2371 2077 2448">
    <p class='ocr_par' dir='ltr' id='par_1_43' title="bbox 456 2373 1008 2438">
     <span class='ocr_line' id='line_1_43' title="bbox 456 2373 1008 2438; baseline -0.005 -1"><span class='ocrx_word' id='word_1_238' title='bbox 456 2373 612 2437; x_wconf 88' lang='lat' dir='ltr'><strong>rium</strong></span> <span class='ocrx_word' id='word_1_239' title='bbox 645 2383 1008 2438; x_wconf 87' lang='lat' dir='ltr'><strong>nostrorum.</strong></span> 
     </span>
    </p>
   </div>
   <div class='ocr_carea' id='block_1_44' title="bbox 727 2371 2348 2448">
    <p class='ocr_par' dir='ltr' id='par_1_44' title="bbox 727 2371 2348 2448">
     <span class='ocr_line' id='line_1_44' title="bbox 727 2371 2348 2448; baseline -0.007 -11"><span class='ocrx_word' id='word_1_240' title='bbox 727 2383 1008 2437; x_wconf 87' lang='lat' dir='ltr'><strong>strorum.</strong></span> <span class='ocrx_word' id='word_1_241' title='bbox 2193 2371 2348 2448; x_wconf 79' lang='grc' dir='ltr'>ἡμῶν</span> 
     </span>
    </p>
   </div>
   <div class='ocr_carea' id='block_1_45' title="bbox 1093 2461 2714 2544">
    <p class='ocr_par' dir='ltr' id='par_1_45' title="bbox 1093 2461 1473 2542">
     <span class='ocr_line' id='line_1_45' title="bbox 1093 2461 1473 2542; baseline 0 -18"><span class='ocrx_word' id='word_1_242' title='bbox 1093 2461 1473 2542; x_wconf 84' lang='lat' dir='ltr'><strong>Diapsalma.</strong></span> 
     </span>
    </p>
   </div>
   <div class='ocr_carea' id='block_1_46' title="bbox 1556 2461 3177 2544">
    <p class='ocr_par' dir='ltr' id='par_1_46' title="bbox 2858 2467 3177 2544">
     <span class='ocr_line' id='line_1_46' title="bbox 2858 2467 3177 2544; baseline 0.006 -20"><span class='ocrx_word' id='word_1_243' title='bbox 2858 2467 3152 2544; x_wconf 76' lang='grc' dir='ltr'>Διάψαλμα</span> <span class='ocrx_word' id='word_1_244' title='bbox 3165 2511 3177 2526; x_wconf 92' lang='grc'><strong>.</strong></span> 
     </span>
    </p>
   </div>
   <div class='ocr_carea' id='block_1_47' title="bbox 534 2549 2155 2636">
    <p class='ocr_par' dir='ltr' id='par_1_47' title="bbox 534 2549 1828 2624">
     <span class='ocr_line' id='line_1_47' title="bbox 534 2549 1828 2624; baseline 0.001 -7"><span class='ocrx_word' id='word_1_245' title='bbox 534 2551 634 2617; x_wconf 83' lang='grc'><strong>46.</strong></span> <span class='ocrx_word' id='word_1_246' title='bbox 679 2553 842 2616; x_wconf 87' lang='lat' dir='ltr'><strong>Deus</strong></span> <span class='ocrx_word' id='word_1_247' title='bbox 871 2559 1097 2624; x_wconf 86' lang='lat' dir='ltr'><strong>noster,</strong></span> <span class='ocrx_word' id='word_1_248' title='bbox 1131 2549 1290 2612; x_wconf 91' lang='lat' dir='ltr'><strong>Deus</strong></span> <span class='ocrx_word' id='word_1_249' title='bbox 1320 2551 1514 2613; x_wconf 85' lang='lat' dir='ltr'><strong>salvos</strong></span> <span class='ocrx_word' id='word_1_250' title='bbox 1543 2551 1828 2618; x_wconf 79' lang='lat' dir='ltr'><strong>faciendi:</strong></span> 
     </span>
    </p>
   </div>
   <div class='ocr_carea' id='block_1_48' title="bbox 1786 2549 3407 2636">
    <p class='ocr_par' dir='ltr' id='par_1_48' title="bbox 1786 2554 3407 2636">
     <span class='ocr_line' id='line_1_48' title="bbox 1786 2554 3407 2636; baseline -0.001 -21"><span class='ocrx_word' id='word_1_251' title='bbox 1786 2554 1828 2618; x_wconf 72' lang='lat' dir='ltr'><strong>i1</strong></span> <span class='ocrx_word' id='word_1_252' title='bbox 2272 2558 2369 2622; x_wconf 72' lang='grc'><strong>46.</strong></span> <span class='ocrx_word' id='word_1_253' title='bbox 2407 2557 2466 2618; x_wconf 85' lang='grc' dir='ltr'>Ὀ</span> <span class='ocrx_word' id='word_1_254' title='bbox 2499 2562 2629 2624; x_wconf 86' lang='grc' dir='ltr'>Θεὸς</span> <span class='ocrx_word' id='word_1_255' title='bbox 2660 2562 2817 2636; x_wconf 69' lang='grc' dir='ltr'>ἡμῶν</span> <span class='ocrx_word' id='word_1_256' title='bbox 2861 2563 2889 2616; x_wconf 83' lang='grc' dir='ltr'>ὁ</span> <span class='ocrx_word' id='word_1_257' title='bbox 2921 2563 3051 2626; x_wconf 89' lang='grc' dir='ltr'>Θεὸς</span> <span class='ocrx_word' id='word_1_258' title='bbox 3078 2566 3172 2618; x_wconf 76' lang='grc' dir='ltr'><strong>τοῦ</strong></span> <span class='ocrx_word' id='word_1_259' title='bbox 3199 2562 3407 2631; x_wconf 80' lang='grc' dir='ltr'>σὼζειν·</span> 
     </span>
    </p>
   </div>
   <div class='ocr_carea' id='block_1_49' title="bbox 537 2640 2158 2728">
    <p class='ocr_par' dir='ltr' id='par_1_49' title="bbox 537 2640 1820 2716">
     <span class='ocr_line' id='line_1_49' title="bbox 537 2640 1820 2716; baseline 0.002 -13"><span class='ocrx_word' id='word_1_260' title='bbox 537 2641 638 2705; x_wconf 79' lang='grc'><strong>47.</strong></span> <span class='ocrx_word' id='word_1_261' title='bbox 666 2643 739 2705; x_wconf 92' lang='lat' dir='ltr'><strong>Et</strong></span> <span class='ocrx_word' id='word_1_262' title='bbox 767 2640 1031 2716; x_wconf 87' lang='lat' dir='ltr'><strong>Domini,</strong></span> <span class='ocrx_word' id='word_1_263' title='bbox 1065 2641 1304 2704; x_wconf 91' lang='lat' dir='ltr'><strong>Domini</strong></span> <span class='ocrx_word' id='word_1_264' title='bbox 1357 2641 1553 2703; x_wconf 86' lang='lat' dir='ltr'><strong>exitus</strong></span> <span class='ocrx_word' id='word_1_265' title='bbox 1585 2643 1820 2706; x_wconf 88' lang='lat' dir='ltr'><strong>mortis.</strong></span> 
     </span>
    </p>
   </div>
   <div class='ocr_carea' id='block_1_50' title="bbox 2226 2640 3847 2728">
    <p class='ocr_par' dir='ltr' id='par_1_50' title="bbox 2270 2647 3847 2728">
     <span class='ocr_line' id='line_1_50' title="bbox 2270 2647 3847 2728; baseline 0 -21"><span class='ocrx_word' id='word_1_266' title='bbox 2270 2647 2370 2712; x_wconf 88' lang='grc'><strong>47.</strong></span> <span class='ocrx_word' id='word_1_267' title='bbox 2406 2650 2511 2712; x_wconf 77' lang='grc' dir='ltr'><strong>Καὶ</strong></span> <span class='ocrx_word' id='word_1_268' title='bbox 2540 2657 2632 2708; x_wconf 82' lang='grc' dir='ltr'>τοῦ</span> <span class='ocrx_word' id='word_1_269' title='bbox 2667 2650 2878 2727; x_wconf 79' lang='grc' dir='ltr'>Κυρίου,</span> <span class='ocrx_word' id='word_1_270' title='bbox 2915 2649 3100 2728; x_wconf 77' lang='grc' dir='ltr'>Κύρίου</span> <span class='ocrx_word' id='word_1_271' title='bbox 3132 2651 3182 2706; x_wconf 75' lang='grc' dir='ltr'>αἶ</span> <span class='ocrx_word' id='word_1_272' title='bbox 3208 2647 3426 2715; x_wconf 76' lang='grc' dir='ltr'>διέξοδοι</span> <span class='ocrx_word' id='word_1_273' title='bbox 3459 2655 3553 2706; x_wconf 78' lang='grc' dir='ltr'>τοῦ</span> <span class='ocrx_word' id='word_1_274' title='bbox 3586 2650 3847 2707; x_wconf 80' lang='grc' dir='ltr'>θανάτου.</span> 
     </span>
    </p>
   </div>
   <div class='ocr_carea' id='block_1_51' title="bbox 539 2748 1942 2829">
    <p class='ocr_par' dir='ltr' id='par_1_51' title="bbox 539 2748 1942 2829">
     <span class='ocr_line' id='line_1_51' title="bbox 539 2748 1942 2829; baseline -0.002 -17"><span class='ocrx_word' id='word_1_275' title='bbox 539 2748 629 2829; x_wconf 90' lang='lat' dir='ltr'><strong>(a)</strong></span> <span class='ocrx_word' id='word_1_276' title='bbox 659 2749 834 2811; x_wconf 84' lang='lat' dir='ltr'><strong>Vers.</strong></span> <span class='ocrx_word' id='word_1_277' title='bbox 868 2748 973 2810; x_wconf 75' lang='grc'><strong>45.</strong></span> <span class='ocrx_word' id='word_1_278' title='bbox 1013 2749 1343 2827; x_wconf 74' lang='grc' dir='ltr'>Εὐλογητὸς,</span> <span class='ocrx_word' id='word_1_279' title='bbox 1375 2756 1522 2824; x_wconf 89' lang='lat' dir='ltr'><strong>etc.,</strong></span> <span class='ocrx_word' id='word_1_280' title='bbox 1559 2748 1942 2810; x_wconf 80' lang='grc' dir='ltr'>κανευοδωσει.</span> 
     </span>
    </p>
   </div>
   <div class='ocr_carea' id='block_1_52' title="bbox 1556 2908 2639 2980">
    <p class='ocr_par' dir='ltr' id='par_1_52' title="bbox 1556 2908 2639 2980">
     <span class='ocr_line' id='line_1_52' title="bbox 1556 2908 2639 2980; baseline 0.006 -7"><span class='ocrx_word' id='word_1_281' title='bbox 1556 2908 1966 2976; x_wconf 78' lang='lat' dir='ltr'><strong>ATIIANASII</strong></span> <span class='ocrx_word' id='word_1_282' title='bbox 2012 2911 2639 2980; x_wconf 81' lang='lat' dir='ltr'><strong>INTERPRETATIO.</strong></span> 
     </span>
    </p>
   </div>
   <div class='ocr_carea' id='block_1_53' title="bbox 540 3015 2161 3102">
    <p class='ocr_par' dir='ltr' id='par_1_53' title="bbox 540 3015 2107 3098">
     <span class='ocr_line' id='line_1_53' title="bbox 540 3015 2107 3098; baseline 0 -16"><span class='ocrx_word' id='word_1_283' title='bbox 540 3018 642 3083; x_wconf 94' lang='grc'><strong>30.</strong></span> <span class='ocrx_word' id='word_1_284' title='bbox 676 3016 749 3080; x_wconf 88' lang='grc' dir='ltr'>Ει</span> <span class='ocrx_word' id='word_1_285' title='bbox 774 3017 1035 3098; x_wconf 73' lang='lat' dir='ltr'><strong>cognitio</strong></span> <span class='ocrx_word' id='word_1_286' title='bbox 1085 3015 1298 3079; x_wconf 70' lang='lat' dir='ltr'><strong>divinae</strong></span> <span class='ocrx_word' id='word_1_287' title='bbox 1331 3015 1658 3097; x_wconf 65' lang='lat' dir='ltr'><strong>Scriptura;</strong></span> <span class='ocrx_word' id='word_1_288' title='bbox 1686 3017 1864 3082; x_wconf 84' lang='lat' dir='ltr'><strong>veluti</strong></span> <span class='ocrx_word' id='word_1_289' title='bbox 1897 3037 2107 3082; x_wconf 86' lang='lat' dir='ltr'><strong>aurum</strong></span> 
     </span>
    </p>
   </div>
   <div class='ocr_carea' id='block_1_54' title="bbox 2227 3015 3848 3102">
    <p class='ocr_par' dir='ltr' id='par_1_54' title="bbox 2276 3019 3848 3102">
     <span class='ocr_line' id='line_1_54' title="bbox 2276 3019 3848 3102; baseline -0.007 -16"><span class='ocrx_word' id='word_1_290' title='bbox 2276 3021 2373 3086; x_wconf 82' lang='lat'><strong>30.</strong></span> <span class='ocrx_word' id='word_1_291' title='bbox 2409 3022 2514 3086; x_wconf 85' lang='grc' dir='ltr'><strong>Καὶ</strong></span> <span class='ocrx_word' id='word_1_292' title='bbox 2567 3037 2596 3092; x_wconf 74' lang='grc' dir='ltr'>ἠ</span> <span class='ocrx_word' id='word_1_293' title='bbox 2656 3030 2850 3102; x_wconf 77' lang='grc' dir='ltr'>γνῶσις</span> <span class='ocrx_word' id='word_1_294' title='bbox 2910 3026 3006 3088; x_wconf 75' lang='grc' dir='ltr'>τῆς</span> <span class='ocrx_word' id='word_1_295' title='bbox 3046 3019 3188 3084; x_wconf 73' lang='grc' dir='ltr'>θείας</span> <span class='ocrx_word' id='word_1_296' title='bbox 3220 3023 3454 3101; x_wconf 63' lang='grc' dir='ltr'>Γραςρῆς,</span> <span class='ocrx_word' id='word_1_297' title='bbox 3513 3022 3586 3086; x_wconf 81' lang='grc' dir='ltr'>ὡς</span> <span class='ocrx_word' id='word_1_298' title='bbox 3623 3023 3848 3100; x_wconf 78' lang='grc' dir='ltr'>χρυσίον</span> 
     </span>
    </p>
   </div>
   <div class='ocr_carea' id='block_1_55' title="bbox 445 3105 2560 3191">
    <p class='ocr_par' dir='ltr' id='par_1_55' title="bbox 445 3105 2560 3191">
     <span class='ocr_line' id='line_1_55' title="bbox 445 3105 2560 3191; baseline -0 -21"><span class='ocrx_word' id='word_1_299' title='bbox 445 3105 725 3188; x_wconf 56' lang='grc' dir='ltr'>ισσυιεει.</span> <span class='ocrx_word' id='word_1_300' title='bbox 2192 3113 2560 3191; x_wconf 69' lang='grc' dir='ltr'>ἱξαατράπτει,</span> 
     </span>
    </p>
   </div>
   <div class='ocr_carea' id='block_1_56' title="bbox 541 3195 2162 3284">
    <p class='ocr_par' dir='ltr' id='par_1_56' title="bbox 541 3195 2110 3278">
     <span class='ocr_line' id='line_1_56' title="bbox 541 3195 2110 3278; baseline -0.002 -14"><span class='ocrx_word' id='word_1_301' title='bbox 541 3195 644 3269; x_wconf 85' lang='lat' dir='ltr'><strong>3t,</strong></span> <span class='ocrx_word' id='word_1_302' title='bbox 677 3195 784 3260; x_wconf 66' lang='lat'><strong>32.</strong></span> <span class='ocrx_word' id='word_1_303' title='bbox 840 3197 993 3259; x_wconf 88' lang='lat' dir='ltr'><strong>Cum</strong></span> <span class='ocrx_word' id='word_1_304' title='bbox 1055 3195 1285 3258; x_wconf 88' lang='lat' dir='ltr'><strong>miserit</strong></span> <span class='ocrx_word' id='word_1_305' title='bbox 1335 3195 1627 3258; x_wconf 87' lang='lat' dir='ltr'><strong>Dominus</strong></span> <span class='ocrx_word' id='word_1_306' title='bbox 1696 3198 1999 3278; x_wconf 88' lang='lat' dir='ltr'><strong>apostolos</strong></span> <span class='ocrx_word' id='word_1_307' title='bbox 2050 3199 2110 3261; x_wconf 89' lang='lat' dir='ltr'><strong>in</strong></span> 
     </span>
    </p>
   </div>
   <div class='ocr_carea' id='block_1_57' title="bbox 2228 3195 3849 3284">
    <p class='ocr_par' dir='ltr' id='par_1_57' title="bbox 2275 3198 3849 3284">
     <span class='ocr_line' id='line_1_57' title="bbox 2275 3198 3849 3284; baseline -0.003 -21"><span class='ocrx_word' id='word_1_308' title='bbox 2275 3201 2503 3283; x_wconf 76' lang='lat'><strong>31,3‘2.</strong></span> <span class='ocrx_word' id='word_1_309' title='bbox 2547 3203 2640 3283; x_wconf 85' lang='grc' dir='ltr'><strong>(Ι)</strong></span> <span class='ocrx_word' id='word_1_310' title='bbox 2667 3208 2757 3261; x_wconf 86' lang='grc' dir='ltr'>Ἐν</span> <span class='ocrx_word' id='word_1_311' title='bbox 2789 3209 2864 3276; x_wconf 84' lang='grc' dir='ltr'>τῷ</span> <span class='ocrx_word' id='word_1_312' title='bbox 2913 3205 3006 3260; x_wconf 90' lang='grc' dir='ltr'><strong>τὸν</strong></span> <span class='ocrx_word' id='word_1_313' title='bbox 3077 3205 3266 3284; x_wconf 77' lang='grc' dir='ltr'>Κύριον</span> <span class='ocrx_word' id='word_1_314' title='bbox 3311 3198 3663 3258; x_wconf 79' lang='grc' dir='ltr'>ἀποστέλλειν</span> <span class='ocrx_word' id='word_1_315' title='bbox 3725 3203 3849 3264; x_wconf 77' lang='grc' dir='ltr'>τοὺς</span> 
     </span>
    </p>
   </div>
   <div class='ocr_carea' id='block_1_58' title="bbox 466 3284 2087 3403">
    <p class='ocr_par' dir='ltr' id='par_1_58' title="bbox 466 3284 1828 3370">
     <span class='ocr_line' id='line_1_58' title="bbox 466 3284 1828 3370; baseline 0 -19"><span class='ocrx_word' id='word_1_316' title='bbox 466 3285 785 3370; x_wconf 86' lang='lat' dir='ltr'><strong>mundum,</strong></span> <span class='ocrx_word' id='word_1_317' title='bbox 819 3284 1309 3349; x_wconf 89' lang='lat' dir='ltr'><strong>emundabuntur</strong></span> <span class='ocrx_word' id='word_1_318' title='bbox 1340 3286 1403 3348; x_wconf 90' lang='lat' dir='ltr'><strong>in</strong></span> <span class='ocrx_word' id='word_1_319' title='bbox 1433 3285 1650 3349; x_wconf 81' lang='lat' dir='ltr'><strong>auxilio</strong></span> <span class='ocrx_word' id='word_1_320' title='bbox 1673 3289 1828 3367; x_wconf 86' lang='lat' dir='ltr'><strong>ejus.</strong></span> 
     </span>
    </p>
   </div>
   <div class='ocr_carea' id='block_1_59' title="bbox 2233 3284 3854 3403">
    <p class='ocr_par' dir='ltr' id='par_1_59' title="bbox 2233 3293 3854 3403">
     <span class='ocr_line' id='line_1_59' title="bbox 2233 3293 3854 3371; baseline -0.003 -19"><span class='ocrx_word' id='word_1_321' title='bbox 2233 3294 2524 3358; x_wconf 77' lang='grc' dir='ltr'>παττάλους</span> <span class='ocrx_word' id='word_1_322' title='bbox 2604 3296 2676 3359; x_wconf 81' lang='grc' dir='ltr'><strong>είς</strong></span> <span class='ocrx_word' id='word_1_323' title='bbox 2734 3295 2831 3362; x_wconf 78' lang='grc' dir='ltr'>τὴν</span> <span class='ocrx_word' id='word_1_324' title='bbox 2891 3295 3230 3371; x_wconf 69' lang='grc' dir='ltr'>οἰκουμένην,</span> <span class='ocrx_word' id='word_1_325' title='bbox 3267 3293 3748 3370; x_wconf 67' lang='grc' dir='ltr'>καθαρισθήσονται</span> <span class='ocrx_word' id='word_1_326' title='bbox 3795 3293 3854 3347; x_wconf 79' lang='grc' dir='ltr'>ἐν</span> 
     </span>
     <span class='ocr_line' id='line_1_60' title="bbox 2234 3384 2690 3403; baseline -0.002 -1"><span class='ocrx_word' id='word_1_327' title='bbox 2234 3389 2258 3402; x_wconf 86' lang='grc'><strong>..</strong></span> <span class='ocrx_word' id='word_1_328' title='bbox 2295 3386 2321 3403; x_wconf 73' lang='grc' dir='ltr'><strong><em>η</em></strong></span> <span class='ocrx_word' id='word_1_329' title='bbox 2398 3388 2422 3403; x_wconf 73' lang='grc'><strong>,.</strong></span> <span class='ocrx_word' id='word_1_330' title='bbox 2461 3385 2472 3403; x_wconf 88' lang='grc'><strong><em>,</em></strong></span> <span class='ocrx_word' id='word_1_331' title='bbox 2576 3384 2590 3403; x_wconf 88' lang='grc'><strong>.</strong></span> <span class='ocrx_word' id='word_1_332' title='bbox 2667 3393 2690 3401; x_wconf 90' lang='grc'><strong>-</strong></span> 
     </span>
    </p>
   </div>
   <div class='ocr_carea' id='block_1_60' title="bbox 2197 3384 2718 3461">
    <p class='ocr_par' dir='ltr' id='par_1_60' title="bbox 2197 3384 2718 3461">
     <span class='ocr_line' id='line_1_61' title="bbox 2197 3384 2718 3461; baseline 0.002 -19"><span class='ocrx_word' id='word_1_333' title='bbox 2197 3389 2266 3461; x_wconf 73' lang='grc' dir='ltr'>τῇ</span> <span class='ocrx_word' id='word_1_334' title='bbox 2292 3385 2506 3460; x_wconf 76' lang='grc' dir='ltr'>βοηθείᾳ</span> <span class='ocrx_word' id='word_1_335' title='bbox 2538 3384 2718 3444; x_wconf 67' lang='grc' dir='ltr'>αυτοῦ.</span> 
     </span>
    </p>
   </div>
   <div class='ocr_carea' id='block_1_61' title="bbox 544 3463 2165 3552">
    <p class='ocr_par' dir='ltr' id='par_1_61' title="bbox 544 3463 1800 3546">
     <span class='ocr_line' id='line_1_62' title="bbox 544 3463 1800 3546; baseline 0 -16"><span class='ocrx_word' id='word_1_336' title='bbox 544 3469 648 3530; x_wconf 85' lang='grc'><strong>33.</strong></span> <span class='ocrx_word' id='word_1_337' title='bbox 681 3463 1017 3546; x_wconf 79' lang='lat' dir='ltr'><strong>Virginem,</strong></span> <span class='ocrx_word' id='word_1_338' title='bbox 1055 3473 1113 3527; x_wconf 91' lang='lat' dir='ltr'><strong>et</strong></span> <span class='ocrx_word' id='word_1_339' title='bbox 1134 3465 1448 3543; x_wconf 87' lang='lat' dir='ltr'><strong>Deiparam</strong></span> <span class='ocrx_word' id='word_1_340' title='bbox 1481 3464 1800 3544; x_wconf 84' lang='lat' dir='ltr'><strong>signiﬁcat,</strong></span> 
     </span>
    </p>
   </div>
   <div class='ocr_carea' id='block_1_62' title="bbox 1818 3463 3439 3552">
    <p class='ocr_par' dir='ltr' id='par_1_62' title="bbox 2280 3472 3439 3552">
     <span class='ocr_line' id='line_1_63' title="bbox 2280 3472 3439 3552; baseline -0.009 -16"><span class='ocrx_word' id='word_1_341' title='bbox 2280 3472 2380 3536; x_wconf 86' lang='lat'><strong>33.</strong></span> <span class='ocrx_word' id='word_1_342' title='bbox 2413 3475 2522 3541; x_wconf 74' lang='grc' dir='ltr'><strong>Τὴν</strong></span> <span class='ocrx_word' id='word_1_343' title='bbox 2553 3473 2813 3552; x_wconf 78' lang='grc' dir='ltr'>Παρθένον</span> <span class='ocrx_word' id='word_1_344' title='bbox 2852 3473 2996 3551; x_wconf 83' lang='grc' dir='ltr'>λέγει</span> <span class='ocrx_word' id='word_1_345' title='bbox 3025 3475 3112 3530; x_wconf 76' lang='grc' dir='ltr'><strong>καὶ</strong></span> <span class='ocrx_word' id='word_1_346' title='bbox 3157 3473 3439 3545; x_wconf 73' lang='grc' dir='ltr'>Θεοτόκον,</span> 
     </span>
    </p>
   </div>
   <div class='ocr_carea' id='block_1_63' title="bbox 544 3553 2165 3642">
    <p class='ocr_par' dir='ltr' id='par_1_63' title="bbox 544 3553 1783 3635">
     <span class='ocr_line' id='line_1_64' title="bbox 544 3553 1783 3635; baseline -0.004 -14"><span class='ocrx_word' id='word_1_347' title='bbox 544 3555 647 3621; x_wconf 75' lang='grc'><strong>34.</strong></span> <span class='ocrx_word' id='word_1_348' title='bbox 680 3553 1062 3635; x_wconf 73' lang='lat' dir='ltr'><strong>Obsignatam</strong></span> <span class='ocrx_word' id='word_1_349' title='bbox 1107 3557 1382 3618; x_wconf 82' lang='lat' dir='ltr'><strong>videlicet</strong></span> <span class='ocrx_word' id='word_1_350' title='bbox 1426 3555 1783 3633; x_wconf 77' lang='lat' dir='ltr'><strong>virginitate.</strong></span> 
     </span>
    </p>
   </div>
   <div class='ocr_carea' id='block_1_64' title="bbox 1990 3553 3611 3642">
    <p class='ocr_par' dir='ltr' id='par_1_64' title="bbox 2282 3555 3611 3642">
     <span class='ocr_line' id='line_1_65' title="bbox 2282 3555 3611 3642; baseline -0.002 -23"><span class='ocrx_word' id='word_1_351' title='bbox 2282 3561 2380 3627; x_wconf 74' lang='grc'><strong>34,</strong></span> <span class='ocrx_word' id='word_1_352' title='bbox 2418 3564 2920 3642; x_wconf 67' lang='grc' dir='ltr'>Συνεσφραγισμένη</span> <span class='ocrx_word' id='word_1_353' title='bbox 2953 3569 3020 3639; x_wconf 79' lang='grc' dir='ltr'><strong>τῇ</strong></span> <span class='ocrx_word' id='word_1_354' title='bbox 3063 3562 3311 3642; x_wconf 75' lang='grc' dir='ltr'>παρθενίᾳ</span> <span class='ocrx_word' id='word_1_355' title='bbox 3335 3555 3611 3627; x_wconf 86' lang='grc' dir='ltr'>δηλονότι,</span> 
     </span>
    </p>
   </div>
   <div class='ocr_carea' id='block_1_65' title="bbox 545 3645 2166 3729">
    <p class='ocr_par' dir='ltr' id='par_1_65' title="bbox 545 3645 2118 3729">
     <span class='ocr_line' id='line_1_66' title="bbox 545 3645 2118 3729; baseline -0.001 -18"><span class='ocrx_word' id='word_1_356' title='bbox 545 3648 650 3712; x_wconf 76' lang='grc'><strong>35.</strong></span> <span class='ocrx_word' id='word_1_357' title='bbox 682 3646 949 3727; x_wconf 85' lang='lat' dir='ltr'><strong>Populus</strong></span> <span class='ocrx_word' id='word_1_358' title='bbox 1002 3645 1362 3721; x_wconf 67' lang='lat' dir='ltr'><strong>Judaaorum,</strong></span> <span class='ocrx_word' id='word_1_359' title='bbox 1427 3645 1526 3726; x_wconf 89' lang='lat' dir='ltr'><strong>qui</strong></span> <span class='ocrx_word' id='word_1_360' title='bbox 1598 3647 1777 3710; x_wconf 90' lang='lat' dir='ltr'><strong>corde</strong></span> <span class='ocrx_word' id='word_1_361' title='bbox 1826 3649 2118 3729; x_wconf 79' lang='lat' dir='ltr'><strong>coagulati</strong></span> 
     </span>
    </p>
   </div>
   <div class='ocr_carea' id='block_1_66' title="bbox 2233 3645 3854 3729">
    <p class='ocr_par' dir='ltr' id='par_1_66' title="bbox 2278 3648 3854 3728">
     <span class='ocr_line' id='line_1_67' title="bbox 2278 3648 3854 3728; baseline -0.006 -14"><span class='ocrx_word' id='word_1_362' title='bbox 2278 3653 2381 3715; x_wconf 85' lang='lat'><strong>35.</strong></span> <span class='ocrx_word' id='word_1_363' title='bbox 2415 3653 2476 3712; x_wconf 82' lang='grc' dir='ltr'>Ὀ</span> <span class='ocrx_word' id='word_1_364' title='bbox 2507 3653 2636 3717; x_wconf 88' lang='grc' dir='ltr'>λαὸς</span> <span class='ocrx_word' id='word_1_365' title='bbox 2680 3659 2785 3709; x_wconf 81' lang='grc' dir='ltr'>τῶν</span> <span class='ocrx_word' id='word_1_366' title='bbox 2845 3650 3132 3724; x_wconf 77' lang='grc' dir='ltr'>Ἰουδαίων,</span> <span class='ocrx_word' id='word_1_367' title='bbox 3166 3655 3213 3708; x_wconf 78' lang='grc' dir='ltr'>οἱ</span> <span class='ocrx_word' id='word_1_368' title='bbox 3257 3673 3323 3727; x_wconf 81' lang='grc' dir='ltr'>τῃ</span> <span class='ocrx_word' id='word_1_369' title='bbox 3376 3648 3562 3728; x_wconf 69' lang='grc' dir='ltr'>καρδία</span> <span class='ocrx_word' id='word_1_370' title='bbox 3620 3669 3854 3725; x_wconf 85' lang='grc' dir='ltr'>τετυρω-</span> 
     </span>
    </p>
   </div>
   <div class='ocr_carea' id='block_1_67' title="bbox 463 3743 2084 3818">
    <p class='ocr_par' dir='ltr' id='par_1_67' title="bbox 463 3743 1640 3806">
     <span class='ocr_line' id='line_1_68' title="bbox 463 3743 1640 3806; baseline -0.003 -6"><span class='ocrx_word' id='word_1_371' title='bbox 463 3743 629 3802; x_wconf 85' lang='lat' dir='ltr'><strong>sunt.</strong></span> <span class='ocrx_word' id='word_1_372' title='bbox 1635 3803 1640 3806; x_wconf 95' lang='lat'><em>_</em></span> 
     </span>
    </p>
   </div>
   <div class='ocr_carea' id='block_1_68' title="bbox 749 3743 2370 3818">
    <p class='ocr_par' dir='ltr' id='par_1_68' title="bbox 1635 3743 2370 3818">
     <span class='ocr_line' id='line_1_69' title="bbox 1635 3743 2370 3818; baseline -0.011 -12"><span class='ocrx_word' id='word_1_373' title='bbox 1635 3803 1640 3806; x_wconf 92' lang='lat'><strong>.</strong></span> <span class='ocrx_word' id='word_1_374' title='bbox 2201 3743 2370 3818; x_wconf 79' lang='grc' dir='ltr'>μένοι.</span> 
     </span>
    </p>
   </div>
   <div class='ocr_carea' id='block_1_69' title="bbox 545 3822 2166 3912">
    <p class='ocr_par' dir='ltr' id='par_1_69' title="bbox 545 3822 2026 3907">
     <span class='ocr_line' id='line_1_70' title="bbox 545 3822 2026 3907; baseline -0.003 -17"><span class='ocrx_word' id='word_1_375' title='bbox 545 3827 649 3890; x_wconf 88' lang='grc'><strong>36.</strong></span> <span class='ocrx_word' id='word_1_376' title='bbox 680 3822 758 3890; x_wconf 89' lang='lat' dir='ltr'><strong>Ut</strong></span> <span class='ocrx_word' id='word_1_377' title='bbox 784 3841 906 3886; x_wconf 89' lang='lat' dir='ltr'><strong>non</strong></span> <span class='ocrx_word' id='word_1_378' title='bbox 937 3822 1294 3886; x_wconf 78' lang='lat' dir='ltr'><strong>existimetis</strong></span> <span class='ocrx_word' id='word_1_379' title='bbox 1341 3823 1632 3904; x_wconf 80' lang='lat' dir='ltr'><strong>virginem</strong></span> <span class='ocrx_word' id='word_1_380' title='bbox 1663 3833 2026 3907; x_wconf 88' lang='lat' dir='ltr'><strong>corruptam.</strong></span> 
     </span>
    </p>
   </div>
   <div class='ocr_carea' id='block_1_70' title="bbox 2141 3822 3762 3912">
    <p class='ocr_par' dir='ltr' id='par_1_70' title="bbox 2280 3829 3762 3912">
     <span class='ocr_line' id='line_1_71' title="bbox 2280 3829 3762 3912; baseline -0.005 -20"><span class='ocrx_word' id='word_1_381' title='bbox 2280 3831 2381 3894; x_wconf 81' lang='grc'><strong>36.</strong></span> <span class='ocrx_word' id='word_1_382' title='bbox 2414 3829 2541 3889; x_wconf 77' lang='grc' dir='ltr'>’Ἵνα</span> <span class='ocrx_word' id='word_1_383' title='bbox 2570 3831 2652 3912; x_wconf 64' lang='lat'><strong>(9)</strong></span> <span class='ocrx_word' id='word_1_384' title='bbox 2683 3832 2758 3902; x_wconf 69' lang='grc' dir='ltr'><strong>μή</strong></span> <span class='ocrx_word' id='word_1_385' title='bbox 2782 3831 2974 3899; x_wconf 79' lang='grc' dir='ltr'>δοκῆτε</span> <span class='ocrx_word' id='word_1_386' title='bbox 3010 3833 3106 3899; x_wconf 78' lang='grc' dir='ltr'>τὴν</span> <span class='ocrx_word' id='word_1_387' title='bbox 3143 3829 3402 3908; x_wconf 80' lang='grc' dir='ltr'>Παρθένον</span> <span class='ocrx_word' id='word_1_388' title='bbox 3446 3832 3762 3908; x_wconf 69' lang='grc' dir='ltr'>φθαρεῖσαν.</span> 
     </span>
    </p>
   </div>
   <div class='ocr_carea' id='block_1_71' title="bbox 545 3912 2166 4001">
    <p class='ocr_par' dir='ltr' id='par_1_71' title="bbox 545 3912 2118 4001">
     <span class='ocr_line' id='line_1_72' title="bbox 545 3912 2118 4001; baseline -0.001 -22"><span class='ocrx_word' id='word_1_389' title='bbox 545 3913 646 3979; x_wconf 86' lang='grc'><strong>37.</strong></span> <span class='ocrx_word' id='word_1_390' title='bbox 682 3912 918 4001; x_wconf 88' lang='lat' dir='ltr'><strong>Etenim</strong></span> <span class='ocrx_word' id='word_1_391' title='bbox 951 3912 1244 3976; x_wconf 89' lang='lat' dir='ltr'><strong>Dominus</strong></span> <span class='ocrx_word' id='word_1_392' title='bbox 1274 3914 1332 3976; x_wconf 92' lang='lat' dir='ltr'><strong>in</strong></span> <span class='ocrx_word' id='word_1_393' title='bbox 1363 3914 1878 3978; x_wconf 88' lang='lat' dir='ltr'><strong>consummatione</strong></span> <span class='ocrx_word' id='word_1_394' title='bbox 1913 3913 2118 3978; x_wconf 69' lang='lat' dir='ltr'><strong>saeculi</strong></span> 
     </span>
    </p>
   </div>
   <div class='ocr_carea' id='block_1_72' title="bbox 2233 3912 3854 4001">
    <p class='ocr_par' dir='ltr' id='par_1_72' title="bbox 2283 3918 3854 4001">
     <span class='ocr_line' id='line_1_73' title="bbox 2283 3918 3854 4001; baseline -0.006 -18"><span class='ocrx_word' id='word_1_395' title='bbox 2283 3919 2382 3983; x_wconf 87' lang='lat'><strong>37.</strong></span> <span class='ocrx_word' id='word_1_396' title='bbox 2421 3923 2520 3980; x_wconf 78' lang='grc' dir='ltr'><strong>Καὶ</strong></span> <span class='ocrx_word' id='word_1_397' title='bbox 2577 3923 2677 4001; x_wconf 72' lang='grc' dir='ltr'><strong>γὰρ</strong></span> <span class='ocrx_word' id='word_1_398' title='bbox 2722 3923 2750 3978; x_wconf 83' lang='grc' dir='ltr'><strong>ὸ</strong></span> <span class='ocrx_word' id='word_1_399' title='bbox 2797 3923 2982 4000; x_wconf 81' lang='grc' dir='ltr'>Κύριος</span> <span class='ocrx_word' id='word_1_400' title='bbox 3037 3920 3121 3977; x_wconf 78' lang='grc' dir='ltr'><strong>ἐπὶ</strong></span> <span class='ocrx_word' id='word_1_401' title='bbox 3193 3918 3463 3990; x_wconf 78' lang='grc' dir='ltr'>συντελείᾳ</span> <span class='ocrx_word' id='word_1_402' title='bbox 3519 3925 3612 3974; x_wconf 81' lang='grc' dir='ltr'>τοῦ</span> <span class='ocrx_word' id='word_1_403' title='bbox 3656 3918 3854 3982; x_wconf 73' lang='grc' dir='ltr'>αἰῶνος</span> 
     </span>
    </p>
   </div>
   <div class='ocr_carea' id='block_1_73' title="bbox 468 4000 2089 4086">
    <p class='ocr_par' dir='ltr' id='par_1_73' title="bbox 468 4000 976 4065">
     <span class='ocr_line' id='line_1_74' title="bbox 468 4000 976 4065; baseline 0 0"><span class='ocrx_word' id='word_1_404' title='bbox 468 4001 759 4065; x_wconf 79' lang='lat' dir='ltr'><strong>habitabit</strong></span> <span class='ocrx_word' id='word_1_405' title='bbox 788 4000 849 4062; x_wconf 90' lang='lat' dir='ltr'><strong>in</strong></span> <span class='ocrx_word' id='word_1_406' title='bbox 883 4018 976 4065; x_wconf 86' lang='lat' dir='ltr'><strong>ea.</strong></span> 
     </span>
    </p>
   </div>
   <div class='ocr_carea' id='block_1_74' title="bbox 1270 4000 2891 4086">
    <p class='ocr_par' dir='ltr' id='par_1_74' title="bbox 2199 4009 2891 4086">
     <span class='ocr_line' id='line_1_75' title="bbox 2199 4009 2891 4086; baseline -0.006 -18"><span class='ocrx_word' id='word_1_407' title='bbox 2199 4012 2605 4076; x_wconf 78' lang='grc' dir='ltr'>κατασκηνὼσει</span> <span class='ocrx_word' id='word_1_408' title='bbox 2637 4009 2690 4066; x_wconf 84' lang='grc' dir='ltr'>ἐν</span> <span class='ocrx_word' id='word_1_409' title='bbox 2735 4009 2891 4086; x_wconf 72' lang='grc' dir='ltr'>αὐτῇ,</span> 
     </span>
    </p>
   </div>
   <div class='ocr_carea' id='block_1_75' title="bbox 553 4090 2174 4171">
    <p class='ocr_par' dir='ltr' id='par_1_75' title="bbox 553 4090 1832 4171">
     <span class='ocr_line' id='line_1_76' title="bbox 553 4090 1832 4171; baseline -0.001 -15"><span class='ocrx_word' id='word_1_410' title='bbox 553 4091 656 4156; x_wconf 88' lang='lat'><strong>38.</strong></span> <span class='ocrx_word' id='word_1_411' title='bbox 687 4090 913 4155; x_wconf 84' lang='lat' dir='ltr'><strong>Novum</strong></span> <span class='ocrx_word' id='word_1_412' title='bbox 967 4098 1412 4171; x_wconf 89' lang='lat' dir='ltr'><strong>testamentum,</strong></span> <span class='ocrx_word' id='word_1_413' title='bbox 1447 4105 1507 4153; x_wconf 92' lang='lat' dir='ltr'><strong>et</strong></span> <span class='ocrx_word' id='word_1_414' title='bbox 1533 4092 1680 4156; x_wconf 84' lang='lat' dir='ltr'><strong>lides</strong></span> <span class='ocrx_word' id='word_1_415' title='bbox 1702 4093 1832 4158; x_wconf 89' lang='lat' dir='ltr'><strong>Dei.</strong></span> 
     </span>
    </p>
   </div>
   <div class='ocr_carea' id='block_1_76' title="bbox 2000 4090 3621 4171">
    <p class='ocr_par' dir='ltr' id='par_1_76' title="bbox 2283 4097 3621 4168">
     <span class='ocr_line' id='line_1_77' title="bbox 2283 4097 3621 4168; baseline -0.004 -8"><span class='ocrx_word' id='word_1_416' title='bbox 2283 4099 2386 4163; x_wconf 85' lang='lat'><strong>38.</strong></span> <span class='ocrx_word' id='word_1_417' title='bbox 2419 4101 2485 4155; x_wconf 85' lang='grc' dir='ltr'>Ἢ</span> <span class='ocrx_word' id='word_1_418' title='bbox 2530 4099 2621 4155; x_wconf 89' lang='grc' dir='ltr'><strong>νέα</strong></span> <span class='ocrx_word' id='word_1_419' title='bbox 2653 4097 2879 4168; x_wconf 78' lang='grc' dir='ltr'>διαθήκη</span> <span class='ocrx_word' id='word_1_420' title='bbox 2925 4100 3012 4154; x_wconf 74' lang='grc' dir='ltr'><strong>καὶ</strong></span> <span class='ocrx_word' id='word_1_421' title='bbox 3055 4100 3090 4166; x_wconf 75' lang='grc' dir='ltr'>ἡ</span> <span class='ocrx_word' id='word_1_422' title='bbox 3124 4099 3297 4162; x_wconf 85' lang='grc' dir='ltr'>πίστις</span> <span class='ocrx_word' id='word_1_423' title='bbox 3329 4106 3424 4154; x_wconf 79' lang='grc' dir='ltr'>τοῦ</span> <span class='ocrx_word' id='word_1_424' title='bbox 3467 4102 3621 4154; x_wconf 79' lang='grc' dir='ltr'>Θεοῦ.</span> 
     </span>
    </p>
   </div>
   <div class='ocr_carea' id='block_1_77' title="bbox 551 4177 2172 4255">
    <p class='ocr_par' dir='ltr' id='par_1_77' title="bbox 551 4177 1430 4248">
     <span class='ocr_line' id='line_1_78' title="bbox 551 4177 1430 4248; baseline -0.007 0"><span class='ocrx_word' id='word_1_425' title='bbox 551 4181 654 4248; x_wconf 84' lang='grc'><strong>39.</strong></span> <span class='ocrx_word' id='word_1_426' title='bbox 685 4179 761 4243; x_wconf 89' lang='lat' dir='ltr'><strong>Et</strong></span> <span class='ocrx_word' id='word_1_427' title='bbox 791 4177 1107 4240; x_wconf 87' lang='lat' dir='ltr'><strong>multitudo</strong></span> <span class='ocrx_word' id='word_1_428' title='bbox 1140 4178 1430 4242; x_wconf 81' lang='lat' dir='ltr'><strong>ﬁdelium.</strong></span> 
     </span>
    </p>
   </div>
   <div class='ocr_carea' id='block_1_78' title="bbox 1648 4177 3269 4255">
    <p class='ocr_par' dir='ltr' id='par_1_78' title="bbox 2287 4187 3269 4255">
     <span class='ocr_line' id='line_1_79' title="bbox 2287 4187 3269 4255; baseline -0.01 -7"><span class='ocrx_word' id='word_1_429' title='bbox 2287 4187 2386 4252; x_wconf 76' lang='lat'><strong>39.</strong></span> <span class='ocrx_word' id='word_1_430' title='bbox 2421 4189 2526 4251; x_wconf 80' lang='grc' dir='ltr'><strong>Καὶ</strong></span> <span class='ocrx_word' id='word_1_431' title='bbox 2555 4195 2616 4244; x_wconf 87' lang='grc' dir='ltr'><strong>τὸ</strong></span> <span class='ocrx_word' id='word_1_432' title='bbox 2659 4187 2863 4255; x_wconf 76' lang='grc' dir='ltr'>πλῆθος</span> <span class='ocrx_word' id='word_1_433' title='bbox 2894 4193 3000 4244; x_wconf 85' lang='grc' dir='ltr'><strong>τῶν</strong></span> <span class='ocrx_word' id='word_1_434' title='bbox 3044 4192 3269 4247; x_wconf 84' lang='grc' dir='ltr'>πιστῶν,</span> 
     </span>
    </p>
   </div>
   <div class='ocr_carea' id='block_1_79' title="bbox 551 4266 2172 4356">
    <p class='ocr_par' dir='ltr' id='par_1_79' title="bbox 551 4266 2123 4348">
     <span class='ocr_line' id='line_1_80' title="bbox 551 4266 2123 4348; baseline 0.001 -14"><span class='ocrx_word' id='word_1_435' title='bbox 551 4270 654 4336; x_wconf 82' lang='grc'><strong>40.</strong></span> <span class='ocrx_word' id='word_1_436' title='bbox 687 4267 874 4332; x_wconf 84' lang='lat' dir='ltr'><strong>Filius</strong></span> <span class='ocrx_word' id='word_1_437' title='bbox 921 4266 984 4329; x_wconf 91' lang='lat' dir='ltr'><strong>in</strong></span> <span class='ocrx_word' id='word_1_438' title='bbox 1037 4267 1278 4343; x_wconf 89' lang='lat' dir='ltr'><strong>sanctis,</strong></span> <span class='ocrx_word' id='word_1_439' title='bbox 1311 4267 1414 4348; x_wconf 89' lang='lat' dir='ltr'><strong>qui</strong></span> <span class='ocrx_word' id='word_1_440' title='bbox 1443 4279 1584 4334; x_wconf 84' lang='lat' dir='ltr'><strong>sunt</strong></span> <span class='ocrx_word' id='word_1_441' title='bbox 1611 4272 1673 4333; x_wconf 90' lang='lat' dir='ltr'><strong>in</strong></span> <span class='ocrx_word' id='word_1_442' title='bbox 1705 4274 1980 4338; x_wconf 86' lang='lat' dir='ltr'><strong>mandato</strong></span> <span class='ocrx_word' id='word_1_443' title='bbox 2011 4279 2123 4338; x_wconf 81' lang='lat' dir='ltr'><strong>Pa-</strong></span> 
     </span>
    </p>
   </div>
   <div class='ocr_carea' id='block_1_80' title="bbox 2240 4266 3861 4356">
    <p class='ocr_par' dir='ltr' id='par_1_80' title="bbox 2285 4270 3861 4356">
     <span class='ocr_line' id='line_1_81' title="bbox 2285 4270 3861 4356; baseline -0.007 -18"><span class='ocrx_word' id='word_1_444' title='bbox 2285 4277 2388 4341; x_wconf 86' lang='grc'><strong>40.</strong></span> <span class='ocrx_word' id='word_1_445' title='bbox 2421 4277 2480 4336; x_wconf 86' lang='grc' dir='ltr'>Ὀ</span> <span class='ocrx_word' id='word_1_446' title='bbox 2513 4279 2628 4342; x_wconf 74' lang='grc' dir='ltr'>Υἱὸς</span> <span class='ocrx_word' id='word_1_447' title='bbox 2659 4277 2714 4335; x_wconf 81' lang='grc' dir='ltr'>ἐν</span> <span class='ocrx_word' id='word_1_448' title='bbox 2744 4290 2862 4340; x_wconf 79' lang='grc' dir='ltr'>τοῖς</span> <span class='ocrx_word' id='word_1_449' title='bbox 2893 4277 3089 4356; x_wconf 74' lang='grc' dir='ltr'>ἁγίοις,</span> <span class='ocrx_word' id='word_1_450' title='bbox 3135 4286 3254 4337; x_wconf 75' lang='grc' dir='ltr'>τοῖς</span> <span class='ocrx_word' id='word_1_451' title='bbox 3313 4273 3366 4330; x_wconf 79' lang='grc' dir='ltr'>ὲν</span> <span class='ocrx_word' id='word_1_452' title='bbox 3419 4275 3486 4349; x_wconf 77' lang='grc' dir='ltr'><strong>τῇ</strong></span> <span class='ocrx_word' id='word_1_453' title='bbox 3541 4270 3737 4346; x_wconf 61' lang='grc' dir='ltr'>ἕντολῇ</span> <span class='ocrx_word' id='word_1_454' title='bbox 3767 4278 3861 4330; x_wconf 79' lang='grc' dir='ltr'><strong>τοῦ</strong></span> 
     </span>
    </p>
   </div>
   <div class='ocr_carea' id='block_1_81' title="bbox 473 4359 2636 4445">
    <p class='ocr_par' dir='ltr' id='par_1_81' title="bbox 473 4359 2636 4445">
     <span class='ocr_line' id='line_1_82' title="bbox 473 4359 2636 4445; baseline -0.002 -17"><span class='ocrx_word' id='word_1_455' title='bbox 473 4362 581 4426; x_wconf 71' lang='grc' dir='ltr'>ιιιὶε</span> <span class='ocrx_word' id='word_1_456' title='bbox 610 4359 729 4422; x_wconf 70' lang='lat' dir='ltr'><strong>Sili-</strong></span> <span class='ocrx_word' id='word_1_457' title='bbox 2208 4370 2413 4445; x_wconf 83' lang='grc' dir='ltr'>Πατρὸς</span> <span class='ocrx_word' id='word_1_458' title='bbox 2457 4367 2636 4429; x_wconf 68' lang='grc' dir='ltr'>αυτοῦ,</span> 
     </span>
    </p>
   </div>
   <div class='ocr_carea' id='block_1_82' title="bbox 550 4445 2171 4538">
    <p class='ocr_par' dir='ltr' id='par_1_82' title="bbox 550 4445 2125 4538">
     <span class='ocr_line' id='line_1_83' title="bbox 550 4445 2125 4538; baseline 0.003 -26"><span class='ocrx_word' id='word_1_459' title='bbox 550 4450 652 4512; x_wconf 85' lang='grc'><strong>41.</strong></span> <span class='ocrx_word' id='word_1_460' title='bbox 681 4449 1046 4538; x_wconf 82' lang='lat' dir='ltr'><strong>Assumptus</strong></span> <span class='ocrx_word' id='word_1_461' title='bbox 1075 4464 1142 4509; x_wconf 91' lang='lat' dir='ltr'><strong>es</strong></span> <span class='ocrx_word' id='word_1_462' title='bbox 1179 4445 1239 4508; x_wconf 90' lang='lat' dir='ltr'><strong>in</strong></span> <span class='ocrx_word' id='word_1_463' title='bbox 1267 4445 1456 4538; x_wconf 89' lang='lat' dir='ltr'><strong>gloria</strong></span> <span class='ocrx_word' id='word_1_464' title='bbox 1497 4450 1802 4531; x_wconf 85' lang='lat' dir='ltr'><strong>accipiens</strong></span> <span class='ocrx_word' id='word_1_465' title='bbox 1863 4453 2125 4530; x_wconf 87' lang='lat' dir='ltr'><strong>captivos</strong></span> 
     </span>
    </p>
   </div>
   <div class='ocr_carea' id='block_1_83' title="bbox 2246 4445 3867 4538">
    <p class='ocr_par' dir='ltr' id='par_1_83' title="bbox 2290 4450 3867 4538">
     <span class='ocr_line' id='line_1_84' title="bbox 2290 4450 3867 4538; baseline -0.007 -19"><span class='ocrx_word' id='word_1_466' title='bbox 2290 4457 2391 4519; x_wconf 83' lang='grc'><strong>41.</strong></span> <span class='ocrx_word' id='word_1_467' title='bbox 2432 4455 2762 4538; x_wconf 77' lang='grc' dir='ltr'>Ἀνελήφθης</span> <span class='ocrx_word' id='word_1_468' title='bbox 2804 4458 2860 4512; x_wconf 80' lang='grc' dir='ltr'>ἐν</span> <span class='ocrx_word' id='word_1_469' title='bbox 2921 4454 3044 4532; x_wconf 79' lang='grc' dir='ltr'>δόξῃ</span> <span class='ocrx_word' id='word_1_470' title='bbox 3104 4453 3280 4512; x_wconf 77' lang='grc' dir='ltr'>λαϐὼν</span> <span class='ocrx_word' id='word_1_471' title='bbox 3301 4454 3425 4514; x_wconf 76' lang='grc' dir='ltr'>τοὺς</span> <span class='ocrx_word' id='word_1_472' title='bbox 3461 4450 3542 4524; x_wconf 85' lang='grc'><strong>(3)</strong></span> <span class='ocrx_word' id='word_1_473' title='bbox 3569 4450 3867 4530; x_wconf 76' lang='grc' dir='ltr'>αἱχμαλὼ-</span> 
     </span>
    </p>
   </div>
   <div class='ocr_carea' id='block_1_84' title="bbox 472 4536 2093 4627">
    <p class='ocr_par' dir='ltr' id='par_1_84' title="bbox 472 4536 1578 4627">
     <span class='ocr_line' id='line_1_85' title="bbox 472 4536 1578 4627; baseline -0.003 -21"><span class='ocrx_word' id='word_1_474' title='bbox 472 4542 536 4606; x_wconf 87' lang='lat' dir='ltr'><strong>in</strong></span> <span class='ocrx_word' id='word_1_475' title='bbox 571 4538 914 4603; x_wconf 89' lang='lat' dir='ltr'><strong>servitutem</strong></span> <span class='ocrx_word' id='word_1_476' title='bbox 945 4536 1230 4627; x_wconf 89' lang='lat' dir='ltr'><strong>redactos</strong></span> <span class='ocrx_word' id='word_1_477' title='bbox 1253 4555 1286 4598; x_wconf 90' lang='lat' dir='ltr'><strong>a</strong></span> <span class='ocrx_word' id='word_1_478' title='bbox 1317 4537 1578 4603; x_wconf 88' lang='lat' dir='ltr'><strong>diabolo.</strong></span> 
     </span>
    </p>
   </div>
   <div class='ocr_carea' id='block_1_85' title="bbox 1996 4536 3617 4627">
    <p class='ocr_par' dir='ltr' id='par_1_85' title="bbox 2209 4536 3617 4627">
     <span class='ocr_line' id='line_1_86' title="bbox 2209 4536 3617 4627; baseline -0.004 -22"><span class='ocrx_word' id='word_1_479' title='bbox 2209 4569 2356 4621; x_wconf 82' lang='grc' dir='ltr'>τους,</span> <span class='ocrx_word' id='word_1_480' title='bbox 2390 4548 2514 4610; x_wconf 66' lang='grc' dir='ltr'>τσὺς</span> <span class='ocrx_word' id='word_1_481' title='bbox 2539 4536 3068 4627; x_wconf 77' lang='grc' dir='ltr'>αἰχμαλωτισθέντας</span> <span class='ocrx_word' id='word_1_482' title='bbox 3096 4544 3196 4601; x_wconf 65' lang='grc' dir='ltr'>ὕπὸ</span> <span class='ocrx_word' id='word_1_483' title='bbox 3224 4549 3318 4600; x_wconf 80' lang='grc' dir='ltr'>τοῦ</span> <span class='ocrx_word' id='word_1_484' title='bbox 3350 4539 3617 4600; x_wconf 75' lang='grc' dir='ltr'>διαϐόλου.</span> 
     </span>
    </p>
   </div>
   <div class='ocr_carea' id='block_1_86' title="bbox 554 4626 2175 4710">
    <p class='ocr_par' dir='ltr' id='par_1_86' title="bbox 554 4626 1536 4708">
     <span class='ocr_line' id='line_1_87' title="bbox 554 4626 1536 4708; baseline -0.006 -14"><span class='ocrx_word' id='word_1_485' title='bbox 554 4631 660 4696; x_wconf 70' lang='grc'><strong>42.</strong></span> <span class='ocrx_word' id='word_1_486' title='bbox 693 4627 860 4691; x_wconf 90' lang='lat' dir='ltr'><strong>Dono</strong></span> <span class='ocrx_word' id='word_1_487' title='bbox 901 4626 1192 4708; x_wconf 83' lang='lat' dir='ltr'><strong>accepisti</strong></span> <span class='ocrx_word' id='word_1_488' title='bbox 1235 4627 1536 4690; x_wconf 89' lang='lat' dir='ltr'><strong>homines.</strong></span> 
     </span>
    </p>
   </div>
   <div class='ocr_carea' id='block_1_87' title="bbox 1791 4626 3412 4710">
    <p class='ocr_par' dir='ltr' id='par_1_87' title="bbox 2289 4626 3412 4710">
     <span class='ocr_line' id='line_1_88' title="bbox 2289 4626 3412 4710; baseline -0.01 -13"><span class='ocrx_word' id='word_1_489' title='bbox 2289 4636 2390 4697; x_wconf 74' lang='grc'><strong>42.</strong></span> <span class='ocrx_word' id='word_1_490' title='bbox 2425 4626 2668 4698; x_wconf 77' lang='grc' dir='ltr'>’Ἔλαϐες</span> <span class='ocrx_word' id='word_1_491' title='bbox 2698 4633 2902 4710; x_wconf 80' lang='grc' dir='ltr'>δόματα</span> <span class='ocrx_word' id='word_1_492' title='bbox 2930 4635 3051 4698; x_wconf 82' lang='grc' dir='ltr'>τοὺς</span> <span class='ocrx_word' id='word_1_493' title='bbox 3081 4634 3412 4710; x_wconf 79' lang='grc' dir='ltr'>ἀνθρὼπους,</span> 
     </span>
    </p>
   </div>
   <div class='ocr_carea' id='block_1_88' title="bbox 554 4716 2175 4804">
    <p class='ocr_par' dir='ltr' id='par_1_88' title="bbox 554 4716 2175 4804">
     <span class='ocr_line' id='line_1_89' title="bbox 554 4716 2175 4804; baseline -0.002 -18"><span class='ocrx_word' id='word_1_494' title='bbox 554 4720 654 4786; x_wconf 82' lang='grc'><strong>43.</strong></span> <span class='ocrx_word' id='word_1_495' title='bbox 687 4717 926 4782; x_wconf 87' lang='lat' dir='ltr'><strong>Etenim</strong></span> <span class='ocrx_word' id='word_1_496' title='bbox 963 4716 1160 4780; x_wconf 77' lang='lat' dir='ltr'><strong>fecisti</strong></span> <span class='ocrx_word' id='word_1_497' title='bbox 1191 4726 1255 4778; x_wconf 91' lang='lat' dir='ltr'><strong>ut</strong></span> <span class='ocrx_word' id='word_1_498' title='bbox 1301 4716 1406 4795; x_wconf 89' lang='lat' dir='ltr'><strong>qui</strong></span> <span class='ocrx_word' id='word_1_499' title='bbox 1434 4716 1545 4779; x_wconf 88' lang='lat' dir='ltr'><strong>tibi</strong></span> <span class='ocrx_word' id='word_1_500' title='bbox 1575 4727 1750 4781; x_wconf 89' lang='lat' dir='ltr'><strong>erant</strong></span> <span class='ocrx_word' id='word_1_501' title='bbox 1779 4728 1955 4782; x_wconf 91' lang='lat' dir='ltr'><strong>antea</strong></span> <span class='ocrx_word' id='word_1_502' title='bbox 1983 4721 2124 4782; x_wconf 81' lang='lat' dir='ltr'><strong>infi-</strong></span> <span class='ocrx_word' id='word_1_503' title='bbox 2153 4796 2175 4804; x_wconf 94' lang='lat'><strong><em>_</em></strong></span> 
     </span>
    </p>
   </div>
   <div class='ocr_carea' id='block_1_89' title="bbox 2255 4716 3876 4804">
    <p class='ocr_par' dir='ltr' id='par_1_89' title="bbox 2291 4717 3876 4804">
     <span class='ocr_line' id='line_1_90' title="bbox 2291 4717 3876 4804; baseline -0.008 -19"><span class='ocrx_word' id='word_1_504' title='bbox 2291 4725 2528 4788; x_wconf 77' lang='grc' dir='ltr'><strong>43.Καὶ</strong></span> <span class='ocrx_word' id='word_1_505' title='bbox 2588 4725 2692 4804; x_wconf 76' lang='grc' dir='ltr'><strong>γὰρ</strong></span> <span class='ocrx_word' id='word_1_506' title='bbox 2759 4724 3016 4790; x_wconf 77' lang='grc' dir='ltr'>ἐποίησας</span> <span class='ocrx_word' id='word_1_507' title='bbox 3076 4723 3198 4784; x_wconf 81' lang='grc' dir='ltr'>τοὺς</span> <span class='ocrx_word' id='word_1_508' title='bbox 3256 4717 3610 4780; x_wconf 78' lang='grc' dir='ltr'>ἀπειθοῦντάς</span> <span class='ocrx_word' id='word_1_509' title='bbox 3669 4739 3757 4774; x_wconf 87' lang='grc' dir='ltr'><strong>σοι</strong></span> <span class='ocrx_word' id='word_1_510' title='bbox 3812 4718 3876 4772; x_wconf 88' lang='grc' dir='ltr'><strong>τὸ</strong></span> 
     </span>
    </p>
   </div>
   <div class='ocr_carea' id='block_1_90' title="bbox 475 4796 2096 4895">
    <p class='ocr_par' dir='ltr' id='par_1_90' title="bbox 475 4807 1895 4891">
     <span class='ocr_line' id='line_1_91' title="bbox 475 4807 1895 4891; baseline -0.006 -15"><span class='ocrx_word' id='word_1_511' title='bbox 475 4809 669 4891; x_wconf 81' lang='lat' dir='ltr'><strong>doles,</strong></span> <span class='ocrx_word' id='word_1_512' title='bbox 701 4826 862 4870; x_wconf 89' lang='lat' dir='ltr'><strong>nunc</strong></span> <span class='ocrx_word' id='word_1_513' title='bbox 899 4815 1289 4888; x_wconf 83' lang='lat' dir='ltr'><strong>permaneant</strong></span> <span class='ocrx_word' id='word_1_514' title='bbox 1319 4807 1378 4868; x_wconf 92' lang='lat' dir='ltr'><strong>in</strong></span> <span class='ocrx_word' id='word_1_515' title='bbox 1415 4811 1729 4889; x_wconf 67' lang='lat' dir='ltr'><strong>praeceptis</strong></span> <span class='ocrx_word' id='word_1_516' title='bbox 1759 4807 1895 4870; x_wconf 89' lang='lat' dir='ltr'><strong>tuis.</strong></span> 
     </span>
    </p>
   </div>
   <div class='ocr_carea' id='block_1_91' title="bbox 2082 4796 3703 4895">
    <p class='ocr_par' dir='ltr' id='par_1_91' title="bbox 2152 4796 3703 4895">
     <span class='ocr_line' id='line_1_92' title="bbox 2152 4796 3703 4895; baseline 0 -25"><span class='ocrx_word' id='word_1_517' title='bbox 2152 4796 2467 4895; x_wconf 56' lang='grc' dir='ltr'><strong>ι⁵πρότερον</strong></span> <span class='ocrx_word' id='word_1_518' title='bbox 2513 4796 2899 4888; x_wconf 55' lang='grc' dir='ltr'>νῦνὲπιμένειν</span> <span class='ocrx_word' id='word_1_519' title='bbox 2946 4813 3002 4869; x_wconf 82' lang='grc' dir='ltr'>ἐν</span> <span class='ocrx_word' id='word_1_520' title='bbox 3031 4824 3154 4873; x_wconf 80' lang='grc' dir='ltr'>ταῖς</span> <span class='ocrx_word' id='word_1_521' title='bbox 3188 4808 3436 4871; x_wconf 76' lang='grc' dir='ltr'>ἐντολαῖς</span> <span class='ocrx_word' id='word_1_522' title='bbox 3470 4828 3564 4864; x_wconf 79' lang='grc' dir='ltr'><strong>σου</strong></span> <span class='ocrx_word' id='word_1_523' title='bbox 3593 4805 3703 4884; x_wconf 85' lang='grc'><strong>(4).</strong></span> 
     </span>
    </p>
   </div>
   <div class='ocr_carea' id='block_1_92' title="bbox 554 4895 2175 4981">
    <p class='ocr_par' dir='ltr' id='par_1_92' title="bbox 554 4895 1565 4977">
     <span class='ocr_line' id='line_1_93' title="bbox 554 4895 1565 4977; baseline -0.004 -12"><span class='ocrx_word' id='word_1_524' title='bbox 554 4900 653 4966; x_wconf 47' lang='grc'><strong>44.</strong></span> <span class='ocrx_word' id='word_1_525' title='bbox 682 4897 968 4962; x_wconf 72' lang='grc' dir='ltr'>Ᾱζιεηιυε</span> <span class='ocrx_word' id='word_1_526' title='bbox 997 4905 1059 4959; x_wconf 88' lang='lat' dir='ltr'><strong>et</strong></span> <span class='ocrx_word' id='word_1_527' title='bbox 1084 4900 1217 4959; x_wconf 91' lang='lat' dir='ltr'><strong>sine</strong></span> <span class='ocrx_word' id='word_1_528' title='bbox 1249 4895 1565 4977; x_wconf 86' lang='lat' dir='ltr'><strong>principio.</strong></span> 
     </span>
    </p>
   </div>
   <div class='ocr_carea' id='block_1_93' title="bbox 1410 4895 3031 4981">
    <p class='ocr_par' dir='ltr' id='par_1_93' title="bbox 1410 4897 3031 4981">
     <span class='ocr_line' id='line_1_94' title="bbox 1410 4897 3031 4981; baseline 0.001 -26"><span class='ocrx_word' id='word_1_529' title='bbox 1410 4897 1565 4977; x_wconf 83' lang='lat' dir='ltr'><strong>:ipio.</strong></span> <span class='ocrx_word' id='word_1_530' title='bbox 2290 4905 2394 4967; x_wconf 70' lang='grc'><strong>44,</strong></span> <span class='ocrx_word' id='word_1_531' title='bbox 2421 4900 2623 4966; x_wconf 79' lang='grc' dir='ltr'>Ἀ’ἱδιος</span> <span class='ocrx_word' id='word_1_532' title='bbox 2655 4903 2741 4958; x_wconf 82' lang='grc' dir='ltr'><strong>καὶ</strong></span> <span class='ocrx_word' id='word_1_533' title='bbox 2773 4902 3031 4981; x_wconf 74' lang='grc' dir='ltr'>ἄναρχος.</span> 
     </span>
    </p>
   </div>
   <div class='ocr_carea' id='block_1_94' title="bbox 552 4981 2173 5070">
    <p class='ocr_par' dir='ltr' id='par_1_94' title="bbox 552 4987 2134 5070">
     <span class='ocr_line' id='line_1_95' title="bbox 552 4987 2134 5070; baseline 0 -17"><span class='ocrx_word' id='word_1_534' title='bbox 552 4989 656 5053; x_wconf 79' lang='grc'><strong>45.</strong></span> <span class='ocrx_word' id='word_1_535' title='bbox 721 4991 794 5052; x_wconf 90' lang='lat' dir='ltr'><strong>Et</strong></span> <span class='ocrx_word' id='word_1_536' title='bbox 875 4987 1088 5066; x_wconf 85' lang='lat' dir='ltr'><strong>dirigat</strong></span> <span class='ocrx_word' id='word_1_537' title='bbox 1152 5003 1260 5064; x_wconf 82' lang='lat' dir='ltr'><strong>cor</strong></span> <span class='ocrx_word' id='word_1_538' title='bbox 1349 4996 1618 5048; x_wconf 89' lang='lat' dir='ltr'><strong>nostrum</strong></span> <span class='ocrx_word' id='word_1_539' title='bbox 1693 4987 1752 5048; x_wconf 91' lang='lat' dir='ltr'><strong>in</strong></span> <span class='ocrx_word' id='word_1_540' title='bbox 1841 4996 2134 5070; x_wconf 69' lang='lat' dir='ltr'><strong>prmcepta</strong></span> 
     </span>
    </p>
   </div>
   <div class='ocr_carea' id='block_1_95' title="bbox 2242 4981 3863 5070">
    <p class='ocr_par' dir='ltr' id='par_1_95' title="bbox 2293 4981 3863 5070">
     <span class='ocr_line' id='line_1_96' title="bbox 2293 4981 3863 5070; baseline -0.008 -17"><span class='ocrx_word' id='word_1_541' title='bbox 2293 4994 2394 5055; x_wconf 66' lang='lat'><strong>65.</strong></span> <span class='ocrx_word' id='word_1_542' title='bbox 2427 4993 2532 5052; x_wconf 76' lang='grc' dir='ltr'>Καὶ</span> <span class='ocrx_word' id='word_1_543' title='bbox 2588 4991 2884 5048; x_wconf 78' lang='grc' dir='ltr'>κατευθόοει</span> <span class='ocrx_word' id='word_1_544' title='bbox 2935 4987 3291 5070; x_wconf 67' lang='grc' dir='ltr'>[κατευθύναι]</span> <span class='ocrx_word' id='word_1_545' title='bbox 3353 4987 3445 5064; x_wconf 75' lang='grc'><strong>(5)</strong></span> <span class='ocrx_word' id='word_1_546' title='bbox 3484 4987 3585 5051; x_wconf 80' lang='grc' dir='ltr'>τὴν</span> <span class='ocrx_word' id='word_1_547' title='bbox 3647 4981 3863 5062; x_wconf 78' lang='grc' dir='ltr'>καρδίαν</span> 
     </span>
    </p>
   </div>
   <div class='ocr_carea' id='block_1_96' title="bbox 476 5079 3065 5161">
    <p class='ocr_par' dir='ltr' id='par_1_96' title="bbox 476 5079 3065 5161">
     <span class='ocr_line' id='line_1_97' title="bbox 476 5079 3065 5161; baseline -0.001 -18"><span class='ocrx_word' id='word_1_548' title='bbox 476 5097 607 5144; x_wconf 80' lang='lat' dir='ltr'><strong>sua.</strong></span> <span class='ocrx_word' id='word_1_549' title='bbox 2213 5087 2367 5161; x_wconf 73' lang='grc' dir='ltr'>ἡμῶν</span> <span class='ocrx_word' id='word_1_550' title='bbox 2400 5085 2473 5147; x_wconf 82' lang='grc' dir='ltr'>εἷς</span> <span class='ocrx_word' id='word_1_551' title='bbox 2503 5082 2600 5146; x_wconf 75' lang='grc' dir='ltr'>τὰς</span> <span class='ocrx_word' id='word_1_552' title='bbox 2631 5079 2850 5144; x_wconf 76' lang='grc' dir='ltr'>ἐντολὰς</span> <span class='ocrx_word' id='word_1_553' title='bbox 2883 5084 3065 5140; x_wconf 69' lang='grc' dir='ltr'>αυτοῦ.</span> 
     </span>
    </p>
   </div>
   <div class='ocr_carea' id='block_1_97' title="bbox 555 5167 2176 5244">
    <p class='ocr_par' dir='ltr' id='par_1_97' title="bbox 555 5167 1438 5237">
     <span class='ocr_line' id='line_1_98' title="bbox 555 5167 1438 5237; baseline -0.009 0"><span class='ocrx_word' id='word_1_554' title='bbox 555 5171 658 5237; x_wconf 87' lang='grc'><strong>46.</strong></span> <span class='ocrx_word' id='word_1_555' title='bbox 683 5171 856 5234; x_wconf 80' lang='lat' dir='ltr'><strong>Jesus</strong></span> <span class='ocrx_word' id='word_1_556' title='bbox 885 5167 1175 5232; x_wconf 86' lang='lat' dir='ltr'><strong>Dominus</strong></span> <span class='ocrx_word' id='word_1_557' title='bbox 1204 5175 1438 5232; x_wconf 89' lang='lat' dir='ltr'><strong>noster.</strong></span> 
     </span>
    </p>
   </div>
   <div class='ocr_carea' id='block_1_98' title="bbox 1501 5167 3122 5244">
    <p class='ocr_par' dir='ltr' id='par_1_98' title="bbox 2291 5167 3122 5244">
     <span class='ocr_line' id='line_1_99' title="bbox 2291 5167 3122 5244; baseline -0.014 -7"><span class='ocrx_word' id='word_1_558' title='bbox 2291 5172 2394 5236; x_wconf 87' lang='grc'><strong>46.</strong></span> <span class='ocrx_word' id='word_1_559' title='bbox 2428 5170 2639 5239; x_wconf 78' lang='grc' dir='ltr'>ἰησοῦς</span> <span class='ocrx_word' id='word_1_560' title='bbox 2667 5172 2694 5226; x_wconf 84' lang='grc' dir='ltr'>ὁ</span> <span class='ocrx_word' id='word_1_561' title='bbox 2725 5167 2917 5233; x_wconf 74' lang='grc' dir='ltr'>Κύριος</span> <span class='ocrx_word' id='word_1_562' title='bbox 2943 5171 3122 5244; x_wconf 74' lang='grc' dir='ltr'>ἡμῶν,</span> 
     </span>
    </p>
   </div>
   <div class='ocr_carea' id='block_1_99' title="bbox 558 5255 2179 5338">
    <p class='ocr_par' dir='ltr' id='par_1_99' title="bbox 558 5257 2130 5338">
     <span class='ocr_line' id='line_1_100' title="bbox 558 5257 2130 5338; baseline 0.001 -16"><span class='ocrx_word' id='word_1_563' title='bbox 558 5262 659 5325; x_wconf 78' lang='grc'><strong>47.</strong></span> <span class='ocrx_word' id='word_1_564' title='bbox 702 5257 940 5323; x_wconf 84' lang='lat' dir='ltr'><strong>Primus</strong></span> <span class='ocrx_word' id='word_1_565' title='bbox 968 5257 1129 5319; x_wconf 91' lang='lat' dir='ltr'><strong>enim</strong></span> <span class='ocrx_word' id='word_1_566' title='bbox 1169 5258 1297 5337; x_wconf 90' lang='lat' dir='ltr'><strong>ipse</strong></span> <span class='ocrx_word' id='word_1_567' title='bbox 1341 5275 1674 5338; x_wconf 83' lang='lat' dir='ltr'><strong>resurgens</strong></span> <span class='ocrx_word' id='word_1_568' title='bbox 1703 5277 1737 5320; x_wconf 87' lang='lat' dir='ltr'><strong>a</strong></span> <span class='ocrx_word' id='word_1_569' title='bbox 1769 5270 1960 5323; x_wconf 88' lang='lat' dir='ltr'><strong>morte</strong></span> <span class='ocrx_word' id='word_1_570' title='bbox 1989 5260 2130 5325; x_wconf 85' lang='lat' dir='ltr'><strong>fecit</strong></span> 
     </span>
    </p>
   </div>
   <div class='ocr_carea' id='block_1_100' title="bbox 2239 5255 3860 5338">
    <p class='ocr_par' dir='ltr' id='par_1_100' title="bbox 2293 5255 3860 5336">
     <span class='ocr_line' id='line_1_101' title="bbox 2293 5255 3860 5336; baseline -0.008 -14"><span class='ocrx_word' id='word_1_571' title='bbox 2293 5263 2392 5324; x_wconf 79' lang='grc'><strong>47.</strong></span> <span class='ocrx_word' id='word_1_572' title='bbox 2429 5263 2643 5336; x_wconf 76' lang='grc' dir='ltr'>Πρῶτος</span> <span class='ocrx_word' id='word_1_573' title='bbox 2705 5258 2805 5336; x_wconf 78' lang='grc' dir='ltr'><strong>γὰρ</strong></span> <span class='ocrx_word' id='word_1_574' title='bbox 2869 5260 3026 5322; x_wconf 77' lang='grc' dir='ltr'>αὒτὸς</span> <span class='ocrx_word' id='word_1_575' title='bbox 3082 5257 3310 5320; x_wconf 81' lang='grc' dir='ltr'>ἀναστὰς</span> <span class='ocrx_word' id='word_1_576' title='bbox 3376 5255 3437 5311; x_wconf 73' lang='grc' dir='ltr'>ἐκ</span> <span class='ocrx_word' id='word_1_577' title='bbox 3495 5260 3587 5310; x_wconf 81' lang='grc' dir='ltr'>τοῦ</span> <span class='ocrx_word' id='word_1_578' title='bbox 3634 5255 3860 5310; x_wconf 67' lang='lat' dir='ltr'><strong>Davum</strong></span> 
     </span>
    </p>
   </div>
   <div class='ocr_carea' id='block_1_101' title="bbox 479 5347 2100 5432">
    <p class='ocr_par' dir='ltr' id='par_1_101' title="bbox 479 5347 1358 5432">
     <span class='ocr_line' id='line_1_102' title="bbox 479 5347 1358 5432; baseline -0.007 -15"><span class='ocrx_word' id='word_1_579' title='bbox 479 5355 701 5418; x_wconf 78' lang='lat' dir='ltr'><strong>exitum</strong></span> <span class='ocrx_word' id='word_1_580' title='bbox 732 5349 808 5413; x_wconf 87' lang='lat' dir='ltr'><strong>iis</strong></span> <span class='ocrx_word' id='word_1_581' title='bbox 829 5349 928 5432; x_wconf 90' lang='lat' dir='ltr'><strong>qui</strong></span> <span class='ocrx_word' id='word_1_582' title='bbox 956 5347 1358 5411; x_wconf 86' lang='lat' dir='ltr'><strong>dormierunt.</strong></span> 
     </span>
    </p>
   </div>
   <div class='ocr_carea' id='block_1_102' title="bbox 1644 5347 3265 5432">
    <p class='ocr_par' dir='ltr' id='par_1_102' title="bbox 2211 5347 3265 5424">
     <span class='ocr_line' id='line_1_103' title="bbox 2211 5347 3265 5424; baseline -0.008 -14"><span class='ocrx_word' id='word_1_583' title='bbox 2211 5351 2460 5419; x_wconf 73' lang='grc' dir='ltr'>ἐποίησεν</span> <span class='ocrx_word' id='word_1_584' title='bbox 2493 5347 2667 5416; x_wconf 68' lang='grc' dir='ltr'><strong>’ἐξειδον</strong></span> <span class='ocrx_word' id='word_1_585' title='bbox 2699 5349 2820 5414; x_wconf 80' lang='grc' dir='ltr'>τοῖς</span> <span class='ocrx_word' id='word_1_586' title='bbox 2852 5347 3265 5424; x_wconf 83' lang='grc' dir='ltr'>κεκοιμημένοις</span> 
     </span>
    </p>
   </div>
   <div class='ocr_carea' id='block_1_103' title="bbox 1518 5453 2836 5540">
    <p class='ocr_par' dir='ltr' id='par_1_103' title="bbox 1518 5453 2836 5540">
     <span class='ocr_line' id='line_1_104' title="bbox 1518 5453 2836 5540; baseline 0.002 -22"><span class='ocrx_word' id='word_1_587' title='bbox 1518 5453 1820 5520; x_wconf 84' lang='lat' dir='ltr'><strong>Addenda</strong></span> <span class='ocrx_word' id='word_1_588' title='bbox 1849 5461 1913 5522; x_wconf 87' lang='lat' dir='ltr'><strong>et</strong></span> <span class='ocrx_word' id='word_1_589' title='bbox 1944 5459 2317 5540; x_wconf 85' lang='lat' dir='ltr'><strong>corrigenda</strong></span> <span class='ocrx_word' id='word_1_590' title='bbox 2346 5475 2422 5523; x_wconf 86' lang='lat' dir='ltr'><strong>ex</strong></span> <span class='ocrx_word' id='word_1_591' title='bbox 2455 5457 2595 5522; x_wconf 91' lang='lat' dir='ltr'><strong>cod.</strong></span> <span class='ocrx_word' id='word_1_592' title='bbox 2629 5453 2836 5520; x_wconf 85' lang='lat' dir='ltr'><strong>Vatic.</strong></span> 
     </span>
    </p>
   </div>
   <div class='ocr_carea' id='block_1_104' title="bbox 561 5556 2646 5649">
    <p class='ocr_par' dir='ltr' id='par_1_104' title="bbox 561 5556 2646 5649">
     <span class='ocr_line' id='line_1_105' title="bbox 561 5556 2646 5649; baseline -0 -24"><span class='ocrx_word' id='word_1_593' title='bbox 561 5559 746 5649; x_wconf 63' lang='lat' dir='ltr'><strong>(HN.</strong></span> <span class='ocrx_word' id='word_1_594' title='bbox 770 5561 872 5626; x_wconf 84' lang='lat'><strong>3|.</strong></span> <span class='ocrx_word' id='word_1_595' title='bbox 927 5558 1024 5623; x_wconf 76' lang='grc' dir='ltr'><strong>Ἐν</strong></span> <span class='ocrx_word' id='word_1_596' title='bbox 1067 5567 1170 5636; x_wconf 84' lang='grc' dir='ltr'>τῷ,</span> <span class='ocrx_word' id='word_1_597' title='bbox 1205 5565 1320 5649; x_wconf 75' lang='lat' dir='ltr'><strong>etc.</strong></span> <span class='ocrx_word' id='word_1_598' title='bbox 1357 5556 1430 5621; x_wconf 81' lang='grc' dir='ltr'><strong>Ν.</strong></span> <span class='ocrx_word' id='word_1_599' title='bbox 1475 5559 1578 5649; x_wconf 63' lang='grc' dir='ltr'><strong>ξῖ.</strong></span> <span class='ocrx_word' id='word_1_600' title='bbox 1610 5559 2020 5649; x_wconf 64' lang='grc' dir='ltr'>Καθαξίσονται,</span> <span class='ocrx_word' id='word_1_601' title='bbox 2055 5567 2130 5633; x_wconf 84' lang='grc' dir='ltr'><strong>Ν,</strong></span> <span class='ocrx_word' id='word_1_602' title='bbox 2417 5567 2544 5649; x_wconf 78' lang='grc' dir='ltr'>’Ἵνα</span> <span class='ocrx_word' id='word_1_603' title='bbox 2573 5566 2646 5649; x_wconf 71' lang='grc' dir='ltr'>τί.</span> 
     </span>
    </p>
   </div>
   <div class='ocr_carea' id='block_1_105' title="bbox 475 5639 2096 5725">
    <p class='ocr_par' dir='ltr' id='par_1_105' title="bbox 475 5639 2096 5725">
     <span class='ocr_line' id='line_1_106' title="bbox 475 5639 2096 5725; baseline 0 -19"><span class='ocrx_word' id='word_1_604' title='bbox 475 5639 582 5712; x_wconf 68' lang='lat'><strong>33.</strong></span> <span class='ocrx_word' id='word_1_605' title='bbox 606 5644 740 5725; x_wconf 76' lang='grc' dir='ltr'>τὴν,</span> <span class='ocrx_word' id='word_1_606' title='bbox 763 5652 906 5720; x_wconf 88' lang='lat' dir='ltr'><strong>etc.,</strong></span> <span class='ocrx_word' id='word_1_607' title='bbox 927 5659 1066 5725; x_wconf 65' lang='lat' dir='ltr'><strong>mox</strong></span> <span class='ocrx_word' id='word_1_608' title='bbox 1095 5658 1199 5722; x_wconf 89' lang='lat' dir='ltr'><strong>pro</strong></span> <span class='ocrx_word' id='word_1_609' title='bbox 1230 5643 1318 5725; x_wconf 62' lang='grc' dir='ltr'><strong>καί</strong></span> <span class='ocrx_word' id='word_1_610' title='bbox 1351 5641 1588 5723; x_wconf 75' lang='lat' dir='ltr'><strong>pmfert</strong></span> <span class='ocrx_word' id='word_1_611' title='bbox 1614 5643 1736 5712; x_wconf 76' lang='grc' dir='ltr'>τήν.</span> <span class='ocrx_word' id='word_1_612' title='bbox 1770 5639 1817 5702; x_wconf 87' lang='grc' dir='ltr'>Ν</span> <span class='ocrx_word' id='word_1_613' title='bbox 1829 5691 1842 5725; x_wconf 73' lang='grc'><strong>.</strong></span> <span class='ocrx_word' id='word_1_614' title='bbox 1874 5643 1977 5712; x_wconf 75' lang='grc'><strong>34.</strong></span> <span class='ocrx_word' id='word_1_615' title='bbox 2005 5658 2096 5708; x_wconf 64' lang='grc' dir='ltr'>Συι</span> 
     </span>
    </p>
   </div>
   <div class='ocr_carea' id='block_1_106' title="bbox 1136 5639 2757 5725">
    <p class='ocr_par' dir='ltr' id='par_1_106' title="bbox 1136 5639 2757 5725">
     <span class='ocr_line' id='line_1_107' title="bbox 1136 5639 2757 5725; baseline 0.002 -22"><span class='ocrx_word' id='word_1_616' title='bbox 1136 5658 1199 5703; x_wconf 89' lang='lat' dir='ltr'><strong>ro</strong></span> <span class='ocrx_word' id='word_1_617' title='bbox 1230 5643 1318 5725; x_wconf 62' lang='grc' dir='ltr'><strong>καί</strong></span> <span class='ocrx_word' id='word_1_618' title='bbox 1351 5641 1588 5723; x_wconf 75' lang='lat' dir='ltr'><strong>pmfert</strong></span> <span class='ocrx_word' id='word_1_619' title='bbox 1614 5643 1736 5712; x_wconf 76' lang='grc' dir='ltr'>τήν.</span> <span class='ocrx_word' id='word_1_620' title='bbox 1770 5639 1817 5702; x_wconf 87' lang='grc' dir='ltr'>Ν</span> <span class='ocrx_word' id='word_1_621' title='bbox 1829 5691 1842 5725; x_wconf 73' lang='lat'><strong>.</strong></span> <span class='ocrx_word' id='word_1_622' title='bbox 1874 5643 1977 5712; x_wconf 75' lang='grc'><strong>34.</strong></span> <span class='ocrx_word' id='word_1_623' title='bbox 2005 5658 2133 5708; x_wconf 78' lang='grc' dir='ltr'>Συνο</span> <span class='ocrx_word' id='word_1_624' title='bbox 2299 5639 2375 5722; x_wconf 66' lang='grc' dir='ltr'><strong>(3ᾗ</strong></span> <span class='ocrx_word' id='word_1_625' title='bbox 2405 5647 2533 5714; x_wconf 76' lang='grc' dir='ltr'>τούς</span> <span class='ocrx_word' id='word_1_626' title='bbox 2563 5645 2757 5710; x_wconf 90' lang='lat' dir='ltr'><strong>deest.</strong></span> 
     </span>
    </p>
   </div>
   <div class='ocr_carea' id='block_1_107' title="bbox 477 5721 2098 5806">
    <p class='ocr_par' dir='ltr' id='par_1_107' title="bbox 477 5721 2098 5806">
     <span class='ocr_line' id='line_1_108' title="bbox 477 5721 2098 5806; baseline 0.002 -22"><span class='ocrx_word' id='word_1_627' title='bbox 477 5721 803 5806; x_wconf 66' lang='grc' dir='ltr'>εσφιγμίίνην</span> <span class='ocrx_word' id='word_1_628' title='bbox 846 5721 1014 5806; x_wconf 73' lang='lat' dir='ltr'><strong>(sed</strong></span> <span class='ocrx_word' id='word_1_629' title='bbox 1057 5721 1170 5806; x_wconf 63' lang='lat' dir='ltr'><strong>leg.</strong></span> <span class='ocrx_word' id='word_1_630' title='bbox 1220 5721 1367 5786; x_wconf 53' lang='lat' dir='ltr'><strong>vidf</strong></span> <span class='ocrx_word' id='word_1_631' title='bbox 1419 5721 1962 5804; x_wconf 74' lang='grc' dir='ltr'>συνεσφραγιπμίνην)</span> <span class='ocrx_word' id='word_1_632' title='bbox 2031 5731 2098 5800; x_wconf 72' lang='grc' dir='ltr'>τὴ</span> 
     </span>
    </p>
   </div>
   <div class='ocr_carea' id='block_1_108' title="bbox 1105 5721 2726 5806">
    <p class='ocr_par' dir='ltr' id='par_1_108' title="bbox 1105 5721 2726 5805">
     <span class='ocr_line' id='line_1_109' title="bbox 1105 5721 2726 5805; baseline 0.006 -26"><span class='ocrx_word' id='word_1_633' title='bbox 1105 5741 1170 5804; x_wconf 71' lang='grc' dir='ltr'><strong>ιε,</strong></span> <span class='ocrx_word' id='word_1_634' title='bbox 1220 5721 1367 5786; x_wconf 26' lang='lat' dir='ltr'><strong>vid;</strong></span> <span class='ocrx_word' id='word_1_635' title='bbox 1419 5721 1962 5804; x_wconf 73' lang='grc' dir='ltr'>συνεσφραγιπμένην)</span> <span class='ocrx_word' id='word_1_636' title='bbox 2031 5731 2130 5800; x_wconf 73' lang='grc' dir='ltr'><strong>τὴν</strong></span> <span class='ocrx_word' id='word_1_637' title='bbox 2297 5721 2372 5805; x_wconf 71' lang='grc'><strong>(4)</strong></span> <span class='ocrx_word' id='word_1_638' title='bbox 2403 5735 2504 5785; x_wconf 82' lang='grc' dir='ltr'>Σου</span> <span class='ocrx_word' id='word_1_639' title='bbox 2535 5725 2726 5790; x_wconf 89' lang='lat' dir='ltr'><strong>deest.</strong></span> 
     </span>
    </p>
   </div>
   <div class='ocr_carea' id='block_1_109' title="bbox 479 5802 2753 5894">
    <p class='ocr_par' dir='ltr' id='par_1_109' title="bbox 479 5802 2753 5894">
     <span class='ocr_line' id='line_1_110' title="bbox 479 5802 2753 5894; baseline 0.001 -30"><span class='ocrx_word' id='word_1_640' title='bbox 479 5802 758 5887; x_wconf 61' lang='grc' dir='ltr'>παρθενίαν</span> <span class='ocrx_word' id='word_1_641' title='bbox 801 5802 965 5886; x_wconf 69' lang='grc' dir='ltr'>αὐτῆς</span> <span class='ocrx_word' id='word_1_642' title='bbox 994 5802 1180 5873; x_wconf 49' lang='grc' dir='ltr'>δηλοῖῑ.</span> <span class='ocrx_word' id='word_1_643' title='bbox 1595 5802 1598 5803; x_wconf 15' lang='grc' dir='ltr'><em>ν</em></span> <span class='ocrx_word' id='word_1_644' title='bbox 1947 5802 1951 5804; x_wconf 41' lang='grc'><strong>’</strong></span> <span class='ocrx_word' id='word_1_645' title='bbox 2411 5809 2753 5871; x_wconf 74' lang='grc' dir='ltr'>Κατιυθυνεῖ.</span> 
     </span>
    </p>
   </div>
  </div>
