4104 6206
269 346 374 410 921
914 431 919 435 _
1120 347 1214 409 DE
1254 344 1563 409 TITULIS
1605 346 2093 408 PSALMORUM.
2146 378 2218 388 —-
2266 345 2449 407 PSAL
2520 343 2787 408 LXVIII.
3512 347 3627 411 922

341 481 440 547 81.
479 483 541 542 Ὀ
575 486 703 549 Θεὸς
750 482 986 563 Ἰσραήλ⁶
1024 484 1180 546 aut;
1209 481 1365 540 δώσει
1391 481 1608 557 δύναμιν
1631 484 1718 541 καὶ
1760 503 1897 560 κρα-
1918 488 1957 537 Α

2062 479 2131 540 81
2185 481 2342 542 Deus
2372 479 2578 557 Israel;
2612 480 2739 558 ipse
2770 478 2932 542 dabit
2956 485 3257 555 virtutem,
3292 489 3350 543 et
3377 482 3624 546 fortitu-

258 574 473 629 ταίωσιν
503 578 581 647 τῷ
623 572 739 649 λαῷ
770 574 955 636 αυτοῦ,

946 621 955 636 ,
1991 566 2189 629 dinem
2224 567 2383 648 plebi
2409 587 2531 631 sua)
2552 586 2567 640 ;

342 661 440 724 82.
490 661 791 740 Εὐλογητὸς
818 665 845 718 ὁ
870 663 1024 725 Θεός.

2070 658 2171 721 82.
2218 658 2580 721 Benedictus
2609 657 2793 721 Deus.

266 752 354 809 Et:
385 753 447 807 τὸ
478 750 654 832 τέλος,
690 750 816 830 δπὲρ
856 758 964 809 τῶν
993 750 1535 825 ἀλλοιωθησομένων,
1571 750 1801 825 Ψαλμὸς
1832 753 1887 821 τι]

2011 748 2085 811 In
2110 750 2313 830 ﬁnem,
2359 769 2479 829 pra
2511 753 2591 813 iis
2620 754 2727 831 qui
2754 752 3305 824 committebantur,
3352 756 3632 832 psalmus

785 838 967 901 Δαϐίό.
1002 846 1170 902 ΨΑΛ.
1206 840 1351 902 ΞΗ’.

2431 840 2657 904 David.
2693 841 2924 903 PSAL.
2959 840 3226 905 LXVIII.

344 931 397 992 1,
445 931 626 988 Σῶσόν
657 952 746 1007 με,
782 932 810 987 ὁ
841 930 994 1006 Θεὸς,
1028 931 1108 986 ὅτι
1140 928 1452 998 εἰσήλθοσαν
1482 926 1644 984 ὕδατα
1672 929 1771 989 sm.-
1795 931 1899 1001 ψυ-

2065 934 2125 994 1.
2158 932 2391 994 Salvum
2426 952 2521 995 me
2550 934 2664 1006 fac,
2718 933 2875 995 Deus
2925 934 3205 1014 quoniam
3264 936 3629 999 intraverunt

257 1024 371 1099 χῆς
416 1042 539 1094 μου.

1985 1036 2153 1099 aqua;
2178 1039 2368 1098 usque
2399 1021 2472 1082 ad
2508 1022 2765 1083 animam
2800 1039 3014 1085 meam.

331 1107 395 1172 2.
448 1109 748 1187 Ἐνεπάγην
778 1111 848 1175 είς
880 1109 991 1165 ἱλὺν
1022 1110 1202 1187 βυθοῦ,
1232 1108 1320 1164 καὶ
1349 1109 1444 1164 οὑκ
1483 1110 1629 1163 ἔστιν
1658 1108 1898 1161 imoqu-

2062 1107 2123 1171 2.
2169 1107 2389 1171 Infixus
2420 1128 2548 1171 sum
2581 1111 2644 1171 in
2677 1111 2818 1173 limo
2843 1110 3208 1192 profundi,et
3238 1130 3358 1173 non
3384 1120 3475 1174 est
3496 1112 3628 1175 sub-

249 1218 359 1263 σις.

1991 1197 2226 1259 stantia.

326 1286 389 1349 3.
434 1282 626 1346 Ἦλθον
669 1290 741 1351 εὶς
800 1290 868 1345 τὰ
921 1288 1057 1364 βάθη
1087 1292 1187 1353 τῆς
1217 1285 1518 1362 θαλάσσης,
1553 1286 1638 1340 καὶ
1670 1286 1895 1361 καταγὶς

2061 1284 2117 1349 3.
2168 1286 2317 1348 Veni
2344 1285 2406 1349 in
2438 1289 2809 1351 altitudinem
2846 1289 3047 1352 maris.
3083 1298 3141 1350 et
3173 1296 3492 1372 tempestas
3514 1291 3622 1353 de-

248 1396 379 1433 κατε
422 1378 644 1436 πόντισέ
675 1400 767 1454 με.

718 1400 767 1439 ε.
1982 1375 2193 1438 mersit
2224 1394 2339 1439 me.

333 1464 396 1529 4.
469 1465 761 1523 Ἐκοπίασα
842 1466 1050 1545 κράξων
1075 1512 1091 1538 ,
1173 1462 1523 1542 ἐϐραγχίασέν
1600 1466 1627 1517 ὁ
1703 1461 1897 1539 λαρυγξ

2059 1467 2119 1527 4.
2169 1465 2452 1528 Laboravi
2486 1468 2771 1549 clamans,
2808 1486 3002 1529 raucae
3045 1468 3214 1529 tactae
3245 1478 3383 1529 sunt
3424 1468 3622 1532 fauces

247 1570 380 1630 μοῡ.

1983 1571 2153 1618 ωθεθ.

328 1644 391 1709 5.
440 1645 718 1711 Ἐξέλιπον
747 1648 795 1702 οἱ
826 1643 1088 1725 ὀφθαλμοί
1142 1665 1240 1717 μου
1278 1644 1384 1699 ἀπὸ
1432 1649 1524 1699 τοῦ
1579 1640 1789 1712 ἐλπίζεν
1823 1662 1890 1715 με

2061 1646 2116 1707 5.
2168 1643 2532 1708 Defecerunt
2561 1649 2713 1710 oculi
2750 1651 2887 1726 mei,
2923 1648 3062 1708 dum
3120 1665 3297 1727 spero
3331 1649 3389 1709 in
3432 1648 3618 1712 Deum

245 1736 335 1791 hri
372 1736 461 1792 τὸν
482 1736 612 1791 Θεόν
642 1757 765 1809 μοι..

573 1737 612 1790 ἰν
642 1757 765 1809 μοι..
1977 1750 2194 1795 meum.

324 1824 387 1885 6.
440 1824 873 1892 Ἐπληθυνθησαν
899 1823 1030 1900 ὑπὲρ
1059 1824 1153 1885 τὰς
1187 1824 1379 1902 τρίχας
1413 1823 1506 1888 τῆς
1526 1818 1768 1899 κεφαλῆς
1790 1840 1890 1894 μου

2053 1822 2115 1883 6.
2162 1823 2566 1904 Multiplicatze
2589 1834 2725 1887 sunt
2751 1843 2932 1907 super
2964 1827 3209 1907 capillos
3231 1826 3445 1906 capitis
3474 1830 3612 1907 mei,

244 1916 291 1970 οἱ
327 1915 604 1988 μισοῦντες
635 1934 701 1989 με
731 1910 953 1991 δωρέἆν.

1538 1998 1551 2013 ⁸
1606 1996 1628 2013 ⁸
1675 1998 1686 2013 ι
1842 1996 1852 2013 ¹
1910 1910 2086 2013 Bqui
2115 1911 2372 2013 oderunt
2402 1933 2497 1977 me
2519 1914 2722 1991 gratis.

325 2002 388 2066 7.
437 2000 904 2081 Ἐκραταιώθησαν
935 2005 982 2059 οἱ
1013 2000 1195 2080 ἐχθροί
1249 2023 1376 2074 μου,
1432 2001 1479 2054 οἱ
1538 1996 1946 2061 ἓκδιώκοντέςν

2055 2001 2109 2061 7.
2156 2000 2482 2064 Confortati
2510 2012 2671 2078 sunt,
2706 2010 2803 2084 qui
2839 2004 3139 2083 persecuti
3178 2010 3314 2064 sunt
3352 2022 3470 2079 me,
3494 2003 3614 2065 ini-

239 2114 311 2166 με
346 2090 561 2155 ἀδίκως.

1969 2088 2112 2154 mici
2146 2091 2263 2151 mei
2298 2091 2522 2172 injuste
2555 2112 2569 2154 :

316 2183 381 2244 3.
426 2181 512 2238 ’Ἃ
541 2182 646 2260 οὺχ
679 2179 936 2259 ἥρπαζον,
970 2181 1090 2237 τότε
1117 2178 1453 2237 ἆπετίννυον.

2046 2184 2110 2242 8.
2155 2180 2299 2252 Quae
2328 2200 2448 2243 non
2478 2183 2674 2263 rapui,
2710 2191 2847 2245 tunc
2872 2183 3272 2247 exsolvebam.

320 2270 380 2331 9.
432 2269 490 2329 Ὀ
523 2272 677 2341 Θεὸς,
712 2270 773 2325 σὺ
812 2269 976 2348 ἔγνως
1020 2272 1118 2338 τὴν
1150 2268 1448 2348 ἀφροσύνην
1493 2289 1620 2341 μου,

2045 2268 2106 2330 9.
2156 2267 2337 2344 Deus,
2371 2278 2431 2333 tu
2461 2271 2577 2333 scis
2603 2273 3004 2352 insipientiam
3035 2291 3251 2354 meam,

327 2357 424 2423 10.
472 2360 568 2417 Καὶ
595 2361 646 2414 αἱ
678 2356 1044 2434 πλημμέλειαι
1103 2381 1203 2432 μου
1239 2358 1345 2414 ἀπὸ
1401 2359 1495 2413 σοῦ
1527 2357 1621 2412 οὐκ
1651 2354 1886 2431 ἀπεκρύ-

2060 2358 2153 2419 ιΟ.
2204 2359 2275 2420 Et
2334 2359 2552 2422 delicta
2602 2379 2733 2423 mea
2780 2380 2815 2424 a
2871 2370 2927 2424 te
2993 2380 3110 2423 non
3166 2371 3305 2425 sunt
3356 2362 3612 2426 abscon-

231 2447 436 2517 ϐησαν.
1974 2444 2096 2506 dita
2111 2496 2124 2509 .

316 2538 418 2599 ‘H.
469 2538 555 2606 Μὴ
596 2537 1005 2616 αἰσχυνθείησαν
1055 2534 1141 2592 ἐπ’
1175 2535 1271 2610 ἐμὲ
1316 2538 1363 2592 οἱ
1409 2533 1769 2610 ὑπομένοντές
1804 2554 1886 2608 σε,

1987 2621 2005 2623 _
2055 2536 2150 2597 ll.
2200 2536 2328 2597 Non
2364 2537 2721 2602 erubescant
2752 2541 2813 2602 in
2846 2560 2942 2604 me
2993 2547 3093 2622 qui
3143 2550 3487 2623 exspectant
3531 2550 3608 2618 te,

236 2627 431 2704 Κύριε,
466 2637 621 2705 Κύριε
651 2632 761 2683 τῶν
789 2624 1085 2702 δυνάμεων.

1974 2621 2247 2698 Domine,
2282 2627 2537 2690 Domine
2567 2629 2886 2692 vitututum
2915 2653 2927 2689 :

1378 2723 1795 2791 ATHANASII
1841 2725 2466 2797 INTERPRETATIO.

315 2840 418 2913 81,
446 2840 545 2902 8Ξ.
591 2839 651 2897 Ὀ
684 2841 814 2902 Θεὸς
844 2843 950 2895 τῶν
981 2842 1223 2917 γαθαρῶν
1250 2844 1319 2915 τῇ
1348 2836 1554 2915 καρδίᾳ,
1588 2834 1739 2898 αὐτὸς
1770 2832 1879 2923 δῴ-

2044 2837 2142 2912 81,
2178 2837 2278 2901 82.
2324 2838 2484 2902 Deus
2515 2857 2721 2903 eorum
2755 2843 2856 2923 qui
2882 2843 3063 2906 corde
3094 2844 3299 2905 mundi
3329 2853 3493 2918 sunt,
3519 2848 3611 2923 ip-

234 2952 323 2987 σει
352 2932 413 2986 τὸ
456 2936 668 2999 Πνεῦμα
696 2929 758 2985 τὸ
787 2926 939 3006 ἅγιον
979 2939 1096 2990 τοῖς
1148 2930 1526 3006 πειθαρχοῦσιν
1578 2926 1742 2998 αὐτῷ’
1793 2922 1846 2979 δε

1985 2943 2032 2987 ιθ
2063 2925 2231 2987 dabit
2260 2925 2544 3006 Spiritum
2580 2922 2848 2994 sanctum
2885 2937 2993 3012 eis,
3029 2932 3131 3014 qui
3160 2933 3270 3014 ipsi
3302 2932 3606 3007 obediunt,

239 3018 561 3095 δοξασμένος
592 3016 693 3095 γὰρ
724 3016 868 3074 ἔστιν
890 3015 944 3071 ἐν
987 3017 1194 3080 αὐτοῖς.

1967 3029 2100 3074 nam
2128 3015 2500 3093 gloriﬁcatus
2524 3027 2616 3080 est
2643 3018 2705 3080 in
2736 3020 2903 3101 ipsis.

317 3106 383 3165 Ἦ
436 3105 761 3186 προκειμένη
806 3105 1072 3184 ἐπιγραφὴ
1115 3103 1359 3185 περιέχει
1418 3102 1508 3181 (1)
1544 3118 1557 3132 “
1611 3104 1694 3165 Εἰς
1759 3104 1811 3158 τὸ
1882 3102 2057 3178 τέλος,
2103 3105 2232 3180 ὑπὲρ
2275 3106 2381 3162 τῶν
2440 3100 2977 3191 ἀλλοιωθησομὲνων,
3041 3111 3257 3187 ψαλμὸς
3312 3120 3387 3187 τῷ
3435 3100 3613 3169 Δαϐὶδῖ

234 3200 408 3259 Τοῦτο
437 3200 525 3258 οῦν
557 3199 726 3279 λέγει,
775 3199 860 3255 ἐπὶ
905 3196 1047 3255 τέλει
1092 3203 1197 3254 τῶν
1222 3198 1426 3254 αἰώνων
1457 3198 1585 3275 ὑπὲρ
1631 3202 1736 3252 τῶν
1766 3193 2207 3270 μεταϐληθέντων
2250 3198 2413 3255 ἐθνῶν
2443 3201 2549 3257 ἀπὸ
2580 3208 2677 3269 τῆς
2708 3205 2969 3279 ἁμαρτίας
3015 3207 3089 3269 εἰς
3134 3207 3223 3262 τὸν
3275 3206 3485 3283 Κύριον,
3520 3202 3608 3262 καὶ

228 3299 340 3354 τῶν
384 3292 651 3353 Ἰουδαίων
680 3300 785 3349 τῶν
820 3292 1256 3367 μεταϐληθέντων
1286 3291 1392 3349 ἀπὸ
1422 3298 1528 3348 τῶν
1572 3290 1802 3348 ἐντολῶν
1848 3291 1938 3347 τοῦ
1969 3293 2100 3347 Θεοῦ
2130 3294 2201 3353 εἷς
2237 3296 2330 3360 τὴν
2364 3294 2644 3372 ἁμαρτίαν.
2676 3296 2904 3373 Ψαλμὸς
2936 3302 3012 3372 τῷ
3038 3299 3124 3376 (2)
3180 3297 3338 3355 Δαϐίδ
3362 3320 3374 3332 ·
3412 3302 3607 3359 ὡσανε.

227 3389 451 3465 unus;
496 3396 571 3463 τῷ
611 3390 778 3461 ἱκανῷ
820 3390 889 3464 τῇ
932 3390 1102 3466 χειρὶ,
1136 3384 1372 3445 τουτέστι
1418 3388 1495 3459 τῷ
1528 3387 1632 3457 ι’ἱῷ
1666 3387 1758 3440 τοῦ
1803 3387 1957 3447 Θεοῦ,

312 3476 543 3539 Titulus
573 3475 920 3558 praepositus
941 3474 1210 3537 continet
1238 3494 1253 3533 :
1294 3473 1365 3534 In
1394 3474 1598 3552 ﬁnem,
1623 3490 1733 3553 pro
1761 3473 1863 3553 iis,
1891 3472 2000 3553 qui
2031 3480 2584 3554 commutabuntur,
2612 3480 2887 3558 psalmus
2915 3480 3133 3542 David.
3167 3480 3291 3541 Hoc
3317 3482 3491 3559 igitur
3521 3480 3605 3541 si-

226 3571 506 3654 gniﬁcat,
538 3575 595 3633 in
624 3570 740 3631 ﬁne
771 3569 1126 3631 saculorum
1164 3586 1268 3648 pro
1300 3566 1598 3647 gentibus,
1632 3562 1772 3648 quae'
1815 3565 2110 3629 translatae
2140 3578 2276 3631 sunt
2304 3591 2339 3633 a
2385 3580 2629 3652 peccato
2661 3573 2720 3632 in
2756 3572 3100 3646 Dominum,
3136 3584 3193 3635 et
3228 3592 3331 3653 pro
3360 3572 3602 3651 Iudaeis,

226 3667 337 3750 qui
373 3686 408 3728 a
430 3664 721 3727 mandatis
752 3662 855 3725 Dei
887 3682 952 3725 se
985 3662 1415 3725 transtulerunt
1438 3662 1497 3722 in
1530 3668 1863 3742 peccatum.
1899 3660 2183 3724 Psatmus
2218 3664 2422 3727 David
2456 3686 2470 3725 :
2497 3664 2777 3727 videlicet
2804 3665 3063 3743 psalmus
3095 3684 3287 3729 manu
3313 3667 3609 3745 forti,hoc

310 3766 331 3821 ι
362 3760 471 3821 Dei
502 3760 665 3821 Filio.

231 3766 331 3824 est
362 3760 471 3823 Dei
502 3760 665 3821 Filio.

323 3853 378 3913 1.
427 3848 600 3924 Ἐὶθὲ,
624 3854 652 3907 ὁ
684 3853 837 3920 Θεὸς,
871 3854 942 3914 εἰς
973 3848 1221 3927 βοήθειάν
1246 3850 1371 3923 μου,
1419 3847 1499 3903 ὅτι
1524 3850 1574 3903 αἱ
1606 3846 1852 3918 ἐπιθυμία

2044 3848 2096 3904 1.
2149 3845 2322 3929 Veni,
2358 3850 2537 3912 Deus.
2587 3855 2643 3909 in
2671 3847 3032 3926 adjutorium
3066 3866 3287 3923 meum,
3313 3849 3593 3931 quoniam

225 3947 325 3997 τοῦ
346 3938 550 4013 κόσμου
576 3940 865 4020 κατέχουσί
890 3961 980 4014 με.

1965 3935 2325 4011 cupiditates
2358 3938 2561 3998 mundi
2586 3936 2857 3999 detinent
2882 3955 2997 3999 me.

315 4026 375 4089 2.
426 4025 767 4104 Λεδούλωμαι
810 4034 878 4104 τῇ
906 4028 1160 4104 ἁμαρτίᾳ,
1186 4027 1275 4082 καὶ
1310 4027 1404 4081 οὒκ
1426 4026 1600 4104 ἰσχύω
1630 4022 1878 4087 ἀποστῆο

2043 4023 2100 4084 2.
2150 4023 2213 4085 In
2247 4034 2593 4087 servitutem
2641 4025 2918 4087 redactus
2960 4044 3093 4086 sum
3146 4044 3181 4087 a
3226 4033 3490 4106 peccato,
3544 4036 3604 4089 et

228 4140 342 4178 ναι.

1965 4129 2198 4193 nequeo
2244 4115 2556 4177 absistere.

316 4206 378 4270 3.
430 4200 614 4264 Ἦλθον
644 4209 715 4269 εἰς
744 4209 837 4271 τὰς
871 4204 1059 4274 ἡδονάς
1105 4208 1305 4266 καὶτὰς
1342 4203 1617 4277 ἐπιθυμιας
1642 4203 1733 4258 τοῦ
1758 4204 1880 4256 κόσ-

2044 4202 2099 4265 3.
2153 4201 2300 4265 Veni
2331 4203 2390 4264 in
2424 4204 2777 4283 voluptates,
2804 4206 3388 4286 etcom-upiscentias
3419 4225 3597 4267 mun-

226 4317 362 4370 μου,
393 4299 479 4352 καί
507 4296 542 4363 ἢ
570 4296 798 4371 ἁμαρτία
830 4295 1201 4373 κατεκυριευσέ
1247 4315 1312 4369 με

1961 4286 2044 4358 di,
2081 4300 2139 4350 et
2161 4298 2467 4369 peccatum
2501 4290 2867 4352 dominatum
2896 4302 2986 4354 est
3018 4293 3078 4353 in
3126 4311 3242 4356 me.

312 4384 374 4447 4,
427 4387 509 4449 Εἷς
551 4385 854 4463 ἀπόγνωσιν
898 4383 1084 4440 λοιπὸν
1119 4382 1206 4461 (4)
1238 4384 1341 4439 ἀπὸ
1372 4389 1466 4439 τοῦ
1499 4383 1577 4456 μὴ
1609 4382 1879 4436 εἰσακούε-

2038 4378 2099 4441 4.
2149 4378 2395 4441 Demum
2428 4380 2484 4440 in
2518 4379 2998 4457 desperationem
3028 4384 3264 4451 veni,eo
3287 4382 3443 4463 quod
3477 4401 3602 4443 ora-

227 4479 352 4532 σθαι
375 4475 472 4541 τὴν
502 4472 676 4542 δέησίν
708 4497 834 4549 μου.

1964 4473 2041 4527 tio
2077 4487 2210 4530 mea
2237 4488 2353 4530 nou
2377 4467 2780 4532 exaudiretur.

316 4565 376 4627 5.
425 4561 560 4620 Ἀπὸ
584 4573 675 4622 τοῦ
703 4562 939 4621 δακεύειν
974 4562 1062 4642 (5)
1094 4583 1186 4641 με,
1218 4566 1306 4617 καὶ
1327 4560 1624 4635 περιμένειν
1642 4560 1701 4615 τὸ
1728 4558 1875 4621 ἕλεος

2042 4558 2100 4616 5.
2146 4556 2295 4619 Dum
2328 4558 2556 4629 ﬁerem,
2588 4565 2645 4616 et
2696 4570 3069 4636 expectarem
3130 4558 3600 4622 misericordiam

231 4660 328 4711 τοῦ
361 4659 494 4711 Θεοῦ
519 4674 621 4726 μου
632 4702 645 4715 ,

614 4676 645 4715 ι.
1963 4646 2068 4708 Dei
2098 4646 2235 4706 mei.

311 4741 376 4815 6,
424 4741 618 4799 Πολλοί
637 4744 773 4799 εἰσιν
806 4743 851 4798 οἱ
884 4739 1123 4816 δαίμονες
1156 4742 1202 4799 οἱ
1234 4740 1585 4813 ἁντικείμενοί
1618 4760 1708 4812 μοι
1902 4745 1907 4751 ’

2041 4736 2097 4798 6.
2150 4734 2312 4795 Multi
2336 4734 2820 4807 suntdaamones,
2857 4735 2958 4816 (ιειί
2996 4735 3138 4797 mihi
3187 4738 3597 4812 adversantur,

311 4829 375 4892 7.
424 4834 543 4908 Περὶ
572 4835 677 4887 τῶν
711 4830 883 4887 αὗτῶν
916 4832 1163 4887 ἐναντίων
1192 4828 1460 4903 δυνάμεων
1507 4827 1674 4904 λέγει.

2040 4825 2098 4886 7.
2151 4827 2233 4887 De
2264 4824 2405 4904 ipsis
2437 4823 2791 4885 adversariis
2824 4827 3209 4903 potestatibus
3240 4826 3528 4905 loquitur.

311 4921 375 4978 8.
423 4917 506 4975 ”Α
529 4920 764 4998 ἑμίσουν,
798 4922 961 4975 ταῦτα
1003 4919 1286 4996 ἔπραττον.

2038 4916 2098 4975 ’7.
2147 4911 2291 4986 Quae
2321 4914 2591 4985 oderam,
2627 4914 2751 4975 haec
2784 4914 3098 4976 faciebam.

310 5009 373 5069 9.
420 5006 482 5066 Ὀ
513 5011 667 5083 Θεὸς,
702 5009 763 5065 σὺ
794 5007 941 5073 οἶδας
987 5010 1085 5076 τὴν
1117 5009 1375 5087 ἁμαρτίαν
1424 5030 1550 5082 μου.

2040 5004 2077 5067 9
2148 5002 2327 5068 Deus.
2364 5010 2424 5063 tu
2456 5002 2605 5061 nosti
2641 5015 2946 5082 peccatum
2984 5021 3200 5063 meum.

313 5095 410 5162 10.
459 5095 563 5159 Καὶ
598 5100 650 5154 αἱ
680 5099 869 5173 ἀνομία
901 5121 1001 5172 μου
1031 5100 1247 5177 φανεραί
1290 5099 1415 5153 εἰσιν
1443 5096 1525 5176 (7.
1899 5163 1934 5177 ἢ

1899 5163 1940 5177 _
2046 5094 2138 5156 lO.
2186 5091 2254 5153 Et
2282 5091 2624 5171 iniquitates
2657 5109 2803 5152 mea:
2837 5091 3161 5153 manifesta;
3189 5101 3350 5154 sunt.

319 5188 415 5250 Η.
465 5195 578 5261 ΜΒ,
619 5185 698 5243 διὰ
725 5163 788 5243 τό
817 5163 1138 5263 ἁμαρτάνειν
1166 5163 1257 5261 με,
1305 5185 1387 5266 (8)
1436 5163 1604 5266 έχωσι
1666 5184 1874 5263 παῤῥη-
1899 5163 1940 5214 D

2046 5184 2139 5246 11.
2186 5179 2271 5242 Ne
2300 5163 2548 5241 timeant
2596 5181 2780 5241 sancti
2819 5180 2899 5241 tui
2935 5189 3176 5261 propter
3202 5191 3441 5258 peccata
3470 5201 3601 5244 mea

230 5277 351 5332 σίαν
381 5277 429 5333 οι
461 5276 605 5354 ἅγιοι
626 5283 719 5334 τοῦ
749 5274 1060 5354 πρασϐεύειν
1093 5276 1224 5351 ὑπὲρ
1253 5275 1405 5351 ἐμοῦ.

861 5274 1060 5333 σϐεύειν
1093 5276 1224 5351 ὑπὲρ
1253 5275 1405 5351 ἐμοῦ.
1959 5290 2055 5334 me
2085 5269 2482 5331 intercedere.

1263 5381 1565 5447 Addenda
1595 5386 1661 5445 et
1690 5378 2066 5462 corrigenda
2093 5392 2171 5441 ex
2213 5376 2353 5440 cod.
2389 5376 2589 5441 Vatic.

317 5488 407 5570 (Ξ)
450 5487 516 5545 Ἦ
545 5486 631 5570 διὰ
657 5494 757 5570 τῆς
792 5488 1150 5570 κινναϐάρεως
1194 5511 1315 5568 περ.
2045 5484 2129 5570 (ξ)
2174 5485 2447 5563 Δακρῦειν.
2484 5554 2487 5555 ν

317 5488 407 5644 (Ιζ
450 5488 516 5545 Ἦ
545 5488 631 5545 διὰ
657 5494 757 5557 τῆς
792 5488 1150 5570 κινναϐάρεως
1194 5511 1315 5568 περ.

453 5567 684 5644 Ψαλμὸς
712 5568 768 5627 δὲ
797 5573 897 5651 τῷ,
927 5579 1044 5632 etc.

809 5488 1150 5570 ιινναϐάρεως
1194 5511 1315 5568 περ.
2045 5488 2129 5565 (5)
2174 5488 2426 5563 Δακρῦειν

809 5573 897 5651 τῷ,
927 5579 1044 5632 etc.
2036 5564 2120 5651 (θ’)
2166 5571 2327 5651 βίον.-

310 5647 402 5725 (3)
882 5644 893 5651 '

882 5644 893 5651 '
2037 5644 2119 5723 (7)
2167 5647 2258 5701 soi
2288 5647 2416 5702 εισιν

319 5647 377 5725 (3
450 5654 583 5711 Μαι),
882 5647 892 5651 ⁷
2037 5647 2119 5723 (7)
2167 5647 2258 5701 soi

319 5647 403 5807 (4i
455 5720 665 5793 Ἦλθον,
2042 5730 2125 5804 (δ)
2175 5728 2285 5795 Μή,
