4104 6206
453 334 569 398 927
1255 339 1315 399 S.
1364 340 1782 434 ATHANASII
1828 341 1990 402 OPP.
2040 340 2235 401 PARS
2278 340 2382 400 IlI.
2420 372 2494 382 —
2529 338 2989 401 EXEGETICA.
3707 338 3829 403 928·

539 471 639 535 48.
671 470 741 533 Et
768 470 831 533 in
857 470 1338 549 retributionem,
1371 479 1432 536 et
1459 474 1522 536 in
1554 474 1923 537 scandalum.
2111 483 2149 530 Α

2111 483 2149 530 Α
2253 472 2356 535 48.
2395 473 2495 532 Καὶ
2525 474 2598 536 εἰς
2628 470 3001 547 ἀνταπόδοσιν,
3037 473 3127 529 καὶ
3156 474 3229 536 εἰς
3259 468 3577 532 σκάνδαλον.

540 562 639 624 49.
666 559 1079 623 Obscurentur
1106 561 1263 622 oculi
1285 580 1513 636 eorum,
1549 580 1633 624 ne
1660 562 1899 624 videant
1930 581 1942 623 :

2251 561 2354 624 49.
2390 563 2832 631 Σκοτισθήτωσαν
2878 564 2924 620 οἱ
2956 560 3218 641 ὀφθαλμοὶ
3258 561 3430 618 αὒτῶν
3464 567 3556 619 τοῦ
3583 562 3660 637 μὴ
3691 561 3817 639 βλέ-

2174 675 2295 709 πειν
2330 667 2344 681 ⁶

538 740 635 803 50.
682 737 754 800 Et
777 738 1019 800 dorsum
1046 756 1252 801 eorum
1285 758 1528 822 semper
1552 741 1819 804 incurva.

2254 739 2355 805 50.
2392 743 2489 799 Καὶ
2531 744 2621 797 τὸν
2654 745 2820 797 νῶτον
2849 742 3021 797 αὐτῶν
3063 738 3347 803 διαπαντὸς
3394 741 3739 817 σύγκαμψον,

532 830 632 891 51.
666 827 918 891 Etl'unde
949 845 1134 906 super
1163 847 1265 889 eos
1298 828 1446 890 iram
1478 837 1637 891 tuam
1665 852 1678 888 :

2254 832 2354 893 51.
2386 827 2631 910 ’Ἒκχεον
2663 828 2748 887 ἐπ’
2783 831 2972 893 αὖτοὺς
3000 830 3101 898 τήν
3134 830 3300 909 ὀργὴν
3344 851 3440 890 σου
3476 847 3493 866 ⁸

530 918 628 982 52.
665 917 735 978 Et
762 918 930 979 furor
956 916 1060 978 irae
1091 926 1205 979 tua;
1233 918 1702 999 comprehendat
1733 938 1851 981 eos.

2255 920 2354 981 5‘2,
2393 921 2490 978 Καὶ
2520 923 2551 976 ὁ
2578 921 2740 994 θυμὸς
2765 920 2864 986 τῆς
2893 918 3054 997 ὀργῆς
3084 940 3178 976 σου
3201 917 3492 978 καταλάϐοι
3523 920 3742 981 αὖτοὺς.

532 1008 630 1069 53.
664 1006 792 1069 Fiat
822 1006 1105 1068 habitatio
1140 1025 1344 1069 eorum
1378 1008 1617 1071 deserta
1645 1027 1658 1071 :

2254 1008 2353 1071 53.
2389 1008 2671 1076 Γενηθήτω
2706 1007 2975 1075 ἧὲπαυλις
3011 1009 3181 1064 αὐτῶν
3212 1008 3550 1087 ἠρημωμένη

528 1099 625 1162 54.
664 1096 734 1160 Et
767 1097 827 1157 in
858 1095 1263 1159 tabernaculis
1294 1115 1501 1159 eorum
1535 1116 1652 1159 non
1702 1100 1804 1174 sit,
1848 1100 1954 1181 qui
1992 1099 2085 1162 in-

2254 1098 2355 1161 54.
2392 1100 2488 1157 Καὶ
2518 1099 2571 1154 ἐν
2615 1110 2731 1163 τοῖς
2760 1096 3109 1173 σκηνώμασιν
3152 1100 3322 1156 αὐτῶν
3359 1097 3437 1172 μὴ
3482 1097 3621 1155 ἔστω
3649 1100 3677 1155 ὃ
3716 1120 3815 1155 κα-

446 1186 695 1250 babitet.
1750 1188 1751 1191 η

1750 1188 1751 1191 “
2172 1195 2363 1245 τοικῶν
2376 1233 2388 1248 .

526 1275 922 1348 55.Quoniam
941 1293 1122 1354 quem
1151 1282 1213 1338 tu
1231 1276 2084 1357 percussisti,persecutisunt:

1958 1287 2084 1342 unt:
2252 1277 2353 1338 55.
2384 1276 2519 1336 "Ott
2550 1278 2608 1332 ὃν
2633 1277 2694 1333 σὺ
2726 1276 3008 1349 ἐπέταξας,
3042 1278 3188 1334 αὒτοὶ
3218 1274 3576 1343 κατεδίωξαν,

528 1368 627 1432 56.
663 1366 737 1428 Et
786 1382 969 1445 super
1027 1364 1297 1426 dolorem
1334 1368 1644 1427 vulnerum
1682 1385 1946 1429 meorum
1981 1368 2085 1430 ad-

2252 1367 2351 1429 56.
2391 1367 2486 1424 Καὶ
2525 1368 2612 1423 ἒπὶ
2655 1368 2715 1422 τὸ
2758 1365 2919 1444 ἄλγος
2964 1366 3070 1422 τῶν
3112 1366 3426 1445 τραυμάτων
3480 1387 3586 1442 μου
3643 1387 3812 1443 προσ-

444 1456 751 1518 diderunt.

2173 1456 2366 1522 ἔθηκαν
2377 1500 2390 1515 .

526 1546 870 1624 57.Αρροηθ
890 1544 1257 1624 iniquitatem
1272 1544 1834 1626 superiniquitatem
1854 1565 2083 1609 eorum:

1974 1565 2083 1609 am:
2249 1546 2351 1607 57.
2388 1546 2616 1623 Πρόσθες
2645 1546 2865 1621 ἀνομίαν
2912 1545 2995 1602 ἐπὶ
3039 1552 3107 1621 τῇ
3135 1545 3328 1620 ἀνομίᾳ
3372 1546 3544 1603 αιῦτῶν
3581 1560 3595 1573 °

524 1638 625 1701 58.
656 1634 725 1695 Et
748 1653 864 1695 non
897 1634 1117 1694 intrent
1148 1633 1204 1693 in
1228 1634 1523 1711 justitiam
1557 1646 1745 1697 tuam.

2250 1635 2349 1697 58.
2390 1639 2486 1693 Καὶ
2531 1637 2609 1711 μὴ
2655 1635 3032 1693 είσελϐἑτωσαν
3064 1636 3116 1691 ἐν
3147 1633 3451 1713 δικαιοσύνῃ
3491 1656 3613 1695 σου,

526 1726 626 1787 59.
664 1725 987 1785 Deleantur
1015 1722 1089 1782 de
1122 1721 1272 1782 libro
1304 1724 1630 1784 viventium
1666 1742 1679 1782 :

2249 1724 2350 1785 59.
2390 1723 2886 1804 Ἐξαλειφθήτωσαν
2930 1724 2991 1780 ἐκ
3032 1721 3213 1800 βίϐλου
3257 1724 3467 1793 ζώντων
3496 1741 3510 1758 ⁸

525 1816 624 1878 60.
657 1813 732 1875 Et
762 1831 894 1875 cum
917 1811 1096 1891 justis
1130 1830 1245 1871 non
1273 1812 1631 1875 scribantur.
2112 1841 2146 1889 Β

2112 1841 2148 1889 Β
2250 1813 2350 1877 60.
2388 1816 2483 1872 Καὶ
2515 1814 2650 1889 μετά
2679 1812 2892 1869 δικαίων
2924 1815 3002 1888 μὴ
3036 1813 3412 1893 γραφήτωσαν.

523 1904 622 1969 61.
652 1901 882 1980 Pauper
914 1909 973 1961 et
1002 1899 1213 1961 dolens
1242 1919 1370 1960 sum
1406 1919 1513 1979 ego
1544 1920 1558 1960 :

2250 1904 2314 1963 61
2336 1952 2349 1966 .
2388 1906 2613 1983 Πτωχὸς
2644 1907 2731 1959 καὶ
2766 1901 2947 1980 ἀλγῶν
2986 1904 3092 1975 εἶμι
3126 1901 3239 1979 ἐγώ
3277 1920 3290 1933 ·

522 1995 623 2055 62.
658 1990 829 2053 Salus
851 1998 969 2057 tua,
1006 1992 1188 2061 Deus,
1220 1991 1480 2068 suscepit
1521 2008 1637 2054 me.

2247 1993 2348 2055 6‘2.
2384 1991 2455 2053 Ἠ
2497 1994 2733 2070 σωτηρία
2768 2015 2859 2049 σο.)
2889 1995 2916 2049 ὁ
2963 1994 3090 2058 Θεὸς
3121 1989 3463 2048 ἀντιλάϐοι-τό
3492 1990 3581 2068 (α)
3606 2014 3734 2066 μου,

522 2080 621 2145 63.
655 2078 931 2141 Laudabo
960 2097 1174 2139 nomen
1197 2080 1302 2139 Dei
1326 2079 1447 2156 [Dei
1476 2081 1608 2159 mei]
1637 2100 1772 2143 cum
1807 2083 2076 2146 cantico:
2126 2116 2128 2119 -

2251 2080 2349 2145 63.
2380 2082 2581 2138 Αἱνέσω
2596 2084 2657 2137 τὸ
2689 2082 2859 2156 ὄνομα
2889 2089 2981 2138 τοῦ
3011 2089 3140 2140 Θεοῦ
3166 2078 3330 2159 [Θεοῦ
3359 2081 3481 2157 μου]
3510 2079 3627 2155 μετ’
3651 2078 3812 2152 ᾠδῆς.

521 2170 620 2231 64.
654 2168 1042 2247 Magniﬁcabo
1094 2186 1229 2228 eum
1254 2168 1314 2229 in
1350 2169 1545 2231 laude.

2249 2171 2350 2233 64.
2389 2171 2679 2250 Μεγαλυνῶ
2712 2173 2865 2227 αὺτὸν
2900 2170 2951 2226 ἐν
2986 2171 3198 2227 αἷνέσει.

519 2260 618 2321 65.
655 2260 729 2321 Ει
761 2257 1022 2338 placebit
1068 2257 1193 2319 Deo
1241 2276 1421 2337 super
1468 2259 1713 2320 vitulum
1756 2262 2079 2336 novellum,

2193 2269 2195 2272 ’
2250 2261 2348 2323 65.
2385 2262 2487 2323 Καὶ
2533 2261 2705 2339 ἀρέσει
2755 2268 2825 2334 τῷ
2871 2266 2987 2333 Θεῷ
3011 2260 3141 2339 ὑπὲρ
3168 2259 3377 2338 μόσχον
3434 2258 3577 2337 νέον,
3622 2258 3814 2335 κέρατα

433 2366 658 2412 cornua
689 2352 1119 2428 producentem
1151 2356 1210 2407 et
1240 2348 1515 2424 ungulas.

1201 2348 1515 2424 tungulas.
2166 2351 2451 2430 ἐκφέροντα
2496 2353 2583 2406 καὶ
2629 2353 2822 2414 ὸπλας.

510 2439 610 2501 66.
638 2435 891 2499 Videant
914 2454 1206 2518 pauperes
1239 2452 1298 2497 et
1333 2437 1633 2498 lmtentur.

2250 2440 2371 2519 (66.
2407 2439 2483 2519 (ὁ)
2512 2438 2784 2497 Ἰδέτωσαν
2831 2440 3063 2519 ττσιτωχοὶ⁹
3098 2440 3185 2495 καὶ
3216 2439 3686 2518 εὐφρανθήτωσαν.

520 2596 604 2677 (ᾳ)
628 2595 990 2677 prauam
1037 2614 1148 2658 ms.
1185 2604 1245 2658 et
1271 2595 1419 2677 cod.
1442 2596 1565 2658 Pal.

517 2674 594 2753 (bi
626 2674 699 2738 ν.
735 2676 835 2740 66.
868 2676 1103 2753 Κέρατα,
1139 2684 1257 2738 etc.
1288 2677 1355 2735 V.
1396 2676 1493 2740 67.
1522 2676 1819 2751 ἰδὲτωσαν,
1855 2686 1973 2739 etc.
2002 2679 2077 2742 V.
2112 2679 2138 2744 Ε

1573 2676 1819 2751 Ξὲτωσαν,
1855 2686 1973 2739 etc.
2002 2679 2077 2742 ν,
2112 2679 2212 2744 68.
2248 2681 2639 2755 Ἐκζητήσατε,
2672 2689 2823 2755 etc.,
2859 2696 2992 2759 usq.
3025 2680 3194 2755 ὑμῶν.

1574 2782 1986 2848 ATHANASII
2028 2783 2671 2852 INTERPRETA’I‘IO.

518 2895 616 2957 48.
642 2896 717 2959 Et
748 2895 811 2957 in
836 2899 1109 2974 prmsenti
1141 2895 1361 2957 saeculo
1394 2896 1914 2969 (retributionem)
1933 2894 2085 2959 acci-
2106 2903 2139 2953 c

2249 2895 2349 2957 48.
2386 2897 2490 2959 Καὶ
2537 2896 2592 2952 ἐν
2638 2902 2715 2969 τῷ
2757 2901 2845 2952 νῦν
2892 2897 3044 2954 αἰῶνι
3093 2889 3427 2967 ἀπολάϐωσι,
3491 2895 3579 2948 καὶ
3637 2891 3692 2948 ἓν
3744 2898 3814 2963 τῷ

437 2982 762 3065 piant,etin
777 2983 975 3045 futuro
992 2983 1929 3066 condemnentur,quiascandalo
1944 3004 2052 3047 sun

1853 2986 1929 3047 tio
1944 2992 2079 3047 sunt
2161 2983 2409 3060 μέλλοντι
2440 2988 2850 3063 κατακριθῶσιν,
2878 2988 2951 3048 ὡς
2982 2981 3274 3039 σκάνδαλον
3305 2980 3474 3044 ὄντες.

520 3072 618 3137 49.
646 3072 818 3136 Oculi
850 3072 1063 3133 mentis
1091 3090 1321 3134 eorum.

2249 3074 2352 3137 49.
2391 3079 2450 3132 Οἱ
2478 3076 2739 3154 ὀφθαλμοὶ
2767 3074 2862 3140 τῆς
2908 3071 3137 3135 διανοίας
3168 3071 3360 3131 αὑτῶν,

521 3163 619 3224 50.
650 3162 727 3226 Et
749 3180 865 3221 non
888 3160 1242 3241 resipiscant
1270 3179 1304 3222 a
1333 3163 1594 3243 peccatis
1634 3162 1981 3235 eorum,setl
2017 3163 2075 3223 in

2245 3164 2341 3227 50.
2381 3163 2484 3226 Καὶ
2517 3166 2593 3241 μὴ
2640 3165 2993 3221 ἁνανεύσωσιν
3023 3161 3130 3219 ἀπὸ
3178 3166 3275 3229 τῆς
3324 3162 3584 3239 ἁμαρτίας
3618 3162 3810 3232 αὒτῶν,

439 3250 586 3332 ipsis
617 3250 966 3313 moriantur.

2164 3252 2286 3310 ἀλλ’
2330 3254 2384 3309 ἒν
2430 3259 2564 3330 αὐτῇ
2592 3254 3003 3313 ἀποθανοῦνται,

518 3342 616 3405 51.
650 3342 789 3419 Igne
819 3337 1087 3402 comburi
1110 3338 1201 3401 fac
1237 3357 1341 3402 eos
1373 3359 1405 3401 e
1443 3340 1613 3402 caalo.

2243 3343 2343 3404 51.
2383 3344 2772 3420 Πυρικαύστους
2806 3342 2993 3404 αὐτοὺς
3026 3340 3115 3419 (1)
3159 3340 3385 3406 ποίησον
3428 3338 3489 3395 ἐκ
3534 3346 3630 3396 τοῦ
3659 3342 3810 3414 οὖρα-

2166 3454 2257 3487 νου
2270 3476 2282 3489 .

513 3519 612 3579 52.
646 3517 717 3579 Et
738 3535 914 3580 nemo
946 3534 1152 3578 eorum
1184 3517 1471 3579 salvetur.

2246 3520 2342 3582 52.
2382 3524 2483 3584 Καὶ
2522 3521 2706 3595 μηδεὶς
2741 3522 2911 3577 αὐτῶν
2941 3520 3198 3596 διασωθῇ.

514 3607 617 3671 53.
650 3606 899 3669 Mentem
924 3624 1130 3668 eorum
1163 3606 1481 3684 signiﬁcat.

2248 3610 2348 3671 53.
2378 3613 2485 3679 Τὴν
2515 3610 2749 3669 διάνοιαν
2782 3610 2868 3688 (2)
2896 3611 3067 3667 αὒτῶν
3098 3609 3264 3685 λέγει.

515 3696 613 3760 54.
642 3696 787 3759 Sine
816 3696 1035 3758 auxilio
1069 3695 1209 3757 sint.

2248 3698 2347 3761 54.
2389 3698 2710 3770 Ἀϐοήοητοι
2742 3702 2895 3758 ὦσιν.

517 3786 616 3849 55.
653 3784 966 3865 Quoniam,
1002 3803 1181 3865 quem
1217 3792 1278 3845 tu
1304 3783 1517 3846 misisti
1551 3785 1611 3844 in
1653 3782 2088 3865 mundum,ipsi

2250 3789 2350 3851 55.
2386 3788 2518 3847 "Ott
2565 3792 2622 3845 ὃν
2681 3791 2742 3846 σὺ
2800 3786 3117 3852 ἀπέστειλας
3162 3788 3233 3851 εἷς
3277 3788 3367 3842 τὸν
3419 3785 3632 3860 κόσμον
3680 3782 3812 3840 aurci

435 3872 811 3937 occiderunt.

2172 3880 2475 3959 ἐφονευσαν.

517 3962 618 4025 56.
642 3962 871 4023 Lancea
892 3962 1370 4049 transﬁxeruntu

2242 3968 2342 4031 56.
2379 3968 2570 4049 Mm
2604 3968 2683 4041 (3)
2716 3968 3084 4035 ἐξεκέντησαν.

515 4052 615 4112 57.
652 4048 1169 4137 Quemadmodum
1206 4049 1312 4130 ipsi
1374 4052 1636 4112 contenti
1689 4071 1808 4113 non
1841 4052 2077 4114 fuerunt

2235 4058 2334 4121 57.
2372 4057 2591 4137 ’Ὥσπερ
2634 4059 2779 4117 αὒτοὶ
2810 4062 2905 4116 οὐχ
2928 4051 3701 4135 ἠρκέσθησανμσταυρῶσαντές
3724 4071 3808 4127 με,

438 4159 534 4202 me
563 4137 953 4209 cruciﬁxisse,
989 4135 1092 4197 sed
1125 4137 1301 4199 aliam
1329 4139 1508 4202 etiam
1544 4140 1772 4220 plagam
1808 4141 1953 4202 mibi
1987 4140 2059 4202 in«

1718 4160 1772 4202 m
1808 4141 1953 4202 mihi
1987 4140 2077 4202 in-
2158 4146 2293 4204 ἀλλὰ
2323 4148 2409 4204 καὶ
2438 4135 2618 4214 ἑτέραν
2664 4146 2883 4225 πληγὴν
2914 4145 3188 4222 ὲπήγιγόν
3222 4163 3337 4218 μοι.

435 4228 719 4316 tulerunt.
2109 4267 2148 4316 ο

515 4317 615 4382 58.
648 4315 711 4378 In
738 4332 989 4395 regnum
1019 4323 1208 4376 tuum.

2246 4324 2323 4387 58
2387 4322 2477 4381 Ἐν
2522 4330 2587 4400 τῇ
2636 4321 2877 4400 βασιλείᾳ
2924 4343 3038 4382 σου.

516 4406 616 4470 59.
649 4404 695 4466 Ε
724 4404 911 4467 οωΙίε.
2246 4412 2347 4476 59.
2380 4411 2477 4471 Ἐκ
2507 4421 2613 4471 τῶν
2659 4415 2921 4491 οὗρανῶν.

517 4494 619 4556 60.
651 4496 716 4556 In
749 4494 858 4556 cmi
875 4494 948 4555 is.

2246 4500 2350 4565 60.
2386 4502 2477 4559 Ἐν
2510 4516 2623 4569 τοῖς
2669 4504 2941 4580 οὐρανοῖς.

516 4585 616 4647 61.
649 4583 1007 4648 Mendicavit
1038 4582 1097 4644 in
1130 4582 1477 4645 servitutem
1539 4584 1843 4648 redactum
1898 4606 2084 4666 genus

1918 4606 2084 4665 ;enus
2246 4591 2348 4655 61,
2380 4589 2732 4673 Ἐπτώχευσε
2776 4589 3035 4648 δουλωθὲν
3080 4591 3143 4646 τὸ
3174 4590 3326 4667 γένος
3361 4590 3539 4663 ἡμῶν.

437 4683 705 4737 nostrum
717 4722 730 4737 .

515 4764 615 4827 62.
653 4764 725 4827 Et
750 4764 1057 4845 sepultura
1086 4771 1144 4823 et
1174 4761 1535 4824 resurrectio
1568 4772 1688 4830 tua.
1729 4766 1911 4840 Deus,
1948 4785 2082 4828 sus~

2249 4768 2348 4833 62.
2383 4767 2481 4830 Καὶ
2518 4772 2549 4837 ἡ
2582 4773 2725 4849 ταφὴ
2756 4771 2844 4826 καὶ
2874 4770 2909 4837 ἡ
2940 4767 3227 4831 ἀνάστασίς
3267 4788 3384 4844 σου,
3445 4767 3473 4821 ὁ
3518 4768 3673 4845 Θεὸς,
3726 4767 3812 4821 ἆν-

436 4853 595 4931 cepit
626 4870 745 4914 me.

2169 4855 2425 4914 τελάὸετά
2457 4882 2578 4933 μου.
3283 4910 3287 4919 .

518 4941 619 5005 63.
654 4939 899 5021 Hymnis
929 4938 1246 5003 celebrabo
1272 4958 1409 5002 eum
1442 4940 1502 5001 in
1536 4939 1960 5006 exsultatione.

1733 4939 1960 5006 atione.
2250 4945 2351 5010 63.
2390 4945 2711 5024 Ἀνυμνήσω
2743 4948 2896 5005 αὺτὸν
2929 4945 2983 5002 ἐν
3015 4944 3354 5023 ἀγαλλιάσει.

518 5031 615 5095 64.
654 5028 1012 5093 Gloriﬁcabo
1044 5047 1181 5089 eum
1228 5030 1289 5090 in
1321 5029 1516 5091 laude.

1505 5076 1516 5088 ·
2250 5036 2350 5099 64.
2391 5037 2606 5103 Δοξάσω
2635 5037 2792 5094 αὑτὸν
2825 5035 2879 5092 ὲν
2909 5035 3126 5096 αἰνέσει,

517 5120 613 5184 65.
651 5117 849 5199 Super
880 5117 1161 5198 populum
1190 5115 1531 5179 Judaeorum
1570 5119 1961 5199 petulcum.et
1989 5121 2079 5183 la-

2243 5124 2343 5187 65.
2378 5124 2539 5206 ’Υπὲρ
2570 5130 2659 5183 τὸν
2688 5126 2816 5183 λαὸν
2860 5132 2966 5182 τῶν
3030 5122 3297 5182 Ἰουδαίων
3341 5124 3464 5187 τοὺς
3494 5121 3576 5198 (4)
3618 5125 3812 5201 κερατί-

439 5209 783 5273 scivientem
830 5206 891 5269 in
916 5208 1198 5287 peccatis.

2162 5222 2372 5289 ζοντας,
2407 5221 2494 5274 καὶ
2527 5217 2850 5297 σκιρτῶντας
2875 5214 2929 5271 ἰν
2963 5226 3087 5277 ταῖς
3120 5213 3428 5291 ἁμαρτίαις.

521 5297 621 5362 66.
653 5295 957 5377 Pauperes
987 5296 1189 5371 corde,

2259 5303 2363 5370 66.
2396 5310 2457 5364 Oi
2482 5312 2552 5383 τῇ
2594 5295 2780 5381 καρδίᾳ
2820 5303 3057 5383 πτωχοὶ.

1482 5418 1795 5484 Addenda
1819 5424 1884 5484 et
1906 5421 2280 5504 corrigenda
2308 5441 2387 5490 ex
2416 5426 2561 5490 cod.
2595 5422 2793 5491 Vatic.

523 5554 566 5621 (1
587 5568 598 5621 l
634 5554 839 5641 αξξ-τους.
856 5552 1047 5615 deest.

2260 5561 2341 5637 (4)
2367 5559 2439 5624 Ν.
2472 5561 2572 5623 66.
2607 5561 2740 5623 Τοὺς
2771 5580 2914 5636 κιρ.,
2952 5563 3069 5620 etc.
3127 5554 3197 5619 Ν.
3255 5547 3356 5622 67.
3405 5557 3475 5621 0t
3531 5568 3627 5641 τῇ,
3683 5567 3816 5637 οιο..

529 5636 618 5724 (ἓ)
648 5634 715 5724 ᾘ
752 5633 1044 5724 privata.”
1128 5712 1136 5724 Ι
1296 5713 1306 5724 Ι

1030 5711 1044 5724 .
1128 5712 1136 5724 .
1296 5713 1306 5724 .
2178 5633 2368 5724 uotiua
2395 5642 2471 5706 ad
2506 5641 2651 5710 ἔθνη.

531 5713 622 5794 (3)
646 5719 723 5791 Τῇ
751 5712 964 5793 λόγχνῃ
996 5711 1340 5780 δξικάντησάν
1363 5736 1451 5789 με,
