4104 6206
493 324 602 401 931
1300 327 1835 400 S.-ATHANASII
1879 336 2042 400 OPP.
2093 336 2285 400 PARS
2328 331 2460 399 ΙΙΙ.¹
2491 369 2561 379 --
2611 333 3072 400 EXEGETICA.
3775 329 3888 407 932

570 471 630 531 5.
664 473 1022 535 Avertantur
1065 470 1270 532 statim
1321 467 1774 546 erubescentes,
1803 470 1904 550 qui
1935 469 2191 533 dicuntA

2303 472 2364 533 5,
2421 471 2949 549 Ἀποστραφήτωσαν
3004 474 3299 550 παραυτίκα
3364 475 3743 552 αἰσχινόμενοι
3815 477 3859 529 οἱ

3775 329 3888 407 932

491 559 636 622 mihi
661 577 676 623 :
711 559 899 640 Euge,
936 577 1112 639 euge.

2230 559 2472 640 λέγοντές
2518 579 2632 636 μοι·
2689 561 2848 642 Εὖγε³
2895 561 3041 640 εὖγε.

572 649 632 713 6.
661 649 971 712 Exsultent
1002 657 1060 711 et
1095 649 1376 712 laetentur
1404 647 1465 708 in
1500 655 1556 710 te
1579 665 1811 728 omnes,
1850 648 1951 728 qui
1976 667 2146 727 quas-

2309 655 2369 711 6.
2400 649 2870 728 Ἀγαλλιάσθωσαν
2917 652 3002 706 καὶ
3032 651 3471 728 εὖφρανθιξτωσαν
3502 651 3587 710 ἐπὶ
3618 654 3702 709 σοὶ
3735 653 3868 709 tiv-

487 746 628 800 runt
657 748 714 800 te
748 737 932 802 Deus.

2230 761 2316 804 τες
2347 743 2394 797 οἱ
2423 741 2702 810 ζητοῦντές
2750 762 2834 820 σε³
2880 741 2908 797 ὁ
2942 741 3072 804 Θεός

567 832 631 889 7.
666 827 735 890 Et
783 827 982 890 dicant
1043 844 1316 908 semper:
1386 827 1802 908 Magniﬁcetur
1859 825 2147 890 Dominus

2313 829 2371 891 Ἷ.
2397 831 2492 886 Καὶ
2523 830 2826 904 λεγέτωσαν
2871 827 3180 894 διαπαντός⁶
3220 829 3616 910 Μεγαλυνθήτω
3675 834 3703 888 ὁ
3757 827 3869 892 Κύ-

496 918 723 998 [Deus].

2230 940 2339 997 ριος
2385 914 2433 999 [ὃ
2465 917 2650 998 Θεός].

569 1009 626 1072 8.
666 1007 780 1082 Qui
813 1007 1071 1087 diligunt
1100 1007 1361 1070 salutare
1396 1015 1589 1070 tuum.

2309 1012 2368 1070 8.
2402 1010 2462 1066 Οἱ
2493 1008 2808 1086 ἀγαπῶντες
2840 1011 2901 1065 τὸ
2946 1009 3214 1088 σωτήριόν
3247 1033 3363 1072 σου.

567 1098 627 1160 9.
660 1097 783 1178 Ego
813 1115 956 1160 vero
989 1115 1213 1178 egenus
1259 1116 1414 1178 sum,
1451 1105 1510 1158 et
1539 1113 1787 1178 pauper,
1819 1094 2000 1170 Deus,
2032 1097 2142 1159 ad-

2305 1096 2365 1158 9.
2399 1097 2544 1176 Ἐγὼ
2581 1095 2634 1153 δὲ
2659 1097 2884 1176 πτωχός
2919 1100 3027 1175 εἰμι
3061 1101 3150 1156 καὶ
3191 1099 3386 1176 πένης,
3419 1103 3447 1155 ὁ
3479 1101 3632 1176 Θεὸς,
3669 1099 3875 1172 ϐοήθη-

482 1187 627 1266 juva
659 1205 775 1250 me.

2227 1189 2317 1244 σόν
2349 1209 2463 1263 μοι,

569 1276 666 1341 10.
694 1277 787 1340 Ad
789 1277 956 1357 jutor
981 1295 1169 1350 meus,
1196 1287 1256 1339 et
1280 1275 1563 1339 liberator
1586 1276 1946 1358 [protector]
1972 1295 2142 1340 meus

2310 1276 2402 1339 10.
2438 1280 2629 1340 Βονθός
2664 1299 2788 1358 μου,
2820 1281 2906 1335 καὶ
2938 1279 3132 1354 ῥύστης
3183 1301 3284 1341 μου
3346 1279 3402 1334 εἴ
3454 1281 3540 1358 σὺ,
3577 1280 3753 1356 Κύριε,
3782 1282 3853 1356 μὴ

486 1383 553 1428 es
585 1375 669 1446 tu,
704 1366 1001 1440 Domine;
1039 1384 1116 1428 ne
1149 1366 1426 1429 moreris.

887 1385 959 1428 ne
985 1388 1001 1440 ;
1039 1384 1116 1428 ne
1149 1366 1426 1429 moreris.
2227 1368 2505 1447 χρονίσῃς.

530 1459 814 1522 Psalmus
847 1459 1048 1522 David
1076 1459 1346 1540 ﬁliorum
1396 1459 1700 1534 Jonadab,
1725 1468 1781 1521 et
1814 1459 2096 1538 priorum

2249 1455 2450 1532 παλμὸς
2511 1459 2586 1532 τῷ
2663 1455 2821 1513 Δαϐἰδ
2875 1463 2981 1513 τῶν
3049 1459 3173 1513 υἱῶν
3246 1455 3522 1533 Ἰωναδὰϐ,
3597 1461 3688 1515 καὶ
3773 1461 3870 1515 τῶν

635 1554 1010 1631 captivorum
1047 1565 1066 1610 :
1098 1550 1233 1611 sine
1265 1547 1448 1610 titulo
1477 1548 1643 1627 apud
1674 1547 1985 1611 Hebraeos.

2305 1545 2526 1625 πρώτων
2609 1545 3150 1627 αἰχμαλωτισθέντων
3188 1567 3203 1584 ο
3296 1546 3654 1627 ἀνεπίγραφος
3744 1548 3863 1626 παρ’

1089 1638 1319 1700 ΡδΑι.
1357 1637 1544 1699 LXX.
2301 1633 2590 1715 Ἑϐραίοις.
2627 1645 2710 1693 ΨΑ

1357 1637 1544 1699 LXX.
2301 1633 2590 1715 Ἑϐραίοις.
2627 1643 2792 1694 ΨΑΛ.
2847 1634 2944 1699 0⁸.

571 1732 725 1794 l.In
784 1741 863 1808 te,
923 1732 1198 1808 Domine,
1227 1731 1484 1812 speravi,
1518 1750 1638 1794 non
1696 1730 2030 1794 confundor
2079 1733 2192 1818 inll

2307 1725 2362 1788 1.
2397 1726 2519 1784 Ἐπὶ
2543 1729 2643 1804 σοὶ,
2682 1724 2868 1806 Κύριε,
2899 1725 3126 1798 ἤλπισα,
3161 1727 3240 1801 μὴ
3283 1729 3766 1807 κατασισχυνθείην
3794 1731 3864 1792 εἱς

485 1828 770 1884 ωιετιιιιω
784 1872 797 1886 .

2166 1817 2187 1818 ί
2220 1817 2312 1871 τὸν
2357 1818 2542 1878 αἰῶνα.

561 1911 623 1976 2.
653 1909 719 1972 In
736 1911 970 1992 jnstitia
997 1920 1096 1974 tua
1128 1910 1317 1972 libera
1349 1929 1470 1985 me,
1506 1918 1564 1972 et
1598 1909 1766 1992 eripe
1798 1929 1932 1974 me:

2296 1903 2358 1969 2.
2394 1906 2483 1964 Ἐν
2514 1913 2581 1984 τῇ
2611 1905 2916 1984 δικαιοσύνῃ
2954 1927 3048 1962 σου
3091 1905 3238 1981 ῥῦσαί
3283 1927 3372 1983 με⁹
3417 1907 3505 1964 καὶ
3546 1905 3726 1971 ἱξελοῦ
3759 1924 3843 1980 με·

561 2001 620 2063 3.
656 2000 884 2064 Inclina
917 2001 994 2063 ad
1039 2019 1134 2062 me
1162 2018 1370 2062 aurem
1404 2007 1585 2076 tuam,
1621 2009 1684 2062 et
1735 1999 1898 2064 salva
1931 2018 2048 2062 me.

2301 1992 2358 2058 3.
2393 1994 2594 2056 Κλϊνον
2626 1997 2756 2074 πρὸς
2780 1996 2848 2071 μὲ
2891 1996 2954 2052 τὸ
2986 1994 3074 2061 οὖς
3107 2016 3222 2070 σου,
3255 1996 3344 2051 καὶ
3390 1996 3565 2052 σῶσόν
3612 2017 3702 2071 με.

561 2093 622 2154 4.
655 2091 798 2153 Esto
827 2091 971 2152 mihi
1007 2090 1068 2152 in
1100 2089 1287 2152 Deum
1321 2097 1745 2172 protectorem,

2299 2087 2360 2149 4,
2395 2085 2554 2142 Γενοῦ
2583 2109 2675 2161 μοι
2707 2087 2782 2148 εἱς
2808 2087 2938 2140 Θεὸν
2980 2085 3406 2164 ὑπερασπιστιὶν,

563 2186 626 2243 5.
661 2181 732 2242 Et
759 2179 821 2242 in
848 2180 1048 2242 locum
1081 2179 1401 2255 munitum,
1425 2186 1490 2241 ut
1519 2179 1746 2242 salvum
1777 2197 1875 2240 me
1909 2179 2090 2241 facias
2117 2201 2132 2241 :

1842 2197 1875 2240 e
1909 2179 2090 2241 facias
2117 2201 2132 2241 :
2301 2177 2360 2238 5.
2393 2175 2500 2239 Καὶ
2523 2179 2595 2242 εἱς
2626 2181 2792 2235 τόπον
2820 2178 3020 2256 ὀχυρὸν
3050 2184 3140 2235 τοῦ
3169 2177 3338 2233 σῶσαί
3371 2195 3463 2253 με’

563 2270 622 2335 6.
659 2271 952 2345 Quoniam
989 2269 1434 2332 ﬁrmamentum
1483 2285 1681 2331 meum
1735 2277 1794 2330 et
1835 2268 2133 2348 refugium

2299 2269 2359 2330 6.
2392 2269 2525 2326 ’Ὅτι
2559 2267 2834 2346 στερέωμά
2878 2288 2979 2341 μου
3025 2266 3114 2324 καὶ
3142 2267 3424 2346 καταφυγή
3457 2289 3560 2342 μου
3609 2267 3665 2323 εἴ
3697 2269 3781 2330 συ,

483 2379 547 2424 οε
580 2368 663 2424 ιιι.

563 2519 648 2600 (a)
683 2521 861 2599 Κύριε.
893 2522 968 2583 At
996 2520 1059 2582 in
1092 2537 1277 2598 marg.
1312 2518 1478 2599 cod.,
1511 2522 1538 2576 ὁ
1571 2521 1726 2593 Θεός,
1757 2519 2021 2584 charact.
2062 2520 2282 2586 direre.

1607 2651 2022 2720 ATHANASII
2064 2649 2710 2718 INTERPRETATIO.

561 2811 620 2874 5.
652 2813 740 2874 Re
771 2812 988 2876 infecta
1016 2815 1212 2876 statim
1236 2815 1545 2891 recedent,
1575 2814 1675 2896 qui
1697 2813 1906 2877 dicunt
1935 2815 2078 2876 mihi
2106 2836 2120 2876 :

2289 2817 2348 2874 5.
2385 2811 2696 2892 ’Ἂπρακτοι
2722 2812 3057 2892 παραχρῆμα
3100 2810 3544 2890 ἀναχωρήσσιδσιν
3567 2811 3616 2865 οἱ
3671 2808 3850 2886 λόγον·

476 2898 691 2982 Utique
718 2906 919 2984 utique
949 2904 1254 2966 videamus
1285 2906 1413 2986 ejus
1444 2895 1776 2968 interitum.

2207 2903 2293 2969 τές
2324 2919 2441 2978 μοι’
2473 2904 2569 2960 Ναὶ
2593 2905 2674 2959 ναὶ
2703 2900 2906 2975 ἴδωμεν
2940 2904 3096 2959 αὖτοῦ
3133 2899 3228 2966 τὴν
3260 2895 3558 2959 ἀπώλειαν,

555 2989 615 3053 6.
650 2991 726 3052 Se
753 2991 826 3052 ad
858 2998 916 3052 te
943 3000 1392 3054 convertentes.

2287 2993 2346 3054 6.
2385 2994 2444 3050 Οἱ
2475 2992 2883 3071 ἐπιστρέφοντες
2915 2992 3046 3069 πρὸς
3092 2989 3173 3051 σέ,

555 3081 613 3144 7.
649 3079 1029 3143 Gloriﬁcetur
1061 3080 1240 3144 Dens.

2285 3084 2346 3140 7.
2388 3079 2754 3152 Δοξασθήτωὸ
2791 3081 2945 3145 Θεός.

553 3172 614 3233 8.
652 3167 979 3247 Diligentes
1011 3170 1373 3233 voluntatem
1402 3180 1584 3234 tuam.

2286 3171 2348 3233 8.
2384 3168 2451 3234 Οἱ
2486 3172 2796 3246 ἀγαπῶντες
2839 3174 2900 3227 τὸ
2934 3168 3145 3246 θέλημά
3189 3190 3307 3230 σου.

556 3257 617 3320 9.
656 3260 887 3337 Pauper
915 3276 1042 3318 sum
1071 3261 1323 3338 justitia.

2286 3261 2344 3321 9.
2376 3267 2454 3337 Τῇ
2478 3259 2792 3337 δικαιοσύνῃ
2829 3260 3050 3340 πτωχός
3079 3261 3210 3336 εἶμι.

562 3345 661 3410 10.
696 3339 953 3425 Adjutor
983 3357 1038 3408 et
1071 3349 1355 3412 liberator
1387 3369 1557 3412 meus
1588 3367 1652 3412 es
1674 3357 1735 3411 tu
1764 3368 1833 3412 ex
1866 3348 2124 3411 inimicis

2288 3349 2385 3411 10.
2414 3353 2614 3417 Βοηθὸς
2657 3353 2742 3406 καὶ
2769 3349 2959 3428 ρύστης
2984 3339 3103 3426 μο)
3158 3350 3213 3405 εἴ
3283 3350 3344 3406 σὺ
3401 3349 3462 3404 ὲκ
3498 3352 3603 3404 τῶν
3635 3347 3839 3427 ἐχθρῶν

474 3436 659 3517 meis,
691 3434 965 3514 Domine,
1002 3456 1076 3499 ne
1107 3441 1412 3503 cunctcris

1363 3441 1412 3500 is
2141 3443 2184 3495 C
2208 3460 2336 3514 μου,
2375 3439 2554 3518 Κύριε,
2595 3441 2673 3514 μὴ
2699 3438 2980 3517 βραδύνῃς.

553 3527 621 3584 ’Β
666 3527 993 3606 προκειμένη
1039 3529 1307 3610 ἐπιγραφὴ
1366 3531 1610 3610 περιέχει
1671 3532 1797 3609 (1)·
1849 3529 2074 3605 Ψαλμὸς
2117 3532 2194 3604 τῷ
2254 3525 2414 3584 Δαϐὶδ
2457 3532 2563 3586 τῶν
2612 3531 2738 3585 υἱῶν
2781 3527 3059 3602 ἰιυναδαὸ,
3106 3529 3324 3585 καὶτῶν
3367 3529 3594 3607 πρώτων
3639 3529 3849 3606 αἰχμα-

471 3622 830 3680 λωτισθέντων
865 3638 878 3653 ⁰
922 3621 1277 3704 ἀνεπίγραφος
1324 3625 1450 3704 παρ’
1484 3623 1777 3701 Ἐῗραίοις.
1831 3627 1996 3682 Τοῦτο
2050 3624 2141 3680 οὖν
2185 3622 2329 3702 λέγει
2374 3621 2591 3698 ψαλμὸς
2632 3631 2710 3698 τῷ
2747 3619 2907 3679 Δαϐὶδ
2936 3625 3014 3696 τῷ
3066 3624 3233 3695 ἱκανῷ
3282 3627 3350 3698 τῇ
3405 3621 3576 3701 χειρὶ³
3620 3621 3857 3677 τουτέστι

471 3724 546 3794 τῲ
576 3715 774 3795 Κυρίῳ.
811 3717 946 3774 Εἶτα
975 3725 1082 3774 τῶν
1102 3720 1225 3774 υἱῶν
1259 3717 1515 3777 musas
1549 3719 1662 3800 (2),
1699 3719 1828 3798 ὅπερ
1862 3718 1970 3775 ἐστὶ
2003 3725 2108 3775 τῶν
2141 3719 2267 3775 υἱῶν
2299 3723 2398 3784 τῆς
2432 3715 2668 3783 εὐδοκίας
2712 3724 2804 3774 τοῦ
2835 3725 2989 3790 Θεο),
3023 3717 3217 3773 ὡσανεὶ
3243 3722 3351 3772 τῶν
3383 3717 3573 3794 ἁγίων.
3610 3710 3858 3772 Ἰωναδὲὸ

469 3813 569 3891 γὰρ
613 3809 956 3889 ἑρμηνεύεται
990 3819 1120 3868 Θεοῦ
1151 3813 1489 3880 ἐκουσιότης,
1522 3814 1657 3870 Εἶτα
1689 3813 1907 3870 καὶτῶν
1939 3813 2166 3891 πρώτων
2198 3809 2767 3891 αἰχμαλωτισθέντων,
2801 3811 3041 3868 τουτέστι
3106 3815 3213 3866 τῶν
3247 3808 3338 3890 (3)
3385 3809 3749 3886 ὑποκειμένων
3792 3813 3858 3883 τῇ

468 3900 698 3977 ἁμαρτίᾳ
737 3901 799 3955 τὸ
844 3899 1120 3977 πρότερον,
1155 3900 1371 3978 ὕστερον
1413 3901 1465 3957 δὲ
1515 3903 1976 3980 ἐπιστρεψάντων.

547 3991 782 4053 Titulus
813 3992 1169 4072 praepositus
1194 3995 1463 4055 continet
1499 4017 1512 4054 :
1553 3996 1830 4058 Psalmus
1863 3991 2058 4056 David
2103 3989 2377 4072 ﬁliorum
2423 3993 2730 4068 Jonadab,
2765 3999 2823 4056 et
2851 3993 3132 4072 priorum
3183 3995 3592 4071 captivorum,
3614 3994 3747 4052 sine
3774 3989 3853 4052 ti-

477 4087 606 4149 tulo
634 4087 797 4164 apud
823 4085 1125 4148 Hebraeos.
1160 4087 1286 4150 Hoc
1309 4098 1506 4150 autem
1537 4090 1833 4170 signiﬁcat
1859 4087 2135 4170 psalmus
2175 4085 2376 4148 David
2407 4105 2598 4151 manu
2617 4091 2704 4166 lo:
2725 4089 2798 4168 ti,
2837 4086 2948 4150 hoc
2979 4094 3071 4148 est
3100 4084 3382 4148 Domino.
3409 4083 3664 4158 Deinde,
3694 4084 3853 4165 ﬁlio-

480 4196 617 4241 rum
643 4178 938 4251 Ionadab,
973 4177 1249 4242 videlicet
1272 4180 1530 4244 ﬁliorum
1556 4181 1916 4263 beneplaciti
1951 4181 2087 4262 Dei,
2120 4182 2630 4259 quemadmodum
2654 4182 2845 4245 sancti
2871 4188 3031 4244 sunt.
3062 4179 3342 4243 Jonadab
3373 4179 3533 4240 enim
3561 4181 3851 4261 interpre-

475 4280 628 4334 tatur
653 4271 769 4335 Dei
795 4279 1180 4353 spontanous.
1219 4276 1553 4356 Etdeinde,
1579 4279 1854 4358 priorum
1883 4282 2288 4358 captivorum,
2352 4275 2467 4338 hoc
2517 4283 2606 4340 est
2660 4294 2892 4354 eorum,
2953 4273 3058 4356 qui
3092 4274 3260 4356 prius
3294 4271 3690 4354 subjacebant
3717 4291 3852 4355 pec-

470 4376 629 4443 cato,
663 4373 722 4428 et
751 4365 968 4430 deinde
996 4369 1269 4432 conversi
1301 4379 1463 4432 sunt.

549 4455 702 4524 i.In
762 4465 819 4519 te
877 4457 1134 4538 speravi,
1193 4459 1466 4536 Domine,
1502 4460 1659 4542 quod
1711 4460 2032 4543 custodiar,
2062 4467 2122 4522 et

2289 4467 2342 4520 l.
2380 4458 2508 4522 Ἐπὶ
2566 4463 2646 4518 σοὶ
2717 4461 2946 4536 ἤλπισα,
3008 4460 3182 4539 Κύριε,
3249 4460 3330 4515 ὃτι
3408 4457 3842 4538 φυλειχθήσομ.αι⁸

467 4545 630 4609 nulla
652 4552 712 4608 in
739 4564 807 4608 re
837 4546 1108 4609 inveniar
1137 4548 1450 4611 oll‘endens
1487 4567 1686 4612 coram
1722 4562 1802 4612 te.

2203 4553 2290 4608 καὶ
2319 4551 2407 4629 (4)
2439 4551 2492 4608 ἂν
2524 4549 2709 4629 μηδενὶ
2743 4553 2933 4626 εὕρεθῶ
2975 4549 3198 4614 πταίσας
3240 4548 3477 4605 ἀνώπιόν
3507 4569 3621 4607 σου.

546 4636 586 4698 2
639 4635 705 4698 In
730 4635 883 4700 Filio
912 4645 1015 4702 tuo
1047 4635 1238 4701 libera
1264 4657 1380 4716 me,
1417 4647 1478 4702 et
1507 4639 1676 4723 eripe
1709 4658 1804 4704 me
1829 4658 1863 4702 a
1895 4657 2115 4720 pecca-
2141 4707 2167 4723 _

2281 4639 2340 4701 9.
2373 4640 2470 4698 Ἐν
2527 4647 2604 4715 τῷ
2663 4642 2767 4717 Υἱῷ
2827 4661 2920 4697 σου
2976 4639 3124 4717 ῥῦσαί
3173 4660 3265 4716 με,
3302 4639 3389 4695 καὶ
3433 4635 3712 4714 ἐξελοῦμαι
3768 4635 3839 4714 (5)

467 4723 543 4785 tis
569 4725 744 4788 meis.
1367 4707 1379 4716 ’
1603 4707 1619 4723 ’
1895 4707 1914 4720 ’

1367 4707 1379 4716 ⁷
1603 4707 1619 4723 ⁸
1895 4707 1914 4720 ’
2141 4707 2182 4758 ο
2199 4728 2305 4786 ἀπὸ
2336 4733 2441 4786 τῶν
2470 4707 2750 4809 ἁμαρτιῶν.
2774 4752 2898 4806 μου,

551 4812 609 4878 3.
653 4815 882 4879 Exaudi
917 4835 1035 4899 me,
1063 4829 1124 4880 et
1153 4819 1312 4881 salva
1341 4838 1463 4886 me.

2278 4819 2339 4884 3.
2376 4817 2709 4881 Ἐπακουσόν
2754 4843 2878 4898 μου,
2930 4821 3018 4876 καὶ
3074 4819 3247 4875 σῶσόν
3304 4837 3372 4893 με

547 4905 608 4968 4.
643 4905 788 4968 Esto
823 4906 966 4969 mihi
998 4907 1060 4969 in
1085 4906 1272 4971 Deum
1301 4917 1724 4990 protectorem.

2278 4908 2338 4970 4.
2373 4906 2676 4990 ’Ἕστωίη
2723 4932 2821 4986 μοι
2863 4911 2936 4974 εἰς
2983 4909 3114 4966 Θεὸν
3135 4907 3563 4986 ὑπερασπιστήν,

547 4997 611 5057 5.
636 4995 702 5057 In
735 5013 1058 5076 supernam
1090 4999 1446 5066 Jerusalem.

2278 5001 2340 5061 5.
2381 5001 2468 5064 Εἰς
2493 5000 2589 5068 τὴν
2622 4999 2731 5062 ἅνω
2765 4997 3131 5080 Ἰερουσαλήμ.

547 5084 609 5151 6.
640 5084 934 5159 Quoniam
966 5087 1251 5152 auxilium
1295 5109 1496 5155 meum
1521 5100 1581 5156 et
1600 5091 1892 5172 refugium
1915 5108 2110 5158 meum

557 5181 639 5235 tu.

2040 5109 2110 5158 1m
2276 5089 2336 5152 6.
2373 5087 2505 5146 ’Ὅτι
2527 5090 2754 5166 βοήθειά
2798 5113 2900 5168 μου
2923 5089 3010 5147 mi
3041 5085 3320 5167 καταφυγὴ
3349 5083 3428 5164 (8)
3473 5088 3528 5144 εἶ
3575 5087 3661 5149 σύ.

465 5189 534 5238 οδ
557 5189 639 5236 tu.

1479 5353 1781 5420 Addenda
1824 5361 1888 5419 et
1935 5357 2312 5440 corrigenda
2356 5372 2434 5421 ex
2477 5351 2618 5416 cod.
2667 5351 2866 5415 Vatic.

549 5518 626 5604 )
655 5513 834 5604 ’ξι-διὰ
861 5519 964 5604 τῆς
992 5518 1516 5604 κινναϐάρεωςΑπερ,
2271 5525 2363 5604 (5)
2391 5521 2606 5590 Ἐξελοῦ
2638 5544 2726 5597 με.

549 5530 626 5589 (1)
657 5530 718 5572 'u
751 5530 834 5572 διὰ
866 5530 964 5584 τῆς
995 5530 1352 5598 κινναὸᾶρεως
1395 5545 1516 5604 περ,
2300 5530 2363 5602 5)
2391 5530 2606 5590 Ἔξελοῦ
2638 5544 2726 5597 με.

665 5595 820 5688 ᾼέγει
852 5598 1126 5688 ψαλμὸς
1157 5610 1251 5660 τοῦ
1274 5602 1434 5662 Δαϐὶδ
1452 5611 1560 5663 τὼν
1579 5609 1704 5663 υἱῶν
1729 5605 2107 5684 Ιωναδὰόβιοο
2271 5530 2530 5688 Ἐτι
2563 5603 2793 5666 ἀκούσας
2825 5604 2995 5658 σῶσόν
3042 5623 3130 5677 με.

662 5675 910 5766 ΑέῘω-δῆ
944 5675 1072 5757 τῶν,
1108 5687 1225 5744 etc.
1965 5675 1977 5684 ’
2376 5684 2544 5745 ”Εσο.

572 5756 632 5836 4)
661 5754 767 5818 Καί
795 5756 982 5823 deost.
1059 5754 1066 5757 ⁷

2277 5754 2361 5845 ξε)
2391 5766 2618 5835 Βοήθιια
2651 5765 2739 5820 καὶ
2770 5764 3050 5844 καταφυγή
3095 5783 3222 5839 μου,
3257 5766 3375 5822 etc.
