4104 6214
260 362 383 431 933
1145 364 1241 427 DE
1287 365 1599 428 TITULIS
1642 354 2130 428 PSALMORUM.
2177 399 2257 409 ——
2305 366 2517 427 PSAL.
2568 354 2750 427 LXX.
3517 364 3632 431 934

352 488 409 550 Ἰ.
458 487 518 545 Ὀ
551 489 681 554 Θεός
720 510 844 563 μου,
877 488 1025 565 ῥόσαι
1059 506 1126 561 με
1158 483 1217 540 ἐκ
1246 488 1427 564 χειρός
1459 484 1798 560 ἁμαρτωλοῦ⁶
1932 502 1971 549 Α

2081 485 2136 564 7,
2182 483 2337 545 Deus
2387 501 2577 563 meus,
2626 480 2796 561 eripe
2827 500 2922 543 me
2950 481 3026 542 de
3058 498 3235 543 manu
3268 486 3643 562 peccatoris:

350 576 409 638 8.
460 576 557 633 Ἐκ
588 580 773 658 χειρὸς
805 576 1242 655 παρανομοῦντος
1270 577 1358 631 καὶ
1385 573 1711 640 ἄδικουντος.

2080 573 2137 636 8.
2188 571 2271 634 De
2304 590 2483 633 manu
2520 580 2735 632 contra
2766 571 2958 647 legem
2989 569 3215 649 agentis
3245 579 3307 632 et
3333 571 3547 653 iniqui.

346 666 409 727 9.
455 663 593 724 ’Ὅτι
626 669 686 724 οὺ
730 670 785 722 εἴ
815 667 851 732 ὴ
881 662 1127 739 ὑπομονά
1160 685 1284 738 μου,
1319 662 1506 737 Κύριε·

2080 664 2141 725 9.
2188 660 2478 735 Quoniam
2512 669 2572 722 tu
2607 679 2672 723 es
2704 660 2995 742 patientia
3028 678 3178 733 mea,
3216 662 3469 724 Domine
3503 684 3515 725 :

352 756 448 818 10.
501 757 683 834 Κύριε,
716 758 751 823 ἡ
782 755 931 819 ἐλπίς
965 776 1069 829 μου
1097 754 1155 809 ἐκ
1184 751 1432 820 νεότητός
1460 776 1585 829 μου,

2084 753 2183 814 10.
2230 751 2504 826 Domine,
2536 769 2674 831 Spes
2705 768 2839 813 mea
2868 772 2897 809 a
2926 750 3240 830 juventute
3274 769 3428 813 mea.

350 846 453 907 11.
499 844 622 903 Ἐπὶ
652 846 710 901 σέ
743 847 1139 922 ἒπεστηρίχθην
1171 842 1276 900 ἀπὸ
1300 847 1547 921 γαστρός.

2087 842 2181 904 11.
2228 838 2294 901 In
2326 849 2387 902 te
2416 840 2802 902 conﬁrmatus
2836 857 2967 900 sum
2999 857 3071 901 ex
3104 846 3279 901 utero
3316 862 3328 902 :

346 934 445 998 12.
495 935 589 992 Ἐκ
632 934 834 998 κοιλίας
894 934 1098 1013 μητρός
1158 954 1260 1007 μου
1320 934 1384 988 σύ
1438 957 1540 1007 μου
1584 935 1639 989 εἷ
1704 955 1911 989 σκεπα..

2082 929 2180 992 12.
2228 928 2315 991 De
2344 936 2556 992 ventre
2589 928 2790 991 matris
2820 946 2969 989 mea;
2999 936 3060 988 tu
3089 946 3258 991 meus
3308 947 3372 991 es
3422 939 3654 1011 protec-

268 1026 429 1093 στῆς.

2003 1030 2120 1082 101⁵.

354 1112 450 1177 13.
500 1113 591 1171 Ἐν
626 1115 709 1171 σοὶ
736 1114 773 1180 ἦ
802 1113 1026 1185 ὕμνησις
1061 1134 1164 1188 μου
1195 1110 1501 1177 διαπαντός.

2087 1111 2185 1171 13.
2231 1110 2297 1171 In
2330 1112 2391 1171 te
2422 1109 2675 1171 cantatio
2712 1125 2843 1169 mea
2871 1125 3128 1187 semper.

345 1202 447 1265 14,
498 1200 643 1259 Ὠσεὶ
671 1203 828 1281 τέρας
853 1203 1116 1279 ἓγενήθην
1146 1215 1263 1265 τοῖς
1301 1201 1551 1263 πολλοῖς·

2086 1200 2184 1260 14.
2233 1196 2535 1280 Tanquam
2573 1198 2905 1279 prodigium
2936 1197 3123 1259 factus
3148 1218 3278 1259 sum
3312 1201 3518 1262 multis
3552 1220 3564 1264 :

348 1291 449 1353 15.
500 1294 597 1349 Καὶ
627 1293 691 1349 σὺ
718 1293 914 1369 βοηθός
950 1313 1052 1367 μου
1082 1292 1360 1369 κραταιός.

1265 1292 1360 1355 .6’c.
2096 1290 2183 1351 ιῖ).
2232 1288 2306 1349 Et
2336 1297 2396 1350 tu
2428 1288 2663 1368 adjutor
2694 1288 2886 1349 fortis.

353 1380 456 1444 16.
502 1380 847 1461 Πληρωοήτω
876 1382 937 1436 τὸ
980 1402 1154 1455 στομα
1202 1404 1303 1455 μου
1347 1381 1615 1458 αἷνιέσεως,

1473 1402 1615 1458 τεως,
2090 1378 2164 1437 16
2209 1376 2537 1457 Repleatur
2568 1396 2635 1438 os
2668 1396 2864 1437 meum
2898 1378 3094 1457 laude,

355 1470 455 1531 17.
504 1468 707 1533 ’Ὅπως
734 1472 961 1545 ὑμνήσω
989 1470 1087 1535 τὴν
1117 1468 1270 1535 ὃόξτν
1302 1487 1416 1526 σου·
1482 1466 1487 1471 ’

1482 1466 1487 1471 ’
2087 1468 2185 1527 17.
2234 1463 2308 1529 Ut
2338 1475 2576 1527 cantem
2606 1466 2859 1543 gloriam
2889 1475 3047 1528 luam
3082 1486 3092 1529 :

363 1559 456 1621 18.
505 1557 689 1627 ’Ὅλην
718 1561 817 1626 τὴν
847 1560 1053 1634 ἡμέραν
1079 1560 1176 1626 τὴν
1209 1559 1673 1639 μεγαλοπρέπειαν
1703 1580 1825 1619 σου,

1590 1580 1673 1615 ιαν
1703 1580 1825 1619 σου,
2088 1556 2184 1619 18.
2216 1555 2364 1617 Tota
2394 1558 2492 1617 die
2525 1556 2992 1635 magnitudinem
3029 1565 3210 1619 tuam.

360 1650 455 1711 19.
504 1650 593 1716 Μὴ
636 1647 932 1727 ἀποῤῥίψῃς
974 1669 1041 1724 με
1073 1650 1145 1712 εἰς
1177 1651 1359 1726 καιρὸν
1390 1648 1594 1727 γήρως·

2095 1647 2187 1709 19.
2241 1644 2325 1706 Ne
2358 1647 2638 1725 projicias
2660 1664 2753 1705 me
2790 1645 2850 1705 in
2884 1654 3149 1727 tempore
3181 1650 3503 1713 senectutis
3538 1674 3551 1715 :

354 1737 461 1800 20.
506 1739 596 1796 Ἐν
624 1740 701 1814 τῷ
730 1737 993 1795 ἐκλείπειν
1016 1738 1082 1805 τὴ
1104 1739 1261 1817 ἰσχύν
1294 1761 1418 1818 μου,
1447 1762 1525 1813 μη
1560 1737 1923 1815 εγκαταλίπης

2092 1738 2191 1799 20.
2240 1734 2386 1797 Cum
2420 1734 2707 1797 defecerit
2737 1736 2923 1798 virtus
2952 1755 3104 1811 mea,
3141 1756 3216 1799 ne
3265 1738 3648 1821 derelinquas

278 1851 371 1906 με·

1953 1875 1986 1906 ρ
2013 1843 2130 1888 me.

359 1876 461 1983 .21.
512 1918 652 1977 ’Ὅτι
685 1922 845 1974 εἷπον
877 1918 924 1973 οἱ
952 1916 1136 1997 ὶχθροί
1164 1939 1266 1975 μου
1299 1918 1442 1991 ἐμοι,
1951 1875 1980 1924 Ε

1951 1875 1987 1924 Β
2090 1916 2187 1977 21.
2239 1914 2387 1987 Quia
2417 1916 2695 1976 dixerunt
2724 1913 2953 1976 inimici
2986 1917 3103 1976 mei
3136 1918 3281 1979 milii
3309 1936 3320 1980 :

356 2007 459 2068 ἥ.
511 2009 609 2065 Καὶ
638 2009 685 2063 oi
714 2005 1070 2086 φυλάσσοντες
1096 2010 1195 2073 τὴν
1226 2009 1380 2086 ψυχή
1412 2029 1537 2082 μου,

2090 2004 2192 2067 22.
2242 2005 2313 2066 Et
2342 2004 2444 2084 qui
2472 2003 2889 2067 custodiebant
2907 2006 3166 2067 animam
3205 2026 3419 2083 meam,

354 2098 456 2161 23,
505 2094 921 2154 Ἐϐουλεύσσντο
946 2094 1032 2152 ἐπὶ
1061 2097 1121 2150 τὸ
1170 2097 1317 2169 αὐτὸ,

2090 2093 2189 2157 23.
2238 2093 2564 2156 Consilium
2600 2093 2870 2154 fecerunt
2901 2093 2960 2154 in
2996 2112 3204 2175 unum,

352 2185 456 2250 2-4.
506 2186 786 2263 Λέγοντες⁶
828 2184 908 2242 ’Ὂ
942 2186 1072 2247 Θεὸς
1104 2183 1455 2261 ἐγκατέλιπεν
1496 2190 1673 2243 αὐτον·

1599 2204 1673 2241 ον·
2091 2186 2190 2247 24.
2238 2186 2518 2246 Dicentes
2546 2182 2702 2243 Deus
2734 2182 3057 2264 dereliquit
3086 2204 3220 2247 eum

353 2274 454 2336 25.
504 2272 906 2347 Καταδιώξατε,
936 2275 1025 2330 καὶ
1053 2272 1380 2334 καταλάϐετε
1414 2274 1595 2330 αὑτόν*

2087 2274 2190 2335 25.
2239 2271 2695 2352 Persequimini,
2728 2280 2785 2332 et
2818 2273 3310 2353 comprehendite
3335 2296 3472 2339 eum

353 2364 458 2429 26.
503 2364 639 2423 "Ott
689 2364 785 2421 οὐκ
831 2363 973 2420 ἔστιν
1004 2365 1032 2418 ὁ
1061 2364 1338 2439 ῥυόμενος,

2089 2363 2188 2427 26.
2237 2360 2387 2434 Quia
2417 2380 2535 2422 non
2567 2369 2659 2423 est
2700 2361 2803 2443 qui
2852 2362 3084 2443 eripiat.

350 2454 456 2518 27.
500 2453 564 2514 ὐ
589 2456 717 2516 Θεὸς
752 2475 878 2534 μου,
913 2454 991 2527 μὴ
1020 2453 1294 2533 μακρύνῃς
1324 2453 1410 2511 ἐπ’
1443 2454 1597 2530 ἐμοῦ.

2089 2455 2189 2514 27.
2239 2453 2400 2514 Deus
2430 2468 2621 2526 meus,
2660 2469 2735 2512 ne
2764 2450 3063 2532 elongeris
3091 2472 3126 2515 a
3155 2472 3252 2516 me
3286 2478 3298 2519 :

350 2542 454 2607 28.
502 2543 563 2602 Ὀ
598 2544 728 2609 Θεός
761 2565 888 2619 μου,
921 2543 994 2607 είς
1026 2542 1125 2610 τὴν
1154 2543 1405 2617 βοήθειάν
1447 2567 1549 2619 μου
1579 2566 1841 2625 προσχες.

2092 2544 2191 2606 28.
2243 2539 2403 2603 Deus
2430 2557 2622 2621 meus,
2652 2539 2715 2602 in
2740 2540 3023 2603 auxilium
3048 2560 3248 2605 meum
3276 2546 3528 2627 respice.

1408 2716 1823 2785 ATHANASII
1869 2720 2512 2788 INTEBPRETATIO.

355 2907 420 2970 7.
469 2914 570 2965 τώ
612 2902 859 2962 διαϐόλου
889 2903 981 2981 (1)
1020 2902 1188 2981 λέγει,

1062 2902 1188 2981 ἑγει.
2101 2905 2156 2966 7.
2206 2902 2435 2966 Diaboli
2466 2902 2683 2980 inquit.

353 2998 420 3059 8.
470 3003 574 3055 Τοῦ
605 2997 781 3057 οὐτοῦ,

2097 2995 2153 3056 8.
2191 2992 2502 3071 Ejusdem.

355 3086 420 3150 9.
469 3084 603 3143 ’³Οτι
634 3085 696 3140 σὺ
740 3084 793 3140 εἷ
839 3085 874 3151 ἡ
920 3082 1251 3161 παράκλησίς
1287 3104 1417 3160 μου²
1459 3082 1631 3160 Κύριε.

2095 3084 2151 3144 9.
2202 3081 2494 3155 Quoniam
2529 3091 2587 3143 tu
2622 3100 2685 3143 es
2725 3080 3048 3142 consolatio
3076 3099 3230 3161 mea,
3268 3081 3546 3145 Domine.

356 3175 457 3239 10.
513 3175 586 3230 Σὺ
616 3177 698 3235 εἷς
729 3172 879 3233 ἐλπίς
906 3194 1010 3247 μου
1054 3169 1145 3251 ἀφ’
1168 3172 1227 3228 οὗ
1259 3170 1580 3240 ἑνεποιήθην

2094 3172 2191 3235 10.
2242 3172 2329 3232 Tu
2354 3191 2417 3232 es
2448 3190 2585 3251 spes
2617 3188 2772 3241 mea,
2810 3188 2881 3231 ex
2911 3188 3028 3246 quo
3052 3169 3347 3250 ingenitus
3376 3189 3533 3234 sum.

358 3267 461 3329 11.
506 3261 646 3321 Ἀπὸ
674 3270 766 3320 τοῦ
794 3263 1187 3335 βαπτίσματος.
1946 3277 1979 3327 c

1049 3282 1187 3323 ιτος.
1946 3277 1987 3327 C
2093 3264 2193 3324 11.
2243 3264 2287 3323 Α
2322 3260 2670 3341 bapstismo.

351 3353 457 3417 12.
503 3351 602 3411 Ἐκ
641 3356 739 3419 τῆς
768 3348 1163 3428 κολυμϐήθρας.

983 3352 1163 3428 ήθρας.
2098 3353 2195 3413 12.
2243 3350 2326 3412 Ex
2356 3351 2604 3412 lavacro.

352 3442 458 3506 13.
505 3440 572 3498 Ἠ
604 3439 892 3518 προσδοκία
923 3461 1054 3513 μου.

2096 3442 2195 3503 13.
2240 3438 2611 3520 Exspectatio
2646 3456 2800 3501 mea.

353 3532 456 3595 14.
504 3530 653 3587 Ὠσεὶ
676 3530 919 3607 παίγνιον
951 3527 1046 3607 (3)
1072 3540 1190 3591 τοῖς
1223 3526 1464 3602 δαιμοσι,

2099 3530 2195 3592 14.
2243 3527 2549 3608 Tanquam
2584 3527 2903 3589 ludibrium
2936 3527 3333 3590 daemonibus.

355 3623 459 3685 15.
503 3618 607 3682 Καί
638 3621 700 3676 σὺ
746 3619 942 3695 βοηθός
987 3640 1093 3693 μο)
1135 3617 1383 3697 ἰσχυρός,

2103 3620 2195 3679 15.
2243 3620 2317 3681 Ει
2348 3628 2410 3679 ιιι
2430 3618 2670 3696 adjutor
2702 3635 2869 3678 meus
2899 3616 3147 3680 validus.

359 3711 463 3777 16.
508 3713 620 3778 Τῆς
641 3709 865 3789 χάριτός
896 3730 1013 3766 σου.

974 3732 1013 3766 ›.
2102 3707 2195 3771 16.
2245 3706 2447 3770 Gratia
2480 3714 2595 3768 tua.

363 3803 461 3865 17.
508 3801 619 3868 Τὴν
663 3798 967 3876 ὡραιότητα
1000 3796 1089 3877 (4)
1120 3801 1216 3866 τῆς
1249 3795 1524 3873 δυνάμεώς
1560 3820 1677 3857 σου.

1601 3820 1677 3857 ου.
2098 3797 2197 3858 17.
2244 3793 2753 3857 Pulchritudinem
2786 3795 3062 3875 potentias
3088 3803 3222 3854 tua}.

362 3891 468 3954 18.
516 3888 927 3967 Κοιτσλζόμπνος³
969 3889 1057 3944 καὶ
1086 3885 1512 3966 διανιστάμενος,
1547 3888 1634 3943 καὶ
1664 3890 1933 3967 πορεόμε-

2100 3886 2197 3946 18.
2246 3885 2561 3948 Dormiens
2588 3892 2646 3946 et
2674 3902 2952 3963 surgens,
2989 3893 3047 3945 et
3089 3882 3406 3947 ambulans
3454 3884 3658 3948 lauda-

284 4003 378 4049 νος
422 3982 651 4059 ὑμνήσω
708 3979 768 4035 τό
816 3978 1063 4056 μέγεθος,
1111 3980 1172 4036 τὸ
1208 3977 1589 4045 ἀκατάληπτον
1610 3985 1708 4057 τῇς
1742 3981 1905 4057 εὖπρει

2045 3994 2098 4036 ιο
2157 3973 2621 4053 magnitudinem
2686 3972 3369 4053 incomprehensibilem
3429 3972 3666 4040 decoris

286 4074 444 4139 τείας
478 4093 600 4134 σου.

514 4094 600 4134 ου.
2022 4064 2134 4130 tui.

378 4162 480 4225 19.
527 4162 619 4227 Μὴ
649 4156 945 4236 ἆποῤῥίψῃς
977 4179 1067 4234 με,
1098 4156 1223 4216 ὅταν
1251 4157 1410 4237 ἐγγὺς
1443 4161 1656 4236 γίνομαι
1684 4158 1765 4239 (5)
1794 4161 1935 4240 ἀφα-

2107 4154 2199 4217 19.
2247 4154 2336 4217 Ne
2391 4152 2637 4233 abjicias
2686 4171 2782 4215 me
2833 4171 2973 4217 cum
3022 4171 3210 4236 prope
3241 4171 3332 4235 es,
3365 4163 3429 4215 ut
3458 4153 3661 4236 dispe-

292 4273 613 4405 “agam
670 4344 747 4412 τῷ
805 4337 1045 4393 ἀσθενεῖν
1095 4337 1195 4405 τὴν
1245 4336 1433 4415 ψυχήν
1491 4360 1594 4414 μου
1653 4338 1731 4413 μὴ
1782 4338 1913 4416 ἰάσῇ

2046 4261 2212 4307 'eam.

2104 4333 2205 4395 20.
2253 4331 2337 4394 Ne
2368 4332 2635 4395 dimittas
2666 4352 2763 4397 me
2792 4353 2928 4397 cum
2961 4336 3160 4397 anima
3210 4352 3345 4397 mea
3400 4335 3667 4397 inﬁma-

289 4453 471 4581 μεὲί.
506 4517 642 4576 ”Οτι
688 4514 964 4573 ἀπειλοῦσί
986 4538 1054 4593 με
1084 4516 1171 4589 (6)
1200 4516 1247 4571 οἱ
1278 4511 1550 4590 δαίμονες.

2028 4434 2208 4578 ω121.
2256 4513 2544 4587 Quoniam
2577 4512 2723 4573 mihi
2756 4513 3057 4574 minantur
3086 4514 3406 4575 daemones.

374 4605 474 4671 22.
526 4605 633 4669 Καὶ
679 4609 721 4663 ο²
757 4604 1101 4685 ἐκδεχόμενοι
1146 4603 1461 4682 παγιδεῦσαί
1490 4627 1579 4681 με.
1969 4639 1995 4691 ε

1969 4639 2013 4691 ο
2110 4604 2210 4667 22.
2258 4603 2331 4665 Et
2350 4602 2453 4680 qui
2483 4610 2831 4683 exspectant
2852 4602 3081 4681 laqueis
3105 4620 3201 4662 me
3226 4600 3483 4663 irretire.

378 4696 478 4760 23.
524 4696 797 4773 Συνταγὰς
826 4693 1011 4774 ἔχουσι
1043 4692 1159 4751 κατ’
1193 4693 1345 4773 ἒμοῦ⁷
1454 4758 1469 4772 θ

2111 4695 2212 4757 23.
2257 4692 2475 4755 Foedus
2505 4691 2810 4753 iniverunt
2841 4701 3049 4754 contra
3082 4709 3200 4773 me,

379 4788 479 4851 24.
528 4786 814 4863 Δέγοντες’
849 4782 908 4842 Ὀ
940 4786 1071 4849 Θεὸς
1102 4783 1284 4840 εἴασεδ
1318 4782 1494 4843 αὒτόν.

2110 4784 2210 4849 24.
2258 4782 2538 4844 Dicentes
2573 4802 2586 4838 :
2620 4782 2782 4843 Deus
2812 4779 3032 4842 dimisit
3062 4798 3222 4842 eum.

383 4875 481 4940 25,
526 4872 845 4955 Κρατήσατε
877 4875 1053 4953 αὑτὸν²
1085 4875 1170 4930 καὶ
1200 4873 1643 4951 κατακυριεύσατε
1667 4877 1846 4936 αὐτο).

2108 4872 2205 4935 25.
2254 4876 2477 4935 Tenete
2506 4889 2666 4946 eum,
2702 4879 2761 4931 et
2787 4868 3177 4931 dominamini
3201 4869 3259 4930 in
3291 4869 3507 4950 ipsum.

382 4966 480 5030 26,
531 4964 667 5023 ’Ὅτι
740 4961 903 5028 οὖδεὶς
973 4961 1184 5020 δύναται
1260 4964 1417 5019 αὐτὸν
1487 4961 1735 5041 ῥύσασθαι
1790 4964 1842 5030 ἐξ
1884 4968 1947 5033 ἡ·

2111 4964 2209 5027 26.
2257 4961 2543 5035 Quoniam
2577 4978 2755 5021 nemo
2790 4966 2980 5041 potest
3009 4960 3177 5021 illum
3216 4976 3250 5019 a
3291 4958 3468 5022 nobis
3517 4960 3672 5023 libe-

533 5145 595 5202 Ὀ
627 5142 757 5204 Θεός
789 5162 916 5222 μου,
950 5141 1030 5216 μὴ
1060 5140 1220 5217 ξᾶσῇς
1251 5162 1341 5215 με.

2033 5070 2212 5206 Γπῖῗί.
2263 5144 2421 5206 Deus
2441 5156 2633 5215 meus,
2661 5156 2737 5200 ne
2768 5137 3034 5200 dimittas
3064 5155 3179 5199 me.

385 5234 489 5299 28.
532 5232 597 5290 ’0
655 5230 845 5311 ἷφορός
901 5251 1005 5307 μου
1037 5278 1054 5310 ,
1114 5230 1419 5309 προνοητής
1490 5251 1593 5305 μου
1664 5228 1950 5301 εὸδόκησον

2112 5234 2213 5296 28.
2258 5231 2569 5312 Inspector
2597 5246 2765 5290 meus
2792 5226 3158 5309 eomplaceat
3186 5226 3295 5291 tibi
3322 5235 3388 5290 ut
3408 5227 3677 5309 provisor

306 5329 467 5390 εἶναι,

2035 5338 2205 5385 meus
2228 5322 2331 5387 sis.

1334 5480 1635 5546 Addenda
1662 5487 1727 5547 et
1756 5482 2131 5563 corrigenda
2160 5499 2238 5549 ex
2269 5483 2409 5548 cod.
2444 5482 2646 5549 Vatic.

394 5656 471 5735 (1)
512 5654 614 5735 ξΕκ
642 5654 827 5733 χειρὸς
860 5656 953 5710 τοῦ
979 5650 1248 5713 διαὸὸλου.
1298 5651 1498 5715 Deest.
1547 5654 1710 5733 λέγει.
2121 5657 2200 5735 (4)
2244 5657 2507 5722 Θεότητα.

393 5732 469 5817 (2)
513 5732 948 5817 'Evswnodponv.
1624 5732 1627 5733 ί
2118 5732 2210 5817 (5)
2255 5737 2520 5813 Γένωμαι.

400 5738 449 5813 [2
513 5738 948 5803 ἐνιωποιήθην.

400 5738 480 5897 (3B
510 5814 769 5897 παίγνιον
800 5814 1077 5895 ὁτονὴθην.

761 5738 948 5803 mea».
2147 5738 2210 5817 5)
2255 5738 2382 5795 Γένιι

761 5838 769 5867 ν
800 5814 1077 5895 ιγονὴθην.
2118 5738 2209 5897 16)
2252 5823 2382 5882 let.
