4104 6206
521 363 631 430 971
1291 365 1350 427 S.
1397 367 1826 433 ATHANASII
1869 367 2030 428 OPP.
2082 362 2290 427 PARS.
2347 361 2456 424 III.
2504 395 2580 405 ——-
2629 356 3088 423 EXEGETICA.
3788 352 3896 414 97‘!

587 498 696 560 26.
727 498 859 561 Non
890 499 1304 563 custodierunt
1341 509 1766 564 testamentum
1798 501 1931 562 Dei.
2187 527 2208 573 Α

2187 527 2224 573 Α
2326 498 2428 561 26.
2462 501 2570 556 Οὐκ
2615 495 2872 578 ἐφύλαξαν
2906 497 3005 563 τὴν
3053 492 3315 563 διαθήκην
3361 500 3452 549 τοῦ
3497 500 3656 556 Θεοῦ.

597 591 699 652 27.
734 590 808 651 Et
837 590 897 650 in
921 589 1050 668 lege
1081 591 1213 669 ejus
1237 591 1561 653 noluerunt
1588 591 1920 654 ambulare.

2325 589 2426 652 27,
2460 586 2564 649 Καὶ
2593 592 2648 644 ἒν
2707 595 2782 661 τῷ
2831 589 2982 662 νόμῳ
3024 586 3185 641 αὐτοῦ
3229 588 3324 643 οὐκ
3383 581 3750 650 ἐϐουλήθησαν
3818 581 3900 661 (a)

2245 678 2589 757 πορεύεσθαι.

599 765 698 830 28.
730 767 797 828 Et
826 766 997 830 obliti
1029 777 1170 828 sunt
1191 767 1637 837 benefactorum
1665 769 1816 849 ejus,

2328 766 2429 830 28,
2463 765 2567 827 Καὶ
2603 765 2922 822 ἐπελάθοντο
2955 770 3060 820 τῶν
3093 766 3410 843 εὖεργεσιῶν
3449 765 3608 820 αὒτοῦ
3644 757 3755 840 (ὁ),

599 855 700 920 29.
737 858 810 918 Et
841 855 1205 918 mirabilium
1241 859 1393 937 ejus,
1423 876 1556 938 quae
1584 859 1848 920 ostendit
1879 859 1986 919 eis.

2329 855 2434 918 29.
2469 854 2573 917 Καὶ
2643 863 2748 912 τῶν
2821 854 3126 930 θαυμασίων
3194 853 3376 927 αὐτοῦ,
3453 855 3528 906 ὡν
3575 849 3770 916 ἔδειξεν
3829 849 3899 928 (ο)

2248 944 2436 1011 αὐτοῖς
2447 995 2461 1009 ,

605 1033 702 1097 30.
733 1034 946 1097 Coram
979 1033 1244 1114 patribus
1276 1053 1510 1112 eorum,
1545 1054 1682 1117 quae
1734 1036 1872 1098 fecit
1917 1033 2164 1096 mirabi-

2327 1035 2426 1098 30.
2460 1034 2731 1093 Ἐναντίον
2814 1038 2918 1092 τῶν
3003 1033 3246 1111 πατέρων
3319 1033 3516 1104 αὐτῶν,
3592 1030 3628 1085 ἃ
3688 1029 3903 1095 ἐποίησε

525 1125 629 1195 lia,

2247 1124 2543 1205 θαυμάσια,

604 1212 704 1273 31.
739 1211 805 1273 In
836 1221 994 1272 terra
1026 1211 1299 1292 Egypti,
1334 1219 1393 1272 in
1425 1231 1636 1294 campo
1668 1213 1901 1276 Taneos

2333 1211 2433 1274 3i.
2468 1213 2563 1271 Ἐν
2724 1214 2998 1291 Αἰγύπτῳ,
3036 1212 3089 1268 ἐν
3137 1211 3299 1276 πεδίῳ
3341 1212 3576 1275 Τανεως.

603 1301 705 1365 32.
740 1299 1065 1380 Interrupit
1098 1319 1286 1375 mare,
1321 1311 1379 1362 et
1412 1302 1680 1381 perduxit
1717 1322 1819 1365 eos
1857 1324 1869 1364 :

2329 1302 2711 1381 32.’Διὲῤῥηξε
2754 1302 3051 1372 θάλασσαν,
3097 1304 3186 1358 καὶ
3229 1301 3486 1379 διήγαγεν
3535 1299 3729 1358 αὐτούς
3767 1317 3785 1335 ·

607 1391 706 1455 33.
742 1390 810 1451 Et
832 1390 1035 1451 statuit
1065 1407 1248 1470 aquas
1279 1393 1446 1470 quasi
1480 1399 1699 1453 utrem.

2329 1390 2428 1454 33.
2466 1393 2803 1472 Παρέστησεν
2829 1391 2993 1448 ὕδατα
3037 1394 3162 1449 ὡσεὶ
3206 1393 3392 1450 ἀσκόν.

603 1482 703 1544 34.
733 1483 803 1543 Et
833 1479 1077 1540 deduxit
1115 1496 1217 1539 eos
1246 1479 1302 1538 in
1342 1477 1501 1540 nube
1533 1479 1653 1542 diei
1683 1503 1698 1540 :

2326 1481 2427 1543 34.
2464 1484 2562 1539 Καὶ
2592 1481 2860 1560 ὁδήγησεν
2892 1482 3078 1545 αὐτοὺς
3103 1481 3158 1537 ἐν
3190 1481 3388 1561 νεφέλῃ
3420 1480 3627 1558 ἡμέρας
3663 1494 3678 1508 ⁸

601 1571 702 1633 35.
735 1569 808 1630 Ει
836 1577 954 1629 tota
985 1578 1162 1628 nocte
1186 1567 1244 1627 in
1271 1567 1714 1632 illuminatione
1743 1569 1917 1648 ignis.

2325 1569 2424 1632 35,
2460 1568 2564 1631 Καὶ
2593 1569 2725 1636 ὅλην
2747 1573 2843 1638 την
2875 1571 3035 1625 νύκτα
3065 1570 3118 1626 ὲν
3149 1576 3410 1649 φωτισμῷ
3441 1570 3628 1646 πυρός,

602 1659 701 1722 36.
735 1657 1060 1736 Interrupit
1093 1665 1316 1734 petram
1352 1656 1412 1716 in
1440 1673 1642 1718 eremo
1677 1676 1692 1720 :

1677 1676 1692 1720 ε
2328 1658 2427 1722 36.
2470 1660 2715 1737 Διέῤῥηξε
2739 1658 2936 1738 πέτραν
2972 1661 3025 1716 ἐν
3048 1660 3234 1738 ἐρήμῳ
3265 1679 3280 1695 ·

603 1747 699 1810 37.
733 1751 803 1810 Ει
832 1747 1146 1826 adaquavit
1176 1763 1278 1805 eos
1315 1745 1472 1808 velut
1503 1748 1561 1807 in
1592 1747 1800 1828 abysso
1835 1747 2018 1810 multa
2053 1769 2065 1803 :

2323 1749 2430 1812 37.
2463 1752 2558 1808 Καὶ
2581 1750 2825 1806 ἐπότισεν
2857 1751 3042 1814 αὐτοζδς
3089 1752 3162 1812 ὡς
3195 1748 3248 1804 ἐν
3282 1747 3499 1823 ἆϐύσσῳ
3531 1745 3734 1825 πολλῇ.

603 1836 696 1901 38.
736 1836 806 1897 Et
836 1836 1276 1914 eduxitaquam
1312 1833 1387 1894 de
1420 1846 1586 1908 petra
1618 1858 1633 1897 :
2193 1853 2224 1901 Β

2193 1853 2228 1901 Β
2333 1838 2434 1900 38.
2475 1841 2568 1896 Καὶ
2614 1837 2875 1917 ἐξήγαγεν
2905 1836 3040 1918 ὕδωρ
3071 1839 3131 1894 ἐκ
3160 1839 3354 1916 πέτρας
3391 1859 3405 1877 .

600 1925 700 1989 39.
735 1925 803 1987 Et
827 1925 1028 1986 eduxit
1059 1931 1338 2003 tanquam
1376 1924 1622 1987 [lumina
1645 1945 1849 2007 aquas.

2331 1928 2431 1990 39.
2471 1930 2565 1986 Καὶ
2589 1930 2896 2006 κατήγαγεν
2927 1930 3001 1992 ὡς
3033 1929 3306 2004 ποταμοὺς
3342 1927 3526 1989 ὕδατα.

595 2014 699 2077 40.
734 2013 802 2077 Et
831 2020 1236 2095 apposuerunt
1264 2011 1459 2074 adhuc
1495 2033 1742 2094 peccare
1773 2016 1829 2075 ei
1863 2032 1877 2076 :

2324 2018 2428 2078 40.
2470 2019 2568 2076 Καὶ
2613 2017 2929 2096 προσέθεντο
2963 2015 3039 2072 ἔτι
3071 2025 3164 2074 τοῦ
3210 2018 3534 2096 ἁμαρτάνειν
3585 2018 3730 2093 αὗτῷ

599 2108 704 2168 41.
736 2103 800 2166 In
821 2110 971 2165 iram
999 2103 1407 2164 excitaverunt
1427 2103 1737 2166 Excelsum
1758 2105 1819 2164 in
1842 2105 2151 2185 inaquoso.

2012 2123 2151 2167 1080.
2321 2107 2390 2170 41
2409 2156 2422 2170 ,
2452 2107 2849 2185 Παρεπίκραναν
2880 2109 2970 2162 τὸν
3007 2103 3281 2182 ’Ὕψιστον
3312 2110 3369 2163 ἓν
3402 2105 3633 2187 ἀνύδρῳ,

601 2195 703 2256 42.
737 2192 809 2255 Et
843 2199 1216 2255 tentaverunt
1239 2190 1430 2254 Deum
1462 2194 1524 2255 in
1553 2193 1838 2256 cordibus
1864 2196 2011 2266 suis,

2316 2195 2418 2259 42.
2457 2198 2552 2254 Καὶ
2595 2195 2934 2275 ἐξεπείρασαν
2989 2197 3078 2251 τὸν
3111 2198 3243 2252 Θεὸν
3273 2196 3326 2254 ἐν
3362 2210 3483 2260 ταῖς
3515 2195 3760 2275 καρδίαις
3799 2197 3894 2252 αὖ·

2239 2306 2347 2342 των
2358 2331 2376 2361 ,

629 2448 694 2519 a)
724 2443 992 2506 ’Ἦθελον.
1026 2448 1102 2507 Αι
1129 2442 1193 2504 in
1226 2460 1416 2522 marg.
1448 2442 1846 2513 ἠϐουλήθησαν.

629 2448 694 2519 a)
724 2446 992 2506 ’Ἦθελον.
1026 2448 1102 2507 Αι
1129 2446 1193 2504 in
1226 2460 1416 2522 marg.
1448 2446 1548 2513 ἡδο

604 2446 687 2608 ib)
713 2533 826 2608 τοῦ)
860 2526 1116 2608 Θεοῦκιιι
1147 2542 1336 2602 marg.
1357 2527 1554 2608 αὐτοῦ.

599 2603 681 2688 (0}
711 2605 985 2666 ”Εδωκεν.
1024 2606 1089 2666 [n
1130 2622 1319 2683 marg.
1357 2603 1571 2671 ἔδειξεν,

1639 2681 2058 2748 ATHANASII
2117 2682 2760 2750 INTERPBETATIO.

594 2825 695 2887 26.
732 2826 799 2886 In
831 2823 904 2883 iis
935 2839 1066 2902 quae
1095 2821 1171 2883 de
1201 2820 1454 2882 Domino
1489 2817 1646 2879 dicta
1676 2827 1815 2880 sunt
1859 2837 1965 2899 per
2011 2837 2151 2899 pro-

2319 2821 2420 2885 26.
2454 2821 2559 2884 Καὶ
2587 2835 2704 2884 τοϊς
2739 2822 3036 2898 εἰρημένοις
3091 2821 3202 2898 περὶ
3245 2825 3337 2876 toti
3387 2817 3580 2899 Κυρίου
3638 2817 3725 2878 διὰ
3781 2825 3885 2875 τῶν

518 2916 747 2998 phetas.
1560 2935 1565 2942 ·
1844 2997 1848 2998 ν

1560 2935 1565 2942 ³
2242 2915 2559 2990 προφητῶν.

592 3004 693 3066 27.
729 3000 800 3062 Ει
830 3018 901 3063 ea
923 3017 1053 3079 quae
1084 2998 1230 3077 legis
1261 3006 1448 3071 erant,
1481 2999 1800 3059 noluerunt
1831 2997 2050 3059 facere.

2317 3000 2417 3062 27.
2457 3002 2553 3058 Καὶ
2599 3001 2663 3056 τὰ
2690 3007 2782 3056 τοῦ
2827 2999 2989 3075 νόμου
3033 3002 3129 3058 οὐκ
3147 2997 3420 3066 ἠθέλησαν
3465 3003 3719 3065 ποιῆσαι,

592 3093 696 3172 28,
734 3091 834 3155 29.
869 3088 1055 3152 Obliti
1087 3096 1224 3149 sunt
1246 3088 1542 3166 quomodo
1587 3088 1969 3167 pcrttansivit
2010 3087 2213 3166 ipsisc

2323 3086 2423 3163 28,
2460 3089 2559 3152 29,
2607 3088 2969 3151 Ἐπελσίθοντο
3025 3095 3137 3154 πῶς
3190 3086 3398 3155 διῆλθεν
3444 3091 3741 3167 εὐεργετῶν
3782 3109 3879 3142 αυ-

519 3180 798 3245 omnibus
828 3177 1234 3252 benefaciens,
1264 3185 1322 3239 et
1346 3193 1563 3238 sanans
1596 3195 1806 3260 omnes
1837 3177 1938 3257 qui
1971 3178 2140 3256 possit

2266 3178 2366 3242 τοὺς
2409 3179 2635 3258 πάντας,
2706 3180 2796 3234 καὶ
2856 3178 3082 3254 ἰώμενος
3144 3178 3346 3240 πάντας
3413 3178 3534 3240 τοὺς
3586 3174 3887 3234 καταδυνα-

521 3273 818 3336 debantur
843 3290 876 3332 a
905 3269 1165 3332 diabolo.

2245 3269 2589 3342 στεοομένους
2621 3270 2721 3323 ὑπὸ
2751 3275 2842 3325 τοῦ
2889 3266 3158 3327 διαϐόλου.

602 3361 700 3426 30.
729 3359 936 3424 Coram
959 3357 1328 3439 principibus
1349 3356 1858 3434 Judaeorum,quaa
1877 3358 2016 3419 fecit
2048 3359 2159 3419 mio

2324 3355 2422 3416 30.
2461 3357 2810 3435 ’Ἐμπροσθεν
2868 3359 2974 3416 τῶν
3029 3359 3307 3438 ἀρχόντων
3360 3360 3464 3414 τῶν
3513 3355 3811 3432 Ἰουδαίων,
3855 3355 3887 3410 ἃ

519 3451 751 3515 rabilia.

2242 3443 2464 3512 ἐποίησε
2493 3447 2789 3522 θαυμάσια.

599 3540 696 3605 31.
732 3541 798 3602 ln
823 3547 981 3600 terra
1003 3536 1394 3598 oblenebrata
1423 3536 1483 3596 in
1513 3545 1854 3617 gente,quaa
1886 3537 2035 3598 nihil
2059 3555 2154 3598 su-

2319 3533 2418 3598 31.
2464 3535 2556 3592 Ἐν
2587 3543 2654 3612 τῇ
2700 3541 2772 3612 γῇ
2812 3534 2899 3613 (1)
2943 3535 3292 3612 ἐσκοτωμένη
3320 3535 3375 3590 ἐν
3406 3542 3483 3610 τῷ
3512 3533 3646 3591 ἔθνει
3682 3541 3759 3608 τῷ
3790 3556 3886 3603 μη-

514 3630 699 3692 blime
729 3627 866 3706 agit.
931 3627 1143 3689 Taneis
1202 3625 1361 3686 enim
1425 3626 1853 3706 interpretatur
1893 3626 2135 3688 humilit

2254 3623 2322 3679 ῖέν
2351 3623 2555 3681 τέλειον
2588 3633 2848 3687 ποιοῦντι,
2897 3626 3051 3688 Τάνις
3103 3628 3201 3704 γαρ
3246 3626 3600 3704 ἑρμηνεύεται
3632 3623 3875 3682 ἐντελλό-

502 3721 732 3800 jussus,
773 3717 883 3779 boc
914 3725 1003 3778 est
1029 3713 1244 3778 Judaei.

2239 3735 2397 3788 μενος
2427 3716 2671 3794 ταπεινὰ,
2705 3715 2975 3773 τουτέστιν
3006 3717 3053 3770 οἱ
3087 3713 3362 3776 ’[ονδαϊοι.

591 3811 692 3872 52.
721 3809 968 3889 Aperuit
997 3804 1176 3866 corda
1215 3822 1449 3880 eorum,
1505 3813 1569 3866 ut
1599 3815 1904 3868 cessarent
1937 3823 1970 3866 a
1997 3805 2152 3885 pris-

2322 3801 2421 3865 32.
2461 3804 2702 3873 Διήνοιξε
2762 3806 2856 3866 τὰς
2903 3802 3117 3882 καρδίας
3179 3806 3376 3878 αὐτῶν,
3436 3810 3532 3860 τοῦ
3596 3804 3883 3860 παύσασθαι

509 3897 630 3958 tina
661 3914 865 3958 eorum
900 3892 1373 3955 conversatione.

2242 3893 2325 3975 (2)
2358 3901 2457 3963 τῆς
2489 3896 2746 3974 προτέρας
2780 3901 2951 3956 αὐτῶν
2992 3897 3351 3976 ἀναστροφῆς.

593 3985 688 4048 33.
723 3983 795 4045 Et
823 3983 1133 4045 advocavit
1164 3993 1369 4060 gentes
1413 3991 1675 4046 mortuas
1707 3983 1782 4045 ob
1816 3992 2148 4064 peccatum.

2317 3983 2415 4047 33.
2450 3983 2551 4044 Καὶ
2593 3985 2999 4062 προσκαλέσατο
3029 3987 3094 4042 τὰ
3127 3985 3250 4053 ἔθνη
3283 3985 3654 4065 νενεκρωμένα
3676 3983 3762 4064 (3)
3787 3985 3883 4041 ὕπὸ

2241 4077 2340 4142 τῆς
2392 4075 2675 4152 ἁμαρτίας.

589 4160 688 4225 34.
718 4161 782 4218 In
817 4158 952 4220 luce
983 4175 1108 4217 sua.

2317 4161 2418 4226 34,
2454 4164 2544 4219 Ἐν
2574 4169 2651 4237 τῷ
2694 4166 2826 4245 φωτὶ
2858 4166 3036 4228 αὐτοῦ.

587 4250 687 4313 35.
713 4245 784 4309 Et
841 4263 1080 4308 omnem
1143 4245 1523 4308 tenebrosam
1580 4251 1839 4328 priorem
1892 4254 2152 4332 ipsorum

2315 4253 2414 4314 35.
2449 4251 2554 4314 Καὶ
2628 4253 2761 4321 ὅλην
2833 4255 2929 4322 τὴν
2985 4256 3263 4323 σκοτεινὴν
3331 4253 3416 4332 (4)
3466 4255 3569 4322 τὴν
3627 4253 3882 4333 προτέραν

506 4336 1018 4402 conversationem
1053 4337 1522 4410 commutans,in
1558 4339 1995 4403 illuminatione
2021 4361 2126 4420 gra

2260 4343 2405 4398 ιῦτών
2447 4343 2781 4422 ἀναστροφὴν
2852 4341 3193 4423 μεταϐαλὼν,
3247 4343 3302 4399 ἐν
3344 4350 3422 4418 τῷ
3466 4347 3732 4422 φωτισμῷ
3788 4343 3881 4409 τῆς

509 4430 606 4490 tia:
636 4445 759 4490 suae
780 4425 1024 4486 deduxit
1056 4441 1182 4488 eos.

2171 4431 2455 4511 οχάριτος
2503 4433 2660 4488 αὐτοῦ
2704 4430 2986 4511 ὡδήγησεν
3019 4434 3206 4497 αὒτούς

590 4518 686 4580 36.
723 4518 905 4578 Latus
932 4532 1105 4574 suum
1140 4514 1199 4575 in
1233 4513 1452 4575 mundo
1477 4515 1733 4595 aperuit.

2317 4518 2414 4583 36.
2452 4523 2561 4589 Τὴι
2591 4521 2818 4601 πλευρὰν
2851 4523 3007 4579 αὖτοῦ
3039 4523 3094 4579 ἒν
3123 4531 3198 4597 τῷ
3228 4522 3419 4598 κόσμῳ
3448 4520 3706 4592 διήνοιξε.

591 4606 687 4669 37.
724 4602 1024 4684 Sanguine
1101 4622 1212 4666 suo
1297 4603 1610 4683 adaquavit
1689 4605 2153 4684 justiﬁcationes

2317 4610 2415 4672 37.
2455 4612 2560 4668 Διὰ
2589 4622 2680 4671 τοῦ
2723 4611 2956 4688 αἵματος
3003 4615 3160 4673 αξιτοῦ
3203 4611 3420 4670 ἐπότισε
3452 4610 3533 4691 (5)
3562 4613 3633 4668 τὸ.
3661 4609 3887 4668 δικαιώ-

505 4713 667 4758 81188.

2239 4723 2380 4776 ματα
2413 4704 2593 4764 αὐτοῦ.

585 4784 684 4846 38.
721 4783 802 4845 Ex
837 4786 1018 4848 latere
1049 4803 1181 4846 suo.

2318 4788 2418 4852 38.
2451 4789 2549 4846 Ἐκ
2577 4795 2676 4856 τῆς
2711 4789 2938 4866 πλευρᾶς
2971 4793 3157 4852 αὺτοῦ.

587 4874 686 4939 39.
720 4871 792 4933 Ει
824 4874 950 4953 ipsa
979 4893 1151 4955 aqua,
1203 4891 1333 4954 quae
1383 4871 1550 4934 ﬂuxit
1586 4892 1654 4934 ex
1689 4874 1874 4936 latere
1906 4877 2034 4954 ejus
2068 4878 2148 4938 il-

2315 4876 2414 4940 39.
2453 4881 2548 4936 Καὶ
2587 4877 2640 4935 ἐν
2684 4881 2826 4953 αὒτῴ
2855 4884 2932 4955 τῷ
2974 4879 3121 4938 ὕδατι
3165 4887 3242 4956 τῷ
3273 4879 3335 4937 ἐκ
3377 4884 3476 4947 τῆς
3524 4877 3758 4959 πλευρᾶς
3791 4882 3884 4937 αὖ·

506 4965 824 5026 luminavit
868 4973 1095 5042 gentes.

2230 4973 2323 5023 τοῦ
2351 4967 2579 5047 ἐφώτισε
2610 4969 2674 5023 τὰ
2704 4967 2851 5035 ἔθνη,

585 5051 688 5116 40.
720 5051 1022 5112 lncreduli
1053 5051 1264 5116 Judmi.

2309 5056 2412 5119 ΔΟ,
2446 5054 2514 5120 Οἱ
2557 5057 2892 5123 ἀπειθοῦντες
2937 5056 3215 5121 Ἰουδαῖοι.

584 5144 685 5203 41.
721 5140 1233 5203 (lontristaverunt
1262 5140 1553 5221 Spiritum
1606 5151 1877 5204 sanctum
1924 5142 1983 5204 in
2017 5153 2144 5208 ste-

2309 5145 2408 5208 41.
2442 5144 2749 5214 Ἐλόπησαν
2796 5148 2856 5203 τὸ
2903 5154 3116 5225 Πνεῦμα
3163 5150 3226 5204 τὸ
3269 5146 3423 5225 ἅγιον
3464 5149 3520 5203 ἓν
3564 5152 3636 5225 τῇ
3687 5146 3878 5225 ἂκαρπί

503 5231 724 5294 rilitate
755 5228 974 5292 animm
1006 5248 1237 5292 eorum.

1169 5249 1212 5290 m
1225 5279 1237 5292 .
2229 5242 2326 5304 τῆς
2359 5237 2546 5316 ψυχῆς
2593 5240 2763 5295 αὐτῶν
2779 5285 2790 5298 ,

581 5318 684 5382 42.
721 5317 932 5382 Filium
963 5319 1072 5381 Dei
1094 5319 1153 5381 in
1179 5319 1438 5381 adventu
1469 5337 1599 5382 suo.

2309 5323 2408 5386 42.
2443 5327 2545 5382 Τὸν
2574 5327 2694 5382 Υἱὸν
2721 5332 2814 5384 τοῦ
2849 5333 2982 5385 Θεοῦ
3009 5325 3064 5382 ἐν
3093 5331 3163 5403 τῇ
3193 5324 3458 5405 παρουσίᾳ
3487 5328 3677 5391 αὐτοῦ,

1521 5453 1822 5518 Addenda
1850 5461 1914 5519 et
1941 5456 2315 5536 corrigenda
2344 5473 2423 5522 ex
2451 5459 2591 5523 cod.
2630 5461 2808 5526 Vatic

589 5573 667 5656 (Α
693 5574 769 5656 ’ξῇ
790 5567 861 5646 γῇ
896 5573 987 5649 τῇ,
1022 5577 1136 5656 etc.
1153 5619 1167 5646 ,
1186 5587 1333 5656 mox
1360 5569 1754 5656 ἐντελλόμενοι..
1790 5650 1802 5656 _
2073 5653 2082 5656 _
2432 5579 2743 5653 Νικώμενα,

587 5647 673 5742 (2)
710 5647 1133 5742 interpretatio
1185 5650 1363 5729 hujus
1412 5668 1566 5712 vers.
1620 5650 1832 5730 incipit
1873 5669 1907 5711 a
1960 5653 2144 5717 verbo

1960 5653 2144 5717 verbo
2423 5659 2533 5742 Tim:
2560 5647 2820 5742 σκοτίαν,
2867 5660 2933 5728 ἣν
2976 5662 3074 5729 τὴν
3115 5659 3397 5742 προτέραν,
3435 5665 3554 5720 etc.

505 5731 816 5790 παύσεσθαι.
2431 5734 2718 5798 Ἐπότισεν
2747 5731 2958 5822 αὗτούς,
2988 5749 3106 5806 οιο.
