  <div class='ocr_page' id='page_1' title='image "/cluster/home/n/w/nwhite01/storage/ocr_20150623/27/hvd.32044054272802/504.png"; bbox 0 0 4104 6206; ppageno 0'>
   <div class='ocr_carea' id='block_1_1' title="bbox 199 346 3589 417">
    <p class='ocr_par' dir='ltr' id='par_1_1' title="bbox 199 346 3589 417">
     <span class='ocr_line' id='line_1_1' title="bbox 199 346 3589 417; baseline -0.003 0"><span class='ocrx_word' id='word_1_1' title='bbox 199 352 329 417; x_wconf 82' lang='grc'><strong>977</strong></span> <span class='ocrx_word' id='word_1_2' title='bbox 1041 354 1134 414; x_wconf 88' lang='lat' dir='ltr'><strong>DE</strong></span> <span class='ocrx_word' id='word_1_3' title='bbox 1179 352 1492 413; x_wconf 87' lang='lat' dir='ltr'><strong>TITULIS</strong></span> <span class='ocrx_word' id='word_1_4' title='bbox 1536 352 2023 414; x_wconf 83' lang='lat' dir='ltr'><strong>PSALMORUM.</strong></span> <span class='ocrx_word' id='word_1_5' title='bbox 2073 385 2151 394; x_wconf 95' lang='lat'>—</span> <span class='ocrx_word' id='word_1_6' title='bbox 2198 352 2410 412; x_wconf 90' lang='lat' dir='ltr'><strong>PSAL.</strong></span> <span class='ocrx_word' id='word_1_7' title='bbox 2460 350 2759 412; x_wconf 83' lang='lat' dir='ltr'><strong>LXXVII.</strong></span> <span class='ocrx_word' id='word_1_8' title='bbox 3472 346 3589 408; x_wconf 87' lang='lat'><strong>978</strong></span> 
     </span>
    </p>
   </div>
   <div class='ocr_carea' id='block_1_2' title="bbox 296 471 1917 565">
    <p class='ocr_par' dir='ltr' id='par_1_2' title="bbox 296 482 1917 565">
     <span class='ocr_line' id='line_1_2' title="bbox 296 482 1917 565; baseline -0.01 -16"><span class='ocrx_word' id='word_1_9' title='bbox 296 487 402 552; x_wconf 87' lang='grc'>80.</span> <span class='ocrx_word' id='word_1_10' title='bbox 450 494 547 548; x_wconf 76' lang='grc' dir='ltr'><strong>Καὶ</strong></span> <span class='ocrx_word' id='word_1_11' title='bbox 577 488 943 565; x_wconf 71' lang='grc' dir='ltr'><strong>ἐμνήσθησαν,</strong></span> <span class='ocrx_word' id='word_1_12' title='bbox 975 482 1056 541; x_wconf 74' lang='grc' dir='ltr'><strong>ὅτι</strong></span> <span class='ocrx_word' id='word_1_13' title='bbox 1086 485 1114 540; x_wconf 99' lang='lat'>6</span> <span class='ocrx_word' id='word_1_14' title='bbox 1164 485 1294 547; x_wconf 79' lang='grc' dir='ltr'><strong>Θεὸς</strong></span> <span class='ocrx_word' id='word_1_15' title='bbox 1337 484 1530 560; x_wconf 82' lang='grc' dir='ltr'><strong>βοηθὸς</strong></span> <span class='ocrx_word' id='word_1_16' title='bbox 1561 488 1733 544; x_wconf 73' lang='grc' dir='ltr'><strong>αὐτῶν</strong></span> <span class='ocrx_word' id='word_1_17' title='bbox 1763 486 1859 540; x_wconf 60' lang='lat' dir='ltr'><strong>Ea-</strong></span> <span class='ocrx_word' id='word_1_18' title='bbox 1883 502 1917 541; x_wconf 71' lang='grc' dir='ltr'><strong><em>Α</em></strong></span> 
     </span>
    </p>
   </div>
   <div class='ocr_carea' id='block_1_3' title="bbox 1970 471 3591 565">
    <p class='ocr_par' dir='ltr' id='par_1_3' title="bbox 2027 471 3591 559">
     <span class='ocr_line' id='line_1_3' title="bbox 2027 471 3591 559; baseline -0.002 -16"><span class='ocrx_word' id='word_1_19' title='bbox 2027 483 2123 545; x_wconf 89' lang='grc'><strong>80.</strong></span> <span class='ocrx_word' id='word_1_20' title='bbox 2176 487 2246 547; x_wconf 90' lang='lat' dir='ltr'><strong>Et</strong></span> <span class='ocrx_word' id='word_1_21' title='bbox 2275 481 2658 545; x_wconf 87' lang='lat' dir='ltr'><strong>rememorati</strong></span> <span class='ocrx_word' id='word_1_22' title='bbox 2687 488 2827 543; x_wconf 87' lang='lat' dir='ltr'><strong>sunt</strong></span> <span class='ocrx_word' id='word_1_23' title='bbox 2856 479 2998 559; x_wconf 83' lang='lat' dir='ltr'><strong>quia</strong></span> <span class='ocrx_word' id='word_1_24' title='bbox 3031 471 3187 541; x_wconf 86' lang='lat' dir='ltr'><strong>Deus</strong></span> <span class='ocrx_word' id='word_1_25' title='bbox 3231 478 3471 557; x_wconf 87' lang='lat' dir='ltr'><strong>adjutor</strong></span> <span class='ocrx_word' id='word_1_26' title='bbox 3500 488 3591 541; x_wconf 92' lang='lat' dir='ltr'><strong>est</strong></span> 
     </span>
    </p>
   </div>
   <div class='ocr_carea' id='block_1_4' title="bbox 200 589 1821 635">
    <p class='ocr_par' dir='ltr' id='par_1_4' title="bbox 200 595 289 635">
     <span class='ocr_line' id='line_1_4' title="bbox 200 595 289 635; baseline -0.011 0"><span class='ocrx_word' id='word_1_27' title='bbox 200 595 289 635; x_wconf 71' lang='grc' dir='ltr'><strong>τι⁹</strong></span> 
     </span>
    </p>
   </div>
   <div class='ocr_carea' id='block_1_5' title="bbox 585 589 2206 635">
    <p class='ocr_par' dir='ltr' id='par_1_5' title="bbox 1949 589 2206 635">
     <span class='ocr_line' id='line_1_5' title="bbox 1949 589 2206 635; baseline 0.004 -1"><span class='ocrx_word' id='word_1_28' title='bbox 1949 589 2158 634; x_wconf 86' lang='lat' dir='ltr'><strong>eorum</strong></span> <span class='ocrx_word' id='word_1_29' title='bbox 2195 591 2206 635; x_wconf 76' lang='grc' dir='ltr'>ξ</span> 
     </span>
    </p>
   </div>
   <div class='ocr_carea' id='block_1_6' title="bbox 291 656 1912 742">
    <p class='ocr_par' dir='ltr' id='par_1_6' title="bbox 291 662 1793 742">
     <span class='ocr_line' id='line_1_6' title="bbox 291 662 1793 742; baseline -0.007 -13"><span class='ocrx_word' id='word_1_30' title='bbox 291 668 398 729; x_wconf 80' lang='grc'><strong>81.</strong></span> <span class='ocrx_word' id='word_1_31' title='bbox 449 670 547 727; x_wconf 81' lang='grc' dir='ltr'><strong>Καὶ</strong></span> <span class='ocrx_word' id='word_1_32' title='bbox 589 669 617 723; x_wconf 84' lang='grc' dir='ltr'>ὀ</span> <span class='ocrx_word' id='word_1_33' title='bbox 649 668 779 729; x_wconf 84' lang='grc' dir='ltr'><strong>Θεὸς</strong></span> <span class='ocrx_word' id='word_1_34' title='bbox 818 666 847 722; x_wconf 85' lang='grc' dir='ltr'>ὀ</span> <span class='ocrx_word' id='word_1_35' title='bbox 895 664 1120 740; x_wconf 67' lang='grc' dir='ltr'><strong>ὕψιστος</strong></span> <span class='ocrx_word' id='word_1_36' title='bbox 1151 662 1422 742; x_wconf 73' lang='grc' dir='ltr'><strong>λυτρωτὴς</strong></span> <span class='ocrx_word' id='word_1_37' title='bbox 1453 663 1624 720; x_wconf 72' lang='grc' dir='ltr'><strong>αὐτῶν</strong></span> <span class='ocrx_word' id='word_1_38' title='bbox 1659 662 1793 726; x_wconf 78' lang='grc' dir='ltr'><strong>ἐστι,</strong></span> 
     </span>
    </p>
   </div>
   <div class='ocr_carea' id='block_1_7' title="bbox 1884 656 3505 742">
    <p class='ocr_par' dir='ltr' id='par_1_7' title="bbox 2028 656 3505 735">
     <span class='ocr_line' id='line_1_7' title="bbox 2028 656 3505 735; baseline -0.005 -11"><span class='ocrx_word' id='word_1_39' title='bbox 2028 662 2093 724; x_wconf 83' lang='lat' dir='ltr'><strong>8t</strong></span> <span class='ocrx_word' id='word_1_40' title='bbox 2119 708 2128 719; x_wconf 92' lang='lat'><strong>.</strong></span> <span class='ocrx_word' id='word_1_41' title='bbox 2179 663 2249 725; x_wconf 87' lang='lat' dir='ltr'><strong>Et</strong></span> <span class='ocrx_word' id='word_1_42' title='bbox 2280 662 2439 723; x_wconf 86' lang='lat' dir='ltr'><strong>Deus</strong></span> <span class='ocrx_word' id='word_1_43' title='bbox 2469 658 2741 722; x_wconf 87' lang='lat' dir='ltr'><strong>excelsus</strong></span> <span class='ocrx_word' id='word_1_44' title='bbox 2774 656 3123 735; x_wconf 85' lang='lat' dir='ltr'><strong>redemptor</strong></span> <span class='ocrx_word' id='word_1_45' title='bbox 3152 674 3362 717; x_wconf 91' lang='lat' dir='ltr'><strong>eorum</strong></span> <span class='ocrx_word' id='word_1_46' title='bbox 3394 664 3505 717; x_wconf 90' lang='lat' dir='ltr'><strong>est.</strong></span> 
     </span>
    </p>
   </div>
   <div class='ocr_carea' id='block_1_8' title="bbox 293 748 1914 833">
    <p class='ocr_par' dir='ltr' id='par_1_8' title="bbox 293 752 1778 833">
     <span class='ocr_line' id='line_1_8' title="bbox 293 752 1778 833; baseline -0.005 -16"><span class='ocrx_word' id='word_1_47' title='bbox 293 755 402 817; x_wconf 67' lang='grc'>82.</span> <span class='ocrx_word' id='word_1_48' title='bbox 452 757 547 814; x_wconf 78' lang='grc' dir='ltr'><strong>Καὶ</strong></span> <span class='ocrx_word' id='word_1_49' title='bbox 573 756 865 833; x_wconf 75' lang='grc' dir='ltr'><strong>ἠγάπησαν</strong></span> <span class='ocrx_word' id='word_1_50' title='bbox 898 753 1056 809; x_wconf 80' lang='grc' dir='ltr'><strong>αὺτὸν</strong></span> <span class='ocrx_word' id='word_1_51' title='bbox 1102 753 1157 808; x_wconf 80' lang='grc' dir='ltr'><strong>ἐν</strong></span> <span class='ocrx_word' id='word_1_52' title='bbox 1200 754 1277 827; x_wconf 83' lang='grc' dir='ltr'>τῷ</span> <span class='ocrx_word' id='word_1_53' title='bbox 1308 752 1534 826; x_wconf 86' lang='grc' dir='ltr'><strong>στόματι</strong></span> <span class='ocrx_word' id='word_1_54' title='bbox 1581 755 1778 811; x_wconf 75' lang='grc' dir='ltr'><strong>αὗτῶν⁶</strong></span> 
     </span>
    </p>
   </div>
   <div class='ocr_carea' id='block_1_9' title="bbox 1566 748 3187 833">
    <p class='ocr_par' dir='ltr' id='par_1_9' title="bbox 1581 748 3187 815">
     <span class='ocr_line' id='line_1_9' title="bbox 1581 748 3187 815; baseline -0.002 -6"><span class='ocrx_word' id='word_1_55' title='bbox 1581 755 1778 811; x_wconf 75' lang='grc' dir='ltr'><strong>αὗτῶν⁶</strong></span> <span class='ocrx_word' id='word_1_56' title='bbox 2029 750 2124 812; x_wconf 74' lang='grc'>82.</span> <span class='ocrx_word' id='word_1_57' title='bbox 2176 756 2247 815; x_wconf 87' lang='lat' dir='ltr'><strong>Et</strong></span> <span class='ocrx_word' id='word_1_58' title='bbox 2276 751 2613 813; x_wconf 86' lang='lat' dir='ltr'><strong>dilexerunt</strong></span> <span class='ocrx_word' id='word_1_59' title='bbox 2646 766 2777 809; x_wconf 88' lang='lat' dir='ltr'><strong>eum</strong></span> <span class='ocrx_word' id='word_1_60' title='bbox 2806 748 2867 809; x_wconf 92' lang='lat' dir='ltr'><strong>in</strong></span> <span class='ocrx_word' id='word_1_61' title='bbox 2900 765 3002 807; x_wconf 90' lang='lat' dir='ltr'><strong>ore</strong></span> <span class='ocrx_word' id='word_1_62' title='bbox 3034 765 3140 807; x_wconf 91' lang='lat' dir='ltr'><strong>suo</strong></span> <span class='ocrx_word' id='word_1_63' title='bbox 3176 765 3187 807; x_wconf 95' lang='lat'>:</span> 
     </span>
    </p>
   </div>
   <div class='ocr_carea' id='block_1_10' title="bbox 298 836 1919 923">
    <p class='ocr_par' dir='ltr' id='par_1_10' title="bbox 298 843 1614 923">
     <span class='ocr_line' id='line_1_10' title="bbox 298 843 1614 923; baseline -0.006 -15"><span class='ocrx_word' id='word_1_64' title='bbox 298 845 401 909; x_wconf 73' lang='grc'>83.</span> <span class='ocrx_word' id='word_1_65' title='bbox 453 847 551 904; x_wconf 82' lang='grc' dir='ltr'><strong>Καὶ</strong></span> <span class='ocrx_word' id='word_1_66' title='bbox 681 844 901 923; x_wconf 83' lang='grc' dir='ltr'><strong>γλώσσῇ</strong></span> <span class='ocrx_word' id='word_1_67' title='bbox 930 844 1101 899; x_wconf 76' lang='grc' dir='ltr'><strong>αὐτῶν</strong></span> <span class='ocrx_word' id='word_1_68' title='bbox 1132 843 1421 918; x_wconf 80' lang='grc' dir='ltr'><strong>ἐψεύσαντο</strong></span> <span class='ocrx_word' id='word_1_69' title='bbox 1449 843 1614 913; x_wconf 82' lang='grc' dir='ltr'><strong>αύτῷ.</strong></span> 
     </span>
    </p>
   </div>
   <div class='ocr_carea' id='block_1_11' title="bbox 1543 836 3164 923">
    <p class='ocr_par' dir='ltr' id='par_1_11' title="bbox 1546 836 3164 919">
     <span class='ocr_line' id='line_1_11' title="bbox 1546 836 3164 919; baseline -0.004 -19"><span class='ocrx_word' id='word_1_70' title='bbox 1546 848 1614 913; x_wconf 85' lang='grc' dir='ltr'>ᾦ.</span> <span class='ocrx_word' id='word_1_71' title='bbox 2026 839 2127 902; x_wconf 88' lang='lat'><strong>83.</strong></span> <span class='ocrx_word' id='word_1_72' title='bbox 2176 845 2249 903; x_wconf 89' lang='lat' dir='ltr'><strong>Et</strong></span> <span class='ocrx_word' id='word_1_73' title='bbox 2280 841 2481 919; x_wconf 83' lang='lat' dir='ltr'><strong>lingua</strong></span> <span class='ocrx_word' id='word_1_74' title='bbox 2512 857 2615 900; x_wconf 90' lang='lat' dir='ltr'><strong>sua</strong></span> <span class='ocrx_word' id='word_1_75' title='bbox 2653 836 2889 898; x_wconf 90' lang='lat' dir='ltr'><strong>mentiti</strong></span> <span class='ocrx_word' id='word_1_76' title='bbox 2921 844 3059 896; x_wconf 90' lang='lat' dir='ltr'><strong>sunt</strong></span> <span class='ocrx_word' id='word_1_77' title='bbox 3090 836 3164 895; x_wconf 91' lang='lat' dir='ltr'><strong>ei.</strong></span> 
     </span>
    </p>
   </div>
   <div class='ocr_carea' id='block_1_12' title="bbox 293 929 1914 1010">
    <p class='ocr_par' dir='ltr' id='par_1_12' title="bbox 293 930 1711 1010">
     <span class='ocr_line' id='line_1_12' title="bbox 293 930 1711 1010; baseline -0.004 -18"><span class='ocrx_word' id='word_1_78' title='bbox 293 934 396 998; x_wconf 80' lang='grc'>84.</span> <span class='ocrx_word' id='word_1_79' title='bbox 446 935 510 991; x_wconf 82' lang='grc' dir='ltr'>Ἠ</span> <span class='ocrx_word' id='word_1_80' title='bbox 541 932 810 1010; x_wconf 65' lang='grc' dir='ltr'><strong>δὲ’καρδία</strong></span> <span class='ocrx_word' id='word_1_81' title='bbox 846 934 1019 989; x_wconf 65' lang='grc' dir='ltr'><strong>αὐτῶν</strong></span> <span class='ocrx_word' id='word_1_82' title='bbox 1048 931 1143 988; x_wconf 77' lang='grc' dir='ltr'><strong>οὒκ</strong></span> <span class='ocrx_word' id='word_1_83' title='bbox 1171 931 1339 988; x_wconf 73' lang='grc' dir='ltr'><strong>εύθεία</strong></span> <span class='ocrx_word' id='word_1_84' title='bbox 1366 930 1485 1005; x_wconf 87' lang='grc' dir='ltr'><strong>μετ’</strong></span> <span class='ocrx_word' id='word_1_85' title='bbox 1530 932 1711 987; x_wconf 75' lang='grc' dir='ltr'><strong>αὐτοῦ’</strong></span> 
     </span>
    </p>
   </div>
   <div class='ocr_carea' id='block_1_13' title="bbox 1863 929 3484 1010">
    <p class='ocr_par' dir='ltr' id='par_1_13' title="bbox 2025 929 3484 991">
     <span class='ocr_line' id='line_1_13' title="bbox 2025 929 3484 991; baseline -0.002 -3"><span class='ocrx_word' id='word_1_86' title='bbox 2025 929 2126 991; x_wconf 71' lang='grc'>84.</span> <span class='ocrx_word' id='word_1_87' title='bbox 2174 929 2288 991; x_wconf 82' lang='lat' dir='ltr'><strong>Cor</strong></span> <span class='ocrx_word' id='word_1_88' title='bbox 2316 938 2516 989; x_wconf 90' lang='lat' dir='ltr'><strong>autem</strong></span> <span class='ocrx_word' id='word_1_89' title='bbox 2547 944 2758 987; x_wconf 90' lang='lat' dir='ltr'><strong>eorum</strong></span> <span class='ocrx_word' id='word_1_90' title='bbox 2793 943 2910 986; x_wconf 94' lang='lat' dir='ltr'><strong>non</strong></span> <span class='ocrx_word' id='word_1_91' title='bbox 2937 933 3168 986; x_wconf 88' lang='lat' dir='ltr'><strong>rectum</strong></span> <span class='ocrx_word' id='word_1_92' title='bbox 3194 944 3331 988; x_wconf 89' lang='lat' dir='ltr'><strong>cum</strong></span> <span class='ocrx_word' id='word_1_93' title='bbox 3366 943 3434 985; x_wconf 94' lang='lat' dir='ltr'><strong>eo</strong></span> <span class='ocrx_word' id='word_1_94' title='bbox 3473 943 3484 986; x_wconf 92' lang='lat'><strong>:</strong></span> 
     </span>
    </p>
   </div>
   <div class='ocr_carea' id='block_1_14' title="bbox 295 1013 1916 1098">
    <p class='ocr_par' dir='ltr' id='par_1_14' title="bbox 295 1020 1647 1098">
     <span class='ocr_line' id='line_1_14' title="bbox 295 1020 1647 1098; baseline -0.004 -13"><span class='ocrx_word' id='word_1_95' title='bbox 295 1023 400 1084; x_wconf 86' lang='grc'><strong>85.</strong></span> <span class='ocrx_word' id='word_1_96' title='bbox 446 1023 577 1082; x_wconf 68' lang='grc' dir='ltr'>Οὖδὲ</span> <span class='ocrx_word' id='word_1_97' title='bbox 609 1022 978 1098; x_wconf 79' lang='grc' dir='ltr'><strong>ὲπιστώθῃσαν</strong></span> <span class='ocrx_word' id='word_1_98' title='bbox 1008 1020 1060 1077; x_wconf 76' lang='grc' dir='ltr'><strong>ἐν</strong></span> <span class='ocrx_word' id='word_1_99' title='bbox 1091 1026 1160 1097; x_wconf 77' lang='grc' dir='ltr'><strong>τῇ</strong></span> <span class='ocrx_word' id='word_1_100' title='bbox 1194 1020 1433 1097; x_wconf 72' lang='grc' dir='ltr'><strong>Διαθήκῃ</strong></span> <span class='ocrx_word' id='word_1_101' title='bbox 1466 1020 1647 1082; x_wconf 75' lang='grc' dir='ltr'><strong>αὒτοῦ.</strong></span> 
     </span>
    </p>
   </div>
   <div class='ocr_carea' id='block_1_15' title="bbox 1970 1013 3591 1098">
    <p class='ocr_par' dir='ltr' id='par_1_15' title="bbox 2026 1013 3591 1094">
     <span class='ocr_line' id='line_1_15' title="bbox 2026 1013 3591 1094; baseline -0.003 -15"><span class='ocrx_word' id='word_1_102' title='bbox 2026 1019 2127 1079; x_wconf 82' lang='lat'><strong>85.</strong></span> <span class='ocrx_word' id='word_1_103' title='bbox 2178 1021 2298 1080; x_wconf 83' lang='lat' dir='ltr'><strong>Nec</strong></span> <span class='ocrx_word' id='word_1_104' title='bbox 2330 1018 2543 1079; x_wconf 80' lang='lat' dir='ltr'><strong>ﬁdeles</strong></span> <span class='ocrx_word' id='word_1_105' title='bbox 2575 1015 2760 1076; x_wconf 89' lang='lat' dir='ltr'><strong>habiti</strong></span> <span class='ocrx_word' id='word_1_106' title='bbox 2784 1014 3005 1075; x_wconf 91' lang='lat' dir='ltr'><strong>suntin</strong></span> <span class='ocrx_word' id='word_1_107' title='bbox 3032 1013 3411 1076; x_wconf 85' lang='lat' dir='ltr'><strong>Testamento</strong></span> <span class='ocrx_word' id='word_1_108' title='bbox 3434 1015 3591 1094; x_wconf 82' lang='lat' dir='ltr'><strong>ejus.</strong></span> 
     </span>
    </p>
   </div>
   <div class='ocr_carea' id='block_1_16' title="bbox 294 1103 1915 1188">
    <p class='ocr_par' dir='ltr' id='par_1_16' title="bbox 294 1110 1307 1187">
     <span class='ocr_line' id='line_1_16' title="bbox 294 1110 1307 1187; baseline -0.011 -13"><span class='ocrx_word' id='word_1_109' title='bbox 294 1112 400 1177; x_wconf 84' lang='lat'><strong>86.</strong></span> <span class='ocrx_word' id='word_1_110' title='bbox 449 1113 612 1177; x_wconf 72' lang='grc' dir='ltr'><strong>Αὒτὸς</strong></span> <span class='ocrx_word' id='word_1_111' title='bbox 642 1110 699 1169; x_wconf 81' lang='grc' dir='ltr'><strong>δέ.</strong></span> <span class='ocrx_word' id='word_1_112' title='bbox 725 1115 804 1185; x_wconf 90' lang='lat' dir='ltr'><strong>(a)</strong></span> <span class='ocrx_word' id='word_1_113' title='bbox 836 1111 976 1167; x_wconf 79' lang='grc' dir='ltr'><strong>ἐστιν</strong></span> <span class='ocrx_word' id='word_1_114' title='bbox 1006 1110 1307 1187; x_wconf 73' lang='grc' dir='ltr'><strong>οἰκτίρμων·</strong></span> 
     </span>
    </p>
   </div>
   <div class='ocr_carea' id='block_1_17' title="bbox 1453 1103 3074 1188">
    <p class='ocr_par' dir='ltr' id='par_1_17' title="bbox 2029 1103 3074 1188">
     <span class='ocr_line' id='line_1_17' title="bbox 2029 1103 3074 1188; baseline -0.005 -18"><span class='ocrx_word' id='word_1_115' title='bbox 2029 1108 2127 1170; x_wconf 91' lang='grc'><strong>86.</strong></span> <span class='ocrx_word' id='word_1_116' title='bbox 2175 1107 2308 1188; x_wconf 89' lang='lat' dir='ltr'><strong>Ipse</strong></span> <span class='ocrx_word' id='word_1_117' title='bbox 2337 1115 2530 1168; x_wconf 90' lang='lat' dir='ltr'><strong>autem</strong></span> <span class='ocrx_word' id='word_1_118' title='bbox 2565 1114 2659 1167; x_wconf 88' lang='lat' dir='ltr'><strong>est</strong></span> <span class='ocrx_word' id='word_1_119' title='bbox 2690 1103 3031 1165; x_wconf 84' lang='lat' dir='ltr'><strong>misericors</strong></span> <span class='ocrx_word' id='word_1_120' title='bbox 3062 1121 3074 1165; x_wconf 93' lang='lat'>:</span> 
     </span>
    </p>
   </div>
   <div class='ocr_carea' id='block_1_18' title="bbox 292 1194 1913 1277">
    <p class='ocr_par' dir='ltr' id='par_1_18' title="bbox 292 1198 1503 1276">
     <span class='ocr_line' id='line_1_18' title="bbox 292 1198 1503 1276; baseline -0.009 -13"><span class='ocrx_word' id='word_1_121' title='bbox 292 1200 398 1263; x_wconf 72' lang='grc'><strong>87.</strong></span> <span class='ocrx_word' id='word_1_122' title='bbox 444 1200 547 1265; x_wconf 79' lang='grc' dir='ltr'><strong>Καὶ</strong></span> <span class='ocrx_word' id='word_1_123' title='bbox 576 1202 816 1258; x_wconf 84' lang='grc' dir='ltr'><strong>ίλάσεται</strong></span> <span class='ocrx_word' id='word_1_124' title='bbox 846 1212 969 1262; x_wconf 79' lang='grc' dir='ltr'><strong>ταῖς</strong></span> <span class='ocrx_word' id='word_1_125' title='bbox 991 1199 1276 1276; x_wconf 76' lang='grc' dir='ltr'><strong>ἁμαρτίαις</strong></span> <span class='ocrx_word' id='word_1_126' title='bbox 1309 1198 1503 1253; x_wconf 70' lang='grc' dir='ltr'><strong>αὐτῶν·</strong></span> 
     </span>
    </p>
   </div>
   <div class='ocr_carea' id='block_1_19' title="bbox 1656 1194 3277 1277">
    <p class='ocr_par' dir='ltr' id='par_1_19' title="bbox 2026 1194 3277 1277">
     <span class='ocr_line' id='line_1_19' title="bbox 2026 1194 3277 1277; baseline -0.003 -20"><span class='ocrx_word' id='word_1_127' title='bbox 2026 1197 2127 1259; x_wconf 88' lang='grc'><strong>87.</strong></span> <span class='ocrx_word' id='word_1_128' title='bbox 2174 1197 2243 1259; x_wconf 84' lang='grc' dir='ltr'><strong>Ει</strong></span> <span class='ocrx_word' id='word_1_129' title='bbox 2273 1197 2563 1277; x_wconf 87' lang='lat' dir='ltr'><strong>propitius</strong></span> <span class='ocrx_word' id='word_1_130' title='bbox 2595 1195 2697 1256; x_wconf 81' lang='lat' dir='ltr'><strong>ﬁet</strong></span> <span class='ocrx_word' id='word_1_131' title='bbox 2729 1194 2989 1274; x_wconf 75' lang='lat' dir='ltr'><strong>peccatis</strong></span> <span class='ocrx_word' id='word_1_132' title='bbox 3020 1212 3227 1256; x_wconf 89' lang='lat' dir='ltr'><strong>eorum</strong></span> <span class='ocrx_word' id='word_1_133' title='bbox 3266 1214 3277 1253; x_wconf 94' lang='lat'>:</span> 
     </span>
    </p>
   </div>
   <div class='ocr_carea' id='block_1_20' title="bbox 291 1284 1912 1370">
    <p class='ocr_par' dir='ltr' id='par_1_20' title="bbox 291 1289 973 1370">
     <span class='ocr_line' id='line_1_20' title="bbox 291 1289 973 1370; baseline -0.013 -14"><span class='ocrx_word' id='word_1_134' title='bbox 291 1291 399 1355; x_wconf 83' lang='lat'><strong>88.</strong></span> <span class='ocrx_word' id='word_1_135' title='bbox 448 1292 546 1350; x_wconf 78' lang='grc' dir='ltr'><strong>Καὶ</strong></span> <span class='ocrx_word' id='word_1_136' title='bbox 590 1294 648 1348; x_wconf 77' lang='lat'><strong>06</strong></span> <span class='ocrx_word' id='word_1_137' title='bbox 677 1289 946 1370; x_wconf 78' lang='grc' dir='ltr'><strong>διαφθερεῖ</strong></span> <span class='ocrx_word' id='word_1_138' title='bbox 958 1333 973 1347; x_wconf 93' lang='grc'><strong>.</strong></span> 
     </span>
    </p>
   </div>
   <div class='ocr_carea' id='block_1_21' title="bbox 1136 1284 2757 1370">
    <p class='ocr_par' dir='ltr' id='par_1_21' title="bbox 2024 1284 2757 1365">
     <span class='ocr_line' id='line_1_21' title="bbox 2024 1284 2757 1365; baseline -0.003 -17"><span class='ocrx_word' id='word_1_139' title='bbox 2024 1286 2123 1348; x_wconf 89' lang='lat'><strong>88.</strong></span> <span class='ocrx_word' id='word_1_140' title='bbox 2172 1286 2245 1349; x_wconf 89' lang='lat' dir='ltr'><strong>Et</strong></span> <span class='ocrx_word' id='word_1_141' title='bbox 2276 1304 2394 1347; x_wconf 92' lang='lat' dir='ltr'><strong>non</strong></span> <span class='ocrx_word' id='word_1_142' title='bbox 2429 1284 2757 1365; x_wconf 88' lang='lat' dir='ltr'><strong>disperdet.</strong></span> 
     </span>
    </p>
   </div>
   <div class='ocr_carea' id='block_1_22' title="bbox 294 1372 1915 1455">
    <p class='ocr_par' dir='ltr' id='par_1_22' title="bbox 294 1376 1860 1455">
     <span class='ocr_line' id='line_1_22' title="bbox 294 1376 1860 1455; baseline -0.007 -11"><span class='ocrx_word' id='word_1_143' title='bbox 294 1380 400 1444; x_wconf 83' lang='grc'><strong>89.</strong></span> <span class='ocrx_word' id='word_1_144' title='bbox 447 1383 545 1439; x_wconf 80' lang='grc' dir='ltr'><strong>Καὶ</strong></span> <span class='ocrx_word' id='word_1_145' title='bbox 574 1380 856 1454; x_wconf 64' lang='grc' dir='ltr'><strong>πληθδνετ,</strong></span> <span class='ocrx_word' id='word_1_146' title='bbox 902 1384 996 1434; x_wconf 81' lang='grc' dir='ltr'><strong>τοῦ</strong></span> <span class='ocrx_word' id='word_1_147' title='bbox 1044 1376 1380 1455; x_wconf 80' lang='grc' dir='ltr'><strong>ἀποστρέψαι</strong></span> <span class='ocrx_word' id='word_1_148' title='bbox 1430 1378 1519 1433; x_wconf 81' lang='grc' dir='ltr'><strong>τὸν</strong></span> <span class='ocrx_word' id='word_1_149' title='bbox 1550 1378 1713 1453; x_wconf 82' lang='grc' dir='ltr'><strong>θυμὸν</strong></span> <span class='ocrx_word' id='word_1_150' title='bbox 1762 1376 1860 1433; x_wconf 79' lang='grc' dir='ltr'><strong>αὖ-</strong></span> 
     </span>
    </p>
   </div>
   <div class='ocr_carea' id='block_1_23' title="bbox 1877 1372 3498 1455">
    <p class='ocr_par' dir='ltr' id='par_1_23' title="bbox 2026 1372 3498 1447">
     <span class='ocr_line' id='line_1_23' title="bbox 2026 1372 3498 1447; baseline -0.004 -8"><span class='ocrx_word' id='word_1_151' title='bbox 2026 1376 2123 1439; x_wconf 91' lang='grc'><strong>89.</strong></span> <span class='ocrx_word' id='word_1_152' title='bbox 2172 1378 2246 1438; x_wconf 90' lang='lat' dir='ltr'><strong>Et</strong></span> <span class='ocrx_word' id='word_1_153' title='bbox 2276 1374 2621 1447; x_wconf 85' lang='lat' dir='ltr'><strong>abundabit,</strong></span> <span class='ocrx_word' id='word_1_154' title='bbox 2659 1387 2720 1435; x_wconf 92' lang='lat' dir='ltr'><strong>ut</strong></span> <span class='ocrx_word' id='word_1_155' title='bbox 2750 1380 3046 1435; x_wconf 75' lang='lat' dir='ltr'><strong>averteret</strong></span> <span class='ocrx_word' id='word_1_156' title='bbox 3073 1372 3229 1434; x_wconf 87' lang='lat' dir='ltr'><strong>iram</strong></span> <span class='ocrx_word' id='word_1_157' title='bbox 3267 1391 3435 1433; x_wconf 90' lang='lat' dir='ltr'><strong>suam</strong></span> <span class='ocrx_word' id='word_1_158' title='bbox 3487 1394 3498 1433; x_wconf 90' lang='lat'><strong>:</strong></span> 
     </span>
    </p>
   </div>
   <div class='ocr_carea' id='block_1_24' title="bbox 202 1463 1823 1530">
    <p class='ocr_par' dir='ltr' id='par_1_24' title="bbox 202 1478 337 1530">
     <span class='ocr_line' id='line_1_24' title="bbox 202 1478 337 1530; baseline 0.03 -4"><span class='ocrx_word' id='word_1_159' title='bbox 202 1478 337 1530; x_wconf 80' lang='grc' dir='ltr'><strong>τοῦ.</strong></span> 
     </span>
    </p>
   </div>
   <div class='ocr_carea' id='block_1_25' title="bbox 1770 1463 3391 1530">
    <p class='ocr_par' dir='ltr' id='par_1_25' title="bbox 2024 1463 3391 1529">
     <span class='ocr_line' id='line_1_25' title="bbox 2024 1463 3391 1529; baseline -0.001 0"><span class='ocrx_word' id='word_1_160' title='bbox 2024 1466 2125 1529; x_wconf 93' lang='grc'><strong>90.</strong></span> <span class='ocrx_word' id='word_1_161' title='bbox 2172 1467 2245 1527; x_wconf 89' lang='lat' dir='ltr'><strong>Et</strong></span> <span class='ocrx_word' id='word_1_162' title='bbox 2276 1484 2393 1526; x_wconf 87' lang='lat' dir='ltr'><strong>nou</strong></span> <span class='ocrx_word' id='word_1_163' title='bbox 2415 1465 2704 1526; x_wconf 87' lang='lat' dir='ltr'><strong>accendet</strong></span> <span class='ocrx_word' id='word_1_164' title='bbox 2734 1481 2977 1524; x_wconf 86' lang='lat' dir='ltr'><strong>omnem</strong></span> <span class='ocrx_word' id='word_1_165' title='bbox 3012 1463 3161 1524; x_wconf 89' lang='lat' dir='ltr'><strong>iram</strong></span> <span class='ocrx_word' id='word_1_166' title='bbox 3196 1481 3391 1527; x_wconf 90' lang='lat' dir='ltr'><strong>suam.</strong></span> 
     </span>
    </p>
   </div>
   <div class='ocr_carea' id='block_1_26' title="bbox 298 1552 1919 1637">
    <p class='ocr_par' dir='ltr' id='par_1_26' title="bbox 298 1554 1723 1637">
     <span class='ocr_line' id='line_1_26' title="bbox 298 1554 1723 1637; baseline -0.002 -20"><span class='ocrx_word' id='word_1_167' title='bbox 298 1559 400 1621; x_wconf 88' lang='lat'><strong>90.</strong></span> <span class='ocrx_word' id='word_1_168' title='bbox 448 1557 552 1621; x_wconf 78' lang='grc' dir='ltr'><strong>Καὶ</strong></span> <span class='ocrx_word' id='word_1_169' title='bbox 596 1559 720 1637; x_wconf 75' lang='grc' dir='ltr'><strong>οὗχὶ</strong></span> <span class='ocrx_word' id='word_1_170' title='bbox 749 1556 991 1613; x_wconf 69' lang='grc' dir='ltr'><strong>ἐκκαύσει</strong></span> <span class='ocrx_word' id='word_1_171' title='bbox 1015 1561 1191 1612; x_wconf 82' lang='grc' dir='ltr'><strong>πᾶσαν</strong></span> <span class='ocrx_word' id='word_1_172' title='bbox 1221 1556 1319 1622; x_wconf 77' lang='grc' dir='ltr'><strong>τὴν</strong></span> <span class='ocrx_word' id='word_1_173' title='bbox 1349 1554 1512 1634; x_wconf 76' lang='grc' dir='ltr'><strong>ὀργὴν</strong></span> <span class='ocrx_word' id='word_1_174' title='bbox 1544 1554 1723 1615; x_wconf 71' lang='grc' dir='ltr'><strong>αὐτοῦ.</strong></span> 
     </span>
    </p>
   </div>
   <div class='ocr_carea' id='block_1_27' title="bbox 1702 1552 3323 1637">
    <p class='ocr_par' dir='ltr' id='par_1_27' title="bbox 1708 1552 3323 1634">
     <span class='ocr_line' id='line_1_27' title="bbox 1708 1552 3323 1634; baseline -0.002 -19"><span class='ocrx_word' id='word_1_175' title='bbox 1708 1599 1723 1615; x_wconf 96' lang='grc'><strong>.</strong></span> <span class='ocrx_word' id='word_1_176' title='bbox 2024 1557 2122 1616; x_wconf 89' lang='grc'>91.</span> <span class='ocrx_word' id='word_1_177' title='bbox 2175 1557 2245 1617; x_wconf 89' lang='lat' dir='ltr'><strong>Et</strong></span> <span class='ocrx_word' id='word_1_178' title='bbox 2274 1554 2622 1617; x_wconf 83' lang='lat' dir='ltr'><strong>recordatus</strong></span> <span class='ocrx_word' id='word_1_179' title='bbox 2654 1560 2768 1627; x_wconf 83' lang='lat' dir='ltr'><strong>est,</strong></span> <span class='ocrx_word' id='word_1_180' title='bbox 2811 1552 2949 1634; x_wconf 85' lang='lat' dir='ltr'><strong>quia</strong></span> <span class='ocrx_word' id='word_1_181' title='bbox 2991 1570 3128 1613; x_wconf 87' lang='lat' dir='ltr'><strong>caro</strong></span> <span class='ocrx_word' id='word_1_182' title='bbox 3163 1560 3323 1626; x_wconf 90' lang='lat' dir='ltr'><strong>sunt,</strong></span> 
     </span>
    </p>
   </div>
   <div class='ocr_carea' id='block_1_28' title="bbox 297 1642 1918 1724">
    <p class='ocr_par' dir='ltr' id='par_1_28' title="bbox 297 1643 1266 1723">
     <span class='ocr_line' id='line_1_28' title="bbox 297 1643 1266 1723; baseline -0.006 -16"><span class='ocrx_word' id='word_1_183' title='bbox 297 1649 399 1713; x_wconf 78' lang='grc'>91.</span> <span class='ocrx_word' id='word_1_184' title='bbox 446 1650 551 1711; x_wconf 84' lang='grc' dir='ltr'><strong>Καὶ</strong></span> <span class='ocrx_word' id='word_1_185' title='bbox 584 1647 842 1723; x_wconf 69' lang='grc' dir='ltr'><strong>ἐμνήσθη,</strong></span> <span class='ocrx_word' id='word_1_186' title='bbox 875 1646 956 1701; x_wconf 78' lang='grc' dir='ltr'><strong>δτι</strong></span> <span class='ocrx_word' id='word_1_187' title='bbox 988 1643 1113 1722; x_wconf 78' lang='grc' dir='ltr'><strong>σάρξ</strong></span> <span class='ocrx_word' id='word_1_188' title='bbox 1144 1646 1266 1720; x_wconf 78' lang='grc' dir='ltr'><strong>εἶσι,</strong></span> 
     </span>
    </p>
   </div>
   <div class='ocr_carea' id='block_1_29' title="bbox 1626 1642 3247 1724">
    <p class='ocr_par' dir='ltr' id='par_1_29' title="bbox 2024 1642 3247 1724">
     <span class='ocr_line' id='line_1_29' title="bbox 2024 1642 3247 1724; baseline -0.003 -16"><span class='ocrx_word' id='word_1_189' title='bbox 2024 1642 2121 1708; x_wconf 83' lang='lat'><strong>9‘2.</strong></span> <span class='ocrx_word' id='word_1_190' title='bbox 2172 1645 2430 1724; x_wconf 80' lang='lat' dir='ltr'><strong>Spiritus</strong></span> <span class='ocrx_word' id='word_1_191' title='bbox 2459 1642 2703 1722; x_wconf 83' lang='lat' dir='ltr'><strong>vadens,</strong></span> <span class='ocrx_word' id='word_1_192' title='bbox 2742 1649 2802 1703; x_wconf 92' lang='lat' dir='ltr'><strong>et</strong></span> <span class='ocrx_word' id='word_1_193' title='bbox 2829 1660 2948 1702; x_wconf 92' lang='lat' dir='ltr'><strong>non</strong></span> <span class='ocrx_word' id='word_1_194' title='bbox 2981 1642 3247 1704; x_wconf 89' lang='lat' dir='ltr'><strong>rediens.</strong></span> 
     </span>
    </p>
   </div>
   <div class='ocr_carea' id='block_1_30' title="bbox 297 1731 1918 1815">
    <p class='ocr_par' dir='ltr' id='par_1_30' title="bbox 297 1733 1700 1815">
     <span class='ocr_line' id='line_1_30' title="bbox 297 1733 1700 1815; baseline -0.004 -19"><span class='ocrx_word' id='word_1_195' title='bbox 297 1739 403 1801; x_wconf 75' lang='lat'><strong>92.</strong></span> <span class='ocrx_word' id='word_1_196' title='bbox 450 1745 663 1813; x_wconf 78' lang='grc' dir='ltr'><strong>Πνεῦμα</strong></span> <span class='ocrx_word' id='word_1_197' title='bbox 697 1736 1080 1815; x_wconf 75' lang='grc' dir='ltr'><strong>πορευόμενον,</strong></span> <span class='ocrx_word' id='word_1_198' title='bbox 1113 1736 1201 1791; x_wconf 86' lang='grc' dir='ltr'><strong>καὶ</strong></span> <span class='ocrx_word' id='word_1_199' title='bbox 1231 1739 1326 1794; x_wconf 81' lang='grc' dir='ltr'><strong>οὐκ</strong></span> <span class='ocrx_word' id='word_1_200' title='bbox 1355 1733 1700 1815; x_wconf 77' lang='grc' dir='ltr'><strong>ἐπιστρέφον,</strong></span> 
     </span>
    </p>
   </div>
   <div class='ocr_carea' id='block_1_31' title="bbox 1911 1731 3532 1815">
    <p class='ocr_par' dir='ltr' id='par_1_31' title="bbox 2024 1731 3532 1805">
     <span class='ocr_line' id='line_1_31' title="bbox 2024 1731 3532 1805; baseline -0.003 -8"><span class='ocrx_word' id='word_1_201' title='bbox 2024 1733 2125 1797; x_wconf 87' lang='lat'><strong>93.</strong></span> <span class='ocrx_word' id='word_1_202' title='bbox 2170 1733 2416 1805; x_wconf 87' lang='lat' dir='ltr'><strong>Quoties</strong></span> <span class='ocrx_word' id='word_1_203' title='bbox 2446 1731 2949 1794; x_wconf 85' lang='lat' dir='ltr'><strong>exacerbaverunt</strong></span> <span class='ocrx_word' id='word_1_204' title='bbox 2982 1749 3119 1793; x_wconf 89' lang='lat' dir='ltr'><strong>eum</strong></span> <span class='ocrx_word' id='word_1_205' title='bbox 3151 1731 3212 1793; x_wconf 91' lang='lat' dir='ltr'><strong>in</strong></span> <span class='ocrx_word' id='word_1_206' title='bbox 3245 1732 3484 1792; x_wconf 86' lang='lat' dir='ltr'><strong>deserto</strong></span> <span class='ocrx_word' id='word_1_207' title='bbox 3507 1739 3532 1792; x_wconf 74' lang='grc' dir='ltr'><strong>’ἰ</strong></span> 
     </span>
    </p>
   </div>
   <div class='ocr_carea' id='block_1_32' title="bbox 298 1820 1919 1903">
    <p class='ocr_par' dir='ltr' id='par_1_32' title="bbox 298 1822 1919 1903">
     <span class='ocr_line' id='line_1_32' title="bbox 298 1822 1919 1903; baseline -0.012 -16"><span class='ocrx_word' id='word_1_208' title='bbox 298 1828 404 1891; x_wconf 86' lang='lat'><strong>93.</strong></span> <span class='ocrx_word' id='word_1_209' title='bbox 453 1828 682 1891; x_wconf 78' lang='grc' dir='ltr'><strong>[Ιοσάκις</strong></span> <span class='ocrx_word' id='word_1_210' title='bbox 712 1826 1113 1903; x_wconf 85' lang='grc' dir='ltr'><strong>παραπίκραναν</strong></span> <span class='ocrx_word' id='word_1_211' title='bbox 1155 1822 1312 1879; x_wconf 70' lang='grc' dir='ltr'><strong>αὐτὸν</strong></span> <span class='ocrx_word' id='word_1_212' title='bbox 1362 1823 1416 1879; x_wconf 81' lang='grc' dir='ltr'><strong>ἐν</strong></span> <span class='ocrx_word' id='word_1_213' title='bbox 1448 1830 1515 1900; x_wconf 78' lang='grc' dir='ltr'><strong>τῇ</strong></span> <span class='ocrx_word' id='word_1_214' title='bbox 1545 1823 1727 1901; x_wconf 76' lang='grc' dir='ltr'><strong>ἐρήμῳ</strong></span> <span class='ocrx_word' id='word_1_215' title='bbox 1763 1842 1778 1899; x_wconf 62' lang='grc' dir='ltr'>ς</span> <span class='ocrx_word' id='word_1_216' title='bbox 1886 1854 1919 1903; x_wconf 66' lang='grc' dir='ltr'><strong>Β</strong></span> 
     </span>
    </p>
   </div>
   <div class='ocr_carea' id='block_1_33' title="bbox 1969 1820 3590 1903">
    <p class='ocr_par' dir='ltr' id='par_1_33' title="bbox 2027 1820 3590 1886">
     <span class='ocr_line' id='line_1_33' title="bbox 2027 1820 3590 1886; baseline -0.003 0"><span class='ocrx_word' id='word_1_217' title='bbox 2027 1824 2125 1886; x_wconf 72' lang='grc'>94.</span> <span class='ocrx_word' id='word_1_218' title='bbox 2173 1822 2240 1884; x_wconf 94' lang='lat' dir='ltr'><strong>In</strong></span> <span class='ocrx_word' id='word_1_219' title='bbox 2272 1824 2421 1884; x_wconf 88' lang='lat' dir='ltr'><strong>iram</strong></span> <span class='ocrx_word' id='word_1_220' title='bbox 2455 1821 2905 1884; x_wconf 83' lang='lat' dir='ltr'><strong>concitaverunt</strong></span> <span class='ocrx_word' id='word_1_221' title='bbox 2949 1839 3084 1884; x_wconf 89' lang='lat' dir='ltr'><strong>eum</strong></span> <span class='ocrx_word' id='word_1_222' title='bbox 3138 1820 3199 1881; x_wconf 90' lang='lat' dir='ltr'><strong>in</strong></span> <span class='ocrx_word' id='word_1_223' title='bbox 3254 1829 3411 1883; x_wconf 88' lang='lat' dir='ltr'><strong>terra</strong></span> <span class='ocrx_word' id='word_1_224' title='bbox 3458 1822 3590 1881; x_wconf 76' lang='lat' dir='ltr'><strong>ina-</strong></span> 
     </span>
    </p>
   </div>
   <div class='ocr_carea' id='block_1_34' title="bbox 297 1910 2188 1994">
    <p class='ocr_par' dir='ltr' id='par_1_34' title="bbox 297 1910 2188 1994">
     <span class='ocr_line' id='line_1_34' title="bbox 297 1910 2188 1994; baseline -0.02 -16"><span class='ocrx_word' id='word_1_225' title='bbox 297 1917 403 1981; x_wconf 80' lang='grc'>94.</span> <span class='ocrx_word' id='word_1_226' title='bbox 450 1916 794 1994; x_wconf 82' lang='grc' dir='ltr'><strong>Παρώργισαν</strong></span> <span class='ocrx_word' id='word_1_227' title='bbox 848 1915 1004 1969; x_wconf 69' lang='grc' dir='ltr'><strong>αὸτὸν</strong></span> <span class='ocrx_word' id='word_1_228' title='bbox 1065 1912 1118 1967; x_wconf 80' lang='grc' dir='ltr'><strong>ἐν</strong></span> <span class='ocrx_word' id='word_1_229' title='bbox 1259 1910 1342 1991; x_wconf 66' lang='grc' dir='ltr'><strong>(ὁ)</strong></span> <span class='ocrx_word' id='word_1_230' title='bbox 1364 1911 1601 1993; x_wconf 67' lang='grc' dir='ltr'><strong>ἀνύδρῳ;</strong></span> <span class='ocrx_word' id='word_1_231' title='bbox 1949 1931 2135 1994; x_wconf 62' lang='lat' dir='ltr'><strong>quosa</strong></span> <span class='ocrx_word' id='word_1_232' title='bbox 2160 1919 2188 1975; x_wconf 57' lang='grc' dir='ltr'><strong>εἶ</strong></span> 
     </span>
    </p>
   </div>
   <div class='ocr_carea' id='block_1_35' title="bbox 2028 1999 3479 2082">
    <p class='ocr_par' dir='ltr' id='par_1_35' title="bbox 2028 1999 3479 2082">
     <span class='ocr_line' id='line_1_35' title="bbox 2028 1999 3479 2082; baseline -0.003 -18"><span class='ocrx_word' id='word_1_233' title='bbox 2028 2002 2128 2066; x_wconf 80' lang='lat'><strong>95.</strong></span> <span class='ocrx_word' id='word_1_234' title='bbox 2174 2000 2244 2062; x_wconf 88' lang='lat' dir='ltr'><strong>Et</strong></span> <span class='ocrx_word' id='word_1_235' title='bbox 2273 2002 2542 2063; x_wconf 86' lang='lat' dir='ltr'><strong>conversi</strong></span> <span class='ocrx_word' id='word_1_236' title='bbox 2582 2012 2740 2082; x_wconf 91' lang='lat' dir='ltr'><strong>sunt,</strong></span> <span class='ocrx_word' id='word_1_237' title='bbox 2769 2010 2827 2063; x_wconf 92' lang='lat' dir='ltr'><strong>et</strong></span> <span class='ocrx_word' id='word_1_238' title='bbox 2859 2006 3238 2063; x_wconf 81' lang='lat' dir='ltr'><strong>tentaverunt</strong></span> <span class='ocrx_word' id='word_1_239' title='bbox 3269 1999 3479 2061; x_wconf 80' lang='lat' dir='ltr'><strong>Deum&#39;</strong></span> 
     </span>
    </p>
   </div>
   <div class='ocr_carea' id='block_1_36' title="bbox 299 2088 1920 2171">
    <p class='ocr_par' dir='ltr' id='par_1_36' title="bbox 299 2091 1695 2171">
     <span class='ocr_line' id='line_1_36' title="bbox 299 2091 1695 2171; baseline -0.006 -15"><span class='ocrx_word' id='word_1_240' title='bbox 299 2096 403 2160; x_wconf 87' lang='lat'><strong>95.</strong></span> <span class='ocrx_word' id='word_1_241' title='bbox 448 2094 553 2158; x_wconf 81' lang='grc' dir='ltr'><strong>Καὶ</strong></span> <span class='ocrx_word' id='word_1_242' title='bbox 580 2093 931 2171; x_wconf 67' lang='grc' dir='ltr'><strong>ὶπὲστρεψαν,</strong></span> <span class='ocrx_word' id='word_1_243' title='bbox 966 2093 1052 2148; x_wconf 82' lang='grc' dir='ltr'><strong>καὶ</strong></span> <span class='ocrx_word' id='word_1_244' title='bbox 1083 2091 1361 2171; x_wconf 71' lang='grc' dir='ltr'><strong>ἐπείρασαν</strong></span> <span class='ocrx_word' id='word_1_245' title='bbox 1405 2093 1495 2147; x_wconf 81' lang='grc' dir='ltr'><strong>τὸν</strong></span> <span class='ocrx_word' id='word_1_246' title='bbox 1541 2092 1695 2155; x_wconf 81' lang='grc' dir='ltr'><strong>Θεόν,</strong></span> 
     </span>
    </p>
   </div>
   <div class='ocr_carea' id='block_1_37' title="bbox 1704 2088 3325 2171">
    <p class='ocr_par' dir='ltr' id='par_1_37' title="bbox 2026 2088 3325 2156">
     <span class='ocr_line' id='line_1_37' title="bbox 2026 2088 3325 2156; baseline -0.002 -2"><span class='ocrx_word' id='word_1_247' title='bbox 2026 2091 2128 2154; x_wconf 87' lang='grc'><strong>96.</strong></span> <span class='ocrx_word' id='word_1_248' title='bbox 2176 2092 2248 2153; x_wconf 86' lang='lat' dir='ltr'><strong>Et</strong></span> <span class='ocrx_word' id='word_1_249' title='bbox 2277 2088 2553 2153; x_wconf 89' lang='lat' dir='ltr'><strong>Sanctum</strong></span> <span class='ocrx_word' id='word_1_250' title='bbox 2589 2092 2769 2156; x_wconf 88' lang='lat' dir='ltr'><strong>Israel</strong></span> <span class='ocrx_word' id='word_1_251' title='bbox 2796 2090 3325 2153; x_wconf 81' lang='lat' dir='ltr'><strong>exacerbaverunt.</strong></span> 
     </span>
    </p>
   </div>
   <div class='ocr_carea' id='block_1_38' title="bbox 299 2179 1920 2261">
    <p class='ocr_par' dir='ltr' id='par_1_38' title="bbox 299 2179 1618 2261">
     <span class='ocr_line' id='line_1_38' title="bbox 299 2179 1618 2261; baseline -0.007 -15"><span class='ocrx_word' id='word_1_252' title='bbox 299 2185 403 2250; x_wconf 83' lang='lat'><strong>96.</strong></span> <span class='ocrx_word' id='word_1_253' title='bbox 447 2183 551 2246; x_wconf 79' lang='grc' dir='ltr'><strong>Καὶ</strong></span> <span class='ocrx_word' id='word_1_254' title='bbox 580 2185 668 2240; x_wconf 80' lang='grc' dir='ltr'><strong>τὸν</strong></span> <span class='ocrx_word' id='word_1_255' title='bbox 712 2181 914 2260; x_wconf 72' lang='grc' dir='ltr'><strong>’Ἃγιον</strong></span> <span class='ocrx_word' id='word_1_256' title='bbox 946 2188 1035 2238; x_wconf 71' lang='grc' dir='ltr'><strong>τοῦ</strong></span> <span class='ocrx_word' id='word_1_257' title='bbox 1062 2180 1238 2261; x_wconf 68' lang='grc' dir='ltr'><strong>Ἰσρὶιλ</strong></span> <span class='ocrx_word' id='word_1_258' title='bbox 1283 2179 1618 2260; x_wconf 57' lang='grc' dir='ltr'><strong>παρώξυναν</strong></span> 
     </span>
    </p>
   </div>
   <div class='ocr_carea' id='block_1_39' title="bbox 1700 2179 3321 2261">
    <p class='ocr_par' dir='ltr' id='par_1_39' title="bbox 2028 2180 3321 2259">
     <span class='ocr_line' id='line_1_39' title="bbox 2028 2180 3321 2259; baseline -0.002 -18"><span class='ocrx_word' id='word_1_259' title='bbox 2028 2181 2126 2243; x_wconf 87' lang='grc'>97.</span> <span class='ocrx_word' id='word_1_260' title='bbox 2176 2185 2245 2243; x_wconf 86' lang='grc' dir='ltr'><strong>Ει</strong></span> <span class='ocrx_word' id='word_1_261' title='bbox 2276 2200 2394 2243; x_wconf 89' lang='lat' dir='ltr'><strong>non</strong></span> <span class='ocrx_word' id='word_1_262' title='bbox 2430 2182 2727 2243; x_wconf 86' lang='lat' dir='ltr'><strong>recordati</strong></span> <span class='ocrx_word' id='word_1_263' title='bbox 2757 2188 2894 2243; x_wconf 87' lang='lat' dir='ltr'><strong>sunt</strong></span> <span class='ocrx_word' id='word_1_264' title='bbox 2923 2198 3137 2242; x_wconf 90' lang='lat' dir='ltr'><strong>manus</strong></span> <span class='ocrx_word' id='word_1_265' title='bbox 3166 2180 3321 2259; x_wconf 85' lang='lat' dir='ltr'><strong>ejus,</strong></span> 
     </span>
    </p>
   </div>
   <div class='ocr_carea' id='block_1_40' title="bbox 300 2267 1921 2353">
    <p class='ocr_par' dir='ltr' id='par_1_40' title="bbox 300 2270 1717 2353">
     <span class='ocr_line' id='line_1_40' title="bbox 300 2270 1717 2353; baseline -0.008 -15"><span class='ocrx_word' id='word_1_266' title='bbox 300 2276 402 2339; x_wconf 84' lang='lat'><strong>97.</strong></span> <span class='ocrx_word' id='word_1_267' title='bbox 447 2273 551 2336; x_wconf 77' lang='grc' dir='ltr'><strong>Καὶ</strong></span> <span class='ocrx_word' id='word_1_268' title='bbox 581 2272 667 2353; x_wconf 78' lang='grc' dir='ltr'><strong>(ο)</strong></span> <span class='ocrx_word' id='word_1_269' title='bbox 694 2276 788 2331; x_wconf 75' lang='grc' dir='ltr'><strong>οὐκ</strong></span> <span class='ocrx_word' id='word_1_270' title='bbox 815 2271 1152 2347; x_wconf 70' lang='grc' dir='ltr'><strong>ἐμνήσθησαν</strong></span> <span class='ocrx_word' id='word_1_271' title='bbox 1197 2276 1297 2338; x_wconf 80' lang='grc' dir='ltr'><strong>τῆς</strong></span> <span class='ocrx_word' id='word_1_272' title='bbox 1319 2271 1502 2351; x_wconf 80' lang='grc' dir='ltr'><strong>χειρὸς</strong></span> <span class='ocrx_word' id='word_1_273' title='bbox 1532 2270 1717 2342; x_wconf 72' lang='grc' dir='ltr'><strong>αὐτοῦ,</strong></span> 
     </span>
    </p>
   </div>
   <div class='ocr_carea' id='block_1_41' title="bbox 1964 2267 3585 2353">
    <p class='ocr_par' dir='ltr' id='par_1_41' title="bbox 2028 2267 3585 2351">
     <span class='ocr_line' id='line_1_41' title="bbox 2028 2267 3585 2351; baseline -0.001 -22"><span class='ocrx_word' id='word_1_274' title='bbox 2028 2269 2127 2334; x_wconf 86' lang='grc'><strong>98.</strong></span> <span class='ocrx_word' id='word_1_275' title='bbox 2206 2269 2355 2350; x_wconf 86' lang='lat' dir='ltr'><strong>Die,</strong></span> <span class='ocrx_word' id='word_1_276' title='bbox 2414 2289 2528 2351; x_wconf 90' lang='lat' dir='ltr'><strong>qua</strong></span> <span class='ocrx_word' id='word_1_277' title='bbox 2585 2270 2838 2333; x_wconf 82' lang='lat' dir='ltr'><strong>redemit</strong></span> <span class='ocrx_word' id='word_1_278' title='bbox 2895 2288 2999 2331; x_wconf 91' lang='lat' dir='ltr'><strong>eos</strong></span> <span class='ocrx_word' id='word_1_279' title='bbox 3054 2270 3128 2331; x_wconf 91' lang='lat' dir='ltr'><strong>de</strong></span> <span class='ocrx_word' id='word_1_280' title='bbox 3185 2286 3325 2329; x_wconf 88' lang='lat' dir='ltr'><strong>man</strong></span> <span class='ocrx_word' id='word_1_281' title='bbox 3389 2267 3585 2329; x_wconf 89' lang='lat' dir='ltr'><strong>tribu-</strong></span> 
     </span>
    </p>
   </div>
   <div class='ocr_carea' id='block_1_42' title="bbox 298 2358 2156 2442">
    <p class='ocr_par' dir='ltr' id='par_1_42' title="bbox 298 2358 2156 2442">
     <span class='ocr_line' id='line_1_42' title="bbox 298 2358 2156 2442; baseline -0.008 -14"><span class='ocrx_word' id='word_1_282' title='bbox 298 2365 402 2429; x_wconf 83' lang='lat'><strong>98.</strong></span> <span class='ocrx_word' id='word_1_283' title='bbox 456 2364 711 2442; x_wconf 79' lang='grc' dir='ltr'><strong>Ἢμέρας⁹</strong></span> <span class='ocrx_word' id='word_1_284' title='bbox 747 2361 811 2430; x_wconf 82' lang='grc' dir='ltr'><strong>ἦς</strong></span> <span class='ocrx_word' id='word_1_285' title='bbox 868 2359 1199 2440; x_wconf 70' lang='grc' dir='ltr'><strong>ἆλυτρώσατο</strong></span> <span class='ocrx_word' id='word_1_286' title='bbox 1228 2360 1415 2423; x_wconf 74' lang='grc' dir='ltr'><strong>αὐτοὺς</strong></span> <span class='ocrx_word' id='word_1_287' title='bbox 1450 2358 1536 2439; x_wconf 75' lang='grc' dir='ltr'><strong>(ἆ)</strong></span> <span class='ocrx_word' id='word_1_288' title='bbox 1580 2359 1640 2416; x_wconf 69' lang='grc' dir='ltr'><strong>ἐκ</strong></span> <span class='ocrx_word' id='word_1_289' title='bbox 1684 2361 1865 2439; x_wconf 80' lang='grc' dir='ltr'><strong>χειρὸς</strong></span> <span class='ocrx_word' id='word_1_290' title='bbox 1950 2358 2156 2423; x_wconf 77' lang='lat' dir='ltr'><strong>lautis,</strong></span> 
     </span>
    </p>
   </div>
   <div class='ocr_carea' id='block_1_43' title="bbox 206 2453 521 2517">
    <p class='ocr_par' dir='ltr' id='par_1_43' title="bbox 206 2453 521 2517">
     <span class='ocr_line' id='line_1_43' title="bbox 206 2453 521 2517; baseline 0.01 -3"><span class='ocrx_word' id='word_1_291' title='bbox 206 2453 494 2516; x_wconf 80' lang='grc' dir='ltr'><strong>θλίϐοντος</strong></span> <span class='ocrx_word' id='word_1_292' title='bbox 507 2502 521 2517; x_wconf 94' lang='grc'><strong>.</strong></span> 
     </span>
    </p>
   </div>
   <div class='ocr_carea' id='block_1_44' title="bbox 301 2556 971 2639">
    <p class='ocr_par' dir='ltr' id='par_1_44' title="bbox 301 2556 971 2639">
     <span class='ocr_line' id='line_1_44' title="bbox 301 2556 971 2639; baseline -0.007 -16"><span class='ocrx_word' id='word_1_293' title='bbox 301 2568 376 2636; x_wconf 83' lang='grc' dir='ltr'><strong>(α)</strong></span> <span class='ocrx_word' id='word_1_294' title='bbox 410 2558 638 2639; x_wconf 16' lang='grc' dir='ltr'><strong>Γάρ.νΙιι</strong></span> <span class='ocrx_word' id='word_1_295' title='bbox 670 2575 857 2639; x_wconf 73' lang='lat' dir='ltr'><strong>marg.</strong></span> <span class='ocrx_word' id='word_1_296' title='bbox 891 2556 971 2618; x_wconf 84' lang='grc' dir='ltr'><strong>δέ.</strong></span> 
     </span>
    </p>
   </div>
   <div class='ocr_carea' id='block_1_45' title="bbox 242 2636 1576 2722">
    <p class='ocr_par' dir='ltr' id='par_1_45' title="bbox 242 2636 1576 2722">
     <span class='ocr_line' id='line_1_45' title="bbox 242 2636 1576 2722; baseline -0.004 -20"><span class='ocrx_word' id='word_1_297' title='bbox 242 2700 251 2702; x_wconf 77' lang='grc'>,</span> <span class='ocrx_word' id='word_1_298' title='bbox 307 2640 392 2722; x_wconf 86' lang='lat' dir='ltr'><strong>(b)</strong></span> <span class='ocrx_word' id='word_1_299' title='bbox 418 2636 505 2722; x_wconf 58' lang='lat' dir='ltr'><strong>ﬁt</strong></span> <span class='ocrx_word' id='word_1_300' title='bbox 533 2637 786 2722; x_wconf 75' lang='lat' dir='ltr'><strong>deestin</strong></span> <span class='ocrx_word' id='word_1_301' title='bbox 807 2636 983 2722; x_wconf 70' lang='lat' dir='ltr'><strong>textu</strong></span> <span class='ocrx_word' id='word_1_302' title='bbox 1012 2657 1029 2719; x_wconf 88' lang='lat'><strong>;</strong></span> <span class='ocrx_word' id='word_1_303' title='bbox 1063 2642 1122 2699; x_wconf 88' lang='lat' dir='ltr'><strong>at</strong></span> <span class='ocrx_word' id='word_1_304' title='bbox 1142 2636 1258 2715; x_wconf 82' lang='lat' dir='ltr'><strong>leg.</strong></span> <span class='ocrx_word' id='word_1_305' title='bbox 1290 2636 1354 2697; x_wconf 88' lang='lat' dir='ltr'><strong>in</strong></span> <span class='ocrx_word' id='word_1_306' title='bbox 1380 2652 1576 2713; x_wconf 75' lang='lat' dir='ltr'><strong>marg.</strong></span> 
     </span>
    </p>
   </div>
   <div class='ocr_carea' id='block_1_46' title="bbox 329 2718 950 2799">
    <p class='ocr_par' dir='ltr' id='par_1_46' title="bbox 329 2718 950 2799">
     <span class='ocr_line' id='line_1_46' title="bbox 329 2718 950 2799; baseline -0.006 -15"><span class='ocrx_word' id='word_1_307' title='bbox 329 2718 389 2799; x_wconf 73' lang='grc' dir='ltr'><strong>ε)</strong></span> <span class='ocrx_word' id='word_1_308' title='bbox 416 2720 524 2784; x_wconf 80' lang='grc' dir='ltr'><strong>Καί</strong></span> <span class='ocrx_word' id='word_1_309' title='bbox 556 2738 673 2782; x_wconf 88' lang='lat' dir='ltr'><strong>non</strong></span> <span class='ocrx_word' id='word_1_310' title='bbox 708 2718 950 2799; x_wconf 80' lang='lat' dir='ltr'><strong>legitur.</strong></span> 
     </span>
    </p>
   </div>
   <div class='ocr_carea' id='block_1_47' title="bbox 327 2794 1948 2879">
    <p class='ocr_par' dir='ltr' id='par_1_47' title="bbox 327 2794 1923 2879">
     <span class='ocr_line' id='line_1_47' title="bbox 327 2794 1923 2879; baseline -0.005 -14"><span class='ocrx_word' id='word_1_311' title='bbox 327 2794 387 2875; x_wconf 70' lang='grc' dir='ltr'><strong>ἀ)</strong></span> <span class='ocrx_word' id='word_1_312' title='bbox 418 2802 613 2865; x_wconf 58' lang='lat' dir='ltr'><strong>Aetati:</strong></span> <span class='ocrx_word' id='word_1_313' title='bbox 650 2794 823 2862; x_wconf 72' lang='lat' dir='ltr'><strong>deeit</strong></span> <span class='ocrx_word' id='word_1_314' title='bbox 849 2798 911 2860; x_wconf 91' lang='lat' dir='ltr'><strong>in</strong></span> <span class='ocrx_word' id='word_1_315' title='bbox 939 2803 1103 2861; x_wconf 79' lang='lat' dir='ltr'><strong>textu</strong></span> <span class='ocrx_word' id='word_1_316' title='bbox 1131 2818 1148 2876; x_wconf 87' lang='lat'><strong>;</strong></span> <span class='ocrx_word' id='word_1_317' title='bbox 1178 2794 1403 2879; x_wconf 73' lang='lat' dir='ltr'><strong>legitur</strong></span> <span class='ocrx_word' id='word_1_318' title='bbox 1423 2794 1486 2857; x_wconf 91' lang='lat' dir='ltr'><strong>in</strong></span> <span class='ocrx_word' id='word_1_319' title='bbox 1507 2812 1694 2875; x_wconf 74' lang='lat' dir='ltr'><strong>marg.</strong></span> <span class='ocrx_word' id='word_1_320' title='bbox 1722 2818 1737 2873; x_wconf 89' lang='lat'><strong>;</strong></span> <span class='ocrx_word' id='word_1_321' title='bbox 1770 2813 1923 2858; x_wconf 80' lang='lat' dir='ltr'><strong>.mox</strong></span> 
     </span>
    </p>
   </div>
   <div class='ocr_carea' id='block_1_48' title="bbox 1291 2794 2912 2879">
    <p class='ocr_par' dir='ltr' id='par_1_48' title="bbox 1291 2794 2912 2879">
     <span class='ocr_line' id='line_1_48' title="bbox 1291 2794 2912 2879; baseline -0.001 -23"><span class='ocrx_word' id='word_1_322' title='bbox 1291 2794 1403 2879; x_wconf 66' lang='grc' dir='ltr'><strong>ἱιιιτ</strong></span> <span class='ocrx_word' id='word_1_323' title='bbox 1423 2794 1486 2857; x_wconf 91' lang='lat' dir='ltr'><strong>in</strong></span> <span class='ocrx_word' id='word_1_324' title='bbox 1507 2812 1694 2875; x_wconf 73' lang='lat' dir='ltr'><strong>marg.</strong></span> <span class='ocrx_word' id='word_1_325' title='bbox 1722 2818 1737 2873; x_wconf 86' lang='lat'><strong>;</strong></span> <span class='ocrx_word' id='word_1_326' title='bbox 1770 2813 1923 2858; x_wconf 80' lang='lat' dir='ltr'><strong>.mox</strong></span> <span class='ocrx_word' id='word_1_327' title='bbox 1950 2794 2261 2872; x_wconf 71' lang='grc' dir='ltr'><strong>θλιϐόντων,</strong></span> <span class='ocrx_word' id='word_1_328' title='bbox 2300 2798 2358 2857; x_wconf 91' lang='lat' dir='ltr'><strong>in</strong></span> <span class='ocrx_word' id='word_1_329' title='bbox 2396 2815 2583 2878; x_wconf 80' lang='lat' dir='ltr'><strong>marg.</strong></span> <span class='ocrx_word' id='word_1_330' title='bbox 2617 2795 2912 2862; x_wconf 75' lang='grc' dir='ltr'><strong>θλίϐοντος.</strong></span> 
     </span>
    </p>
   </div>
   <div class='ocr_carea' id='block_1_49' title="bbox 1359 2953 2446 3021">
    <p class='ocr_par' dir='ltr' id='par_1_49' title="bbox 1359 2953 2446 3021">
     <span class='ocr_line' id='line_1_49' title="bbox 1359 2953 2446 3021; baseline 0.001 -2"><span class='ocrx_word' id='word_1_331' title='bbox 1359 2954 1769 3020; x_wconf 86' lang='lat' dir='ltr'><strong>ATHANASII</strong></span> <span class='ocrx_word' id='word_1_332' title='bbox 1809 2953 2446 3021; x_wconf 74' lang='lat' dir='ltr'><strong>INTERPRETATIO.</strong></span> 
     </span>
    </p>
   </div>
   <div class='ocr_carea' id='block_1_50' title="bbox 302 3063 1923 3147">
    <p class='ocr_par' dir='ltr' id='par_1_50' title="bbox 302 3064 1869 3146">
     <span class='ocr_line' id='line_1_50' title="bbox 302 3064 1869 3146; baseline -0.006 -18"><span class='ocrx_word' id='word_1_333' title='bbox 302 3070 405 3144; x_wconf 83' lang='grc'><strong>80,</strong></span> <span class='ocrx_word' id='word_1_334' title='bbox 426 3071 494 3134; x_wconf 87' lang='grc'><strong>01</strong></span> <span class='ocrx_word' id='word_1_335' title='bbox 535 3071 660 3134; x_wconf 75' lang='grc' dir='ltr'><strong>,Καί</strong></span> <span class='ocrx_word' id='word_1_336' title='bbox 691 3067 851 3136; x_wconf 59' lang='grc' dir='ltr'><strong>ἀνέϐη</strong></span> <span class='ocrx_word' id='word_1_337' title='bbox 881 3070 965 3126; x_wconf 73' lang='grc' dir='ltr'><strong>επὶ</strong></span> <span class='ocrx_word' id='word_1_338' title='bbox 997 3069 1094 3135; x_wconf 74' lang='grc' dir='ltr'><strong>τὴν</strong></span> <span class='ocrx_word' id='word_1_339' title='bbox 1122 3066 1333 3146; x_wconf 78' lang='grc' dir='ltr'><strong>καρδίαν</strong></span> <span class='ocrx_word' id='word_1_340' title='bbox 1365 3068 1534 3124; x_wconf 71' lang='grc' dir='ltr'><strong>αὐτῶν</strong></span> <span class='ocrx_word' id='word_1_341' title='bbox 1566 3065 1663 3123; x_wconf 76' lang='grc' dir='ltr'><strong>ὅσα</strong></span> <span class='ocrx_word' id='word_1_342' title='bbox 1686 3064 1869 3130; x_wconf 76' lang='grc' dir='ltr'><strong>ἐποίη-</strong></span> 
     </span>
    </p>
   </div>
   <div class='ocr_carea' id='block_1_51' title="bbox 1970 3063 3591 3147">
    <p class='ocr_par' dir='ltr' id='par_1_51' title="bbox 2032 3063 3591 3147">
     <span class='ocr_line' id='line_1_51' title="bbox 2032 3063 3591 3147; baseline 0.003 -23"><span class='ocrx_word' id='word_1_343' title='bbox 2032 3063 2130 3137; x_wconf 93' lang='grc'>80,</span> <span class='ocrx_word' id='word_1_344' title='bbox 2165 3064 2260 3124; x_wconf 81' lang='grc'>81.</span> <span class='ocrx_word' id='word_1_345' title='bbox 2310 3063 2380 3124; x_wconf 87' lang='lat' dir='ltr'><strong>Et</strong></span> <span class='ocrx_word' id='word_1_346' title='bbox 2409 3064 2677 3126; x_wconf 86' lang='lat' dir='ltr'><strong>ascendit</strong></span> <span class='ocrx_word' id='word_1_347' title='bbox 2708 3066 2764 3125; x_wconf 90' lang='lat' dir='ltr'><strong>in</strong></span> <span class='ocrx_word' id='word_1_348' title='bbox 2797 3082 2901 3125; x_wconf 91' lang='lat' dir='ltr'><strong>cor</strong></span> <span class='ocrx_word' id='word_1_349' title='bbox 2920 3082 3127 3126; x_wconf 91' lang='lat' dir='ltr'><strong>eorum</strong></span> <span class='ocrx_word' id='word_1_350' title='bbox 3159 3065 3447 3147; x_wconf 86' lang='lat' dir='ltr'><strong>quidquid</strong></span> <span class='ocrx_word' id='word_1_351' title='bbox 3497 3068 3591 3129; x_wconf 71' lang='lat' dir='ltr'><strong>fe—</strong></span> 
     </span>
    </p>
   </div>
   <div class='ocr_carea' id='block_1_52' title="bbox 219 3152 1840 3236">
    <p class='ocr_par' dir='ltr' id='par_1_52' title="bbox 219 3155 1831 3236">
     <span class='ocr_line' id='line_1_52' title="bbox 219 3155 1831 3236; baseline -0.006 -16"><span class='ocrx_word' id='word_1_352' title='bbox 219 3185 288 3221; x_wconf 80' lang='grc' dir='ltr'><strong>σε</strong></span> <span class='ocrx_word' id='word_1_353' title='bbox 319 3176 438 3227; x_wconf 77' lang='grc' dir='ltr'><strong>τοῖς</strong></span> <span class='ocrx_word' id='word_1_354' title='bbox 471 3159 581 3216; x_wconf 85' lang='grc' dir='ltr'><strong>δυσὶ</strong></span> <span class='ocrx_word' id='word_1_355' title='bbox 610 3158 877 3236; x_wconf 81' lang='grc' dir='ltr'><strong>βασιλεῦσι</strong></span> <span class='ocrx_word' id='word_1_356' title='bbox 908 3165 1016 3215; x_wconf 84' lang='grc' dir='ltr'><strong>τῶν</strong></span> <span class='ocrx_word' id='word_1_357' title='bbox 1047 3156 1401 3236; x_wconf 69' lang='grc' dir='ltr'><strong>Ἀμοῤῥαίων,</strong></span> <span class='ocrx_word' id='word_1_358' title='bbox 1435 3158 1522 3213; x_wconf 85' lang='grc' dir='ltr'><strong>καὶ</strong></span> <span class='ocrx_word' id='word_1_359' title='bbox 1552 3162 1657 3213; x_wconf 83' lang='grc' dir='ltr'><strong>τῶν</strong></span> <span class='ocrx_word' id='word_1_360' title='bbox 1687 3155 1831 3230; x_wconf 82' lang='grc' dir='ltr'><strong>Ἀμα</strong></span> 
     </span>
    </p>
   </div>
   <div class='ocr_carea' id='block_1_53' title="bbox 1966 3152 3587 3236">
    <p class='ocr_par' dir='ltr' id='par_1_53' title="bbox 1966 3152 3587 3233">
     <span class='ocr_line' id='line_1_53' title="bbox 1966 3152 3587 3233; baseline 0.004 -21"><span class='ocrx_word' id='word_1_361' title='bbox 1966 3152 2029 3213; x_wconf 83' lang='lat' dir='ltr'><strong>:it</strong></span> <span class='ocrx_word' id='word_1_362' title='bbox 2060 3153 2288 3214; x_wconf 82' lang='lat' dir='ltr'><strong>duobus</strong></span> <span class='ocrx_word' id='word_1_363' title='bbox 2338 3153 2579 3233; x_wconf 82' lang='lat' dir='ltr'><strong>regibus</strong></span> <span class='ocrx_word' id='word_1_364' title='bbox 2638 3155 3109 3228; x_wconf 71' lang='lat' dir='ltr'><strong>Amorrzeorum,</strong></span> <span class='ocrx_word' id='word_1_365' title='bbox 3144 3166 3202 3215; x_wconf 91' lang='lat' dir='ltr'><strong>et</strong></span> <span class='ocrx_word' id='word_1_366' title='bbox 3230 3157 3474 3218; x_wconf 88' lang='lat' dir='ltr'><strong>Amalec</strong></span> <span class='ocrx_word' id='word_1_367' title='bbox 3530 3159 3587 3218; x_wconf 90' lang='lat' dir='ltr'><strong>in</strong></span> 
     </span>
    </p>
   </div>
   <div class='ocr_carea' id='block_1_54' title="bbox 216 3241 2042 3313">
    <p class='ocr_par' dir='ltr' id='par_1_54' title="bbox 216 3241 2042 3313">
     <span class='ocr_line' id='line_1_54' title="bbox 216 3241 2042 3313; baseline -0.004 -2"><span class='ocrx_word' id='word_1_368' title='bbox 216 3254 395 3313; x_wconf 69' lang='grc' dir='ltr'><strong>λήκὶν</strong></span> <span class='ocrx_word' id='word_1_369' title='bbox 428 3259 490 3313; x_wconf 75' lang='grc' dir='ltr'><strong>τῆ</strong></span> <span class='ocrx_word' id='word_1_370' title='bbox 526 3251 657 3313; x_wconf 79' lang='grc' dir='ltr'><strong>ὁδῶ.</strong></span> <span class='ocrx_word' id='word_1_371' title='bbox 1222 3296 1231 3300; x_wconf 89' lang='grc'><strong>-</strong></span> <span class='ocrx_word' id='word_1_372' title='bbox 1945 3241 2042 3303; x_wconf 90' lang='lat' dir='ltr'><strong>via</strong></span> 
     </span>
    </p>
   </div>
   <div class='ocr_carea' id='block_1_55' title="bbox 257 3268 1878 3444">
    <p class='ocr_par' dir='ltr' id='par_1_55' title="bbox 257 3268 1862 3418">
     <span class='ocr_line' id='line_1_55' title="bbox 257 3268 1231 3328; baseline -0.011 -17"><span class='ocrx_word' id='word_1_373' title='bbox 257 3268 395 3322; x_wconf 70' lang='grc' dir='ltr'><strong>ἡκεν</strong></span> <span class='ocrx_word' id='word_1_374' title='bbox 428 3268 490 3328; x_wconf 67' lang='grc' dir='ltr'><strong>τῇ</strong></span> <span class='ocrx_word' id='word_1_375' title='bbox 526 3268 657 3326; x_wconf 78' lang='grc' dir='ltr'><strong>οοῳ.</strong></span> <span class='ocrx_word' id='word_1_376' title='bbox 1222 3296 1231 3300; x_wconf 89' lang='grc'><strong>-</strong></span> 
     </span>
     <span class='ocr_line' id='line_1_56' title="bbox 305 3338 1862 3418; baseline -0.01 -11"><span class='ocrx_word' id='word_1_377' title='bbox 305 3343 406 3407; x_wconf 64' lang='grc'>82.</span> <span class='ocrx_word' id='word_1_378' title='bbox 454 3340 556 3403; x_wconf 85' lang='grc' dir='ltr'><strong>Καὶ</strong></span> <span class='ocrx_word' id='word_1_379' title='bbox 588 3342 907 3397; x_wconf 79' lang='grc' dir='ltr'><strong>συνετίθεντο</strong></span> <span class='ocrx_word' id='word_1_380' title='bbox 964 3353 1081 3405; x_wconf 74' lang='grc' dir='ltr'><strong>τοῖς</strong></span> <span class='ocrx_word' id='word_1_381' title='bbox 1139 3338 1543 3418; x_wconf 78' lang='grc' dir='ltr'><strong>προστάγμασιν</strong></span> <span class='ocrx_word' id='word_1_382' title='bbox 1598 3340 1755 3398; x_wconf 72' lang='grc' dir='ltr'><strong>αὐτοῦ</strong></span> <span class='ocrx_word' id='word_1_383' title='bbox 1787 3345 1862 3413; x_wconf 84' lang='grc' dir='ltr'><strong>τῷ</strong></span> 
     </span>
    </p>
   </div>
   <div class='ocr_carea' id='block_1_56' title="bbox 1976 3268 3597 3444">
    <p class='ocr_par' dir='ltr' id='par_1_56' title="bbox 1986 3268 3597 3415">
     <span class='ocr_line' id='line_1_57' title="bbox 1986 3268 2042 3303; baseline 0.018 -1"><span class='ocrx_word' id='word_1_384' title='bbox 1986 3268 2042 3303; x_wconf 81' lang='lat' dir='ltr'><strong>1a</strong></span> 
     </span>
     <span class='ocr_line' id='line_1_58' title="bbox 2026 3332 3597 3415; baseline 0.004 -23"><span class='ocrx_word' id='word_1_385' title='bbox 2026 3332 2126 3393; x_wconf 72' lang='grc'>82.</span> <span class='ocrx_word' id='word_1_386' title='bbox 2212 3333 2289 3395; x_wconf 78' lang='lat' dir='ltr'><strong>Et</strong></span> <span class='ocrx_word' id='word_1_387' title='bbox 2370 3334 2596 3395; x_wconf 91' lang='lat' dir='ltr'><strong>assensi</strong></span> <span class='ocrx_word' id='word_1_388' title='bbox 2693 3342 2829 3394; x_wconf 88' lang='lat' dir='ltr'><strong>sunt</strong></span> <span class='ocrx_word' id='word_1_389' title='bbox 2922 3333 3215 3395; x_wconf 87' lang='lat' dir='ltr'><strong>mandatis</strong></span> <span class='ocrx_word' id='word_1_390' title='bbox 3289 3336 3420 3415; x_wconf 83' lang='lat' dir='ltr'><strong>ejus</strong></span> <span class='ocrx_word' id='word_1_391' title='bbox 3494 3356 3597 3399; x_wconf 91' lang='lat' dir='ltr'><strong>ore</strong></span> 
     </span>
    </p>
   </div>
   <div class='ocr_carea' id='block_1_57' title="bbox 219 3430 1840 3507">
    <p class='ocr_par' dir='ltr' id='par_1_57' title="bbox 219 3430 677 3507">
     <span class='ocr_line' id='line_1_59' title="bbox 219 3430 677 3507; baseline -0.007 -16"><span class='ocrx_word' id='word_1_392' title='bbox 219 3433 454 3507; x_wconf 78' lang='grc' dir='ltr'><strong>στόματι</strong></span> <span class='ocrx_word' id='word_1_393' title='bbox 486 3430 677 3488; x_wconf 70' lang='grc' dir='ltr'><strong>αδτῶν.</strong></span> 
     </span>
    </p>
   </div>
   <div class='ocr_carea' id='block_1_58' title="bbox 458 3430 2079 3507">
    <p class='ocr_par' dir='ltr' id='par_1_58' title="bbox 486 3430 2079 3488">
     <span class='ocr_line' id='line_1_60' title="bbox 486 3430 2079 3488; baseline -0.004 -1"><span class='ocrx_word' id='word_1_394' title='bbox 486 3430 677 3488; x_wconf 69' lang='grc' dir='ltr'><strong>αδτῶν.</strong></span> <span class='ocrx_word' id='word_1_395' title='bbox 1885 3430 1924 3444; x_wconf 77' lang='grc'><strong><em>“</em></strong></span> <span class='ocrx_word' id='word_1_396' title='bbox 1953 3438 2079 3482; x_wconf 77' lang='grc'>8110.</span> 
     </span>
    </p>
   </div>
   <div class='ocr_carea' id='block_1_59' title="bbox 306 3510 1927 3599">
    <p class='ocr_par' dir='ltr' id='par_1_59' title="bbox 306 3518 1004 3599">
     <span class='ocr_line' id='line_1_61' title="bbox 306 3518 1004 3599; baseline -0.013 -15"><span class='ocrx_word' id='word_1_397' title='bbox 306 3521 409 3584; x_wconf 81' lang='grc'>83.</span> <span class='ocrx_word' id='word_1_398' title='bbox 458 3518 781 3599; x_wconf 70' lang='grc' dir='ltr'><strong>Ἠρνήσαντο</strong></span> <span class='ocrx_word' id='word_1_399' title='bbox 810 3518 981 3574; x_wconf 79' lang='grc' dir='ltr'><strong>αύτῶν</strong></span> <span class='ocrx_word' id='word_1_400' title='bbox 992 3563 1004 3575; x_wconf 94' lang='grc'><strong>.</strong></span> 
     </span>
    </p>
   </div>
   <div class='ocr_carea' id='block_1_60' title="bbox 1052 3510 2673 3599">
    <p class='ocr_par' dir='ltr' id='par_1_60' title="bbox 2035 3510 2673 3599">
     <span class='ocr_line' id='line_1_62' title="bbox 2035 3510 2673 3599; baseline -0.003 -26"><span class='ocrx_word' id='word_1_401' title='bbox 2035 3510 2131 3573; x_wconf 90' lang='grc'>83.</span> <span class='ocrx_word' id='word_1_402' title='bbox 2183 3511 2487 3599; x_wconf 81' lang='lat' dir='ltr'><strong>Negabant</strong></span> <span class='ocrx_word' id='word_1_403' title='bbox 2516 3528 2673 3573; x_wconf 89' lang='lat' dir='ltr'><strong>eum.</strong></span> 
     </span>
    </p>
   </div>
   <div class='ocr_carea' id='block_1_61' title="bbox 306 3598 1927 3689">
    <p class='ocr_par' dir='ltr' id='par_1_61' title="bbox 306 3605 1867 3689">
     <span class='ocr_line' id='line_1_63' title="bbox 306 3605 1867 3689; baseline -0.005 -19"><span class='ocrx_word' id='word_1_404' title='bbox 306 3612 407 3677; x_wconf 73' lang='grc'><strong>84,</strong></span> <span class='ocrx_word' id='word_1_405' title='bbox 459 3614 523 3669; x_wconf 83' lang='grc' dir='ltr'><strong><em>Ἦ</em></strong></span> <span class='ocrx_word' id='word_1_406' title='bbox 554 3610 607 3667; x_wconf 75' lang='grc' dir='ltr'><strong>δὲ</strong></span> <span class='ocrx_word' id='word_1_407' title='bbox 648 3608 831 3688; x_wconf 74' lang='grc' dir='ltr'><strong>καρδία</strong></span> <span class='ocrx_word' id='word_1_408' title='bbox 887 3611 1059 3666; x_wconf 76' lang='grc' dir='ltr'><strong>αὑτῶν</strong></span> <span class='ocrx_word' id='word_1_409' title='bbox 1132 3608 1307 3688; x_wconf 76' lang='grc' dir='ltr'><strong>πόῤῥω</strong></span> <span class='ocrx_word' id='word_1_410' title='bbox 1350 3608 1583 3689; x_wconf 75' lang='grc' dir='ltr'><strong>ἀπεῖχεν</strong></span> <span class='ocrx_word' id='word_1_411' title='bbox 1629 3605 1722 3665; x_wconf 75' lang='grc' dir='ltr'><strong>ἀπ’</strong></span> <span class='ocrx_word' id='word_1_412' title='bbox 1769 3609 1867 3663; x_wconf 79' lang='grc' dir='ltr'><strong>αὕ-</strong></span> 
     </span>
    </p>
   </div>
   <div class='ocr_carea' id='block_1_62' title="bbox 1974 3598 3595 3689">
    <p class='ocr_par' dir='ltr' id='par_1_62' title="bbox 2031 3598 3595 3678">
     <span class='ocr_line' id='line_1_64' title="bbox 2031 3598 3595 3678; baseline 0.003 -18"><span class='ocrx_word' id='word_1_413' title='bbox 2031 3600 2132 3662; x_wconf 76' lang='grc'>84.</span> <span class='ocrx_word' id='word_1_414' title='bbox 2225 3598 2341 3662; x_wconf 89' lang='lat' dir='ltr'><strong>Cor</strong></span> <span class='ocrx_word' id='word_1_415' title='bbox 2409 3608 2607 3662; x_wconf 90' lang='lat' dir='ltr'><strong>autem</strong></span> <span class='ocrx_word' id='word_1_416' title='bbox 2686 3618 2895 3661; x_wconf 90' lang='lat' dir='ltr'><strong>eorum</strong></span> <span class='ocrx_word' id='word_1_417' title='bbox 2976 3600 3151 3678; x_wconf 85' lang='lat' dir='ltr'><strong>longe</strong></span> <span class='ocrx_word' id='word_1_418' title='bbox 3229 3600 3435 3663; x_wconf 89' lang='lat' dir='ltr'><strong>aberat</strong></span> <span class='ocrx_word' id='word_1_419' title='bbox 3523 3604 3595 3665; x_wconf 88' lang='lat' dir='ltr'><strong>ab</strong></span> 
     </span>
    </p>
   </div>
   <div class='ocr_carea' id='block_1_63' title="bbox 216 3704 2049 3775">
    <p class='ocr_par' dir='ltr' id='par_1_63' title="bbox 216 3704 2049 3775">
     <span class='ocr_line' id='line_1_65' title="bbox 216 3704 2049 3775; baseline -0.007 -14"><span class='ocrx_word' id='word_1_420' title='bbox 216 3705 332 3761; x_wconf 78' lang='grc' dir='ltr'><strong>τῶν</strong></span> <span class='ocrx_word' id='word_1_421' title='bbox 364 3704 472 3775; x_wconf 89' lang='grc'><strong>(1).</strong></span> <span class='ocrx_word' id='word_1_422' title='bbox 1954 3706 2049 3752; x_wconf 88' lang='lat' dir='ltr'><strong>eo.</strong></span> 
     </span>
    </p>
   </div>
   <div class='ocr_carea' id='block_1_64' title="bbox 309 3711 1930 3869">
    <p class='ocr_par' dir='ltr' id='par_1_64' title="bbox 309 3711 1871 3869">
     <span class='ocr_line' id='line_1_66' title="bbox 309 3711 1871 3869; baseline -0.003 -21"><span class='ocrx_word' id='word_1_423' title='bbox 309 3711 588 3855; x_wconf 42' lang='lat' dir='ltr'><strong>v8569.066:</strong></span> <span class='ocrx_word' id='word_1_424' title='bbox 645 3791 928 3869; x_wconf 74' lang='grc' dir='ltr'><strong>ἠνείχοντο</strong></span> <span class='ocrx_word' id='word_1_425' title='bbox 982 3788 1245 3846; x_wconf 66' lang='grc' dir='ltr'><strong>ἐπιθέσθαι</strong></span> <span class='ocrx_word' id='word_1_426' title='bbox 1308 3788 1393 3869; x_wconf 77' lang='grc'><strong>(2)</strong></span> <span class='ocrx_word' id='word_1_427' title='bbox 1441 3790 1539 3856; x_wconf 76' lang='grc' dir='ltr'><strong>τῆς</strong></span> <span class='ocrx_word' id='word_1_428' title='bbox 1600 3789 1871 3858; x_wconf 72' lang='grc' dir='ltr'><strong>Διαθήκης</strong></span> 
     </span>
    </p>
   </div>
   <div class='ocr_carea' id='block_1_65' title="bbox 1976 3711 3597 3869">
    <p class='ocr_par' dir='ltr' id='par_1_65' title="bbox 1976 3711 3597 3865">
     <span class='ocr_line' id='line_1_67' title="bbox 1976 3711 2049 3751; baseline -0.055 1"><span class='ocrx_word' id='word_1_429' title='bbox 1976 3711 2049 3751; x_wconf 74' lang='lat' dir='ltr'><strong>:o.</strong></span> 
     </span>
     <span class='ocr_line' id='line_1_68' title="bbox 2036 3782 3597 3865; baseline 0.001 -18"><span class='ocrx_word' id='word_1_430' title='bbox 2036 3784 2134 3847; x_wconf 83' lang='lat'><strong>85.</strong></span> <span class='ocrx_word' id='word_1_431' title='bbox 2186 3785 2391 3865; x_wconf 87' lang='lat' dir='ltr'><strong>Neque</strong></span> <span class='ocrx_word' id='word_1_432' title='bbox 2448 3786 2817 3846; x_wconf 90' lang='lat' dir='ltr'><strong>sustinerunt</strong></span> <span class='ocrx_word' id='word_1_433' title='bbox 2874 3782 3187 3845; x_wconf 89' lang='lat' dir='ltr'><strong>intendere</strong></span> <span class='ocrx_word' id='word_1_434' title='bbox 3217 3784 3597 3848; x_wconf 85' lang='lat' dir='ltr'><strong>Testamento</strong></span> 
     </span>
    </p>
   </div>
   <div class='ocr_carea' id='block_1_66' title="bbox 218 3869 1839 3951">
    <p class='ocr_par' dir='ltr' id='par_1_66' title="bbox 218 3882 407 3944">
     <span class='ocr_line' id='line_1_69' title="bbox 218 3882 407 3944; baseline 0 -3"><span class='ocrx_word' id='word_1_435' title='bbox 218 3882 407 3944; x_wconf 69' lang='lat'><strong>36:06.</strong></span> 
     </span>
    </p>
   </div>
   <div class='ocr_carea' id='block_1_67' title="bbox 483 3869 2104 3951">
    <p class='ocr_par' dir='ltr' id='par_1_67' title="bbox 1955 3869 2104 3951">
     <span class='ocr_line' id='line_1_70' title="bbox 1955 3869 2104 3951; baseline 0.007 -19"><span class='ocrx_word' id='word_1_436' title='bbox 1955 3869 2104 3951; x_wconf 80' lang='lat' dir='ltr'><strong>ejus.</strong></span> 
     </span>
    </p>
   </div>
   <div class='ocr_carea' id='block_1_68' title="bbox 306 3962 1927 4048">
    <p class='ocr_par' dir='ltr' id='par_1_68' title="bbox 306 3967 1276 4048">
     <span class='ocr_line' id='line_1_71' title="bbox 306 3967 1276 4048; baseline -0.004 -16"><span class='ocrx_word' id='word_1_437' title='bbox 306 3970 409 4034; x_wconf 82' lang='grc'>86.</span> <span class='ocrx_word' id='word_1_438' title='bbox 457 3970 621 4034; x_wconf 73' lang='grc' dir='ltr'><strong>Αύτδς</strong></span> <span class='ocrx_word' id='word_1_439' title='bbox 652 3967 705 4025; x_wconf 78' lang='grc' dir='ltr'><strong>δὲ</strong></span> <span class='ocrx_word' id='word_1_440' title='bbox 737 3968 1070 4048; x_wconf 71' lang='grc' dir='ltr'><strong>μακρύθυμός</strong></span> <span class='ocrx_word' id='word_1_441' title='bbox 1099 3967 1276 4028; x_wconf 77' lang='grc' dir='ltr'><strong>ἔστιν.</strong></span> 
     </span>
    </p>
   </div>
   <div class='ocr_carea' id='block_1_69' title="bbox 1459 3962 3080 4048">
    <p class='ocr_par' dir='ltr' id='par_1_69' title="bbox 2036 3962 3080 4044">
     <span class='ocr_line' id='line_1_72' title="bbox 2036 3962 3080 4044; baseline 0.003 -22"><span class='ocrx_word' id='word_1_442' title='bbox 2036 3965 2137 4023; x_wconf 86' lang='grc'><strong>86.</strong></span> <span class='ocrx_word' id='word_1_443' title='bbox 2190 3966 2319 4044; x_wconf 80' lang='lat' dir='ltr'><strong>Ipse</strong></span> <span class='ocrx_word' id='word_1_444' title='bbox 2349 3973 2547 4028; x_wconf 89' lang='lat' dir='ltr'><strong>autem</strong></span> <span class='ocrx_word' id='word_1_445' title='bbox 2575 3962 2939 4044; x_wconf 83' lang='lat' dir='ltr'><strong>longanimis</strong></span> <span class='ocrx_word' id='word_1_446' title='bbox 2969 3972 3080 4025; x_wconf 90' lang='lat' dir='ltr'><strong>est.</strong></span> 
     </span>
    </p>
   </div>
   <div class='ocr_carea' id='block_1_70' title="bbox 306 4053 1927 4138">
    <p class='ocr_par' dir='ltr' id='par_1_70' title="bbox 306 4058 1539 4138">
     <span class='ocr_line' id='line_1_73' title="bbox 306 4058 1539 4138; baseline -0.006 -20"><span class='ocrx_word' id='word_1_447' title='bbox 306 4062 410 4123; x_wconf 84' lang='lat'><strong>87.</strong></span> <span class='ocrx_word' id='word_1_448' title='bbox 457 4062 561 4123; x_wconf 85' lang='grc' dir='ltr'><strong>Καὶ</strong></span> <span class='ocrx_word' id='word_1_449' title='bbox 603 4059 831 4115; x_wconf 77' lang='grc' dir='ltr'><strong>ἱλατεύει</strong></span> <span class='ocrx_word' id='word_1_450' title='bbox 866 4071 988 4121; x_wconf 79' lang='grc' dir='ltr'><strong>ταῖς</strong></span> <span class='ocrx_word' id='word_1_451' title='bbox 1026 4058 1311 4138; x_wconf 79' lang='grc' dir='ltr'><strong>ἁμαρτίαις</strong></span> <span class='ocrx_word' id='word_1_452' title='bbox 1344 4060 1539 4118; x_wconf 78' lang='grc' dir='ltr'><strong>αὒτῶν,</strong></span> 
     </span>
    </p>
   </div>
   <div class='ocr_carea' id='block_1_71' title="bbox 1811 4053 3432 4138">
    <p class='ocr_par' dir='ltr' id='par_1_71' title="bbox 2036 4053 3432 4136">
     <span class='ocr_line' id='line_1_74' title="bbox 2036 4053 3432 4136; baseline 0.004 -23"><span class='ocrx_word' id='word_1_453' title='bbox 2036 4054 2131 4113; x_wconf 82' lang='grc'><strong>87.</strong></span> <span class='ocrx_word' id='word_1_454' title='bbox 2185 4053 2252 4115; x_wconf 88' lang='lat' dir='ltr'><strong>Et</strong></span> <span class='ocrx_word' id='word_1_455' title='bbox 2283 4057 2575 4136; x_wconf 85' lang='lat' dir='ltr'><strong>propitius</strong></span> <span class='ocrx_word' id='word_1_456' title='bbox 2608 4055 2879 4116; x_wconf 87' lang='lat' dir='ltr'><strong>redditur</strong></span> <span class='ocrx_word' id='word_1_457' title='bbox 2910 4054 3170 4134; x_wconf 87' lang='lat' dir='ltr'><strong>peccatis</strong></span> <span class='ocrx_word' id='word_1_458' title='bbox 3201 4073 3432 4118; x_wconf 90' lang='lat' dir='ltr'><strong>eorum.</strong></span> 
     </span>
    </p>
   </div>
   <div class='ocr_carea' id='block_1_72' title="bbox 311 4142 1932 4228">
    <p class='ocr_par' dir='ltr' id='par_1_72' title="bbox 311 4146 1869 4228">
     <span class='ocr_line' id='line_1_75' title="bbox 311 4146 1869 4228; baseline -0.005 -17"><span class='ocrx_word' id='word_1_459' title='bbox 311 4150 415 4213; x_wconf 89' lang='grc'><strong>88.</strong></span> <span class='ocrx_word' id='word_1_460' title='bbox 459 4150 563 4212; x_wconf 83' lang='grc' dir='ltr'><strong>Καὶ</strong></span> <span class='ocrx_word' id='word_1_461' title='bbox 594 4151 687 4205; x_wconf 70' lang='grc' dir='ltr'><strong>οὒκ</strong></span> <span class='ocrx_word' id='word_1_462' title='bbox 730 4147 952 4205; x_wconf 81' lang='grc' dir='ltr'><strong>ἆπόλλει</strong></span> <span class='ocrx_word' id='word_1_463' title='bbox 1003 4146 1089 4228; x_wconf 75' lang='grc'><strong>(3]</strong></span> <span class='ocrx_word' id='word_1_464' title='bbox 1155 4149 1339 4214; x_wconf 75' lang='grc' dir='ltr'><strong>αὐτοὺς</strong></span> <span class='ocrx_word' id='word_1_465' title='bbox 1387 4146 1740 4228; x_wconf 77' lang='grc' dir='ltr'><strong>ὶκδεχόμενος</strong></span> <span class='ocrx_word' id='word_1_466' title='bbox 1774 4148 1869 4216; x_wconf 78' lang='grc' dir='ltr'><strong>τὴν</strong></span> 
     </span>
    </p>
   </div>
   <div class='ocr_carea' id='block_1_73' title="bbox 1981 4142 3602 4228">
    <p class='ocr_par' dir='ltr' id='par_1_73' title="bbox 2034 4142 3602 4227">
     <span class='ocr_line' id='line_1_76' title="bbox 2034 4142 3602 4227; baseline 0.004 -24"><span class='ocrx_word' id='word_1_467' title='bbox 2034 4143 2133 4205; x_wconf 91' lang='grc'><strong>88.</strong></span> <span class='ocrx_word' id='word_1_468' title='bbox 2183 4142 2251 4205; x_wconf 82' lang='grc' dir='ltr'><strong>Ει</strong></span> <span class='ocrx_word' id='word_1_469' title='bbox 2282 4164 2400 4206; x_wconf 88' lang='lat' dir='ltr'><strong>non</strong></span> <span class='ocrx_word' id='word_1_470' title='bbox 2435 4145 2625 4226; x_wconf 87' lang='lat' dir='ltr'><strong>perdit</strong></span> <span class='ocrx_word' id='word_1_471' title='bbox 2655 4164 2755 4205; x_wconf 90' lang='lat' dir='ltr'><strong>eos</strong></span> <span class='ocrx_word' id='word_1_472' title='bbox 2786 4152 3136 4225; x_wconf 85' lang='lat' dir='ltr'><strong>exspectans</strong></span> <span class='ocrx_word' id='word_1_473' title='bbox 3160 4164 3364 4207; x_wconf 90' lang='lat' dir='ltr'><strong>eorum</strong></span> <span class='ocrx_word' id='word_1_474' title='bbox 3402 4148 3602 4227; x_wconf 80' lang='lat' dir='ltr'><strong>pceni-</strong></span> 
     </span>
    </p>
   </div>
   <div class='ocr_carea' id='block_1_74' title="bbox 227 4230 1848 4317">
    <p class='ocr_par' dir='ltr' id='par_1_74' title="bbox 227 4240 743 4317">
     <span class='ocr_line' id='line_1_77' title="bbox 227 4240 743 4317; baseline -0.014 -19"><span class='ocrx_word' id='word_1_475' title='bbox 227 4240 513 4317; x_wconf 73' lang='grc' dir='ltr'><strong>μετάνοιαν</strong></span> <span class='ocrx_word' id='word_1_476' title='bbox 547 4242 743 4299; x_wconf 71' lang='grc' dir='ltr'><strong>αὐτῶν,</strong></span> 
     </span>
    </p>
   </div>
   <div class='ocr_carea' id='block_1_75' title="bbox 671 4230 2292 4317">
    <p class='ocr_par' dir='ltr' id='par_1_75' title="bbox 671 4230 2292 4299">
     <span class='ocr_line' id='line_1_78' title="bbox 671 4230 2292 4299; baseline 0 -6"><span class='ocrx_word' id='word_1_477' title='bbox 671 4244 743 4299; x_wconf 66' lang='grc' dir='ltr'><strong>δν,</strong></span> <span class='ocrx_word' id='word_1_478' title='bbox 1954 4230 2292 4293; x_wconf 87' lang='lat' dir='ltr'><strong>nitentiam.</strong></span> 
     </span>
    </p>
   </div>
   <div class='ocr_carea' id='block_1_76' title="bbox 313 4322 1934 4406">
    <p class='ocr_par' dir='ltr' id='par_1_76' title="bbox 313 4323 1868 4404">
     <span class='ocr_line' id='line_1_79' title="bbox 313 4323 1868 4404; baseline -0.009 -15"><span class='ocrx_word' id='word_1_479' title='bbox 313 4329 413 4392; x_wconf 87' lang='lat'><strong>89.</strong></span> <span class='ocrx_word' id='word_1_480' title='bbox 459 4326 562 4390; x_wconf 84' lang='grc' dir='ltr'><strong>Καὶ</strong></span> <span class='ocrx_word' id='word_1_481' title='bbox 613 4328 699 4384; x_wconf 76' lang='grc' dir='ltr'><strong>ἐπὶ</strong></span> <span class='ocrx_word' id='word_1_482' title='bbox 742 4325 875 4384; x_wconf 83' lang='grc' dir='ltr'><strong>πολὺ</strong></span> <span class='ocrx_word' id='word_1_483' title='bbox 920 4326 1165 4401; x_wconf 79' lang='grc' dir='ltr'><strong>ἑπιμενεῐ</strong></span> <span class='ocrx_word' id='word_1_484' title='bbox 1208 4327 1285 4399; x_wconf 72' lang='grc'><strong>(4)</strong></span> <span class='ocrx_word' id='word_1_485' title='bbox 1332 4331 1399 4403; x_wconf 77' lang='grc' dir='ltr'><strong>τῇ</strong></span> <span class='ocrx_word' id='word_1_486' title='bbox 1429 4323 1719 4404; x_wconf 79' lang='grc' dir='ltr'><strong>ἀγαθότητι</strong></span> <span class='ocrx_word' id='word_1_487' title='bbox 1770 4325 1868 4381; x_wconf 71' lang='grc' dir='ltr'><strong>αὖ-</strong></span> 
     </span>
    </p>
   </div>
   <div class='ocr_carea' id='block_1_77' title="bbox 1984 4322 3605 4406">
    <p class='ocr_par' dir='ltr' id='par_1_77' title="bbox 2036 4322 3605 4406">
     <span class='ocr_line' id='line_1_80' title="bbox 2036 4322 3605 4406; baseline 0.004 -24"><span class='ocrx_word' id='word_1_488' title='bbox 2036 4322 2135 4383; x_wconf 88' lang='grc'><strong>89.</strong></span> <span class='ocrx_word' id='word_1_489' title='bbox 2183 4322 2253 4384; x_wconf 90' lang='lat' dir='ltr'><strong>Et</strong></span> <span class='ocrx_word' id='word_1_490' title='bbox 2308 4324 2560 4387; x_wconf 89' lang='lat' dir='ltr'><strong>multum</strong></span> <span class='ocrx_word' id='word_1_491' title='bbox 2613 4322 2978 4406; x_wconf 74' lang='lat' dir='ltr'><strong>exspectabit</strong></span> <span class='ocrx_word' id='word_1_492' title='bbox 3028 4324 3101 4385; x_wconf 92' lang='lat' dir='ltr'><strong>ob</strong></span> <span class='ocrx_word' id='word_1_493' title='bbox 3154 4343 3324 4388; x_wconf 84' lang='lat' dir='ltr'><strong>suam</strong></span> <span class='ocrx_word' id='word_1_494' title='bbox 3374 4324 3605 4389; x_wconf 71' lang='lat' dir='ltr'><strong>bonne-</strong></span> 
     </span>
    </p>
   </div>
   <div class='ocr_carea' id='block_1_78' title="bbox 223 4418 1844 4482">
    <p class='ocr_par' dir='ltr' id='par_1_78' title="bbox 223 4421 346 4482">
     <span class='ocr_line' id='line_1_81' title="bbox 223 4421 346 4482; baseline 0.024 -3"><span class='ocrx_word' id='word_1_495' title='bbox 223 4421 346 4482; x_wconf 74' lang='grc' dir='ltr'><strong>τοῦ.</strong></span> 
     </span>
    </p>
   </div>
   <div class='ocr_carea' id='block_1_79' title="bbox 486 4418 2107 4482">
    <p class='ocr_par' dir='ltr' id='par_1_79' title="bbox 1956 4418 2107 4473">
     <span class='ocr_line' id='line_1_82' title="bbox 1956 4418 2107 4473; baseline 0 -1"><span class='ocrx_word' id='word_1_496' title='bbox 1956 4418 2078 4473; x_wconf 83' lang='lat' dir='ltr'><strong>tem</strong></span> <span class='ocrx_word' id='word_1_497' title='bbox 2094 4458 2107 4472; x_wconf 94' lang='lat'><strong>.</strong></span> 
     </span>
    </p>
   </div>
   <div class='ocr_carea' id='block_1_80' title="bbox 311 4500 1932 4586">
    <p class='ocr_par' dir='ltr' id='par_1_80' title="bbox 311 4504 1168 4586">
     <span class='ocr_line' id='line_1_83' title="bbox 311 4504 1168 4586; baseline -0.012 -16"><span class='ocrx_word' id='word_1_498' title='bbox 311 4507 413 4573; x_wconf 87' lang='lat'><strong>90.</strong></span> <span class='ocrx_word' id='word_1_499' title='bbox 458 4506 562 4569; x_wconf 72' lang='grc' dir='ltr'><strong>Καὶ</strong></span> <span class='ocrx_word' id='word_1_500' title='bbox 592 4508 685 4565; x_wconf 76' lang='grc' dir='ltr'><strong>οὑκ</strong></span> <span class='ocrx_word' id='word_1_501' title='bbox 713 4508 905 4586; x_wconf 78' lang='grc' dir='ltr'><strong>ὀργίζει</strong></span> <span class='ocrx_word' id='word_1_502' title='bbox 937 4504 1168 4570; x_wconf 81' lang='grc' dir='ltr'><strong>τελείως.</strong></span> 
     </span>
    </p>
   </div>
   <div class='ocr_carea' id='block_1_81' title="bbox 1661 4500 3282 4586">
    <p class='ocr_par' dir='ltr' id='par_1_81' title="bbox 2039 4500 3282 4583">
     <span class='ocr_line' id='line_1_84' title="bbox 2039 4500 3282 4583; baseline 0.005 -23"><span class='ocrx_word' id='word_1_503' title='bbox 2039 4500 2138 4563; x_wconf 88' lang='grc'><strong>90.</strong></span> <span class='ocrx_word' id='word_1_504' title='bbox 2189 4504 2261 4564; x_wconf 85' lang='grc' dir='ltr'><strong>Ει</strong></span> <span class='ocrx_word' id='word_1_505' title='bbox 2307 4523 2422 4564; x_wconf 86' lang='lat' dir='ltr'><strong>non</strong></span> <span class='ocrx_word' id='word_1_506' title='bbox 2452 4504 2739 4566; x_wconf 87' lang='lat' dir='ltr'><strong>irascitur</strong></span> <span class='ocrx_word' id='word_1_507' title='bbox 2769 4521 2957 4583; x_wconf 80' lang='lat' dir='ltr'><strong>usque</strong></span> <span class='ocrx_word' id='word_1_508' title='bbox 2982 4502 3043 4562; x_wconf 91' lang='lat' dir='ltr'><strong>in</strong></span> <span class='ocrx_word' id='word_1_509' title='bbox 3076 4503 3282 4566; x_wconf 81' lang='lat' dir='ltr'><strong>tinem.</strong></span> 
     </span>
    </p>
   </div>
   <div class='ocr_carea' id='block_1_82' title="bbox 310 4591 1931 4675">
    <p class='ocr_par' dir='ltr' id='par_1_82' title="bbox 310 4594 1319 4675">
     <span class='ocr_line' id='line_1_85' title="bbox 310 4594 1319 4675; baseline -0.007 -16"><span class='ocrx_word' id='word_1_510' title='bbox 310 4599 413 4661; x_wconf 80' lang='grc'>91.</span> <span class='ocrx_word' id='word_1_511' title='bbox 464 4598 816 4675; x_wconf 69' lang='grc' dir='ltr'><strong>Μνημονεύει,</strong></span> <span class='ocrx_word' id='word_1_512' title='bbox 850 4595 930 4652; x_wconf 71' lang='grc' dir='ltr'><strong>ὅτι</strong></span> <span class='ocrx_word' id='word_1_513' title='bbox 961 4594 1164 4661; x_wconf 77' lang='grc' dir='ltr'><strong>πλῆθός</strong></span> <span class='ocrx_word' id='word_1_514' title='bbox 1200 4596 1319 4652; x_wconf 78' lang='grc' dir='ltr'><strong>εἶσι.</strong></span> 
     </span>
    </p>
   </div>
   <div class='ocr_carea' id='block_1_83' title="bbox 1879 4591 3500 4675">
    <p class='ocr_par' dir='ltr' id='par_1_83' title="bbox 2037 4591 3500 4668">
     <span class='ocr_line' id='line_1_86' title="bbox 2037 4591 3500 4668; baseline 0.001 -17"><span class='ocrx_word' id='word_1_515' title='bbox 2037 4592 2135 4652; x_wconf 91' lang='grc'>91.</span> <span class='ocrx_word' id='word_1_516' title='bbox 2186 4594 2554 4654; x_wconf 83' lang='lat' dir='ltr'><strong>Recordatur</strong></span> <span class='ocrx_word' id='word_1_517' title='bbox 2584 4600 2763 4657; x_wconf 71' lang='lat' dir='ltr'><strong>enim.</strong></span> <span class='ocrx_word' id='word_1_518' title='bbox 2801 4591 2960 4668; x_wconf 88' lang='lat' dir='ltr'><strong>quod</strong></span> <span class='ocrx_word' id='word_1_519' title='bbox 2997 4592 3311 4653; x_wconf 81' lang='lat' dir='ltr'><strong>multitudo</strong></span> <span class='ocrx_word' id='word_1_520' title='bbox 3342 4602 3500 4653; x_wconf 89' lang='lat' dir='ltr'><strong>sunt.</strong></span> 
     </span>
    </p>
   </div>
   <div class='ocr_carea' id='block_1_84' title="bbox 315 4680 1936 4779">
    <p class='ocr_par' dir='ltr' id='par_1_84' title="bbox 315 4682 1936 4779">
     <span class='ocr_line' id='line_1_87' title="bbox 315 4682 1936 4779; baseline -0.009 -27"><span class='ocrx_word' id='word_1_521' title='bbox 315 4687 417 4779; x_wconf 61' lang='grc'>92.</span> <span class='ocrx_word' id='word_1_522' title='bbox 465 4684 598 4745; x_wconf 80' lang='grc' dir='ltr'><strong>⁹Ὀτι</strong></span> <span class='ocrx_word' id='word_1_523' title='bbox 650 4688 737 4762; x_wconf 80' lang='grc'><strong>(5)</strong></span> <span class='ocrx_word' id='word_1_524' title='bbox 779 4688 869 4742; x_wconf 77' lang='grc' dir='ltr'><strong>ἐὰν</strong></span> <span class='ocrx_word' id='word_1_525' title='bbox 907 4685 1239 4765; x_wconf 75' lang='grc' dir='ltr'><strong>ἀναχωρήσῃ</strong></span> <span class='ocrx_word' id='word_1_526' title='bbox 1294 4686 1465 4740; x_wconf 72' lang='grc' dir='ltr'><strong>αὒτῶν</strong></span> <span class='ocrx_word' id='word_1_527' title='bbox 1496 4686 1523 4739; x_wconf 92' lang='lat'>6</span> <span class='ocrx_word' id='word_1_528' title='bbox 1554 4682 1734 4762; x_wconf 72' lang='grc' dir='ltr'><strong>ψυχὴ,</strong></span> <span class='ocrx_word' id='word_1_529' title='bbox 1781 4684 1936 4779; x_wconf 61' lang='lat' dir='ltr'><strong>06w.n</strong></span> 
     </span>
    </p>
   </div>
   <div class='ocr_carea' id='block_1_85' title="bbox 1986 4680 3607 4779">
    <p class='ocr_par' dir='ltr' id='par_1_85' title="bbox 2040 4680 3607 4752">
     <span class='ocr_line' id='line_1_88' title="bbox 2040 4680 3607 4752; baseline 0.002 -11"><span class='ocrx_word' id='word_1_530' title='bbox 2040 4681 2138 4741; x_wconf 73' lang='lat'><strong>9&#39;2.</strong></span> <span class='ocrx_word' id='word_1_531' title='bbox 2190 4681 2353 4752; x_wconf 90' lang='lat' dir='ltr'><strong>Quod</strong></span> <span class='ocrx_word' id='word_1_532' title='bbox 2386 4684 2434 4743; x_wconf 87' lang='lat' dir='ltr'><strong>si</strong></span> <span class='ocrx_word' id='word_1_533' title='bbox 2471 4682 2783 4744; x_wconf 85' lang='lat' dir='ltr'><strong>recesserit</strong></span> <span class='ocrx_word' id='word_1_534' title='bbox 2840 4680 2913 4741; x_wconf 87' lang='lat' dir='ltr'><strong>ab</strong></span> <span class='ocrx_word' id='word_1_535' title='bbox 2968 4680 3055 4741; x_wconf 88' lang='lat' dir='ltr'><strong>eis</strong></span> <span class='ocrx_word' id='word_1_536' title='bbox 3086 4681 3287 4743; x_wconf 88' lang='lat' dir='ltr'><strong>anima</strong></span> <span class='ocrx_word' id='word_1_537' title='bbox 3324 4701 3443 4743; x_wconf 88' lang='lat' dir='ltr'><strong>non</strong></span> <span class='ocrx_word' id='word_1_538' title='bbox 3476 4703 3607 4745; x_wconf 54' lang='lat' dir='ltr'><strong>am-</strong></span> 
     </span>
    </p>
   </div>
   <div class='ocr_carea' id='block_1_86' title="bbox 230 4768 1851 4851">
    <p class='ocr_par' dir='ltr' id='par_1_86' title="bbox 230 4776 979 4849">
     <span class='ocr_line' id='line_1_89' title="bbox 230 4776 979 4849; baseline -0.008 -13"><span class='ocrx_word' id='word_1_539' title='bbox 230 4778 312 4836; x_wconf 76' lang='grc' dir='ltr'><strong>ἶτι</strong></span> <span class='ocrx_word' id='word_1_540' title='bbox 342 4776 583 4834; x_wconf 82' lang='grc' dir='ltr'><strong>δύνανται</strong></span> <span class='ocrx_word' id='word_1_541' title='bbox 629 4779 979 4849; x_wconf 78' lang='grc' dir='ltr'><strong>μετανοῆσαι,</strong></span> 
     </span>
    </p>
   </div>
   <div class='ocr_carea' id='block_1_87' title="bbox 1102 4768 2723 4851">
    <p class='ocr_par' dir='ltr' id='par_1_87' title="bbox 1899 4768 2723 4851">
     <span class='ocr_line' id='line_1_90' title="bbox 1899 4768 2723 4851; baseline 0.005 -22"><span class='ocrx_word' id='word_1_542' title='bbox 1899 4768 1938 4779; x_wconf 86' lang='grc'><strong>“’</strong></span> <span class='ocrx_word' id='word_1_543' title='bbox 1960 4768 2115 4851; x_wconf 87' lang='lat' dir='ltr'><strong>plius</strong></span> <span class='ocrx_word' id='word_1_544' title='bbox 2150 4780 2395 4850; x_wconf 90' lang='lat' dir='ltr'><strong>possunt</strong></span> <span class='ocrx_word' id='word_1_545' title='bbox 2426 4772 2723 4850; x_wconf 72' lang='lat' dir='ltr'><strong>pmnitere</strong></span> 
     </span>
    </p>
   </div>
   <div class='ocr_carea' id='block_1_88' title="bbox 314 4859 1935 4945">
    <p class='ocr_par' dir='ltr' id='par_1_88' title="bbox 314 4860 1558 4945">
     <span class='ocr_line' id='line_1_91' title="bbox 314 4860 1558 4945; baseline -0.006 -18"><span class='ocrx_word' id='word_1_546' title='bbox 314 4865 417 4945; x_wconf 81' lang='grc'><strong>93,</strong></span> <span class='ocrx_word' id='word_1_547' title='bbox 449 4864 547 4929; x_wconf 68' lang='grc'>94.</span> <span class='ocrx_word' id='word_1_548' title='bbox 598 4864 910 4943; x_wconf 67' lang='grc' dir='ltr'><strong>Παρώξδναν</strong></span> <span class='ocrx_word' id='word_1_549' title='bbox 944 4866 997 4919; x_wconf 62' lang='grc' dir='ltr'><strong>ἓν</strong></span> <span class='ocrx_word' id='word_1_550' title='bbox 1026 4870 1095 4939; x_wconf 76' lang='grc' dir='ltr'><strong>τῇ</strong></span> <span class='ocrx_word' id='word_1_551' title='bbox 1138 4860 1323 4942; x_wconf 75' lang='grc' dir='ltr'><strong>καρδίᾳ</strong></span> <span class='ocrx_word' id='word_1_552' title='bbox 1367 4862 1558 4921; x_wconf 71' lang='grc' dir='ltr'><strong>αὐτῶν.</strong></span> 
     </span>
    </p>
   </div>
   <div class='ocr_carea' id='block_1_89' title="bbox 1654 4859 3275 4945">
    <p class='ocr_par' dir='ltr' id='par_1_89' title="bbox 2040 4859 3275 4933">
     <span class='ocr_line' id='line_1_92' title="bbox 2040 4859 3275 4933; baseline 0.001 -13"><span class='ocrx_word' id='word_1_553' title='bbox 2040 4859 2139 4933; x_wconf 82' lang='grc'><strong>93,</strong></span> <span class='ocrx_word' id='word_1_554' title='bbox 2176 4861 2273 4924; x_wconf 80' lang='grc'><strong>94,</strong></span> <span class='ocrx_word' id='word_1_555' title='bbox 2324 4862 2705 4923; x_wconf 87' lang='lat' dir='ltr'><strong>Irritaverunt</strong></span> <span class='ocrx_word' id='word_1_556' title='bbox 2734 4860 2795 4921; x_wconf 91' lang='lat' dir='ltr'><strong>in</strong></span> <span class='ocrx_word' id='word_1_557' title='bbox 2827 4863 3007 4925; x_wconf 90' lang='lat' dir='ltr'><strong>corde</strong></span> <span class='ocrx_word' id='word_1_558' title='bbox 3038 4880 3275 4923; x_wconf 84' lang='lat' dir='ltr'><strong>eorum.</strong></span> 
     </span>
    </p>
   </div>
   <div class='ocr_carea' id='block_1_90' title="bbox 319 4950 1940 5034">
    <p class='ocr_par' dir='ltr' id='par_1_90' title="bbox 319 4951 1790 5034">
     <span class='ocr_line' id='line_1_93' title="bbox 319 4951 1790 5034; baseline -0.003 -23"><span class='ocrx_word' id='word_1_559' title='bbox 319 4956 423 5034; x_wconf 76' lang='grc'><strong>95²</strong></span> <span class='ocrx_word' id='word_1_560' title='bbox 456 4954 555 5018; x_wconf 86' lang='lat'><strong>96.</strong></span> <span class='ocrx_word' id='word_1_561' title='bbox 604 4952 706 5016; x_wconf 79' lang='grc' dir='ltr'><strong>Καὶ</strong></span> <span class='ocrx_word' id='word_1_562' title='bbox 751 4954 960 5011; x_wconf 75' lang='grc' dir='ltr'><strong>ἐποίουν</strong></span> <span class='ocrx_word' id='word_1_563' title='bbox 992 4952 1204 5015; x_wconf 78' lang='grc' dir='ltr'><strong>ἑαυτοὺς</strong></span> <span class='ocrx_word' id='word_1_564' title='bbox 1236 4953 1353 5017; x_wconf 86' lang='grc' dir='ltr'><strong>τοὺς</strong></span> <span class='ocrx_word' id='word_1_565' title='bbox 1384 4951 1790 5027; x_wconf 66' lang='grc' dir='ltr'><strong>μετανοοῦντας.</strong></span> 
     </span>
    </p>
   </div>
   <div class='ocr_carea' id='block_1_91' title="bbox 1813 4950 3434 5034">
    <p class='ocr_par' dir='ltr' id='par_1_91' title="bbox 2040 4950 3434 5032">
     <span class='ocr_line' id='line_1_94' title="bbox 2040 4950 3434 5032; baseline 0.003 -21"><span class='ocrx_word' id='word_1_566' title='bbox 2040 4950 2141 5022; x_wconf 80' lang='lat'><strong>95,</strong></span> <span class='ocrx_word' id='word_1_567' title='bbox 2178 4950 2275 5012; x_wconf 74' lang='grc' dir='ltr'><strong>96Δ</strong></span> <span class='ocrx_word' id='word_1_568' title='bbox 2328 4952 2400 5013; x_wconf 84' lang='grc' dir='ltr'><strong>Ει</strong></span> <span class='ocrx_word' id='word_1_569' title='bbox 2433 4954 2728 5013; x_wconf 79' lang='lat' dir='ltr'><strong>ﬁnxerunt</strong></span> <span class='ocrx_word' id='word_1_570' title='bbox 2758 4969 2823 5013; x_wconf 92' lang='lat' dir='ltr'><strong>se</strong></span> <span class='ocrx_word' id='word_1_571' title='bbox 2856 4958 3022 5032; x_wconf 88' lang='lat' dir='ltr'><strong>ipsos</strong></span> <span class='ocrx_word' id='word_1_572' title='bbox 3054 4951 3434 5031; x_wconf 69' lang='lat' dir='ltr'><strong>poenitentes.</strong></span> 
     </span>
    </p>
   </div>
   <div class='ocr_carea' id='block_1_92' title="bbox 312 5037 1933 5121">
    <p class='ocr_par' dir='ltr' id='par_1_92' title="bbox 312 5040 1464 5121">
     <span class='ocr_line' id='line_1_95' title="bbox 312 5040 1464 5121; baseline -0.001 -21"><span class='ocrx_word' id='word_1_573' title='bbox 312 5043 418 5107; x_wconf 73' lang='grc'><strong>97.</strong></span> <span class='ocrx_word' id='word_1_574' title='bbox 464 5042 571 5100; x_wconf 71' lang='grc' dir='ltr'><strong>Οὔκ</strong></span> <span class='ocrx_word' id='word_1_575' title='bbox 602 5042 901 5118; x_wconf 66' lang='grc' dir='ltr'><strong>ἐμέμνηντο</strong></span> <span class='ocrx_word' id='word_1_576' title='bbox 930 5046 1030 5108; x_wconf 76' lang='grc' dir='ltr'><strong>τῆς</strong></span> <span class='ocrx_word' id='word_1_577' title='bbox 1068 5040 1252 5121; x_wconf 78' lang='grc' dir='ltr'><strong>ἰσχύος</strong></span> <span class='ocrx_word' id='word_1_578' title='bbox 1286 5044 1464 5099; x_wconf 76' lang='grc' dir='ltr'><strong>αὐτοῦ.</strong></span> 
     </span>
    </p>
   </div>
   <div class='ocr_carea' id='block_1_93' title="bbox 1773 5037 3394 5121">
    <p class='ocr_par' dir='ltr' id='par_1_93' title="bbox 2042 5037 3394 5121">
     <span class='ocr_line' id='line_1_96' title="bbox 2042 5037 3394 5121; baseline 0.004 -22"><span class='ocrx_word' id='word_1_579' title='bbox 2042 5037 2142 5100; x_wconf 88' lang='lat'><strong>97.</strong></span> <span class='ocrx_word' id='word_1_580' title='bbox 2190 5039 2316 5101; x_wconf 87' lang='lat' dir='ltr'><strong>Non</strong></span> <span class='ocrx_word' id='word_1_581' title='bbox 2348 5041 2647 5104; x_wconf 85' lang='lat' dir='ltr'><strong>recordati</strong></span> <span class='ocrx_word' id='word_1_582' title='bbox 2691 5049 2829 5101; x_wconf 88' lang='lat' dir='ltr'><strong>sunt</strong></span> <span class='ocrx_word' id='word_1_583' title='bbox 2855 5041 3217 5121; x_wconf 67' lang='lat' dir='ltr'><strong>paenitentiae</strong></span> <span class='ocrx_word' id='word_1_584' title='bbox 3239 5043 3394 5121; x_wconf 89' lang='lat' dir='ltr'><strong>ejus.</strong></span> 
     </span>
    </p>
   </div>
   <div class='ocr_carea' id='block_1_94' title="bbox 321 5127 1942 5211">
    <p class='ocr_par' dir='ltr' id='par_1_94' title="bbox 321 5127 1877 5208">
     <span class='ocr_line' id='line_1_97' title="bbox 321 5127 1877 5208; baseline -0.008 -12"><span class='ocrx_word' id='word_1_585' title='bbox 321 5132 423 5196; x_wconf 87' lang='grc'><strong>98.</strong></span> <span class='ocrx_word' id='word_1_586' title='bbox 473 5130 603 5189; x_wconf 79' lang='grc' dir='ltr'><strong>’Ὅτι</strong></span> <span class='ocrx_word' id='word_1_587' title='bbox 648 5131 803 5197; x_wconf 74' lang='grc' dir='ltr'><strong>αὐτός</strong></span> <span class='ocrx_word' id='word_1_588' title='bbox 831 5130 974 5188; x_wconf 60' lang='grc' dir='ltr'><strong>ἔστιν</strong></span> <span class='ocrx_word' id='word_1_589' title='bbox 1017 5133 1043 5187; x_wconf 91' lang='lat'>6</span> <span class='ocrx_word' id='word_1_590' title='bbox 1075 5129 1425 5205; x_wconf 81' lang='grc' dir='ltr'><strong>λυτρούμενος</strong></span> <span class='ocrx_word' id='word_1_591' title='bbox 1456 5130 1640 5191; x_wconf 69' lang='grc' dir='ltr'><strong>αὐτοὺς</strong></span> <span class='ocrx_word' id='word_1_592' title='bbox 1666 5127 1725 5185; x_wconf 67' lang='grc' dir='ltr'><strong>ἐκ</strong></span> <span class='ocrx_word' id='word_1_593' title='bbox 1747 5149 1877 5208; x_wconf 88' lang='grc' dir='ltr'><strong>χει-</strong></span> 
     </span>
    </p>
   </div>
   <div class='ocr_carea' id='block_1_95' title="bbox 1991 5127 3612 5211">
    <p class='ocr_par' dir='ltr' id='par_1_95' title="bbox 2042 5128 3612 5211">
     <span class='ocr_line' id='line_1_98' title="bbox 2042 5128 3612 5211; baseline 0.003 -23"><span class='ocrx_word' id='word_1_594' title='bbox 2042 5129 2139 5188; x_wconf 88' lang='lat'><strong>98.</strong></span> <span class='ocrx_word' id='word_1_595' title='bbox 2190 5128 2355 5201; x_wconf 87' lang='lat' dir='ltr'><strong>Quod</strong></span> <span class='ocrx_word' id='word_1_596' title='bbox 2388 5132 2514 5211; x_wconf 92' lang='lat' dir='ltr'><strong>ipse</strong></span> <span class='ocrx_word' id='word_1_597' title='bbox 2559 5139 2667 5208; x_wconf 90' lang='lat' dir='ltr'><strong>est,</strong></span> <span class='ocrx_word' id='word_1_598' title='bbox 2702 5130 2806 5207; x_wconf 91' lang='lat' dir='ltr'><strong>qui</strong></span> <span class='ocrx_word' id='word_1_599' title='bbox 2852 5130 3128 5193; x_wconf 84' lang='lat' dir='ltr'><strong>liberavit</strong></span> <span class='ocrx_word' id='word_1_600' title='bbox 3187 5149 3289 5193; x_wconf 91' lang='lat' dir='ltr'><strong>eos</strong></span> <span class='ocrx_word' id='word_1_601' title='bbox 3324 5130 3399 5193; x_wconf 91' lang='lat' dir='ltr'><strong>de</strong></span> <span class='ocrx_word' id='word_1_602' title='bbox 3432 5149 3612 5193; x_wconf 88' lang='lat' dir='ltr'><strong>manu</strong></span> 
     </span>
    </p>
   </div>
   <div class='ocr_carea' id='block_1_96' title="bbox 237 5216 1858 5303">
    <p class='ocr_par' dir='ltr' id='par_1_96' title="bbox 237 5221 584 5303">
     <span class='ocr_line' id='line_1_99' title="bbox 237 5221 584 5303; baseline 0 -23"><span class='ocrx_word' id='word_1_603' title='bbox 237 5226 330 5303; x_wconf 78' lang='grc' dir='ltr'><strong>ρὸς</strong></span> <span class='ocrx_word' id='word_1_604' title='bbox 360 5221 584 5297; x_wconf 77' lang='grc' dir='ltr'><strong>Φαραώ.</strong></span> 
     </span>
    </p>
   </div>
   <div class='ocr_carea' id='block_1_97' title="bbox 696 5216 2317 5303">
    <p class='ocr_par' dir='ltr' id='par_1_97' title="bbox 1966 5216 2317 5281">
     <span class='ocr_line' id='line_1_100' title="bbox 1966 5216 2317 5281; baseline 0.009 -3"><span class='ocrx_word' id='word_1_605' title='bbox 1966 5216 2317 5281; x_wconf 79' lang='lat' dir='ltr'><strong>Pharaonis.</strong></span> 
     </span>
    </p>
   </div>
   <div class='ocr_carea' id='block_1_98' title="bbox 1270 5375 2596 5459">
    <p class='ocr_par' dir='ltr' id='par_1_98' title="bbox 1270 5375 2596 5459">
     <span class='ocr_line' id='line_1_101' title="bbox 1270 5375 2596 5459; baseline -0.001 -16"><span class='ocrx_word' id='word_1_606' title='bbox 1270 5376 1573 5444; x_wconf 84' lang='lat' dir='ltr'><strong>Addenda</strong></span> <span class='ocrx_word' id='word_1_607' title='bbox 1605 5382 1669 5443; x_wconf 87' lang='lat' dir='ltr'><strong>et</strong></span> <span class='ocrx_word' id='word_1_608' title='bbox 1696 5375 2073 5459; x_wconf 79' lang='lat' dir='ltr'><strong>corrigenda</strong></span> <span class='ocrx_word' id='word_1_609' title='bbox 2105 5394 2182 5441; x_wconf 83' lang='lat' dir='ltr'><strong>ex</strong></span> <span class='ocrx_word' id='word_1_610' title='bbox 2213 5380 2357 5443; x_wconf 91' lang='lat' dir='ltr'><strong>cod.</strong></span> <span class='ocrx_word' id='word_1_611' title='bbox 2395 5379 2596 5443; x_wconf 85' lang='lat' dir='ltr'><strong>Vatic.</strong></span> 
     </span>
    </p>
   </div>
   <div class='ocr_carea' id='block_1_99' title="bbox 332 5547 3618 5635">
    <p class='ocr_par' dir='ltr' id='par_1_99' title="bbox 332 5547 3618 5635">
     <span class='ocr_line' id='line_1_102' title="bbox 332 5547 3618 5635; baseline -0.004 -19"><span class='ocrx_word' id='word_1_612' title='bbox 332 5552 418 5635; x_wconf 76' lang='grc'><strong>(1)</strong></span> <span class='ocrx_word' id='word_1_613' title='bbox 466 5554 654 5635; x_wconf 65' lang='grc' dir='ltr'><strong>Αἰιτοῦ.</strong></span> <span class='ocrx_word' id='word_1_614' title='bbox 958 5633 969 5635; x_wconf 71' lang='lat'><strong><em>_</em></strong></span> <span class='ocrx_word' id='word_1_615' title='bbox 1003 5631 1013 5635; x_wconf 88' lang='lat'><strong>_</strong></span> <span class='ocrx_word' id='word_1_616' title='bbox 2064 5547 2143 5635; x_wconf 59' lang='lat' dir='ltr'><strong>(5i</strong></span> <span class='ocrx_word' id='word_1_617' title='bbox 2292 5548 2575 5635; x_wconf 34' lang='lat'><strong>92,3035</strong></span> <span class='ocrx_word' id='word_1_618' title='bbox 2605 5551 2700 5635; x_wconf 50' lang='grc' dir='ltr'><strong>εἰὶν-ζ</strong></span> <span class='ocrx_word' id='word_1_619' title='bbox 2726 5559 2841 5635; x_wconf 85' lang='lat' dir='ltr'><strong>etc.</strong></span> <span class='ocrx_word' id='word_1_620' title='bbox 2897 5550 2967 5615; x_wconf 83' lang='lat' dir='ltr'><strong>N.</strong></span> <span class='ocrx_word' id='word_1_621' title='bbox 2996 5550 3257 5635; x_wconf 20' lang='lat'><strong>793,94.</strong></span> <span class='ocrx_word' id='word_1_622' title='bbox 3286 5552 3618 5635; x_wconf 66' lang='grc' dir='ltr'><strong>ΔΠαιρῴξυνᾳιν</strong></span> 
     </span>
    </p>
   </div>
   <div class='ocr_carea' id='block_1_100' title="bbox 328 5627 1949 5713">
    <p class='ocr_par' dir='ltr' id='par_1_100' title="bbox 328 5627 1275 5713">
     <span class='ocr_line' id='line_1_103' title="bbox 328 5627 1275 5713; baseline 0 -22"><span class='ocrx_word' id='word_1_623' title='bbox 452 5633 720 5713; x_wconf 80' lang='grc' dir='ltr'><strong>Πείθεσθαι</strong></span> <span class='ocrx_word' id='word_1_624' title='bbox 752 5638 820 5709; x_wconf 75' lang='grc' dir='ltr'><strong>τῇ</strong></span> <span class='ocrx_word' id='word_1_625' title='bbox 853 5631 1115 5708; x_wconf 72' lang='grc' dir='ltr'><strong>Διαθήκῃ,</strong></span> <span class='ocrx_word' id='word_1_626' title='bbox 1151 5636 1275 5695; x_wconf 86' lang='lat' dir='ltr'><strong>etc.</strong></span> 
     </span>
    </p>
   </div>
   <div class='ocr_carea' id='block_1_101' title="bbox 1995 5627 3616 5713">
    <p class='ocr_par' dir='ltr' id='par_1_101' title="bbox 1995 5627 3616 5713">
     <span class='ocr_line' id='line_1_104' title="bbox 1995 5627 3616 5713; baseline 0 -26"><span class='ocrx_word' id='word_1_627' title='bbox 1995 5644 2097 5713; x_wconf 68' lang='lat' dir='ltr'><strong>non</strong></span> <span class='ocrx_word' id='word_1_628' title='bbox 2128 5628 2363 5708; x_wconf 83' lang='lat' dir='ltr'><strong>legitur.</strong></span> <span class='ocrx_word' id='word_1_629' title='bbox 2398 5631 2468 5691; x_wconf 89' lang='lat' dir='ltr'><strong>N.</strong></span> <span class='ocrx_word' id='word_1_630' title='bbox 2506 5630 2607 5695; x_wconf 87' lang='lat'><strong>95.</strong></span> <span class='ocrx_word' id='word_1_631' title='bbox 2654 5627 2782 5707; x_wconf 74' lang='grc' dir='ltr'><strong>Καί,</strong></span> <span class='ocrx_word' id='word_1_632' title='bbox 2814 5639 2927 5695; x_wconf 91' lang='lat' dir='ltr'><strong>etc.</strong></span> <span class='ocrx_word' id='word_1_633' title='bbox 2992 5633 3068 5695; x_wconf 82' lang='lat' dir='ltr'><strong>N.</strong></span> <span class='ocrx_word' id='word_1_634' title='bbox 3124 5630 3224 5696; x_wconf 84' lang='lat'><strong>96.</strong></span> <span class='ocrx_word' id='word_1_635' title='bbox 3286 5627 3493 5701; x_wconf 74' lang='grc' dir='ltr'><strong>Ἰησοῦν</strong></span> <span class='ocrx_word' id='word_1_636' title='bbox 3528 5634 3616 5689; x_wconf 80' lang='grc' dir='ltr'><strong>τὸν</strong></span> 
     </span>
    </p>
   </div>
   <div class='ocr_carea' id='block_1_102' title="bbox 354 5709 2775 5777">
    <p class='ocr_par' dir='ltr' id='par_1_102' title="bbox 354 5709 2775 5777">
     <span class='ocr_line' id='line_1_105' title="bbox 354 5709 2775 5777; baseline -0.003 -5"><span class='ocrx_word' id='word_1_637' title='bbox 354 5712 415 5777; x_wconf 66' lang='lat' dir='ltr'><strong>3i</strong></span> <span class='ocrx_word' id='word_1_638' title='bbox 462 5710 771 5777; x_wconf 73' lang='grc' dir='ltr'><strong>Ἀπολλύει,</strong></span> <span class='ocrx_word' id='word_1_639' title='bbox 1981 5709 2101 5766; x_wconf 77' lang='grc' dir='ltr'><strong>Υίὸν</strong></span> <span class='ocrx_word' id='word_1_640' title='bbox 2130 5718 2222 5768; x_wconf 82' lang='grc' dir='ltr'><strong>τοῦ</strong></span> <span class='ocrx_word' id='word_1_641' title='bbox 2255 5718 2387 5769; x_wconf 79' lang='grc' dir='ltr'><strong>Θεοῦ</strong></span> <span class='ocrx_word' id='word_1_642' title='bbox 2770 5721 2775 5727; x_wconf 81' lang='grc'><em>“</em></span> 
     </span>
    </p>
   </div>
   <div class='ocr_carea' id='block_1_103' title="bbox 329 5714 1754 5879">
    <p class='ocr_par' dir='ltr' id='par_1_103' title="bbox 329 5714 1754 5879">
     <span class='ocr_line' id='line_1_106' title="bbox 354 5714 771 5777; baseline -0.012 -4"><span class='ocrx_word' id='word_1_643' title='bbox 354 5714 393 5777; x_wconf 82' lang='grc'><strong>3</strong></span> <span class='ocrx_word' id='word_1_644' title='bbox 462 5714 771 5777; x_wconf 78' lang='grc' dir='ltr'><strong>Ἀπολλύει,</strong></span> 
     </span>
     <span class='ocr_line' id='line_1_107' title="bbox 329 5714 1754 5879; baseline -0.004 -27"><span class='ocrx_word' id='word_1_645' title='bbox 329 5714 416 5879; x_wconf 38' lang='grc' dir='ltr'><strong>ξιξ</strong></span> <span class='ocrx_word' id='word_1_646' title='bbox 465 5791 784 5871; x_wconf 73' lang='grc' dir='ltr'><strong>’³Επιμᾶνιι.</strong></span> <span class='ocrx_word' id='word_1_647' title='bbox 1750 5802 1754 5807; x_wconf 89' lang='grc'><em>’</em></span> 
     </span>
    </p>
   </div>
  </div>
