4104 6206
430 293 546 358 987
1239 300 1299 364 s.
1348 303 1773 366 ATHANASII
1815 305 1979 366 ore.
2025 303 2219 365 PARS
2261 305 2372 368 III.
2418 337 2496 352 -
2539 285 3004 375 EXEGETICA.
3694 315 3816 380 988

514 432 575 496 3.
623 434 959 528 Rosuerunt
1007 434 1378 500 Hierusalem
1439 439 1601 502 velut
1645 439 1748 522 [in]
1781 448 2132 522 ponorumA

2237 441 2296 499 3.
2368 438 2598 500 ’Ἒθεντο
2659 441 3010 519 ’¹ερουσαλὴμ
3073 446 3145 508 ὡς
3237 447 3386 523 [είς]
3454 449 3814 528 ὀπωροφυλά-

435 523 763 586 custodiam
803 546 816 583 :

677 542 763 586 am
803 546 816 583 :
2159 545 2298 586 κίον’

517 613 575 675 4.
624 616 957 708 Ιξοευοτυιιι
990 617 1330 708 morticinia
1363 637 1666 682 servorum
1707 627 1944 683 tuorum
1974 636 2074 681 es-

2240 618 2300 680 4.
2345 616 2578 678 ’Ἓθεντο
2607 624 2672 678 τὰ
2700 626 2998 698 θνησιμαϊα
3027 631 3133 680 τῶν
3163 621 3363 681 δούλων
3421 649 3509 683 σου
3550 629 3817 708 βρώματα

439 722 538 766 cas
567 703 904 766 volatilibus
929 705 1062 767 caeli
1095 727 1110 766 :

2159 721 2279 771 τοῖς
2313 723 2584 774 πετειτοτς
2616 719 2709 770 τοῦ
2739 713 2986 791 ούρανοῦ.

517 795 576 885 5.
622 791 845 885 carnes
873 803 1215 859 sanctorum
1253 806 1490 860 tuorum
1523 796 1730 860 bestiis
1775 804 1974 860 terrae.

2238 797 2300 859 5.
2346 800 2452 863 Τὰς
2483 800 2680 878 σάρκας
2709 809 2816 876 τῷν
2859 803 3018 858 ὁσίων
3041 824 3135 861 σου
3167 818 3285 868 τοῖς
3315 805 3520 884 θηρίοις
3552 806 3648 874 τῆς
3681 813 3809 885 γῆς.

515 884 574 948 6.
651 881 1002 976 Etl‘uderunt
1097 887 1454 968 sanguinem
1524 904 1734 950 eorum
1799 895 2076 970 tanquam

2239 888 2299 947 6.
2348 888 2602 969 ἐξέχεαν
2634 894 2692 948 τδ
2737 892 2882 966 αἷμα
2938 892 3107 948 αὖτῶν
3160 896 3286 951 ὡσεὶ
3330 881 3465 974 ὕδωρ
3507 881 3815 976 κύκλφ’(α)

433 991 646 1056 aquam
680 974 741 1034 in
771 973 1022 1036 circuitu
1050 975 1450 1041 Hierusalem.

915 975 1022 1036 nitu
1050 975 1450 1041 Hierusalem.
2160 975 2536 1056 Ἰερουσαλὴμ.

522 1063 576 1125 7.
624 1065 701 1126 Et
727 1083 848 1127 non
878 1073 1007 1126 erat
1035 1067 1136 1147 qui
1165 1068 1473 1149 sepeliret.

1371 1076 1473 1130 ret.
2237 1067 2298 1127 7.
2351 1071 2448 1126 Καὶ
2479 1071 2571 1127 οὐκ
2601 1068 2666 1144 ᾖν
2698 1071 2726 1126 ὀ
2754 1071 2992 1135 θάπτων,

515 1153 576 1213 8.
658 1155 819 1216 Facti
898 1173 1106 1219 sumus
1184 1157 1570 1239 opprobrium
1643 1157 1856 1221 vicinis
1932 1178 2078 1222 nos-

1944 1178 2078 1222 ηοε-
2241 1161 2298 1218 8.
2348 1156 2712 1236 Ἐγενήθημεν
2736 1158 2933 1228 ὄνειδος
2976 1177 3094 1226 τοῖς
3124 1167 3354 1244 γείτοσιν
3383 1166 3565 1241 ἡμῶν,

436 1242 542 1305 tris
577 1261 590 1302 :

514 1332 573 1392 9.
623 1330 1013 1397 Subsannatio
1047 1344 1106 1398 et
1133 1335 1332 1400 illusio
1384 1337 1497 1400 his:
1555 1340 1656 1416 qui
1711 1336 1772 1400 in
1827 1337 2079 1402 circuitu

2239 1338 2302 1397 9.
2353 1339 2729 1416 Μυκτηρισμὸς
2798 1343 2886 1398 καὶ
2940 1341 3252 1423 χλευασμὸς
3317 1357 3433 1410 τοῖς
3495 1345 3677 1420 κύκλῳ
3733 1347 3813 1413 ἠ·-

433 1428 637 1484 nostro
664 1431 822 1484 sunt.

685 1431 822 1484 :unt.
2163 1425 2306 1499 μῶν.

514 1509 612 1574 10.
658 1510 1000 1596 Usquequo,
1038 1517 1313 1588 Domine,
1353 1517 1636 1580 irasceris
1669 1516 1728 1578 in
1761 1517 1942 1578 ﬁnem
1968 1517 1998 1577 ?

1978 1517 1998 1577 ἲ
2247 1513 2339 1577 10.
2386 1513 2540 1578 ’Ἕως
2576 1517 2706 1573 πότε
2739 1517 2920 1597 Κύρὶε,
2954 1521 3250 1600 ὁργισθάσῃ
3299 1525 3370 1588 εἷς
3413 1523 3599 1597 τὲλοςς

513 1601 612 1662 11.
659 1603 1037 1666 Accendetur
1065 1607 1223 1667 velut
1255 1607 1409 1688 ignis
1438 1607 1600 1668 zelus
1631 1607 1813 1668 tuus?

2240 1605 2340 1666 11.
2386 1605 2808 1674 Ἐκκαυθὴσεται
2839 1613 2909 1677 ὡς
2931 1619 3037 1691 πᾶρ
3067 1614 3095 1668 ὃ
3125 1613 3284 1683 ζῆλος
3315 1634 3408 1671 σου
3439 1632 3455 1686 ;

516 1691 615 1756 12.
663 1692 918 1756 Eﬂ'unde
948 1695 1098 1758 iram
1132 1705 1287 1759 tuam
1343 1699 1400 1757 in
1434 1705 1662 1776 gentes,
1695 1715 1813 1778 que
1855 1706 1912 1758 te
1955 1715 2075 1758 non

2241 1693 2339 1755 12.
2387 1693 2641 1775 "Ex-Leo»;
2673 1698 2770 1764 τὴν
2799 1701 3085 1779 ὁργήνὶσου
3115 1704 3200 1757 επὶ
3230 1703 3296 1759 τὰ
3326 1701 3472 1774 ἔθνη,
3498 1703 3562 1758 τα
3596 1705 3674 1777 μὴ
3712 1728 3811 1782 γι·-

433 1791 744 1856 noverunt,

2100 1821 2135 1870 Β
2159 1784 2432 1841 νώσκοντά
2463 1807 2543 1847 σε,

519 1871 612 1934 13.
658 1871 728 1932 Et
755 1873 817 1934 in
850 1890 1055 1952 regna,
1093 1894 1226 1956 quae
1255 1894 1475 1938 nomen
1528 1880 1695 1938 tuum
1744 1896 1862 1938 non
1895 1876 2070 1938 invo-

2241 1871 2332 1936 13.
2386 1877 2483 1931 Καὶ
2515 1876 2599 1932 ἐπὶ
2627 1877 2921 1953 βασιλείας,
2957 1878 3018 1934 αἴ
3048 1883 3108 1936 τὸ
3137 1880 3308 1952 ὄνομά
3339 1904 3433 1939 σου
3475 1881 3577 1938 οὒκ⁹
3597 1881 3814 1938 ἐπεχα-

433 1972 745 2024 caverunt.

2156 1959 2405 2024 λέσαντο.

512 2053 610 2116 14.
665 2053 814 2126 Quia
845 2055 1237 2117 comederunt
1263 2053 1470 2136 Jacob,
1509 2062 1569 2117 et
1599 2055 1792 2123 locum
1818 2056 1949 2134 ejus
1972 2054 2075 2118 de-

2237 2053 2335 2114 14.
2384 2053 2518 2112 ’Ὅτι
2545 2055 2843 2134 κατέφαγιν
2890 2059 2977 2114 τὸν
3006 2056 3222 2139 Ἰακὼδ,
3257 2061 3346 2117 καὶ
3377 2061 3468 2116 τὸν
3499 2060 3673 2117 τόπον
3709 2062 3814 2116 αὒ-

429 2141 696 2203 solaveru
707 2151 796 2205 nt.

2154 2149 2246 2199 τοῦ
2277 2145 2596 2222 ἡρήμωσαν,

509 2231 608 2294 15.
633 2233 719 2294 Ne
751 2232 1099 2296 memineris
1129 2233 1507 2317 iniquitatum
1543 2241 1885 2297 nostrarum
1919 2232 2070 2296 anti-

1863 2253 1885 2295 1
1919 2232 2070 2296 anti-
2237 2233 2334 2296 15.
2385 2236 2472 2302 Μὴ
2502 2237 2746 2311 μνησθῆς
2769 2238 2922 2314 ἡμῶν
2956 2238 3188 2314 ἀνομιῶν
3220 2239 3484 2319 ἀρχαίων’

429 2339 678 2404 quarum
716 2345 729 2381 :

511 2411 608 2475 16.
659 2411 783 2476 Cito
812 2413 1142 2496 anticipant
1175 2432 1282 2476 nos
1312 2414 1742 2477 misericordia)
1777 2421 1910 2490 tua),
1949 2413 2032 2476 Do
2057 2445 2070 2459 ι

2235 2411 2334 2476 16.
2382 2415 2532 2494 Ταχὺ
2554 2413 3104 2491 προκαταλαϐἐτωσαν
3128 2417 3271 2490 ἡμᾶς
3305 2420 3352 2473 οἱ
3382 2418 3654 2494 οἱκτιρμοί
3683 2438 3807 2492 σου¹

431 2500 594 2563 mine
619 2518 634 2563 :

2160 2503 2336 2582 Κύριε·

516 2592 610 2654 17.
657 2591 806 2664 Quia
836 2611 1130 2675 pauperes
1158 2593 1300 2656 facti
1332 2611 1538 2656 sumus
1571 2592 1768 2656 nimis.

1603 2592 1768 2654 limis.
2240 2592 2339 2655 17.
2390 2591 2522 2650 ’Ὀτι
2553 2592 2976 2674 ἐπτωχεύσαμεν
3005 2593 3224 2673 σφόδρα.

515 2681 608 2744 18.
655 2683 880 2761 Adjuva
904 2703 1030 2760 vos,
1067 2683 1225 2746 Deus
1255 2684 1534 2746 salutaris
1560 2693 1772 2746 noster
1807 2700 1820 2744 :

2240 2681 2334 2742 18.
2385 2684 2656 2752 Βοήθησον
2687 2685 2850 2759 ἡμῖν,
2882 2687 2909 2739 ὁ
2941 2685 3072 2747 Θεὸς
3116 2687 3144 2741 ὀ
3173 2685 3365 2761 Σωτὴρ
3393 2687 3576 2760 ἡμῶν·

515 2771 610 2833 19.
659 2772 911 2854 Propter
953 2774 1202 2852 gloriam
1236 2774 1498 2835 nominis
1535 2779 1644 2846 tui,
1689 2771 1962 2845 Domine,
2000 2769 2072 2830 li-

2237 2770 2334 2833 19.
2381 2769 2614 2828 ’Ἕνεκεν
2665 2776 2760 2840 τῆς
2792 2771 2944 2839 δοξης
2995 2781 3090 2830 τοῦ
3145 2775 3405 2850 ὀνόματός
3450 2797 3570 2854 σου,
3608 2785 3794 2852 Κυριε,

433 2860 572 2921 bera
601 2879 710 2922 nos
746 2880 760 2924 :

2153 2861 2301 2938 ῥῦσσι
2332 2862 2497 2934 ἡμᾶς·

506 2948 607 3014 20.
653 2950 724 3012 Et
755 2951 1042 3032 propitius
1075 2961 1200 3015 esto
1263 2952 1521 3032 peccatis
1575 2951 1795 3015 nostris
1825 2957 2072 3032 propter

2231 2947 2334 3010 ΞΟ.
2383 2952 2478 3006 Καὶ
2512 2947 2759 3015 ίλάσθητι
2792 2963 2914 3014 ταῖς
2964 2952 3244 3029 ἁμαρτίαις
3284 2953 3441 3024 ἡμῶν
3499 2952 3673 3009 ἕνεκεν
3709 2960 3807 3009 τοῦ

428 3057 647 3102 nomen
679 3048 868 3106 tuum.

2153 3039 2412 3114 ὁνόματός
2443 3061 2558 3099 σου.

509 3136 595 3212 (α)
623 3132 794 3197 Vers.
834 3136 888 3197 7.
931 3137 1141 3214 Κύκλῳ,
1175 3147 1326 3218 etc.,
1362 3155 1552 3218 usque
1574 3137 1647 3198 ad
1673 3139 1910 3198 Θάπτων.

1569 3242 1980 3307 ATHANASII
2021 3238 2658 3304 INTERPRETATIO.

508 3348 567 3414 3.
615 3349 729 3414 Cor
751 3360 1019 3415 nostrum
1053 3351 1262 3415 videns
1296 3357 1628 3431 posuerunt
1657 3351 1717 3412 in
1748 3351 2074 3413 desolatio-
2094 3359 2129 3410 C

2240 3352 2298 3412 5.
2347 3351 2456 3417 Τὴν
2502 3349 2714 3428 καρδίαν
2770 3353 2928 3426 ἡμῶν
2980 3351 3076 3420 τὴν
3129 3354 3333 3429 ὁρῶσαν
3379 3351 3458 3430 (1)
3508 3350 3683 3407 ἔθεντο
3741 3353 3817 3413 είς

429 3457 566 3502 nem
581 3488 595 3503 .

2157 3439 2455 3515 ἐρήμωσιν,

505 3530 565 3590 4.
612 3530 988 3593 Adversariaa
1043 3540 1364 3612 potestates
1426 3531 1665 3595 Judaaos
1701 3539 1966 3592 mortuos
1996 3529 2073 3592 ob

2237 3528 2296 3590 4,
2343 3527 2581 3586 ”Δοεντο
2626 3535 2698 3595 εἰς
2731 3529 2995 3586 ἀνέλωσιν
3025 3532 3075 3586 αἶ
3109 3530 3338 3586 ἐναντίαι
3387 3529 3633 3602 δυνάμεις
3682 3529 3812 3590 τοὺς

427 3628 736 3700 peccatum
775 3630 1101 3700 posuerunt
1130 3621 1190 3683 in
1225 3621 1770 3703 consumptionem.

2157 3617 2437 3683 Ἰουδαίους
2478 3620 2596 3683 τοὺς
2632 3620 2986 3698 νεκρωθέντας
3017 3618 3100 3674 διὰ
3132 3620 3232 3687 τῆς
3278 3619 3539 3695 ἁμαρτίας

507 3708 565 3772 5.
612 3709 794 3772 Filios
824 3709 1148 3786 Abraham,
1179 3721 1239 3774 et
1265 3715 1450 3787 Isaac,
1481 3723 1538 3773 et
1564 3711 1752 3772 .lacoh
1783 3710 1949 3790 ipsos
1973 3708 2048 3773 Ju

2237 3706 2297 3768 5.
2348 3710 2479 3772 Τοὺς
2509 3710 2647 3771 υἱοὺς
2682 3707 2944 3787 Ἀϐρααμ,
2983 3711 3068 3764 καὶ
3131 3706 3311 3766 ’ίσαλκ
3343 3710 3431 3764 καὶ
3461 3703 3658 3764 Ἰακὼϐ
3683 3706 3807 3770 τοὺς

427 3797 585 3860 ἀωοε
616 3799 941 3863 immundis
972 3801 1306 3882 spiritibus.

2159 3797 2346 3860 αὐτοὺς
2379 3796 2659 3862 Ἰουδαίους
2689 3812 2806 3862 τοῖς
2839 3799 3145 3876 ἀκαθάρτοις
3180 3799 3497 3872 πνεύμασιν,

512 3888 570 3948 6.
617 3889 870 3950 Animas
899 3908 1103 3951 eorum
1135 3891 1196 3951 in
1227 3890 1650 3970 perditionem.

2239 3886 2298 3946 6.
2347 3888 2450 3948 Τὰς
2485 3887 2667 3967 ψυχὰς
2697 3889 2955 3950 αὖτῶνείς
2988 3885 3282 3948 ἀπώλειαν,

511 3978 571 4039 7.
619 3976 683 4039 In
713 3980 986 4040 universo
1021 3979 1236 4040 munde
1277 3999 1391 4040 non
1426 3989 1516 4040 est
1549 3979 1911 4042 mortiﬁcans
1937 3997 2068 4060 pec-

2232 3974 2296 4038 7.
2345 3977 2433 4032 Ἐν
2465 3975 2574 4050 ὅλῳ
2603 3985 2679 4051 τῷ
2727 3981 2914 4052 κόσμῳ
2957 3979 3049 4033 οὒκ
3101 3976 3298 4032 ’ἐστινὸ
3334 3975 3574 4032 θανατῶν
3607 3975 3704 4042 τὴν
3753 3975 3816 4030 ἃς

429 4073 648 4149 catum.

2156 4069 2395 4141 μαρτίαν.

507 4155 565 4218 8.
613 4154 990 4217 Adversariis
1023 4157 1438 4236 potestatibus.

2237 4154 2296 4217 8.
2348 4164 2477 4219 Ταῖς
2501 4156 2758 4220 ἐναντίαις
2789 4154 3061 4231 δυνάμεσι,

508 4245 566 4306 9.
613 4243 765 4325 Ipsis
797 4244 1096 4308 similiter.

2237 4247 2295 4307 9.
2344 4249 2474 4311 Τοῖς
2509 4251 2689 4313 αὖτόϊς
2843 4249 3041 4323 ὁμοίως

508 4338 608 4396 1ο.
655 4335 853 4407 Quare
896 4335 1140 4395 omnino
1173 4335 1352 4396 iratus
1374 4353 1460 4398 es.

2240 4335 2312 4398 10
2388 4338 2486 4392 Δια
2534 4339 2583 4393 τί
2633 4337 2848 4402 τελείως
2881 4341 3154 4416 ὀργισθῇς

507 4426 606 4487 11.
653 4425 874 4488 Contra
903 4424 1240 4487 daemones.

2241 4429 2336 4486 11.
2394 4429 2539 4484 Κατὰ
2582 4434 2689 4485 τῶν
2721 4426 3017 4502 δαιμόνων.

509 4515 608 4576 1‘2.
659 4517 722 4578 ln
753 4515 915 4596 ipsos
945 4515 1244 4577 exercitus
1274 4514 1525 4576 inimici.

2242 4518 2333 4576 l'2.
2381 4515 2505 4574 Ἐπὶ
2528 4518 2620 4582 τὰς
2655 4520 2811 4581 αὔτας
2835 4521 2928 4573 τοῦ
2970 4518 3163 4598 ἐχθροῦ
3209 4518 3483 4594 στρατιάς.

508 4605 606 4670 13.
656 4605 980 4667 Potestates
1011 4604 1254 4667 diaboli.

2237 4603 2332 4663 13.
2384 4607 2444 4661 Αἱ
2490 4607 2580 4662 τοῦ
2608 4605 2857 4664 διαϐόλου
2883 4605 3159 4680 δυνάμεις.

517 4695 605 4757 14.
653 4695 996 4758 Judaeorum
1033 4695 1342 4774 populum,
1374 4701 1432 4754 et
1463 4693 1645 4754 corda
1674 4710 1903 4755 eorum.
2095 4733 2137 4777 η

2242 4693 2334 4754 Ην.
2380 4697 2480 4752 Τὸν
2510 4695 2638 4752 λαὸν
2668 4697 2772 4753 τῶν
2808 4694 3092 4769 Ἰουδαίων,
3116 4699 3204 4754 καὶ
3233 4695 3327 4757 τάς
3363 4691 3573 4772 καρδίας
3606 4697 3804 4752 αὖτῶν.

512 4785 607 4847 15.
655 4784 797 4858 Quae
833 4793 937 4859 tot,
968 4793 1267 4864 tantisque
1302 4781 1670 4863 temporibus
1705 4789 2072 4862 congregatae

2237 4783 2335 4845 I5.
2428 4792 2544 4842 Τῶν
2646 4787 2732 4843 ἐπὶ
2832 4788 3096 4843 τοσούτων
3196 4785 3405 4865 χρόνων
3509 4786 3808 4862 συναχθειο

431 4882 587 4937 sunt.

2157 4880 2286 4929 σῶν.

516 4965 587 5027 16
628 4965 964 5046 Antequam
998 4963 1379 5025 absolvamus
1408 4963 1583 5022 vitam
1618 4969 1903 5024 nostram.

2238 4961 2334 5026 16.
2385 4966 2489 5041 Πρὸ
2513 4967 2604 5019 τοῦ
2634 4963 2916 5042 πληρῶσαι
2947 4966 3089 5038 ἡμᾶς
3134 4965 3224 5020 τὸν
3256 4963 3369 5039 βίον
3405 4963 3590 5036 ἡμῶν.

513 5054 614 5129 1⁵1,
657 5051 1054 5126 18.Quoniam
1077 5051 1615 5113 omninodenudati
1645 5069 1851 5112 sumus
1897 5053 2068 5112 auxi-

2241 5053 2333 5126 17,
2364 5054 2458 5115 18.
2511 5055 2525 5074 ⁹
2552 5063 2673 5110 Οντι
2707 5055 2891 5132 γυμνοὶ
2918 5053 3208 5132 γεγόναμεν
3256 5051 3431 5118 πάντη
3465 5052 3573 5108 ἀπὸ
3611 5057 3678 5118 τῆ
3713 5058 3811 5127 σῇς

427 5144 508 5207 lio
540 5151 662 5216 tuo,
700 5160 856 5205 nunc
888 5141 1140 5220 elargire
1172 5139 1344 5202 nobis
1388 5139 1567 5217 istud,
1620 5138 1778 5201 Deus
1807 5140 2048 5202 Salvete]

2189 5143 2423 5222 οηθείπις²
2471 5151 2560 5199 ὠν
2613 5141 2846 5222 δώρησαι
2885 5146 3022 5219 ἡμῖν
3070 5141 3343 5220 ταύτην,ὃ
3377 5142 3506 5202 Θεὸς
3540 5143 3566 5196 ὁ
3610 5141 3809 5210 Σωτὴρ

429 5242 653 5297 noster.

2157 5233 2340 5308 ἡμῶν.

516 5324 610 5388 19.
656 5321 947 5396 Quoniam
982 5321 1276 5401 benignus
1306 5339 1393 5383 es.

2244 5320 2336 5384 19.
2383 5323 2519 5382 ’Ότι
2551 5322 2918 5402 φιλάνθρωπος
2948 5323 3237 5403 ὑπάρχεις.

508 5413 608 5476 20.
655 5411 949 5486 Quoniam
979 5411 1341 5491 misericors,
1377 5418 1436 5472 et
1464 5408 1690 5472 faciens
1724 5407 2070 5472 misericor-

1847 5407 2070 5472 ericor-
2237 5410 2336 5474 90.
2384 5411 2444 5470 Ὀ
2479 5412 2722 5489 ἐλεήμων
2752 5414 2837 5470 καὶ
2871 5413 3154 5492 οἰκτίρμων
3198 5411 3468 5482 ὃνοπάζει.

433 5503 561 5566 dias
594 5500 942 5566 nominaris.

1451 5577 1754 5646 Addenda
1785 5582 1858 5643 et’
1881 5577 2258 5659 corrigenda
2287 5595 2366 5645 ex
2395 5581 2538 5646 cod.
2570 5583 2750 5648 Vatic

509 5664 612 5742 (1)
653 5661 894 5742 Ὀρῷσάν
924 5686 1011 5728 σε.
2242 5659 2332 5742 (9)
2376 5671 2502 5730 Τοῖς
2532 5667 2715 5730 αὐτοῖς
2747 5664 3064 5743 ἀκαθάρτοις
3111 5664 3428 5739 πνεύμασιν.

530 5773 619 5852 (ιι)
656 5770 796 5832 Post
830 5789 955 5852 pag.
995 5772 1268 5851 “Qqua
1322 5769 1593 5845 sequitur
1647 5767 1857 5852 pagina
1915 5764 2331 5852 desideratur;
2386 5767 2461 5852 ob
2493 5768 2872 5852 idq'ierdeest
2921 5778 3116 5852 textus
3165 5776 3225 5832 et
3274 5763 3797 5831 commentarius

446 5849 610 5916 vers.
635 5853 711 5914 12
740 5849 957 5935 psalmi
989 5849 1170 5933 hujus
1196 5863 1433 5930 Lxxvul,
1466 5864 1583 5910 una
1609 5866 1746 5909 cum
1779 5849 2274 5928 interpretatione
2311 5850 2463 5914 tituli
2494 5849 2709 5933 psalmi
2737 5851 3070 5936 sequentis.
