4104 6206
300 339 420 403 989
1121 338 1217 403 DE
1262 341 1578 404 TITULIS
1618 341 2110 406 PSALMORUM.
2159 378 2236 388 —
2281 345 2493 407 PSAL.
2544 345 2815 408 LXXIX.
3544 342 3662 409 990

378 477 482 541 21,
529 478 752 548 Μήποτε
804 477 1004 535 εἴπωσι
1053 478 1119 536 τὰ
1168 476 1314 545 ἔθνη·
1376 484 1484 534 Ποῦ
1544 478 1685 535 ἐστιν
1730 480 1759 534 ὁ
1809 479 1999 542 ΘεὸςΑ

2102 478 2202 542 21.
2236 477 2324 541 Ne
2355 479 2506 541 forte
2536 478 2743 541 dicant
2794 484 3002 559 gentes
3038 497 3052 538 :
3112 476 3222 543 Ubi
3249 487 3338 540 est
3365 482 3523 544 Deus
3551 499 3658 544 eo-

298 572 470 629 αὗτῶν
501 587 517 647 ς

2020 586 2151 632 rum
2168 567 2200 628 2

373 657 475 719 22.
530 659 626 715 Καὶ
684 657 977 735 γνωσθήτω
1032 656 1087 714 ἐν
1132 670 1250 720 τοῖς
1311 656 1510 714 ἔθνεσιν
1560 657 1785 713 ἐνώπιον
1830 656 1938 713 τῶν

2100 658 2201 721 22.
2231 656 2305 722 Ει
2350 658 2683 721 innotescat
2711 657 2775 719 in
2826 657 3166 721 nationibus
3216 676 3421 722 coram
3474 659 3662 723 oculis

290 747 577 828 ὀφθαλμῶν
612 748 763 822 ἡμῶν
775 794 790 820 ,

647 748 790 822 μῶν,
2020 748 2263 828 nostris,

371 835 473 898 23.
506 837 572 894 Ἥ
616 833 887 903 ἐκδίκησις
920 842 1012 892 τοῦ
1056 835 1285 912 αἵματος
1331 838 1436 893 τῶν
1477 834 1676 893 δούλων
1704 858 1798 892 σου
1845 844 1941 898 τοῦ

2100 837 2199 903 23.
2231 837 2389 904 Ultio
2420 838 2727 919 sanguinis
2754 854 3061 902 servorum
3095 837 3474 919 tuorum,qui
3504 839 3660 903 ell‘u-

285 926 654 1006 ῐκκεχυμένου
664 975 677 988 ,

646 950 677 988 ι.
2021 946 2125 991 sus
2156 936 2267 990 est.

368 1014 472 1078 24.
511 1013 803 1074 Εἱσελθὲτω
830 1012 1058 1071 ἐνώπιόν
1098 1036 1193 1070 σου
1241 1018 1268 1072 ὁ
1300 1015 1599 1093 στεναγμὸς
1625 1020 1728 1071 τῶν
1759 1036 1935 1073 πεπε-

2100 1017 2199 1080 24.
2237 1017 2495 1080 Introeat
2526 1016 2587 1078 in
2619 1025 2944 1098 conspectu
2977 1027 3075 1079 tuo
3126 1018 3389 1098 gemitus
3412 1035 3658 1100 compe-

290 1102 357 1173 δη
363 1104 540 1180 μένων
549 1151 564 1167 ,

2019 1106 2305 1170 ditorum.
2572 1124 2574 1127 '

370 1194 475 1257 95.
510 1195 657 1253 Κατὰ
684 1194 786 1261 τὴν
829 1192 1217 1271 μεγαλωσύνην
1260 1201 1353 1250 ττῦ
1385 1194 1672 1275 βραχίονός
1704 1215 1822 1266 σου,

1812 1239 1822 1266 ι
2097 1197 2195 1261 25.
2232 1196 2570 1261 Sccundum
2605 1194 3043 1258 multitudinem
3068 1195 3293 1261 brachii
3326 1197 3433 1279 tui,

368 1280 475 1346 26.
507 1282 857 1361 Περιποίησαι
890 1284 1012 1348 τοὺς
1043 1285 1183 1347 υἱοὺς
1214 1289 1320 1340 τῶν
1349 1283 1820 1359 τεθανατωμένων,

1583 1283 1820 1359 ωμὲνων.
2096 1287 2197 1348 26.
2230 1285 2478 1348 Posside
2508 1284 2663 1347 ﬁlios
2692 1285 3204 1349 mortiﬁcatorum.

370 1370 473 1436 27,
508 1371 732 1450 Ἀπόδος
764 1386 882 1439 τοῖς
926 1374 1157 1452 γείτοσιν
1207 1375 1363 1450 ἡμῶν
1414 1373 1816 1432 ἑπταπλασίονα
1859 1375 1932 1435 είς

2097 1374 2196 1436 27.
2233 1375 2440 1439 Redde
2466 1374 2689 1437 vicinis
2712 1374 2933 1436 nostris
2961 1376 3263 1457 septulum
3296 1376 3356 1438 in
3381 1376 3518 1440 sinu
3551 1397 3658 1440 eo-

283 1463 378 1518 τὸν
412 1463 612 1520 κόλπον
656 1463 852 1539 αὒτῶν,

550 1486 612 1519 τον
656 1463 852 1539 αὒτῶν,
2014 1481 2146 1527 rum
2159 1514 2171 1538 ,

369 1551 469 1614 28.
502 1553 603 1609 Τὸν
634 1549 933 1627 ὀνειδισμὸν
963 1552 1158 1625 αὒτῶν,
1208 1554 1265 1608 ὃν
1311 1551 1583 1609 ὠνείδισάν
1614 1574 1697 1632 σε,
1754 1553 1928 1631 Κύριε.

2097 1555 2659 1636 28.1mproperium
2728 1554 3017 1637 ipsorum,
3068 1555 3227 1637 quod
3260 1556 3658 1638 exprobrave-

368 1641 472 1704 29.
505 1639 701 1716 Ἠμετς
743 1639 799 1697 δὲ
832 1640 960 1707 λαός
992 1659 1085 1698 σου
1117 1642 1204 1699 καὶ
1230 1640 1469 1722 πρόϐατα
1499 1646 1672 1717 νομῆς
1702 1664 1818 1703 σου.

1015 1659 1085 1698 που
1117 1642 1204 1699 καὶ
1230 1640 1469 1722 πρόϐατα
1499 1646 1672 1717 νομῆς
1702 1664 1818 1703 σου.
2013 1654 2154 1707 runt
2183 1644 2312 1719 tibi,
2360 1644 2636 1706 Domine.

2093 1734 2322 1799 29.Νοε
2343 1741 2543 1796 autem
2567 1732 2822 1815 populus
2843 1740 3069 1809 tuus,et
3088 1753 3230 1797 oves
3254 1754 3491 1816 pascuae
3515 1743 3655 1814 ture,

372 1817 472 1882 30.
506 1817 1085 1897 Ἀνθομολογησόιιεθά
1128 1842 1231 1889 σοι,
1271 1822 1298 1876 ὁ
1331 1821 1487 1892 Geo),
1519 1821 1592 1882 εἷς
1615 1820 1706 1875 τὸν
1737 1820 1925 1876 αἰῶνα·
1953 1828 1989 1878 Β

1909 1838 1925 1856 '
1953 1828 1989 1878 Β
2093 1823 2170 1887 30
2226 1823 2678 1897 Conﬁtebimur,
2716 1822 2844 1903 tibi,
2877 1827 3057 1899 Deus,
3097 1824 3157 1885 in
3190 1826 3475 1888 saeculum
3515 1846 3528 1886 :

368 1908 469 1971 31.
509 1911 594 1975 Εἰς
638 1910 823 1988 γενεὰν
857 1911 945 1966 καὶ
970 1910 1155 1988 γενεὰν
1200 1907 1587 1987 ἐξαγγελοῦμεν
1631 1910 1729 1977 τὴν
1773 1909 1929 1965 αἴνε-

2095 1913 2191 1978 3~l.
2225 1912 2290 1976 In
2338 1913 2787 1992 generationem
2823 1921 2882 1974 et
2927 1914 3378 1992 generationem
3410 1933 3649 1978 annun-

283 1999 370 2055 σίν
415 2019 530 2059 σου.

2015 2004 2297 2067 tiabimus
2328 2002 2564 2065 laudem
2602 2012 2784 2063 tuam.

292 2090 388 2152 Είς
458 2088 518 2143 τὸ
602 2086 779 2163 τέλος,
840 2089 973 2167 ὑπὲρ
1030 2091 1135 2144 τῶν
1180 2087 1721 2166 ἆλλοιωθησομένων,
1785 2109 1913 2166 μαρ·

2032 2095 2089 2156 ln
2115 2094 2301 2175 ﬁnem
2339 2114 2351 2151 :
2384 2110 2495 2173 pro
2544 2092 2664 2162 his,
2725 2098 2834 2172 qui
2871 2093 3436 2165 commutabuntur,
3476 2094 3653 2157 testi-

370 2178 544 2251 τύριον
574 2183 650 2250 τῷ
699 2176 904 2258 Ἀσᾶφ,
952 2176 1169 2253 ψαλμὸς
1220 2177 1349 2256 ὑπὲρ
1390 2184 1483 2235 τοῦ
1539 2175 1846 2254 Ἀσσυρίου.

1838 2219 1846 2235 ι
2197 2185 2466 2246 monium
2487 2182 2714 2261 Asaph,
2747 2185 3022 2260 psalmus
3050 2201 3159 2262 pro
3190 2184 3459 2262 Assyrio.

951 2273 1121 2325 ΨΑΛ.
1155 2265 1261 2325 oe’
2564 2298 2572 2323 λ

2564 2262 2713 2325 PSA
2730 2263 2791 2325 Ι..
2828 2262 3115 2326 LXXIX.

378 2357 437 2418 1.
484 2354 544 2415 Ὀ
576 2358 872 2434 ποιμαίνων
900 2358 993 2414 τὸν
1020 2355 1262 2437 Ἰσραὴλ,
1306 2358 1543 2438 πρόσχες
1580 2372 1593 2385 ·

1437 2378 1543 2438 εχες
1580 2372 1593 2385 ·
2105 2355 2158 2416 1.
2196 2352 2309 2426 Qui
2335 2352 2493 2430 regis
2522 2349 2728 2431 Israel,
2765 2350 3010 2413 intende
3045 2370 3058 2413 :

1425 2533 1837 2601 ATHANASII
1882 2526 2507 2601 INTERPRETATID.

363 2717 463 2779 9L
498 2718 573 2776 Τὰ
606 2716 883 2791 πνεύματα
910 2714 975 2771 τὰ
1018 2714 1311 2795 ἀκάθαρτα,
1606 2717 1613 2724 ’
1954 2726 1984 2776 C

1209 2737 1311 2779 mn.
1606 2717 1613 2724 '
1954 2726 1995 2776 C
2100 2713 2198 2776 21.
2235 2711 2533 2775 Immundi
2563 2709 2830 2791 spiritus.

365 2804 467 2868 22.
505 2809 596 2864 Κοὶ
640 2805 927 2884 ἑπιγνῶσιν
971 2806 1023 2860 αἱ
1068 2806 1216 2862 αὐταὶ
1262 2803 1508 2881 δυνάμεις
1556 2808 1651 2865 τοῦ
1710 2808 1926 2887 ἐχθροῧ,

2093 2801 2192 2862 22.
2224 2803 2300 2864 Et
2331 2808 2692 2880 cognoscant
2721 2802 2864 2882 ipsae
2893 2806 3215 2881 potestates
3245 2799 3472 2861 inimici
3498 2798 3651 2880 quod

285 2895 375 2952 ὃτι
420 2896 663 2974 ὁρώντων
702 2897 856 2971 ἡμῶν
900 2907 1080 2959 ποιεῖς
1124 2896 1224 2962 τὴν
1256 2894 1547 2962 ἐκδίκησιν.

2013 2893 2186 2955 nobis
2208 2890 2618 2972 spectantibus
2652 2891 2971 2953 vindictam
3004 2888 3182 2954 facis.

366 2985 465 3049 23.
504 2983 665 3064 ’Υπὲρ
694 2992 798 3041 τῶν
828 2983 1182 3060 ἀπολομένων
1214 2990 1411 3065 ψυχῶν
1440 2987 1546 3043 τῶν
1576 2986 1776 3044 δούλων
1807 3010 1924 3050 σου.

2090 2984 2190 3046 23.
2229 2981 2312 3044 De
2330 2980 2545 3043 animis
2568 2999 2876 3044 servorum
2899 2989 3300 3061 tuorum,quae
3323 2979 3651 3061 perierunt.

368 3076 468 3139 ⁸24.
507 3074 816 3149 Καταξιωθῇ
837 3074 1095 3130 εἰσελθεῖν
1113 3076 1243 3152 πρὸς
1268 3076 1327 3131 σὲ
1348 3077 1382 3143 ἡ
1405 3075 1788 3155 ἐξομολόγησις
1824 3081 1925 3133 τῶν

2090 3073 2189 3136 24.
2221 3071 2411 3151 Digna
2437 3071 2537 3132 ﬁat
2596 3070 2834 3150 ingredi
2880 3070 2951 3131 ad
3000 3078 3057 3131 te
3088 3071 3382 3133 confessio
3417 3088 3648 3151 eorum,

277 3164 579 3240 δεδεμένων
609 3162 710 3220 ὕπὸ
741 3165 838 3229 τῆς
869 3164 1154 3240 ἁμαρτίας.

2007 3162 2110 3241 qui
2140 3170 2275 3224 sunt
2302 3160 2609 3224 constricti
2644 3180 2677 3222 ιι
2711 3168 2978 3241 peccato.

364 3253 465 3315 25.
501 3255 645 3313 Κατὰ
668 3254 767 3319 τὴν
799 3253 957 3332 ἰσχὺν
990 3260 1083 3310 κοῦ
1112 3252 1233 3309 ι’ἱοῦ
1263 3258 1379 3315 σου.

2086 3251 2187 3315 25.
2223 3249 2565 3315 Secundum
2594 3250 3005 3312 fortitudinem
3050 3248 3187 3311 Filii
3221 3250 3329 3310 tui.

366 3344 470 3409 26.
503 3343 855 3416 Περιποίησαι
888 3341 974 3398 διὰ
1020 3350 1110 3399 τοῦ
1152 3342 1385 3419 αἵματος
1430 3347 1589 3404 αὐτοῦ
1621 3346 1694 3409 είς
1736 3368 1921 3413 σωτη-

2086 3341 2187 3404 26.
2222 3339 2468 3402 Posside
2541 3340 2831 3419 sanguine
2908 3348 3005 3400 tuo
3071 3339 3129 3400 in
3185 3338 3442 3402 salutem
3498 3337 3654 3399 ﬁlios

284 3438 407 3516 ρίαν
434 3434 554 3496 τοὺς
587 3431 742 3495 ὄντας
773 3432 912 3497 υἱοὺς
941 3434 1047 3488 τῶν
1089 3431 1559 3509 παραπτωμάτων,

958 3434 1047 3488 τῶν
1089 3431 1559 3509 παραπτωμάτων,
2016 3429 2579 3510 transgressionum.

365 3523 467 3589 2⁸7,
502 3520 890 3586 Ἀδιαλείπτως
921 3522 1021 3589 τὴν
1065 3521 1288 3579 κόλασιν
1320 3522 1626 3603 εὖτρέπισον
1676 3537 1797 3589 ταῖς
1842 3532 1933 3582 τοῦ

2095 3519 2194 3582 27.
2234 3521 2589 3596 Perpetuum
2622 3516 2982 3596 supplicium
3019 3534 3285 3597 praepara
3340 3515 3651 3596 potestati-

277 3611 531 3671 διάϐόλου
560 3610 721 3685 δυνάμ
733 3632 868 3671 εσιν,

779 3632 868 3671 τιν,
2014 3606 2125 3668 bus
2152 3605 2400 3670 diaboli.

363 3700 465 3765 28.
500 3699 633 3759 "Ott
668 3701 1084 3779 κατεκαυχῶντο
1115 3700 1187 3761 ὡς
1219 3700 1464 3767 ἀνίκητοι
1495 3702 1665 3767 ὄντες.

2092 3699 2480 3771 28.Quoniam
2496 3699 2726 3778 gloriati
2741 3706 2878 3759 sunt
2892 3706 3170 3780 tanquam
3187 3696 3646 3778 insuperabiles.

364 3790 466 3853 29,
497 3789 692 3865 Ἠμεῐς
736 3787 791 3845 δὲ
838 3788 1036 3866 κλῆρός
1083 3811 1200 3859 σου,
1254 3792 1342 3847 καὶ
1402 3789 1642 3868 πρόϐατά
1688 3813 1781 3849 σου
1840 3800 1931 3849 τοὺ

2089 3792 2193 3854 29.
2226 3790 2344 3853 Nos
2374 3800 2569 3851 autem
2622 3789 2937 3852 haereditas
2967 3799 3088 3866 tua,
3123 3798 3182 3852 et
3221 3807 3357 3852 oves
3389 3796 3523 3864 tute,
3552 3788 3652 3870 qui

284 3882 542 3949 ἂληθινοῦ
584 3878 867 3955 ποιμένος,
902 3880 989 3933 καὶ
1032 3878 1139 3934 τῶι
1171 3881 1277 3933 σῶν
1310 3882 1502 3938 αὖτῶν.

1316 3882 1502 3938 αὒτῶν.
2011 3898 2076 3942 es
2102 3884 2313 3944 Pastor
2342 3899 2514 3941 verus
2540 3888 2597 3941 et
2626 3880 2708 3940 tui
2741 3879 2937 3942 ovilis.

367 3970 464 4035 30.
502 3967 797 4040 Ἀλλήλοις
827 3966 1312 4045 διηγησόμεθα,καὶ
1343 3972 1483 4028 κατὰ
1514 3976 1687 4027 πᾶσαν
1716 3971 1922 4048 γενεάν,
1950 3993 1988 4045 ι)

2092 3971 2190 4034 30.
2224 3970 2483 4033 Invicem
2518 3970 2917 4041 narrabimus,
2984 3983 3046 4032 et
3078 3970 3138 4031 in
3195 3970 3359 4033 omni
3389 3986 3647 4049 genera-

2013 4060 2198 4123 tione.

360 4150 460 4215 31.
494 4152 604 4219 Τὴν
628 4148 779 4215 δόξαν
809 4152 909 4213 τῆς
934 4145 1326 4226 φιλανθρωπίας
1362 4171 1477 4208 σου.

1462 4193 1477 4208 .
2088 4151 2185 4212 31.
2228 4149 2490 4213 Gloriam
2526 4148 2910 4228 benignitatis
2941 4157 3080 4212 tuae.

357 4244 425 4300 Ἦ
495 4238 821 4319 προκειμένη
884 4239 1153 4315 ἐπιγραφὴ
1211 4238 1503 4318 περιέχει·
1584 4242 1667 4302 Εἰς
1715 4242 1773 4297 τὸ
1818 4240 1994 4321 τέλος,
2041 4243 2172 4321 ὑπὲρ
2217 4248 2321 4298 τῶν
2366 4240 2906 4319 ἀλλοιωθησομένωι,
2968 4241 3255 4318 μαρτύριοι
3311 4243 3387 4313 τῷ
3441 4238 3642 4319 Ἀσὰςρ,

274 4333 492 4410 ψαλμὸς
535 4333 662 4408 ὑπὲρ
720 4330 811 4384 τοζ
856 4324 1130 4403 Ἀσσυρίου
1168 4346 1180 4360 ·
1241 4327 1531 4400 τουτέστιν,
1595 4331 1724 4408 ὑπὲρ
1782 4338 1859 4404 τῷ
1917 4331 2057 4388 τέλει
2116 4331 2510 4402 ἄλλοιουμένων
2555 4330 2660 4387 ἀπὸ
2720 4331 2813 4397 τῆς
2870 4338 3106 4407 πονηρᾶς
3164 4332 3500 4409 ἀναστροφῆς
3560 4328 3646 4384 ἐπὶ

273 4424 378 4491 τὴν
435 4421 589 4501 ὀρθὴν
618 4420 704 4475 καὶ
738 4414 1017 4493 ἄμεμπτον
1050 4418 1347 4481 πολιτείαν,
1409 4422 1543 4474 Εἶτα
1601 4420 1886 4498 μαρτύριον
1946 4428 2022 4495 τῷ
2082 4422 2274 4499 Ἀσέιφ,
2324 4420 2453 4497 ὅπερ
2498 4422 2638 4476 εστὶν
2684 4419 3107 4496 ἑρμηνευόμενον
3166 4422 3251 4474 καὶ
3314 4417 3643 4484 δηλούμενον

274 4511 560 4588 μαρτύριον
589 4513 667 4581 τῷ
709 4506 1040 4585 συλλέγοντι,
1073 4505 1315 4563 τουτέστι
1360 4508 1450 4564 τοῦ
1498 4509 1617 4564 Υἶοῦ
1645 4509 1741 4585 [τῴ
1788 4512 1907 4587 Υίῴ]
1942 4520 2034 4569 τοῦ
2072 4519 2222 4570 Θεοῦ.
2279 4512 2413 4568 Εἶτα
2459 4509 2674 4585 ψαλμὸς
2720 4510 2850 4586 ὑπὲρ
2914 4510 3005 4565 ’.οὗ
3051 4506 3352 4585 Ἀσσυρίου,
3399 4506 3528 4586 ὅπερ
3561 4502 3647 4563 καὶ

271 4604 432 4664 τοῦτο
462 4599 808 4680 ἑρμηνεύεται
842 4596 973 4673 ὓπερ
1016 4603 1107 4652 τοῦ
1132 4597 1563 4675 κατευθύνοντος,
1598 4599 1790 4654 ὡσανεὶ
1824 4610 1915 4658 τοῦ
1948 4602 2353 4662 κατευθύνοντος
2396 4603 2481 4668 τὴν
2515 4597 2732 4676 καρδίαν
2766 4620 2885 4657 σου,

357 4727 589 4791 Titulus
626 4728 982 4809 praepositus
1011 4726 1279 4789 continet
1314 4748 1326 4789 :
1364 4727 1429 4789 In
1449 4728 1654 4808 ﬁnem,
1689 4746 1800 4808 pro
1835 4730 1931 4798 iis,
1968 4732 2075 4811 qui
2105 4732 2662 4806 commutabuntur,
2688 4731 3097 4791 testimonium
3127 4729 3350 4807 Asaplz,
3374 4726 3648 4806 psalmus

270 4836 388 4899 pro
411 4821 677 4896 Assyrio
716 4838 729 4877 :
768 4817 885 4879 hoc
917 4825 1006 4878 est
1030 4835 1137 4896 pro
1171 4818 1267 4890 iis,
1300 4818 1405 4899 qui
1438 4818 1499 4878 in
1534 4818 1713 4879 ﬁnem
1746 4820 2276 4882 commutabuntur
2313 4821 2388 4881 ab
2439 4820 2711 4901 improba
2749 4820 2879 4880 vitze
2914 4816 3368 4878 conversatione
3403 4822 3459 4877 in
3495 4834 3637 4877 rec-

274 4916 397 4969 tam
430 4918 488 4969 et
517 4906 1140 4986 irreprehensibilem.
1181 4906 1410 4968 Deinde
1436 4908 1841 4969 testimonium
1872 4908 2101 4989 Asaph,
2131 4910 2292 4987 quod
2323 4928 2393 4971 ea
2424 4908 2860 4989 signiﬁcatione
2884 4914 3187 4986 sumptum
3241 4912 3350 4973 est,
3391 4903 3644 4983 perinde

272 5016 345 5060 ac
375 4996 602 5060 diceret
637 5019 650 5061 :
694 4997 1127 5059 Testimonium
1157 4994 1501 5074 colligenti,
1537 4998 1648 5058 hoc
1679 5007 1791 5073 est,
1853 4999 1962 5060 Dei
2014 4999 2199 5063 Filio.
2271 5004 2476 5063 Postea
2506 4998 2779 5081 psalmus
2809 5015 2921 5075 pro
2959 4996 3237 5077 Assyrio,
3274 4994 3434 5072 quod
3467 4993 3648 5054 etiam

278 5089 705 5168 interpretatur
730 5103 839 5164 pro
869 5086 1183 5166 dirigente
1214 5103 1434 5166 nempe
1462 5085 1769 5166 dirigente
1790 5106 1893 5149 cor
1926 5098 2119 5150 tuum.

358 5220 418 5279 1.
451 5214 513 5276 Ὀ
545 5217 839 5291 ποιμαίνων
897 5215 1016 5280 τοὺς
1059 5215 1290 5291 ὁρῶντάς
1337 5236 1393 5270 σε
1439 5218 1531 5273 τὸν
1581 5219 1767 5296 Κύριον
1799 5219 1915 5298 (1),

2088 5223 2141 5284 1.
2178 5222 2290 5295 Qui
2321 5222 2478 5298 regis
2509 5220 2777 5282 videntes
2832 5233 2887 5280 2e
2940 5217 3283 5289 Dominum,
3340 5222 3399 5277 et
3456 5214 3641 5276 Deum

280 5309 368 5365 καὶ
398 5309 527 5364 Θεὸν
578 5313 647 5383 τῇ
677 5305 886 5377 διανοίᾳ
915 5322 933 5341 ·
983 5311 1135 5362 τοῦτο
1167 5304 1266 5382 γὰρ
1298 5304 1641 5384 ἑρμηνεύεται
1670 5307 1901 5389 Ἰσραήλ.

1670 5307 1915 5389 Ἰσραήλ.
2003 5320 2202 5374 mente
2238 5334 2250 5371 :
2286 5311 2368 5373 ita
2398 5312 2557 5372 enim
2592 5310 3023 5390 interpretatur
3053 5305 3277 5371 Israel.

1312 5482 1615 5548 Addenda
1643 5490 1708 5551 et
1739 5488 2112 5570 corrigenda
2141 5506 2218 5554 ex
2249 5488 2389 5555 cod.
2423 5488 2624 5555 Vatic.

356 5655 446 5735 (1)
480 5657 703 5737 Κύριον,
735 5656 823 5711 καὶ
854 5652 1095 5715 desunt.
