4104 6214
434 310 541 384 991

513 463 575 524 2.
612 467 727 540 Qui
757 467 1006 531 deducis
1034 467 1195 529 velut
1222 481 1390 527 ovem
1423 463 1674 546 .loseph.

514 557 572 616 3.
603 555 718 628 Qui
746 558 924 620 sedes
953 575 1135 637 super
1163 553 1500 634 cherubim,
1534 553 1936 628 manifestare,

514 645 575 705 4.
607 646 822 708 Coram
855 645 1143 727 Ephraim
1175 652 1235 706 et
1266 645 1576 723 Benjamiu
1609 652 1667 704 et
1688 643 1978 705 Manasse.

513 733 571 792 5.
608 735 820 799 Excita
867 735 1191 816 potentiam
1243 742 1425 814 tuam,
1484 740 1542 795 et
1592 733 1750 812 veni,
1793 741 1856 796 ut
1884 733 2078 798 salvos

436 820 618 884 facias
649 842 784 886 nos.

516 914 577 972 6.
615 911 793 987 Deus,
829 921 1109 976 converte
1140 931 1273 990 nos,

516 1002 577 1066 7.
605 1003 682 1066 Et
711 1005 956 1066 ostende
989 1004 1197 1066 faciem
1233 1013 1419 1077 tuam,
1455 1009 1514 1064 et
1538 1001 1688 1064 salvi
1716 1001 1962 1064 erimus.

516 1179 578 1238 8.
614 1180 866 1243 Domine
897 1179 1056 1242 Deus
1082 1180 1398 1243 virtutum.

515 1269 574 1332 9.
608 1267 928 1352 Quousque
960 1271 1241 1333 irasceris
1271 1289 1456 1353 super
1511 1270 1840 1332 orationem
1871 1284 2077 1332 servo-

433 1375 567 1420 rum
595 1365 830 1421 tuorum
856 1360 886 1421 ?

522 1452 617 1510 10.
650 1447 890 1511 Cibabis
922 1468 1030 1511 nos
1064 1467 1215 1528 pane
1251 1450 1647 1530 lacrymarmn
1684 1468 1698 1508 :

517 1537 617 1600 il.
651 1539 724 1600 Et
745 1547 948 1620 potum
997 1538 1164 1601 dabis
1195 1538 1370 1601 nobis
1397 1539 1457 1600 in
1488 1537 1766 1618 lacrymis
1783 1536 1848 1609 in
1898 1556 2072 1600 men-

435 1644 594 1689 sura.

517 1717 616 1779 12.
651 1718 912 1780 Posuisti
945 1737 1052 1780 nos
1083 1725 1140 1779 in
1174 1717 1706 1780 contradictionem
1740 1717 1950 1778 vicinis
1973 1734 2078 1777 no-

435 1809 576 1868 stris
611 1828 624 1864 :

517 1895 615 1957 13.
646 1895 717 1957 Et
743 1897 974 1958 inimici
1007 1899 1194 1960 nostri
1225 1899 1741 1960 subsannaverunt
1771 1913 1905 1958 nos.

520 1987 614 2048 H.
643 1985 896 2048 Domine
932 1990 1087 2050 Deus
1118 1988 1424 2062 virtutum,
1459 1997 1748 2051 converte
1780 2003 1895 2047 nos
1927 2003 1939 2046 :

522 2077 614 2140 15.
643 2075 714 2138 Ει
741 2076 992 2138 ostende
1020 2077 1231 2139 faciem
1264 2086 1452 2160 tuam,
1482 2085 1540 2140 et
1570 2077 1715 2141 salvi
1746 2075 1992 2139 erimus.

1071 2255 1444 2336 Diapsalma.

522 2345 616 2408 16.
661 2342 902 2407 Vineam
929 2344 1005 2407 de
1035 2344 1280 2428 Egypto
1316 2346 1686 2409 transtulisti.

523 2433 619 2496 17.
649 2433 898 2514 Ejecisti
926 2443 1159 2515 gentes,
1196 2443 1254 2498 et
1286 2435 1566 2518 plantasti
1597 2456 1752 2500 eam.

1347 328 1767 391 ATHANASII
1809 330 1974 394 opp.
2028 333 2216 397 PARS
2260 337 2369 398 III.
2417 371 2494 382 -
2543 319 2997 400 EXEGETIGA.

2104 1813 2320 1890 Βῆμῶν

3685 341 3811 407 992

2097 481 2139 525 Α
2239 467 2301 531 9.
2336 467 2395 527 Ὀ
2427 467 2634 548 ὁδηγῶν
2677 471 2803 526 ὡσεὶ
2844 467 3109 548 πρόϐατον
3155 472 3246 527 τὸν
3292 469 3494 553 Ἰωσὴφ

2239 557 2298 622 3.
2334 557 2392 618 Ὀ
2422 562 2720 634 καθήμενος
2751 559 2837 615 ἐπὶ
2879 565 2986 616 τὼν
3031 563 3312 641 χερουόὶμ,
3358 562 3675 644 ὲμφᾶνηθι.²

2238 649 2298 712 4,
2322 649 2590 708 Ἐναντίον
2622 648 2865 729 Ἐρραῖμ
2896 651 2984 706 καὶ
3019 651 3262 726 Βενιαμὶν
3285 653 3691 720 καὶΜανασσῆ,

2238 737 2298 802 5.
2327 737 2620 817 Ἐξέγειρον
2663 741 2760 807 τὴν
2805 737 3111 797 δυναστείαν
3157 761 3273 815 σου,
3321 741 3409 798 καὶ
3463 740 3578 798 ἐλθέ
3633 743 3711 808 εἷς
3741 743 3809 800 τὸ

2159 835 2328 890 σῶσαι
2371 830 2516 902 ἡμᾶς
2527 876 2540 889 ,

2239 916 2300 980 6,
2335 915 2395 975 ’0
2421 920 2578 991 Θεὸς,
2611 916 2929 996 ἐπίστρεψον
2962 919 3136 993 ἡμᾶς.

2244 1005 2300 1070 7,
2333 1003 2440 1068 Καὶ
2506 1007 2761 1086 ἐπίφανον
2818 1008 2879 1063 τὸ
2945 1006 3233 1086 πρόσωπόν
3299 1029 3417 1084 σου,
3475 1010 3565 1066 καὶ
3615 1013 3808 1078 σωθη-

2161 1095 2359 1172 σόμεθα
2370 1142 2382 1154 .

2240 1184 2302 1245 8.
2339 1187 2491 1264 Κύριε
2523 1187 2550 1241 ὁ
2585 1186 2715 1250 Θεὸς
2748 1191 2853 1242 τῶν
2886 1185 3182 1262 δυνάμεων,

2238 1275 2299 1337 9.
2333 1273 2492 1341 "Bob;
2535 1273 2664 1331 πότε
2710 1273 2893 1353 ὀργίζῃ
2940 1275 3026 1332 ἐπὶ
3068 1275 3167 1344 τὴν
3197 1275 3514 1356 προσευχὴν

2161 1362 2269 1421 λων
2315 1386 2410 1420 σου
2447 1382 2463 1440 ;

2243 1451 2339 1513 10.
2376 1460 2628 1530 Ψωμιετς
2672 1456 2816 1529 ἡμᾶς
2861 1453 3032 1532 ἄρτων
3076 1452 3313 1534 δακρύων
3349 1473 3361 1487 ·

2249 1548 2341 1606 ll.
2377 1544 2474 1602 Καὶ
2524 1557 2728 1608 ποτιετς
2757 1545 2903 1620 τημᾶς
2933 1543 2987 1600 ἐν
3017 1543 3264 1623 δάκρυσιν
3295 1546 3349 1602 ἐν
3395 1543 3603 1624 μέτρῳ.

3557 1281 3664 1333 τῶν
3691 1274 3813 1332 δούς

2247 1720 2344 1783 12.
2393 1719 2571 1782 ’Ἑθου
2648 1729 2785 1796 ἡμᾶς
2863 1725 2936 1786 εἰς
3007 1721 3309 1801 ἀντιλογίαν
3382 1736 3499 1786 τοῖς
3575 1723 3819 1798 γείτοσιν

2244 1897 2338 1961 13.
2379 1901 2482 1959 Καὶ
2517 1902 2560 1957 οἱ
2587 1902 2769 1979 ἐχθροὶ
2801 1902 2959 1976 ἡμῶν
2988 1902 3348 1981 ἐμυκτήρισαν
3392 1903 3563 1976 ἡμᾶς.

2242 1989 2342 2050 14.
2379 1990 2532 2068 Κύριε
2559 1993 2585 2046 ὁ
2631 1993 2762 2054 Θεὸς
2795 1992 2902 2047 τῶν
2947 1988 3241 2068 δυνάμεων,
3279 1990 3597 2070 ἐπίστρεψον
3640 1991 3816 2064 ἡμᾶς·

2171 2144 2173 2146 ,
2245 2079 2339 2141 15.
2374 2076 2476 2138 Καὶ
2531 2079 2786 2160 ἐπίφανον
2861 2081 2920 2137 τὸ
2964 2079 3250 2159 πρόσωπόν
3310 2101 3426 2153 σου,
3482 2081 3569 2135 καὶ
3624 2082 3818 2146 σωθη-

2165 2170 2365 2246 σόμεθα
2377 2217 2389 2231 .

2830 2256 3143 2334 Διάψαλμα.

2245 2345 2344 2407 16.
2381 2345 2676 2422 ’Ἄμπελον
2706 2345 2759 2413 ἐξ
2786 2349 3050 2426 Αἰγύπτου
3094 2352 3353 2428 μετῆρας,

2246 2436 2342 2496 17.
2377 2433 2657 2502 Ἐξέϐαλες
2682 2435 2828 2518 ἔθνη,
2861 2439 2950 2495 καὶ
2980 2439 3367 2518 κατεφύτευσας
3411 2436 3598 2505 nam,

1548 2613 1965 2680 ATHANASII
2009 2609 2645 2681 INTERPRETATIO.

523 2797 579 2858 2.
622 2793 1079 2856 Convertentem
1097 2802 1251 2874 se,et
1265 2794 1584 2858 liberatum
1605 2815 1638 2858 a
1655 2797 1916 2878 peccatis
1931 2797 2078 2860 suis.

2246 2796 2306 2858 2.
2354 2797 2456 2853 Τὸν
2485 2794 2890 2875 ἐπιστρέφοντα,
2939 2795 3028 2850 καὶ
3075 2791 3324 2872 ρυσθέντα
3370 2797 3475 2850 τῶν
3523 2791 3809 2870 ἁμαρτιῶν

433 2883 654 2962 Ioseph
687 2881 846 2944 enim
872 2881 1302 2962 interpretatur
1329 2883 1562 2948 ablatio
1591 2887 1927 2967 opprobrii.

518 2973 576 3037 3.
609 2971 769 3035 Deus
801 2972 1046 3034 verbum
1081 2991 1333 3054 appare.

519 3065 579 3128 4.
614 3061 819 3126 Caram
856 3062 1244 3129 efferentibus
1277 3064 1624 3141 fructum,et
1649 3064 1787 3126 ﬁliis
1819 3063 2080 3127 dexterae

441 3163 576 3228 ture,
613 3159 672 3213 et
723 3151 1212 3214 obliviscentibus
1265 3154 1532 3234 priorum
1564 3157 1850 3216 malarum
1883 3155 2077 3216 actio-

439 3243 917 3320 num.Ephraim
943 3243 1371 3323 interpretatur
1394 3245 1665 3320 fructum
1686 3244 2079 3321 ferens.Ben—

428 3333 631 3413 jamin
661 3331 1083 3412 interpretatur
1111 3331 1353 3396 obliuio.

519 3423 581 3485 5.
615 3419 825 3482 Divina
878 3421 1168 3484 charitate
1224 3431 1419 3482 motus
1475 3431 1720 3505 propter
1753 3421 2075 3486 humanum

443 3529 631 3594 genus
661 3512 795 3572 veni
823 3511 895 3573 ad
931 3510 1276 3573 salvandum
1303 3531 1430 3574 nos.

521 3602 581 3664 6.
617 3600 699 3662 Ex
747 3609 1007 3681 peccato.

526 3693 580 3754 7.
605 3691 677 3752 Et
706 3690 1023 3753 manifesta
1069 3689 1286 3753 Filium
1335 3699 1500 3753 tuum
1533 3709 1713 3772 super
1743 3699 1988 3772 terram,
2022 3699 2085 3751 et

437 3782 580 3844 salvi
611 3781 856 3844 erimus.

519 3871 578 3946 8,
613 3872 673 3935 9.
712 3871 1019 3950 Propheta;
1045 3869 1271 3932 dicunt.

527 3960 618 4022 lO.
653 3958 716 4020 In
753 3960 1142 4022 tribulatione
1177 3968 1266 4021 est
1299 3959 1415 4022 vita
1448 3968 1680 4040 nostra,

536 4053 623 4108 Il.
659 4046 721 4108 In
756 4047 963 4108 dolore
992 4047 1256 4111 assidue.

522 4136 620 4200 12.
654 4137 804 4199 Nam
839 4155 1048 4198 omnes
1079 4136 1358 4198 homines
1407 4136 1820 4199 contradicunt
1861 4133 2082 4219 praedi-

441 4225 659 4288 cationi
693 4233 933 4287 nostrae.

525 4314 625 4380 13.
659 4313 778 4376 Nos
802 4315 1002 4376 irrisui
1023 4315 1268 4378 habent.

525 4405 599 4466 14
652 4403 737 4466 Ex
766 4412 1008 4484 peccato
1025 4452 1038 4467 .

521 4495 615 4556 l5.
655 4495 894 4574 Appare
923 4511 1106 4574 snper
1133 4501 1378 4567 terram,
1407 4501 1466 4553 et
1493 4491 1637 4554 salvi
1670 4490 1917 4553 erimus.

522 4582 620 4646 16.
659 4583 943 4663 Populum
975 4585 1340 4652 Judaiorum,
1363 4588 1426 4641 ut
1456 4589 1717 4643 cessaret
1743 4599 1779 4644 a
1810 4590 2078 4662 peccato,

440 4671 713 4734 hortatus
747 4691 809 4733 es
836 4692 941 4753 per
971 4673 1192 4752 legem.

523 4761 621 4824 17.
656 4762 707 4822 Α
731 4761 1018 4824 doctrinis
1068 4761 1336 4842 gentium
1369 4778 1474 4822 eos
1503 4777 1746 4824 cessare
1779 4757 1992 4836 fecisti,
2028 4768 2086 4820 et

441 4848 727 4930 plautasti
760 4851 820 4912 in
853 4852 981 4933 lege
1005 4861 1131 4913 tua.

2163 2890 2343 2946 αὐτοῦ.
2391 2881 2591 2964 Ἰωσὴφ
2634 2885 2734 2963 γὰρ
2765 2883 3111 2962 ἑρμηνεύεται
3141 2881 3340 2939 ὁνειδου
3381 2883 3679 2962 ἀφαίρεσις.

2245 2973 2300 3038 3.
2342 2975 2401 3032 Ὀ
2435 2981 2564 3039 Θεὸς
2609 2974 2778 3051 Λόγος
2811 2972 3084 3050 ὡράσθητι
3117 2972 3229 3051 (1).

2243 3065 2300 3127 4.
2338 3061 2604 3123 Ἐνώπιον
2665 3068 2769 3118 τῶν
2828 3063 3326 3140 λαρπυιρορούντων,
3392 3062 3479 3117 καὶ
3522 3066 3626 3116 τῶν
3669 3061 3800 3118 υἱῶν

2160 3159 2259 3222 τῆς
2303 3151 2471 3218 δεξιᾶς
2510 3175 2625 3228 σου,
2671 3152 2760 3209 καὶ
2792 3157 2897 3207 τῶν
2927 3150 3386 3207 ἐπιλανθανόντων
3420 3149 3498 3229 (2)
3535 3148 3812 3227 προτέρων

2160 3244 2407 3320 πονηρῶν
2439 3241 2698 3320 πράξεων,
2748 3241 2988 3320 Ἐφραῖμ
3035 3241 3383 3319 ἑρμηνεύεται
3413 3245 3749 3318 καρποφορεῖ»
3767 3261 3808 3295 δ.

2162 3334 2409 3407 Βενιαμὶν
2451 3333 2798 3411 ἑρμηνεύεται
2837 3329 3197 3406 ξπιληςμονὴ,
3396 3347 3398 3349 ’

2239 3424 2300 3481 5.
2336 3423 2458 3494 Θείᾳ
2503 3422 2687 3499 ἀγάπῃ
2743 3421 3054 3495 κινούμενος
3098 3417 3184 3477 διὰ.
3233 3420 3287 3475 εδ
3331 3418 3484 3498 γένος
3530 3424 3637 3474 τῶν
3693 3417 3799 3472 ἆν-

2163 3513 2388 3590 θρώπων
2417 3510 2530 3568 ἐλθὲ
2562 3513 2636 3576 εἰς
2676 3513 2737 3566 τὸ
2770 3515 2939 3567 σῶσαι
2969 3511 3114 3584 ἡμᾶς

2245 3599 2304 3662 6.
2343 3599 2438 3657 Ἐκ
2468 3605 2566 3667 τῆς
2594 3599 2873 3674 ἁμαρτίας.

2250 3689 2307 3751 ἶ.
2344 3690 2442 3747 Καὶ
2475 3688 2562 3765 (4)
2593 3688 2894 3768 φανέρωσον
2919 3689 3012 3745 τὸν
3044 3689 3162 3744 ι’ἷόν
3195 3708 3289 3745 σου
3313 3686 3401 3743 ἐπὶ
3428 3690 3527 3753 τῆς
3560 3688 3686 3762 γῆς,
3712 3685 3798 3740 καὶ

2165 3777 2518 3854 σωθησόμεθα
2533 3823 2543 3834 .

2246 3872 2305 3941 8,
2337 3868 2398 3928 9.
2451 3869 2510 3925 Οἱ
2536 3872 2803 3948 προφῆται
2847 3865 3112 3944 λέγωσιν.

2247 3956 2346 4020 10.
2379 3956 2471 4014 Ἐν
2501 3955 2678 4032 θλίψει
2710 3956 2850 4012 ἐστὶν
2880 3957 3017 4031 ἡμῖν
3051 3958 3080 4023 ἡ
3111 3955 3250 4026 ζωὴ.

2247 4047 2344 4109 11.
2378 4047 2470 4104 Ἐν
2518 4045 2608 4127 (5)
2651 4044 2806 4123 ὀδύνῃ
2851 4043 3222 4107 ἆίιαλείπτως.

2246 4136 2349 4198 42.
2385 4135 2750 4214 Ἀντιλέγουσι
2809 4136 2909 4214 γὰρ
2950 4154 3145 4198 παντες
3190 4135 3240 4189 οἱ
3297 4131 3531 4211 ἅνθρωπι
3576 4136 3654 4205 τῷ
3693 4153 3808 4208 κῃ-

2165 4225 2393 4304 ρύγματι
2425 4227 2604 4299 ἡμῶν,

2251 4313 2346 4376 13.
2381 4313 2748 4393 Καταγέλωτα
2775 4314 2863 4395 (6)
2899 4313 3119 4395 ἔχουσιν
3151 4315 3320 4385 ἡμᾶς.

2250 4405 2348 4465 14.
2380 4404 2479 4462 Ἐκ
2508 4413 2607 4471 τῆς
2638 4406 2923 4484 ἁμαρτίας.

2249 4493 2344 4554 15.
2384 4491 2634 4572 Ὀράθητι
2679 4493 2764 4552 ἐπὶ
2806 4496 2905 4560 τῆς
2949 4495 3075 4572 γῆς,
3107 4493 3196 4550 καὶ
3226 4493 3602 4566 σωθησόμεθα.

2251 4584 2344 4648 16.
2381 4587 2483 4643 Τὸν
2526 4584 2656 4641 λαὸν
2701 4593 2803 4642 τῶν
2843 4584 3109 4644 Ἰωδαίων
3156 4590 3254 4651 τῆς
3284 4583 3544 4661 ἁμαρτίας
3591 4581 3808 4638 παύσα-

2167 4677 2285 4731 σθαι
2317 4672 2570 4753 παρῄνεις
2595 4678 2674 4747 (7)
2708 4675 2792 4731 διὰ
2813 4697 2906 4732 το)
2938 4674 3125 4749 νόμου.

2249 4763 2344 4824 17.
2377 4763 2480 4828 Τὰς
2508 4771 2614 4820 τῶν
2657 4767 2818 4821 ὶθνῶν
2879 4761 3220 4826 διδασκαλίας
3270 4762 3567 4819 παύσασθαι
3612 4759 3799 4820 αὐτοὺς

2169 4853 2492 4926 πεποίηκας,
2523 4855 2609 4911 καὶ
2639 4855 2693 4911 ἐν
2721 4857 2797 4929 τῷ
2839 4854 2986 4929 νόμῳ
3016 4873 3109 4908 σου
3131 4853 3549 4932 κατεφύτευσας.

1469 5029 1772 5094 Addenda
1801 5034 1866 5094 et
1894 5029 2270 5110 corrigenda
2299 5049 2377 5098 ex
2407 5032 2548 5097 cod.
2583 5033 2787 5099 Vatic.

522 5220 614 5298 (4)
647 5212 924 5298 ’θρεέθηῖιο

525 5291 604 5378 (2)
642 5291 1193 5378 Ἐέτιλανθ-ανομὲκων,
1227 5292 1626 5378 οιοκἚφραῖιέο
1656 5293 1800 5378 γάρ».
1825 5297 1944 5378 etcf
1981 5301 2087 5351 κί’

443 5372 619 5454 νιαμὶν
676 5373 1021 5457 ἑρμηνεύεται
1091 5374 1198 5438 υἱός
1289 5372 1483 5439 δεξιᾶς.
1557 5373 1854 5439 Μανασσῆς
1910 5373 2086 5451 ἑρμη-

442 5462 648 5519 νεύεται
672 5454 1037 5527 ἐπιλησμονή.

520 5538 604 5623 (3)
637 5537 789 5596 Ἐλθὲ
835 5536 909 5602 εἷς
947 5535 1009 5591 τὸ
1040 5540 1205 5591 σῶσαι
1248 5535 1384 5611 ὑμᾶς
1415 5532 1552 5613 θεία,
1584 5541 1702 5595 elc-

2259 5209 2339 5290 (4)
2363 5209 2471 5290 gat
2493 5207 2691 5290 abest.

2253 5287 2330 5365 (δ)
2363 5287 2466 5351 Καὶ
2510 5288 2589 5351 ἒν.

2251 5369 2336 5448 (6)
2372 5370 2467 5427 Καὶ
2490 5391 2688 5447 καταγ.

2245 5457 2260 5526 (
2271 5449 2322 5526 ’1)
2354 5455 2664 5530 Παραινεϊς,
