4118 6208
456 319 604 385 1055
1240 323 1300 384 s.
1351 322 1766 385 ATHANASII
1815 322 1976 385 OPP.
2027 324 2220 388 PARS
2264 326 2367 386 ιιι.
2409 360 2474 369 -
2516 325 2972 388 EXEGETICA.
3676 308 3813 396 loss

531 455 631 549 30.
666 457 781 520 Aut
810 458 943 538 quis
973 455 1152 521 stabit
1182 473 1417 520 mecum
1449 458 1739 522 adversus
1768 466 2085 540 operantes
2107 471 2146 524 Α

2247 459 2351 522 30.
2398 459 2485 518 ’Ἦ
2527 463 2607 526 τίς
2637 466 3145 542 συμπαραστήσεται
3177 487 3269 540 μοι
3315 465 3402 523 ἐπὶ
3430 481 3550 534 τοῖς
3596 469 3814 549 ὶργαξο-

448 545 820 626 iniquitatem
845 554 872 610 ?

2175 551 2354 624 μένοις
2385 553 2483 618 τὴν
2513 552 2737 626 ἀνομίαν
2770 573 2784 631 ;

529 637 630 698 31.
658 637 783 699 Nisi
816 643 951 717 quia
982 637 1266 699 Dominus
1295 637 1519 717 adjuvit
1557 656 1650 700 me
1681 660 1693 696 :

2253 638 2354 702 31.
2387 637 2451 700 Ei
2496 643 2572 716 μὴ
2600 641 2682 698 ὅτι
2730 643 2924 721 Κύριος
2969 642 3232 714 ἐϐοήθησέ
3254 667 3346 720 μοι
3384 667 3395 680 ⁸

525 726 626 788 39.
663 727 840 789 Paulo
877 727 1069 789 minus
1100 728 1424 789 habitasset
1484 727 1546 788 in
1607 727 1841 790 inferno
1893 727 2090 790 anima

2254 727 2352 792 32,
2392 732 2536 809 Παρὰ
2563 732 2739 812 βραχὺ
2782 734 3073 810 παρῲκησε
3118 735 3194 809 τῷ
3224 733 3324 814 ᾅδῃ
3356 737 3390 805 ἡ
3425 739 3581 818 ψυχὴ
3613 762 3738 815 μω.

443 833 601 878 mea.

523 905 622 970 33.
661 904 719 968 Si
757 906 1026 968 dicebam
1065 929 1077 966 :
1114 907 1302 970 Motus
1327 915 1417 970 est
1451 924 1553 988 pes
1584 923 1752 968 meus
1784 921 1798 965 :

2253 906 2350 972 33.
2389 907 2452 969 Ei
2480 909 2665 989 ἔλεγον
2701 930 2714 944 ·
2749 913 3070 974 Σεσάλευται
3105 916 3132 970 ὃ
3157 918 3286 979 ποῦς
3331 939 3434 992 μου
3467 936 3480 951 ·

525 996 623 1061 34.
660 997 1065 1060 Misericordia
1115 1008 1234 1070 tua,
1282 997 1556 1072 Domine,
1620 994 1937 1076 adjuvabat
1966 1013 2085 1056 me.

1846 995 1937 1057 bat
1966 1013 2085 1056 me.
2249 997 2354 1060 34.
2388 1002 2459 1058 Τὸ
2503 998 2651 1062 ἔλεος
2699 1022 2816 1080 σου,
2864 999 3048 1083 Κύριε,
3099 1001 3309 1074 ἐϐοήθει
3355 1029 3472 1080 μοι,

521 1090 622 1150 35.
657 1087 994 1150 Secundum
1042 1088 1480 1149 multitudinem
1509 1086 1780 1148 dolorum
1817 1103 2084 1146 meorum

2252 1086 2350 1151 35.
2390 1089 2534 1146 Κατὰ
2565 1091 2625 1146 τὸ
2679 1089 2880 1157 πλῆθος
2933 1099 3038 1148 τῶν
3070 1091 3266 1151 hama“
3299 1118 3402 1170 μου
3430 1100 3488 1152 iv
3520 1105 3589 1174 τῇ
3636 1097 3821 1173 καρδίᾳ

441 1177 503 1238 in
535 1177 718 1240 corde
771 1197 927 1258 meo,
983 1179 1422 1240 consolationes
1477 1186 1593 1240 tuae
1639 1175 2067 1239 laetiﬁcaverun'

2192 1201 2271 1236 ιου
2306 1197 2322 1214 ⁸
2371 1180 2421 1235 αἶ
2451 1178 2815 1256 παρακλήσεις
2867 1203 2961 1238 σου
3019 1182 3277 1262 εὔφραναν
3328 1188 3426 1254 τὴν
3469 1188 3665 1268 ψυχὴν
3696 1210 3818 1264 μου.

441 1285 698 1329 animam
735 1286 952 1329 meam.

521 1359 622 1422 36.
656 1359 938 1439 Nunquid
969 1359 1233 1420 adhaeret
1263 1358 1368 1420 tibi
1394 1357 1571 1419 sedes
1602 1354 1957 1434 iniquitatis,

1854 1354 1957 1430 iis,
2243 1356 2343 1418 36.
2381 1356 2468 1423 Μὴ
2502 1359 2888 1434 σδμπροσέστω
2919 1383 3002 1417 σοι
3024 1361 3206 1439 θρόνος
3234 1363 3480 1438 ἀνομίας,

521 1447 619 1509 37.
651 1448 762 1520 Qui
796 1450 964 1527 ﬁngis
998 1448 1261 1510 laborem
1298 1449 1356 1508 in
1388 1449 1733 1527 praecepto?

2245 1445 2348 1507 37.
2386 1445 2444 1504 Ὀ
2477 1447 2730 1505 πλάσσὼν
2761 1449 2928 1506 κόπον
2959 1451 3044 1508 ἐπὶ
3070 1453 3447 1534 πρόσταγμαες

517 1537 618 1598 38.
652 1537 986 1617 Captabunt
1015 1539 1076 1599 in
1107 1539 1361 1599 animam
1386 1537 1531 1614 justi
1567 1556 1581 1595 :
1908 1621 1915 1622 γ

1908 1621 1915 1622 7
2243 1535 2343 1598 38.
2381 1538 2732 1615 Θηρεύσουσιν
2781 1540 2866 1596 ἐπὶ
2912 1542 3098 1622 ψυχὴν
3128 1540 3330 1598 δικαίου
3361 1559 3375 1574 ⁸

521 1625 621 1690 39.
659 1627 730 1688 Et
759 1627 1107 1704 sanguinem
1156 1627 1541 1688 innocentem
1569 1621 2076 1686 condemnabunt.

1751 1621 2076 1685 :mnabunt.
2243 1626 2344 1688 39.
2385 1628 2480 1684 Καὶ
2528 1628 2669 1701 αἷμα
2703 1629 2873 1687 ἀθῶον
2908 1630 3377 1690 καταδικάσονται.

523 1716 622 1777 40.
653 1716 726 1778 Et
754 1715 941 1777 factus
964 1725 1052 1777 est
1085 1715 1230 1776 mihi
1263 1715 1549 1778 Dominus
1575 1714 1632 1773 in
1663 1711 1956 1790 refugium
1993 1728 2006 1770 :

1993 1728 2006 1770 ε
2239 1714 2340 1776 40.
2378 1713 2481 1775 Καὶ
2509 1714 2718 1794 ἐγένετό
2748 1741 2839 1792 μοι
2870 1717 3064 1798 Κύριος
3109 1723 3180 1786 εἰς
3226 1722 3540 1800 καταφυγήν
3574 1743 3583 1753 ·

523 1804 618 1866 41.
656 1806 730 1868 Et
759 1809 916 1869 Deus
949 1825 1114 1867 meus
1146 1805 1589 1885 inadjutorium
1625 1801 1750 1882 spei
1782 1817 1951 1863 meai.

2240 1805 2338 1865 41.
2377 1803 2480 1864 Καὶ
2525 1808 2552 1861 ὁ
2598 1807 2725 1872 Sed;
2771 1831 2871 1883 μου
2911 1813 2984 1872 εἰς
3015 1811 3212 1886 βοηθὸν
3240 1809 3451 1872 ἐλπίδος
3487 1832 3612 1884 μου.

522 1896 622 1957 42.
657 1894 726 1955 Ει
751 1896 966 1958 reddet
995 1895 1112 1957 illis
1131 1894 1416 1956 Dominus
1445 1890 1828 1975 [secundum]
1861 1889 2077 1968 iniqui-
2103 1886 2139 1934 Β

2241 1891 2340 1955 42.
2371 1892 2476 1955 Καὶ
2535 1895 2797 1953 ἀποδώσει
2852 1903 3037 1963 αὗτοϊς
3093 1901 3276 1979 Κύριος
3329 1901 3425 1967 τὴν
3472 1898 3633 1979 [κατὰ
3691 1899 3819 1979 τὴν]

443 1989 624 2045 tatem
649 1984 937 2066 ipsorum.

2163 1984 2386 2058 ἀνομίαν
2421 1986 2590 2041 αὐτῶν
2602 2035 2613 2048 ,

519 2073 619 2138 43.
653 2079 734 2150 (α)
769 2075 841 2137 Et
870 2072 1197 2136 secundum
1222 2073 1505 2136 malitiam
1535 2089 1742 2135 eorum
1783 2093 1795 2127 :

1665 2089 1742 2132 Im
1783 2093 1795 2127 :
2247 2074 2349 2136 43.
2384 2071 2491 2136 Καὶ
2521 2077 2658 2132 κατὰ
2690 2077 2788 2145 τὴν
2814 2081 3075 2158 πονηρίαν
3120 2081 3291 2137 αὒτῶν

520 2165 621 2230 44.
657 2164 972 2246 Disperdet
998 2164 1133 2226 illos
1155 2163 1444 2227 Dominus
1468 2166 1630 2228 Deus
1661 2161 1917 2241 [noster]

2248 2162 2347 2226 44.
2381 2163 2634 2243 ’Δφανιεϊ
2665 2168 2849 2232 αὖτοὺς
2881 2166 3072 2245 Κύριος
3104 2172 3131 2226 ὁ
3165 2171 3294 2234 Θεὸς
3331 2168 3560 2249 [ἡμῶνῘ.

523 2390 607 2466 (a)
637 2383 810 2451 Vers.
836 2387 943 2461 43,‘
973 2387 1074 2466 44,
1105 2403 1262 2448 vers.
1311 2402 1487 2446 unus.

1575 2557 1986 2625 ATHANASII
2031 2555 2661 2632 INTERPBETATIO.

519 2787 620 2851 30.
653 2788 774 2850 Aut
794 2787 930 2866 quis
961 2785 1106 2848 mihi
1130 2803 1305 2866 opem
1335 2783 1482 2845 feret
1509 2792 1716 2846 contra
1742 2785 2082 2848 immundos

2246 2789 2373 2849 30..
2403 2789 2488 2848 ’Ἢ
2525 2815 2601 2856 τις
2634 2793 3075 2850 συναντελάκεταί
3103 2792 3191 2862 (1)
3242 2819 3333 2870 μοι
3357 2795 3444 2852 ἐπὶ
3474 2796 3539 2852 τὰ
3573 2795 3821 2870 πνεύμα-

437 2876 720 2958 spiritus?

2163 2899 2230 2935 τα
2261 2880 2526 2958 ἀκάθαρτα
2556 2903 2571 2959 ;

519 2971 620 3030 3t.
649 2967 774 3031 Nisi
805 2965 962 3028 Deus
1009 2965 1112 3029 Dei
1142 2965 1327 3028 Filius
1360 2963 1689 3045 adjuvisset
1723 2983 1836 3025 me.

2246 2967 2310 3030 3i
2332 3018 2346 3032 .
2386 2973 2441 3028 Εἰ
2486 2974 2563 3042 μὴ
2596 2977 2622 3028 ὁ
2655 2975 2783 3037 Θεὸς
2817 2983 2908 3032 τοῦ
2941 2981 3074 3030 Θεοῦ
3103 2969 3368 3044 ἐϐοήθησὲ
3400 2995 3509 3049 μοι.

523 3057 620 3119 32.
655 3055 839 3120 Paulo
873 3055 1066 3117 minus
1099 3054 1559 3136 permansissem
1607 3054 1664 3114 in
1714 3062 1904 3116 morte
1935 3071 2079 3133 pec-

2245 3057 2344 3120 33.
2381 3060 2510 3138 Παρ’
2543 3061 2721 3139 ὀλίγον
2752 3063 3073 3138 ἒναπέμεινα
3119 3069 3195 3135 τῷ
3251 3063 3461 3136 θανάτῳ
3491 3069 3590 3131 τῆς
3640 3062 3820 3140 ἆμαρ·-

481 3147 580 3209 ati.
2165 3149 2303 3212 τίας,

445 3167 623 3302 “33.
649 3235 711 3301 Si
743 3235 1016 3300 videbam
1055 3253 1150 3298 me
1181 3237 1372 3316 ipsum
1412 3234 1471 3295 in
1505 3233 1923 3306 tentatione,et
1959 3232 2071 3295 cla-

447 3327 677 3389 mabam
705 3328 776 3388 ad
815 3336 894 3389 te.

2189 3167 2303 3212 τιας.

2246 3238 2344 3302 33.
2383 3243 2438 3299 Εἰ
2495 3240 2716 3299 ἔϐλεπον
2776 3243 2960 3299 ἑαυτὸν
3019 3245 3426 3323 πειραζόμενον,
3477 3245 3567 3298 καὶ
3640 3239 3815 3298 ἐϐόων

2189 3333 2296 3389 ms.-
2325 3330 2406 3389 σέ.

447 3328 677 3391 mabam
705 3328 776 3388 ad
815 3336 894 3390 te.

815 3336 894 3390 te.
2166 3333 2296 3410 πρὸς
2325 3330 2405 3392 σέ.

523 3418 621 3482 34.
658 3415 783 3479 Nisi
817 3419 926 3482 Dei
959 3416 1144 3480 Filius
1173 3416 1397 3495 adjuvit
1429 3434 1546 3476 me.

2247 3418 2345 3483 34.
2376 3419 2532 3498 151(2)
2565 3423 2642 3497 μὴ
2687 3425 2714 3478 ὁ
2750 3424 2868 3486 ι’ἰὸς
2893 3429 2984 3480 τοῦ
3017 3429 3148 3479 Θεοῦ
3177 3421 3440 3493 ἐϐοήθησὲ
3477 3444 3590 3496 μοι.

520 3506 953 3571 35.Secundum
971 3506 1410 3568 multitudinem
1427 3504 1899 3568 adversariarum
1924 3511 2082 3583 pote-
2098 3530 2142 3581 ο

2248 3509 2343 3572 35.
2375 3512 2528 3574 Κατὰ
2583 3515 2643 3567 τὸ
2693 3511 2896 3578 πλῆθος
2944 3518 3048 3568 τῶν
3108 3513 3359 3570 ἐναντίων
3405 3509 3680 3584 δυνάμεων
3711 3515 3819 3565 τῶν

445 3605 658 3659 statum
689 3597 1126 3673 insurgentium
1161 3597 1220 3658 in
1247 3595 1431 3658 corde
1466 3615 1595 3656 meo
1623 3593 2071 3673 superabunda-

2195 3602 2595 3674 πανισταμένων
2646 3602 2699 3657 ἐν
2761 3604 2828 3677 τῇ
2901 3600 3085 3678 καρδίᾳ
3151 3624 3252 3675 μου
3305 3603 3817 3678 ὑπερεπερίσσευσεν

441 3689 522 3749 vit
551 3688 739 3767 gratia
771 3698 892 3760 tua,
926 3696 984 3747 et
1018 3688 1265 3766 ejiciens
1316 3686 1554 3747 illorum
1601 3683 1990 3760 cogitationes
2020 3679 2067 3741 ir

2194 3731 2197 3755 ι
2231 3691 2386 3768 χάρις
2437 3712 2552 3762 σου,
2588 3692 2672 3745 καὶ
2714 3689 2956 3746 ὶκὸιλὼν
3000 3692 3092 3752 τὰς
3126 3690 3342 3746 ἐκείνων
3393 3690 3710 3763 ἐνθυμήσεις
3745 3690 3820 3751 εἰς

442 3778 702 3840 laetitiam
736 3786 793 3837 et
821 3777 1101 3854 gaudium
1121 3777 1379 3837 animam
1415 3793 1608 3836 meam
1642 3771 1954 3834 convertit.

2165 3779 2484 3858 ιῦερροσύνην
2529 3782 2610 3835 κπιἓ
2647 3781 2820 3859 χαρὰν
2863 3777 3126 3854 μετέϐαλε
3157 3780 3253 3846 τὴν
3283 3779 3467 3854 ψογήν
3503 3800 3626 3853 μου.

522 3866 620 3929 36.
651 3864 929 3946 Nunquid
965 3864 1257 3927 inhabitat
1285 3865 1343 3924 in
1377 3863 1558 3924 corde
1593 3882 1722 3924 meo
1756 3859 2082 3922 dominatio

2247 3867 2346 3931 36.
2386 3871 2469 3935 Μὴ
2504 3869 2773 3926 ἐνοικείτω
2817 3869 2868 3925 ἐν
2914 3877 2981 3945 τῇ
3026 3867 3210 3947 καρδίᾳ
3259 3890 3360 3942 μου
3420 3867 3701 3923 δυναστεία
3730 3875 3823 3924 τοῦ

440 3953 688 4016 diaboli.

2166 3955 2434 4019 διαϐόλου.

523 4048 622 4109 3'7.
659 4045 880 4107 Volens
957 4045 1130 4107 vitam
1215 4045 1529 4108 instituere
1578 4044 1912 4107 secundum
1974 4041 2078 4105 Dei

2241 4048 2341 4109 37.
2378 4045 2435 4104 Ὀ
2469 4050 2600 4104 κατὰ
2635 4049 2694 4104 τὰ
2742 4047 2825 4125 (3)
2883 4049 3201 4126 πρόσταγμα
3233 4053 3324 4103 τοῦ
3371 4053 3503 4103 Θεοῦ
3533 4045 3819 4101 ἀσκεῖσθαι

445 4143 763 4217 praecepta.

2163 4137 2486 4214 βουλόμενος
2504 4183 2512 4199 .

523 4225 624 4288 38.
657 4223 987 4303 Captabunt
1015 4222 1175 4285 enim
1228 4223 1552 4298 diemones,
1589 4223 1639 4285 si
1691 4223 1816 4286 fieri
1864 4231 2077 4303 potest,

2243 4225 2342 4289 38.
2406 4229 2692 4304 Θηρεύουσι
2742 4230 2841 4307 γὰρ
2912 4229 2957 4284 oi
3015 4226 3282 4306 δαίμονες,
3327 4227 3372 4280 εί
3431 4222 3679 4296 δυιατὸν,
3735 4225 3857 4281 καὶ,

447 4315 622 4378 etiam
653 4313 882 4375 animas
904 4315 1114 4392 justas.

1101 4361 1114 4375 .
2172 4317 2352 4396 ψυχὰς
2384 4317 2587 4382 δικαίας
2617 4317 2693 4397 (4)
2706 4363 2720 4379 ,

523 4405 622 4469 39.
658 4403 729 4466 Ει
755 4404 985 4466 animas
1015 4412 1353 4465 sanctorum
1377 4411 1656 4480 tanquam
1692 4401 1922 4483 peccati
1954 4419 2090 4463 reas

2252 4405 2352 4468 39.
2391 4407 2495 4468 Καὶ
2549 4408 2642 4471 τὰς
2691 4413 2797 4462 τῶν
2828 4409 2990 4484 ἁγίων
3039 4407 3218 4485 ψυχὰς
3267 4412 3706 4483 συκοφαντοῦσιν,
3739 4403 3827 4467 ὣς

444 4494 991 4557 calumniabuntur.

2172 4495 2523 4570 ὑποκειμένας
2569 4497 2800 4576 ἁμαρτίᾳ

524 4585 622 4648 40.
660 4585 748 4648 Ad
775 4586 968 4666 ipsum
1032 4585 1191 4647 enim
1261 4583 1611 4662 confugiens
1644 4581 1928 4644 liberatus
1959 4597 2088 4641 sum

2257 4583 2356 4647 40.
2395 4585 2545 4659 Αὒτῷ
2615 4587 2714 4665 γὰρ
2784 4585 3136 4666 προσδραμὼν
3183 4584 3430 4663 ἒρῤῦσθην
3489 4583 3547 4640 ὲν
3608 4581 3693 4663 (6)
3750 4587 3831 4656 τῷ

443 4672 518 4736 ab
547 4675 806 4737 inimicis
839 4676 1011 4737 meis.

2114 4686 2160 4739 Β
2177 4679 2354 4756 ἔχε’ρῷ
2375 4697 2502 4748 μου.
2923 4669 2927 4674 ’

523 4766 622 4827 41.
654 4765 740 4828 Ex
772 4765 918 4846 ipsis
944 4783 1040 4827 me
1069 4764 1348 4827 redemit.

2251 4763 2350 4826 41.
2385 4761 2755 4840 Ἐλυτρώσατό
2781 4786 2846 4839 με
2881 4765 2970 4846 (Ἰ)
3001 4765 3050 4831 ἒξ
3084 4765 3253 4820 αὐτῶν

524 4859 624 4922 42.
659 4857 725 4920 In
756 4858 852 4919 die
874 4858 1115 4938 judicii.

2252 4855 2354 4917 4‘2.
2387 4853 2477 4910 Ἐν
2513 4859 2580 4928 τῇ
2613 4854 2786 4932 ᾑμέρᾳ
2820 4859 2920 4924 τῆς
2947 4856 3191 4935 κρίσεως.

527 4949 624 5021 43,
660 4947 756 5009 44.
797 4948 868 5012 Et
916 4949 1247 5010 secundum
1310 4964 1518 5010 eorum
1576 4943 1866 5008 malitiam
1899 4944 2118 5006 tradet

2254 4943 2353 5017 43,
2395 4942 2489 5004 44.
2557 4944 2651 5000 Καὶ
2690 4946 2823 5001 κατὰ
2871 4947 2968 5012 τὴν
3027 4946 3214 5001 κακίαν
3280 4943 3450 5000 αῦτών
3515 4939 3825 5018 παραδώσει

444 5037 506 5101 in
536 5036 894 5116 supplicium
927 5045 1241 5101 aeternum.

1236 5086 1241 5100 .
2176 5038 2248 5099 εἷς
2277 5036 2358 5112 (8)
2387 5033 2607 5089 κόλασιν
2632 5032 2862 5094 αἰώνιον.

1473 5229 1773 5296 Addenda
1805 5234 1871 5295 et
1899 5227 2275 5310 corrigenda
2305 5243 2380 5290 ex
2413 5227 2554 5291 cod.
2591 5226 2788 5291 Vatic.

540 5424 619 5498 (1)
648 5419 1065 5480 Συναντελάϐετό
1096 5445 1186 5499 μοι
1219 5423 1516 5496 πνεύματα,
1545 5429 1662 5484 etc.
2367 5416 2712 5499 ’ᾼμαρτίαις.

743 5493 1110 5597 εξδσπλαγχνία
1141 5525 1257 5583 σου,
1286 5493 1470 5582 Κῦριε,
1501 5493 1705 5572 ⁷ίιϐοήθη
1751 5524 1842 5578 μοι
2500 5493 2603 5554 τῶν
2637 5497 2844 5578 ἐχθρῶν
2889 5518 3014 5576 μου,
3059 5499 3123 5559 οι
3151 5493 3234 5556 ita
3263 5493 3384 5570 leg.

533 5584 610 5663 (3)
642 5585 712 5645 Τό
743 5584 932 5646 deest.
1243 5578 1254 5583 '
1370 5578 1378 5582 '
2269 5578 2349 5656 (7)
2384 5578 2487 5654 Γάρ
2527 5599 2617 5652 με.

533 5667 616 5724 ξι.
660 5669 897 5730 λ’γι”ἰι)·’,
2265 5657 2349 5737 (8)
2385 5658 2646 5738 Πονηρίαν
2691 5659 2861 5714 αὒτῶν
2893 5657 3191 5740 παραδώσει
3221 5656 3406 5718 αὺτούς
3436 5654 3537 5736 είς,
3571 5661 3692 5716 etc.
