4118 6208
475 379 620 445 1071
1273 380 1335 442 S.
1380 376 1805 442 ATHANASII
1849 373 2015 441 OPP.
2067 375 2256 439 PARS
2301 377 2408 438 ΙΙΙ.
2457 411 2529 420 -—
2578 376 3036 440 EXEGETICA.
3687 375 3854 442 1072

552 520 615 575 2.
646 512 765 586 Qui
793 511 968 575 sedes
987 528 1168 590 super
1195 508 1538 586 cherubim,
1575 516 1889 572 moveatur
1929 519 2107 572 terra.
2136 519 2170 564 A

2236 507 2336 608 Οἳ.
2373 505 2441 570 Ὀ
2485 509 2783 584 καθήμενος
2843 510 2926 568 ἐπὶ
2969 517 3074 567 τῶν
3136 505 3414 589 χερουϐὶμ,
3461 509 3775 577 σαλευθῆτω
3807 513 3842 578 ἦ

2199 621 2291 674 γη·

555 697 615 761 3.
646 695 934 760 Dominus
964 697 1022 754 in
1069 693 1212 755 Sion
1238 709 1515 770 magnus,

1444 709 1515 770 Is,
2281 685 2342 748 3.
2391 685 2590 767 Κύριος
2619 689 2674 746 ἐν
2705 692 2844 746 Σιὼν
2876 690 3070 770 μέγας³

555 787 612 846 4.
653 789 721 849 Ει
750 783 1022 846 excelsus
1051 800 1233 864 super
1257 799 1469 843 omnes
1512 779 1785 860 papulas.

2280 775 2345 837 4.
2389 774 2492 837 Καὶ
2522 777 2729 854 ὑψηλός
2761 779 2903 837 ἐστιν
2935 782 3020 837 ἐπὶ
3065 781 3261 846 πέντας
3292 782 3413 846 τοὺς
3459 781 3643 845 ὶαούς.

555 881 613 938 5.
643 874 1052 938 Conﬁteantur
1093 870 1356 951 [omnes]
1390 869 1615 931 nomini
1645 877 1742 930 tuo
1782 887 2032 947 magno:

2281 865 2342 926 5.
2400 864 3023 946 Ἐξομολογησείσθωσαν
3085 868 3329 952 [πάντες]
3387 876 3464 943 ιῷ
3493 871 3717 945 ὀνόματί
3761 893 3859 927 σου

2202 977 2278 1029 τῳ
2307 955 2551 1034 μεγάλῳ·

561 1059 618 1122 6.
656 1055 947 1130 Quoniam
983 1050 1275 1130 terribile,
1312 1058 1370 1110 et
1400 1056 1673 1111 sanctum
1707 1061 1834 1110 est:

1627 1067 1673 1109 m
1707 1061 1794 1109 est
1821 1067 1834 1110 ζ
2282 1044 2343 1106 6.
2388 1043 2531 1108 ”Οτι
2563 1045 2785 1127 φοϐερὸν
2814 1050 2900 1106 καὶ
2931 1049 3083 1126 ἅγιόν
3115 1049 3253 1112 ἐστι,

557 1150 590 1209 '7
610 1195 623 1210 .
653 1147 727 1209 Et
751 1144 942 1206 honor
969 1143 1130 1219 regis
1155 1140 1451 1220 judicium
1485 1137 1694 1216 diligit.

2285 1133 2344 1195 7.
2370 1132 2473 1195 Καὶ
2503 1137 2635 1208 τιμὴ
2667 1136 2924 1214 βασιλέως
2957 1141 3126 1217 κρίσιν
3154 1139 3359 1217 ἀγαπᾷ.

563 1238 624 1297 8.
657 1236 744 1296 Tu
779 1231 992 1313 parasti
1028 1229 1430 1290 directiones:

2289 1223 2348 1284 8.
2384 1225 2455 1280 Σὺ
2485 1225 2784 1302 ἡτοίμασας
2812 1228 3119 1294 εὖθύτητας·

559 1326 618 1385 9.
652 1321 954 1386 Judicium
988 1327 1049 1380 et
1077 1318 1358 1394 justitiam
1395 1318 1455 1378 in
1487 1317 1667 1379 Jacob
1700 1326 1757 1376 tu
1782 1317 1999 1378 fecisti.

2289 1313 2350 1373 9.
2396 1315 2582 1392 Κρίσιν
2611 1319 2697 1372 καὶ
2747 1313 3084 1382 δικαιοσύνην
3131 1317 3184 1372 ἐν
3234 1315 3423 1373 Ἰακὼϐ
3469 1319 3527 1374 οὺ
3561 1318 3858 1381 ἐποίησας.

570 1416 661 1474 10.
697 1410 958 1471 Exaltate
989 1405 1300 1466 Dominum
1331 1407 1519 1468 Deum
1556 1411 1821 1466 nostrum
1852 1426 1863 1467 :
2067 1465 2076 1474 ,

1744 1423 1821 1464 Im
1852 1426 1863 1467 ζ
2067 1465 2076 1474 ,
2291 1402 2389 1463 10.
2426 1401 2648 1478 ’Υψοῦτε
2683 1407 2866 1483 Κύριοι
2901 1405 2991 1460 τὸν
3023 1407 3153 1460 Θεὸν
3195 1408 3370 1480 ἡμῶν

564 1505 663 1566 ll.
693 1501 762 1562 Et
795 1505 1037 1560 adorato
1059 1496 1385 1558 scabellum
1420 1497 1636 1576 pedum
1663 1497 1794 1575 ejus
1822 1517 1836 1556 :

2299 1498 2389 1552 ll.
2422 1488 2534 1552 Καὶ
2558 1507 2904 1570 προσκυνεῖτε
2935 1517 3010 1568 τῳ
3039 1492 3307 1566 ὑποποδίῳ
3325 1499 3429 1551 τῶν
3461 1495 3635 1552 ποδῶν
3668 1494 3859 1549 πῖιτοῦ·

565 1591 661 1655 12.
698 1586 984 1662 Quoniam
1019 1595 1258 1648 sanctus
1287 1594 1398 1647 est.

1287 1594 1398 1647 est.
2290 1577 2383 1640 12.
2422 1577 2565 1642 ’Ὁτι
2595 1583 2747 1660 ἅγιός
2769 1583 2903 1644 ἐστι.

567 1681 667 1744 13.
706 1681 956 1758 Moyses,
994 1687 1052 1738 et
1087 1675 1278 1736 Aaron
1310 1674 1369 1734 in
1401 1674 1814 1736 sacerdotibus
1845 1675 1999 1754 ejus,

2293 1668 2390 1730 13.
2428 1676 2678 1745 Μωυσῆς,
2715 1675 2802 1729 καὶ
2856 1671 3062 1751 Ἀαρὼν
3093 1673 3148 1728 ἐν
3180 1686 3296 1735 τοῖς
3325 1676 3556 1753 ἱεριῦσιη
3590 1673 3773 1748 αὖτοῦ,

545 1773 630 1835 14.
665 1769 736 1830 Et
767 1765 1006 1828 Samuel
1052 1766 1213 1826 inter
1245 1781 1373 1839 eos,
1421 1764 1518 1841 qui
1570 1763 1860 1825 invocant
1907 1779 2124 1823 nomen

2295 1760 2391 1821 14.
2429 1758 2531 1820 Καὶ
2580 1761 2835 1837 Σαμουὴλ
2869 1761 2920 1818 ἐν
2949 1776 3066 1824 τοῖς
3097 1761 3548 1841 ἐπικαλουμένοις
3597 1765 3660 1820 τὸ
3691 1764 3864 1838 ὄνομα

482 1870 636 1934 ejus,

2153 1884 2188 1934 Β
2213 1870 2391 1927 αυτου,

513 1882 636 1932 τηε,

513 1882 662 2013 ³15.
717 1946 1072 2010 Invocabant
1121 1942 1461 2016 Dominum,
1498 1951 1555 2004 et
1600 1943 1729 2023 ipse
1771 1940 2126 2005 exaudiebat

2236 1882 2392 1927 ιυιυυ,

2297 1939 2388 1999 15.
2430 1937 2820 1996 Ἐπεκαλοῦντο
2853 1942 2942 1996 τὸν
2995 1943 3204 2022 Κύριον,
3254 1946 3340 2000 καὶ
3384 1946 3541 2008 αὐτὸς
3575 1943 3862 2011 εἶσήκουεν

485 2060 610 2105 808.

2213 2028 2406 2087 αὐτῶν,

569 2129 665 2191 16.
698 2127 764 2189 In
797 2125 1077 2188 columna
1116 2123 1293 2186 nubis
1335 2122 1690 2203 loquebatur
1730 2124 1804 2184 ad
1839 2140 1965 2183 eos.

2299 2115 2394 2175 16.
2436 2112 2528 2176 Ἐν
2551 2116 2728 2182 στόλῳ
2751 2117 2976 2198 νεφέλης
3011 2119 3186 2176 ξλάλει
3219 2124 3352 2200 πρὸς
3400 2121 3614 2184 αὐτούς.

570 2219 666 2281 17.
695 2216 986 2290 Quoniam
1018 2211 1432 2275 custodiebant
1462 2211 1799 2274 testimonia
1827 2213 1980 2290 ejus,

1867 2213 1980 2290 ius,
2300 2204 2397 2267 1Ἷ.
2437 2203 2570 2264 ’Ὅτι
2595 2205 2889 2286 ἐφύλασσον
2932 2211 2994 2265 τὰ
3025 2211 3280 2288 μαρτύρια
3316 2210 3493 2289 αὖτοῦ,

1618 2384 2028 2452 ATHANASII
2073 2381 2702 2450 lNTERPRETATIO.

487 2584 652 2652 ἱκανῷ
694 2585 761 2654 τῇ
787 2581 926 2656 χειρὶ
954 2598 1030 2647 τῳ
1055 2577 1157 2645 Υἱῳ
1185 2580 1275 2629 τοῦ
1307 2580 1458 2628 Θεοῦ.
1497 2570 1635 2628 Εἶτα
1666 2570 2018 2647 ἀνεπίγραφος
2061 2566 2182 2645 παρ’
2234 2565 2506 2644 Ἑϐραίοις
2544 2584 2558 2598 ·
2617 2562 2974 2644 ἀπρὸσδεκτος
3006 2565 3088 2636 (1)
3119 2565 3219 2642 γάρ
3247 2564 3388 2620 ἐστιν
3431 2563 3557 2646 παρ’
3590 2563 3869 2645 Ἑϐραίοις

492 2675 520 2728 δ
549 2673 849 2748 ἐγκείμενος
893 2669 945 2723 ἐν
991 2674 1066 2739 τῷ
1109 2665 1328 2741 ψαλμῷ,
1377 2664 1646 2721 τοδτὲστιν
1692 2665 1719 2717 ὁ
1771 2663 1888 2720 Υἱὸς
1934 2669 2025 2717 τοῦ
2073 2669 2232 2720 Θεοῦ.

492 2763 720 2827 Deinde
748 2763 877 2822 sine
909 2759 1086 2821 titulo
1115 2758 1278 2837 apud
1311 2757 1592 2819 Hebraeos
1628 2776 1640 2814 :
1679 2764 1958 2834 exceptus
1989 2753 2146 2816 enim
2183 2773 2297 2816 non
2332 2763 2422 2816 est
2442 2752 2514 2814 ali
2548 2751 2838 2828 Hebraeis,
2877 2753 3061 2834 quiin
3095 2753 3322 2834 psalmo
3351 2754 3727 2834 continetur,
3759 2755 3874 2815 hoc

497 2863 587 2918 est
619 2853 724 2916 Dei
754 2852 958 2914 Filius.

577 2947 637 3009 2.
683 2946 798 3021 Qui
826 2943 998 3007 sedes
1029 2959 1209 3021 super
1243 2939 1593 3012 Cherubim,
1628 2939 1688 2999 in
1735 2941 2136 3018 cognitionem
2158 2960 2199 3009 ο

2306 2943 2366 3008 2.
2404 2943 2462 3001 Ὀ
2484 2942 2782 3017 καθήμενος
2807 2942 2895 2999 ἐπὶ
2919 2949 3024 2998 τῶν
3047 2940 3328 3021 χερουϐἰμ,
3366 2945 3438 3005 εὶς
3468 2942 3559 3020 (Ξ)
3583 2943 3875 3021 ἐπίγνωσιν

499 3037 736 3099 veniant
764 3042 997 3115 gentes.

2225 3031 2348 3108 ἔλθῃ
2383 3034 2448 3088 τὰ
2479 3031 2602 3098 ἔθνη
2615 3080 2626 3093 .

585 3126 642 3190 3.
675 3124 743 3186 In
793 3120 1108 3185 animabus
1159 3118 1498 3180 sitientibus
1537 3135 1672 3180 eum
1726 3135 1971 3197 magnus
2021 3130 2144 3180 est.

2308 3119 2365 3184 3.
2399 3118 2474 3181 Ev
2503 3133 2624 3184 ταῖς
2647 3124 2859 3200 ψυχαῖς
2893 3132 3019 3186 ταῖς
3039 3119 3294 3196 διψώσαις
3325 3123 3484 3178 αὐτὸν
3507 3119 3676 3200 μέγας
3707 3121 3879 3202 ὶστίι,

505 3217 655 3280 Sion
685 3214 845 3276 enim
871 3213 1296 3290 interpretatur
1317 3209 1560 3270 sitiens.

1517 3225 1560 3269 Β.
2229 3211 2368 3266 Σιὼν
2399 3211 2498 3288 γὰρ
2527 3208 2735 3285 διψῶσα
2776 3209 3143 3287 ἑρμηνεύεται,

583 3308 642 3369 4.
676 3301 1050 3366 Gloriﬁcatus
1081 3297 1142 3358 in
1173 3296 1475 3376 gentibus.

2310 3302 2370 3362 Δ,
2409 3297 2795 3371 Δεδοξασμένος
2824 3296 2878 3354 ἒν
2921 3311 3041 3362 τοῖς
3073 3297 3262 3359 ἔθνεσι.

589 3399 648 3455 5.
684 3396 941 3456 Peccata
971 3408 1098 3450 sua.

2313 3388 2373 3448 5.
2409 3389 2513 3453 Τὰς
2543 3389 2802 3466 ἁμαρτίαις
2835 3390 3026 3446 αὐτῶν.

588 3485 644 3542 6.
683 3482 970 3554 Quoniam
997 3475 1365 3551 honorabile,
1415 3486 1474 3539 et
1511 3476 1848 3539 immortale
1876 3485 1987 3538 est.

1730 3476 1848 3537 tale
1876 3485 1987 3538 est.
2315 3476 2375 3540 6.
2403 3476 2538 3535 ’Ὅτι
2569 3475 2776 3551 ἒιτιμον
2812 3478 2898 3532 καὶ
2933 3478 3190 3534 ἀθάνατόν
3222 3477 3356 3538 ἐστι.

587 3574 647 3636 ’7.
681 3573 756 3635 Et
785 3569 973 3648 gloria
997 3566 1132 3630 Filii
1163 3564 1268 3627 Dei
1302 3584 1504 3627 verum
1526 3565 1742 3644 diligit.

2317 3567 2372 3626 Ἰ.
2407 3567 2512 3628 Καὶ
2539 3568 2573 3635 ἡ
2600 3565 2722 3631 δόξα
2749 3572 2840 3622 τοῦ
2873 3569 2994 3626 fiat”)
3025 3577 3115 3625 τοῦ
3145 3574 3275 3624 Θεοῦ
3318 3570 3380 3623 τὸ
3421 3567 3616 3637 ἀληθὲς
3661 3569 3877 3648 ἃγατιᾷ.

588 3663 648 3726 8.
679 3660 947 3723 Mandata
991 3665 1088 3718 tua
1115 3665 1250 3716 ante
1280 3655 1761 3716 constitutionem
1795 3655 2022 3716 mundi.

2316 3655 2376 3718 8.
2413 3656 2515 3720 Τὰς
2547 3654 2762 3718 ἐντολάς
2809 3677 2900 3712 σου
2942 3654 3031 3735 (3)
3081 3657 3181 3735 πρὸ
3211 3654 3516 3726 καταϐολῆς
3548 3659 3777 3734 κόσμου.

589 3752 648 3816 9.
684 3750 924 3828 Legem.
960 3755 1018 3808 et
1054 3746 1374 3826 prophetas
1425 3744 1485 3805 in
1536 3745 1754 3824 populo
1805 3743 2148 3806 Judaaorum

2312 3743 2372 3806 9.
2421 3746 2521 3802 Τὸν
2554 3744 2715 3818 νόμον
2746 3745 2831 3801 καὶ
2857 3746 2935 3822 (4)
2967 3747 3244 3824 προφήτας
3277 3746 3332 3802 ἐν
3361 3767 3440 3820 τῳ
3468 3746 3584 3822 λαφ
3614 3749 3721 3803 τῶν
3749 3746 3887 3807 ’1ου-

511 3853 573 3904 tu
599 3839 833 3901 dedisti.

2231 3831 2387 3891 δαίων
2431 3834 2494 3890 σὺ
2537 3831 2756 3896 ἔδωκας.

601 3928 692 3990 10.
729 3925 1091 3988 Gloriﬁcate.

2314 3922 2416 3985 10.
2467 3921 2731 3988 Δοξάσατε

596 4025 695 4095 ll,
731 4015 823 4078 12.
861 4015 1113 4076 Crucem
1145 4012 1297 4090 ejus.

2322 4013 2418 4092 li,
2446 4010 2542 4073 12.
2594 4022 2676 4084 Τῳ
2697 4017 2905 4092 σταυρώ
2953 4015 3132 4076 αὐτοῦ,

603 4109 695 4167 l3.
729 4103 964 4166 Fideles
1011 4101 1187 4162 veluti
1230 4101 1460 4179 Moyses
1510 4101 1569 4160 in
1619 4101 2060 4179 praedicatione,
2095 4106 2155 4160 et

2320 4099 2418 4162 13,
2447 4099 2518 4164 Οἱ
2547 4102 2723 4158 πιστοὶ
2751 4105 2825 4164 ὡς
2847 4107 3074 4170 Μωυσῆς
3121 4105 3194 4169 εἷς
3213 4104 3274 4160 τὸ
3305 4105 3578 4185 κήρυγκα³
3608 4108 3698 4163 καὶ
3731 4113 3889 4166 πᾶσα

515 4192 708 4259 omnis
739 4190 1028 4252 Ecclesia.
1066 4193 1276 4249 Aaron
1321 4190 1479 4248 enim
1534 4188 1960 4270 interpretatur
1987 4205 2141 4250 mon.l

2260 4215 2274 4259 ι
2325 4187 2639 4255 Ἐκκλησία.
2675 4189 2879 4270 Ἀαρὼν
2915 4193 3014 4271 γὰρ
3038 4194 3384 4272 ἑρμηνεύεται
3411 4193 3533 4272 ὄρος
3578 4191 3886 4272 δυνάμεως,

518 4281 787 4347 virtutis.
822 4277 1015 4358 qualis
1045 4285 1134 4337 est
1163 4274 1432 4338 Ecclesia
1463 4275 1751 4339 ﬁdelium.

1722 4302 1751 4339 π.
2182 4355 2213 4358 _
2242 4278 2371 4357 ὅπερ
2413 4277 2554 4335 ἐστὶν
2581 4281 2616 4346 ἡ
2659 4277 2954 4347 Ἐκκλησία
2987 4288 3094 4338 τῶν
3123 4288 3348 4340 πιστῶν.

600 4371 699 4432 14.
733 4355 995 4447 Populus
1025 4363 1252 4425 habens
1283 4379 1498 4424 nomen
1528 4363 1637 4424 Dei
1700 4366 1810 4426 hoc
1859 4376 1949 4427 est
1988 4355 2223 4429 Chri-D

2327 4355 2420 4431 14.
2471 4367 2529 4426 Ὀ
2553 4366 2680 4434 λαὸς
2709 4371 2737 4426 ὃ
2767 4369 2914 4449 ἔχων
2940 4373 3000 4426 τὸ
3022 4369 3191 4446 ὄνομα
3215 4369 3306 4450 (ὃ)
3335 4383 3427 4432 τοῦ
3454 4381 3610 4449 Θεοῦ,
3644 4376 3896 4433 τουτέστι

519 4462 766 4523 stianus.
804 4457 952 4519 Nam
987 4453 1232 4519 Samuel
1280 4452 1706 4534 interpretatur
1754 4471 1978 4517 nomen
2027 4457 2145 4529 eius

2271 4457 2572 4536 ἰριστιανός,
2622 4457 2876 4533 Σαμουὴλ
2920 4463 3020 4540 γὰρ
3065 4461 3408 4538 ἑρμηνεύεται
3453 4462 3626 4538 ὄνομα
3657 4464 3825 4522 αὗτοῦ
3873 4469 3897 4522 δ

523 4549 708 4612 Deus.

2243 4548 2397 4610 Θεός.

610 4641 702 4701 15.
739 4633 997 4700 Fideles.

2326 4637 2426 4698 15.
2459 4639 2518 4694 Οἱ
2562 4638 2740 4694 πιστοί

605 4729 704 4792 16.
737 4727 799 4786 In
822 4722 1130 4804 apostolis,
1151 4719 1251 4801 qui
1285 4738 1354 4782 ex
1389 4720 1701 4801 prophetis
1729 4731 1923 4797 erant,
1952 4721 2164 4802 praedi-

2330 4724 2430 4812 ‘16.
2463 4722 2552 4781 Ἐν
2597 4737 2713 4788 τοῖς
2736 4725 3057 4792 ἀποστόλοις
3087 4742 3206 4794 τοῖς
3246 4730 3338 4809 (8)
3360 4731 3420 4788 ἐκ
3460 4733 3562 4798 τῆν
3598 4741 3899 4812 προφητῶν

524 4819 672 4880 cavit
704 4814 816 4877 eis.

2250 4811 2499 4888 εκήρυξεν
2543 4815 2726 4880 αὐτοῖς
2738 4859 2751 4877 .

610 4909 706 4969 l7.
742 4902 1034 4976 Quoniam
1061 4899 1450 4963 crediderunt
1482 4901 1544 4962 in
1568 4901 1870 4963 doctrinas
1901 4901 2054 4980 ejus,

2331 4900 2428 4964 17.
2462 4899 2602 4964 ’Ότι
2646 4903 2958 4961 ἐπίστεασσν
2990 4905 3070 4985 (9)
3117 4907 3169 4965 ἐν
3213 4920 3328 4975 τοῖς
3359 4912 3677 4985 μαθήμασιν
3709 4912 3902 4972 αὑτοῦ.

1559 5135 1860 5200 Addenda
1889 5140 1952 5199 et
1982 5133 2356 5213 corrigenda
2383 5154 2461 5204 ex
2493 5137 2632 5203 cod.
2669 5138 2866 5203 Vatic.

575 5376 582 5382 .
617 5335 696 5413 (1)
727 5330 1016 5413 Τουτέστιν
1095 5329 1446 5410 ἀπρόσδεκτος
1505 5328 1629 5406 παρ’
1672 5325 1943 5406 Ἑϐραίοις
1989 5326 2045 5383 ἓν
2098 5335 2174 5401 τῷ
2463 5329 2732 5413 Auﬁdum:
2776 5331 2956 5393 αὐτόν.

575 5335 696 5413 .(1)
727 5331 1016 5393 Τουτέστιν
1095 5331 1446 5410 ἀπρόσδεκτος
1505 5331 1629 5406 παρ’
1672 5331 1943 5406 Ἑϐραίοις
1989 5331 2045 5383 ἐν
2098 5335 2159 5401 τῆ

533 5414 731 5490 ψαλμῷ
759 5410 1027 5489 βασιλεύς,
1068 5419 1184 5474 etc.

1123 5331 1446 5410 ιπρόσδεκτος
1505 5331 1629 5406 παρ’
1672 5331 1943 5406 Ἑϐραίοις
1989 5331 2045 5383 ἐν
2098 5335 2174 5401 τῷ
2363 5331 2424 5410 5)
2465 5331 2732 5396 Δοξάσασιι

1123 5427 1184 5474 .c.
2336 5331 2424 5490 $6)
2459 5409 2749 5490 ’ρνόματαο

732 5486 859 5554 Ἐπὶ
876 5496 1095 5569 γνῶσιν.

2458 5486 2525 5552 Οἱ
2547 5486 2724 5575 πιστοὶ
2765 5493 3034 5575 ὑπῆρχον.

644 5572 702 5651 3)
743 5580 877 5633 Mou.

2337 5573 2432 5652 (8)
2453 5580 2605 5652 ,Τοῖς
2626 5571 2816 5637 deest.

621 5649 698 5734 (4)
727 5655 822 5711 Καὶ
854 5654 999 5727 τούς,
1033 5658 1155 5719 etc.

2341 5649 2423 5731 (9)
2452 5649 2787 5730 Ἐπίστιυον,
2834 5663 2980 5733 etc.,
3013 5657 3343 5734 παοὴμασιν.
