4104 6214
547 300 698 365 1079

619 436 681 499 8.
729 438 1053 501 Percussus
1082 457 1212 500 sum
1245 446 1306 500 ut
1334 438 1561 512 fenum,

616 530 678 587 9.
724 524 797 587 Et
836 527 991 589 aruit
1021 545 1125 589 cor
1149 545 1347 590 meum
1388 549 1401 590 :

627 620 718 676 10.
768 614 917 688 Quia
944 614 1168 679 oblitus
1196 635 1330 678 sum
1362 617 1682 680 comedere
1700 636 1919 699 panem
1954 639 2181 685 meum.

630 703 780 765 11.Α
811 720 960 768 voce
982 706 1237 784 gemitus
1270 705 1386 767 mei
1415 705 1666 769 adbmsit
1695 725 1762 769 os
1791 726 1986 770 meum
2019 710 2184 771 carni

545 809 714 853 mea.

622 880 719 943 42.
765 881 990 945 Similis
1017 884 1205 947 factus
1235 903 1366 947 sum
1402 883 1675 965 pelicano
1707 888 2048 950 solitudinis
2084 912 2097 949 :

624 970 721 1032 13.
770 974 982 1033 Factus
1009 991 1140 1035 sum
1172 975 1327 1036 sicut
1354 973 1693 1054 nysticorax
1722 977 1784 1037 in
1807 975 2134 1042 domicilio.

624 1060 724 1122 14.
770 1058 1041 1142 Vigilavi,
1075 1071 1134 1125 et
1158 1063 1345 1125 factus
1384 1082 1518 1124 sum
1550 1065 1704 1127 sicut
1734 1084 1941 1147 passer
1973 1067 2181 1131 solita-

541 1149 663 1209 rius
694 1149 755 1211 in
787 1156 967 1213 tecto.

628 1240 723 1302 15.
773 1238 922 1302 Tota
952 1242 1050 1306 die
1081 1242 1699 1322 exprobrabant.mibi
1753 1245 1981 1308 inimici
2017 1250 2130 1310 mei
2170 1270 2182 1311 :

626 1328 724 1392 16.
774 1328 845 1391 Et
874 1336 973 1411 qui
1007 1331 1329 1393 laudabant
1365 1350 1459 1394 me
1500 1332 1811 1397 adversum
1877 1356 1969 1398 me
2021 1338 2187 1415 jura-

546 1417 707 1482 banL

633 1510 724 1571 17.

547 1597 681 1659 bam
719 1617 731 1659 :

630 1688 726 1750 18.

634 1776 729 1840 19.

772 1509 924 1581 Quia
962 1512 1227 1572 cinerem
1281 1519 1555 1591 tanquam
1606 1530 1820 1591 panem
1856 1516 2186 1577 manduca-

774 1692 843 1751 Et
872 1698 1076 1767 potum
1112 1706 1308 1751 meum
1342 1706 1475 1751 cum
1506 1690 1647 1751 ﬂetu
1679 1691 2030 1753 miscebam.

783 1778 830 1838 A
865 1777 1015 1839 facie
1037 1778 1140 1839 im
1162 1786 1298 1858 tuae,
1333 1787 1391 1839 et
1419 1777 1842 1857 indignationis
1873 1789 2007 1843 tum.

625 1958 730 2019 20.
777 1956 927 2029 Quia
960 1956 1201 2019 elevans
1233 1956 1471 2020 allisisti
1504 1975 1623 2019 me.

627 2047 724 2107 24.
775 2044 917 2108 Dies
950 2047 1065 2107 mei
1096 2047 1253 2110 sicut
1275 2046 1487 2108 umbra
1516 2045 1965 2110 declinaverunt
2005 2071 2015 2104 :

626 2134 726 2197 22.
775 2136 847 2196 Ει
875 2152 985 2215 ego
1017 2135 1170 2197 sicut
1198 2134 1403 2198 fenum
1435 2135 1587 2198 arui.

627 2223 724 2284 23.
774 2222 863 2285 Tu
913 2232 1134 2301 autem,
1197 2224 1473 2289 Domine.
1515 2224 1575 2286 in
1607 2232 1891 2287 aeternum
1951 2245 2191 2307 perma-

1333 307 1393 368 S.
1443 305 1862 371 ATHANASII
1906 311 2070 371 OPP.
2122 305 2312 373 PARS
2356 312 2463 374 III.
2516 348 2587 357 --
2638 306 3093 377 EXEGETICA.

2216 1822 2250 1869 Β
2358 1786 2452 1847 49.

3749 314 3869 383 1080

2198 454 2231 497 Α
2342 443 2401 503 8.
2452 442 2735 522 Ἐπλήγην
2766 445 2893 501 ὡσεί
2925 444 3147 524 χόρτος,

2346 533 2406 590 9.
2462 536 2559 591 Καὶ
2589 532 2848 611 ἐξηράνθη
2881 535 2915 600 ἡ
2944 530 3127 610 καρδία
3170 550 3295 607 μου³

2352 621 2446 685 10.
2497 622 2629 680 ’Ὅτι
2662 622 3001 698 ἐπελαθόμην
3033 633 3125 682 τοῦ
3146 636 3335 701 φαγεῖν
3368 624 3458 678 τὸν
3490 623 3647 703 ὰρτον
3682 647 3791 698 μου.

2353 718 2472 773 11-
2520 710 2658 770 Ἀπὸ
2689 713 2868 793 φωνῆς
2900 722 2993 771 τοῦ
3044 720 3343 791 στεναγμοῦ
3399 735 3499 787 μου
3553 712 3804 782 ἐκολλήθη
3831 718 3880 771 τὸ

2274 805 2451 858 δστοῠν
2482 823 2583 876 μου
2614 801 2683 877 τῇ
2729 803 2880 880 σαρκί
2925 823 3048 877 μου.

2347 890 2446 952 12.
2495 890 2802 967 Ὠμοιώθην
2838 889 3087 947 πελεκᾶνι
3122 892 3387 967 ὲρημικῷ’

2350 978 2446 1043 13,
2502 978 2799 1059 Ἐγενήθην
2838 981 2964 1036 ὡσεὶ
2997 979 3303 1057 νυκτικόραξ
3343 980 3398 1036 ἐν
3429 980 3704 1056 οἱκοπέδῳ.

2351 1070 2448 1132 14.
2500 1070 2865 1151 Ἠγρόπνησα,
2900 1071 2987 1127 καὶ
3018 1071 3277 1148 ἐγενόμην
3326 1073 3399 1134 ὡς
3430 1074 3689 1149 στρουθίον
3737 1074 3885 1147 μανά.

2269 1167 2357 1230 ζον
2387 1159 2471 1216 ἐπὶ
2500 1158 2745 1235 δώματος
2776 1158 3089 1239 [ἐγενήθην,
3138 1168 3282 1234 etc.,
3316 1158 3564 1237 δώματιι,

2356 1249 2451 1311 15.
2504 1250 2685 1321 ’Ὅλην
2732 1253 2828 1317 τὴν
2861 1248 3066 1328 ἡμέραν
3096 1247 3359 1321 ὠνείδιζόν
3389 1272 3455 1324 με
3487 1252 3532 1306 οἱ
3567 1251 3742 1330 ἰχθροί
3776 1274 3882 1315 μου.

2362 1339 2450 1401 16.
2544 1343 2636 1397 Καὶ
2722 1343 2766 1396 οἱ
2834 1339 3165 1400 ἐπαινοῦννὲς
3253 1361 3318 1410 με
3406 1338 3525 1395 κατ’
3580 1342 3712 1413 εμοῦ
3778 1340 3883 1413 ὧι.-

2275 1451 2415 1492 νυον,

2360 1520 2451 1580 17.
2504 1517 2641 1576 ’Ὅτι
2674 1518 2867 1575 σποδὸν
2898 1520 3021 1575 ὡσεὶ
3053 1519 3209 1595 ἄρτον
3243 1517 3458 1597 ἔφαγον

2362 1698 2430 1761 18
2508 1700 2603 1755 Καὶ
2633 1698 2693 1753 τὸ
2726 1699 2873 1771 πόμα
2903 1719 3003 1769 μου
3034 1699 3168 1771 μετὰ
3199 1696 3470 1772 κλαυθμοῦ
3499 1698 3733 1775 ἐκίρνων.

2502 1785 2637 1842 Ἀπὸ
2666 1786 2948 1863 προσώπου
2990 1791 3089 1853 τῆς
3134 1785 3295 1863 ὅργῆς
3352 1809 3467 1865 σου,
3500 1790 3587 1843 καὶ
3638 1795 3726 1844 τοῦ
3750 1787 3895 1861 ὼμοῦ

2278 1898 2390 1934 σου.

2357 1963 2435 2027 20
2505 1964 2638 2021 ’Ὅτι
2673 1964 2870 2039 ἐπάρας
2902 1963 3216 2042 κατέρῤαξάς
3238 1986 3327 2038 με.

2358 2055 2458 2115 21.
2508 2055 2567 2109 Αἰ
2611 2054 2806 2127 ἡμέραι
2839 2076 2940 2128 μου
2972 2055 3098 2110 ὡσεὶ
3128 2055 3251 2109 σκιὰ
3297 2053 3601 2120 ἑκλίθησαν·

2356 2142 2455 2205 92.
2509 2144 2668 2220 Κάγὼ
2697 2144 2821 2199 ὡσεὶ
2849 2143 3045 2222 χόρτος
3076 2141 3387 2219 ἓξῃρανθην,

2359 2232 2457 2295 23.
2507 2234 2579 2288 Σὺ
2600 2230 2678 2310 δὲ,
2718 2233 2891 2308 Κύριε,
2926 2234 2997 2293 εἰς
3030 2233 3119 2287 τὸν
3158 2233 3318 2288 αἰῶνα
3350 2231 3548 2305 μένεις·

1696 2392 2101 2461 ATHANASII
2148 2376 2768 2464 INTEnPnETA'rlo.

629 2574 689 2637 8.
740 2574 987 2637 Concidi
1019 2574 1363 2636 vulneratus
1388 2594 1425 2638 ι
1456 2586 1723 2657 peccato.

628 2666 685 2722 9.
758 2662 906 2736 Quia
978 2664 1165 2742 gratia
1241 2664 1498 2743 Spiritus
1574 2664 1657 2725 tui
1748 2682 1865 2725 non
1942 2672 2067 2723 erat
2136 2663 2195 2724 in

551 2770 669 2815 me.

634 2843 731 2906 10.
780 2843 1066 2915 Quoniam
1102 2844 1330 2921 neglexi
1357 2842 1638 2905 meditari
1662 2843 1724 2904 in
1750 2842 1878 2921 lege
1914 2851 2029 2902 tua.

633 2934 727 2997 11.
777 2932 867 2995 Ob
904 2933 1189 3011 gemitum
1222 2940 1610 3011 consumptus
1641 2950 1796 3011 sum,
1825 2938 1883 2991 et
1928 2948 2061 2990 ossa
2085 2948 2192 3010 pe-

553 3022 712 3084 nitus
743 3024 905 3085 evasi

629 3116 726 3172 42.
775 3110 959 3173 Sicuti
993 3110 1304 3189 pelicanus
1331 3112 1391 3170 in
1423 3109 1553 3172 loco
1582 3108 1750 3170 arido
1777 3109 2195 3189 deprehensus

548 3201 793 3263 omnino
819 3198 1216 3280 consumitur,
1253 3200 1331 3259 ita
1361 3208 1419 3260 et
1458 3217 1573 3279 ego
1622 3208 2009 3278 cansumptus
2064 3216 2193 3259 sum

548 3291 609 3351 in
641 3298 904 3374 peccato.
942 3307 1077 3351 cum
1102 3289 1289 3369 gratia
1313 3298 1411 3350 tua
1434 3288 1580 3350 mibi
1610 3288 1871 3350 deesset.

634 3380 727 3442 15.
772 3380 1085 3460 Nyticorax
1116 3380 1177 3440 in
1211 3376 1473 3440 tenebris
1504 3378 1755 3458 degit,et
1784 3377 1844 3437 in
1875 3386 2047 3439 nocte
2069 3377 2195 3438 cla-

550 3478 670 3531 mat
701 3488 712 3532 :
753 3473 829 3531 ita
848 3470 1049 3549 igitur,
1082 3468 1296 3549 inquit,
1328 3476 1388 3529 et
1411 3486 1519 3547 ego
1554 3485 1800 3529 manens
1836 3466 1896 3527 in
1930 3465 2193 3528 tenebris

549 3560 799 3639 peccati,
833 3559 1078 3638 plorans
1107 3558 1321 3620 clamo.

636 3648 727 3711 14.
778 3648 993 3711 Multos
1015 3647 1400 3711 insidiatores
1428 3647 1607 3709 habet
1639 3664 1845 3727 passer
1862 3645 2185 3725 solitarius,

551 3756 830 3819 anguem,
864 3746 921 3798 et
941 3737 1339 3800 abominanda
1363 3737 1689 3819 reptilium,
1724 3744 1781 3796 et
1811 3735 1992 3797 multa
2029 3735 2187 3796 vola—

551 3827 766 3909 tilium;
816 3828 874 3888 in
916 3828 1039 3889 ictu
1090 3829 1264 3907 igitur
1320 3826 1478 3889 oculi
1538 3844 1812 3887 somnum
1902 3828 2026 3903 ipse
2085 3842 2189 3886 ca-

547 3916 655 3995 pit,
707 3917 843 3997 quia
871 3916 1305 3995 circumspicit,
1368 3935 1444 3977 ne
1498 3915 1814 3977 insidiator
1866 3914 2081 3994 aliquis
2139 3911 2195 3975 ei

545 4005 927 4084 superveniat
960 4025 973 4066 :
1004 4002 1088 4065 ita
1119 4005 1315 4083 igitur,
1352 4005 1568 4085 inquit,
1590 4013 1650 4065 et
1683 4023 1789 4084 ego
1822 4020 1985 4065 eram
2018 4002 2188 4063 solli-

545 4098 717 4173 citus,
754 4112 828 4154 ne
885 4093 1080 4172 aliqua
1102 4094 1574 4155 adversariarum
1609 4102 1965 4175 potestatum
2008 4092 2063 4150 in
2097 4109 2189 4152 me

547 4183 827 4245 irrueret.

626 4273 724 4334 15.
771 4270 1143 4334 Incessanter
1163 4272 1468 4334 daamones
1494 4280 1699 4333 contra
1724 4290 1816 4333 me
1850 4271 2187 4348 gloriaban-

548 4370 667 4424 tur.

625 4453 721 4517 16.
770 4449 839 4513 Ει
865 4450 966 4532 qui
996 4452 1164 4532 prius
1195 4450 1534 4532 gaudebant
1567 4468 1700 4512 mea
1744 4448 2184 4529 prodigalitate,

543 4550 673 4621 post
704 4542 829 4604 basc
856 4560 951 4603 me
981 4542 1308 4604 irridebant
1335 4540 1626 4620 dicentes,
1668 4556 1741 4602 ne
1773 4538 1855 4599 ita
1888 4538 2187 4604 ﬁam.tan-

542 4650 716 4711 quam
750 4632 887 4694 iste.

628 4722 717 4782 17.
769 4723 833 4783 ln
867 4721 1208 4800 poenitentia
1242 4738 1391 4782 mea.

622 4809 717 4870 18.
768 4809 1121 4872 Deﬂuebant
1151 4810 1429 4890 lacrymaa
1459 4826 1607 4871 meaa
1637 4809 1696 4869 in
1722 4815 1921 4887 potum
1963 4826 2189 4889 meum,

538 4916 674 4961 cum
707 4897 1020 4962 bibebam.

620 4987 718 5049 19.
767 4987 919 5060 Quia
956 4989 1225 5068 cognovi,
1260 4989 1417 5070 quod
1440 4995 1747 5049 aversatus
1785 5004 1849 5048 es
1888 5006 2009 5048 me.

621 5075 717 5140 30.
768 5074 841 5139 Et
870 5077 1029 5158 quod
1061 5076 1365 5158 projecisti
1401 5095 1496 5139 me
1534 5094 1568 5137 a
1606 5083 1689 5138 te,

619 5164 717 5242 21,
752 5166 854 5227 22.
902 5166 987 5228 Εο
1017 5167 1175 5247 quod
1230 5184 1349 5228 non
1411 5164 1694 5228 haberem
1758 5162 2197 5244 pinguedinem

537 5273 706 5338 aqua:
734 5256 936 5335 gratias
981 5265 1119 5319 tuaa.

617 5345 717 5409 23.
764 5343 1144 5429 Immortalis.

2362 2578 2420 2639 8.
2474 2579 2740 2636 Συνέπεσα
2764 2579 2987 2657 πληγεὶς
3015 2582 3115 2636 ὑπὸ
3149 2588 3241 2644 τῆς
3274 2583 3557 2660 ἁμαρτίας.

2359 2667 2419 2729 9.
2470 2668 2603 2724 Ἀπὸ
2631 2671 2725 2725 τοῦ
2755 2670 2911 2748 χάριν
2966 2671 3051 2744 (1)
3083 2678 3174 2726 τοῦ
3208 2673 3510 2746 Πνεύματός
3544 2695 3640 2728 σου
3675 2672 3748 2739 μὴ
3779 2672 3902 2726 εἶναι

2282 2756 2333 2811 ἐν
2361 2756 2501 2831 ἐμοί.

2363 2848 2461 2906 10.
2508 2846 2640 2904 ’Ὅτι
2672 2847 2920 2921 ἠμέλησα
2955 2848 3039 2926 (2)
3066 2849 3292 2924 μελετᾷν
3322 2853 3381 2905 ἓν
3413 2858 3487 2922 τῷ
3519 2850 3670 2924 νόμῳ
3696 2872 3807 2911 σου,

2364 2937 2459 2995 11.
2506 2937 2639 2991 Ἀπὸ
2672 2958 2762 2992 του
2790 2939 3052 3008 σνενάζειν
3085 2960 3149 3012 με
3187 2938 3463 3010 ἐξετάκην,
3517 2941 3605 2995 καὶ
3659 2938 3794 3001 ὅλως
3822 2939 3905 2992 ὀσ-

2283 3024 2396 3079 τέον
2428 3027 2639 3103 γέγονα.

2370 3118 2460 3174 12.
2511 3114 2728 3193 ’Ὥσπερ
2774 3118 2801 3170 ὀ
2835 3115 3062 3172 πελεκὰν
3095 3116 3175 3194 (3)
3207 3118 3260 3173 ἐν
3292 3115 3495 3194 ἀνύδρῳ
3523 3118 3675 3189 τόπῳ
3696 3118 3903 3193 ι-Βρεθεὶς

2279 3204 2416 3265 ὅλως
2477 3204 2858 3272 κατατάκεται,
2914 3204 3079 3270 οὕτως
3128 3208 3278 3283 κάγὼ
3320 3206 3712 3272 γατανηλώθην
3759 3207 3809 3261 ὲν
3852 3212 3907 3277 τῇ

2213 3283 2253 3333 c
2279 3295 2531 3370 ἁμαρτία,
2559 3298 2654 3361 τῆς
2683 3295 2892 3372 γάριτός
2926 3317 3017 3351 σου
3054 3298 3131 3368 μὴ
3164 3294 3319 3360 οὔσης
3367 3295 3421 3350 ἐν
3454 3295 3596 3369 ὲμοὶ,

2360 3380 2455 3441 13.
2508 3380 2567 3439 Ὀ
2601 3382 2905 3460 νυκτικόραξ
2961 3382 3015 3437 ἐν
3076 3404 3253 3439 σκοτει
3286 3382 3479 3459 διάγει,
3515 3385 3605 3438 καὶ
3678 3385 3729 3439 ἐν
3779 3385 3905 3437 νυκτὶ

2275 3473 2421 3545 βοᾷ.’
2457 3469 2619 3535 οὕτως
2648 3472 2760 3543 οὖν,
2798 3470 2963 3548 λέγει,
2998 3471 3171 3547 κάγὼ,
3210 3472 3263 3526 ἐν
3294 3472 3471 3527 σκότει
3521 3474 3624 3537 τῆς
3668 3472 3906 3546 ἀμαρτῖας

2274 3560 2371 3632 ὣν,
2406 3556 2720 3637 ὁδςρόμενος
2755 3562 2888 3635 βοῶ.

2355 3648 2453 3710 14.
2503 3646 2739 3712 Πολλοὺς
2819 3646 3126 3714 ἐπιϐούλους
3181 3650 3299 3729 ἔχει
3373 3652 3433 3705 τὸ
3490 3654 3778 3725 στρουθίον,
3832 3654 3909 3703 τὸν

2275 3739 2419 3816 ὅφιν,
2463 3740 2548 3793 καὶ
2607 3740 2670 3792 τὰ
2730 3740 2937 3815 μυσαρὰ
2987 3741 3092 3795 τῶν
3150 3742 3407 3813 ἑρπετῶν,
3467 3742 3553 3795 καὶ
3609 3739 3778 3795 πολλὰ
3820 3739 3906 3795 τῶν

2278 3835 2550 3884 πετεινῶν’
2598 3828 2650 3882 ἐν
2703 3829 2832 3905 ριπῇ
2882 3837 2969 3886 οὖν
3020 3829 3288 3908 ὁφθαλμοῦ
3343 3831 3483 3885 ἐστιν
3532 3833 3560 3886 ὁ
3612 3830 3773 3891 ὕπνος
3815 3832 3903 3885 αὖ·

2277 3926 2390 3996 τοῦ,
2423 3915 2504 3972 διὰ
2537 3919 2595 3973 τὸ
2638 3916 3047 3991 περιϐλέπεσθαι
3090 3920 3215 3975 αὒτὸ
3272 3920 3346 3992 μὴ
3412 3943 3491 3982 τις
3546 3920 3653 3975 τῶν
3705 3915 3905 3973 ἐπιϐου-

2275 4006 2379 4062 λων
2426 4006 2503 4083 (4)
2549 4005 2765 4085 ἔρχεται
2828 4005 2914 4061 ἐπ’
2968 4007 3129 4079 αὖτῷ²
3193 4008 3357 4071 οὕτως
3391 4011 3504 4080 οὖν,
3551 4008 3721 4086 λέγει,
3773 4006 3908 4081 κάγὼ

2274 4094 2422 4169 ἥμην
2464 4097 2759 4173 μεριμνῶν,
2808 4097 2885 4169 μὴ
2939 4118 3018 4161 τις
3076 4095 3322 4174 ἓπιρῥίψη
3383 4120 3474 4170 μοι
3522 4098 3626 4153 τῶν
3677 4094 3906 4152 ἐναντίω-ι

2273 4182 2545 4256 δυνάμεων
2556 4230 2569 4244 ,

2358 4275 2451 4335 15,
2499 4272 2806 4335 Ἀπαύστως
2839 4278 2884 4329 οἱ
2908 4273 3151 4348 δαίμονες
3196 4276 3611 4353 κατεκαυχὼντό
3646 4297 3745 4348 μου
3781 4272 3867 4341 151.

2358 4452 2450 4512 16.
2505 4454 2598 4508 Καὶ
2641 4454 2687 4507 οἱ
2719 4454 2777 4507 τὸ
2829 4455 3079 4530 προτερον
3131 4453 3407 4531 χαίροντες
3468 4453 3549 4508 ἐπὶ
3600 4459 3670 4529 τῇ
3719 4450 3901 4517 ἀσωτίᾳ

2273 4564 2395 4614 μου,
2437 4542 2573 4614 μετὰ
2620 4548 2780 4597 ταῦτα
2828 4541 3126 4619 κατεγέλων
3162 4564 3262 4615 μου
3307 4541 3575 4618 λέγοντες·
3626 4541 3797 4603 Οὕτως
3828 4544 3895 4612 μή

2214 4630 2537 4707 ογένωμαι,
2573 4632 2644 4691 ὡς
2678 4637 2852 4693 οὗτος,

2362 4718 2457 4778 17.
2509 4720 2598 4777 Ἐν
2626 4720 2693 4795 τῇ
2726 4720 2980 4793 μετανοίᾳ
3013 4741 3133 4791 μου.

2366 4809 2457 4870 18.
2512 4808 2757 4885 Κατέῤῥει
2789 4810 2852 4864 τὰ
2884 4806 3077 4883 δάκρυά
3109 4830 3209 4883 μου
3256 4810 3311 4863 ‘sv
3344 4812 3421 4879 τῷ
3449 4809 3651 4881 πόματὶ
3682 4830 3801 4879 μου,
3839 4808 3899 4865 ὡς

2280 4898 2480 4959 ἔπινον,

2364 4987 2460 5051 19.
2515 4990 2611 5045 Διὰ
2654 4991 2714 5043 τὸ
2759 4988 3043 5065 ἐπιγνῶναι
3082 5007 3170 5061 με,
3203 4984 3284 5041 ὅτι
3314 4984 3656 5063 ἀπεστράφης
3690 5007 3771 5055 με.

2361 5076 2461 5138 20.
2514 5081 2608 5136 Καὶ
2639 5078 2716 5132 ὅτι
2752 5074 3043 5153 ἁπέῥριψας
3078 5095 3143 5149 με
3166 5074 3271 5130 ἀπὸ
3293 5081 3407 5133 σοῦ.
3760 5118 3763 5119 ,

2366 5166 2465 5244 21,
2502 5164 2601 5228 22.
2642 5166 2723 5245 (6)
2761 5164 2898 5221 Ἀπὸ
2920 5172 3010 5220 τοῦ
3040 5167 3116 5239 μὴ
3149 5161 3295 5243 ἔχειν
3321 5183 3387 5238 με
3417 5164 3647 5229 πιότητα
3680 5168 3767 5216 τοῦ
3788 5156 3898 5213 ὕεια

2285 5278 2375 5319 τος
2408 5260 2507 5321 τῆς
2539 5256 2759 5335 χάριτός
2793 5276 2905 5315 σου,

2363 5342 2467 5407 93.
2514 5344 2847 5426 ”Αφθαρτος.

1574 5449 1882 5518 Addenda
1913 5455 1978 5515 et
2004 5448 2382 5531 corrigenda
2408 5466 2489 5516 ex
2519 5450 2661 5516 cod.
2690 5448 2896 5515 Vatic.

742 5563 874 5642 Thy
915 5560 1096 5642 χάριν.

620 5638 702 5725 (τῇ
739 5638 1007 5725 mense.
1038 5638 1301 5717 μελετῶν.

643 5722 703 5805 3)
751 5722 1076 5805 Πιλεξιάτοςο

643 5734 703 5805 δ)
752 5734 1076 5787 Πιλεκανος.

613 5734 705 5884 £4)
749 5801 1079 5865 Ἐπιϐοάλων
1122 5803 1303 5884 αὐτοῦ,
1334 5808 1454 5869 etc.
1490 5801 1660 5883 Κάγώ
1697 5812 1819 5867 non
1855 5797 2099 5882 legitur.

2490 5560 2699 5721 {$1.21.
2734 5636 3061 5721 Ἀνωφελετς
3094 5657 3185 5712 μοι
3216 5638 3521 5716 γογόνασιν.
3541 5635 3619 5700 Ν.
3652 5632 3753 5696 29.

2275 5718 2435 5795 ’Λπό,
2462 5725 2607 5799 οιο.,
2634 5718 2805 5794 ἐαυτῷ
2835 5718 3093 5780 mon-ts.
