4118 6208
243 356 389 423 1101

233 588 396 645 αὐτου
407 637 420 651 ,

326 678 425 738 11.
468 675 687 755 Σπέρμα
717 676 964 755 Ἀϐραὰμ
993 678 1165 737 δοῦλοι
1198 684 1376 762 αὐτοῦ,

320 767 421 829 12.
458 769 566 825 Υἱοὶ
611 766 806 825 Ἰακὼϐ
850 768 1091 827 ἐκλεκτοὶ
1112 773 1291 834 αὖτοὺ,

319 857 421 920 13.
454 856 616 920 Αὐτὸς
652 855 842 936 Κύριος
876 861 902 915 ὁ
936 861 1063 925 Θεὸς
1093 862 1273 935 ἡμῶν,

319 946 422 1007 14.
456 942 553 1007 Ἐν
599 948 744 1027 πάσῃ
767 954 834 1025 τῇ
869 955 940 1026 γῇ
971 950 1038 1006 τὰ
1081 950 1309 1027 κρίματα
1338 953 1520 1011 αὐτοῦ.

317 1036 420 1100 15,
455 1036 732 1113 Ἐμνήσθη
764 1039 838 1102 εἰς
882 1041 971 1095 τὸν
1006 1043 1171 1097 αἰῶνα
1201 1038 1463 1111 διαθήκης
1514 1048 1691 1124 αὖα-οὗ³

316 1125 417 1188 16.
456 1128 646 1205 Λόγου,
682 1130 743 1183 υῦ
786 1128 1080 1188 ἐνετείλατο
1126 1133 1198 1196 εἷς
1228 1130 1409 1212 χιλίας
1444 1134 1651 1212 γενεάς.

321 1309 422 1371 17.
456 1308 568 1368 ’Ὃν
603 1307 802 1368 διέθετο
830 1319 908 1388 τῷ
938 1310 1204 1393 Ἀϐραὰμ,

323 1398 420 1460 18.
456 1397 559 1460 Καὶ
584 1407 677 1456 τοὺ
708 1398 863 1479 ὅρκου
888 1404 1045 1463 αὑτοῦ
1072 1412 1149 1479 τῷ
1176 1404 1382 1463 Ἰσαάκ.

325 1488 421 1552 19.
451 1489 556 1551 Και
601 1489 824 1558 ἔστησεν
858 1493 1013 1551 αὐτὸν
1060 1498 1134 1568 up
1166 1493 1361 1551 Ἰακὼϐ
1391 1498 1465 1559 εὶς
1499 1496 1842 1575 πρόσταγμα.

317 1577 419 1641 20.
453 1577 558 1638 Καὶ
589 1585 664 1653 τῷ
694 1578 909 1659 Ἰσραὴλ
954 1585 1024 1649 εἰς
1054 1582 1310 1652 διαθήκην
1345 1585 1574 1649 αἰώνιον.

320 1668 424 1729 21.
456 1667 661 1724 Λέλων·
691 1671 782 1725 Σοὶ
810 1668 965 1728 δώσω
993 1673 1091 1740 τὴν
1124 1676 1226 1751 γῆν
1260 1675 1494 1732 Χαναάνο

321 1756 400 1819 22
452 1757 754 1837 Σχοίνισμα
797 1759 1153 1838 κληρονομίας
1186 1764 1356 1839 ὑμῶν.

320 1842 424 1909 23.
466 1847 553 1904 Ἐν
595 1854 673 1921 τῷ
705 1848 850 1904 εἶναι
884 1851 1069 1914 αὐτοὺς
1101 1851 1305 1929 ἀριθμῷ
1347 1853 1601 1932 βραχεῖς³

320 1933 421 1997 24.
459 1933 809 2014 Ὀλιγοστοὺς
841 1941 927 1994 καὶ
963 1941 1242 2017 παροίκους
1277 1940 1330 1997 ἐν
1364 1943 1516 2018 αὒτῇ.

316 2025 426 2088 95.
457 2023 561 2086 Καὶ
593 2023 803 2093 διῆλθεν
832 2027 883 2093 ἐξ
929 2028 1103 2092 ἔθνους
1146 2032 1219 2094 εἰς
1265 2030 1434 2094 ἔθνος·

320 2114 422 2178 26.
455 2112 557 2175 Καὶ
594 2116 654 2172 ἐκ
676 2117 949 2193 βασιλείας
976 2121 1048 2184 είς
1096 2118 1225 2177 λαὸν
1255 2121 1457 2203 ἕτερον,

1147 363 1244 425 DE
1288 363 1601 427 TITULIS
1642 367 2130 430 PSALMORUM.
2190 401 2255 412 --
2299 370 2510 431 PSAL.
2559 369 2711 433 CIV.

327 498 422 562 10.
468 498 551 561 Τά
572 497 765 579 τέρατα
794 500 978 581 αὐτοῦ²
1009 502 1097 558 καὶ
1126 501 1192 558 τὰ
1220 511 1449 580 κρίματα
1491 506 1584 561 τοῦ
1613 504 1878 581 στόματος
1898 530 1937 570 Α

2048 503 2141 565 10.
2180 500 2452 580 Prodigia
2479 501 2634 581 ejus,
2689 507 2746 562 et
2771 476 2997 581 judicia
3040 501 3162 565 oris
3185 504 3335 583 ejus.

3454 372 3631 483 nos1

2050 682 2151 744 11.
2184 680 2402 745 Semen
2434 682 2731 747 Abraham
2760 682 2919 745 servi
2945 685 3097 765 ejus,

2051 771 2149 834 12.
2183 771 2318 833 Filii
2350 773 2531 836 Jacob
2564 774 2739 836 electi
2769 775 2926 854 ejus.

2054 859 2146 925 13.
2186 863 2317 942 Ipse
2350 864 2633 925 Dominus
2663 862 2820 925 Deus
2851 873 3080 936 noster,

2048 954 2145 1016 44.
2182 955 2247 1016 In
2278 955 2553 1017 universa
2579 964 2742 1017 terra
2762 955 2996 1035 judicia
3026 956 3180 1036 ejus.

2046 1046 2146 1103 45.
2182 1043 2408 1105 Memor
2438 1045 2548 1106 fuit
2575 1045 2636 1106 in
2669 1045 2955 1107 saeculum
2991 1048 3332 1110 testamenti
3357 1049 3472 1126 sui,

2048 1131 2146 1195 16.
2184 1131 2390 1210 Verbi,
2426 1134 2578 1215 quod
2615 1134 2917 1196 mandavit
2964 1135 3025 1196 in
3076 1136 3241 1199 mille
3270 1139 3613 1218 generatio-

1969 1236 2099 1284 nes.

2055 1311 2147 1373 l7.
2182 1310 2348 1383 Quod
2373 1311 2662 1393 disposuit
2695 1313 3025 1391 Abraham,

2052 1400 2148 1464 18.
2186 1402 2605 1481 Etjuramenti
2634 1404 2726 1464 sui
2751 1404 2935 1467 Isaac.

2056 1495 2149 1551 19.
2185 1489 2255 1551 Et
2299 1491 2669 1553 statuitillud
2700 1491 2884 1555 Jacob
2916 1494 2975 1554 in
3006 1502 3407 1579 praeceptum,

2051 1579 2149 1643 20.
2180 1581 2257 1642 Et
2284 1579 2463 1642 Israel
2496 1582 2555 1642 in
2583 1590 3003 1644 testamentum
3037 1595 3353 1653 aeternum.

2051 1669 2151 1731 21.
2179 1668 2398 1731 Dicens
2425 1692 2437 1732 :
2462 1671 2596 1732 Tibi
2624 1670 2777 1731 dabo
2810 1679 3026 1733 terram
3061 1673 3367 1753 Chanaan,

2050 1757 2146 1819 22.
2192 1759 2541 1822 Funiculum
2573 1760 2931 1823 haereditatis
2960 1770 3171 1826 vestrae

2052 1847 2147 1909 23.
2186 1850 2329 1911 Cum
2365 1857 2563 1911 essent
2594 1848 2706 1929 ipsi
2738 1868 2984 1912 numero
3018 1853 3262 1929 modici,

1910 1925 1946 1973 Β
2052 1937 2150 2000 24.
2184 1939 2522 2000 Paucissimi
2558 1925 2858 2000 etwincolae
2889 1941 3040 2020 ejus.

2048 2028 2147 2090 25.
2184 2025 2251 2089 Et
2275 2028 2752 2108 pertransierunt
2781 2029 2857 2091 de
2891 2039 3069 2110 gente
3104 2032 3165 2095 in
3219 2043 3497 2114 gentem:

2052 2117 2151 2180 26.
2184 2116 2255 2179 Ει
2285 2118 2357 2178 de
2389 2136 2571 2198 regno
2601 2120 2674 2182 ad
2708 2120 2989 2201 populum
3021 2122 3297 2187 alterum.

1387 2295 1803 2362 ATHANASII
1845 2294 2477 2361 INTEBPRETATIO.

320 2487 420 2550 10.
455 2488 515 2544 Αἱ
547 2486 716 2551 ἰάσεις
750 2485 835 2543 καὶ
864 2487 915 2541 αἱ
958 2483 1289 2546 διδασκαλίαι
1320 2495 1415 2547 τοῦ
1442 2487 1605 2569 λόγου
1636 2493 1735 2557 τῆς
1774 2487 1885 2568 χά-

234 2598 388 2657 ριτος
433 2578 593 2635 αὐτοῦ
623 2577 729 2653 (1).

323 2666 426 2729 11.
454 2670 514 2725 Οἱ
544 2668 724 2723 πιστοὶ
767 2667 839 2730 ὡς
871 2665 1139 2749 Ἀϐραάμ.

266 2768 271 2774 ’
324 2755 427 2819 1‘2.
463 2760 522 2814 Οί
577 2754 864 2813 ἀπόστολοι
908 2761 982 2821 ὼς
1033 2756 1249 2833 Ἰακὼϐ,
1285 2758 1523 2818 τουτέστι
1568 2757 1779 2834 καθαροὶ
1827 2759 1892 2831 τῇ

243 2844 454 2919 καρδίᾳ.
884 2891 891 2897 .

319 2869 520 2998 Ξοὲῗ.’0
547 2933 601 3000 ἒξ
632 2936 806 3014 ἀρχῆς
838 2891 994 3003 αθτὸς
1023 2938 1119 2994 καί
1163 2938 1248 2995 ἐπὶ
1276 2944 1378 3017 γῆς
1413 2939 1582 3020 ὀφθείς

327 3025 424 3087 14.
460 3023 545 3086 Τὰ
576 3023 629 3081 ἐν
658 3038 777 3088 τοῖς
820 3025 1172 3107 Εὖαγγελίοις
1211 3029 1597 3106 προστάγματα
1626 3029 1803 3087 αὒτοῠ.

328 3203 427 3267 15.
462 3200 816 3283 Ἐπλήρωσεν
845 3207 900 3260 ἒν
929 3212 1099 3285 καιρῷ
1124 3206 1341 3286 ἐσχάτῷ
1371 3207 1435 3262 τὰ
1464 3208 1580 3285 περὶ
1609 3211 1706 3272 τῆς
1737 3205 1890 3280 βασι-

243 3294 392 3360 λείας
422 3295 602 3357 αὐτοῦ,

327 3382 424 3446 16.
452 3386 573 3463 Περὶ
603 3389 696 3440 τοῦ
737 3384 931 3449 πάθους
979 3384 1158 3460 αὐτοῦ,
1195 3388 1256 3442 οὗ
1300 3384 1556 3463 προέλεγε
1600 3383 1713 3440 καθ’
1750 3383 1883 3440 ἑκά-

237 3498 378 3543 στην
408 3478 593 3555 γενεὰν
637 3475 721 3532 διὰ
763 3482 868 3533 τῶν
898 3484 1209 3557 προφητῶν,

324 3567 428 3628 17,
466 3565 606 3628 "Ott
656 3565 783 3622 εἶπε
843 3574 942 3643 τῷ,
1009 3566 1275 3646 Ἀϐραάμ’
1316 3564 1518 3623 ’Ἐσται
1561 3568 1624 3622 τὸ
1678 3563 1887 3641 σπέρμα

2051 2479 2152 2540 40.
2191 2476 2566 2551 Sanationes,
2601 2484 2663 2541 et
2693 2480 2981 2543 doctrinae
3015 2480 3178 2544 verbi
3202 2483 3405 2563 gratim
3427 2484 3617 2567 ipsius

2060 2656 2155 2718 11.
2187 2654 2420 2718 Fideles
2455 2656 2609 2720 sicut
2637 2657 2960 2725 Abraham.

2057 2745 2155 2807 12.
2194 2744 2462 2826 Apostoli
2494 2746 2647 2810 sicut
2673 2748 2883 2832 Jacob,
2912 2751 3025 2815 hoc
3042 2760 3135 2815 est
3166 2753 3372 2816 mundi
3400 2753 3604 2819 corde:

2054 2923 2152 2985 13.
2183 2923 2293 2996 Qui
2324 2944 2357 2986 a
2389 2923 2704 3008 principio,
2751 2927 2911 2990 idem
2944 2938 3004 2993 et
3033 2930 3097 2993 in
3120 2940 3279 2994 terra
3307 2933 3466 2995 visus
3499 2942 3613 2997 est.

2055 3020 2147 3075 ιι..
2182 3012 2484 3096 Praecepta
2506 3016 2659 3097 ejus,
2693 3037 2824 3098 qua:
2854 3019 2915 3080 in
2948 3019 3278 3101 Evangeliis
3308 3024 3619 3089 continen-

1976 3109 2093 3165 tur.

2052 3190 2150 3254 15.
2196 3193 2466 3274 Implevit
2522 3194 2583 3255 in
2641 3203 2911 3277 tempore
2966 3199 3294 3263 novissimo
3352 3221 3483 3283 quae
3543 3203 3621 3268 de

1968 3298 2153 3361 regno
2185 3301 2291 3344 suo
2317 3284 2700 3361 promiserat.

2055 3372 2147 3433 16.
2189 3374 2269 3434 De
2304 3373 2576 3452 passione
2616 3393 2721 3439 sua
2753 3396 2927 3457 quam
2964 3378 3238 3456 praedixit
3271 3379 3333 3442 in
3366 3380 3618 3461 singulis

1903 3477 1945 3526 C
1968 3462 2453 3539 generationibus
2488 3482 2593 3543 per
2616 3467 2957 3546 praphetas.

2055 3551 2150 3612 17.
2179 3550 2466 3622 Quoniam
2491 3553 2638 3614 dixit
2666 3556 2969 3617 Abraham
3001 3578 3014 3620 :
3058 3554 3186 3619 Erit
3212 3576 3421 3621 semen
3453 3567 3617 3622 tuum

240 3679 338 3715 σου
369 3659 441 3721 ὡς
471 3658 537 3712 τὰ
559 3654 725 3735 ἄστρα
767 3663 856 3712 τοῦ
887 3638 1121 3734 ονδρανοῑί
1150 3638 1225 3732 τῷ
1256 3656 1446 3726 πλήθει
1501 3657 1592 3713 καὶ
1622 3662 1699 3731 τῷ
1728 3638 1882 3734 φωτί.
1971 3638 2124 3735 Sic?!
2167 3648 2333 3735 ait“!
2356 3642 2487 3735 {3'13"
2522 3643 2926 3735 mplliludine,
2956 3653 3015 3707 θί
3037 3646 3170 3708 luce
3189 3645 3265 3710 g3-

324 3745 425 3806 18.
459 3742 563 3805 Καὶ
612 3745 709 3811 τὴν
760 3746 934 3803 πίστιν
969 3750 1111 3819 αὒτῷ
1140 3747 1217 3821 τῷ
1260 3745 1375 3820 λαῷ
1404 3751 1501 3813 τῆς
1546 3743 1766 3825 χάριτος
1796 3742 1890 3822 (3)

244 3828 510 3915 [χαρᾶς]
558 3834 767 3912 ’Ὅρκος
820 3836 920 3915 γὰρ
969 3836 1143 3901 πίστις
1191 3835 1353 3896 ἐστίν.
1389 3833 1582 3891 Ἰακὼϐ
1622 3833 1684 3894 δὰ
1714 3834 1889 3912 ἑρμη⁹

243 3924 452 3980 νεύεται
497 3922 681 4004 χάρις.

328 4012 430 4076 19.
461 4015 560 4071 Καὶ
590 4012 906 4094 ἀπλήρωσεν
938 4014 1104 4081 αὐτὴν
1154 4013 1443 4072 ἀσάλευτον
1497 4015 1596 4081 τὴν
1650 4011 1888 4091 ἐπαγγε-

245 4102 367 4163 λίαν
396 4103 495 4171 τῆς
549 4102 777 4165 πίστεως
827 4110 904 4179 τῷ
945 4103 1059 4178 λαῷ
1086 4110 1163 4178 τῷ
1211 4106 1277 4161 τὰ
1318 4103 1448 4173 τέλη
1492 4109 1599 4161 τῶν
1627 4099 1894 4159 Ἰουδαίων

245 4194 602 4273 κατασχόντι.

332 4280 430 4345 20.
464 4281 569 4343 Καὶ
598 4295 715 4348 τοῖς
749 4283 1071 4348 ἀποστόλοις
1104 4285 1193 4341 καὶ
1234 4297 1352 4348 τοῖς
1384 4285 1556 4363 ἁγίοις
1600 4289 1731 4359 πᾶσι
1780 4294 1895 4347 τοϊς

249 4373 443 4452 ὁρῶσιν
477 4374 636 4429 αὐτὸν
658 4372 712 4428 ἐν.
743 4372 1042 4449 ὁμοιώματι
1078 4374 1391 4450 ἀνθρώπων,
1425 4375 1515 4429 καὶ
1541 4371 1897 4451 ὁμολογοῦσιν

249 4463 430 4536 αὐτὸν,
467 4464 540 4526 ὡς
588 4462 717 4521 Θεὸν
753 4460 832 4541 (4)
867 4464 984 4519 κατ’
1016 4464 1195 4521 οὐσίαν
1245 4463 1425 4540 ὥσπερ
1456 4462 1484 4517 ὃ
1518 4459 1733 4538 Ἰσραὴλ
1764 4463 1899 4538 ὁρῶν

247 4557 342 4612 τῦν
370 4556 524 4619 Θεόν,

333 4644 433 4709 21.
469 4647 653 4725 Λέγων
681 4653 759 4721 τῷ
788 4652 940 4726 χορῷ
993 4652 1101 4703 τῶν
1144 4644 1481 4705 ἀποστόλων
1538 4644 1699 4720 ’Υμτν
1746 4641 1899 4699 δώσω

252 4736 426 4793 πάντα
449 4738 541 4794 τὸν
573 4737 778 4813 κόσμου
813 4742 916 4795 τῶν
949 4736 1132 4800 ἐθνῶν,
1185 4738 1400 4794 Χαναὰν
1432 4736 1531 4816 γὰρ
1554 4734 1899 4814 ἑρμηνεύεται

255 4832 566 4906 προσκυνῶν
598 4828 694 4895 τὴν
723 4826 814 4906 (5)
843 4826 1089 4903 ἀνομίαν,
1123 4827 1252 4906 ὅπερ
1284 4826 1419 4894 ἦσαν
1451 4828 1515 4883 τὰ
1547 4826 1697 4892 ἔθνη.

308 4976 311 4977 ν
337 4913 438 4977 22.
487 4914 810 4996 Ἀπέραντον
855 4914 1056 4983 πλῆθος
1088 4921 1184 4984 τῆς
1216 4915 1574 4995 κληρονομίας
1602 4917 1776 4992 ὑμῶν,

338 5004 441 5071 23.
484 4998 671 5063 Ἠσαν
694 5006 793 5085 γὰρ
821 5003 1047 5064 δώδεκα.

342 5095 448 5159 24.
482 5093 720 5160 ’ἰδιώτας
750 5095 829 5169 τῷ
856 5090 1026 5174 λόγῳ,
1061 5096 1152 5152 καὶ
1180 5095 1435 5175 πτωχοὺς
1479 5094 1534 5150 ἐν
1576 5095 1653 5167 τῷ
1693 5092 1902 5171 κόσμῳ,

340 5184 442 5248 25,
478 5181 846 5261 Κηρύσσοντες
888 5184 987 5253 τὴν
1015 5182 1285 5260 βασιλείαν
1312 5191 1404 5241 τοῦ
1463 5190 1595 5242 Θεοῦ
1636 5179 1743 5256 (6).

342 5273 447 5337 26.
487 5274 586 5333 Καὶ
628 5274 688 5331 ἐκ
717 5281 808 5331 τοῦ
832 5271 962 5331 λαοῦ
988 5274 1095 5331 τῶν
1118 5271 1387 5332 Ἰουδαίων
1438 5270 1653 5340 διῆλθον
1702 5269 1909 5349 κηρύσ-

262 5386 445 5433 σοντες
472 5365 546 5428 ei:
568 5364 635 5421 τὰ
661 5364 806 5432 ἔθνη.

343 5490 408 5544 2'5
441 5490 593 5560 Gen.
622 5510 726 5576 xv,
760 5494 839 5577 ὃς
870 5509 994 5575 xw,
1025 5492 1124 5559 10.

2053 3729 2156 3821 18.
2205 3727 2270 3790 Et
2302 3729 2474 3791 ﬁdem
2505 3732 2699 3793 eidem
2755 3734 2973 3814 populo
3022 3742 3229 3815 gratiae
3293 3737 3556 3817 [laetitiae]
3600 3761 3616 3821 ;

1975 3837 2110 3880 nam
2135 3819 2547 3899 juramentum
2573 3821 2722 3883 ﬁdes
2752 3830 2862 3886 est.
2886 3823 3071 3887 Jacob
3092 3836 3291 3888 autem
3325 3819 3617 3909 interpre4

1976 3916 2133 3973 tatur
2150 3911 2378 3987 gratia.

2056 3999 2157 4063 19.
2191 4000 2262 4061 Et
2282 3997 2757 4088 implevitipsam
2786 4002 3337 4069 incommutabilem
3360 4010 3618 4088 promis-

1978 4087 2209 4150 sionem
2231 4087 2369 4150 lidei
2384 4088 2604 4170 populo
2617 4089 2908 4154 detinenti
2931 4087 3614 4162 novissimaJudaaorum.

2058 4265 2161 4328 20.
2198 4267 2271 4328 Et
2310 4266 2593 4347 apostolis
2623 4274 2685 4330 et
2722 4271 2946 4333 sanctis
2971 4271 3252 4336 omnibus
3281 4274 3621 4340 videntibus

1982 4374 2119 4419 eum
2152 4356 2214 4418 in
2258 4356 2706 4419 similitudinem
2748 4361 3056 4423 hominum
3110 4372 3168 4425 et
3197 4365 3622 4431 conﬁtentibus

1985 4464 2121 4509 eum
2155 4454 2219 4507 ut
2251 4448 2438 4509 Deum
2481 4447 2812 4511 secundum
2851 4452 3193 4533 essentiam,
3228 4455 3620 4533 quemadmo-

1982 4536 2125 4599 dum
2156 4535 2346 4599 Israel
2375 4536 2588 4598 videne
2615 4537 2801 4599 Deum
2821 4537 3268 4621 interpretatur.

2064 4626 2164 4689 21.
2201 4625 2417 4689 Dicens
2447 4625 2631 4687 choro
2661 4628 3086 4707 apostolorum:
3106 4630 3292 4693 Vobis
3320 4631 3477 4694 dabo
3503 4652 3627 4695 om-

1981 4732 2120 4778 nem
2145 4715 2434 4776 mundum
2466 4716 2751 4794 gentium.
2788 4715 3100 4782 Chanaam
3130 4720 3286 4782 enim
3319 4719 3623 4805 interpre-

1986 4813 2140 4868 tatur
2170 4804 2438 4868 adorans
2469 4805 2883 4884 iniquitatem,
2910 4808 3119 4886 quales
3150 4818 3319 4872 erant
3344 4804 3580 4889 gentes.

1921 4864 1970 4917 ο
1992 4864 2496 4958 "aegrine...
2522 4864 3628 4964 siuiis3:58;;"sanislsi'ggas

2068 4984 2173 5048 23.
2204 4983 2384 5046 Erant
2413 4982 2575 5045 enim
2608 4983 2949 5050 duodecim.

2068 5074 2170 5136 24.
2206 5072 2497 5137 Sermone
2526 5072 2789 5153 imperiti
2818 5082 2876 5135 et
2910 5093 3205 5157 pauperes
3231 5077 3296 5139 in
3328 5079 3549 5143 mundo

2072 5165 2169 5227 25.
2208 5162 2612 5227 Praedicantes
2633 5180 2886 5241 regnum
2914 5164 3047 5231 Dei.
3166 5164 3177 5173 ’

2073 5255 2173 5318 26.
2207 5254 2283 5317 Et
2313 5253 2389 5315 de
2422 5254 2642 5334 populo
2670 5252 3011 5319 Judaeorum
3042 5259 3521 5340 pertransierunt
3554 5261 3631 5323 ad

1994 5342 2442 5433 praedicandum
2473 5345 2534 5407 in
2563 5345 2835 5425 gentibus

1298 5569 1602 5638 Addenda
1632 5576 1699 5637 et
1725 5567 2102 5653 corrigenda
2128 5583 2208 5632 ex
2236 5566 2375 5631 cod.
2407 5566 2607 5633 Vatic.

349 5682 424 5763 (
457 5683 685 5763 ξάριτός
715 5706 830 5748 σου.

384 5760 447 5850 2)
474 5760 600 5850 ἷξεάτῖ
642 5767 871 5850 ﬁmi“
901 5766 1075 5850 ὤφθη·

399 5846 424 5917 )
454 5843 633 5910 Αίηοῢ
663 5864 742 5921 τῳ
758 5839 872 5929 λάφ
899 5839 996 5928 τῆς
1025 5845 1273 5932 χάριτος,
1295 5848 1440 5922 etc.,
1473 5839 1662 5903 Ἰσαὰκ
1684 5840 1763 5923 δέ,
1798 5849 1915 5910 etc.

2111 5675 2172 5751 4)
2209 5676 2295 5739 Εἷς
2327 5675 2483 5751 Θεόν,
2513 5683 2628 5738 etc.

2111 5754 2171 5823 5)
2203 5754 2314 5823 Τήν
2342 5755 2530 5821 deest.

2087 5836 2162 5917 (6)
2193 5842 2324 5895 Θεοῦ
2355 5836 2428 5903 είς
2453 5839 2626 5898 nam
2653 5839 2718 5897 τὰ
2748 5837 2894 5914 ἶθνη,
