4104 6214
351 281 507 346 1105

425 419 530 481 44.
582 421 680 476 Καὶ
710 419 832 481 τοὺς
866 412 1245 494 πρεσϐυτέρους
1289 417 1446 471 αὐτοῦ
1478 414 1720 494 σοφίσαι.

424 507 534 570 45.
589 509 688 565 Καὶ
717 505 958 574 ςίσῆλθεν
988 503 1210 584 Ἰσραὴλ
1252 506 1325 566 εἰς
1372 504 1669 582 Α’ίγυπτον⁶

422 595 527 660 46.
577 599 674 653 Καὶ
707 593 899 653 Ἰακὼϐ
945 596 1262 671 παρῴκησεν
1293 593 1345 649 ἐν
1378 598 1450 671 γῇ
1483 595 1631 669 Χάμ.

422 687 524 748 47.
574 684 678 745 Καὶ
711 685 905 752 ηὔξησε
935 686 1026 740 τὸν
1059 683 1188 739 λαὸν
1225 684 1380 740 αὒτοῦ
1410 680 1628 762 σφόδραο

423 775 528 838 48.
579 776 677 833 Καὶ
716 774 1068 852 ἒκραταίωσεν
1100 773 1256 829 αὐτὸν
1287 771 1414 850 ὑπὲρ
1457 772 1578 834 τοὺς
1632 772 1852 852 ἐχθροὺς
1887 773 1992 828 αὖ..

343 873 461 926 :06.

422 951 526 1014 49.
576 950 909 1029 Μετὲστρεψε
942 952 1040 1018 τὴν
1070 948 1282 1028 καρδίαν
1325 951 1482 1008 αὒτοῦ
1511 957 1604 1006 τοῦ
1649 956 1874 1026 μισῆσαι
1907 953 1996 1008 τὸν

341 1040 476 1098 λαὸν
508 1045 693 1100 αὖτοῦο
1549 1101 1551 1103 ,

443 1129 546 1194 50.
596 1137 700 1188 Τοῦ
731 1129 1028 1188 δολιοὺσθαι
1060 1128 1112 1184 ἐν
1139 1142 1258 1193 τοῖς
1287 1126 1489 1193 δούλοις
1524 1129 1702 1192 αὐτοῦ,

442 1221 544 1282 51.
596 1219 967 1286 ἘΞαπέστειλε
1003 1226 1214 1295 Μοῦσῇν
1239 1220 1330 1274 τὸν
1361 1217 1544 1276 δοῦλον
1579 1222 1757 1290 16:06,

431 1310 534 1373 52.
582 1309 816 1386 Ἀαρὼν,
851 1311 909 1365 ὃν
939 1308 1206 1374 ἐξελέξατο
1238 1310 1432 1383 ἑαυτῷ.

430 1397 540 1463 53.
590 1390 790 1457 ’Ἒθετο
835 1400 888 1455 ἐν
919 1399 1105 1462 αὐτοῖς
1134 1398 1250 1463 τοὺς
1284 1396 1472 1476 λόγους
1503 1399 1608 1455 τῶν
1637 1400 1876 1476 σημείων
1901 1403 2000 1457 αὒ-

341 1499 464 1571 τοῦ,

433 1579 537 1642 54.
590 1580 688 1637 Καὶ
712 1581 818 1634 τῶν
849 1578 1082 1656 τεράτων
1111 1577 1268 1633 αὐτοῦ
1301 1576 1356 1632 ἐν
1377 1583 1448 1654 γῇ
1494 1578 1640 1654 Χάμ.

585 1666 958 1733 Ἐξαπὲστειλε
989 1665 1178 1732 σκότος
1209 1667 1297 1721 καί
1324 1667 1636 1725 ἒσκότασεν’

590 1755 723 1814 ’Ὅτι
768 1759 1161 1834 παρεπίκραναν
1194 1755 1312 1820 τοὺς
1335 1754 1524 1833 λόγους
1555 1761 1736 1816 αὐτοῦ.

589 1845 920 1921 Μὲτέστρεψε
948 1846 1015 1901 τὰ
1043 1842 1205 1900 ὕδατα
1232 1845 1402 1900 αὐτῶν
1437 1846 1512 1908 είς
1543 1847 1708 1922 αἷμα’

598 1938 693 1993 Καὶ
739 1937 1011 1992 ἆπὲκτεινε
1040 1934 1161 1997 τοὺς
1207 1933 1396 2012 ἱχθόας
1427 1934 1624 1998 αὐτῶν,

436 2027 542 2088 59°
590 2023 928 2104 Ἐξεϊρψενὴ
960 2029 1030 2102 γῆ
1077 2023 1248 2080 αὐτῶν
1292 2023 1623 2105 βατράχους.

435 2116 544 2178 60.
595 2113 689 2171 Ἐν
716 2125 834 2178 τοῖς
864 2113 1125 2190 ταμιείοις
1156 2119 1260 2173 τῶν
1292 2113 1555 2171 ϐασιλέων
1589 2117 1785 2175 αὐτῶν.

433 1669 534 1732 55.

433 1759 537 1822 56.

430 1848 537 1910 57.

439 1936 541 2000 58.

1248 281 1343 343 DE
1387 280 1701 343 TITULIS
1742 278 2234 343 PSALMORUM.
2283 316 2360 328 —
2403 283 2615 347 PSAL.
2662 286 2812 349 CIV.

3573 289 3738 357 1106

2017 423 2058 472 Α
2159 414 2263 478 44.
2315 415 2379 477 Ει
2410 435 2588 480 senes
2617 419 2749 498 ejus
2781 419 3161 501 prudentiam
3183 422 3464 486 doceret.

2156 504 2259 566 45.
2305 504 2377 565 Et
2406 505 2644 568 intravit
2674 507 2853 570 Israel
2887 509 2948 570 in
2977 509 3296 590 Egyptum
3335 534 3350 571 :

2161 595 2261 657 46.
2311 593 2379 656 Et
2407 595 2590 660 Jacob
2611 597 2814 667 accola
2843 599 2948 660 fuit
2979 600 3038 660 in
3070 610 3230 662 terra
3273 601 3489 665 Cham.

2160 684 2257 746 47.
2310 685 2382 745 Et
2411 687 2571 747 auxit
2602 687 2885 767 populum
2908 707 3080 750 suum
3114 689 3508 754 vehementer
3543 713 3556 756 :

2179 773 2277 836 48.
2326 773 2397 835 Et
2439 775 2690 838 firmavit
2738 795 2878 838 eum
2925 795 3109 859 super
3153 778 3430 842 inimicos
3459 782 3615 862 ejus.

2163 953 2264 1016 49.

2085 1043 2214 1122 ejus
2252 1061 2266 1105 :

2166 1134 2264 1196 50.
2314 1135 2386 1196 Et
2417 1134 2618 1196 dolum
2651 1135 2873 1198 faceret
2902 1139 2961 1198 in
3000 1155 3208 1200 servos
3238 1137 3390 1218 ejus.

2164 1226 2264 1286 5l.
2315 1225 2471 1287 Misit
2500 1223 2740 1306 Moysen
2773 1244 3016 1289 servum
3048 1247 3250 1308 suum,

2165 1313 2261 1378 52.
2315 1322 2536 1392 Aaron,
2575 1335 2753 1397 quem
2785 1318 2966 1398 elegit
2998 1319 3138 1394 sibi,

2165 1406 2262 1467 b3.
2311 1405 2516 1467 Posuit
2541 1406 2600 1466 in
2635 1408 2722 1468 eis
2744 1408 2928 1471 verba
2959 1407 3264 1489 signorum
3299 1426 3568 1483 suorum,

2337 955 2639 1017 Convertit
2693 974 2797 1017 cor
2859 957 2991 1036 ejus
3050 964 3113 1017 ut
3180 956 3375 1019 odiret
3447 958 3732 1038 populum

2165 1583 2267 1646 54.
2315 1583 2391 1644 Et
2416 1584 2822 1664 prodigiorum
2852 1603 3098 1647 suorum
3131 1592 3192 1647 in
3234 1594 3395 1648 terra
3427 1585 3634 1650 Cham.

2167 1673 2268 1734 55.
2319 1673 2477 1735 Misit
2507 1673 2790 1736 tenebras
2819 1683 2877 1736 et
2900 1674 3242 1737 obscuravit
3279 1697 3294 1738 :

2025 1791 2064 1842 Β
2167 1763 2263 1826 56.
2314 1765 2464 1835 Quia
2494 1763 2996 1826 exacerbaverunt
3019 1783 3330 1828 sermones
3360 1785 3501 1828 suos
3537 1787 3550 1826 :

2170 1851 2268 1912 57.
2316 1853 2619 1915 Convertit
2648 1869 2832 1932 aquas
2855 1871 3062 1914 eorum
3089 1852 3150 1915 in
3184 1856 3535 1934 sanguinem
3570 1876 3583 1919 :

2171 1939 2269 2002 58.
2321 1939 2391 2000 Et
2419 1941 2636 2002 occidit
2667 1942 2862 2022 pisces
2895 1957 3130 2005 eorum.

2171 2030 2271 2092 59.
2320 2029 2516 2092 Edidit
2546 2039 2705 2094 terra
2735 2050 2944 2093 eorum
2976 2050 3180 2095 ranas.

2174 2121 2276 2184 60.
2323 2119 2386 2181 In
2416 2121 2824 2201 penetralibus
2854 2141 3060 2202 regum
3092 2122 3384 2205 ipsorum.

1501 2250 1924 2318 ATHANASII
1966 2253 2196 2321 INTER
2208 2258 2611 2325 PRETATIO.

435 2373 540 2436 44.
592 2374 697 2433 Καὶ
729 2373 1046 2436 ἐπισκόπους
1071 2374 1158 2430 καὶ
1190 2370 1567 2454 πρεσϐυτέρους
1597 2373 1651 2430 ἐν
1683 2376 1870 2444 πλήθει
1902 2380 1999 2442 τῆς

348 2463 434 2543 (1)
471 2464 697 2542 χάριτος
729 2465 909 2524 αὐτοῦ,

435 2552 542 2614 45.
590 2551 649 2610 Ὀ
683 2555 845 2632 χορὸς
890 2559 995 2608 τῶν
1027 2551 1340 2608 ἀποστόλων
1371 2553 1608 2620 εἰσῆλθεν
1653 2556 1706 2612 ἐν
1737 2555 1805 2623 τῆ
1827 2554 2001 2632 θλίψει

351 2650 448 2699 τοῦ
497 2642 726 2717 κόσμου.
786 2639 1000 2720 Ἰσραὴλ
1059 2642 1158 2718 γὰρ
1206 2641 1551 2716 ἑρμηνεύεται
1579 2654 1695 2708 νοῦς
1741 2645 1877 2716 ὀρῶν
1909 2647 2000 2701 τὸν

352 2734 510 2810 Θεὸν,
543 2731 672 2808 ὅπερ
703 2733 837 2800 ἦσαν
870 2734 916 2788 οἱ
947 2729 1256 2792 ἀπόστολοί.
1315 2730 1585 2809 Αἴγυπτος
1617 2731 1672 2789 δὲ
1703 2733 1996 2808 ἑρμηνεύς-

351 2845 442 2878 ται
473 2820 678 2896 ὃλίψις.

435 2910 538 2969 46.
585 2909 644 2967 Ὀ
679 2912 796 2974 Υἱὸς
828 2918 920 2967 τοῦ
965 2919 1096 2970 Θεοῦ
1124 2912 1446 2988 παρῴκησεν
1478 2911 1531 2968 ἐν
1565 2919 1640 2987 τῷ
1662 2915 1875 2988 κόσμῳ.

436 3002 539 3062 47.
591 3000 687 3057 Καὶ
714 3001 999 3079 κατήρτισε
1020 3002 1139 3064 τοὺς
1173 3001 1350 3078 ἁγίους
1384 3008 1564 3062 αὔτοῦ.

435 3089 537 3152 48.
587 3086 871 3170 Ἐνίσχυσε
914 3091 1035 3155 τοὺς
1079 3090 1260 3167 ἆγίοος
1290 3091 1421 3169 ὑπὲρ
1447 3092 1541 3151 τὰς
1574 3091 1811 3158 ἐναντίας
1841 3091 2002 3150 δυνά-

321 3200 502 3256 τμεις.

437 3267 538 3331 49.
588 3265 930 3344 Ἀπεστράφη
985 3270 1045 3324 τὸ
1101 3267 1247 3333 ἔθνος
1306 3271 1412 3325 τῶν
1460 3267 1726 3327 ’ῐοοδαίων
1776 3269 1860 3328 διὰ
1904 3273 2002 3340 τὴν

355 3359 608 3416 ἀπιστίαν
639 3359 832 3415 αὑτῶν.

440 3447 540 3506 50.
589 3444 810 3514 Ἐπειδὴ
838 3443 1202 3504 ἓδολιεύσαντο
1242 3448 1381 3506 κατὰ
1430 3455 1534 3506 τῶν
1583 3455 1870 3529 προφητῶν
1904 3452 2002 3507 a6-

354 3545 473 3596 τυῦ.

439 3629 541 3688 51.
591 3626 996 3692 Ἐξασπέστειλε
1026 3629 1117 3684 τὸν
1149 3629 1315 3707 χορὸν
1346 3633 1452 3684 τῶν
1484 3627 1674 3684 ἁλιέων
1705 3626 1812 3704 (2),
1855 3630 2006 3687 Μοῦ-

358 3719 464 3782 σῆς
498 3718 598 3795 γὰρ
643 3716 984 3792 ἑρμηνεύεται
1044 3717 1302 3794 ἀναίρεσίς
1358 3716 1445 3796 ἀφ’
1491 3715 1700 3782 ὕδατος’
1738 3717 1871 3776 Ἀπὸ
1903 3721 2003 3799 γὰρ

352 3812 458 3873 τῆς
499 3806 805 3872 Θαλάσσσης
859 3807 1095 3864 ἀνείλετο
1137 3805 1260 3871 τοῦς
1316 3807 1667 3872 ἀποστόλους*
1719 3809 1857 3877 ἦσαν
1904 3811 2004 3888 γὰρ

351 3894 535 3959 ἁλιεῖς
550 3941 561 3952 .

443 3982 544 4047 ὃῖ.
591 3984 802 4061 Ἀαρὼν
831 3983 1174 4060 ἐρμητεόεται
1218 3985 1338 4064 ὅρος
1388 3985 1673 4062 ὃονάμενος
1727 3986 1838 4066 (3),
1874 3988 2004 4069 ὅπερ

354 4074 489 4153 ὅπερ
523 4075 658 4129 ἐστὶν
693 4075 727 4140 ἡ
772 4072 1067 4140 Ἐκκλησία
1097 4081 1201 4132 τῶν
1231 4083 1459 4149 πιστῶν,
1493 4075 1559 4144 ἢν
1590 4080 2006 4154 περιεποιήσατο

352 4163 443 4221 διὰ
464 4170 558 4220 :06
579 4161 707 4219 ἰδίου
733 4162 991 4238 αἵματος.

437 4249 539 4314 53.
587 4253 662 4309 Τὰ
693 4253 1078 4330 προστάγματα
1103 4257 1262 4312 αὐτοῦ
1286 4253 1432 4311 ἔθετο
1459 4255 1514 4310 ἐν
1545 4260 1622 4328 τῷ
1652 4255 1793 4331 λαῷ.

2162 2365 2261 2428 41.
2309 2364 2378 2428 Ει
2427 2368 2737 2449 episc0pos
2767 2375 2825 2430 et
2855 2367 3232 2449 presbyteros
3261 2369 3322 2430 in
3355 2367 3731 2449 plenitudine

2082 2454 2294 2530 gratim
2325 2474 2470 2520 suae.

2165 2544 2261 2608 45.
2309 2547 2538 2608 Chorus
2567 2547 2974 2627 apostolorum
3005 2548 3312 2627 ingressus
3343 2556 3432 2609 est
3463 2545 3528 2609 in
3550 2546 3737 2609 tribu-

2082 2630 2370 2697 lationem
2404 2635 2841 2700 mundi.Israel
2885 2637 3044 2700 enim
3094 2641 3522 2716 interpretatur
3570 2655 3738 2700 mens

2081 2722 2294 2785 videns
2343 2724 2555 2800 Deum,
2608 2725 2815 2806 quales
2877 2734 3044 2789 erant
3086 2726 3361 2808 apostoli.
3421 2726 3734 2808 Egyptus

2083 2822 2282 2874 autem
2313 2813 2741 2895 interpretatur
2775 2817 3118 2879 tribulatio.

2163 2902 2262 2964 46.
2315 2902 2498 2965 Filius
2529 2905 2635 2966 Dei
2663 2904 2946 2967 habitavit
2977 2906 3039 2966 in
3071 2904 3316 2968 mundo.

2021 3009 2062 3059 C
2168 2993 2268 3054 47.
2317 2992 2384 3055 Et
2418 2993 2665 3074 perfecit
2695 3003 2931 3057 sanctos
2962 3012 3125 3056 suos.

2164 3082 2266 3146 48.
2315 3083 2731 3146 Corroboravit
2756 3093 2993 3147 sanctos
3017 3101 3200 3165 super
3227 3084 3599 3148 adversaries
3631 3103 3732 3167 po-

2088 3180 2678 3325 testigiesxdversatus
2706 3269 2799 3325 est
2826 3270 3066 3343 gentem
3112 3263 3449 3328 Iudaeorum
3485 3272 3733 3345 propter

2087 3371 2253 3414 suam
2289 3351 2725 3414 inﬁdelitatem.

2168 3441 2267 3504 50.
2316 3439 2605 3512 Quoniam
2639 3441 2809 3503 dolos
2850 3442 3122 3506 fecerunt
3172 3450 3379 3506 contra
3408 3444 3734 3524 prophetas

2088 3550 2268 3684 su0581..
2317 3620 2470 3682 Misit
2527 3619 2774 3681 chorum
2823 3620 3206 3699 piscatorum.
3269 3623 3512 3702 Moyses
3566 3623 3726 3685 enim

2087 3713 2513 3790 interpretatur
2566 3711 2912 3789 assumptio
2959 3711 3034 3773 ab
3081 3729 3273 3791 aqua.
3332 3714 3380 3775 E
3436 3730 3598 3774 mare
3648 3713 3735 3775 si—

2088 3801 2330 3884 quidem
2389 3799 2628 3862 sustulit
2679 3801 2984 3880 apostolos
3019 3821 3034 3861 :
3067 3809 3238 3864 erant
3295 3801 3453 3864 enim
3533 3804 3731 3884 pisca-

2089 3902 2266 4044 torsi.
2316 3983 2527 4043 Aaron
2555 3979 2984 4059 interpretatur
3028 3997 3200 4043 mons
3229 3983 3499 4056 virtutis,
3535 3980 3732 4063 qualis

2090 4080 2181 4132 est
2212 4070 2468 4132 ecclesia
2499 4068 2787 4150 ﬁdelium,
2835 4089 3008 4152 quam
3045 4071 3407 4152 comparavit
3447 4072 3563 4135 sibi
3591 4073 3736 4134 san-

2087 4179 2267 4240 guine
2297 4179 2426 4222 suo.
3591 4185 3593 4188 ⁴

2173 4249 2274 4314 53.
2323 4249 2626 4330 Praecepta
2651 4269 2760 4312 sua
2792 4251 2986 4332 posuit
3008 4251 3070 4312 in
3098 4250 3337 4332 populo.

441 4340 522 4404 54
594 4351 633 4399 Κ
672 4342 685 4364 ⁸
758 4347 783 4357 ’⁸
929 4345 956 4397 Θ
1060 4343 1071 4360 ’
1252 4346 1266 4364 ’
1344 4347 1366 4364 ⁷
1433 4344 1460 4364 τ
1528 4347 1556 4400 6
1612 4345 1622 4362 '
1852 4347 1880 4358 ”

531 4389 544 4403 ,
637 4362 689 4396 αι
717 4362 822 4396 των
853 4363 926 4397 πα
961 4364 1183 4418 ηματων
1216 4365 1388 4416 ουτου,
1422 4368 1495 4399 ων
1560 4366 1774 4421 πεμεινε
1817 4370 1886 4416 τη
1915 4347 2039 4427 )4)ι

2174 4343 2272 4404 54.
2320 4338 2389 4400 Et
2421 4341 2758 4419 passionem
2803 4359 3070 4415 suarum,
3116 4359 3266 4421 quas
3319 4358 3524 4421 passus
3554 4346 3648 4406 est
3675 4342 3738 4404 in

354 4437 651 4508 συναγωγῇ
682 4433 786 4486 τών
814 4431 1101 4509 τολμηρῶν
1127 4432 1440 4511 ἀνθρώπων.
1467 4435 1590 4509 Χὰμ
1614 4434 1713 4513 γὰρ
1738 4434 2006 4516 τολμηρὸς

355 4522 707 4599 ἑρμηνεύεται
719 4563 732 4578 .

442 4611 546 4672 55.
595 4609 684 4666 Ἐν
714 4616 782 4686 τῇ
811 4617 1096 4688 συναγωγῇ
1142 4613 1312 4669 αὐτῶν
1357 4610 1440 4668 διὰ
1483 4636 1584 4679 την
1628 4614 1876 4673 ἀπιστὶαν
1907 4618 2006 4674 αὖ·

351 4701 489 4757 τῶν.

441 4789 542 4849 56.
592 4787 725 4846 ’Ὅτι
764 4791 860 4845 οὒκ
889 4788 1146 4870 ἐφύλαξαν
1169 4793 1234 4848 τὰ
1264 4793 1646 4871 προστάγματα
1677 4797 1853 4857 αὐτυῦ.

442 4879 543 4941 57.
592 4878 869 4958 Ἀφείλετο
900 4882 1071 4937 αὐτῶν
1119 4883 1216 4951 τήν
1262 4883 1445 4961 χάριν,
1506 4885 1597 4940 καὶ
1642 4885 1793 4941 εἴασε
1823 4887 2007 4948 αὐτοὺς

351 4966 623 5024 δουλεύειν
651 4972 721 5046 τῇ
750 4968 998 5047 ἁμαρτίᾳ.

441 5057 542 5120 58.
589 5059 696 5120 Τὰς
732 5060 910 5138 ψυχὰς
943 5061 1112 5116 αὑτῶν
1141 5061 1234 5126 τὰς
1268 5061 1323 5116 ἐν
1346 5060 1534 5137 κόσμῳ
1556 5063 1634 5132 (5)
1669 5064 2002 5144 νηχομένας.

437 5145 518 5208 59
589 5149 649 5202 Α,
785 5146 826 5166 ιν
967 5151 981 5172 ν
1033 5155 1058 5164 ο
1129 5151 1180 5185 ,κ
1473 5153 1484 5173 ι
1624 5159 1642 5167 ι-
1722 5152 1742 5171 κ

527 5194 541 5209 ,
637 5171 652 5202 ι
677 5165 884 5225 καροιαι
927 5171 1096 5206 αυτων
1139 5172 1222 5213 ωας
1274 5151 1546 5225 ἐπιθυμιας
1577 5175 1681 5208 των
1715 5168 2002 5226 οαιμονων,

437 5235 540 5301 60.
586 5235 679 5293 Ἐν
709 5250 831 5303 ταῖς
871 5235 1126 5303 διανοιαις
1153 5246 1256 5295 τῶν
1287 5241 1562 5320 ἀρχόντων
1596 5246 1789 5301 αὐτῶν.

2092 4429 2555 4510 congregatione
2587 4430 2898 4492 audacium
2933 4428 3266 4493 hominum.
3337 4429 3526 4492 Cham
3575 4433 3736 4493 enim

2089 4523 2294 4585 audax
2325 4526 2773 4598 interpretatur.

2172 4611 2270 4670 55.
2320 4608 2385 4668 In
2417 4609 2935 4688 congregationem
2987 4625 3193 4670 eorum
3259 4615 3498 4688 propter
3527 4627 3733 4672 eorum

2091 4699 2530 4762 inﬁdelitatem.

2055 4855 2062 4860 ,
2171 4791 2270 4852 56.
2321 4787 2468 4860 Quia
2499 4804 2614 4847 non
2657 4786 3102 4849 custodiverunt
3128 4787 3255 4865 ejus
3282 4797 3594 4868 praecepta.

2173 4880 2272 4942 5⁵7.
2318 4876 2574 4938 Abstulit
2606 4875 2693 4937 eis
2720 4875 2992 4955 gratiam,
3026 4880 3088 4937 et
3122 4875 3393 4956 permisit
3423 4895 3529 4939 eos
3558 4879 3738 4939 servi-

2091 4987 2162 5031 re
2194 4976 2459 5048 peccato.

2172 5057 2272 5119 58.
2319 5055 2563 5117 Animas
2583 5071 2790 5115 eorum
2816 5054 2874 5114 in
2911 5052 3130 5115 mundo
3157 5062 3450 5118 natantes.

2174 5145 2248 5209 59
2324 5143 2514 5206 Corda
2536 5161 2744 5204 eorum
2773 5142 3292 5223 concupiscentias
3313 5143 3676 5212 daemonum.

2173 5235 2273 5298 60.
2325 5237 2386 5297 ln
2423 5231 2721 5294 mentibus
2748 5233 3084 5312 principum
3114 5249 3348 5296 eorum.

1390 5376 1693 5441 Addenda
1723 5381 1786 5442 et
1816 5374 2191 5456 corrigenda
2222 5389 2296 5436 ex
2341 5370 2479 5435 cod.
2523 5369 2724 5434 Vatic.

443 5478 535 5639 El)
579 5475 894 5552 Ἐμπλῆσαι
924 5482 1040 5565 τῆς,
1077 5492 1192 5547 etc.

468 5561 538 5638 2)
597 5555 857 5639 Ἀλλέων,
917 5571 990 5620 ὦν
1051 5572 1192 5622 Μοῦσ

468 5555 538 5638 2)
597 5555 990 5648 Ἀλλλέωνμῶν
1027 5555 1264 5633 ’Μοῦσῆς
1323 5565 1674 5645 ἐρμηνεὺεται
1743 5568 2012 5648 ἀναιρεσις

351 5637 578 5721 ὕδατος,
612 5646 729 5704 etc.
776 5637 1038 5725 ὀνηλατο,
1069 5657 1188 5708 etc.
