4118 6208
291 249 451 315 1109
1215 256 1309 318 DE
1353 253 1666 319 TITULIS
1708 254 2198 319 PSALMORUM.
2258 290 2321 300 --
2368 257 2577 321 PSAL.
2626 257 2748 323 CV.
3516 266 3671 332 mo

370 386 470 451 80.
501 390 607 453 Καὶ
650 388 828 469 ἄρτον·
861 391 1076 469 οὖρανοῦ
1103 388 1395 458 ὶνέπλησεν
1426 389 1637 455 αὖτούς.
1940 397 1979 445 Α

2036 474 2041 475 γ
2084 385 2180 475 80.
2232 388 2300 446 Et
2344 404 2497 465 pane
2544 388 2679 451 οωιί
2729 392 3014 452 saturavit
3063 410 3169 453 eos
3231 396 3468 475 [panem
3524 398 3662 463 cali

2011 473 2176 537 dedit
2204 476 2353 553 eis].

367 567 470 631 81.
507 566 744 647 Διὲῤῥηξι
788 567 1011 647 πέτραν,
1059 570 1146 626 καὶ
1175 566 1429 647 ἕῤῥύησαν
1462 567 1646 628 ὕδατα·

2094 565 2192 628 81.
2227 566 2492 647 Disrupit
2515 573 2762 646 petram,
2798 574 2857 629 et
2880 568 3180 632 ﬂuxerunt
3208 589 3425 653 aquae:

368 658 466 721 82.
503 657 561 715 Ἐ
574 660 895 736 πορεύθησαν
927 657 980 714 ἐν
1011 656 1250 737 ἀνύδροις
1274 660 1530 734 ποταμοί.

2095 654 2192 716 82.
2220 653 2513 717 Abierunt
2551 653 2644 734 [Et
2664 655 2961 735 abierunt]
2995 658 3057 719 in
3090 658 3271 722 siccis
3302 662 3575 728 ﬂumina.

365 744 466 811 83'
503 746 642 805 ’,οτι
675 747 916 822 ἐμνήσθη
946 756 1038 807 τοῦ
1066 745 1225 825 λόγου
1250 754 1342 804 τοῦ
1369 749 1520 826 ἁγίου
1553 747 1732 821 αὐτοῦ,

2097 744 2197 806 83.
2231 742 2520 816 Quoniam
2555 764 2783 807 memor
2814 746 2924 809 fuit
2950 748 3117 810 verbi
3149 752 3341 813 sancti
3369 754 3462 815 sui

367 837 470 899 84.
503 839 607 895 Τοῦ
626 840 756 908 πρὸς
791 834 1036 917 Ἀϐραὰμ
1068 839 1161 894 τὸν
1187 835 1372 895 δοῦλον
1404 839 1587 901 αὐτοῦ.

2099 834 2199 895 84.
2234 832 2401 906 Quod
2433 833 2636 896 habuit
2665 835 2738 896 ad
2772 835 3078 900 Abraham
3108 857 3358 919 puerum
3393 860 3594 908 suum.

365 927 467 989 85.
499 924 602 988 Καὶ
646 926 874 1005 ἐξήγαγε
918 928 1010 983 τὸν
1047 925 1177 983 λαὸν
1220 930 1379 986 αὒτοῦ
1404 929 1460 984 ἒν
1492 924 1820 1005 ἀγαλλιάσει·

2102 924 2201 987 85,
2230 924 2300 985 Et
2329 924 2531 985 eduxit
2560 924 2843 1004 populum
2877 946 3054 989 suum
3086 929 3148 990 in
3181 931 3577 998 exsultatione
3604 956 3619 998 :

365 1016 467 1081 86.
500 1014 605 1078 Καὶ
633 1021 755 1082 τοὺς
786 1015 1070 1076 ἐκλεκτοὺς
1114 1017 1270 1074 αὒτοῦ
1301 1016 1355 1072 ἐν
1387 1017 1703 1095 εὐφροσύνη.

1449 1018 1703 1095 ςρροσύνῃ.
2097 1013 2198 1075 86.
2226 1014 2300 1075 Ει
2329 1013 2550 1075 electos
2581 1032 2719 1075 suos
2751 1014 2806 1074 in
2844 1014 3074 1078 laetitia.

365 1109 467 1171 87,
498 1104 601 1170 Καὶ
633 1104 823 1163 ἔδωκεν
848 1106 1035 1170 αὐτοῖς
1067 1105 1249 1186 χώρας
1280 1105 1463 1163 ὲθνῶν⁶

2102 1102 2200 1165 87.
2228 1103 2303 1164 Ει
2332 1102 2496 1163 dedit
2526 1102 2648 1165 illis
2688 1103 2971 1183 regiones
3004 1107 3272 1184 gentium
3307 1130 3323 1170 :

367 1197 467 1261 88.
500 1197 605 1261 Καὶ
638 1196 829 1261 πόνους
854 1195 998 1253 λαῶν
1028 1194 1599 1275 κατεκληρονόμησαν.

2095 1192 2193 1255 88.
2228 1191 2297 1252 Et
2342 1192 2576 1253 labores
2611 1194 2967 1273 populorum
2997 1200 3418 1276 possederunt.

368 1286 466 1352 89.
495 1285 695 1348 ’Ὅπως
719 1286 781 1341 ἂν
812 1284 1079 1365 φυλάξουσι
1103 1286 1168 1342 τὰ
1198 1283 1535 1360 δικαιώματα
1567 1285 1747 1346 αὐτοῦ.

1711 1294 1747 1346 3.
2094 1281 2192 1345 89.
2228 1279 2300 1344 Ut
2320 1281 2653 1344 custodiant
2671 1283 3134 1362 justiﬁcationes
3166 1287 3298 1367 ejus
3325 1311 3337 1351 :

366 1377 469 1439 90.
510 1376 615 1439 Καὶ
644 1377 735 1433 τὸν
768 1373 932 1450 νόμου
958 1380 1115 1434 αὐτοῦ
1137 1374 1498 1447 ἐκζητήσωσι.

2092 1371 2189 1435 90.
2218 1372 2293 1433 Et
2322 1371 2509 1451 legem
2543 1373 2673 1451 ejus
2702 1374 3009 1453 requirant
3034 1376 3412 1456 [requirent].

753 1467 1104 1536 Ἀλληλυύία.
1154 1468 1327 1530 ΨΑΛ.
1363 1468 1486 1530 ΡΕ’.

2467 1466 2763 1529 Alleluia.
2798 1466 3019 1535 PSAL.
3062 1470 3192 1532 CV.

364 1567 426 1626 1.
455 1562 907 1642 Ἐξομολογεϊσθσ
937 1568 1013 1637 τῷ
1042 1560 1243 1643 Κυρίῷ,
1289 1560 1370 1618 ὅτι
1402 1561 1665 1642 χρηστός’

2097 1564 2152 1622 1.
2192 1560 2567 1623 Conlitemini
2598 1562 2874 1635 Domino,
2919 1564 3203 1643 quoniam
3240 1565 3455 1630 bonus.

360 1653 423 1717 2.
455 1654 592 1715 "Ott
624 1654 700 1718 εἰς
726 1655 815 1711 τὸν
846 1654 1011 1708 αἰῶνα
1033 1653 1092 1709 τὸ
1137 1651 1283 1717 ἕλεος
1315 1654 1496 1711 αὐτοῦ.
1953 1722 1984 1738 ἢ

1953 1722 1984 1738 ἢ
2093 1651 2152 1714 2.
2186 1650 2473 1738 Quoniam
2506 1650 2567 1711 in
2596 1651 2879 1712 saeculum
2926 1652 3342 1719 misericordia
3375 1659 3530 1738 ejus.

364 1744 423 1810 3.
454 1746 547 1810 Τίς
593 1743 818 1815 λαλήσει
847 1743 941 1808 τὰς
971 1740 1269 1808 δυναστείας
1293 1748 1384 1798 τοῦ
1418 1741 1605 1820 Κυρίου
1638 1761 1654 1816 ;
1950 1722 1986 1771 Β

1950 1722 1986 1771 Β
2088 1740 2144 1803 3.
2196 1722 2341 1812 Quis
2366 1737 2644 1820 loquetur
2675 1740 2969 1820 potentias
3001 1741 3294 1805 Domini?

359 1836 422 1897 4.
465 1834 764 1898 Ἀκουστᾶς
798 1830 1008 1899 ποιήσει
1038 1831 1214 1896 πάσας
1260 1832 1352 1895 τὰς
1384 1830 1606 1896 αἷνέσεις
1638 1835 1795 1890 αὐτοῦ
1821 1851 1838 1908 ;

1691 1839 1795 1890 ποῦ
1821 1851 1838 1908 ;
2086 1830 2144 1893 4.
2180 1827 2429 1893 Auditas
2458 1829 2638 1890 faciet
2660 1847 2869 1891 omnes
2898 1830 3109 1893 laudes
3144 1832 3317 1913 ejus?

365 1928 427 1990 5.
454 1924 719 2002 Μακάριοι
767 1925 813 1980 οἱ
843 1922 1198 2003 φυλάσσοντες
1230 1922 1420 2001 κρίσιν,
1449 1921 1537 1978 καὶ
1586 1919 1672 2002 (α)
1698 1922 1918 1979 ποιοῦν-

2084 1921 2144 1982 5.
2178 1919 2342 1981 Beati
2386 1917 2489 2000 qui
2546 1919 2886 1981 custodiunt
2930 1920 3248 2001 judicium,
3312 1931 3371 1985 et
3422 1923 3651 1989 faciunt

276 2040 369 2082 τις
412 2016 751 2083 δικαιοσύνην
785 2013 839 2070 ἐν
870 2013 1027 2070 παντὶ
1057 2018 1250 2092 καιρῷ,

1995 2003 2284 2081 justitiam
2309 2008 2367 2070 in
2399 2008 2562 2071 omni
2597 2016 2896 2089 tempore.

366 2175 443 2258 (a)
476 2173 650 2240 Vers.
680 2173 741 2240 6.
780 2174 877 2235 Καὶ
905 2180 1203 2253 ποιοῦντες,
1237 2178 1357 2237 etc.
1384 2169 1458 2235 V.
1491 2173 1553 2235 7.
1588 2172 1895 2255 Μνῆσθητι,
1927 2181 2021 2236 etc

1419 2278 1836 2346 ATHANASII
1878 2277 2519 2346 INTERPRETATIO.

360 2418 460 2482 80.
491 2419 599 2481 Τὸν
637 2421 752 2478 rte»
819 2422 978 2479 αὐτοῦ
1029 2422 1121 2477 τὸν
1167 2424 1437 2499 μονογενη
1469 2416 1661 2477 εδωκεν
1730 2417 1815 2499 (1)
1850 2420 1922 2484 είς

2089 2420 2189 2484 80.
2223 2418 2436 2482 Filium
2463 2437 2637 2482 suum
2670 2420 3040 2500 unigenitum
3064 2423 3233 2486 dedit
3256 2425 3318 2487 in
3343 2426 3657 2507 participa-

275 2508 586 2587 μετάληψιν
632 2510 710 2591 (α)
725 2558 737 2571 .

639 2510 737 2591 (a).
2010 2509 2265 2573 tionem.

356 2598 457 2661 81.
504 2601 614 2668 Τὴν
648 2599 876 2679 πλευρὰν
926 2607 1018 2658 τοὸ
1055 2600 1178 2656 Υἱοῦ
1216 2599 1371 2656 αὐτοῦ
1413 2596 1505 2680 (2)
1552 2596 1803 2674 διήνοιξε,
1836 2601 1924 2656 καὶ

2088 2600 2187 2663 81.
2243 2599 2421 2662 Latus
2473 2596 2608 2661 Filii
2657 2599 2753 2662 sui
2810 2600 3074 2684 aperuit,
3127 2613 3185 2667 et
3233 2612 3445 2687 potum
3493 2605 3660 2671 dedit

274 2690 497 2747 ὶπότιοε
548 2692 630 2747 τὸν
652 2691 852 2767 γόσμον
864 2739 878 2753 .

652 2691 878 2767 γόσμον.
2013 2690 2256 2751 mundo.

359 2780 461 2841 82.
496 2778 893 2859 Ἐπορεύθησαν
919 2780 973 2837 ἐν
1002 2792 1120 2844 τοῖς
1151 2780 1351 2837 ἔθνεσιν
1378 2779 1424 2834 ol
1448 2777 1840 2858 εὸαγγελισταί,

2086 2781 2183 2844 82.
2218 2779 2513 2843 Abierunt
2544 2779 2607 2841 in
2636 2786 2846 2858 gentes
2885 2780 3186 2862 Evangelii
3220 2802 3554 2866 praecones.

355 2869 454 2949 83,
514 2869 614 2933 84.
670 2868 753 2950 (3)
810 2869 883 2928 Οὗ
920 2867 1277 2948 ἐπηγγείλατο
1328 2867 1498 2947 λέγων
1528 2876 1605 2943 τῷ
1650 2866 1914 2949 Ἀϐραάμο

2083 2872 2182 2943 83,
2225 2871 2323 2933 84.
2373 2868 2543 2943 Quod
2582 2870 2938 2949 promiserat
2967 2872 3269 2937 Abraham
3304 2875 3540 2941 dicens.
3589 2879 3654 2940 In

272 2963 373 3022 Ἐν
416 2970 486 3041 τῇ
517 2986 690 3021 πιστει
722 2986 817 3020 σου
846 2962 1295 3042 εὐλογηθήσονται
1321 2964 1492 3020 πάντα
1520 2964 1587 3020 τὰ
1607 2962 1755 3031 ἔθνη,

1670 2987 1755 3031 νη.
2002 2960 2117 3022 ﬁde
2144 2969 2239 3023 tua
2268 2960 2708 3022 benedicentur
2739 2980 2948 3024 omnes
2978 2973 3192 3043 gentes
3217 2963 3296 3026 9°.

356 3054 460 3128 85,
491 3051 594 3115 Ἐκ
622 3076 716 3111 του
760 3055 966 3130 κόσμου
1002 3054 1186 3110 τούτου
1219 3054 1337 3117 τούς
1368 3055 1590 3119 πιστοὺς
1620 3054 1781 3111 αὐτοῦ
1824 3051 1974 3131 ἐῤ-(ζ

1824 3051 1974 3131 ἐῤ-(ι
2080 3052 2174 3113 85.
2224 3048 2306 3111 Ex
2341 3050 2453 3112 hoc
2485 3048 2706 3111 mundo
2742 3049 2953 3114 ﬁdeles
2988 3070 3127 3137 suos
3146 3053 3445 3120 liberavit.

270 3145 501 3221 ῥύσατο.

357 3231 461 3297 86.
493 3230 599 3294 Καὶ
619 3234 740 3295 τοὺς
762 3232 942 3311 ἁγίους
987 3233 1144 3288 αὒτοῦ
1176 3231 1230 3286 ἐν
1274 3237 1441 3312 χαρᾷ.

2083 3230 2185 3294 86.
2218 3232 2292 3291 Et
2319 3238 2554 3292 sanctos
2584 3248 2725 3293 suos
2755 3230 2817 3293 in
2848 3232 3081 3311 gaudio.

360 3323 460 3386 87.
491 3323 602 3386 Τὰς
637 3322 877 3386 αἰωνίους
909 3319 1163 3377 ἀνέπαλιν
1210 3321 1315 3402 (4).

1210 3321 1315 3402 (4).
2087 3320 2184 3383 87.
2221 3320 2464 3381 IEterna
2492 3320 2827 3399 refrigeria.

356 3412 457 3476 88.
488 3414 592 3476 Τὰς
620 3412 786 3487 μονὰς
817 3417 921 3467 τῶν
950 3413 1137 3489 ἁγίων,

2086 3409 2183 3473 88.
2218 3409 2570 3472 Sanctorum
2607 3410 2971 3474 mansiones.

361 3500 463 3566 89.
498 3501 901 3572 Ἀτελευτήτως
941 3498 1256 3578 διαμένωσιν
1288 3501 1369 3581 (5)
1416 3504 1490 3565 εἰς
1534 3502 1595 3557 τὸ
1647 3502 1922 3578 βάπτισμα

2087 3499 2185 3562 89.
2220 3497 2284 3561 In
2341 3499 2771 3580 sempiternum
2825 3510 3212 3582 permaneant
3252 3504 3313 3567 in
3345 3504 3452 3568 Dei
3499 3506 3650 3588 bap-

273 3599 371 3649 τοῦ
402 3599 557 3654 Θεοῦ.

2009 3589 2205 3651 tismo.

361 3680 462 3745 90.
496 3683 600 3746 Καὶ
630 3682 721 3740 τὸν
762 3682 927 3758 νὸμου
984 3681 1136 3739 οὗτοῠ
1192 3678 1642 3760 ἐξακριϐώσαντες
1693 3679 1921 3760 πληρώ-

2085 3678 2184 3740 98.
2231 3677 2303 3741 Et
2332 3678 2529 3759 legem
2561 3680 2695 3761 ejus
2735 3686 3018 3747 accurate
3071 3701 3139 3745 ac
3183 3682 3502 3764 diligenter
3530 3687 3647 3749 im-

275 3793 452 3835 σουσι,

2010 3769 2233 3850 pleant.

359 3880 424 3937 Ἠ
467 3879 792 3960 προκειμένη
836 3878 1106 3960 ἒπιγραφὴ
1137 3878 1378 3960 περιέχει
1410 3879 1487 3952 (6)
1522 3898 1533 3911 '
1570 3877 1931 3959 Ἀλληλούϊα,
1963 3878 2091 3951 ὅπερ
2124 3877 2492 3955 ἑρμηνεύετωε
2529 3879 2735 3935 αίνεϊτε
2776 3879 2868 3934 τὸν
2898 3878 3024 3935 ὄντα
3057 3881 3212 3946 Θεόν,

354 3967 587 4032 Titulus
615 3974 965 4052 praepositus
990 3967 1256 4031 continet
1292 3987 1305 4031 :
1342 3968 1617 4032 Alleluia
1635 3992 1659 4042 ;
1685 3967 1845 4050 quod
1874 3968 2300 4048 interpretatur
2332 3965 2579 4029 laudate
2609 3985 2748 4029 eum
2783 3970 2891 4047 qui
2929 3967 3088 4031 Deus
3117 3977 3228 4034 est.

360 4081 416 4140 1.
480 4077 851 4157 Ἐξαγγείλατε
892 4079 1034 4153 αἱ)τῷ
1081 4078 1176 4142 τὰς
1218 4076 1472 4156 προτέρας
1519 4077 1573 4133 ἒν
1613 4083 1678 4154 τῇ
1733 4077 1983 4155 ἀγνοίᾳῡ

2085 4076 2140 4136 1.
2177 4074 2539 4137 Euuuntiate
2560 4076 2671 4157 ipsi
2702 4075 2936 4156 priores
2962 4086 3192 4138 vestras
3214 4078 3653 4162 actiones,quas

273 4171 424 4243 ὑμῶν
459 4166 693 4248 πράξεις,
723 4168 803 4225 ὅτι
831 4168 1026 4246 ἀγαθός
1063 4167 1226 4227 ἐστιν.

2000 4164 2060 4225 in
2090 4165 2425 4243 ignorantia
2462 4166 2866 4239 commisistis,
2904 4167 3184 4246 quoniam
3226 4168 3418 4229 bonus
3444 4176 3555 4232 est.

353 4256 416 4319 2.
457 4261 554 4317 Καὶ
585 4257 919 4315 ἀδιάλειπτον
952 4260 1012 4314 τὸ
1057 4256 1202 4320 ἕλεος
1238 4256 1415 4319 αὐτοῦ,

2081 4255 2140 4316 2.
2188 4254 2260 4316 Et
2292 4254 2716 4317 indelectibilis
2760 4256 3178 4319 misericordia
3209 4258 3360 4337 ejus.

359 4347 416 4424 3,
457 4348 517 4408 4.
548 4347 644 4414 Τίς
688 4347 883 4425 δυνηθῇ
912 4346 1262 4426 διηγήσασθαι
1292 4349 1453 4421 μόνον
1485 4349 1579 4412 τὰς
1623 4348 1917 4426 εὐεργεσίας

2086 4344 2144 4417 3,
2181 4345 2241 4408 4.
2279 4347 2422 4419 Quis
2457 4347 2676 4425 poterit
2708 4364 2951 4408 narrare
2983 4348 3173 4408 solum
3224 4347 3652 4414 beneﬁcentias

275 4446 371 4497 τοῦ
406 4439 633 4519 Κυρίου,
667 4439 727 4502 ἃς
759 4438 987 4518 παρέχει
1017 4454 1133 4501 τοῖς
1164 4436 1482 4515 ἀνθρώποις⁹
1521 4440 1612 4495 ἵνα
1641 4438 1901 4495 ἀκούοντες

2025 4435 2265 4511 )omini,
2328 4455 2475 4513 quas
2528 4437 2752 4517 praebet
2796 4437 3167 4519 hominibus,
3237 4446 3299 4498 ut
3339 4439 3651 4504 audientes

274 4530 509 4603 ὑμνῶσιν
537 4528 621 4608 (Ἰ)
650 4527 806 4583 αὐτόν
834 4548 851 4599 ;

837 4548 851 4599 ;
2005 4525 2249 4591 laudent
2278 4544 2411 4588 eum
2439 4525 2463 4586 Υ

360 4616 426 4677 5.
459 4617 541 4697 (8)
594 4617 855 4696 Μακάριοι
907 4617 954 4673 οἱ
1012 4615 1372 4696 πιστεύοντες,
1417 4615 1497 4673 ὅτι
1556 4618 1666 4674 ἔστι
1727 4620 1918 4699 κρίσις,

2086 4619 2145 4677 5.
2183 4615 2350 4677 Beati
2400 4616 2741 4689 credentes,
2793 4615 2953 4696 quod
2999 4624 3086 4676 est
3110 4614 3432 4695 judicium,
3468 4627 3527 4680 et
3559 4621 3651 4684 fa-

280 4708 367 4764 ιιαὶ
417 4718 689 4774 ποιοῦντες
746 4706 1109 4786 δικαιοσύνην,
1170 4709 1260 4763 καὶ
1330 4708 1517 4772 νυκτὸς
1574 4709 1663 4764 καὶ
1718 4708 1906 4788 ἡμέραι

2016 4707 2157 4769 cient
2171 4724 2234 4766 es
2259 4705 2637 4785 justitiam,et
2659 4712 2833 4767 nocte
2852 4723 2920 4766 ac
2935 4703 3034 4766 die
3061 4704 3282 4767 bonum
3303 4717 3642 4788 operantes.

278 4805 430 4855 ποιοῦ
442 4818 547 4863 δτες
592 4797 811 4876 ἀγαθόν.

360 4974 423 5026 26
451 4972 602 5039 Gen.
635 4991 778 5051 χχιι,
811 4974 910 5039 18.
1309 5053 1612 5120 Addenda
1640 5060 1705 5121 et
1734 5055 2107 5137 corrigenda
2136 5076 2214 5124 ex
2245 5058 2384 5131 cod.
2421 5057 2617 5121 Vatic,

386 5164 441 5246 1)
484 5161 735 5246 ’ᾜδωκεμν
760 5167 969 5245 αὐτοῖς,
1003 5170 1122 5226 etc.
2088 5166 2172 5246 (6)
2210 5166 2274 5225 Ἠ
2308 5166 2389 5223 διὰ
2434 5167 2531 5234 τῆς
2561 5161 2913 5243 κινναϐάρεως
2945 5165 3209 5246 περιέχει.

386 5166 441 5240 1)
484 5166 735 5222 ’Ἔδωκεν
760 5167 969 5245 αὐτοῖς,
1003 5170 1122 5226 etc.

386 5243 877 5327 ?_)A’J'=9§d09ﬂ-
1007 5323 1058 5327 __
1120 5323 1185 5327 __
1390 5320 1406 5327 -

881 5178 969 5245 ’ἶς’
1003 5170 1122 5226 am.
2112 5170 2172 5246 6)
2210 5166 2274 5225 Ἠ
2308 5166 2389 5223 διὰ
2434 5167 2507 5234 τῆη

1007 5323 1058 5327 __
1120 5323 1143 5327 _
1172 5323 1185 5327 _
1260 5322 1327 5327 ___
1390 5320 1406 5327 ,
2085 5166 2507 5327 ἑἹΥΥμνοῦσιν.

383 5320 448 5407 3)
479 5322 551 5407 _N.
584 5322 685 5401 83,
721 5325 816 5401 οὗ,
842 5332 959 5387 etc.
1007 5323 1082 5388 N.
1114 5323 1216 5398 84,
1255 5322 1356 5385 85.
1388 5320 1483 5381 Ἐκ
1524 5330 1638 5384 τοῦ.

2084 5320 2355 5402 (8)’Ν.’5,
2389 5328 2648 5407 Μακάριοι
2698 5343 2888 5407 usque
2929 5324 3004 5388 ad
3058 5328 3250 5407 κρίσις.
3301 5329 3370 5392 Ν.
3426 5335 3489 5397 6.
3538 5335 3641 5396 Καὶ

383 5404 444 5487 4)
478 5404 857 5472 Ἀναπαύσεις.
2003 5411 2212 5484 νυκτός,
2239 5418 2353 5471 etc.
2388 5410 2447 5465 τὸ
2474 5404 2691 5487 ἀγαθόν.
2748 5406 2969 5469 Desunt
3001 5404 3104 5465 ml
3132 5410 3405 5476 ποιῶντες
3437 5413 3642 5477 δίκαιο-

360 5487 440 5569 (5)
473 5488 850 5564 Διαμείνωσιν.
2002 5491 2188 5557 σύνην,

365 5666 451 5751 (a)
499 5664 835 5746 Μαάληψις,
867 5666 1215 5733 communio
1244 5682 1352 5729 seu
1381 5662 1752 5748 participstio
1781 5662 2192 5733 Eucharistim.
2226 5665 2361 5736 Vid.
2397 5670 2549 5735 Lex.
2582 5666 2748 5736 Suie.

4098 4650 4099 4723 ί

4098 4752 4099 4827 l
