4136 6216
510 236 661 302 1115
1293 239 1349 301 S.
1404 236 1825 301 ATHANASII
1869 237 2037 300 OPP.
2087 235 2281 299 PARS
2321 233 2428 301 ΙΙΙ.
2481 268 2555 283 —-
2604 237 3056 301 EXEGETIGA.
3715 241 3840 306 1116

581 370 677 433 38.
714 368 786 432 Et
817 370 1088 433 fecerunt
1118 370 1366 434 vitulum
1391 370 1452 433 in
1485 369 1721 434 Choreb
1757 387 1771 433 :
2159 382 2194 432 Α

1765 388 1771 433 ἰ
2159 382 2194 432 Α
2298 374 2401 436 38.
2428 373 2533 436 Καὶ
2563 375 2824 442 ἐποίησαν
2854 376 3065 456 μόσχον
3097 374 3154 431 ἂν
3179 373 3398 453 Χωρήϐ·

579 460 680 524 39.
712 458 781 522 Et
807 464 1208 523 adoraverunt
1231 459 1536 541 sculptile.

2307 461 2405 527 39.
2433 466 2543 528 Καὶ
2571 465 2972 544 προσεκύνησαν
3002 471 3080 540 τῷ
3111 463 3355 543 γλυπτῴ.

582 550 682 613 40.
717 551 791 612 Et
821 557 1193 612 mutaverunt
1231 550 1476 627 gloriam
1509 567 1676 612 suam

2305 555 2407 616 40.
2444 555 2542 613 Καὶ
2584 553 2880 622 ἠλλάξαντο
2922 554 3019 622 τὴν
3059 552 3208 620 δόξαν
3253 556 3411 612 αὑτοῦ

580 639 681 703 44.
716 643 780 702 In
825 640 1279 704 similitudinem
1313 639 1474 702 vituli
1502 639 1872 704 comedentis
1911 641 2139 705 fenum.

2019 661 2139 705 um.
2305 643 2407 707 41.
2442 643 2533 705 Ἑν
2566 645 2868 720 ὁμοιώματι
2900 645 3112 723 μόσχου
3143 644 3406 711 ἐσθίοντος
3434 646 3652 728 χόρτον,

582 731 682 793 42.
718 731 790 793 Et
821 728 988 793 obliti
1019 739 1158 791 sunt
1190 729 1403 802 Deum,
1438 730 1541 811 qui
1563 729 1816 793 salvavit
1851 749 1954 795 eos
1989 749 2004 793 :

2302 732 2404 798 42.
2438 732 2543 796 Καὶ
2593 741 2662 810 (α)
2696 733 3015 793 ἐπελάθοντο
3044 740 3137 791 τοῦ
3183 741 3314 792 Θεοῦ
3344 741 3437 792 τοῦ
3485 735 3732 809 ςώζοντος
3760 740 3843 795 αὖ.

2221 823 2340 889 τούς
2372 839 2386 854 ⁸

583 909 682 974 43.
719 909 832 982 Qui
863 909 1004 971 fecit
1036 908 1330 988 magnalia
1360 908 1422 969 in
1453 913 1725 989 Egypto,

2303 912 2405 977 43.
2441 918 2544 974 Τοῦ
2570 917 2896 986 ποιήσαντος
2930 914 3138 992 μεγάλα
3173 916 3229 972 ὲν
3265 915 3537 995 Αἰγύπτῳ,

580 1001 680 1061 44.
716 999 1008 1062 Mirabilia
1032 999 1091 1060 in
1122 1009 1280 1060 terra
1306 997 1510 1073 Cham,

1470 1017 1510 1073 ι,
2306 1004 2407 1066 44.
2441 1008 2721 1080 Θαυμάσια
2765 1008 2818 1061 ἒν
2849 1008 2920 1082 γῇ
2955 1005 3103 1080 Χᾶμ,

581 1090 679 1151 45.
715 1087 1035 1150 Terribilia
1063 1089 1122 1149 in
1149 1086 1298 1150 mari
1329 1089 1558 1152 Rubro.

2303 1093 2404 1154 45.
2437 1092 2646 1172 Φοϐερὰ
2676 1094 2761 1151 ἐπὶ
2792 1091 2880 1150 θα)
2893 1093 3061 1160 άσσης
3096 1092 3377 1174 Ἐρυθρᾶς,

577 1180 679 1243 46.
714 1179 784 1241 Et
814 1177 962 1240 dixit
995 1179 1459 1257 utdisperderet
1489 1197 1594 1241 eos
1630 1199 1643 1242 :

2303 1183 2403 1244 46.
2435 1185 2542 1247 Καὶ
2583 1184 2708 1240 εἶπε
2751 1190 2843 1241 τοῦ
2885 1181 3251 1262 ἑξολοθρεῦσαι
3296 1185 3483 1251 αὺτούς
3519 1205 3531 1219 ·

578 1270 681 1332 47.
717 1267 779 1332 Si
813 1287 929 1330 non
966 1270 1196 1347 Moyses
1228 1268 1453 1330 electus
1485 1271 1617 1348 ejus

2306 1273 2403 1334 47.
2441 1276 2498 1330 Εἰ
2542 1275 2619 1348 μὴ
2652 1277 2880 1340 Μωυσῆς
2925 1275 2952 1329 ὁ
2982 1271 3234 1338 ἐκλεκτὸς
3264 1273 3447 1338 αὐτοῦ,

579 1360 684 1424 48.
719 1357 993 1421 Stelisset
1022 1365 1083 1418 in
1114 1358 1516 1421 confractione
1545 1360 1605 1422 in
1637 1370 1961 1441 conspectu
1985 1363 2138 1442 ejus,

2007 1363 2138 1442 gjus’
2305 1362 2405 1425 48,
2433 1362 2518 1443 (ὁ)
2559 1360 2744 1429 ’Ἔστη
2777 1363 2832 1418 ὲν
2863 1362 2930 1430 τῆ
2962 1363 3171 1441 θραύσει
3204 1361 3429 1421 ἐνώπιον
3459 1366 3640 1427 αὸτοῦ.

582 1450 682 1512 47.
716 1447 790 1512 Ut
818 1455 1110 1510 averteret
1131 1448 1278 1509 iram
1313 1449 1465 1528 ejus,
1500 1469 1575 1511 ne
1608 1451 1986 1531 disperderet
2013 1469 2138 1514 eos.

2307 1451 2404 1515 49.
2439 1460 2541 1510 Τοῦ
2598 1450 2929 1530 ἀποστρέψαι
2992 1453 3084 1508 τὸν
3149 1454 3312 1528 θυμὸν
3386 1455 3568 1527 αὑτοῦ,
3631 1462 3722 1512 τοῦ
3785 1455 3854 1531 μὴ

2227 1539 2587 1613 ὲξολοθρεῦσαι
2619 1543 2804 1606 αὑτοὺς
2819 1586 2833 1602 .

581 1626 682 1691 50.
713 1627 786 1689 Et
810 1647 915 1708 pro
939 1627 1126 1689 nihilo
1153 1626 1486 1690 habuerunt
1515 1635 1736 1691 terram
1762 1629 2140 1692 desiderabi—
2163 1635 2202 1684 Β

1832 1629 2140 1692 :siderabi-
2163 1635 2202 1684 Β
2305 1630 2403 1695 50.
2437 1633 2542 1695 Καὶ
2566 1631 2918 1698 ἐξουδένωσαν
2949 1636 3051 1711 γῆν
3083 1632 3417 1708 ἐπιθυμητὴν
3453 1653 3465 1665 ·

501 1717 619 1781 lem
657 1738 673 1779 :

582 1809 681 1870 51.
713 1806 842 1869 Non
873 1807 1264 1870 crediderunt
1296 1808 1472 1870 verbo
1507 1809 1662 1889 ejus.

2311 1811 2410 1874 51,
2446 1812 2552 1869 Οὕιι
2581 1811 2890 1868 ἐπίστευσαν
2925 1817 3001 1885 τῷ
3023 1809 3169 1888 λόγῳ
3197 1811 3375 1869 αὑτοῦ.

581 1895 678 1958 52.
708 1897 780 1959 Et
829 1908 1356 1960 murmuraverunt
1411 1898 1910 1982 [murmurabant]
1957 1900 2017 1962 in
2051 1910 2145 1961 ta-

2310 1899 2411 1960 5‘2.
2445 1902 2546 1963 Καὶ
2584 1900 2884 1980 ἐγόγγυσαν
2943 1899 3274 1980 [ἐγόγγυζον]
3331 1900 3385 1956 ἰν
3417 1917 3535 1965 τοῖς
3579 1903 3858 1978 σκηνώμι.

503 1987 838 2051 bernaculis
868 1987 994 2051 suis
1031 2007 1044 2051 :

944 1987 994 2051 i8
1031 2007 1044 2051 ζ
2230 2012 2313 2046 σιν
2358 1991 2528 2048 αύτῶν
2564 2007 2577 2021 ·

583 2112 659 2190 (α)
689 2108 794 2173 Καί
822 2108 1014 2174 deest.
2017 2077 2024 2088 ’
2307 2111 2396 2192 (ὸ)
2425 2109 2598 2175 Vers.
2624 2110 2701 2175 48
2727 2109 2985 2173 omissus
3025 2116 3116 2173 est
3145 2108 3220 2173 ab
3259 2109 3506 2194 antiquo
3553 2111 3857 2195 scriptore.

1639 2280 2048 2348 ATHANASII
2090 2279 2712 2346 INTERPRETATIO.

585 2449 684 2515 38.
720 2452 790 2515 Et
812 2453 1083 2516 fecerunt
1105 2452 1220 2517 sibi
1253 2454 1397 2536 ipsis
1429 2471 1534 2516 cor
1560 2452 1852 2534 insipiens
1883 2453 1942 2515 in
1971 2471 2143 2515 men-

2309 2451 2407 2514 38.
2437 2450 2539 2514 Καὶ
2598 2451 2851 2518 ἐποίησαν
2901 2452 3112 2518 ἑαυτοῖς
3156 2452 3402 2509 ἀσύνετον
3455 2449 3674 2531 καρδίαν
3725 2451 3776 2510 ὲν
3805 2475 3865 2521 τη

507 2540 580 2602 tis
609 2561 732 2604 suae
780 2542 1203 2607 obcaecatione.
1255 2543 1488 2607 (Jhoreb
1520 2545 1683 2608 enim
1719 2544 2140 2624 interpretatur

2231 2543 2468 2621 πηρώσει
2516 2547 2616 2610 τῆς
2659 2540 2892 2605 διανοίας
2931 2543 3122 2601 αὐτῶν.
3184 2539 3382 2619 Χωρήϐ
3437 2543 3536 2622 γὰρ
3581 2542 3864 2622 ἑρμηνεῦσ-

503 2633 856 2708 exsiccatio,
889 2633 1081 2714 qualis
1111 2641 1200 2696 est
1231 2634 1490 2697 caecitas.

2227 2655 2314 2688 ται
2349 2632 2644 2711 Ξηρασμὸς,
2679 2631 2808 2709 ὅπερ
2839 2631 2948 2688 ἐστῖ
2983 2634 3248 2711 πήρωσις.

585 2721 686 2783 39.
721 2720 792 2782 Ει
813 2724 871 2784 in
895 2721 1239 2785 servitutem
1266 2724 1492 2786 redacti
1526 2733 1662 2786 sunt
1695 2743 1728 2784 a
1759 2730 2020 2805 peccato.

1700 2743 1728 2784 a
1759 2730 2020 2805 peccato.
2309 2721 2408 2784 39.
2447 2724 2544 2780 Καὶ
2587 2720 2952 2788 ἐδουλώθησαν
2982 2743 3049 2798 τῃ
3081 2723 3333 2800 ἁμαρτίᾳ.

583 2811 683 2872 40.
719 2810 789 2873 Et
817 2812 1062 2891 gloriam
1094 2813 1637 2894 intellectus,quem
1671 2814 1837 2876 dedit
1861 2813 1946 2875 eis
1963 2811 2142 2890 Deus,
2175 2890 2202 2894 _

2307 2812 2406 2876 40,
2439 2809 2543 2874 Καὶ
2573 2812 2670 2877 τὴν
2705 2812 2780 2887 (1)
2821 2810 2970 2877 δόξαν
3003 2810 3100 2878 τῆς
3129 2811 3412 2883 συνέσεως,
3445 2814 3511 2879 ἧς
3543 2809 3740 2868 ’ἔδωκεν
3775 2811 3865 2868 αὒ-

505 2890 1046 2964 ῑταηεῐηιιιαίνθνυηι
1070 2904 1131 2966 in
1170 2912 1427 2966 mentem
1462 2890 1801 2985 reprobam.

2164 2890 2204 2941 ο
2229 2916 2346 2967 τοῖς
2376 2905 2402 2958 ὁ
2435 2903 2589 2980 Θεὸς,
2622 2899 2913 2977 μετέϐαλον
2939 2904 3018 2965 εἰς
3046 2898 3302 2976 ἀδόκιμον
3333 2908 3477 2959 νοῦν.

587 2992 688 3052 41.
721 2989 792 3054 Et
848 2993 1158 3054 assimilati
1208 3001 1347 3056 sunt
1393 2997 1662 3072 jumento
1709 2992 2036 3070 insipienti,
2085 2999 2143 3053 et

2310 2992 2409 3053 41.
2447 2993 2541 3049 Καὶ
2586 2991 2923 3066 ὀμοιώθησαν
2986 2989 3168 3056 κτήνει
3229 2989 3486 3069 ὰσδνέτῳ,
3563 2990 3656 3045 καὶ
3699 2988 3867 3067 ὥσπερ

505 3082 1011 3162 quemadmodum
1042 3082 1187 3144 illud
1219 3083 1418 3145 fenum
1453 3083 1595 3157 edit,
1630 3083 1789 3160 quod
1842 3083 1902 3143 in
1944 3081 2138 3161 ignem

2234 3083 2410 3139 ἐκεῖνα
2455 3081 2650 3162 χόρτον
2694 3081 2850 3137 ἒσθίει
2901 3082 2989 3136 τὸν
3035 3081 3108 3144 εἱς
3163 3080 3222 3135 τὸ
3254 3087 3358 3158 πῦρ
3387 3077 3750 3156 βαλλόμενον⁹
3782 3077 3867 3134 οὗ·

506 3172 778 3246 mittitur,
817 3173 888 3232 ita
920 3180 980 3234 et
1017 3173 1116 3235 isti
1161 3183 1465 3253 peccatum
1503 3173 1859 3254 suscipiunt,
1896 3172 2052 3254 quod
2083 3171 2139 3233 in

2238 3193 2334 3235 τως
2381 3173 2468 3227 καὶ
2509 3173 2654 3227 οὗτοι
2699 3173 2798 3238 τὴν
2839 3169 3100 3248 ἁμαρτίαν
3145 3165 3617 3244 μέταλαμὸάνουσι
3664 3167 3760 3234 τὴν
3803 3167 3871 3229 εἰς

505 3260 975 3324 combustionem
1010 3263 1345 3343 projicitur.

1174 3264 1345 3326 citur.
2232 3268 2416 3318 καῦσιν
2444 3259 2807 3334 βαλλομένην,

583 3350 682 3412 42.
712 3351 786 3413 Et
815 3351 984 3412 obliti
1015 3363 1151 3414 sunt
1194 3354 1564 3417 Salvatorem
1613 3353 1820 3415 mundi

2314 3349 2413 3411 42.
2448 3349 2551 3410 Καὶ
2597 3347 2918 3407 ἐπελάθοντο
2946 3355 3042 3405 τοῦ
3071 3353 3322 3426 Σωτῆρος
3353 3355 3447 3404 τοῦ
3487 3347 3717 3417 κόσμου,

585 3440 662 3503 43
719 3441 832 3514 Qui
868 3460 1076 3520 magna
1107 3443 1246 3505 fecit
1277 3444 1338 3506 in
1371 3444 1636 3506 tenebris
1670 3442 1878 3504 mundi
1906 3441 2149 3523 ,1Egy-

2311 3437 2410 3498 43.
2447 3448 2548 3498 Τοῦ
2579 3440 2903 3508 ποιήσαντος
2937 3436 3146 3515 μεγάλα
3171 3439 3228 3492 ἓν
3260 3442 3337 3510 τῷ
3397 3437 3576 3494 σκότει
3607 3443 3704 3493 τοῦ
3745 3436 3872 3492 κόσ-

499 3539 641 3610 ptus
669 3529 828 3592 enim
857 3533 1126 3595 tenebrae
1156 3534 1600 3615 interpretatur.

2234 3550 2356 3604 μου.
2394 3528 2663 3606 Αἴγυπτος
2694 3529 2794 3607 γὰρ
2824 3527 3012 3591 σκότος
3037 3526 3520 3615 ἑρμηνεύεται

584 3620 683 3683 44.
719 3621 782 3683 In
817 3639 1116 3702 synagoga
1143 3614 1511 3687 Judanrum.
1543 3625 1737 3688 Cham
1763 3625 1921 3686 enim
1943 3623 2152 3686 audax

2315 3619 2414 3680 44.
2451 3617 2540 3675 Ἐν
2615 3641 2684 3695 τῃ
2757 3639 3044 3697 συναγωγῃ
3107 3620 3212 3674 τῶν
3278 3614 3563 3679 Ἰουδαίων,
3612 3616 3736 3691 Χᾶμ
3786 3615 3876 3693 γὰρ

508 3710 955 3793 interpretatur,
989 3714 1179 3794 qualis
1209 3722 1301 3776 est
1326 3714 1669 3778 Judaaorum
1706 3715 1988 3797 populus.

2236 3710 2505 3787 τολμηρὸς
2552 3709 2918 3788 ἑρμηνεύεται,
2975 3706 3104 3787 ὅπερ
3158 3707 3297 3764 ἐστὶν
3356 3707 3383 3762 ό
3427 3705 3557 3771 λαὸς
3589 3708 3703 3762 τῶν
3736 3704 3869 3763 Ἰου-

2237 3798 2393 3856 δαίων
2403 3848 2414 3859 .

588 3892 691 3954 45.
723 3892 1038 3956 Terribilia
1069 3894 1128 3954 in
1156 3894 1373 3956 mundo
1397 3894 1748 3975 iniquitatis.

2319 3890 2418 3952 45.
2453 3886 2661 3967 Φοϐερὰ
2704 3889 2757 3945 ἐν
2801 3911 2878 3962 τῳ
2909 3890 3094 3964 κόσμῳ
3138 3891 3238 3953 τῆς
3271 3886 3494 3959 ἀνομίας

597 3981 696 4042 46.
733 3982 806 4042 Et
835 3983 986 4043 dixit
1013 3981 1211 4056 Pater,
1244 3991 1309 4044 ut
1339 3984 1714 4063 disperderet
1741 4000 1866 4048 eos.

2314 3979 2414 4043 46.
2448 3980 2556 4042 Καὶ
2585 3979 2741 4035 εἶπεν
2771 3981 2797 4035 ἒ.
2829 3979 3012 4054 Πατὴρ
3037 3985 3128 4034 τοῦ
3159 3975 3520 4055 ἐξολοθρεῦσαι
3553 3975 3770 4063 αὺτούς,

595 4070 693 4149 47,
729 4072 828 4131 48.
864 4071 988 4132 Nisi
1021 4071 1206 4134 Filius
1231 4073 1362 4151 ejus
1412 4062 1672 4135 stetisset
1719 4073 1780 4134 in
1828 4090 2007 4139 cruce
2056 4070 2154 4132 di-

2315 4069 2419 4141 47,
2453 4069 2555 4132 48.
2613 4067 2680 4131 ΕΙ
2736 4068 2814 4143 μὴ
2875 4068 2902 4124 ὁ
2949 4069 3063 4128 Υἱὸς
3115 4067 3272 4124 αὑτοῦ
3343 4064 3471 4132 ἔστη
3531 4062 3606 4142 (3)
3655 4063 3742 4120 ἐπὶ
3793 4069 3876 4120 τοῦ

513 4177 654 4220 cens
689 4177 702 4221 :
738 4159 944 4234 Pater,
979 4161 1220 4224 dimitte
1249 4160 1398 4243 illis,
1431 4179 1555 4224 non
1579 4163 1742 4224 enim
1771 4163 1977 4224 sciunt
2006 4159 2146 4242 quid

2242 4167 2470 4239 Σταυροῦ
2513 4159 2686 4238 λέγων
2727 4179 2739 4192 °
2797 4158 2990 4236 Πάτερ⁷
3039 4155 3167 4236 ἄφες
3227 4157 3408 4219 αὐτοῖς
3443 4173 3457 4187 ⁸
3515 4156 3574 4212 οὗ
3633 4156 3736 4234 γὰρ
3789 4151 3875 4209 οἳ·

511 4249 750 4329 faciunt
781 4249 863 4309 28.

2185 4248 2360 4312 ῡδασι
2405 4252 2454 4306 τί
2495 4251 2757 4310 ποιοῦσιν,

595 4338 697 4400 49.
732 4340 810 4403 Ut
839 4347 1130 4402 averteret
1158 4340 1307 4402 iram
1335 4341 1488 4420 ejus,
1515 4358 1591 4402 ne
1620 4339 1998 4421 disperderet
2031 4358 2158 4400 eos.

2321 4340 2422 4403 4-9.
2461 4337 2659 4400 ’Ὅπως
2715 4337 3030 4416 ἀποστρέψῃ
3091 4338 3180 4393 τὸν
3237 4336 3399 4409 θυμὸν
3454 4336 3612 4390 αὑτοῦ
3679 4335 3767 4391 τοῦ
3809 4332 3879 4407 μὴ

515 4433 748 4509 Moyses
834 4429 994 4491 enim
1073 4436 1408 4512 assumptio
1476 4429 1920 4510 interpretatur,
2001 4429 2148 4508 quod

2245 4429 2601 4508 ὲξολοθρεῦσαι
2673 4428 2880 4491 αὑτούς.
2946 4428 3175 4493 Μωϋσῆς
3249 4427 3348 4504 γὰρ
3394 4423 3666 4499 ἀνάληψις
3710 4424 3878 4512 ἑρμη-

514 4519 792 4583 convenit
850 4521 1104 4584 Domino
1163 4532 1366 4583 nostro
1437 4523 1600 4596 Jesu,
1665 4518 1766 4600 qui
1822 4526 2147 4600 assumptus

2245 4519 2468 4594 νεύεται,
2503 4517 2633 4597 ὅπερ
2664 4516 2802 4573 ἐστὶν
2833 4519 2861 4573 ὁ
2901 4513 3093 4595 Κύριος
3124 4518 3278 4592 ἡμῶν
3310 4514 3513 4580 Ἰησοῦς
3541 4529 3556 4544 ⁸
3615 4511 3878 4592 ἀνελήφθη

518 4617 628 4672 est.
2243 4611 2367 4688 γάρ.

598 4701 697 4765 50.
731 4700 1046 4780 Deiparam
1103 4701 1346 4764 Mariam
1406 4701 1643 4782 injuriis
1691 4698 2045 4774 efﬁcientes,
2099 4705 2160 4759 et

2319 4697 2416 4759 50.
2448 4699 2557 4765 Τὴν
2589 4697 2846 4754 Θεοτόκον
2902 4696 3106 4775 Μαρίαν
3163 4693 3528 4772 ὀνειδίζοντες,
3577 4715 3656 4768 τῳ
3710 4690 3879 4782 Κυρίῳ

519 4791 772 4854 Domino
803 4793 879 4854 de
911 4796 1034 4874 ipsa
1066 4792 1335 4856 dicentes
1370 4814 1382 4853 :
1447 4780 1573 4856 Nos
1623 4810 1704 4855 ea:
1749 4789 2152 4870 fornicatione

2245 4791 2356 4864 περὶ
2400 4789 2562 4855 αὸτῆς
2622 4789 2708 4844 καὶ
2777 4785 3020 4864 λεγοντες
3051 4800 3066 4816 ⁶
3146 4788 3342 4861 Ἥμεῐς
3401 4784 3461 4841 ἐκ
3516 4783 3767 4861 πορνείας
3826 4780 3878 4836 οὗ

517 4883 653 4945 nati
681 4899 806 4945 non
831 4901 1042 4946 sumus
1072 4883 1151 4948 ⁸9.

991 4903 1042 4946 ιδ
1072 4883 1151 4948 ⁸9.
2240 4879 2624 4958 γεγεννήμεθα.

589 4973 702 5034 51.
736 4974 868 5035 Non
900 4971 1308 5047 crediderunt,
1344 4969 1503 5054 quod
1533 4969 1721 5032 Filius
1753 4968 1861 5032 Dei
1893 4976 2075 5030 esset.

2072 5015 2075 5026 .
2322 4967 2422 5031 51.
2448 4969 2555 5026 Οὒκ
2575 4967 2907 5038 ἐπίστευσαν,
2943 4964 3025 5021 ὅτι
3058 4963 3086 5019 ὅ
3120 4965 3236 5028 Υἱός
3269 4963 3381 5021 ἐστι
3413 4968 3508 5021 τοῦ
3541 4969 3705 5020 Θεοῦ.

600 5061 700 5125 52.
733 5062 1251 5126 Murmuraverunt
1276 5048 1428 5124 inse
1452 5060 1603 5143 ipsis
1631 5059 1902 5122 dicentes
1939 5076 1952 5119 :
1985 5057 2159 5123 Non-

2323 5055 2426 5119 5‘2.
2459 5056 2780 5136 Ἐγόγγυζον
2810 5055 2928 5112 καθ’
2972 5054 3186 5121 ἑαυτοὺς
3228 5052 3474 5132 λέγοντες
3510 5069 3528 5087 ⁶
3575 5052 3694 5132 οὸχ
3737 5048 3876 5110 οὗτός

527 5171 603 5218 ne
629 5153 728 5216 hic
755 5159 843 5216 est
870 5151 1037 5231 fabri
1063 5153 1234 5232 ﬁlius
1254 5152 1320 5203 50
1337 5157 1366 5215 τί

2247 5149 2386 5206 ἐστιν
2417 5150 2445 5205 ὁ
2464 5157 2558 5206 τοῦ
2585 5145 2832 5210 τέκτονος
2861 5147 2968 5210 υἷος
2995 5163 3011 5225 ;

607 5288 662 5333 ⁸³
687 5288 831 5352 Luc.
861 5305 1028 5368 mu,
1061 5289 1160 5352 34.
1245 5285 1488 5352 εθιοειι.
1524 5303 1651 5363 Vill,
1683 5285 1778 5348 4L
1871 5282 1927 5328 ⁸ο
1955 5282 2157 5348 Matth.
2200 5299 2366 5360 χχιιι,
2412 5284 2523 5364 55;
2557 5283 2730 5344 Joan.
2755 5295 2838 5351 vr,
2873 5277 2975 5341 42.

1549 5407 1851 5473 Addenda
1880 5411 1944 5471 et
1979 5405 2357 5487 corrigenda
2385 5420 2464 5468 ex
2493 5402 2630 5466 cod.
2667 5399 2866 5464 Vatic.

609 5534 693 5616 (1)
728 5531 798 5598 Ν,
849 5532 949 5616 40.
1005 5534 1109 5597 Καὶ
1163 5534 1285 5609 τήν,
1341 5540 1483 5614 etc.,
1539 5529 1727 5592 usbue
1778 5529 1850 5591 ad
1909 5530 2161 5602 ὰωιέτῳ.

1539 5529 1727 5592 usbue
1778 5529 1850 5591 ad
1909 5530 2161 5602 ὰσυιέτῳ.
2331 5524 2414 5616 (2)
2438 5521 2838 5616 ,Ἑρμηνεύετκι-
2861 5520 3146 5616 “pirum.

523 5599 729 5679 N.\4i.
766 5617 864 5675 Καὶ
893 5615 1094 5697 ὥσπερ,
1131 5599 1248 5676 etc.
1269 5599 1283 5609 I
1470 5599 1483 5614 ’
2115 5599 2122 5602 ⁷

1470 5599 1483 5614 ’
2115 5599 2122 5602 ⁷
2335 5599 2407 5684 (3)
2438 5599 2628 5672 "Eam
2659 5619 2780 5666 non
2822 5599 3069 5682 legitur.

316 5875 390 5911 ,ΗΔ
