4136 6216
325 299 510 365 ἨΠ
1267 299 1366 366 DE
1411 303 1723 366 TlTULIS
1765 302 2258 368 PSALMORUM.
2305 341 2380 352 ——
2427 309 2636 370 PSAL.
2684 311 2780 372 CV
3579 315 3730 380 lll8
3805 329 3812 334 ”

433 436 534 498 53.
585 441 694 496 Οὔκ
737 441 1050 509 εἰσήκουσαν
1080 441 1178 502 τῆς
1210 436 1390 516 φωνῆς
1423 437 1628 515 Κυρίου.
2021 447 2060 494 Α

2021 447 2060 494 Α
2165 438 2266 502 53.
2312 439 2442 502 Non
2475 441 3094 506 exaudieruntvocem
3127 446 3391 510 Domini.

433 525 534 591 54.
585 532 685 586 Καὶ
715 529 880 608 ἐπῆρε
911 528 1008 594 τὴν
1041 539 1206 606 χεῖρα
1237 525 1396 584 αὒτοῦ
1425 526 1510 582 ἐπ’
1541 529 1752 599 αὐτοὺς,

2311 529 2382 592 Et
2429 531 2676 594 elevavit
2736 551 2975 595 manum
3036 553 3200 595 suam
3227 554 3410 618 super
3437 555 3563 612 eos.

429 618 530 679 55.
580 627 682 678 Τοῦ
714 617 1036 676 καταϐαλεῖν
1071 617 1256 681 αὖτοὺς
1285 615 1338 671 ἐν
1369 624 1436 691 τῇ
1467 616 1672 696 ἐρήμῳ.

2158 617 2262 680 55.
2311 621 2388 682 Ut
2421 629 2832 702 prosterneret
2856 641 2958 684 eos
2991 623 3050 684 in
3083 615 3343 689 deserto.

431 708 534 772 56.
586 711 684 766 Καὶ
711 711 804 766 τοῦ
829 705 1156 766 καταϐαλεῖν
1201 709 1260 762 τὸ
1305 705 1516 784 σπέρμα
1561 705 1734 763 αὑτων
1772 707 1824 763 ἐν
1874 709 1995 772 τοῖς

2160 708 2254 771 56.
2326 709 2396 770 Ει
2439 719 2502 772 ut
2543 712 2841 791 dejiceret
2899 732 3106 777 semen
3170 733 3378 776 eorum
3430 717 3492 778 in
3537 719 3726 782 natio-

349 799 508 854 ίθνεσι
521 848 534 862 ,

2079 797 2287 862 nibus.

425 887 526 950 57.
575 891 682 948 Καὶ
711 887 1084 964 διασκορπίσαι
1121 887 1310 951 αὐτοὺς
1354 887 1406 942 ἐν
1449 899 1570 949 ταῖς
1617 887 1850 965 χώραις,

1766 909 1850 950 ιις.
2160 889 2254 950 57.
2305 891 2772 971 Etdispergeret
2803 911 2906 954 eos
2937 899 2994 954 in
3033 893 3399 972 regionibus.

425 977 528 1042 58.
569 977 674 1039 Καὶ
701 979 1056 1046 ἒτελέσθησαν
1087 985 1160 1052 τῷ
1189 977 1522 1056 Βεελφεγώρ,

2161 979 2258 1039 58.
2308 978 2380 1042 Et
2411 981 2624 1042 initiati
2655 991 2792 1043 sunt
2829 981 3196 1062 Beelphegor
3229 1001 3243 1046 :

425 1067 524 1128 59.
575 1066 678 1127 Καὶ
709 1069 902 1147 ἔφαγον
934 1071 1110 1132 θυσίας
1143 1069 1362 1146 νεκρῶν.

2160 1068 2258 1130 59.
2309 1067 2382 1130 Et
2413 1071 2804 1133 comederunt
2835 1071 3128 1134 sacriﬁcia
3163 1081 3562 1138 mortuorum.

425 1155 524 1219 60.
571 1159 677 1219 Καὶ
722 1157 1029 1236 παρώξυναν
1077 1159 1234 1214 αὐτὸν
1292 1156 1346 1211 ἒν
1403 1168 1522 1220 τοῖς
1579 1155 1992 1232 ἐπιτηδεύμασιν

2159 1159 2258 1220 60.
2319 1159 2392 1222 Et
2447 1159 2833 1222 irritaverant
2889 1179 3024 1224 eum
3077 1162 3138 1222 in
3196 1163 3726 1228 adinventionibus

339 1249 534 1303 αὑτῶν·

2077 1248 2208 1309 suis
2245 1269 2257 1312 :

423 1335 522 1398 61.
567 1335 670 1397 Καὶ
694 1335 990 1404 ἐπληθὺνθη
1021 1340 1078 1392 ἒν
1107 1337 1294 1400 αὐτοῖς
1325 1338 1358 1403 ἡ
1387 1338 1613 1400 πτῶσις.

2158 1337 2258 1400 61.
2301 1337 2372 1400 Et
2401 1339 2784 1420 multiplicata
2817 1350 2904 1404 est
2935 1348 2994 1402 in
3021 1340 3110 1404 eis
3136 1341 3335 1406 ruina.

425 1425 522 1488 62.
569 1425 674 1487 Καὶ
705 1425 834 1492 ἔστη
865 1428 1051 1490 Φινεὲς
1081 1427 1168 1482 καὶ
1201 1423 1500 1490 ἐξιλάσατο,

2159 1429 2258 1491 62.
2306 1429 2376 1490 Et
2407 1429 2570 1490 stetit
2603 1431 2856 1492 Phinees
2890 1443 2950 1493 et
2979 1431 3232 1512 placavit
3266 1455 3279 1495 :

423 1513 526 1578 63.
569 1515 672 1576 Καὶ
706 1516 966 1572 ἒαόπασεν
999 1519 1032 1584 ἡ
1057 1520 1292 1594 θραῦσις,

2159 1519 2258 1581 63.
2307 1518 2378 1580 Ει
2403 1519 2656 1580 cessavit
2681 1521 3002 1597 quassatio.

428 1605 532 1668 64.
577 1603 682 1666 Καὶ
715 1606 965 1684 ἒλογῖσθη
996 1609 1138 1680 αὒτῴ
1171 1607 1242 1668 εἷς
1274 1603 1634 1680 δικαιοσύνην,

2157 1609 2260 1672 64.
2307 1610 2379 1670 Et
2409 1617 2750 1689 reputatum
2783 1621 2872 1672 est
2892 1612 2947 1674 ei
2977 1612 3038 1674 in
3061 1611 3379 1692 justitiam,

424 1696 526 1759 65.
609 1698 694 1759 Εἰς
780 1699 964 1775 γενεὰν
1049 1697 1136 1753 καὶ
1220 1697 1404 1772 γενεὰν
1503 1695 1602 1759 ἕως
1685 1701 1776 1752 τοῦ
1861 1698 1991 1752 αἰῶ-

2155 1700 2256 1762 65.
2307 1701 2370 1762 ln
2391 1701 2832 1778 generationem
2869 1711 2926 1764 et
2955 1703 3403 1783 generationem
3435 1721 3628 1786 usque
3659 1704 3721 1767 in

339 1807 453 1850 νος.

2015 1817 2051 1866 Β
2075 1791 2532 1870 sempiternum.

421 1875 522 1938 66.
597 1877 694 1934 Καὶ
763 1875 1106 1954 παρώργισαν
1163 1876 1318 1932 αδτὸν
1393 1875 1478 1930 ἐπὶ
1527 1871 1712 1938 ὕδατος
1767 1874 1986 1932 ἀντιλο-

2151 1879 2250 1942 66.
2301 1878 2370 1940 Et
2397 1879 2781 1942 irritaverunt
2833 1899 2966 1942 eum
3001 1881 3072 1942 ad
3108 1901 3318 1963 aquam
3380 1882 3723 1946 contradic—

337 1985 486 2042 γιας·

2077 1967 2255 2028 tionis
2303 1988 2315 2028 :

419 2055 520 2117 67.
571 2057 674 2118 Καὶ
721 2055 964 2121 ἐκακώθη
999 2057 1228 2121 Μωῦσῆς
1253 2053 1319 2110 δι’
1353 2055 1564 2117 αὖτούς.

2151 2057 2252 2120 67.
2301 2059 2376 2120 Et
2401 2067 2640 2120 vexatus
2669 2067 2758 2120 est
2791 2063 3017 2140 Moyses
3041 2067 3246 2142 proter
3267 2080 3392 2124 eos.

417 2144 524 2207 68.
571 2144 706 2202 ’Ὅτι
737 2147 1132 2226 παρεπίκραναν
1163 2147 1224 2202 τὸ
1253 2147 1460 2220 πνεῦμα
1485 2146 1662 2206 αὺτοῦ,

2149 2147 2226 2209 68
2270 2146 2420 2220 Quia
2452 2148 2950 2212 exacerbaverunt
2993 2151 3264 2230 spiritum
3299 2153 3471 2233 ejus:

419 2235 520 2298 69.
567 2235 672 2300 Καὶ
695 2237 980 2296 διέπειλὲν
1023 2237 1076 2294 ἐν
1108 2249 1224 2300 τοῖς
1257 2239 1494 2318 χείλεσιν
1521 2237 1701 2296 αὐτοῦ.

1521 2237 1701 2296 αὐτοῦ.
2153 2235 2254 2299 69.
2301 2238 2378 2300 Et
2401 2237 2674 2301 distinxit
2705 2237 2768 2302 in
2799 2238 2974 2302 labiis
3000 2240 3148 2302 suis.

1475 2414 1888 2480 ATHANASII
1932 2414 2576 2484 INTERPRETATIO.

413 2601 518 2664 53.
568 2610 674 2658 Ουκ
745 2600 1048 2668 εισήκουσιν
1103 2597 1201 2666 τῆς
1262 2598 1546 2676 μαρτυρίας
1619 2598 1714 2652 τοῦ
1789 2597 1989 2674 [ιατρδς

2153 2597 2252 2663 53.
2318 2597 2445 2661 Non
2525 2599 2924 2662 exaudierunt
2983 2601 3174 2664 Patris
3231 2599 3638 2665 testimonium
3689 2625 3723 2666 θ

337 2691 432 2748 ἀπ’
479 2691 711 2768 οὐρανῶν
768 2689 982 2764 βοώσης
1199 2687 1362 2750 Οὗτός
1423 2687 1564 2741 ἐστιν
1608 2687 1636 2741 ὁ
1671 2685 1789 2748 Υἱός
1829 2690 1970 2761 μουὲ

337 2785 619 2820 ,ξηανςμρηο

2088 2687 2248 2820 ξωΙῇ
2308 2688 2572 2752 clamans
2635 2712 2648 2748 :
2729 2689 2840 2752 llic
2903 2697 2990 2754 est
3047 2691 3249 2754 Filius
3305 2711 3472 2756 meus
3527 2693 3721 2756 dilec-

337 2785 442 2860 ἀγα
451 2803 588 2848 πητο
597 2803 619 2842 ς
629 2827 642 2840 .

640 2829 642 2838 ι
2071 2777 2169 2839 ius
2198 2777 2273 2841 3‘.

427 2871 530 2933 54.
575 2867 678 2930 Καὶ
709 2870 946 2947 ὠργίσθη
989 2867 1175 2929 αὖτούς
1223 2864 1328 2940 (2),

1223 2864 1328 2940 (2).
2153 2867 2251 2930 54.
2297 2866 2368 2930 Et
2397 2874 2580 2931 iratus
2601 2877 2688 2932 est
2722 2870 2831 2933 eis.

420 2961 524 3024 55.
572 2969 674 3018 T06
719 2957 1104 3014 συναπολέσθαι
1137 2957 1220 3028 (3)
1249 2957 1434 3020 αὐτοὺς
1459 2960 1524 3034 τῇ
1555 2956 1808 3034 ἁμαρτίᾳ.

1740 2956 1808 3029 ῐᾳ.
2149 2957 2248 3019 55.
2297 2956 2372 3020 Ut
2413 2959 2574 3040 ipsos
2617 2959 2898 3040 perderet
2929 2978 3064 3022 cum
3105 2969 3373 3042 peccato.

419 3051 520 3114 56.
568 3051 672 3112 Καὶ
703 3055 795 3105 τοῦ
823 3046 1140 3112 παραδοῦναι
1190 3047 1376 3112 cit-3:064
1407 3049 1474 3124 τῇ
1506 3053 1610 3102 τῶν
1659 3047 1818 3104 ἐθνῶν
1849 3047 1984 3103 ἀνα·
2003 3087 2044 3138 c

2121 3047 2250 3147 .56.
2299 3051 2368 3112 Et
2431 3057 2495 3110 ut
2555 3049 2816 3112 traderet
2884 3067 2988 3112 eos
3059 3050 3326 3130 gentium
3372 3051 3717 3116 subversio-

369 3145 541 3202 τοοσῆ
552 3189 566 3202 .
2075 3145 2158 3196 ni.

335 3164 646 3293 mpﬁo'f‘iai
678 3227 1008 3306 ἀποστρέψαι
1042 3225 1118 3296 (4)
1153 3227 1338 3290 αὐτοὺς
1373 3226 1427 3282 ἐν
1447 3239 1566 3291 τοῖς
1600 3233 1688 3284 τοῦ
1715 3227 1828 3304 βίου
1851 3227 1968 3283 ἀπᾶι

2088 3164 2158 3196 ρη-

2148 3225 2246 3289 57.
2331 3227 2402 3289 Et
2483 3237 2778 3292 averteret
2854 3247 2958 3292 eos
3016 3229 3078 3291 in
3163 3230 3550 3314 deceptiones
3637 3235 3721 3296 vi-

327 3343 474 3380 ταις.
2070 3321 2142 3377 tae

413 3409 514 3473 58.
561 3412 658 3467 Καὶ
701 3407 1018 3485 ἐλάτρευσαν
1060 3413 1136 3480 τῷ
1181 3403 1414 3480 διαϐόλῳ
1461 3404 1546 3464 διὰ
1589 3409 1688 3472 τῆς
1733 3407 1976 3482 ἀνομίας·

2149 3407 2228 3469 58
2271 3407 2344 3470 Ει
2401 3407 2714 3470 coluerunt
2775 3407 3080 3472 diabolum
3135 3428 3244 3492 per
3293 3411 3711 3493 iniquitatem:

331 3499 644 3579 Βεελφεγὼρ
693 3499 793 3576 γὰρ
844 3497 1186 3576 ἐρμηνεδεται
1245 3493 1390 3560 εἶδος
1442 3495 1858 3575 ἀσχημοσύνης,
1894 3519 1964 3554 κα

2084 3495 2446 3576 Beelphegor
2467 3496 2626 3560 enim
2660 3500 3088 3578 interpretatur
3116 3503 3342 3580 species
3371 3501 3717 3582 deformita-

327 3588 572 3668 δαιμοχα
586 3593 732 3666 ιρῶν.

2065 3587 2162 3656 tis,
2203 3593 2260 3647 et
2289 3587 2628 3648 daemon-em
2662 3605 2895 3648 amans.

409 3678 514 3742 59.
563 3677 668 3740 Καὶ
697 3673 986 3751 μετέλαϐον
1015 3675 1106 3738 τὰς
1141 3674 1416 3752 ἐπιθυμίας
1447 3677 1540 3740 τὰς
1573 3677 1855 3754 νεκρούσας
1877 3677 1976 3744 τὴν

2141 3675 2242 3738 59.
2289 3677 2364 3740 Et
2411 3684 2774 3756 acceperunt
2817 3677 3330 3760 concupiscentiae
3376 3680 3714 3746 occidentes

325 3769 520 3849 ψυχήν
551 3769 748 3829 αὑτῶν.

2064 3782 2272 3827 eorum
2297 3766 2587 3828 animam.

409 3858 510 3921 60.
563 3855 650 3914 Ἐν
681 3871 802 3919 ταῖς
849 3856 1126 3934 ἁμαρτίαις
1159 3858 1352 3916 αὐτῶν,

1293 3877 1352 3916 ιν.
2144 3857 2242 3920 60.
2291 3857 2354 3916 In
2389 3857 2649 3937 peccatis
2697 3875 2926 3921 eorum.

411 3949 512 4007 6L
561 3945 667 4006 Καὶ
697 3949 757 4001 τὸ
802 3945 1004 4011 πλῆθος
1038 3946 1211 4000 αὐτῶν
1237 3943 1488 4000 συνέπεσε
1519 3947 1586 4020 τῇ
1617 3945 1870 4020 ἁμαρτίᾳ,

2143 3946 2244 4022 61,
2299 3947 2374 4008 Ει
2411 3946 2730 4009 multitudo
2757 3965 2964 4008 eorum
2995 3946 3254 4008 concidit
3277 3958 3541 4028 peccato.

415 4035 516 4100 62,
563 4033 666 4096 Καὶ
697 4035 964 4113 Στέφανος
997 4033 1157 4090 πάλιν
1187 4033 1518 4112 προσηύξατο
1547 4037 1664 4112 περὶ
1689 4035 1860 4090 αὐτῶν
1891 4033 1980 4090 λι-

2144 4033 2244 4097 6‘2.
2293 4033 2363 4096 Et
2393 4054 2598 4098 rursus
2631 4037 2969 4116 Stephanus
2991 4055 3126 4098 cum
3161 4035 3526 4114 lapidaretur
3550 4058 3697 4104 ora-

323 4127 622 4202 θαζόμενος
649 4124 842 4202 λέγων·
895 4125 1046 4201 Κύρι,
1069 4123 1146 4197 μὴ
1177 4124 1344 4198 θήσῃς
1385 4124 1564 4187 αὐτοῖς
1595 4127 1690 4190 τὴν
1723 4123 1956 4202 ἆμαρτίαη

2083 4121 2148 4184 rit
2179 4142 2283 4204 pro
2316 4127 2402 4186 eis
2443 4125 2649 4186 dicens
2687 4145 2700 4186 :
2757 4123 3033 4204 Domine,
3065 4143 3141 4186 ne
3166 4131 3401 4188 statuas
3447 4128 3578 4190 illis
3605 4129 3716 4194 hoc

323 4219 550 4282 ταύτην.
599 4215 784 4274 Φινεὲς
813 4215 912 4290 γὰρ
962 4211 1304 4290 ἑρμηνεύεται
1353 4210 1524 4284 στόμα
1581 4212 1738 4270 αὐτοῦ
1787 4219 1951 4291 σιγῶν

2078 4221 2375 4276 aeccatum
2405 4211 2481 4278 ³³.
2513 4213 2777 4275 Phinees
2809 4213 2968 4275 enim
3004 4215 3430 4293 interpretatur
3473 4235 3536 4279 os
3581 4221 3711 4299 ejus

323 4315 492 4365 τοῦτο
513 4307 612 4384 γὰρ
644 4305 804 4360 εἰπὼν
837 4305 1124 4378 ἐκοιμήθη.

1997 4302 2245 4388 Dsilens
2275 4304 2389 4365 hoc
2415 4303 2574 4364 enim
2609 4303 2814 4364 dicens
2843 4303 3228 4368 obdormivit.

409 4395 510 4458 63.
559 4393 658 4455 Kui
691 4397 958 4450 επαύσατο
989 4397 1022 4458 ἡ
1055 4391 1190 4469 ὀργῆ
1222 4399 1316 4448 τοῦ
1347 4394 1498 4454 Θεοῦ,

1287 4399 1316 4448 ὖ
1347 4394 1498 4454 Θεοῦ.
2144 4391 2242 4456 63.
2293 4395 2370 4456 Et
2392 4394 2644 4454 cessavit
2673 4393 2764 4454 ira
2790 4393 2918 4456 Dei.

403 4486 506 4560 64,
542 4484 642 4547 65.
689 4481 796 4544 Καὶ
824 4482 1070 4559 ἐλογίσθη
1114 4481 1190 4553 τῷ
1237 4481 1488 4558 Στεφάνῳ
1519 4483 1588 4542 εἰς
1615 4479 1967 4550 δικαιοσύνην.

2143 4484 2242 4558 ϐἱ,
2282 4483 2379 4546 65.
2407 4481 2476 4543 Et
2509 4491 2844 4563 reputatum
2871 4491 2960 4544 est
2979 4483 3276 4562 Stephano
3310 4483 3370 4544 in
3387 4483 3707 4562 justitiam.

403 4575 508 4638 66.
555 4573 662 4636 Kx;
707 4573 1018 4650 παρώείισπν
1041 4573 1130 4626 τὸν
1165 4571 1360 4648 Κύριον
1391 4571 1466 4644 μὴ
1499 4573 1877 4650 πιστεῦσαι
1901 4582 1976 4648 τῷ

2141 4573 2240 4634 66.
2291 4577 2364 4636 Dt
2417 4573 2800 4634 irritaverunt
2857 4573 3174 4634 Dominum
3230 4573 3362 4652 ejus
3405 4573 3699 4654 baptismo

313 4667 652 4742 βαπτίσματι
695 4665 874 4720 αὑτοῦ.

2061 4681 2178 4723 non
2211 4663 2537 4724 credendo.

401 4753 506 4816 67.
559 4755 656 4812 Καὶ
682 4753 972 4820 ἠσθένησεν
1005 4753 1031 4806 6
1055 4750 1216 4824 νόμος
1247 4747 1314 4803 δι’
1347 4750 1554 4812 αὐτοὺς,

2136 4753 2237 4814 67.
2284 4751 2354 4812 Et
2375 4752 2469 4814 lex
2491 4752 2786 4814 inﬁrmata
2808 4759 2898 4813 est
2933 4759 3176 4831 propter
3207 4770 3329 4812 eos.

407 4844 510 4908 68.
565 4841 698 4900 ’Ὅτι
721 4843 1028 4920 παρώργισε
1051 4841 1138 4896 τὸν
1170 4836 1478 4907 λαλήσαντα
1501 4837 1570 4895 δι’
1600 4839 1758 4897 αὐτοῦ
1787 4841 1889 4920 l6),

2139 4841 2242 4904 68.
2287 4842 2436 4914 Quia
2461 4842 2841 4904 irritaverunt
2871 4842 3214 4922 loquentem
3248 4859 3359 4922 per
3375 4860 3539 4906 eum.

406 4933 506 4998 69.
556 4935 662 4992 Οὔκ
693 4936 774 4988 ὁτι
800 4932 976 4987 ἐλάλει
1000 4933 1184 4991 αὐτοῖς
1209 4931 1235 4984 6
1259 4930 1444 5002 νόμος,

2135 4931 2236 4995 69.
2287 4929 2413 4993 Non
2441 4932 2692 5012 amplius
2720 4931 2809 4994 eis
2833 4929 3190 5013 loquebatur
3214 4931 3327 4994 lex.

405 5127 458 5172 ³⁸
493 5127 696 5190 Matth.
731 5143 874 5208 xvu,
907 5127 964 5190 5.
1051 5124 1106 5168 ³³
1135 5129 1264 5190 Act.
1299 5143 1402 5208 vu,
1429 5125 1532 5190 59.

1353 5285 1655 5350 Addenda
1687 5289 1751 5348 et
1779 5282 2154 5364 corrigenda
2183 5305 2263 5352 ex
2296 5289 2436 5353 cod.
2467 5290 2670 5355 Vatic.

437 5470 498 5544 1)
545 5475 810 5540 Hodie-rec,
847 5471 990 5543 etc.,
1016 5470 1042 5524 6
1068 5467 1346 5546 ἀγαπητὸς
1357 5515 1376 5548 ²
1403 5467 1456 5522 ἐν
1499 5471 1544 5538 ᾦ
1571 5461 1870 5532 ηύδόκῆσα.
2267 5466 2620 5548 ’Λποῤῥῐψαι.

427 5549 491 5628 2)
541 5549 672 5613 Ἐπ’
705 5549 916 5613 αὐτούς.
1359 5547 1368 5548 ί

1359 5547 1368 5548 ί
2142 5547 2651 5628 muniendam-:5:
2661 5595 2675 5611 .

425 5629 484 5711 2)
535 5629 928 5691 Συναπολέσαι.
2135 5632 2217 5706 (6)
2267 5631 2614 5714 Παρώργισαν
2644 5656 2689 5691 τ.
2729 5631 2782 5692 λ.
2813 5637 2867 5690 ἐν
2899 5635 3062 5710 αὐτῷ.
