4136 6216
528 261 679 325 1119
1315 260 1374 321 S.
1430 258 1847 322 ATHANASII
1891 258 2055 321 OPP.
2104 257 2161 318 Ρ.

2216 257 2315 318 HS.
2372 256 2476 318 [ῐΙ.
2531 289 2599 299 -
2651 252 3109 317 EXEGETICA.
3730 256 3849 325 1120

605 391 701 454 70.
748 389 877 453 Nm
911 390 1399 473 disperdiderunt
1430 399 1657 472 gentes,
1689 408 1835 473 quas
1865 390 2011 454 dixit
2040 392 2161 457 Do-
2183 397 2224 448 Α

2213 422 2224 448 ι
2324 391 2427 454 70.
2478 392 2585 448 Οὐκ
2616 389 2999 468 ἑξωλόθρευσαν
3028 390 3095 448 τὰ
3122 390 3268 465 ἐθνη,
3320 389 3355 446 ἃ
3396 389 3521 447 εἶπε
3575 391 3742 470 Κύριος
3768 394 3846 450 αὗ-

526 484 732 542 minns
763 480 883 544 illis
919 503 933 541 :

763 480 883 544 illis
919 503 933 541 :
2250 495 2395 545 τοτς⁶

604 569 706 632 71.
753 571 829 633 Ει
852 570 1151 632 commisti
1181 579 1320 633 sunt
1340 571 1498 635 inter
1522 580 1730 654 gentes
1758 589 1771 631 :

1723 589 1771 633 ιε
2328 571 2430 634 71.
2476 568 2582 631 Καὶ
2629 570 2892 649 ἑμίγησαν
2923 568 2977 626 ἐν
3021 582 3137 635 τοῖς
3163 568 3356 626 ἔθνεσι·

606 659 702 734 7?,
751 659 822 720 Et
849 660 1188 721 didicerunt
1219 679 1401 741 opera
1425 680 1660 724 eorum.

2331 659 2430 725 72.
2478 659 2581 721 Καὶ
2613 659 2805 735 ἔμαθον
2848 660 2914 716 τὰ
2956 657 3084 737 ἔργα
3113 659 3305 720 αὒτῶν,

600 752 703 811 73.
751 751 826 813 Et
853 750 1190 812 servierunt
1221 750 1563 830 culptilibus
1586 768 1792 812 eorum
1834 770 1850 812 :

2330 750 2430 815 73.
2479 749 2581 811 Καὶ
2612 748 2918 805 ἑδούλευσαν
2963 761 3081 811 τυϊς
3122 748 3381 826 γλυπτοῖς
3408 752 3604 808 αὐτῶν

605 840 698 902 74.
749 841 819 901 Et
847 838 1063 901 factum
1101 848 1188 900 est
1224 839 1419 900 illisin
1454 839 1827 902 scandalum.

2334 843 2399 903 Ἡ
2418 890 2431 903 .
2477 838 2581 901 Καὶ
2613 837 2835 917 ἐγενήθη
2865 839 3045 902 αὺτοῖς
3072 839 3143 902 εἰς
3176 836 3491 900 σκάνδαλον,

599 931 699 993 75.
748 932 819 992 Et
851 929 1307 990 immolaverunt
1339 928 1493 991 ﬁlios
1525 948 1686 1010 suos,
1751 936 1808 991 et
1858 928 2009 991 ﬁlias
2030 947 2167 991 suas

2326 930 2429 993 75,
2474 928 2578 991 Καὶ
2609 928 2791 985 ἔθυσαν
2822 928 2943 990 τσὺς
2974 928 3113 990 υἱοὺς
3155 928 3324 983 αὑτῶν
3356 929 3444 985 καὶ
3471 928 3565 992 τὰς
3595 928 3846 1008 θυγατέρας

520 1018 853 1081 dazmoniis.

2253 1022 2422 1078 αὸτῶν
2446 1033 2570 1081 τοῖς
2601 1016 2913 1094 δαιμονίοις,

598 1108 696 1170 76.
744 1107 814 1168 Et
845 1106 1181 1169 effuderunt
1210 1108 1561 1187 sanguinem
1592 1108 1997 1171 innocentem.

1597 1108 1997 1171 innocentem.
2329 1110 2431 1174 76.
2483 1111 2579 1168 Καὶ
2604 1107 2819 1188 ἐξέχεαν
2865 1108 3009 1181 αἷμα
3038 1106 3230 1178 ἀθῶον,

598 1202 701 1263 77.
750 1199 1107 1279 Sanguinem
1144 1198 1398 1261 ﬁltorum
1425 1218 1665 1261 suorum
1696 1210 1752 1261 et
1775 1201 2056 1283 ﬁliarum,

1877 1219 2056 1283 trum,
2335 1202 2440 1265 '77.
2490 1198 2675 1272 Ἀἷμα
2703 1199 2829 1253 υἱῶν
2873 1198 3043 1253 αὑτῶν
3075 1196 3163 1252 καὶ
3190 1194 3510 1276 θυγατέρων¹

603 1291 699 1353 78.
748 1289 902 1362 Quas
933 1288 1421 1350 sacriﬁcaverunt
1450 1289 1826 1370 sculptilibns
1857 1289 2160 1355 Chanaan.

1872 1289 2160 1355 Jhanaan.
2328 1291 2430 1354 78,
2477 1290 2581 1345 ’Ὧν
2603 1288 2788 1345 ἔθυσαν
2818 1287 2939 1350 τοῖς
2970 1285 3227 1365 γλυπνοτς
3271 1286 3505 1345 Χαναάν.

601 1382 695 1443 79.
746 1381 817 1441 Et
859 1378 1021 1440 cmde
1067 1377 1294 1460 polluta
1353 1386 1441 1440 est
1486 1389 1648 1441 terra
1681 1379 1741 1440 in
1773 1380 2166 1460 sanguinibus

2325 1379 2430 1444 79.
2477 1377 2577 1441 Kal
2639 1377 3027 1457 ἐφονοκτονήθη
3074 1378 3106 1444 ἦ
3159 1375 3229 1454 γῆ
3288 1376 3342 1432 ἐν
3397 1388 3509 1440 τοῖς
3561 1375 3741 1453 αἵματι
3770 1379 3859 1457 [αὖ.

519 1487 724 1532 eorum
758 1469 1022 1549 [eorum]
1060 1489 1072 1531 :

763 1469 1022 1549 [eorum]
1060 1489 1072 1531 :
2248 1472 2396 1547 τῶνι.

600 1559 699 1619 80.
748 1560 818 1618 Et
865 1555 1207 1617 contamina
1257 1561 1344 1615 est
1398 1553 1593 1635 [terra]
1643 1553 1704 1615 in
1736 1554 2018 1634 operibus
2059 1573 2231 1664 eo-B

2226 1624 2231 1659 ;
2331 1559 2429 1624 80.
2494 1559 2601 1621 Καὶ
2660 1556 2883 1623 ἐμιάνθη
2946 1557 2998 1632 Ii.
3077 1553 3170 1639 γῆ]
3250 1555 3303 1614 ἒν
3362 1570 3482 1621 τοῖς
3546 1555 3713 1636 ἔργοις
3775 1561 3859 1616 αὖ·

517 1664 649 1706 rum
681 1665 693 1704 ἶ

2192 1658 2227 1664 ’⁷
2250 1658 2378 1709 τῶν

601 1737 699 1797 81.
748 1739 819 1798 Et
849 1734 1120 1795 fornicati
1166 1742 1301 1795 sunt
1331 1734 1391 1795 in
1421 1734 1924 1796 adinvintionibus
1955 1735 2107 1798 cuis.

2329 1740 2429 1801 81.
2477 1738 2581 1801 Καὶ
2626 1738 2943 1812 ἐπορνευσαν
2984 1735 3037 1790 ἐν
3087 1747 3201 1800 τοῖς
3244 1734 3655 1811 ἐπιτηδεύμασιν
3692 1744 3858 1797 αὐτῶν.

597 1825 696 1887 82.
748 1825 819 1886 Et
843 1824 1030 1886 iratus
1065 1831 1152 1884 est
1190 1822 1390 1884 furore
1449 1823 1741 1886 Dominus
1772 1826 1831 1886 in
1884 1825 2164 1905 populum

2330 1830 2429 1893 82.
2477 1828 2581 1891 Καὶ
2637 1827 2868 1906 ὠργίσθη
2918 1828 3065 1902 θυμῷ
3108 1826 3303 1904 Κύριος
3361 1825 3446 1883 ἐπὶ
3489 1828 3584 1883 τὸν
3639 1826 3758 1883 λαὸν
3788 1828 3864 1883 αὖ·

550 1934 732 1976 uum:

516 1935 544 1977 S
596 2008 698 2067 85.
745 2004 816 2065 Et
858 2002 1234 2066 abominatus
1264 2012 1352 2065 est
1375 2003 1784 2065 brereditatem
1818 2022 2012 2068 suam.

2250 1936 2364 1979 του·

2322 2009 2421 2072 83.
2465 2005 2570 2068 Καὶ
2613 2002 2919 2070 ἐϐδελύξατο
2948 2006 3044 2073 τὴν
3090 2004 3449 2082 κληρονομίαν
3482 2006 3656 2069 αὒτοῦ,

597 2095 699 2160 84.
744 2093 815 2156 Et
844 2093 1086 2156 tradidit
1114 2112 1215 2156 eos
1247 2094 1306 2155 in
1333 2113 1542 2155 manus
1569 2093 1949 2155 inimicorum
1983 2092 2158 2179 [gen-

2325 2098 2427 2160 84,
2517 2094 2622 2158 Καὶ
2699 2093 3002 2173 παρεδωκεν
3088 2095 3272 2159 αὑτοὺς
3345 2096 3419 2159 εἰς
3504 2109 3696 2176 χεῖρας
3766 2097 3864 2152 ἔνθ.

518 2185 691 2248 tiuml
728 2204 741 2247 :
2250 2195 2377 2248 ρῶν·

599 2204 665 2244 tm
728 2204 741 2247 :

599 2184 697 2335 86).
744 2272 814 2336 Et
843 2273 1129 2337 dominati
1164 2282 1300 2335 sunt
1342 2291 1568 2350 eorum,
1604 2274 1704 2355 qui
1736 2274 1991 2337 oderunt
2034 2295 2159 2361 eos.

2280 2208 2377 2245 ων·

2112 2296 2159 2340 s.
2250 2212 2277 2268 ρ
2327 2277 2426 2340 85.
2472 2274 2577 2337 Καὶ
2609 2275 2906 2353 ἐκυρίευσαν
2938 2274 3107 2329 αὐτῶν
3149 2274 3195 2329 οἱ
3239 2279 3521 2348 μισοῦντες
3552 2274 3745 2338 αὐτοὺς.

600 2365 698 2429 86.
746 2363 818 2427 Ει
851 2364 1285 2426 tribulaverunt
1306 2382 1410 2425 eos
1436 2365 1657 2426 inimici
1692 2383 1906 2426 eorum
1946 2386 1959 2425 :

1946 2386 1959 2425 :
2326 2367 2423 2427 86.
2472 2367 2577 2427 Καὶ
2604 2362 2825 2441 ἕθλιψαν
2857 2364 3044 2429 αὖτοὺς
3076 2365 3122 2419 οἱ
3153 2364 3334 2443 ἐχθροὶ
3366 2365 3561 2419 αὑτῶν

599 2455 697 2519 87.
744 2455 820 2517 Ει
852 2454 1148 2517 humiliati
1179 2463 1318 2516 sunt
1339 2454 1448 2516 sub
1478 2455 1749 2517 manibus
1779 2473 1986 2516 eorum
2022 2476 2035 2518 :

2324 2460 2423 2518 87.
2473 2457 2576 2519 Καὶ
2606 2454 3036 2519 ἐταπεινώθησαν
3063 2453 3163 2510 ὑπὸ
3193 2454 3286 2516 τὰς
3317 2465 3514 2533 χεῖρας
3547 2454 3738 2515 αὐτῶν,

1669 2633 2075 2701 ATHANASII
2121 2630 2743 2702 INTERPRETATIO.

591 2818 692 2880 78.
740 2815 870 2878 Non
902 2817 1280 2896 projecerunt
1309 2817 1580 2880 carnales
1610 2817 2154 2901 concupiscentias,

2322 2819 2422 2879 70.
2470 2817 2576 2874 Οὐκ
2606 2813 2903 2894 απέῤῥιψαν
2925 2813 3016 2878 τὰς
3048 2816 3301 2894 σαρκικὰς
3332 2814 3641 2893 ἐπιθυμίας,
3684 2812 3742 2877 ἃς
3780 2811 3864 2868 ιῖ-

513 2926 659 2990 quas
687 2906 835 2968 dixit
853 2906 970 2967 illis
1005 2908 1310 2969 Dominus.

1180 2924 1310 2969 nus.
2240 2930 2337 2966 πεν
2370 2907 2557 2969 αὐτοῖς
2589 2903 2807 2981 Κύριος,

593 3001 692 3072 71,
741 2998 815 3059 Et
841 2996 1222 3058 adhreserunt
1249 2995 1645 3059 daemonibus.

2319 2999 2422 3058 71,
2469 2995 2572 3057 Καὶ
2604 2993 2973 3065 ἐκολλήθησαν
3002 3007 3121 3056 τοῖς
3154 2992 3362 3069 δαίμοσι

596 3087 691 3150 72.
742 3088 815 3149 Et
839 3086 1175 3147 didicerunt
1198 3105 1404 3157 eorum
1431 3086 1754 3147 doctrinas.

2321 3086 2421 3147 72.
2474 3088 2568 3144 Καὶ
2594 3085 2786 3159 ἔμαθον
2815 3085 2911 3147 τὰς
2947 3082 3168 3164 διδαχας
3201 3085 3389 3143 αὐτῶν.

593 3175 690 3238 73.
737 3174 1178 3253 Iniquitatibus.

2325 3177 2402 3237 73
2413 3225 2426 3237 .
2473 3177 2605 3240 Ταῖς
2640 3173 2899 3248 ἁνομὶαις,

591 3266 694 3328 74.
745 3266 816 3327 Ει
838 3265 1257 3343 comprehensi
1286 3273 1423 3326 sunt
1451 3265 1509 3326 in
1541 3265 1682 3328 illis.
2175 3268 2214 3318 C

2175 3268 2214 3318 C
2319 3267 2423 3329 74.
2469 3263 2571 3325 Καὶ
2615 3261 3033 3340 ἓπαγιδεύθησαν
3075 3264 3130 3317 ἐν
3158 3265 3346 3324 αὑτοῖς
3373 3263 3477 3333 (1).

591 3355 692 3420 75.
741 3357 1005 3436 Corpora
1031 3364 1090 3415 et
1121 3354 1350 3415 animas
1400 3372 1605 3416 eorum
1641 3354 2067 3416 interfecerunt
2096 3360 2155 3414 in

2326 3357 2420 3417 75.
2467 3357 2544 3414 Τὰ
2574 3353 2797 3427 σώματα
2829 3354 2913 3408 καὶ
2957 3352 3048 3416 τὰς
3095 3354 3277 3433 ψυχὰς
3336 3354 3507 3411 αὑτῶν
3560 3353 3873 3409 ἐθανάτωσαν

508 3457 776 3525 peccato.

2242 3450 2295 3504 ἑν
2328 3449 2394 3523 τῇ
2425 3444 2676 3523 ἁμαρτία,

590 3535 809 3598 76ο78.
849 3536 921 3596 Et
970 3533 1480 3596 dcdecoraverunt
1536 3552 1723 3613 genus
1756 3551 1962 3595 eorum
1995 3534 2155 3595 elec-

2326 3534 2525 3597 76378.
2560 3530 2665 3593 Καὶ
2693 3532 3043 3611 κατῄσχυσαν
3074 3532 3135 3586 τὸ
3165 3531 3314 3609 γένος
3344 3530 3516 3588 αὒτῶν
3548 3532 3611 3588 τὸ
3642 3530 3874 3588 ἓκλεκτδν

514 3630 633 3685 tum
668 3624 1004 3703 redigentes
1056 3624 1112 3685 in
1146 3623 1491 3685 servitutem
1559 3624 1811 3703 animas,
1846 3634 1905 3685 et
1952 3642 2147 3684 eorum

2242 3626 2601 3686 δουλῶσαντες
2631 3623 2726 3685 τάς
2759 3622 2965 3700 ψυχὰς,
2998 3622 3085 3677 καὶ
3118 3622 3181 3676 τὰ
3213 3640 3437 3695 σῳματα
3467 3621 3673 3701 αὐτῶν,
3715 3619 3780 3676 δι’
3811 3620 3875 3675 ὧν

511 3731 763 3793 corpora
809 3733 914 3795 per
980 3733 1068 3787 ea,
1123 3713 1341 3790 quibus
1381 3722 1873 3792 perpetraverunt
1931 3711 2144 3793 iniqui-

2242 3714 2523 3772 ἐπετέλουν
2553 3713 2651 3779 τὴν
2682 3712 2926 3785 ἀνομίαν,
2961 3712 3167 3767 Χαναὰν
3194 3711 3289 3788 γὺρ
3334 3709 3685 3788 ἑρμηνεύεται
3719 3730 3874 3785 προσ-

515 3809 692 3863 tatem
733 3803 1031 3864 Chanaan
1064 3802 1222 3861 enim
1266 3801 1690 3880 interpretatur
1720 3804 1997 3865 adoratio
2029 3802 2148 3863 ini-

1266 3801 1690 3880 interpretatur
1720 3804 1997 3865 adoratio
2029 3802 2156 3863 ini-
2242 3806 2461 3871 κύνησις
2496 3804 2718 3867 ἀνομίας
2749 3802 2861 3881 (2).

515 3894 787 3969 quitatz‘s.

597 3980 696 4058 '79,
732 3980 829 4043 80.
866 3980 933 4040 Et
968 3980 1316 4042 mortiﬁcata
1347 3990 1433 4041 est
1466 3989 1582 4043 tota
1610 3982 1946 4043 .ludmorum
1977 3998 2154 4061 syna-

2321 3981 2555 4057 79,80.
2614 3981 2699 4062 (3)
2757 3978 2859 4041 Καὶ
2903 3980 3165 4051 ἐνεκρώθη
3209 3981 3312 4049 ὅλη
3368 3983 3397 4050 ἡ
3447 3981 3738 4059 συναγωγὴ
3784 3984 3877 4035 τε..

510 4089 661 4148 goga
684 4070 741 4131 in
776 4072 1052 4150 peccatis.

2242 4072 2503 4132 Ἰουδαίων
2535 4073 2589 4127 ἑν
2612 4085 2732 4136 ταῖς
2758 4072 3061 4149 ἁμαρτίαις,

588 4160 686 4223 8t.
735 4161 1126 4223 Adhaerentes
1183 4162 1579 4237 daemonibus,
1619 4171 1677 4225 et
1714 4163 2093 4226 discedentes
2122 4181 2157 4224 a

2319 4163 2420 4225 81.
2466 4159 2830 4227 Κολληθὲντες
2874 4173 2990 4226 τοις
3022 4159 3283 4235 δαίμοσι,,
3318 4160 3404 4215 καὶ
3433 4161 3769 4223 ἀποστάντες
3796 4159 3878 4214 τοῦ

507 4247 653 4308 Deo.

2242 4261 2390 4315 Θεοῦ.

587 4339 682 4402 82.
737 4340 808 4401 Et
838 4340 1021 4402 iratus
1052 4360 1115 4403 es
1140 4342 1198 4404 in
1229 4342 1506 4424 populum
1540 4352 1716 4405 antea
1744 4362 1941 4404 suum.

2319 4343 2419 4406 8?.
2472 4345 2567 4401 Καὶ
2588 4343 2816 4420 ὠργίσθη
2848 4341 2934 4397 ἐπὶ
2960 4343 3051 4397 τὸν
3076 4344 3328 4421 πρότερον
3359 4340 3490 4399 λαὸν
3522 4344 3713 4405 αὑτοῦ,

587 4428 685 4489 83.
733 4427 903 4508 Ipsos
923 4429 1181 4495 Judzcos.

2322 4434 2420 4497 83.
2470 4432 2662 4493 Αότοὺς
2696 4433 2816 4494 τοὺς
2848 4429 3147 4497 Ἰουδαίους,

506 4516 605 4579 84.
654 4519 954 4600 Permisit,
993 4530 1050 4581 ut
1084 4522 1143 4583 in
1190 4540 1293 4584 eos
1349 4522 1800 4584 dominarentur
1846 4524 2139 4585 contraria

2323 4522 2421 4584 84.
2469 4521 2853 4601 Συνεχώρησεν
2882 4521 3067 4585 αὖτοὺς
3102 4519 3608 4578 καταδυνατεύεσθαι
3648 4524 3750 4579 ὑπὸ
3782 4527 3875 4577 τῶν

509 4615 848 4684 potestates.

2241 4613 2489 4671 ἐναντίων
2519 4609 2813 4685 δυνάμεων,

588 4696 688 4757 85.
737 4699 1074 4761 Dremonos.
1530 4722 1549 4734 ο

1530 4722 1549 4734 ⁸
2322 4703 2423 4765 85.
2471 4704 2529 4759 Οἱ
2558 4698 2799 4775 δαίμονες
2810 4748 2822 4762 ,

590 4785 686 4848 86.
736 4788 798 4848 In
830 4788 1173 4851 servitutem
1199 4789 1562 4871 redegerunt
1588 4808 1690 4852 eos
1715 4797 2035 4870 potestates
2056 4792 2160 4852 mi-

2322 4791 2422 4855 86,
2497 4787 2976 4852 Κατεδουλώσαντο
3037 4792 3223 4855 αὖτοὺς
3294 4794 3346 4846 al
3404 4797 3497 4847 τοῦ
3556 4791 3756 4870 ἐχθροῦ
3794 4788 3874 4846 δυ·

512 4873 672 4935 mici.

2236 4884 2446 4959 νάμεις.

589 4964 689 5026 87.
737 4964 808 5027 Et
838 4967 1138 5049 subjugati
1172 4977 1313 5031 sunt
1342 4989 1376 5031 a
1412 4969 2155 5051 potestatibnsimmundo~

2319 4971 2419 5034 87.
2466 4969 2569 5028 Καὶ
2597 4969 2937 5047 ὑπετχγησαν
2964 4970 3067 5026 ὑπὸ
3115 4970 3209 5033 τὰς
3242 4968 3475 5035 ἐξουσίας
3507 4974 3622 5025 τῶν
3653 4969 3873 5046 3:1:in-

509 5070 644 5114 rum
679 5058 978 5135 Spiritum.

2238 5084 2343 5119 των
2374 5058 2711 5133 πνευμάτων,

1533 5242 1833 5307 Addenda
1863 5247 1927 5306 et
1958 5238 2335 5320 corrigenda
2360 5254 2441 5303 ex
2468 5236 2613 5301 cod.
2642 5235 2843 5303 Vatic.

594 5431 682 5518 (1)
731 5432 943 5518 W14-
1080 5514 1091 5518 -
1218 5515 1225 5518 .

2237 5512 2281 5518 __
2572 5430 2667 5493 79.
2700 5429 2827 5508 Καὶ,
2850 5437 2974 5518 _et_c.
3010 5432 3288 5511 ἁμαρτίαις
3319 5435 3513 5498 abut»,
3548 5432 3624 5499 Ν,
3657 5433 3755 5515 80,
3779 5432 3869 5497 81,

597 5510 685 5594 (2)
729 5517 1041 5591 Προσιιυνῶν
1071 5514 1314 5591 ἀνομίαν,
2237 5510 2629 5589 Κολληθέντες,
2662 5519 2806 5587 61οη
2841 5511 2947 5570 ἀπὸ
2972 5520 3065 5570 τοῦ
3092 5510 3249 5576 Θεοῦ.
3374 5552 3384 5561 ι
