4118 6208
231 328 386 392 1129
1125 325 1223 388 DE
1268 325 1582 390 TITULIS
1625 317 2115 387 PSALMORUM.
2163 355 2242 368 --
2285 314 2499 385 PSAL.
2545 321 2695 388 CVI.
3458 312 3613 391 H30

311 465 412 526 53.
460 460 526 516 Ἢ
559 461 714 540 ψυχὴ
746 461 917 516 αὐτῶν
949 458 1004 514 ὲν
1034 471 1226 522 κακοῖς
1260 457 1505 527 ἐτήκετο.
1899 471 1934 517 Α

1899 471 1934 517 Α
2043 459 2140 520 53.
2177 457 2392 521 Anima
2422 474 2630 518 eorum
2665 455 2728 517 in
2759 455 2931 518 malis
2963 454 3334 523 tabescebat.

314 550 414 612 54.
455 551 888 628 ἘΞ-τιαροὶχθησαν⁷
921 546 1280 614 ὲσαλεύθησαν
1306 555 1378 610 ὼς
1410 550 1437 603 ὁ
1469 548 1694 623 μεθύων·

2039 551 2139 612 54.
2172 545 2415 608 Turbati
2448 553 2606 621 sunt,
2645 555 2703 607 et
2736 545 2877 606 moti
2905 553 3044 606 sunt
3079 552 3232 608 sicut
3260 550 3470 615 ebrius
3501 575 3511 616 :

313 639 413 702 55.
451 637 554 700 Καὶ
581 645 721 694 πᾶσα
749 640 783 705 ἡ
830 640 984 715 σοφία
1014 638 1183 694 αὐτῶν
1218 637 1511 703 κατεπόθη.

2041 638 2141 702 55.
2177 637 2250 699 Ει
2283 635 2479 696 omnis
2529 635 2819 716 sapientia
2851 652 3058 695 eorum
3091 635 3366 699 devorata
3411 650 3523 702 est.

317 729 420 793 56.
457 730 550 787 Καὶ
601 726 880 805 ὲκέκραξαν
939 727 1070 805 πρὸς
1135 726 1317 804 Κύριον
1376 725 1428 782 ἐν
1473 734 1549 801 τῷ
1608 726 1876 784 θλίϐεσθαι

2042 727 2140 790 56.
2176 725 2244 787 Et
2264 725 2670 787 clamaverunt
2709 724 2783 786 ad
2820 723 3140 787 Dominum
3187 744 3322 788 cum
3358 729 3609 794 tribula-

233 821 442 884 αὐτούς’

1962 824 2171 877 rentur
2197 837 2208 876 :

318 909 420 972 57.
460 910 551 966 Kal
587 907 646 963 ὲκ
693 911 798 963 τῶν
840 906 1084 983 ἀναγκῶν
1127 906 1297 962 αὐτῶν
1343 905 1601 984 ἐξήγαγεν
1631 907 1839 968 αὐτούς,

1838 959 1839 964 η
2045 905 2146 966 57.
2180 903 2251 965 Et
2275 905 2348 966 de
2381 902 2839 967 necessitatibus
2867 921 3075 964 eorum
3109 903 3315 966 eduxit
3339 923 3464 970 eos.

316 999 413 1062 58.
454 999 549 1054 Kal
565 996 783 1060 ἐπέταξε
825 1001 892 1072 τῇ
913 994 1198 1074 καταιγίδι,
1233 998 1344 1075 κεί,
1393 995 1524 1064 ἷ-Ξστη
1557 997 1630 1056 εἰς
1656 995 1837 1075 αὗραν.

2045 994 2152 1056 58.
2180 993 2252 1054 Ει
2279 994 2574 1056 mandavit
2605 993 2904 1074 procellae,
2941 1003 2999 1056 et
3028 995 3195 1057 stetit
3219 993 3277 1056 in
3313 1013 3520 1058 auram
3551 1019 3562 1056 :

317 1088 418 1150 59,
459 1089 553 1144 Καὶ
597 1085 850 1164 ἐσίγησαν
885 1085 947 1139 τά
977 1085 1185 1159 κύματα
1216 1085 1400 1152 αὐτῆς.

1362 1106 1400 1150 ;.
2045 1083 2144 1146 59.
2182 1083 2250 1144 Ει
2272 1083 2570 1148 siluerunt
2597 1083 2813 1144 ﬂuctus
2837 1083 2988 1163 ejus.

319 1176 421 1242 60.
455 1175 560 1237 Kal
590 1176 974 1254 εὐφράνθησαν,
1001 1174 1080 1231 ὅτι
1107 1175 1414 1254 ἡσύχασαν·

2047 1170 2147 1234 60.
2188 1175 2260 1235 Ει
2283 1173 2646 1252 Ιωίδιίεοοι,
2681 1173 2822 1253 quia
2852 1171 3192 1236 siluerunt:

319 1267 418 1331 6|.
456 1267 560 1329 Kal
614 1263 894 1343 ὡδήγησεν
941 1266 1128 1327 αὑτοὺς
1204 1265 1288 1320 ἐπὶ
1344 1261 1538 1338 λιμένα
1581 1263 1883 1340 θελήματος

2045 1263 2145 1324 61.
2173 1261 2246 1326 Et
2268 1262 2510 1325 deduxit
2538 1281 2641 1324 eos
2664 1262 2724 1323 in
2758 1271 2992 1341 portum
3036 1264 3349 1327 voluntatis
3384 1284 3525 1329 sua}.

235 1381 419 1418 αυτου.

317 1448 421 1508 6'2.
467 1442 1083 1522 Ἐξομολογησάσθωσαν
1114 1445 1190 1516 τῷ
1238 1443 1406 1519 Κυρίῳ
1449 1442 1512 1497 τὰ
1545 1441 1669 1508 ἐλὲη
1701 1444 1880 1516 αὐτοῦ,

2049 1441 2146 1505 62.
2183 1441 2588 1504 Conﬁteantur
2621 1441 2873 1502 Domino
2908 1441 3348 1504 misericordias
3380 1444 3529 1526 ejus,

319 1533 420 1597 63.
456 1533 557 1596 Kal
581 1534 646 1589 τὰ
675 1533 940 1608 θαυμάσια
964 1535 1122 1590 αὕτυῦ
1153 1544 1269 1597 τοῖς
1289 1533 1426 1594 υῐοῖς
1443 1537 1549 1586 τῶν
1572 1531 1881 1610 ἀνθρώπων,

1654 1531 1881 1610 tpdmtov.
2051 1531 2150 1592 63.
2186 1530 2254 1591 Et
2288 1529 2583 1591 mirabilia
2615 1529 2747 1608 ejus
2778 1529 2918 1590 filiis
2950 1531 3280 1594 hominum.

318 1624 417 1688 64.
454 1619 852 1699 ’Υψωσάτωσαν
889 1621 1045 1676 αύτὸν
1078 1623 1134 1675 ἓν
1164 1619 1424 1693 ἐκκλησίᾳ
1469 1619 1622 1678 λαουο

2053 1621 2152 1683 64.
2189 1619 2458 1680 Exaltent
2487 1637 2624 1681 eum
2655 1617 2718 1678 in
2740 1619 2997 1680 ecclesia
3027 1618 3219 1700 plebis
3247 1643 3259 1678 :

320 1714 423 1778 65.
458 1712 561 1774 Kal
620 1711 674 1768 ἐν
721 1708 946 1788 καθέδρᾳ
993 1706 1357 1788 πρεσϐυτέρων
1387 1710 1742 1767 αἱνεσάτωσηιν
1789 1714 1886 1769 αὒ-

1832 1714 1886 1769 3-
2053 1710 2152 1772 65.
2187 1707 2253 1770 EI
2286 1708 2346 1770 in
2379 1708 2662 1770 cathedra
2690 1707 2994 1770 seniorum
3025 1708 3271 1771 laudent
3303 1729 3458 1773 eum.

241 1805 355 1867 τόν.
1915 1829 1952 1880 Β

321 1894 422 1958 66.
460 1893 662 1950 ’Ἒθετο
693 1891 968 1966 ποταμοὺς
994 1891 1069 1956 εἰς
1099 1889 1322 1968 ἔρημον·

2054 1889 2152 1949 66.
2193 1890 2395 1950 Posuit
2436 1887 2687 1948 ﬂumina
2716 1889 2776 1948 in
2807 1886 3157 1950 desertum:

324 1985 430 2049 67.
467 1985 571 2048 Καὶ
603 1979 860 2047 διεξόδους
895 1978 1100 2037 ὑδάτων
1129 1981 1203 2043 εἷς
1232 1977 1409 2055 δίψαν,

2055 1980 2155 2039 67.
2189 1977 2262 2039 Et
2287 1977 2481 2039 exitus
2502 1994 2786 2057 aquarum
2810 1977 2870 2038 in
2897 1977 3081 2038 sitim.

328 2079 429 2144 68.
479 2084 585 2145 Γῆν
628 2074 964 2155 καρποφόρον
996 2074 1068 2138 εἰς
1110 2072 1314 2152 ἅλμην,

2056 2068 2154 2130 68.
2190 2067 2436 2130 Terram
2469 2066 2834 2129 fructiferam
2868 2066 2928 2128 in
2961 2067 3349 2150 salsuginem,

324 2169 425 2233 69.
471 2166 556 2247 (α)
590 2167 724 2222 Ἀπὸ
755 2165 939 2226 κακίας
984 2169 1089 2220 τῶν
1124 2161 1514 2218 κατοικούντων
1547 2160 1601 2216 ἐν
1634 2164 1788 2238 αὐτῇ.

1586 2183 1601 2216 ν
1634 2164 1788 2238 αὐτῇ.
2054 2158 2156 2221 69.
2188 2159 2241 2247 ᾼ
2275 2157 2501 2247 malitia
2532 2157 2994 2220 inhabitantium
3028 2157 3089 2219 in
3120 2176 3212 2220 ea.

317 2261 420 2321 70.
457 2245 664 2314 ’ίΕθετο
680 2253 878 2332 ἔρημον
911 2255 985 2316 εἰς
1017 2251 1205 2328 λίμνας
1234 2249 1462 2307 ὑδάτων·

2054 2249 2154 2310 70.
2188 2245 2391 2309 Posuit
2423 2246 2726 2308 desertum
2762 2253 2818 2308 in
2850 2255 3057 2327 stagna
3085 2266 3372 2329 aquarum

325 2378 397 2456 (α)
428 2373 599 2440 Vers.
635 2371 733 2449 69,
771 2372 872 2453 70,
905 2371 1009 2449 7l,
1046 2367 1157 2432 sub
1191 2368 1370 2432 unico
1403 2377 1735 2431 comment.

1373 2501 1789 2568 ATHANASII
1836 2501 2474 2569 INTERPRETATIO.

329 2636 428 2698 53.
461 2633 862 2715 Ἐφοϐήθησαν,
895 2636 980 2689 val
1013 2631 1462 2712 ὠλιγοψύχησαν.

2053 2637 2149 2697 53.
2177 2634 2247 2697 Et
2280 2635 2629 2713 timuerunt,
2658 2647 2717 2699 et
2755 2637 2958 2700 animo
2990 2637 3206 2718 dejecti
3236 2647 3395 2702 sunt.

329 2725 419 2788 54.
462 2728 558 2784 Καὶ
580 2725 634 2780 ὲν
661 2725 829 2802 ἀγῶνι
874 2722 1054 2800 πολλῇ
1083 2723 1278 2801 γέγονα

2051 2725 2153 2788 54.
2185 2726 2253 2787 Et
2287 2726 2343 2786 iu
2376 2745 2566 2805 agone
2591 2728 2773 2789 multo
2806 2727 3069 2791 fuerunt.

331 2817 430 2880 55.
464 2816 569 2878 Καὶ
597 2821 742 2871 πᾶσα
784 2815 818 2881 ἡ
850 2812 1023 2893 τέχνη
1055 2814 1228 2870 αὐτῶν
1259 2815 1466 2883 ἡττήθη
1491 2814 1594 2869 ὑπὸ
1622 2816 1714 2870 τοῦ
1756 2812 1890 2870 κλύ-

2055 2818 2154 2877 55.
2192 2817 2267 2878 Et
2297 2817 2495 2878 omnis
2523 2835 2620 2879 ars
2647 2836 2856 2880 eorum
2891 2828 3169 2900 superata
3199 2829 3292 2882 est
3313 2839 3347 2883 a
3370 2831 3625 2904 tempes-

243 2905 434 2971 δωνος’
470 2905 606 2982 ᾖσαν
637 2904 736 2981 γὰρ
781 2902 981 2965 ἁλιεῖς.

1978 2914 2120 2985 tate,
2149 2914 2318 2966 erant
2350 2906 2506 2966 enim
2543 2906 2891 2986 piscatores.

331 2996 428 3059 56.
463 2993 565 3054 Kal
623 2993 854 3060 ἐϐόησαν
909 2994 1044 3062 πρὸς
1091 2995 1183 3048 τὸν
1230 2989 1456 3060 Ἰησοῦν·
1493 2990 1676 3072 Κύριε,
1723 2998 1893 3049 σῶσον

2057 2995 2154 3058 56.
2189 2994 2258 3056 Et
2294 2994 2699 3082 clamaverunt
2748 2997 2822 3058 ad
2854 2999 3092 3064 Jesum:
3133 2999 3379 3065 Domine
3419 3004 3617 3082 salva,

245 3086 424 3165 ἡμάς,
459 3081 820 3158 ἀπολλύμεθα.
1032 3171 1042 3184 ο
1276 3171 1289 3184 ‘
1489 3169 1505 3184 κ
1577 3169 1595 3184 ἱ

1032 3171 1042 3184 ο
1276 3171 1289 3184 “
1489 3169 1505 3184 κ
1564 3169 1595 3184 ﬁ
1911 3133 1951 3184 ε
1973 3102 2091 3148 nos
2118 3085 2384 3184 perimus
2402 3081 2478 3144 36.

329 3175 426 3235 57.
481 3175 580 3232 Kal
636 3172 696 3229 ἐκ
739 3177 844 3228 τῶν
904 3171 1157 3247 κυμάτων
1205 3171 1294 3227 καὶ
1333 3177 1426 3227 τοῦ
1487 3169 1746 3234 λαίλαπος
1801 3169 1951 3228 τοῦ“

2060 3178 2158 3239 57.
2194 3172 2268 3234 Et
2296 3193 2364 3236 ex
2396 3174 2677 3240 ﬂuctibus
2699 3185 2759 3238 et
2795 3178 2948 3239 venti
2976 3179 3238 3258 procella
3266 3181 3616 3248 sublevavit.

243 3266 446 3342 ἀνέμου
492 3265 752 3342 ἐξήγειρεν
907 3264 1119 3328 αὐτούς.
1978 3283 2106 3326 θος,

331 3356 431 3417 58.
465 3355 791 3430 Ἐπετίμησε
852 3353 952 3432 γὰρ
996 3359 1071 3427 τῷ
1102 3353 1306 3432 ἀνέμῳ,
1352 3354 1440 3408 καὶ
1471 3352 1762 3427 επαύσατο,
1806 3352 1895 3408 καὶ

2055 3353 2153 3414 58.
2205 3352 2540 3433 Increpavit
2611 3353 2768 3414 enim
2817 3363 3076 3429 ventum,
3141 3367 3201 3418 et
3261 3358 3508 3437 quievit,
3566 3373 3623 3424 et

245 3448 416 3524 μόνον
445 3445 604 3525 αὖραν
635 3457 900 3524 παρεῖχεν
931 3445 1002 3505 εἰς
1033 3441 1288 3518 ἀνάψυξιν
1317 3443 1525 3506 αὐτοῖς,

1974 3443 2168 3505 solum
2201 3459 2407 3504 auram.
2439 3442 2639 3503 emisit
2671 3446 2728 3503 in
2753 3461 2962 3504 eorum
3008 3444 3410 3522 refrigerium.

334 3538 432 3601 59.
469 3533 572 3597 Καὶ
605 3533 812 3612 Εγένενο
841 3531 1020 3611 γαλήη
1055 3531 1290 3610 μεγάλη,

2057 3532 2156 3594 59.
2190 3531 2269 3594 Et
2292 3533 2458 3609 facta
2481 3540 2566 3595 est
2586 3531 3009 3610 tranquillitas
3035 3550 3258 3613 magna
3286 3533 3359 3598 37.

333 3626 431 3688 60.
488 3627 604 3685 Καὶ.
644 3621 988 3694 ἐπλήσθησαν
1055 3621 1301 3702 χάρινος,
1345 3621 1425 3678 ὅτι
1492 3619 1570 3701 (3)
1630 3619 1892 3689 διεσώθη-

2057 3623 2156 3684 60.
2194 3625 2265 3683 Ει
2289 3620 2512 3703 impleti
2548 3631 2690 3684 sunt
2719 3621 2959 3702 gaudio,
2996 3623 3278 3703 quoniam
3309 3627 3455 3690 salvi
3481 3626 3618 3690 facti

249 3740 375 3779 σαν.

1978 3721 2135 3775 sunt.

337 3806 438 3870 61.
474 3803 844 3865 Κατέπλευσαν
896 3803 996 3880 γὰρ
1047 3803 1120 3865 εἰς
1149 3802 1250 3869 τὴν
1277 3802 1462 3881 χώραν
1508 3806 1611 3858 τῶν
1645 3798 1892 3880 Γαδαρη-

2057 3805 2156 3864 61.
2191 3799 2620 3880 Navigaverunt
2647 3801 2804 3862 enim
2848 3799 2908 3862 in
2940 3803 3248 3882 regionem
3282 3805 3623 3869 Gadareno-

250 3906 380 3962 νῶν.

1981 3909 2138 3954 rum.

335 3987 438 4053 62.
476 3986 832 4064 Διηγήσονται
870 3982 924 4039 ἐν
958 3982 1264 4061 Εὖαγγελίῳ
1292 3981 1398 4061 (4).

2062 3982 2163 4043 69.
2197 3977 2535 4042 Narrabunt
2579 3980 2640 4040 in
2673 3979 3026 4058 Evangelio.

335 4079 436 4143 63.
470 4077 576 4140 Kal
606 4074 738 4132 αὐτὰ
777 4074 842 4130 τὰ
871 4074 1134 4148 θαυμάσια
1178 4071 1458 4130 αὗτοῦσὺν
1513 4086 1633 4137 τοῖς
1685 4072 1897 4137 λοιποῖς

2062 4069 2161 4134 63.
2195 4071 2268 4132 Et
2299 4071 2426 4132 haec
2458 4068 2758 4130 mirabilia
2790 4070 2946 4149 ejus,
2983 4079 3040 4132 et
3089 4070 3207 4134 alia
3235 4071 3377 4135 [iliis
3421 4073 3622 4136 homi-

259 4184 384 4235 τοῖς
417 4166 499 4249 (5)
531 4167 669 4228 υἱοῖς
710 4169 818 4221 τῶν
862 4162 1160 4243 ἀνθρώποιο.
1985 4177 2155 4221 num.

483 4255 767 4323 Δοξάσουσι
809 4253 966 4311 αὐτὸν
1021 4251 1107 4309 διὰ
1162 4253 1254 4309 τυὺ
1311 4253 1656 4333 κηρύγματος
1689 4255 1744 4310 ιν
1786 4264 1899 4316 τοῖς

2065 4247 2618 4314 64.Gloriﬁcabunt
2674 4265 2809 4309 eum
2865 4267 2973 4329 per
3026 4251 3513 4328 praedicationem
3567 4257 3628 4316 in

192 4381 205 4389 -
253 4351 486 4410 ἔθνεσιν.

1983 4339 2283 4421 gentibus.

339 4439 440 4502 65.
497 4437 594 4497 Kal
624 4435 678 4494 ἰν
722 4440 790 4512 τῇ
819 4433 1109 4491 ἀναπαύσει
1181 4438 1287 4490 τῶν
1333 4433 1496 4512 ἁγίων
1544 4426 1965 4490 αἱνεσάτωσανο

1819 4454 1901 4490 ταν
1921 4426 1969 4480 D
2063 4432 2163 4494 65.
2197 4427 2266 4490 Et
2295 4427 2355 4489 in
2385 4426 2595 4509 requie
2625 4436 2966 4490 sanctorum
3005 4429 3251 4492 laudent
3281 4450 3445 4493 eum.

256 4533 442 4592 αὒτὸν.

338 4619 440 4683 66.
475 4618 577 4683 Τὰς
604 4614 768 4696 φυλὰς
793 4614 900 4672 τῶν
930 4611 1216 4676 Ἰουδαίων.

1201 4659 1216 4676 .
2067 4608 2166 4670 66.
2215 4607 2430 4670 Tribus
2454 4605 2822 4696 Judaeorum.

340 4708 440 4770 67.
479 4711 574 4767 Καὶ
620 4694 738 4763 ἀπὸ
779 4706 883 4762 τῶν
923 4702 1151 4780 καρδιῶν
1195 4702 1370 4758 αὐτῶν
1428 4699 1620 4781 ἀφελεῖ
1665 4699 1750 4782 (6)
1804 4701 1905 4769 τὴν

2068 4699 2168 4762 67.
2201 4697 2272 4759 Et
2306 4715 2340 4760 e
2370 4695 2654 4759 cordibus
2685 4714 2893 4758 eorum
2917 4694 3147 4759 auferet
3179 4701 3426 4776 gratiam
3459 4717 3626 4762 suam

258 4800 423 4882 χάριν
454 4799 608 4855 αὒτοϊ
637 4794 721 4854 διὰ
749 4796 847 4863 τὴν
869 4793 1116 4850 ἀπιστίαν
1147 4793 1347 4853 αὐτῶν,

1335 4840 1347 4853 .
1990 4795 2234 4882 propter
2248 4804 2472 4882 eorum
2507 4785 2951 4882 infidelitatem.

346 4874 448 4967 58,
481 4887 582 4951 69.
617 4887 726 4954 Τὴν
768 4884 1084 4963 συναγωγὴν
1109 4883 1207 4950 τὴν
1238 4881 1482 4946 ἄτεκνον.

1371 4904 1482 4946 νον.
2066 4877 2165 4967 68,
2335 4874 2705 4967 §ynagogam
2725 4875 2994 4936 sterilen.

343 4962 447 5056 70,
479 4979 580 5039 71.
629 4977 728 5036 Καὶ
781 4974 873 5041 τὰς
919 4962 1142 5052 καρδίας
1175 4972 1348 5029 αὐτῶν
1390 4972 1564 5049 βρύειν
1615 4969 1714 5041 τὴν
1741 4971 1904 5052 χάριν

2063 4966 2167 5050 70,
2204 4965 2300 5028 71.
2337 4965 2409 5027 Et
2433 4962 2612 5026 corda
2643 4982 2850 5026 eorum
2897 4972 2960 5026 ut
3003 4967 3344 5044 germinent
3379 4967 3628 5046 gratiam

257 5073 448 5131 αδτοῦ.

1983 5074 2150 5119 suam
2164 5103 2175 5116 .

343 5192 396 5236 3°
421 5188 622 5256 Matth.
654 5201 774 5263 VIII,
807 5184 911 5248 25.
997 5181 1050 5226 ³⁷
1077 5180 1224 5246 ibid.
1260 5182 1362 5246 96.

1285 5289 1588 5356 Addenda
1619 5293 1683 5354 et
1712 5284 2083 5368 corrigenda
2111 5299 2189 5346 ex
2219 5281 2358 5344 cod.
2395 5279 2594 5344 Vatic.

381 5409 430 5484 1)
460 5408 770 5484 Γεγόνασιν.
2198 5391 2586 5484 convulsa-az
2618 5389 2742 5457 ἐλέη
2790 5392 2965 5452 αὑτοῦ.

420 5469 440 5566 )
476 5469 792 5566 Ἐέήγαγιν,
825 5489 944 5546 etc.
1259 5559 1283 5566 ﬂ
1454 5565 1460 5566 ί

929 5528 944 5544 .
1259 5559 1283 5566 Α.
2196 5483 2328 5566 ξΓοῖς
2361 5469 2553 5566 deest.

349 5551 444 5652 (3)
477 5551 573 5628 Kal
589 5551 995 5656 ’ίπληριῖξθησαν
1025 5567 1220 5643 χαρᾶς,
1257 5559 1363 5635 ὅτι,
1410 5565 1527 5622 etc.
2085 5554 2161 5635 (6)
2196 5551 2475 5617 Ἀφετλεν,

589 5698 852 5764 PATBOL.
898 5697 1017 5762 Gn.
1062 5694 1315 5759 XXVII.
3214 5682 3317 5750 36.
