4118 6208
254 328 409 398 1133
1129 330 1226 397 DE
1269 328 1579 397 TITULIS
1621 328 1880 397 PSALMl

1991 327 2114 405 ΗΜ.
2161 367 2239 381 -
2284 327 2500 399 PSAL.
2543 328 2765 405 GVII..
3466 341 3617 408 1134

389 468 523 550 ’ῼδὴ
548 469 761 545 ψαλμὸς
801 464 1062 551 [ψαλμοῦ]
1094 475 1171 543 τῷ
1204 466 1387 531 Δαϐίδ.
1424 475 1594 532 ΨΑΛ,
1628 469 1745 531 PZ'.
1918 479 1955 528 Α

1918 479 1955 528 Α
2142 469 2463 534 Canticum
2495 469 2725 550 psalmi
2748 471 2971 535 David.
2999 470 3147 534 PSA
3158 470 3232 536 L.
3259 473 3309 535 C
3324 475 3458 541 VII.

338 563 396 625 1.
432 561 658 638 Ἐτοίμη
688 565 722 632 ἡ
753 561 937 642 καρδία
970 584 1097 640 μου,
1121 565 1149 619 ὁ
1183 564 1335 637 Θεὸς,
1373 562 1563 638 ἑτοίμη
1599 562 1680 640 (α)
1714 566 1749 632 ἡ
1780 586 1901 638 κιρ.

2065 560 2124 622 1.
2172 558 2449 623 Paratum
2497 577 2604 622 cor
2660 579 2883 636 meum,
2941 562 3121 637 Deus,
3183 572 3448 643 paratum
3521 586 3627 630 cor

253 652 337 708 δία
369 675 495 728 μου,

1984 666 2208 710 meum.

338 739 399 805 2.
431 740 680 816 ’Ἃσομαι
701 742 790 797 καὶ
820 740 977 816 ψαλῶ
1006 743 1062 797 Ιεν
1092 747 1161 819 τῇ
1182 739 1304 817 δόξῃ
1327 764 1451 804 μου,

2067 742 2124 798 2.
2161 739 2427 801 Cantabo
2458 747 2517 801 et
2550 740 2800 821 psallam
2835 740 2896 801 in
2926 740 3116 819 gloria
3147 759 3300 805 mea.

340 828 400 892 3.
433 827 797 910 Ἐξεγὲρθητι,
830 832 864 897 ἡ
911 828 1035 896 δόξα
1065 853 1190 906 μου,

2065 827 2121 888 3.
2160 826 2445 908 Exsurge.
2475 829 2665 909 gloria
2700 847 2868 893 mea:

339 919 402 983 4.
439 917 801 999 Ἐξεγὲρθητι,
849 918 1152 1001 ψαλτήριον
1182 922 1274 978 καὶ
1300 923 1510 1000 κιθάρα’

2063 919 2123 980 4.
2156 914 2439 1000 Exsurge,
2474 918 2816 1000 psalterium
2851 928 2911 982 et
2941 920 3200 983 cithara:

336 1009 394 1071 5.
431 1006 880 1089 Ἐξεγερθήσομαι
916 1009 1124 1088 ὄρθρου,

2065 1009 2121 1066 5.
2156 1005 2483 1087 Exsurgam
2506 1008 2790 1070 diluculo.

335 1098 396 1160 6,
432 1096 933 1175 Ἐξομολογήσομαι
971 1120 1054 1154 σοι
1097 1099 1152 1154 ὲν
1183 1098 1367 1173 λαοῖς,
1417 1100 1598 1180 Κύριε·

2065 1095 2124 1157 6.
2163 1093 2509 1159 Conﬁtebor
2554 1098 2656 1159 tibi
2692 1096 2753 1159 in
2788 1098 3041 1178 populis,
3073 1098 3363 1163 Domine:

335 1188 397 1249 7.
436 1186 604 1243 Ψαλῶ
634 1210 716 1244 σοι
749 1187 803 1242 ἐν
834 1185 1055 1246 ἔθνεσιν.

2070 1185 2133 1249 7.
2166 1182 2237 1247 Et
2267 1185 2513 1265 psallam
2547 1186 2651 1249 tibi
2684 1188 2744 1248 in
2777 1188 3140 1252 nationibus.

340 1276 401 1338 8.
437 1276 571 1334 ’Ὅτι
605 1277 739 1357 μέρα
786 1276 966 1333 ἐπάνω
996 1282 1105 1332 τῶν
1136 1278 1369 1355 οὐρανῶν
1398 1281 1459 1335 τὸ
1503 1278 1648 1345 ἔλεός
1683 1302 1775 1337 σου

2071 1275 2129 1335 8.
2162 1272 2311 1345 Quia
2343 1294 2553 1356 magna
2595 1285 2685 1338 est
2727 1295 2911 1357 super
2961 1280 3162 1354 oculos,
3221 1280 3630 1345 misericordia

1994 1370 2094 1424 tua
2119 1382 2133 1427 :

342 1456 409 1519 9.
436 1456 534 1514 Καὶ
577 1454 677 1517 ἕως
708 1460 815 1509 τῶν
860 1453 1095 1534 νεφελῶν
1126 1456 1160 1523 ἡ
1207 1455 1432 1525 ἀλήθειά
1463 1480 1579 1520 σου.

1562 1504 1579 1520 ,
2070 1453 2131 1516 9.
2167 1453 2239 1517 Et
2262 1473 2450 1535 usque
2480 1455 2554 1517 ad
2585 1457 2781 1517 nubes
2802 1456 3018 1519 veritas
3063 1466 3186 1522 tua.

352 1545 446 1608 10.
482 1542 754 1624 ’Υχώθίητι
786 1544 873 1600 ἐπὶ
915 1544 1037 1607 τοὺς
1084 1545 1354 1623 οὐρανοῦς,
1383 1549 1410 1603 δ
1443 1549 1596 1612 θεός.

1535 1549 1596 1612 ις·
2075 1542 2166 1607 10.
2204 1545 2478 1606 Exaltare
2509 1563 2690 1625 super
2719 1545 2926 1627 celos,
2960 1545 3161 1611 Deus:

352 1635 450 1698 11,
482 1632 587 1695 Καὶ
614 1633 699 1689 ἐπὶ
743 1638 917 1689 πᾶσαν
946 1634 1047 1699 τὴν
1072 1638 1171 1710 γῆν
1204 1636 1238 1702 ἡ
1270 1632 1391 1701 δόξα
1422 1659 1543 1698 σου.

2072 1634 2171 1696 tl.
2204 1635 2279 1696 Et
2310 1650 2492 1713 super
2533 1652 2772 1695 omnem
2804 1642 3021 1697 terram
3052 1637 3244 1716 gloria
3266 1648 3385 1701 tua.

351 1722 450 1787 12.
486 1723 684 1787 ’Ὅπως
716 1721 780 1778 ἂν
801 1722 1059 1800 ῥυσθιῦσιν
1086 1724 1133 1779 οἱ
1161 1724 1432 1802 ἀγαπητοί
1464 1748 1581 1790 σου,

1410 1728 1432 1781 μί
1464 1748 1581 1790 σου,
2072 1722 2171 1786 12.
2203 1721 2278 1786 Ut
2307 1724 2636 1784 liberentur
2661 1723 2868 1787 dilecti
2915 1725 2998 1786 tui
3024 1746 3036 1786 :

351 1813 449 1876 i3.
485 1816 667 1869 Σῶσον
690 1817 760 1888 τῇ
789 1810 929 1885 δεξιᾷ
959 1834 1075 1886 σου,
1116 1814 1205 1869 καὶ
1232 1814 1527 1873 ἔπάκοοσόν
1557 1838 1683 1893 μοι).
1931 1844 1969 1892 Β

1931 1844 1969 1892 Β
2072 1812 2171 1876 13.
2207 1813 2447 1875 Salvum
2473 1812 2563 1874 fac
2587 1814 2831 1876 dextera
2863 1821 2981 1889 tua,
3018 1824 3074 1876 et
3108 1817 3319 1879 exaudi
3353 1837 3469 1885 me.

356 1904 447 1967 14.
474 1903 537 1961 Ὀ
569 1904 699 1965 Θεὸς
732 1900 993 1969 ἐλάλησεν
1018 1903 1070 1958 ἑν
1101 1909 1177 1978 τῷ
1209 1905 1343 1983 ἁγίῳ
1378 1909 1554 1965 αὐτοῦ.

2082 1904 2169 1967 14.
2207 1903 2364 1966 Deus
2394 1903 2627 1965 locutus
2656 1911 2747 1964 est
2767 1904 2828 1963 in
2860 1913 3064 1966 sancto
3087 1923 3195 1968 suo
3225 1928 3250 1969 :.

354 1996 451 2057 15.
482 1990 904 2072 ’Υιςὶδιιιθήσωμαι²
936 1994 1024 2048 καί
1055 1990 1308 2072 διαμεριῶ
1348 1996 1564 2072 Σίκιμαο

2081 1996 2175 2057 15.
2202 1992 2544 2068 Exaltabor,
2576 2000 2635 2054 et
2664 1991 2923 2055 dividam
2955 1994 3284 2058 Schimam.

346 2131 431 2206 (α)
460 2123 629 2189 Vera.
660 2130 721 2200 2,
751 2127 1002 2208 Ἐτοίμη,
1036 2134 1180 2202 elc.,
1212 2126 1335 2204 δόξῃ
1366 2148 1492 2203 μου.

1410 2228 1820 2295 ATHANASII
1860 2228 2491 2296 INTERPRETATIO.

351 2354 417 2411 Ἠ
465 2354 794 2434 προκειμένη
839 2353 1107 2434 ἐπιγραφὴ
1138 2352 1380 2433 περιέχει
1426 2353 1515 2431 (1)
1548 2370 1560 2383 ⁸
1600 2352 1733 2434 ’ῼδὴ
1778 2352 1995 2431 ψαλμοῦ
2036 2354 2113 2429 τῷ
2160 2351 2339 2429 Δαϐὶδ,
2374 2355 2507 2434 ὅπερ
2542 2355 2889 2433 ἑρμηνεύεται
2918 2358 2981 2413 τὸ
3013 2363 3156 2434 ᾇσμα
3186 2358 3279 2415 τοῦ
3321 2357 3537 2434 ψαλμοῦ
3565 2360 3641 2431 τῷ

259 2450 341 2518 τῷ
381 2444 547 2519 ἱκανῷ
572 2449 636 2521 τῇ
668 2445 829 2524 χειρὶ,
865 2443 1102 2500 τουτέστι
1134 2448 1212 2517 τῷ
1238 2445 1344 2518 ι’ἱῷ
1371 2443 1467 2499 τοῦ
1496 2451 1628 2502 Θεοῦ

344 2530 574 2595 Titulus
599 2532 950 2614 pmpositus
978 2532 1285 2595 continet:
1312 2532 1647 2597 Canticum
1677 2532 1887 2615 psalm:

261 2623 446 2701 fortis
468 2622 581 2684 hoc
613 2630 703 2685 est
732 2622 839 2686 Dei
869 2621 1044 2684 Filio.

2017 2532 2148 2607 :vid,
2187 2534 2340 2615 quod
2386 2533 2839 2618 interpretatur,
2883 2537 3190 2600 Canticum
3222 2536 3432 2619 psalmi
3455 2555 3643 2601 manu

352 2723 406 2778 1.
437 2716 534 2780 Εἷς
580 2719 639 2772 τὸ
669 2715 966 2787 δοξάζεσθαι
999 2715 1083 2797 (3)
1111 2718 1209 2785 τὴν
1240 2717 1403 2797 χάριν
1434 2740 1552 2781 σου,

2077 2722 2134 2777 1.
2171 2718 2260 2780 Ad
2295 2718 2745 2797 gloriﬁcandam
2777 2722 3026 2801 gratiam
3059 2730 3242 2783 tuam.

348 2807 409 2869 2,
443 2804 537 2866 Ἐν
581 2805 895 2884 ἀγαλλιάσει
923 2812 1022 2874 τῆς
1055 2806 1277 2887 χάριτός
1312 2829 1403 2863 σο.)
1440 2806 1597 2882 ψαλῶ

1695 2812 1739 2881 ).
2075 2810 2138 2871 2.
2175 2808 2239 2870 In
2265 2808 2658 2871 exsultatione
2685 2811 2887 2889 gratim
2918 2820 3032 2872 tum
3055 2811 3319 2893 psallam.

353 2896 411 2960 3.
442 2894 599 2955 Ἐλθὲ
639 2896 698 2951 ἐν
736 2903 806 2973 τῇ
836 2894 1039 2969 διανοίᾳ
1070 2918 1194 2977 μου,
1220 2899 1247 2952 ὁ
1281 2898 1408 2960 Θεός
1441 2896 1546 2978 (5).

1532 2945 1546 2959 .
2074 2900 2134 2961 3.
2164 2897 2397 2960 Veniin
2435 2906 2694 2961 mentem
2719 2917 2938 2982 meam,
2975 2903 3155 2964 Deus.

350 2985 410 3046 4.
447 2983 551 3047 Καὶ
595 2983 896 3044 διανίστασο
931 2986 1010 3062 (6)
1051 2988 1112 3042 τὸ
1156 2992 1364 3062 πνεῦμα
1412 3008 1513 3061 μου
1556 2989 1647 3042 σὺν
1679 2987 1746 3063 τῇ
1791 2984 1912 3042 δια-

2074 2989 2132 3051 4.
2173 2988 2244 3050 Et
2264 3006 2531 3070 assurge,
2564 2989 2814 3070 spiritus
2845 3008 3013 3053 meus
3038 3009 3175 3053 cum
3210 3001 3413 3054 mente
3446 3011 3600 3058 mea.

269 3077 389 3148 νοίᾳ
417 3097 539 3151 μου.

355 3164 418 3227 5.
449 3163 630 3224 ’Ὅταν
687 3166 925 3245 φωτίσῃς
959 3186 1025 3240 με
1083 3163 1168 3222 διὰ
1211 3170 1311 3233 τῆς
1360 3166 1589 3246 χάριτός
1638 3189 1753 3243 σου,
1789 3166 1910 3225 τότε

2078 3171 2136 3231 5.
2172 3170 2317 3231 Cum
2346 3167 2711 3231 illuminabis
2746 3187 2842 3230 me
2873 3171 3062 3249 gratia
3095 3177 3211 3246 tua,
3249 3179 3392 3232 tunc
3418 3190 3633 3234 exsur—

274 3253 623 3351 ἑξερθτςσομαι
789 3259 859 3331 τῇ
874 3253 1083 3351 καρδίᾳ.
1172 3342 1248 3351 ..Δ

1929 3296 1975 3351 ε
1997 3275 2130 3338 gem
2163 3256 2394 3351 corde._
2590 3346 2601 3351 _
2843 3345 2882 3351 __
2924 3307 2936 3318 .

354 3346 412 3406 ὃ.
448 3344 771 3418 Ἀνυμνήσω
791 3365 849 3401 σε
872 3344 927 3400 ἐν
957 3343 1138 3421 λαοῖς,
1172 3342 1353 3425 Κύριε.
1936 3342 1974 3351 Ψ

1936 3342 1974 3351 Ψ
2079 3351 2139 3408 6.
2174 3344 2454 3407 Laudabo
2489 3355 2545 3407 te
2587 3346 2649 3407 in
2684 3345 2940 3426 populis,
2980 3346 3255 3409 Domine.

350 3440 413 3502 7.
442 3437 656 3503 Δοξάσω
684 3459 743 3494 σε
767 3437 821 3493 ἐν
853 3451 968 3504 τοῖς
1000 3437 1221 3496 ἔθνεσιν.

2084 3438 2139 3495 ’7.
2177 3433 2533 3498 Gloriﬁcabo
2566 3442 2626 3497 te
2656 3436 2716 3495 in
2738 3435 3036 3512 gentibus.

353 3528 418 3592 8.
452 3535 752 3604 Διηγοῦμεν
773 3526 864 3604 (8)
904 3534 1088 3602 πᾶσιν,
1122 3526 1202 3583 ὅτι
1233 3527 1400 3593 πολὺς
1445 3528 1473 3585 ὁ
1499 3530 1685 3603 μισθὸς
1716 3530 1745 3586 ὁ
1775 3528 1917 3585 ἀπο-

2081 3524 2139 3586 8.
2171 3522 2562 3585 Narrabimus
2582 3524 3173 3604 omnibus,quoniam
3204 3525 3388 3587 multa
3412 3544 3644 3592 merces

280 3619 522 3694 κείμενος
544 3630 660 3681 τοῖς
690 3616 935 3694 άγαπῶσί
958 3638 1039 3679 σε,

1998 3613 2263 3695 reposita
2298 3623 2388 3675 est
2420 3614 2808 3691 diligentibus
2837 3622 2922 3675 te.

354 3712 418 3769 9.
454 3706 557 3769 Καὶ
599 3710 634 3776 ἡ
688 3707 978 3788 ἐπαγγελία
1030 3712 1137 3763 τῶν
1189 3706 1494 3784 μελλόντων
1544 3708 1756 3788 ἀγαθῶν
1815 3709 1916 3776 ἕως

2080 3703 2140 3765 9.
2175 3700 2246 3764 Ει
2276 3703 2591 3784 promissio
2622 3703 2953 3765 futurorum
2989 3706 3282 3766 bonorum
3329 3725 3514 3787 usque
3573 3707 3642 3769 ad

276 3799 385 3856 τῶν
415 3798 579 3877 ἁγίων
610 3798 690 3874 (9)
714 3797 819 3853 τῶν
851 3798 1269 3878 κεχωρισμένων
1296 3798 1356 3853 ἐκ
1384 3798 1484 3866 τῆς
1517 3799 1644 3877 γῆς.

1517 3799 1644 3877 γῆς,
2000 3800 2260 3863 sanctos,
2308 3792 2411 3872 qui
2453 3794 2707 3873 separati
2740 3802 2879 3855 sunt
2908 3803 3140 3858 aterra.

365 3889 463 3950 10,
494 3886 860 3966 Ἀναλήφθητι
906 3889 993 3944 ἐπὶ
1024 3890 1144 3953 τοὺς
1176 3888 1446 3966 οὐρανοὺς,
1473 3890 1501 3944 ὁ
1535 3890 1689 3954 Θεος.

1535 3890 1689 3954 Θεος.
2087 3882 2182 3944 10.
2216 3882 2491 3944 Ascende
2518 3900 2698 3963 super
2743 3883 2948 3957 cwlos,
2981 3886 3161 3947 Deus.

268 3982 273 3985 ’
368 3977 468 4040 11.
499 3977 606 4040 Καὶ
636 3976 727 4033 ἐπὶ
764 3978 934 4033 πάντα
961 3978 1027 4033 τὰ
1067 3978 1190 4044 ἔθνη
1232 3980 1291 4033 τὸ
1320 3978 1568 4056 κήρυγμα
1604 3978 1711 4037 τῶν
1741 3983 1894 4048 παθη.

2096 3975 2185 4035 Il.
2221 3971 2291 4033 Et
2320 3990 2500 4052 super
2526 3991 2734 4035 omnes
2762 3982 2970 4053 gentes
3018 3973 3359 4055 praedicatio
3410 3974 3643 4057 passio-

285 4068 470 4145 μάτων
498 4089 592 4123 σου
618 4064 765 4146 (10).

2004 4080 2148 4124 num
2186 4067 2443 4125 tuarum.

370 4155 462 4217 12.
498 4158 558 4216 Οἱ
599 4157 929 4220 πιστεύοντες
961 4159 1032 4220 εἰς
1077 4157 1160 4217 σέ.

1134 4200 1160 4217 ,.
2088 4153 2183 4214 12.
2221 4150 2547 4214 Credentes
2573 4152 2635 4214 in
2680 4160 2760 4215 te.

370 4244 462 4309 13.
492 4244 828 4307 Ἐπάκουσόν
850 4268 972 4324 μου,
1007 4248 1094 4303 καὶ
1127 4252 1297 4303 σῶσον
1318 4251 1386 4313 τῆ
1412 4247 1565 4327 ἶσχύῖ
1597 4269 1716 4308 σου.

2097 4243 2186 4305 l3.
2223 4240 2449 4304 Exaudi
2500 4259 2617 4317 me,
2651 4248 2711 4304 et
2750 4242 2906 4305 salva
2937 4242 3287 4306 fortitudine
3320 4251 3437 4306 tua.

366 4337 464 4397 14.
489 4339 687 4393 Λοιπὸν
730 4338 757 4393 ὁ
788 4338 919 4403 Θεὸς
958 4335 1129 4416 Λόγος
1160 4336 1497 4417 ἀποκρίνεται
1526 4334 1610 4392 διὰ
1633 4341 1723 4394 τόῦ
1754 4345 1922 4419 χοροῦ

2087 4340 2111 4392 4
2129 4332 2186 4393 «1.
2220 4331 2448 4393 Deinde
2465 4332 2885 4394 DeusVerbum
2909 4334 3233 4414 respondet
3268 4351 3376 4413 per
3397 4334 3644 4395 chorum

282 4427 389 4485 τῶν
410 4433 722 4507 προφητῶν*

2004 4421 2430 4502 prophetarum
2464 4443 2475 4485 :

369 4517 465 4579 15.
520 4516 699 4575 ’Ὅταν
760 4519 1073 4598 σταυρωθιῖἱ³
1116 4520 1238 4573 τότε
1274 4517 1476 4579 πάντας
1526 4518 1648 4581 τοὺς
1699 4518 1985 4591 πιστοὺςο

2086 4511 2183 4571 15.
2219 4512 2364 4574 Cum
2411 4511 2732 4574 cruciﬁxus
2771 4510 2963 4585 fuero,
3009 4518 3148 4572 tunc
3189 4512 3640 4574 omneslideles

285 4607 489 4665 ἑλκύσω
543 4606 673 4686 πρὸς
734 4606 987 4683 ἐμαυτὸν.
1055 4607 1251 4677 Σίκιμα
1307 4606 1408 4685 γὰρ
1480 4605 1826 4683 ἑρμηνεύεται
1883 4606 1911 4673 ἡ

2021 4601 2230 4662 rallam
2256 4602 2327 4663 ad
2366 4620 2459 4663 me
2485 4601 2703 4680 ipsum.
2732 4599 3007 4662 Sic/rima
3030 4600 3189 4660 enim
3224 4600 3647 4680 interpretatur

270 4694 659 4767 ἀναϐαίνουσα,
692 4701 959 4754 τουτέστιν
979 4699 1016 4765 ἡ
1059 4696 1113 4767 ἐξ
1141 4699 1303 4753 ὲθνῶν
1331 4693 1657 4761 Ἐκκλησὶαο
1683 4694 1717 4762 ἢ
1759 4694 1896 4751 πάλιε

2022 4691 2471 4771 tscendens,hoc
2492 4698 2583 4751 est
2614 4687 2875 4749 Ecclesia
2904 4706 2973 4751 ex
3001 4689 3276 4767 gentibus
3307 4698 3444 4764 ;aut
3474 4690 3648 4752 aliter

284 4790 320 4856 ἡ
351 4790 583 4844 ποθοῦσα
612 4786 768 4866 ψυχὴ
787 4792 878 4842 τὸν
922 4784 1139 4865 Κόριον³
1168 4786 1384 4865 χωρίζει
1431 4784 1531 4862 γὰρ
1573 4782 1696 4860 (11)
1744 4786 1807 4840 ὶκ
1836 4790 1910 4839 τοῐ

2024 4781 2205 4841 mima
2259 4779 2608 4842 desiderans
2678 4777 3019 4858 Dominum,
3074 4779 3302 4839 secedit
3343 4780 3503 4841 enim
3574 4779 3650 4842 de

287 4879 513 4954 κόσμου’
549 4876 586 4946 ἢ
642 4875 801 4933 πάλιν
852 4876 993 4933 ἔστιν
1043 4874 1220 4939 ἄλλως
1274 4873 1536 4954 θεωρῆσαι
1588 4875 1675 4930 τὸν
1734 4870 1913 4947 Κύριοι

2023 4869 2270 4941 mundo;
2305 4878 2405 4931 aut
2433 4869 2647 4930 iterum
2676 4866 2790 4928 alio
2816 4866 2992 4927 modo
3013 4866 3334 4945 allegorice
3360 4866 3649 4947 explicari

286 4966 536 5048 λᾶγόντα,
597 4964 679 5023 ὅτι
736 4963 916 5023 ’Ὅταν
975 4966 1407 5044 σταδρωθῶγτὰ
1462 4963 1773 5044 χαρίσματὰ
1827 4985 1912 5037 μοι

2020 4959 2137 5022 haec
2164 4966 2413 5041 possunt
2438 4958 2513 5019 de
2533 4956 2796 5048 Domino
2828 4955 3064 5048 dicente
3091 4977 3104 5019 :
3133 4956 3285 5048 llum
3322 4956 3646 5020 cruciﬁxus

288 5045 576 5136 διαμερίσω
604 5055 723 5121 τοῖς
768 5055 1103 5113 πιστεύουσιν
1147 5055 1220 5119 εἷς
1244 5054 1365 5131 ἐμέ.

2012 5050 2202 5131 fuero,
2229 5049 2491 5111 dividam
2512 5046 2671 5109 dona
2714 5063 2846 5108 mea
2877 5045 3265 5108 credentibus
3294 5048 3354 5109 in
3384 5065 3505 5110 me.

1266 5289 1277 5297 ,
1301 5222 1600 5290 Addenda
1628 5225 1693 5289 et
1720 5222 2094 5304 corrigenda
2121 5235 2199 5286 ex
2228 5218 2367 5283 cod.
2405 5218 2602 5282 Vatic.

370 5383 449 5457 (1)
486 5387 549 5448 Ὀ
581 5386 665 5446 διὰ
695 5386 795 5455 τῆς
826 5383 1185 5469 κινναϐάρεως
1222 5380 1477 5467 περιέχει.
2093 5385 2173 5469 (ἶ)
2207 5380 2670 5469 Ἐξεγερθῆσομαι.

376 5473 463 5548 (2)
482 5477 614 5527 Θεοῦ
643 5470 881 5549 εἴρηται.
1055 5463 1065 5469 ’
1266 5463 1295 5537 η’
1370 5463 1406 5467 Π
2091 5464 2173 5549 (β)
2206 5463 2593 5549 ῥιηγούμενος.

369 5542 455 5629 (3)
484 5542 755 5616 Δέξασθαι.
1126 5562 1127 5565 κ
1270 5562 1277 5563 ί
2091 5542 2173 5629 (9)
2206 5542 2394 5629 mp...
2428 5563 2543 5629 .3...

397 5623 455 5705 4)
475 5629 647 5688 Ψαλῶ
676 5647 797 5691 non
818 5628 1054 5708 legitur.

1020 5645 1054 5690 ι,
2094 5624 2224 5708 (10)
2244 5623 2505 5708 μαθητῶν
2534 5645 2646 5681 σου.

397 5633 455 5705 4)
475 5633 647 5688 Ψαλῶ
676 5647 797 5691 non
818 5633 1054 5708 legitur.
2094 5633 2218 5701 (10)
2244 5633 2505 5690 Μαθητων
2534 5645 2647 5681 σου.

367 5633 457 5870 Ξῦ)
488 5708 692 5789 Καρδιᾳ
721 5733 848 5784 μου,
893 5712 921 5766 ὁ
955 5711 1083 5772 Θεός
1116 5732 1237 5785 μου.
2068 5704 2345 5788 (ΗΥΓὰρ
2370 5705 2557 5773 αὑτήν.
2710 5718 2713 5721 ‘

398 5790 459 5869 ὃ)
493 5793 867 5861 Διιναστήσωο
1114 5838 1115 5841 η

398 5790 459 5869 ὃ)
493 5793 867 5861 Διιναστήσωο
1114 5838 1115 5841 η
