4118 6208
242 296 382 360 1141
1114 300 1211 362 DE
1256 300 1570 362 TITULIS
1615 297 2102 366 PSALMORUM.
2179 341 2223 348 —
2273 305 2482 370 PSAL.
2531 310 2744 374 CVIII.
3465 309 3618 374 1.142

306 438 415 496 51.
447 437 548 494 Καὶ
606 434 924 510 κατεδίωξεν
997 435 1272 517 ἄνθρωπον
1324 436 1534 505 πένητα
1595 438 1683 494 καὶ
1731 451 1932 494 πτω-ιε

2049 436 2254 501 31.Ει
2311 449 2658 522 persecutus
2717 451 2806 505 est
2883 441 3187 504 hominem
3251 441 3497 525 inopem
3561 450 3631 506 et

227 525 298 604 χδ
323 547 377 604 ν,

1973 528 2343 604 mendicum,

322 610 423 675 32.
462 615 565 678 Kal
606 614 1060 693 κατανενυγμὲνον
1092 622 1161 685 τῆ
1191 614 1375 696 καρδίᾳ
1419 622 1510 673 τοῦ
1559 619 1884 678 θανατῶσαι.

1716 619 1884 678 λῦσαι.
2050 617 2151 680 32.
2185 619 2252 679 Et
2273 628 2696 702 compunctum
2729 620 2910 683 corde
2955 621 3342 684 mortiﬁcare.

315 702 417 766 33.
457 706 552 763 Καὶ
580 705 829 784 ἠγάπησε
873 707 1128 786 κατάραν,
1161 710 1251 764 καὶ
1297 705 1412 773 ἥξει
1447 709 1589 782 αὒτῷ
1624 726 1639 740 ⁸

2049 706 2148 771 33.
2189 711 2257 769 Et
2288 710 2499 773 dilexit
2530 710 3037 793 maledictionem,
3069 718 3126 774 et
3158 713 3357 775 veniet
3385 714 3440 774 ei
3477 736 3489 772 :

311 791 412 857 34.
447 793 552 856 Kal
572 798 666 852 οὒκ
696 794 965 864 ἠθέλησεν
1011 796 1276 877 εὐλογίαν,
1320 797 1410 854 καὶ
1461 797 1886 876 μακρ-δνθήσεται

2054 797 2151 861 34.
2187 797 2257 861 Et
2289 801 2479 863 noluit
2511 791 3031 875 benedictionem,
3054 807 3112 864 et
3139 801 3515 879 elongabitur
3544 804 3617 866 ab

231 881 328 941 ἀπ’
376 884 533 941 άῦτοῦ
546 934 560 948 ,
731 921 734 924 ~
1973 903 2043 948 eo
2055 933 2065 944 .

318 972 420 1037 35.
451 972 557 1036 Kal
593 973 873 1032 ἐνεδύσατο
917 974 1150 1054 κατάραν
1195 977 1268 1039 ὡς
1299 976 1510 1052 ἰμάτιον
1547 993 1562 1010 ⁸

2057 976 2152 1040 35.
2187 977 2256 1038 Et
2275 979 2468 1042 induit
2491 981 2974 1046 maledictionem
2997 983 3147 1046 sicut
3169 982 3617 1045 vestimentum:

320 1061 420 1152 36.
453 1062 558 1152 ξςαὶ
581 1063 821 1130 εἰσῆλθεν
866 1063 994 1121 ὡσεὶ
1036 1063 1173 1143 ὕδωρ
1230 1067 1302 1129 εἷς
1333 1069 1398 1125 τὰ
1441 1066 1643 1143 ἔγκατα
1685 1063 1844 1121 αὖτοῦ
1869 1078 1883 1094 ⁸

2054 1068 2155 1130 36.
2192 1069 2265 1130 Et
2297 1069 2538 1132 intravit
2568 1071 2726 1135 sicut
2753 1090 2910 1149 aqua
2942 1073 3000 1134 in
3033 1073 3318 1134 interiora
3341 1073 3472 1152 ejus
3507 1093 3522 1134 :

318 1151 421 1216 37.
456 1151 558 1213 Kal
603 1155 730 1210 ὡσεὶ
773 1152 952 1211 ἔλαιον
983 1154 1037 1210 ἐν
1082 1167 1200 1219 τοῖς
1233 1154 1436 1220 ὀστέοις
1469 1159 1652 1216 αὑτοῦ,

1583 1159 1652 1216 >6.
2047 1157 2148 1220 37.
2185 1156 2255 1218 Et
2285 1158 2437 1220 sicut
2469 1159 2669 1222 oleum
2701 1161 2761 1222 in
2785 1160 3019 1224 ossibus
3052 1163 3209 1241 ejus.

321 1241 422 1306 38.
454 1244 740 1312 Γενηθήτω
771 1246 911 1320 αὒτῷ
954 1245 1031 1333 ὡς,
1057 1244 1266 1320 ἱμάτιον
1298 1246 1325 1301 ὃ
1370 1241 1746 1320 περιϐάλλεται
1783 1259 1797 1273 °

2049 1247 2149 1310 38.
2183 1247 2312 1309 Fiat
2357 1248 2411 1309 ei
2462 1249 2618 1311 sicut
2673 1251 3093 1313 vestimentum
3145 1271 3264 1333 quo
3297 1252 3616 1333 operitur:

322 1329 424 1396 39.
455 1333 560 1392 Kal
589 1334 715 1390 ὡσεὶ
744 1333 888 1404 ζώνη
920 1333 987 1402 ἢν
1016 1332 1303 1399 διαπαντὸς
1329 1333 1732 1413 περιζώννυται.

2051 1334 2148 1399 39.
2183 1335 2256 1398 Ει
2284 1339 2437 1399 sicut
2459 1357 2607 1400 zona
2637 1358 2752 1420 qua
2772 1359 3013 1422 semper
3042 1329 3450 1422 pracingitur.

318 1422 422 1483 40.
459 1429 624 1481 Τοῦτο
673 1425 734 1480 τὸ
789 1422 940 1503 ἔργον
984 1428 1088 1481 τῶν
1131 1422 1585 1481 ἓνδιαϐαλλόντων
1627 1445 1693 1500 με
1743 1423 1886 1503 παρὰ

2055 1428 2154 1489 40.
2190 1425 2314 1490 Hoc
2343 1447 2493 1510 opus
2524 1447 2758 1508 eorum,
2801 1431 2903 1512 qui
2933 1430 3254 1494 detrahunt
3286 1432 3432 1494 mihi
3463 1432 3619 1514 apud

241 1513 451 1593 Κυρίου,

1971 1513 2317 1596 Dominum,

320 1603 423 1664 41.
459 1605 556 1662 Καὶ
600 1609 706 1662 τῶν
761 1602 1066 1661 λαλούντων
1124 1604 1335 1684 πονηρὰ
1375 1604 1514 1660 κατὰ
1556 1603 1654 1671 τῆς
1699 1607 1888 1684 ψυχῆς

2051 1605 2251 1671 41.Ει
2280 1607 2382 1689 qui
2437 1607 2759 1691 loquuntur
2818 1611 2970 1672 mala
3017 1610 3306 1674 adversus
3358 1611 3617 1676 animam

239 1716 374 1768 μου.

1974 1714 2190 1760 meam.

326 1780 426 1845 42,
469 1782 570 1841 Καὶ
599 1783 684 1856 σὺ,
721 1783 876 1862 Κύριε
906 1781 1095 1860 Κύριε,
1127 1782 1353 1850 ποίησον
1395 1782 1515 1858 μετ’
1543 1782 1676 1859 ἐμοῦ
1703 1781 1888 1864 [ἕλεος]
1914 1812 1950 1863 Β

2049 1785 2150 1847 4‘2.
2186 1784 2257 1848 Et
2284 1796 2370 1862 tu,
2397 1785 2651 1849 Domine
2680 1787 2956 1864 Domine,
2991 1789 3080 1853 fac
3106 1809 3335 1853 mecum
3365 1791 3615 1870 [miseri-

243 1871 424 1929 ἕνεκεν
454 1880 546 1929 τοῦ
576 1871 838 1948 ὀνόματός
872 1894 968 1929 σου
1002 1888 1016 1902 ⁸

1973 1876 2257 1954 cordiam]
2294 1885 2535 1957 propter
2565 1897 2783 1940 nomen
2819 1886 2983 1940 tuum
3021 1899 3033 1940 :

333 1961 428 2024 43.
469 1958 602 2052 ξὈτι
645 1964 886 2043 χρηστὸν
926 1963 987 2018 τὸ
1029 1960 1180 2026 ἔλεός
1208 1983 1301 2018 σου
1348 1959 1586 2040 [Κύριε].

2055 1966 2156 2028 45.
2190 1964 2338 2038 Quia
2364 1966 2559 2028 suavis
2582 1967 2994 2030 misericordia
3027 1977 3127 2030 tua
3149 1969 3461 2052 [Domine]

334 2052 436 2115 44.
472 2051 649 2110 Ῥὖσαί
701 2074 793 2128 με,
847 2053 927 2110 ὅτι
973 2054 1196 2133 πτωχὸς
1239 2053 1325 2108 καὶ
1369 2052 1537 2120 πένης
1582 2055 1689 2128 εἰμὶ
1732 2053 1840 2132 ἐγώ
1875 2072 1888 2088 ⁸

2057 2056 2156 2117 44.
2193 2054 2403 2118 Libera
2433 2075 2526 2118 me
2557 2056 2697 2137 quia
2725 2075 2954 2138 egenus
2981 2067 3038 2120 et
3061 2077 3286 2140 pauper
3317 2078 3424 2140 ego
3455 2079 3613 2123 sum:

330 2142 434 2204 45.
471 2143 634 2210 Καὶὴ
669 2141 851 2222 καρδία
896 2162 994 2217 μου
1037 2143 1356 2221 τετάρακται
1399 2143 1545 2206 ἐντός
1591 2167 1692 2220 μου

2059 2147 2161 2210 45.
2197 2147 2270 2208 Ει
2299 2164 2402 2208 cor
2435 2165 2631 2208 meum
2664 2147 3078 2210 conturbatum
3105 2161 3195 2212 est
3225 2151 3379 2212 intra
3411 2169 3527 2212 me.

335 2233 437 2295 46,
470 2231 618 2288 Ὠσεὶ
664 2233 787 2290 σκιὰ
816 2232 871 2289 ὲν
902 2239 977 2306 τῷ
1004 2231 1250 2290 ἒκκλϊναι
1287 2232 1478 2314 αὐτὴν,
1505 2231 1887 2312 ἀντανῃρέθηνσ

2055 2237 2156 2297 46.
2189 2238 2354 2299 Sicut
2385 2235 2596 2298 umbra
2631 2255 2766 2300 cum
2790 2238 3070 2314 declinat,
3104 2240 3333 2304 ablatus
3363 2259 3495 2302 sum
3531 2263 3545 2303 :

336 2320 434 2386 47.
477 2321 848 2405 Ἐξετινάχθην
891 2324 1017 2381 ὡσεὶ
1047 2322 1274 2404 ἀκρίδες.

2056 2329 2156 2388 47.
2191 2326 2262 2388 Et
2289 2345 2573 2389 excussus
2601 2345 2734 2392 sum
2766 2328 2920 2390 sicut
2949 2328 3213 2395 locustae.

1371 2480 1787 2548 ATHANASII
1826 2484 2467 2553 INTERPRETATIO.

337 2644 436 2708 31.
464 2644 567 2708 Kal
596 2643 876 2710 κατεδιωξε
905 2645 998 2701 τὸν
1027 2644 1283 2704 πλούσιον
1314 2649 1404 2704 τὸν
1449 2643 1516 2702 δι’
1560 2647 1704 2724 ἡμᾶς
1750 2669 1896 2704 πτω-

2059 2648 2160 2713 31.
2190 2651 2266 2713 Et
2295 2658 2644 2730 persecutus
2673 2656 2766 2714 est
2793 2649 3035 2714 divitem
3080 2660 3323 2734 propter
3359 2671 3469 2716 nos
3486 2671 3621 2734 pau-

251 2737 525 2816 χεύσαντα
536 2786 550 2800 .

1977 2756 2180 2820 perem
2213 2740 2454 2803 factum.

338 2824 436 2890 39.
469 2829 571 2884 Τὺν
613 2827 781 2907 πρᾷον
809 2827 879 2903 τῇ
924 2824 1129 2904 καρδίᾳ.

1006 2824 1129 2899 ›δίᾳ.
2063 2827 2164 2892 32.
2190 2831 2392 2892 Mitem
2426 2829 2632 2891 corde.

335 2912 434 2977 33.
475 2918 572 2974 Kal
612 2918 649 2983 ἢ
695 2917 880 2993 ἀγάπη
924 2915 1003 2996 (1)
1037 2915 1285 2996 θανάτον,
1315 2918 1405 2973 καὶ
1446 2914 1558 2985 ἥξει
1604 2917 1808 2982 αὐτοῖς.

1608 2917 1808 2982 αὐτοῖς.
2060 2919 2161 2983 33.
2186 2919 2258 2983 Et
2288 2919 2497 2981 dilexit
2527 2927 2803 3000 mortem,
2839 2928 2900 2984 et
2929 2919 3126 2984 veniet
3157 2922 3234 2983 ei.

335 3004 434 3070 34.
471 3009 569 3065 Καὶ
613 3007 708 3064 οὒκ
749 3007 980 3075 ἠθέλησε
1023 3006 1125 3074 τὴν
1167 3005 1378 3063 αἰώνιον
1421 3007 1588 3088 ζωὴ),
1625 3010 1710 3066 καὶ
1753 3010 1953 3075 ἀπο-ο

2059 3011 2155 3073 34.
2190 3009 2261 3073 Et
2295 3010 2482 3072 noluit
2509 3009 2683 3071 vitam
2718 3017 3026 3088 aeternam,
3074 3020 3126 3074 et
3164 3011 3355 3075 aberit
3410 3011 3483 3074 ab
3518 3031 3613 3076 eo.

253 3097 512 3166 στήσεται
543 3096 636 3153 ἀπ’
681 3096 861 3156 αὐτοῦ.

336 3185 438 3248 35.
472 3187 571 3244 Τὸν
615 3187 836 3244 θάνατον
881 3188 954 3249 ὣς
998 3186 1238 3260 ἱμάτιον.

2064 3190 2166 3254 35.
2205 3190 2457 3252 Mortem
2492 3197 2558 3249 ut
2588 3188 3029 3253 vestimentum.

349 3274 446 3335 36.
482 3277 696 3353 Πρηνὴς
754 3277 854 3354 γὰρ
926 3276 1212 3354 γενόμενος
1267 3273 1498 3342 ἐλάκησε
1570 3275 1756 3352 μέσος,
1811 3275 1900 3331 καὶ

2064 3281 2161 3345 36.
2196 3279 2280 3342 Et
2324 3295 2651 3358 suspensus
2709 3279 2947 3357 crepuit
2999 3278 3256 3354 medius,
3306 3286 3364 3342 et
3395 3280 3624 3361 diffusa

253 3363 483 3445 ἱξεχύθη
527 3366 701 3422 πάντα
747 3366 813 3422 τὰ
845 3363 1136 3444 σπλάγχνα
1179 3365 1356 3422 who-3.

1261 3371 1356 3422 τοῦ.
1983 3380 2129 3434 sunt
2151 3371 2362 3432 omnia
2392 3373 2621 3430 viscera
2654 3369 2786 3444 ejus
2815 3364 2887 3426 ω.

345 3453 445 3517 37.
480 3455 774 3535 Περιεχύθη
805 3456 832 3510 ὁ
861 3454 1085 3518 θάνατος
1131 3453 1185 3509 ἐν
1233 3466 1351 3516 τοῖς
1386 3452 1603 3528 μέλεσιν
1638 3457 1817 3515 αὐτοῦ.

2067 3461 2166 3522 37.
2204 3456 2661 3521 Circumditl‘usa
2691 3464 2780 3517 est
2836 3475 3000 3519 mors
3047 3457 3109 3517 in
3151 3457 3439 3520 membris
3469 3459 3621 3539 ejus.

343 3545 442 3609 38.
479 3543 673 3604 ’Ἔστω
717 3545 833 3619 μετ’
883 3545 1042 3602 αὗτοῦ
1085 3541 1166 3601 διὰ
1210 3545 1410 3606 παντὸς
1460 3546 1495 3612 ἡ
1538 3546 1616 3622 (2)
1675 3545 1904 3623 ἁμαρτία

2069 3551 2165 3614 38.
2200 3547 2287 3613 Sit
2312 3565 2446 3610 cum
2480 3546 2610 3626 ipso
2641 3564 2881 3628 semper
2906 3552 3212 3626 peccatum
3245 3546 3626 3611 circumdans

260 3633 729 3714 περιπτυσσομένη
763 3634 888 3694 αὐτό
900 3657 945 3694 ν.
1735 3649 1741 3654 ⁷
1987 3660 2148 3705 eum.

347 3725 445 3791 39.
483 3729 832 3807 Περισφίγγου
863 3725 939 3802 (3)
973 3725 1130 3782 αὺτὸν
1160 3724 1263 3786 ἀεί.

2070 3730 2168 3794 39.
2203 3728 2559 3807 Coangustet
2587 3742 2725 3787 eum
2764 3742 3025 3806 semper.

343 3817 450 3880 40.
481 3822 646 3874 Τοῦτο
674 3815 905 3894 γενέσθω
953 3815 1040 3871 ἐπὶ
1082 3815 1175 3870 τὸν
1222 3811 1463 3873 διάϐολον
1505 3813 1593 3869 καὶ
1635 3814 1754 3877 τοὺς
1801 3813 1905 3892 ἆγ-

2071 3821 2170 3883 40.
2205 3820 2330 3882 Hoc
2355 3819 2456 3880 ﬁat
2503 3827 2711 3878 contra
2740 3813 3042 3876 diabolum
3095 3823 3152 3877 et
3202 3817 3445 3894 angelos
3477 3820 3628 3899 ejus.

261 3906 448 3986 γέλους
480 3907 660 3966 αὐτοῦ.

344 3996 446 4058 Li.
476 3993 580 4057 Καὶ
625 3994 821 4075 [κατὰ]
867 3999 973 4050 τῶν
1004 3992 1251 4050 ἐναντίων
1283 3990 1580 4068 δυνάμεων,
1619 4000 1726 4050 τῶν
1761 4015 1904 4068 συμ-

2070 4002 2164 4064 41.
2231 4000 2303 4062 Et
2349 3995 2599 4081 [contra]
2653 3992 3020 4056 adversarias
3093 4004 3434 4073 potestates,
3494 4015 3625 4074 quas

261 4085 657 4160 ϐουλευομένων
688 4083 973 4141 ἀπολέσθαι
1009 4081 1086 4162 l4)
1121 4083 1219 4151 τὴν
1248 4084 1434 4162 ψυχήν
1467 4106 1592 4159 μου.

1988 4092 2201 4154 ineunt
2231 4086 2500 4159 consilia,
2535 4095 2598 4148 ut
2631 4084 2884 4166 perdant
2914 4083 3171 4146 animam
3207 4104 3421 4150 meam.

343 4175 446 4237 42.
479 4175 584 4238 Καὶ
632 4175 717 4248 σὺ,
758 4175 912 4248 Κύριε
945 4173 1123 4250 Κύριε,
1187 4171 1266 4228 ὅτι
1300 4173 1360 4228 τὸ
1390 4172 1560 4248 ὄνομά
1591 4195 1682 4229 σου
1713 4172 1906 4252 φιλάν-

2068 4181 2165 4243 42.
2199 4181 2272 4242 Et
2305 4188 2384 4252 tu,
2442 4175 2694 4239 Domine
2744 4172 3022 4248 Domine,
3076 4175 3353 4255 quoniam
3413 4196 3633 4240 nomen

262 4270 471 4345 θρωπον
533 4264 747 4344 λέγεται
787 4265 876 4320 καὶ
932 4264 1098 4336 ἔστὶν,
1161 4261 1329 4325 οὕτως
1381 4264 1471 4318 καὶ
1516 4263 1737 4330 ποίησον
1789 4285 1887 4339 μετ

2008 4289 2155 4332 ;uum
2190 4268 2511 4348 benignum
2545 4264 2784 4340 dicitur,
2820 4271 2878 4326 et
2912 4273 3023 4340 est,
3061 4265 3141 4326 ita
3173 4270 3352 4329 etiam
3389 4267 3476 4328 fac
3503 4285 3634 4330 me-

265 4355 397 4424 ἰμοῦ
427 4371 445 4390 ⁶

1992 4380 2126 4424 cum
2167 4379 2178 4423 Σ

293 4379 448 4506 E“2g.
483 4443 616 4501 ’Ὅτι
649 4444 844 4519 ἀγαθὸν
873 4443 936 4499 τὸ
967 4440 1114 4507 ἔλεός
1143 4462 1262 4503 σου,

1992 4380 2126 4424 cum
2167 4379 2179 4423 :

2075 4451 2172 4514 43.
2210 4449 2499 4522 Quoniam
2532 4446 2690 4509 bona
2722 4443 3140 4506 misericordia
3165 4455 3285 4508 tua.

350 4532 450 4597 44⁸
486 4531 662 4592 Ῥδσαί
693 4554 783 4608 με,
834 4530 915 4588 ὅτι
953 4532 1176 4611 πτωχός
1222 4532 1358 4607 εἶμι,
1406 4531 1493 4587 καὶ
1536 4530 1705 4598 πένης
1762 4532 1815 4587 ἐν
1853 4539 1915 4610 τῇ

2075 4543 2174 4604 4t.
2211 4540 2422 4603 Libera
2453 4555 2570 4614 me,
2625 4533 2906 4616 quoniam
2963 4534 3274 4597 mendicus
3321 4543 3378 4596 et
3412 4554 3637 4617 pauper

268 4625 422 4704 ἰσχύϊ
465 4627 565 4689 τῆς
598 4626 790 4702 ψοχῆς
835 4643 960 4696 μου,

2001 4649 2128 4693 sum
2157 4632 2215 4692 in
2263 4626 2612 4692 fortitudine
2643 4623 2858 4685 anima:
2890 4640 3059 4684 mere.

352 4711 454 4773 45.
493 4713 588 4769 Καὶ
637 4723 666 4779 ἢ
697 4709 880 4790 καρδία
912 4725 1012 4786 μ>υ
1058 4709 1112 4765 ἐν
1142 4710 1309 4788 ἀγῶνι
1342 4709 1530 4784 πολλῷ
1561 4711 1913 4779 καθέστηκενο

1883 4729 1913 4763 ’⁸
2085 4723 2179 4784 45.
2219 4721 2282 4780 Et
2314 4737 2418 4781 cor
2449 4733 2647 4778 meum
2680 4715 2740 4774 in
2767 4729 2957 4792 agone
2991 4714 3172 4773 multo
3196 4713 3462 4776 constitit
3497 4732 3509 4776 :

350 4801 430 4863 46
488 4801 886 4868 Ἀσθενησάσης
938 4800 1100 4868 αὐτῆς
1171 4803 1258 4857 καὶ
1316 4801 1636 4866 ἒκκλινάσης
1697 4802 1918 4878 ΓΑοθε-

2082 4811 2180 4873 46.
2214 4808 2410 4890 Ipsum
2469 4815 2665 4868 autem
2723 4802 3110 4876 inﬁrmatum,
3145 4811 3203 4864 et
3232 4803 3541 4884 delapsum
3573 4804 3635 4866 in

271 4892 509 4963 νήσασαν
558 4891 723 4958 αὐτὴν
779 4891 868 4947 καὶ
929 4886 1264 4971 ἐκκλίνασαν]
1329 4892 1402 4954 εἰς
1475 4891 1731 4969 ἁμαρτίαν
1787 4889 1897 4948 ἐθα-

1255 4886 1264 4971 Ι
1329 4892 1402 4954 εἷς
1475 4891 1731 4969 ἁμαρτίαθ
1787 4889 1918 4948 ἐθα-
2003 4886 2313 4981 peccatum
2362 4897 2536 4960 morti
2567 4892 2881 4957 tradidisti.

269 4981 514 5044 νάτωσας
559 4985 667 5057 (5).

351 5069 453 5132 47.
492 5069 817 5151 Κατερῤίφην
885 5069 992 5126 ἀπὸ
1055 5073 1161 5125 τῶν
1209 5067 1398 5148 ἀερίων
1445 5069 1758 5145 πνευμάτων
1811 5076 1918 5126 τῶν

2079 5079 2154 5140 4³1
2217 5077 2524 5157 Projectos
2550 5091 2680 5135 sum
2713 5072 2788 5135 ab
2818 5071 2998 5136 aeriis
3047 5071 3374 5137 immundis
3402 5071 3637 5156 spiriti-

268 5159 586 5238 ἆκαθάρτον.

507 5179 586 5219 ον.
2001 5163 2133 5230 bus.

350 5314 404 5362 ⁸ο
434 5320 568 5384 Act.
600 5337 643 5390 ι.
679 5319 776 5382 18.

1307 5399 1609 5464 Addenda
1637 5405 1703 5466 et
1729 5404 2105 5487 corrigenda
2134 5427 2210 5474 ex
2243 5407 2381 5472 cod.
2417 5405 2618 5472 Vatic.

387 5563 448 5654 1)
478 5559 814 5654 ἶὲγέπησενο
849 5570 995 5644 θιοον
1027 5563 1192 5639 αὑτῷ·
2084 5574 2173 5654 (4)
2209 5567 2520 5654 Ἀπολέσαεο

387 5565 408 5625 1
478 5563 814 5641 Ἠγάπησιν,
849 5570 995 5644 θιο.,
1027 5563 1192 5639 αὐτῷ,
2084 5574 2173 5654 (4)
2209 5567 2520 5631 Ἀπολὲσαι,

353 5563 449 5805 ΞΩ)
482 5640 548 5700 Ἦ
581 5642 763 5706 deest.
2085 5654 2167 5734 (5)
2199 5657 2282 5716 Εἷς
2327 5651 2426 5716 τὴν
2471 5648 2729 5726 ἁμαρτίαν
2761 5648 3098 5717 ὶθανατώθη.

390 5727 446 5796 3)
480 5719 585 5786 Καὶ
607 5727 1050 5804 περισπίγγουσα,
1089 5731 1204 5787 etc.

390 5719 446 5796 3)
480 5719 585 5786 Καὶ
607 5727 1050 5804 περισπίγγουσα,
1089 5731 1204 5787 etc.
