4136 6216
460 391 462 394 ,
509 315 685 382 1143-
1324 320 1386 383 s.
1433 320 1858 385 ATHANASII
1901 319 2066 385 OPP.

2223 316 2305 379 BS
2346 316 2458 380 III.
2503 347 2582 362 —
2625 315 3084 380 EXEGETICA.
3726 314 3856 378 1144

531 464 534 467 ·
585 451 687 514 48.
716 449 930 514 Genua
973 469 1106 515 mea
1137 451 1435 515 infirmata
1464 462 1656 516 sunta
1677 454 1909 535 jejunio
1941 471 1954 516 :

2171 461 2206 508 Α
2309 449 2409 514 48.
2447 451 2522 510 Τὰ
2555 451 2762 530 γόνατά
2791 473 2894 525 μου
2937 449 3230 516 ἠσθένησαν
3279 448 3386 504 ἀπὸ
3417 450 3658 515 νηστείας
3700 467 3712 480 ·

584 541 687 604 49.
722 543 799 603 Et
831 559 970 604 caro
1006 560 1136 604 mea
1167 543 1474 604 immutata
1505 552 1591 605 est
1654 552 1898 625 propter
1928 545 2150 607 oleum.

1946 545 2150 607 ileum.
2315 541 2416 605 49.
2454 544 2553 600 Καὶ
2601 544 2632 610 ἧ
2667 539 2801 619 σάρξ
2835 563 2937 616 μου
2976 538 3251 608 ἠλλοιώθη
3282 536 3352 593 δι’
3383 537 3579 600 ἔλαιον,

585 630 688 694 50.
719 628 790 692 Ει
820 648 929 708 ego
964 630 1151 693 factus
1175 650 1304 693 sum
1334 632 1723 712 opprobrium
1759 633 1874 694 illis
1910 651 1923 695 :

1808 633 1874 694 Iis
1910 651 1923 695 ε
2316 630 2417 692 50.
2455 632 2617 710 Κάγὼ
2649 629 2915 709 ἐγενήθην
2962 627 3159 692 ὄνειδος
3201 627 3390 693 αὐτοῖς
3428 648 3441 665 ·

584 721 684 784 51.
710 719 1010 783 Viderunt
1044 739 1136 782 me
1167 729 1226 782 et
1248 731 1560 784 moverunt
1591 723 1787 803 capita
1817 741 1952 784 sua.

2311 723 2413 785 51,
2444 719 2670 778 Εἴδοσάν
2692 743 2783 801 με,
2815 719 3101 778 ἐσάλευσαν
3132 717 3367 799 κεφαλὰς
3397 718 3597 783 αὐτῶν,

584 811 685 872 52.
721 808 954 889 Adjuva
991 827 1108 883 me,
1156 809 1409 871 Domine
1443 812 1598 872 Deus
1628 829 1798 872 meus
1832 829 1845 872 :

2323 814 2423 874 52.
2457 811 2734 882 Βοήθησόν
2779 833 2896 891 μοι,
2946 810 3098 888 Κύριε
3142 811 3170 866 ὂ
3205 808 3334 873 Θεός
3380 831 3482 883 μου
3518 825 3531 840 ’

585 900 684 962 53.
717 898 788 960 Ει
835 899 1062 962 salvum
1124 916 1218 960 me
1261 898 1352 962 fac
1403 900 1736 961 secundum
1808 901 2155 963 misericor-

1826 901 2155 963 nisericor-
2324 900 2428 966 53.
2461 901 2558 960 Καὶ
2589 901 2763 958 σῶσόν
2792 923 2860 977 με
2895 901 3032 957 κατὰ
3071 901 3132 958 τὸ
3166 897 3314 962 ἴλεός
3345 920 3459 958 σου.

504 989 661 1051 diam
696 998 881 1051 tuam.

585 1079 686 1142 54.
721 1077 790 1140 Ει
817 1079 1008 1139 sciant
1038 1077 1180 1154 quia
1209 1095 1416 1141 manus
1457 1087 1556 1141 tua
1590 1081 1716 1142 haec
1748 1101 1760 1138 :

2323 1081 2424 1144 54.
2463 1082 2560 1138 Καὶ
2592 1081 2885 1159 γνώτωσαν
2917 1077 2995 1134 ὅτι
3026 1080 3061 1147 ἡ
3091 1077 3211 1158 χείρ
3243 1100 3337 1136 σου
3361 1078 3492 1145 αὕτη
3527 1095 3543 1114 ο

582 1171 683 1232 55.
713 1167 782 1229 Ει
805 1175 888 1242 tu,
921 1167 1192 1249 Domine,
1229 1168 1419 1230 fecisti
1447 1187 1600 1230 eam.

2322 1172 2428 1234 55.
2463 1171 2566 1228 Καὶ
2608 1171 2693 1243 σὺ,
2739 1167 2926 1250 Κύριε,
2959 1168 3215 1236 ἐποίησας
3242 1169 3428 1236 αὐτήν.

584 1259 684 1322 56.
714 1257 1079 1320 Maledicent
1109 1257 1220 1330 illi,
1256 1267 1314 1320 et
1347 1265 1407 1320 tu
1435 1257 1758 1322 benedices
1795 1281 1807 1320 :

2318 1262 2420 1323 56.
2457 1260 2861 1342 Καταράσονται
2894 1262 3065 1335 αὐτοὶ,
3090 1261 3178 1317 καὶ
3207 1262 3269 1316 σὺ
3300 1258 3609 1338 εὖλογῆσεις
3646 1279 3660 1295 ·

583 1348 683 1413 57.
709 1348 824 1422 Qui
855 1347 1173 1427 insurgunt
1201 1347 1261 1409 in
1298 1366 1394 1410 me
1422 1350 1866 1414 confundantur
1892 1374 1904 1411 ε

2319 1355 2421 1418 57.
2455 1357 2516 1414 Οἱ
2547 1355 2957 1428 ἐπανιστάμενοί
2989 1377 3079 1430 μοι
3127 1353 3566 1433 αἱσχυνθήτωσαν
3600 1369 3615 1384 ·

581 1439 682 1503 58.
719 1437 935 1500 Servus
967 1445 1166 1499 autem
1195 1447 1330 1498 tuus
1358 1439 1678 1502 laetabitur.

2321 1445 2421 1510 58.
2457 1445 2514 1505 Ὀ
2545 1444 2600 1502 δὲ
2631 1445 2816 1510 δοῦλός
2848 1469 2941 1504 σου
2965 1446 3401 1525 εὐφρανθήσεται,

583 1529 684 1593 59.
718 1527 1047 1589 Induantur
1077 1527 1178 1606 qui
1209 1527 1531 1589 detrahunt
1564 1530 1734 1610 mihi,
1770 1531 1999 1610 pudore
2028 1551 2043 1592 :

2321 1535 2422 1596 59.
2455 1532 2895 1600 Ἐνδυσέσθωσαν
2939 1537 2985 1591 οἱ
3029 1531 3462 1596 ἐνδιαϐάλλοντές
3493 1554 3560 1606 με
3594 1531 3870 1610 ἐντροπήν.

583 1620 683 1681 60.
716 1616 791 1679 Et
849 1616 1195 1697 operiantur
1253 1616 1407 1678 sicut
1467 1617 1733 1698 diploide
1808 1620 2158 1683 confusione

2320 1624 2420 1686 60.
2460 1628 2557 1684 Καὶ
2642 1623 3103 1705 περιϐαλέσθωσαν
3169 1625 3242 1685 ὡς
3301 1619 3547 1679 διπλοΐδα
3624 1623 3875 1702 αἰσχύνην

503 1725 634 1770 sua.

2243 1718 2412 1774 αὐτῶν
2424 1763 2437 1778 .

583 1796 683 1860 61.
719 1793 1060 1859 Conﬁtebor
1085 1795 1352 1858 Domino
1377 1796 1552 1858 nimis
1583 1797 1644 1858 in
1677 1815 1780 1859 ore
1813 1817 1945 1860 meo
1983 1821 1996 1862 :
2185 1822 2216 1871 ι]

2324 1803 2426 1868 61.
2463 1803 2968 1882 Ἐξομολογήσομαι
3027 1809 3104 1877 τῷ
3190 1801 3360 1879 Κυρίῳ
3444 1799 3644 1881 σφόδρα
3687 1799 3741 1856 ἐν
3809 1807 3877 1873 τῷ

2238 1895 2460 1969 στόματί
2492 1918 2593 1970 μου
2627 1909 2641 1923 ⁸

585 1975 684 2036 62.
722 1975 794 2035 Ει
824 1974 884 2034 in
910 1973 1106 2035 medio
1133 1977 1452 2036 multorum
1479 1974 1734 2038 laudabo
1769 1995 1924 2038 eum.

1853 1997 1924 2037 ιη.
2314 1981 2413 2047 62.
2454 1986 2552 2042 Καὶ
2581 1986 2637 2041 ἓν
2665 1983 2816 2059 μέσῳ
2847 1981 3062 2039 πολλῶν
3087 1981 3278 2038 αἰνέσω
3310 1982 3486 2042 αὒτόν.

581 2063 683 2128 63.
719 2063 868 2138 Quia
895 2063 1080 2126 astitit
1107 2083 1140 2126 a
1170 2065 1394 2127 dextris
1429 2066 1731 2147 pauperis,

2323 2073 2423 2137 63.
2459 2073 2591 2132 ’Ὅτι
2625 2073 2864 2152 παρέστη
2897 2071 2958 2129 ἐκ
2987 2070 3169 2138 δεξιῶν
3203 2072 3457 2149 πένητος,

583 2155 684 2216 64.
721 2155 798 2217 Ut
829 2153 1056 2215 salvam
1111 2155 1336 2218 faceret
1391 2173 1424 2215 a
1484 2156 1994 2238 persequentibus
2022 2158 2153 2221 ani-

2322 2163 2422 2227 64.
2458 2170 2560 2222 Τοῦ
2590 2169 2761 2220 σῶσαι
2793 2162 2853 2219 ἐκ
2909 2169 3015 2219 τῶν
3065 2159 3502 2219 καταδιωχόντων
3552 2160 3654 2228 τὴν
3704 2161 3877 2240 ψυχήν

505 2263 661 2308 mam
695 2261 914 2306 meam.
2241 2276 2364 2329 μου.

1652 2421 2064 2488 ATHANASII
2109 2427 2736 2496 lNTERPRETATlO.

581 2605 681 2666 48.
714 2603 1010 2667 Maceravi
1071 2620 1166 2665 me
1220 2601 1415 2681 ipsum
1465 2601 1526 2662 in
1557 2603 1809 2683 jejuniis
1863 2608 2156 2668 conlitens

2319 2609 2424 2673 48.
2458 2609 2717 2678 Ἐξέτηεα
2779 2609 3011 2687 ἐμαυτὸν
3053 2613 3108 2668 ἓν
3163 2611 3243 2691 (1)
3311 2611 3577 2680 νηστείαις
3629 2607 3878 2683 ἒξομολο-

500 2694 631 2759 tibi.
795 2710 798 2714 ·

2240 2700 2495 2778 γούμενός
2519 2724 2623 2760 σοι.

577 2787 678 2846 49.
715 2786 788 2846 Et
819 2783 973 2846 facta
1005 2792 1095 2845 est
1153 2781 1389 2864 species
1431 2799 1561 2842 mea
1593 2791 1878 2864 tanquam
1915 2785 2152 2858 mortui,

2321 2789 2422 2852 49.
2457 2788 2560 2850 Καὶ
2609 2791 2831 2869 γέγονεν
2862 2793 2896 2860 ἡ
2948 2791 3087 2850 εἰδέα
3132 2814 3232 2868 μου
3275 2794 3400 2850 ὡσεὶ
3443 2799 3654 2872 νεκροῦ,
3700 2788 3781 2846 διὰ
3829 2790 3882 2845 τὸ

497 2883 560 2936 ιιι
581 2873 1057 2935 misericordiam
1090 2891 1126 2930 a
1157 2878 1216 2935 te
1248 2887 1681 2950 consequerer.

1316 2887 1681 2950 nsequerer.
2249 2877 2537 2946 ἐλεηθῆναί
2564 2903 2631 2955 με
2661 2881 2802 2959 παρὰ
2835 2891 2949 2944 σοῦ.

577 2965 677 3026 50.
713 2962 782 3023 Ει
804 2965 982 3052 veluti
1017 2961 1345 3052 ludibrium
1382 2977 1477 3021 me
1513 2959 1754 3052 7habent
1804 2963 2168 3026 adversaria:

2331 2967 2432 3029 50.
2467 2970 2571 3032 Καὶ
2601 2971 2674 3034 ὡς
2707 2968 2902 3036 ὄνειδός
2949 2992 3014 3047 με
3064 2970 3148 3052 (ἓ)
3196 2970 3411 3052 ἔχουσιν
3456 2973 3508 3028 αἱ
3540 2969 3774 3028 ἐναντίαι
3797 2968 3882 3026 δυ-

495 3061 814 3136 potestates
841 3051 1116 3113 videntes
1155 3069 1248 3110 me
1283 3050 1343 3110 in
1368 3049 1742 3129 pmnitentia.

1618 3051 1742 3112 Ilia.
2165 3115 2201 3137 ρ
2249 3061 2434 3134 νλμεις
2466 3059 2662 3136 ὃρῶσαί
2695 3081 2762 3134 με
2796 3059 2848 3116 ἐν
2877 3067 2944 3137 τῇ
2975 3049 3251 3134 μετανοίᾳ,

563 3145 661 3208 5t.
697 3141 765 3202 Et
793 3142 1154 3221 aspicientes
1179 3115 1480 3200 minantur
1519 3141 1686 3201 mibi.
2164 3115 2196 3163 ε

2164 3115 2202 3163 C
2311 3115 2555 3210 '51.-K|a‘t
2598 3115 3012 3230 βλέποντεςὶέ)
3061 3115 3475 3226 απειγίοῦσίμιι.

569 3233 669 3296 52.
706 3230 1394 3312 lmpugnainsurgentes
1419 3229 1488 3290 in
1528 3248 1646 3292 me.

2309 3235 2407 3299 52.
2441 3238 2761 3314 Πυλέμησον
2797 3239 2916 3303 τοὺς
2942 3229 3395 3317 ἐπανισταμένους
3422 3262 3539 3316 μοι,

571 3321 670 3382 53.
709 3322 1090 3382 lmmensam.

2308 3326 2408 3388 53.
2439 3328 2527 3408 (4)
2564 3331 2636 3387 Τὸ
2668 3327 2988 3405 ἀμέτρητον.

575 3411 674 3473 54.
710 3411 785 3471 Ει
807 3417 1186 3488 cognoscant,
1233 3413 1390 3489 quod
1449 3426 1671 3471 manus
1701 3417 1796 3472 tua
1827 3420 2019 3492 potest
2053 3432 2146 3475 me

2311 3417 2408 3480 54.
2449 3419 2552 3480 Καὶ
2598 3418 2917 3499 ἐπιγνῶσιν,
2951 3418 3033 3475 ὅτι
3071 3420 3104 3487 ἡ
3136 3418 3258 3498 χείρ
3289 3441 3381 3476 σου
3423 3417 3639 3475 δύναται
3673 3419 3874 3496 βοηθῆ-

493 3500 774 3580 adjuvare
806 3509 865 3561 et
893 3499 1144 3562 salvere.

2238 3529 2344 3582 ναι,
2377 3511 2462 3563 καὶ
2493 3508 2661 3564 σῶσαί
2686 3529 2777 3583 με.

576 3594 673 3655 55.
711 3590 780 3652 Ει
824 3600 910 3666 ιιι,
964 3589 1244 3671 Domine,
1305 3590 1663 3672 prmparasti
1713 3609 1841 3651 eam
1873 3591 1932 3652 in
1983 3593 2152 3654 auxi-

2319 3597 2420 3659 55.
2453 3595 2556 3658 Καὶ
2639 3598 2723 3675 σὺ²
2803 3599 2955 3678 Κύριε
3025 3597 3132 3678 (5),
3210 3596 3531 3676 ηὗτρέπισας
3594 3599 3757 3665 αὐτὴν
3814 3599 3879 3660 εἰς

498 3681 666 3746 lium.

2239 3687 2507 3763 βοήθειαν.

577 3772 674 3835 56.
710 3771 928 3833 Volent
962 3788 1056 3832 me
1109 3769 1386 3850 perdere,
1441 3777 1504 3830 et
1563 3779 1625 3828 tu
1677 3787 1770 3830 me
1802 3769 2063 3832 servabis
2093 3772 2152 3833 in

2322 3775 2423 3839 56,
2462 3774 2768 3846 Θελήσουσι
2814 3775 3102 3834 ἀπολέσθαι
3137 3797 3226 3856 με,
3275 3777 3360 3833 καὶ
3403 3779 3464 3832 σὺ
3509 3777 3879 3856 περιποιήσεις

496 3861 747 3924 salutem
760 3911 773 3924 .

2238 3887 2304 3942 με
2338 3867 2411 3928 εἷς
2435 3866 2727 3943 σωτηρίαν,
3003 3907 3010 3913 .

581 3951 678 4015 57.
712 3949 871 4013 Nihil
898 3957 1172 4027 potentes
1204 3945 1350 4008 mihi
1383 3945 1578 4008 facere
1603 3947 1957 4012 adversaria;
1989 3961 2150 4031 pote-

2316 3955 2418 4018 57,
2453 3955 2632 4023 Μηδὲν
2677 3953 2959 4031 δυνάμενοι
3011 3957 3231 4023 ποιῆσαί
3286 3978 3373 4032 μοι
3444 3953 3501 4028 6)
3548 3957 3604 4012 αἱ
3662 3955 3880 4012 ἐναντίαι

499 4048 682 4103 states
711 4037 1176 4099 confundantur.
1363 4123 1370 4125 7

1363 4123 1370 4125 7
2238 4044 2485 4120 δυνάμεις
2518 4047 2989 4125 αἰσχυνθήτωσαν.

580 4127 680 4192 58.
719 4131 836 4206 Ego
871 4133 1091 4198 autem,
1127 4132 1184 4185 et
1213 4123 1410 4186 omnis
1447 4143 1652 4188 servus
1687 4135 1823 4187 tuus
1850 4128 2150 4190 laetabitur

2317 4133 2415 4197 58.
2455 4123 2702 4212 Ἐγὼηδὲ
2753 4135 2840 4191 καὶ
2884 4137 2987 4194 πᾶς
3044 4132 3226 4198 δοῦλός
3274 4158 3368 4192 σου
3411 4134 3876 4214 εὔφρανθηοόμεθα

502 4218 562 4279 in
591 4217 778 4296 gratia
811 4225 933 4275 tua.

2235 4223 2288 4280 ἐν
2331 4231 2400 4299 τῇ
2448 4224 2631 4303 χάριτί
2682 4245 2799 4286 σου,

582 4306 683 4370 59.
721 4303 1031 4394 Principes
1057 4303 1288 4366 mundi.

2313 4311 2414 4376 59.
2449 4315 2510 4372 Οἱ
2541 4315 2807 4394 ἄρχοντες
2855 4321 2946 4370 τοῦ
2989 4314 3190 4388 κόσμοι
3241 4313 3345 4392 (Ἰ).

581 4395 679 4460 60.
715 4393 1090 4456 AdVersarim
1114 4399 1458 4473 potestates.
2192 4477 2197 4478 7

2192 4477 2197 4478 7
2319 4403 2424 4466 60.
2458 4405 2519 4460 Αἰ
2565 4393 2794 4459 ἐναντίαι
2831 4400 3097 4478 δυνάμεις.

580 4486 682 4547 61.
717 4486 1090 4547 lncessanter
1108 4482 1443 4545 confitebor
1477 4483 1730 4546 salutem
1767 4485 1906 4547 mihi
1937 4486 2148 4549 factam
2178 4477 2213 4528 ο

2315 4493 2414 4554 6i.
2447 4493 2762 4558 Ἀπαύστως
2823 4477 3145 4569 ὁμολογήσω
3220 4493 3316 4560 τὴν
3403 4495 3544 4571 παρὰ
3597 4503 3698 4554 τοῦ
3759 4500 3883 4551 Θεοῦ

507 4593 540 4636 8
568 4574 718 4636 Deo.
1383 4661 1390 4662 7
1443 4661 1450 4662 7
2236 4605 2327 4659 μοι
2365 4581 2448 4662 (8)
2483 4582 2778 4660 γενομένην
2810 4584 3096 4653 σωτηρίαν.

578 4665 680 4728 62.
716 4663 785 4725 Ει
813 4681 996 4742 super
1025 4662 1227 4725 omnia
1260 4661 1515 4723 laudabo
1554 4680 1688 4724 eum

2316 4661 2552 4736 δῗξῐίαὶ
2589 4673 2676 4728 ἐπὶ
2719 4673 2931 4728 πάντων
2975 4672 3262 4747 ἀνυμνήσω
3308 4673 3483 4729 αὖτόν.

582 4754 680 4817 63.
716 4751 1008 4826 Quoniam
1035 4753 1219 4813 astitit
1243 4760 1564 4842 protegens
1600 4771 1723 4842 me,
1757 4763 1814 4813 et
1855 4773 1970 4814 non
2008 4775 2149 4836 per—

2315 4761 2414 4825 63.
2478 4758 2612 4819 ’Ὅτι
2657 4759 2893 4839 παρέστη
2965 4763 3332 4838 ὕπερασπὲζων
3417 4785 3542 4842 ιιου³
3646 4765 3734 4820 καὶ
3809 4765 3878 4836 μὴ

498 4842 744 4906 mittens
769 4841 1108 4922 quempiam
1139 4859 1213 4903 ex
1265 4841 1338 4902 iis
1373 4840 1474 4921 qui
1514 4839 1659 4902 mihi
1714 4842 2131 4906 insidiabantut

2242 4858 2531 4931 συγχωρῶν
2621 4873 2737 4907 τινα
2809 4853 2914 4906 τῶν
3000 4849 3294 4908 ἐπιϐούλων
3390 4874 3491 4925 μου
3528 4839 3538 4842 ’
3581 4852 3875 4919 πλησιάσαι

497 4932 568 4996 ad
602 4950 697 4994 me
719 4931 1040 5019 accedere.

852 4931 1012 4995 edere
1026 4979 1040 4995 .
2235 4963 2326 5015 μοι
2376 4939 2454 5019 (9)
2472 4987 2485 5002 .

580 5022 677 5085 64.
711 5017 791 5084 Ut
819 5019 1098 5084 liberaret
1125 5038 1163 5082 a
1193 5019 1509 5083 contrariis
1570 5019 1965 5098 potestatibus
2020 5027 2156 5085 ani-

2324 5017 2424 5093 64,
2460 5036 2564 5087 Τοῦ
2617 5031 2980 5108 λυτρώσασθαι
3047 5029 3107 5086 ἐκ
3167 5037 3273 5086 τῶν
3316 5029 3563 5086 ἐναντίων
3610 5031 3877 5106 δυνάμεων

502 5115 656 5175 mam
687 5127 906 5171 meam.

2237 5121 2337 5187 τὴν
2369 5120 2553 5200 ψυχὴν
2598 5142 2721 5196 μου.

1535 5269 1839 5335 Addenda
1871 5278 1935 5336 et
1965 5277 2341 5358 corrigenda
2369 5295 2447 5344 ex
2489 5280 2630 5344 cod.
2664 5279 2865 5344 Vatic.

701 5429 807 5522 Kal
853 5430 1148 5522 ἑξετείναξα
1193 5431 1387 5488 ἑαυτὸν
1421 5427 1504 5506 ἓν,
1540 5437 1684 5507 etc.,
1713 5430 1854 5496 mel.
1887 5431 2164 5504 Ἐξέττέχ,
2332 5443 2427 5522 (ὅ)
2459 5441 2530 5497 Σὺ
2573 5443 2695 5520 γὰρ,
2749 5441 2921 5519 Κῦριε,
2971 5449 3112 5515 etc.,
3176 5443 3428 5518 β’)ήθειαν
3477 5443 3563 5497 καὶ
3596 5442 3874 5517 σωτηρίαν.

707 5510 962 5602 ἶ’ρνειδόν
995 5533 1088 5586 με.
2445 5510 2740 5597 Δυνάξλέναι
2787 5510 3009 5592 πόιῆσαί

588 5591 666 5675 4-3).
707 5591 994 5675 βᾈέτεοᾶτές
1019 5615 1144 5675 ,με-ί
1203 5672 1213 5675 _
1277 5671 1296 5675 -,
1566 5670 1577 5675 ,
1784 5671 1827 5675 __
2320 5591 2399 5675 (Ἱὶ
2433 5591 2690 5668 Σκότὸυς.

591 5671 675 5752 (4)
716 5671 926 5756 N._53,
961 5672 1060 5734 54.
1093 5671 1501 5756 ’τὸ-ἀμέτρητον
1545 5670 1738 5736 deest.
1783 5671 1886 5735 Καὶ
1917 5676 2152 5756 tum-
2319 5670 2401 5756 (8)
2435 5690 2567 5746 Μου.

501 5773 610 5830 σιν,
636 5757 776 5826 θωη
804 5753 1070 5828 βοηθῆσαι
1116 5753 1203 5809 καὶ
1245 5758 1440 5809 σῶσαι.
2021 5753 2030 5756 ἡ

900 5757 1070 5821 nam
1116 5753 1203 5809 καὶ
1245 5758 1440 5809 σῶσαι.
2021 5753 2030 5756 ⁷
2433 5769 2533 5828 Me.
