4118 6208
310 336 460 401 1145

639 474 866 552 Ψαλμδς
906 474 986 549 τῷ
1033 471 1215 536 Δαϐίδ.
1261 477 1430 536 ΨΑΔ.
1480 473 1610 536 ΡΘ’.
1719 493 1722 495 λ

391 563 444 628 1.
484 564 653 623 Εἶπεν
695 565 723 622 ὃ
767 564 962 645 Κύριος
1017 569 1096 640 τῷ
1139 561 1318 643 Κυρίῳ
1349 584 1451 639 μου
1484 580 1500 597 ⁸
1540 563 1710 623 Κάθου
1753 563 1814 620 ἐκ
1857 561 1951 621 δε-

304 653 429 720 ξιῶν
460 677 562 728 μου
598 671 613 685 ⁶

386 744 446 808 2.
481 743 642 812 ’Ἕως
691 744 754 803 ἂν
790 745 866 803 θῶ
908 744 1030 807 τοὺς
1074 743 1300 824 ἐχθρούς
1353 765 1446 801 σου
1501 742 1789 803 ὑποπόδιον
1844 748 1949 807 τῶν

303 832 480 892 ποδῶν
512 857 632 900 σου,

383 921 442 987 3.
478 922 693 984 Ῥάϐδον
745 923 1014 1001 δυνάμεως
1089 921 1435 991 ἐξαποστελεῐ
1493 946 1576 982 σοι
1645 924 1831 1004 Κύριος
1890 925 1951 984 ἐκ

300 1014 442 1072 Σιών
478 1030 493 1045 ⁸

375 1107 438 1167 4.
470 1104 572 1166 Καὶ
615 1105 957 1185 κατακυρίευε
1001 1104 1055 1162 ἐν
1103 1103 1251 1180 μέσῳ
1279 1111 1387 1162 τῶν
1420 1104 1629 1185 ἐχθρῶν
1670 1125 1786 1168 σου.

379 1195 440 1257 5.
474 1196 620 1253 Μετᾶ
651 1203 744 1253 σοῦ
773 1197 807 1265 ἡ
867 1194 1016 1275 ἁρχὴ
1062 1195 1114 1251 ἒν
1175 1193 1351 1274 ἡμέρᾳ
1376 1199 1476 1262 τῆς
1519 1193 1793 1271 δυνάμεώς
1823 1217 1937 1273 σου,

375 1284 436 1349 6.
470 1285 560 1342 Ἐν
583 1297 706 1350 ταῖς
736 1284 1080 1362 λαμπρότησι
1109 1289 1216 1341 τῶν
1247 1283 1412 1362 ἁγίων
1439 1304 1532 1339 σου
1565 1299 1581 1316 ·

374 1373 436 1438 7.
469 1370 570 1434 Ἐκ
600 1375 827 1452 γαστρὸς
873 1374 974 1452 πρὸ
1003 1371 1308 1453 Ἑωσφόρου
1341 1371 1601 1451 ἐγέννησά
1643 1395 1726 1436 σε,

374 1465 436 1529 8,
469 1465 692 1542 ’Ὢμοσε
722 1464 941 1546 Κύριος,
970 1466 1058 1522 καὶ
1088 1465 1149 1520 06
1178 1462 1683 1540 μεταμεληθήσεται
1719 1482 1734 1496 ο

375 1552 434 1618 9.
470 1556 543 1610 Σὺ
596 1556 762 1636 ἱερεὺς
808 1554 890 1636 (α)
939 1557 1012 1620 εἱς
1055 1555 1148 1612 τὸν
1212 1554 1400 1632 αἱῶνα,
1462 1555 1597 1612 κατὰ
1653 1556 1754 1624 τὴν
1797 1553 1941 1622 τάξιν

291 1641 652 1724 Μελχισεδέκ.

1195 337 1291 402 DE
1337 339 1654 402 TITULIS
1693 340 2186 406 PSALMORUM.
2236 378 2310 390 -—-
2357 346 2573 409 PSAL.
2623 347 2780 411 CIX.

1977 483 2019 534 Α
2361 479 2648 543 Psalmis
2679 479 2900 543 David.
2938 481 3164 548 PSAL.
3196 482 3358 550 CIX.

3533 354 3682 418 H46

2118 565 2174 631 1.
2208 565 2367 631 Dixit
2389 569 2679 633 Dominus
2708 571 2965 634 Domino
2997 591 3134 636 meo
3169 590 3184 634 :
3216 572 3372 637 Sede
3402 592 3436 637 a
3457 575 3682 641 dextris

2034 673 2190 720 mets
2220 678 2234 719 2

2112 749 2174 810 9.
2207 746 2409 812 Donec
2440 769 2656 833 ponam
2708 752 2987 818 inimicos
3048 762 3183 818 tuos
3212 754 3541 819 scabellum
3573 775 3676 838 pe-

2032 834 2175 899 dum
2205 845 2465 902 tuorum.

2111 930 2171 989 3.
2207 925 2446 1009 Virgam
2503 931 2741 996 virtutis
2793 933 3026 997 emittet
3085 931 3191 997 tibi
3257 936 3547 999 Dominus
3607 956 3678 1001 ex

2033 1014 2176 1079 Sion
2213 1038 2227 1079 :

2111 1106 2172 1170 4.
2211 1107 2282 1171 Et
2312 1109 2621 1174 dominare
2666 1113 2726 1175 in
2774 1113 2974 1176 medio
3006 1114 3385 1180 inimicorum
3414 1125 3676 1185 tuorum.

2107 1197 2166 1262 5.
2201 1197 2424 1262 Tecum
2459 1201 2818 1284 principium
2846 1204 2907 1265 in
2940 1205 3040 1268 die
3070 1205 3309 1269 virtutis
3335 1214 3470 1284 tuae,
3515 1227 3519 1232 ·

2107 1290 2167 1348 6.
2205 1287 2270 1350 In
2302 1290 2732 1370 splendoribus
2762 1305 3107 1357 sanctorum
3140 1302 3378 1359 tuorum
3408 1312 3423 1356 :

2103 1376 2164 1439 7.
2197 1377 2280 1440 Ex
2309 1388 2479 1442 utero
2510 1390 2645 1444 ante
2668 1381 3009 1446 Luciferum
3040 1386 3219 1464 genui
3254 1396 3332 1449 te.

2106 1471 2166 1557 8.
2195 1470 2425 1532 Juravit
2459 1473 2768 1548 Dominus,
2815 1485 2872 1534 et
2903 1493 3021 1537 non
3057 1475 3372 1557 pcenitebit
3403 1495 3540 1540 eum
3575 1495 3589 1540 :

2104 1556 2164 1620 9.
2197 1557 2284 1619 Tu
2315 1577 2379 1621 es
2410 1561 2691 1623 sacerdos
2723 1561 2783 1624 in
2815 1556 3106 1627 aeternum
3142 1565 3475 1630 secundum
3501 1567 3672 1629 ordi-

2025 1663 2162 1708 nem
2195 1647 2664 1713 Melchisedech.

373 1765 455 1846 (α)
489 1765 638 1831 Cod.
673 1769 744 1825 Σὺ
775 1772 831 1826 εἴ
861 1765 1132 1846 βασιλεύς.
1168 1764 1310 1846 Leg.
1343 1767 1534 1846 ἱερεύς,
1571 1772 1635 1828 ιιι
1666 1773 1897 1830 constat
1919 1783 1964 1828 e:

2050 1777 2338 1832 omment.
2367 1788 2472 1833 seu
2504 1771 2821 1854 interpret.

1434 1899 1848 1966 ATHANASII
1891 1898 2523 1971 INTEBPRETATIO.

373 2008 438 2068 Ἠ
469 2011 796 2090 προκειμένη
828 2011 1097 2092 ἐπιγραφὴ
1128 2010 1372 2093 περιέχει
1407 2008 1489 2090 (1)
1521 2027 1535 2042 ⁸
1572 2009 1802 2088 Ψαλμὸς
1827 2014 1903 2082 τῲ
1929 2008 2108 2092 Δαϐὶδ,
2144 2013 2273 2092 ὅπερ
2300 2014 2666 2094 ἑρμηνεύεται,
2701 2016 2774 2080 ὡς
2804 2014 3065 2080 πολλάκις
3094 2018 3404 2096 εἰρήκαμεν,
3442 2015 3667 2094 Ψαλμὸς

283 2108 363 2178 τῷ
393 2107 557 2182 ἰκανῷ
583 2114 652 2186 τῇ
695 2109 860 2188 χειρὶ,
905 2107 1143 2164 τουτέστι
1188 2107 1265 2183 τῷ
1309 2108 1416 2183 ι’ἷῷ
1447 2108 1540 2184 τοῦ
1575 2113 1732 2168 Θεοῦ.

368 2197 598 2263 Titulus
629 2201 985 2283 praepositus
1038 2201 1306 2263 continet
1340 2221 1356 2266 :
1417 2198 1702 2264 Psalmus
1753 2199 1978 2279 David,
2031 2201 2190 2286 quod
2235 2203 2689 2284 interpretatur,
2723 2211 2786 2267 ut
2815 2203 3042 2286 saepius
3073 2203 3354 2282 diximus,
3394 2204 3671 2269 Psalmus

284 2311 478 2359 manu
505 2295 685 2377 forti,
713 2295 830 2358 hoc
863 2302 951 2358 est
980 2294 1090 2358 Dei
1123 2294 1297 2358 Filio.

373 2393 427 2451 1.
464 2389 632 2448 Εἶπεν
693 2392 720 2447 6
765 2391 949 2468 Πατὴρ
991 2396 1069 2465 τῷ
1112 2388 1486 2468 ἐξαγοράσαντί
1529 2411 1595 2465 με
1648 2389 1725 2464 τῷ
1774 2390 1964 2466 τιμίῳι

2103 2391 2158 2453 1.
2192 2389 2360 2460 Dixit,
2382 2393 2557 2455 Pater
2587 2391 2666 2472 ei,
2697 2391 2802 2470 qui
2836 2410 2932 2456 me
2963 2391 3222 2456 redemit
3251 2393 3514 2476 pretioso
3533 2412 3671 2456 san-

285 2478 478 2555 αἳματι
529 2479 684 2539 αύτοῦ
717 2496 732 2511 ⁹
792 2477 969 2541 Κάθου
1013 2479 1074 2536 ἐκ
1113 2477 1292 2546 δεξιῶν
1338 2501 1439 2555 μου
1471 2478 1580 2560 (2),
1616 2479 1706 2536 ἵνα
1737 2480 1932 2545 πάντες

282 2576 511 2649 γνῶσιν,
544 2568 625 2626 ὅτι
659 2571 720 2628 σὺ
751 2574 803 2627 εἶ
829 2572 862 2638 ἡ
896 2568 1018 2636 δόξα
1047 2591 1172 2644 μου.

369 2658 426 2721 2.
465 2657 620 2723 ’Ἕως
651 2659 715 2716 ἂν
745 2662 792 2718 οἱ
836 2661 1026 2739 ἀέριοι,
1053 2661 1140 2716 καὶ
1178 2659 1426 2738 ἐπίγειοι,
1470 2661 1555 2717 καὶ
1584 2661 1929 2740 καταχθόνιοι

283 2749 465 2830 ἐχθροί
487 2773 578 2807 σου
598 2751 724 2830 γόνυ
745 2751 1020 2826 κάμψουσι
1052 2747 1320 2826 δεδεμένοι
1351 2749 1570 2826 δεσμοῖς
1605 2749 1684 2832 (3)
1711 2750 1928 2825 ἀϊδίοις,

283 2838 787 2918 ἐξομολογούμενοι,
824 2837 905 2896 ὅτι
967 2837 1132 2906 ὅντως
1182 2840 1367 2918 Κύριος
1414 2839 1623 2907 Ἰησοῦς
1674 2843 1744 2903 εἰς
1780 2839 1932 2906 δόξαν

282 2938 375 2989 τοῦ
399 2929 584 2989 ἑαυτοῦ
617 2929 847 3009 Πατρός.

362 3018 422 3082 3,
457 3016 549 3076 Ἐν
594 3017 810 3096 δυνάμει
871 3021 958 3076 καὶ
1001 3017 1206 3092 ἐξουσίᾳ
1246 3017 1455 3098 μεγάλῃ
1499 3018 1767 3076 ἐλεύσεται
1826 3021 1932 3077 ἀπὸ

281 3114 375 3165 τοῦ
416 3109 618 3186 Πατρός
657 3127 669 3141 ’
728 3109 867 3165 Σιὼν
925 3109 1025 3188 γὰρ
1071 3109 1416 3188 ἑρμηνεύεται
1460 3109 1650 3190 τόπος,
1715 3108 1848 3168 ὅπου
1897 3109 1933 3178 ἦ

282 3199 458 3268 σκηνή
471 3241 482 3257 .

360 3288 423 3346 4.
459 3289 555 3346 Καὶ
581 3285 909 3364 βασιλεύσεις
947 3285 1030 3366 (4)
1073 3285 1439 3355 άτελευτῆτως
1493 3288 1629 3345 κατὰ
1674 3287 1779 3345 τῶν
1823 3287 1930 3368 ἐχ·-

216 3394 224 3403 ·
282 3379 418 3455 θρῶν
452 3399 569 3439 σου.

361 3465 422 3530 5,
453 3463 808 3544 ’Ἐμπροσθέν
854 3487 947 3522 σου
992 3467 1020 3523 6
1052 3467 1274 3544 σταυρὸς
1307 3474 1401 3526 τοῦ
1431 3466 1627 3532 πάθους
1657 3488 1750 3525 σου
1780 3465 1834 3522 ἐν
1862 3470 1932 3542 τῇ

281 3556 457 3634 ἡμέρᾳ
480 3556 576 3623 τῆς
609 3554 818 3621 ἐνδόξου
847 3578 938 3614 σου
975 3557 1275 3635 παρουσίας,

360 3645 423 3711 6.
457 3644 636 3705 ’Ὅταν
665 3648 712 3702 οἱ
732 3645 873 3725 ἇίγιοί
901 3668 994 3703 σου
1022 3644 1389 3722 ἐκλάμψουσιν
1415 3646 1488 3709 ὣς
1520 3647 1548 3702 6
1578 3644 1759 3714 ἥλιος.

2016 2481 2196 2559 gnine
2227 2500 2335 2544 suo
2371 2501 2386 2545 :
2419 2480 2581 2545 Sede
2609 2499 2648 2544 a
2681 2481 2913 2546 dextris
2942 2488 3123 2560 meis,
3157 2492 3219 2546 ut
3264 2501 3476 2547 omnes
3523 2503 3670 2547 nos-

2016 2579 2151 2632 cant
2181 2569 2461 2653 quoniam
2490 2578 2550 2633 tu
2580 2589 2645 2633 es
2673 2571 2864 2651 gloria
2890 2590 3045 2634 mea.

2097 2660 2156 2723 2.
2191 2661 2396 2722 Donec
2441 2661 2602 2722 aerei
2647 2668 2706 2723 et
2737 2672 3057 2724 terrestres
3097 2669 3154 2724 et
3186 2661 3514 2727 infernales
3545 2661 3668 2725 ini-

2019 2745 2161 2810 mici
2195 2747 2278 2810 tui
2309 2766 2466 2827 genu
2499 2749 2738 2812 ﬂectent
2759 2748 2940 2813 vincti
2968 2748 3227 2812 vinculis
3259 2750 3670 2827 aeternis,con-

2019 2837 2256 2900 ﬁtentes
2281 2836 2421 2918 quia
2451 2856 2587 2900 vere
2620 2845 2710 2901 est
2743 2837 3033 2902 Dominus
3062 2841 3237 2901 Jesus
3257 2837 3318 2902 in
3348 2839 3542 2919 gloria
3563 2842 3671 2904 Pa-

2018 2927 2124 2989 tris
2154 2927 2247 2989 sui
2268 2925 2347 2990 ⁴¹.

2100 3016 2158 3078 3.
2193 3016 2258 3079 In
2287 3016 2502 3080 virtute
2534 3028 2592 3080 et
2622 3025 2910 3100 potestate
2943 3039 3154 3100 magna
3179 3020 3374 3084 veniet
3401 3038 3435 3082 a
3466 3018 3660 3084 Patre.

2018 3105 2176 3170 Sion
2223 3109 2380 3170 enim
2430 3108 2857 3191 interpretatur
2887 3113 3058 3175 locus
3093 3110 3192 3174 ubi
3227 3119 3316 3173 est
3353 3112 3667 3174 Taberna-

2019 3197 2225 3259 culum

2096 3288 2158 3350 4.
2192 3286 2266 3349 Et
2293 3286 2572 3369 regnabis
2603 3293 2660 3350 in
2713 3297 3002 3352 aeternum
3055 3289 3341 3352 adversus
3389 3288 3668 3352 inimicos

2021 3382 2177 3439 tuos.

2094 3467 2154 3529 5.
2188 3467 2346 3529 Ante
2373 3475 2429 3529 te
2459 3485 2601 3530 crux
2635 3467 2925 3548 passionis
2951 3476 3064 3530 tua;
3093 3467 3153 3529 in
3185 3465 3284 3529 die
3312 3465 3554 3547 gloriosi
3580 3470 3664 3532 tui

2012 3555 2322 3620 adventus.

2092 3645 2151 3708 6.
2173 3644 2433 3719 Quando
2464 3645 2649 3707 sancti
2685 3647 2772 3708 tui
2816 3643 3122 3725 fulgebunt
3147 3647 3301 3709 sicut
3329 3647 3416 3709 sol
3440 3645 3521 3710 ⁸³.

362 3737 421 3798 ’7.
454 3735 546 3794 Ἐν
572 3736 690 3812 ἐμοὶ
721 3736 786 3805 ἧς
818 3737 900 3794 ἀεὶ
927 3733 1016 3815 ἀφ’
1067 3739 1128 3793 οὖ
1179 3734 1426 3814 ἠρξάμην
1469 3733 1818 3814 δημιουργεῖν
1861 3733 1964 3792 τὰ(

2093 3740 2154 3798 7.
2181 3733 2248 3796 In
2283 3753 2380 3797 me
2405 3753 2538 3798 eras
2568 3753 2828 3816 semper,
2863 3753 2934 3799 ex
2963 3755 3081 3818 quo
3112 3736 3265 3816 σανιρί
3298 3755 3506 3801 creare
3537 3744 3660 3799 0m-

281 3825 454 3885 πάντα
497 3823 580 3882 διὰ
609 3831 702 3882 σοῦ
737 3844 751 3858 ⁸
825 3825 1130 3906 ἐφανέρωσά
1175 3846 1256 3901 σε,
1304 3823 1386 3881 ὅτι
1435 3825 1620 3904 εἶχον,
1668 3828 1753 3882 καὶ
1811 3823 1928 3904 ἔχω

284 3917 402 3970 γῑδν
434 3914 488 3971 ἐν
517 3914 608 3993 (5)
636 3916 830 3989 ἑαυτῷ.

363 4002 423 4066 8.
458 4001 666 4065 ’Έθετο
725 4007 754 4060 6
798 4005 981 4083 Πατὴρ
1026 4005 1222 4082 βουλὴν
1266 4002 1555 4062 ἀσάλευτον
1603 4004 1688 4060 καὶ
1719 4004 1926 4080 ἀμετά-

279 4092 500 4160 ϐλητον.

364 4182 424 4246 9.
460 4184 533 4239 Σὺ
577 4183 632 4240 εἶ
685 4181 851 4249 ὅντως
896 4184 1061 4262 ἱερεὺς
1106 4183 1335 4263 ἀληθὴς,
1394 4183 1422 4238 6
1482 4182 1706 4260 καθάρας
1751 4183 1925 4240 πάντα

281 4274 368 4330 τὸν
401 4271 532 4330 λαόν
562 4294 655 4329 σου
689 4271 777 4350 (6)
808 4273 914 4329 ἀπὸ
945 4279 1050 4329 τῶν
1080 4275 1354 4352 ἁμαρτιῶν
1399 4275 1578 4331 αύτοῦ·
1619 4276 1678 4330 ού
1711 4269 1922 4340 δεήσεις

282 4363 314 4431 ἢ
379 4362 576 4428 ἱκεσίας
636 4362 1001 4438 ποιησάμενος
1055 4370 1185 4441 πρός
1256 4383 1396 4443 τινα,
1452 4360 1588 4418 ἀλλὰ
1632 4367 1707 4435 τῷ
1764 4364 1925 4438 τιμίῳ

278 4451 468 4527 αἵματι
525 4451 726 4516 πάντας
801 4452 1108 4530 καθαρίσας,
1161 4449 1240 4513 Τὸ
1300 4449 1379 4524 δὲ,
1438 4452 1571 4507 κατὰ
1623 4452 1722 4518 τήν
1778 4450 1923 4517 τάξιν

279 4540 638 4622 Με)χισεδὲκ,
689 4550 873 4600 τοῦτον
929 4541 1048 4621 ἔχει
1105 4542 1196 4598 τὸν
1253 4541 1474 4620 τρόπον.
1537 4545 1752 4619 Πρῶτον
1825 4539 1922 4616 μὲν

278 4633 306 4687 6
338 4629 672 4711 Μελχισεδὲκ
712 4632 877 4711 ἱερεὺς
912 4629 1191 4712 ἂνεδείχθη
1227 4631 1321 4688 οὒκ
1364 4631 1425 4687 ἐκ
1453 4630 1549 4698 τῆς
1604 4629 1776 4710 φυλῆς
1834 4639 1924 4690 τοῦ

279 4724 408 4778 Λευὶ
439 4727 540 4789 τῆς
596 4722 877 4800 ἱερατείας,
930 4721 1111 4800 ὥσπερ
1155 4719 1272 4779 οὔτε
1319 4723 1346 4778 6
1396 4719 1615 4799 Κύριος,
1651 4720 1736 4776 ὅτε
1768 4719 1922 4779 εὐδό-

273 4832 440 4877 κησεν
484 4811 572 4868 ἐπὶ
595 4815 695 4880 τῆς
729 4816 833 4889 γῆς
865 4815 1148 4892 τεχθῆναι,
1186 4811 1282 4869 οὐκ
1311 4809 1372 4866 ἐκ
1400 4817 1493 4868 τοῦ
1535 4813 1666 4866 Λευὶ
1697 4809 1917 4890 ἐτέχθη·

274 4898 512 4979 δεύτερον
568 4898 622 4956 δὲ
681 4902 771 4966 τὰς
801 4898 1044 4976 δεκάτας,
1080 4901 1140 4965 ἂς
1173 4899 1337 4958 ἐδίδου
1385 4903 1412 4958 6
1439 4901 1605 4980 ἱερεὺς
1661 4901 1738 4974 τῷ
1783 4907 1921 4975 Θεῷ,

2010 3823 2108 3886 nia
2139 3843 2245 3906 per
2274 3833 2370 3886 te:
2408 3825 2777 3887 manifestavi
2807 3835 2863 3887 te
2908 3828 3066 3907 quod
3116 3825 3412 3890 habebam
3448 3835 3504 3890 et
3541 3827 3652 3890 ha-

2011 3912 2124 3976 beo
2155 3913 2370 3976 Filium
2404 3915 2463 3976 in
2499 3934 2592 3975 me
2619 3917 2770 3996 ipso.
3261 3984 3268 3992 ,

2091 4004 2153 4065 8.
2186 4003 2394 4067 Posuit
2421 4005 2598 4067 Pater
2657 4005 3023 4070 voluntatem
3076 4007 3448 4070 immobilem
3482 4016 3659 4089 atque

2012 4093 2471 4157 immutabilem.

2085 4183 2144 4244 9.
2179 4184 2269 4246 Tu
2299 4202 2364 4246 es
2396 4185 2611 4262 utique
2646 4185 2929 4248 sacerdos
2959 4203 3158 4262 verus,
3181 4187 3513 4250 emundans
3530 4206 3653 4249 om-

2005 4290 2143 4334 nem
2179 4273 2460 4355 populum
2486 4285 2652 4338 tuum
2678 4293 2711 4336 a
2745 4276 3004 4357 peccatis
3035 4276 3182 4352 suis,
3219 4295 3412 4358 neque
3442 4277 3657 4357 depre-

2003 4361 2268 4425 cationes
2294 4375 2395 4425 aut
2418 4365 2889 4446 supplicationes
2915 4364 3140 4427 faciens
3160 4366 3232 4428 ad
3255 4366 3656 4448 aliquem,sed

2011 4452 2268 4532 pretioso
2298 4457 2589 4533 sanguine
2622 4474 2831 4517 omnes
2864 4456 3221 4518 emundans.
3248 4454 3400 4518 lllud
3433 4464 3654 4519 autem:

2005 4543 2337 4605 secundum
2359 4544 2634 4608 ordinem
2652 4543 3120 4620 Melchisedech;
3144 4544 3204 4605 in
3229 4545 3388 4606 hunc
3415 4545 3656 4607 modum

2009 4649 2073 4692 se
2106 4631 2306 4694 habet.
2341 4632 2605 4696 Primum
2637 4634 2879 4715 quidem
2903 4632 3345 4696 Melchisedech
3377 4635 3657 4696 sacerdos

2005 4721 2381 4784 renuntiatus
2432 4732 2541 4804 est,
2605 4741 2723 4785 non
2782 4740 2856 4784 ex
2911 4721 3070 4785 tribu
3107 4724 3236 4784 Levi
3271 4722 3654 4797 sacerdotali,

2007 4812 2510 4892 quemadmodum
2575 4831 2768 4893 neque
2800 4811 3116 4892 Dominus,
3150 4830 3284 4873 cum
3321 4813 3374 4874 ei
3429 4813 3657 4894 placuit

2008 4899 2174 4962 nasci
2203 4901 2263 4962 in
2295 4910 2473 4985 terra,
2511 4921 2629 4965 non
2661 4921 2734 4967 ex
2768 4899 2924 4964 tribu
2957 4901 3098 4964 Levi
3125 4911 3296 4965 natus
3326 4909 3436 4966 est:
3475 4903 3651 4965 dein-

273 4990 464 5055 ταύτας
505 4990 871 5069 προσήνεγκεν
903 4988 1146 5070 Ἀϐραὰμ
1192 4994 1267 5064 τῷ
1299 4988 1658 5071 Μελχισεδὲκ.
1699 4987 1964 5061 Ἐπειδὴι

2050 5007 2083 5054 e
2109 4989 2394 5065 decimas,
2433 5011 2582 5074 quas
2612 4992 2783 5054 dabat
2820 4992 3103 5053 sacerdos
3133 4990 3277 5073 Deo,
3304 4991 3412 5054 has
3437 4991 3654 5056 obtulit

273 5079 408 5136 κατὰ
453 5079 626 5136 πάντα
654 5080 819 5137 τύπον
848 5079 1029 5160 ἔφερεν
1082 5081 1110 5135 ὅ
1174 5077 1510 5160 Μελχισεδὲκ
1553 5081 1644 5135 τὸν
1676 5079 1796 5135 Υἱὸν
1829 5081 1920 5137 τοῦ

2050 5079 2305 5143 .braham
2355 5081 2797 5147 Melchisedech
2843 5079 2916 5141 43.
2951 5079 3242 5153 Quoniam
3276 5081 3338 5143 in
3370 5081 3652 5146 omnibus

273 5175 429 5231 Θεοῦ,

2001 5168 2250 5249 ﬁguram
2281 5171 2527 5250 gerebat
2555 5169 2992 5235 Melchisedech
3021 5170 3159 5233 Filii
3193 5170 3325 5234 Dei.

348 5272 400 5320 ⁸1
430 5273 690 5357 Philipp.
724 5293 790 5354 ιι,
824 5276 924 5358 10,
965 5275 1062 5338 tt.
1151 5273 1205 5319 υ
1229 5273 1433 5337 Matth.
1467 5289 1598 5356 xm,
1634 5275 1733 5338 43.
1820 5273 1877 5319 ⁸³
1899 5273 1964 5340 (ἰι

2081 5291 2201 5352 xxv,
2232 5277 2334 5341 20.

1300 5381 1604 5447 Addenda
1634 5385 1702 5448 et
1730 5382 2106 5464 corrigenda
2139 5401 2217 5450 ex
2247 5385 2388 5448 cod.
2422 5384 2622 5450 Vatic.

353 5493 440 5571 (1)
471 5493 535 5550 Ἦ
579 5490 663 5549 διὰ
689 5493 784 5572 τῆς
828 5490 1187 5572 κινναϐάρεως
1235 5490 1512 5571 περιέχει.

287 5568 324 5587 θ
471 5575 700 5637 Desunt
729 5568 906 5635 Κάθου
933 5573 993 5632 ἐκ
1022 5568 1205 5640 δεξιῶν
1235 5568 1360 5648 μου.

380 5657 437 5726 3)
467 5655 740 5730 Δεσμίοις,

384 5735 438 5811 4)
469 5733 742 5796 Βασίλευε.

2083 5492 2173 5655 ἕῦ)
2206 5492 2296 5553 Ἐν
2329 5493 2522 5558 deest.

2108 5576 2164 5648 6)
2195 5577 2335 5633 Λαὸν
2353 5575 2522 5640 ,αὑτοῦ

2108 5576 2164 5648 6)
2195 5575 2526 5640 Λαὸναὺτοῐὶ
2565 5577 2620 5637 ἆ.
2656 5601 2711 5638 α.
2747 5579 2804 5642 ἀ.
2851 5579 2940 5642 αὖ.
2990 5577 3198 5648 δεήσεις
3240 5576 3461 5648 ἱκεσίας,
3497 5581 3640 5652 etc.,

1998 5661 2074 5740 τι.έρ
2117 5657 2276 5740 τιμίῳ
2305 5669 2399 5717 σου
2455 5658 2646 5734 αἵματι
2707 5659 2878 5718 πάντα
2917 5660 3256 5740 ἐκαθάρισας,
3289 5666 3430 5735 etc.,
3461 5657 3643 5739 ὥσπερ

1997 5738 2150 5798 οὗτος
2186 5739 2391 5816 Κύριος,
2427 5747 2566 5800 etc..
2603 5749 2696 5799 τοῦ
2729 5743 2847 5798 1⁸ίοῦ
2875 5748 2967 5798 τοῦ
2997 5747 3152 5803 Θεοῦ,
