4118 6208
436 270 617 334 1155

512 405 573 469 9.
608 403 749 476 Quis
773 408 922 468 sicut
956 404 1242 467 Dominus
1272 406 1431 468 Deus
1465 403 1718 466 noster?

516 494 614 557 10.
649 493 762 567 Qui
791 493 853 554 in
874 492 1011 556 altis
1043 493 1270 555 habitat
1298 513 1311 557 :

511 586 611 646 1ι.
641 584 711 646 Et
740 582 985 647 humilia
1011 583 1259 665 respicit
1307 583 1582 665 [respicit
1610 591 1670 647 et
1696 584 1814 648 alta
1843 585 2075 667 alonge

430 675 787 756 cognoscit],

512 764 609 828 12.
643 767 710 828 In
742 764 891 827 caelo
922 772 980 825 et
1015 762 1076 823 in
1106 770 1285 825 terra.

517 856 608 919 i3.
642 855 950 917 Suscitans
978 871 1012 915 a
1043 860 1201 915 terra
1232 853 1495 934 inopem.

478 1004 483 1009 .
511 946 607 1008 14.
636 944 705 1006 Et
729 944 804 1006 de
834 953 1100 1007 stercore
1130 942 1364 1021 erigens
1397 962 1744 1025 pauperem,

514 1039 604 1100 15.
635 1033 710 1099 Ut
740 1034 991 1095 collocet
1022 1051 1161 1095 eum
1195 1052 1328 1094 cum
1358 1033 1752 1116 principibus,

508 1126 607 1188 16.
641 1125 785 1187 Cum
810 1121 1181 1203 principibus
1229 1122 1430 1204 populi
1461 1124 1575 1185 sui.

496 1215 603 1283 1Ἱ.
636 1213 748 1287 Qui
770 1212 1040 1274 habitare
1070 1211 1210 1272 facit
1237 1211 1501 1273 sterilem
1534 1213 1596 1275 in
1627 1213 1826 1294 domo,

504 1305 604 1369 18.
638 1303 879 1367 Matrem
908 1301 970 1362 in
1002 1300 1140 1363 ﬁliis
1169 1300 1498 1364 laetantem.

964 1391 1253 1453 Alleluia.
1298 1391 1526 1454 CXIII.

510 1486 566 1547 1.
600 1486 669 1546 In
701 1480 858 1544 exitu
888 1479 1068 1543 Israel
1099 1479 1176 1542 de
1196 1481 1472 1562 IEgypto,

501 1578 561 1636 2.
595 1572 820 1635 Domus
849 1570 1028 1634 Iacob
1063 1568 1136 1631 de
1167 1571 1385 1651 populo
1412 1570 1686 1635 barbaro.

500 1663 561 1728 3.
594 1665 773 1726 Facta
806 1669 894 1723 est
916 1660 1126 1724 Judaea
1153 1661 1546 1723 sanctiﬁcatio
1578 1662 1752 1742 ejus:

498 1755 558 1817 4.
592 1752 773 1815 Israel
807 1760 1069 1833 potestas
1098 1751 1248 1830 ejus.

497 1844 555 1907 5.
590 1847 752 1906 Mare
783 1840 926 1902 vidit
953 1851 1012 1905 et
1040 1840 1184 1921 fugit
1220 1861 1232 1900 :

1202 268 1263 331 S.
1311 269 1740 334 ATHAN‘ASII
1780 268 1944 335 OPP.
1991 270 2202 336 PARS.
2234 273 2368 339 III.
2414 308 2493 319 —
2536 273 2997 339 EXEGETICA.

2101 420 2141 466 Α
2244 409 2303 474 9.
2339 413 2427 472 Τίς
2467 414 2538 476 ὡς
2585 412 2767 489 Κύριος
2810 414 2838 467 ὁ
2872 413 3002 477 Θεὸς
3032 414 3233 488 ἡμῶνς

3659 274 3816 341 1156

2246 498 2340 564 10.
2372 500 2429 558 Ὀ
2463 500 2515 557 ἐν
2544 498 2778 574 ὑψηλοῖς
2809 508 3073 559 κατοικῶν
3107 522 3122 536 ·

2245 590 2340 652 11.
2378 592 2476 649 Καὶ
2498 592 2564 647 τὰ
2593 592 2815 647 ταπεινὰ
2866 589 3066 671 ἐφορῶν
3107 592 3351 674 [ἐφορῶν⁹
3399 595 3487 650 καὶ
3531 595 3599 651 τὰ
3628 594 3814 671 ὑψηλὰ

2160 681 2265 737 ὰπὸ
2296 681 2557 759 μακρόθεν
2583 681 2946 760 γιγνώσκωνΙ,

2240 768 2337 830 12.
2373 768 2464 827 Ἐν
2504 777 2579 845 τῷ
2622 774 2825 848 οὖροινῷ
2868 772 2957 828 καὶ
3000 771 3054 828 ἐν
3084 778 3152 849 τῇ
3184 778 3258 851 γῇ
3292 790 3307 806 ⁸

2237 858 2337 919 13.
2366 856 2426 916 Ὀ
2453 858 2669 937 ἐγείρων
2698 859 2803 916 ἀπὸ
2836 862 2937 938 γῆς
2962 863 3212 940 πτωχὸν,

2235 947 2333 1011 14.
2371 950 2465 1006 Καὶ
2510 952 2615 1006 ἀπὸ
2658 949 2879 1028 κοπρίας
2922 950 3135 1025 ἀνυψῶν
3169 950 3396 1032 πι-Ξνητα⁷

2239 1037 2336 1097 15.
2376 1045 2471 1096 Τοῦ
2500 1040 2707 1096 καθίσαι
2752 1041 2909 1097 αὐτὸν
2934 1040 3071 1115 μετὰ
3101 1038 3404 1120 ἀρχόντων,

2237 1127 2337 1191 16.
2374 1129 2518 1184 Μετὰ
2541 1129 2823 1209 ἀρχόντων
2855 1127 2989 1213 λαοῦ
3019 1131 3202 1192 αὐτοῦ.

2243 1217 2336 1276 17.
2370 1217 2429 1276 Ὀ
2459 1221 2767 1290 κατοικίζων
2794 1220 3000 1298 στείραν
3023 1218 3076 1275 ἐν
3109 1217 3273 1300 οἴκῳ,

2241 1306 2336 1371 18.
2374 1308 2592 1389 Μητέρα
2620 1309 2705 1365 ἐπὶ
2734 1308 2937 1369 τέκνοις
2971 1310 3411 1389 εὖφραινομένην,

2704 1396 3058 1466 Ἀλληλούϊα.
3097 1399 3240 1459 PII".

2233 1493 2290 1549 1·
2321 1487 2414 1546 Ἐν
2444 1485 2603 1560 ἐξόδῳ
2632 1486 2848 1567 Ἰσραὴλ
2891 1488 2944 1553 ἒξ
2978 1489 3260 1566 Αἰγύπτου,

2230 1574 2291 1639 2.
2328 1575 2494 1635 Οἵκου
2539 1576 2736 1635 Ἰακὼὸ
2776 1578 2836 1635 ἐκ
2878 1578 3009 1636 λαοῦ
3051 1578 3337 1659 βαρϐάρου.

2092 1703 2130 1755 Β
2330 1666 2593 1755 ξΕγενήθη
2624 1664 2845 1726 Ἰουδαία
2874 1669 3112 1747 ἁγίασμα
3140 1670 3303 1729 αὐτοῦ
3328 1688 3342 1701 ⁸

2232 1754 2293 1818 4.
2328 1754 2542 1835 Ἰσραὴλ
2571 1756 2778 1828 ἐξουσία
2807 1758 2986 1821 αὐτοῦ.

2235 1844 2295 1908 5,
2327 1843 2390 1902 Ἠ
2419 1844 2656 1904 θάλασσα
2686 1846 2799 1904 εἶδε
2829 1841 2915 1905 καὶ
2939 1846 3127 1930 ἔφυγεν
3163 1869 3174 1882 ·

1558 1946 1972 2014 ATHANASII
2016 1946 2644 2015 INTERPRETATIO.

497 2061 663 2124 941.
702 2057 873 2133 Quod
902 2058 965 2120 in
996 2056 1149 2122 caelo
1180 2056 1454 2120 habitans
1487 2055 1744 2120 humiles
1776 2066 1834 2121 et
1861 2076 2069 2140 pecca-

420 2157 581 2212 tores
612 2149 759 2211 adeo
792 2146 1019 2211 dilexit.

502 2240 596 2303 12.
633 2237 747 2312 Qui
777 2239 837 2301 in
870 2236 1022 2301 caelo
1055 2255 1329 2311 monens,
1375 2245 1434 2298 et
1458 2242 1516 2299 in
1548 2243 1769 2298 terram
1800 2236 2061 2298 advenit.

499 2329 598 2412 13,
636 2331 731 2391 14.
768 2327 876 2401 Qui
905 2346 1095 2408 genus
1116 2326 1631 2407 humanum,quod
1667 2324 1965 2388 ceciderat
1990 2324 2064 2388 ob

415 2426 687 2483 terrenas
717 2427 777 2482 et
799 2418 1123 2498 flagitiosas
1151 2415 1692 2498 concupiseentias,
1718 2414 2058 2490 sublevavit,

415 2517 474 2571 et
494 2510 743 2589 gloriam
774 2510 829 2570 ei
863 2508 1104 2571 donavit
1133 2506 1500 2588 adeptionis.

501 2602 595 2661 15.
626 2596 706 2661 Ut
737 2598 981 2679 dignum
1005 2598 1230 2659 faceret
1262 2615 1450 2676 genus
1473 2597 1802 2658 humanum
1828 2594 2061 2658 deliciis

413 2688 763 2767 angelorum
776 2736 790 2751 .

497 2780 592 2839 16.
629 2778 774 2841 Cum
799 2776 1042 2856 sanctis,
1069 2773 1170 2856 qui
1193 2781 1329 2836 sunt
1357 2793 1493 2836 cum
1526 2774 1758 2853 angelis
1789 2776 1932 2839 suis.

494 2956 587 3017 17.
622 2953 1017 3017 Introducens
1047 2969 1155 3033 per
1196 2951 1373 3013 ﬁdem
1425 2950 1755 3014 Ecclesiam
1787 2952 2056 3033 gentium

408 3050 584 3107 antea
613 3043 1068 3106 infructiferam.

490 3135 585 3196 18.
623 3133 690 3196 In
709 3150 1031 3215 supernam
1050 3131 1429 3196 Hierusalem
1452 3129 1511 3193 in
1538 3131 1764 3195 sanctis
1781 3131 2056 3211 gauden-

409 3236 559 3291 tem.

2229 2058 2409 2122 9-11.
2436 2057 2570 2116 ’Ὅτι
2600 2060 2656 2113 ὲν
2698 2061 2776 2133 τῷ
2834 2060 3040 2137 οὖρανῷ
3071 2066 3335 2119 κατοικῶν
3367 2063 3492 2127 τοὺς
3517 2062 3810 2126 ταπεινοὺς

2149 2150 2235 2206 καὶ
2258 2146 2604 2225 ἁμαρτωλοὺς
2648 2146 2817 2211 οὕτως
2860 2149 3169 2226 ἦγσπησεν.

2236 2236 2332 2301 12.
2365 2236 2425 2295 Ὀ
2458 2236 2512 2293 ἐν
2544 2243 2620 2311 τῷ
2651 2236 2855 2316 οὖρανῷ
2878 2236 2953 2294 ὢν
3007 2240 3093 2295 καὶ
3133 2241 3222 2296 επὶ
3262 2239 3365 2317 γῆς
3409 2240 3805 2319 παραγέγονεν,

2231 2327 2331 2406 13,
2368 2327 2464 2388 14.
2503 2325 2561 2383 Ὀ
2605 2328 2666 2382 τὸ
2712 2325 2863 2404 γένος
2894 2327 3003 2383 τῶν
3037 2328 3324 2407 ἀνθρώπων
3355 2329 3416 2386 ἐκ
3456 2337 3565 2387 τῶν
3592 2332 3808 2407 γηίνων

2148 2418 2238 2473 καὶ
2280 2415 2503 2474 ἀσώτων
2548 2416 2838 2491 ἐπιθυμιῶν
2891 2418 3053 2473 πεσὸν
3083 2417 3409 2494 ἂναστήσας,
3445 2420 3535 2476 καὶ
3580 2417 3809 2485 δοξάσας

2150 2506 2234 2563 διὰ
2263 2507 2356 2575 τῆς
2387 2506 2665 2571 υἱοθεσίας.

2226 2595 2325 2658 15.
2361 2604 2462 2654 Τοῦ
2508 2595 2728 2661 ἀξιῶσαι
2775 2596 2832 2652 τό
2863 2595 3014 2675 γένος
3044 2602 3151 2653 τῶν
3183 2597 3472 2678 ἀνθρώπιον
3521 2603 3623 2668 τῆς
3670 2598 3810 2657 ἂνα-

2141 2686 2391 2751 παύσεως
2417 2686 2524 2742 τῶν
2565 2685 2833 2765 ἀγγέλων.

2224 2775 2321 2835 16.
2359 2777 2504 2830 Μετὰ
2531 2781 2631 2831 τῶν
2667 2774 2827 2854 ἁγίων
2858 2779 2965 2833 τῶν
2991 2776 3252 2836 συνόντων
3298 2790 3417 2843 τοῖς
3460 2777 3634 2858 ἇγίοις
3657 2777 3807 2860 [ἄγοι

2141 2865 2335 2945 γέλοις]
2372 2865 2551 2927 αὒτοῦ.

2222 2955 2318 3016 17.
2357 2952 2415 3011 Ὀ
2472 2954 2570 3022 τὴν
2615 2951 2937 3021 Ἐκκλησίαν
2991 2961 3097 3013 τῶν
3158 2956 3320 3015 ἐθνῶν
3374 2958 3472 3026 τὴν
3538 2957 3805 3039 πρότερον

2141 3043 2375 3122 ἄκαρπον
2409 3045 2635 3121 εἰσάγων
2658 3042 2743 3100 διὰ
2767 3044 2863 3112 τῆς
2894 3047 3152 3111 πίστεως.

2222 3133 2321 3195 18.
2355 3134 2464 3202 Τὴν
2548 3131 2656 3190 ἄνω
2723 3132 3075 3213 Ἰερουσαλὴμ
3145 3137 3435 3217 χαίρουσαν
3498 3137 3586 3195 επὶ
3671 3150 3795 3203 τοῖς

2141 3226 2333 3305 ἁγίοις.

486 3321 552 3378 Ἠ
596 3320 924 3401 προκειμένη
953 3319 1223 3401 ἐπιγραφὴ
1257 3321 1498 3400 περιέχει
1533 3322 1557 3393 (
1565 3321 1619 3395 1)
1659 3339 1675 3354 ⁸
1708 3318 2068 3396 Ἀλληλούῖα,
2116 3319 2144 3376 8
2175 3318 2341 3395 ἐστιν,
2377 3318 2575 3376 αἱνεϊτε
2617 3325 2709 3374 τὸν
2741 3318 2867 3375 ὄντα
2902 3320 3058 3383 Θεόν.

487 3410 716 3473 Titulus
749 3409 1101 3491 prmpositus
1131 3408 1399 3471 continet
1434 3426 1447 3468 :
1482 3408 1771 3480 Alleluia,
1822 3409 1936 3470 hec
1967 3420 2082 3487 est,
2118 3407 2369 3471 laudate
2398 3423 2535 3470 eum
2565 3410 2672 3487 qui
2704 3408 2863 3470 Deus
2892 3416 3001 3471 est.

488 3508 546 3569 1.
582 3504 775 3568 Israel
804 3504 1233 3585 interpretatur
1260 3502 1518 3585 populus
1547 3502 1731 3582 fortis
1762 3523 1777 3566 :
1803 3502 2046 3583 Egyp-

2214 3503 2272 3563 1.
2308 3500 2523 3581 Ἰσραὴλ
2597 3503 2939 3579 ἑρμηνεύεται
3038 3502 3169 3567 λαὸς

406 3606 503 3661 tua
531 3603 727 3658 autem
760 3595 1193 3658 obtenebratio.
1245 3593 1395 3656 Dum
1444 3594 1625 3673 igitur
1652 3591 1887 3656 liberati
1920 3602 2059 3657 sunt

404 3686 611 3749 ﬁdeles
640 3704 673 3747 a
702 3683 967 3746 tenebris
1002 3682 1258 3764 peccati.

482 3774 544 3836 2.
577 3774 869 3837 Fidelium
904 3772 1234 3835 tenentium
1259 3773 1739 3835 extremaJacob
1765 3771 1925 3834 enim
1955 3771 2053 3833 in-

403 3872 763 3944 terpretatur
797 3869 1005 3924 tenens
1036 3871 1309 3924 extrema
1344 3883 1363 3923 :
1395 3860 1543 3923 illud
1576 3869 1798 3941 autem,
1832 3880 1913 3923 ea:
1939 3879 2054 3941 po-

397 3953 544 4036 pulo
580 3952 861 4032 barbaro,
899 3960 1102 4013 notum
1139 3958 1227 4012 est
1267 3952 1645 4032 [significat],
1679 3951 1834 4032 quod
1862 3951 2057 4013 ﬁdelis

402 4042 667 4126 populus
701 4040 1015 4121 egrediens
1045 4058 1076 4101 e
1116 4039 1381 4100 tenebris
1424 4040 1672 4103 recessit
1703 4060 1735 4102 a
1761 4039 2051 4116 barbaris,

412 4133 527 4195 hoc
559 4142 648 4195 est
674 4151 707 4194 a
730 4130 1045 4193 contrariis
1072 4131 1486 4210 potestatibus.

490 4228 551 4286 3.
581 4222 650 4283 Et
679 4222 923 4283 demum
949 4221 1216 4283 Ecclesia
1247 4220 1395 4282 facta
1440 4230 1533 4283 est
1576 4220 1629 4283 ei
1661 4220 2056 4284 sanctiﬁcatio

408 4330 513 4393 per
542 4311 942 4393 baptismum;
998 4309 1215 4371 Iudaea
1275 4311 1491 4371 dicitur
1549 4320 1864 4391 propterea
1893 4310 2055 4388 quod

402 4406 594 4484 gratia
622 4404 685 4467 in
716 4404 839 4485 ipsa
901 4410 991 4464 est
1045 4403 1174 4480 Dei,
1244 4405 1341 4483 qui
1376 4404 1653 4482 dignatus
1684 4411 1771 4465 est
1805 4420 1875 4464 ex
1904 4403 2057 4464 Juda

403 4497 589 4557 nasci.
638 4493 979 4558 Secundum
1026 4501 1223 4554 autem
1288 4493 1552 4553 nominis
1602 4491 2051 4572 interpretatio-

403 4604 541 4646 nem
569 4584 785 4648 Judwa
817 4584 1246 4664 interpretatur
1267 4583 1564 4660 conﬁtens
1600 4584 1743 4644 Deo.
1772 4581 1921 4643 Cum
1954 4582 2057 4660 igi-

404 4684 499 4737 tur
521 4675 718 4737 anima
739 4673 860 4735 Deo
896 4674 1236 4752 conﬁtetur,
1264 4674 1328 4733 fit
1356 4672 1484 4752 ipsa
1508 4670 1803 4734 confessio
1825 4670 2051 4734 sancti-

401 4766 617 4842 ﬁcatio,
646 4784 716 4828 eo
738 4763 897 4845 quod
930 4762 1277 4825 auferantur
1309 4769 1573 4844 peccata.

479 4946 541 5009 4.
574 4944 645 5007 Et
691 4942 803 5007 viri
850 4942 1120 5005 videntes
1163 4940 1377 5017 Deum,
1440 4940 1556 5001 hoc
1614 4945 1729 5012 est,
1766 4937 2042 5019 apostoli,

3265 3505 3486 3586 ἰσχυρός
3520 3524 3539 3542 ⁸
3618 3502 3805 3583 Αἴγυ-

2139 3613 2269 3653 πτος
2315 3590 2368 3648 δὲ
2413 3590 2492 3672 (2)
2541 3592 2800 3658 σκότωσις
2837 3610 2851 3625 ⁸
2903 3597 2959 3651 ὲν
2994 3601 3072 3669 τῷ
3116 3594 3205 3651 οὖν
3280 3596 3399 3659 τοὺς
3443 3593 3798 3658 πιστεύοντας

2137 3682 2386 3759 ῥυσθῆναι
2418 3683 2477 3737 ὲκ
2506 3680 2599 3738 τοῦ
2630 3682 2851 3748 σκότους
2895 3688 2996 3750 τῆς
3029 3685 3314 3763 ἁμαρτίας.

2220 3774 2279 3833 2.
2313 3778 2429 3828 Τῶν
2479 3770 2681 3827 πιστῶν
2732 3778 2836 3831 τῶν
2896 3775 3288 3853 κατασχόντων
3318 3774 3385 3832 τὰ
3412 3772 3647 3854 ἔσχατα,
3684 3772 3793 3831 ’[α-

2137 3858 2251 3917 κὼϐ
2311 3861 2412 3938 γὰρ
2476 3860 2817 3939 ἐρμηνεὸεται
2882 3867 3090 3939 κρατῶν
3149 3862 3357 3943 ἔσχατα
3392 3879 3404 3893 ·
3477 3867 3536 3919 τὸ
3595 3862 3675 3935 δὲ,
3734 3862 3800 3919 ὲκ

2139 3950 2269 4007 λαοῦ
2325 3948 2613 4030 βαρϐάρου,
2671 3949 2831 4018 δῆλον
2890 3951 3100 4031 [δηλοῖ]
3169 3952 3249 4009 ὅτι
3313 3956 3340 4010 ὁ
3404 3954 3595 4017 πιστὸς
3660 3952 3794 4016 λαὸς

2140 4038 2360 4106 ἐξελθὼν
2404 4038 2464 4095 ἐκ
2522 4048 2611 4097 τοῦ
2670 4042 2891 4106 σκότους
2952 4042 3267 4123 ἀνείώρησε
3321 4044 3424 4101 τῶν
3483 4041 3794 4122 βαρϐάρων,

2137 4129 2375 4186 τουτέστι
2406 4135 2511 4185 τῶν
2542 4130 2786 4189 ἐναντίων
2818 4131 3115 4209 δυνάμεων.
3237 4158 3255 4175 κ

2221 4217 2281 4280 3.
2314 4216 2417 4279 Καὶ
2462 4219 2649 4276 λοιπόν
2691 4222 2889 4298 γίνεται
2938 4223 3081 4296 αὐτῷ
3122 4224 3157 4292 ἡ
3201 4221 3498 4291 Ἐκκλησία
3550 4223 3800 4301 ἁγίασμα

2138 4306 2222 4364 διὰ
2265 4316 2358 4365 τοῦ
2426 4309 2819 4386 βαπτίσματος,
2885 4308 3108 4369 Ἰουδαία
3178 4312 3392 4389 λέγεται
3442 4308 3528 4368 διὰ
3570 4313 3633 4368 τὸ
3691 4315 3799 4379 τὴν

2141 4400 2299 4478 χάριν
2331 4398 2473 4454 εἶναι
2508 4398 2560 4454 ἐν
2593 4403 2727 4477 αὐτῇ
2783 4403 2876 4457 τοῦ
2917 4400 3348 4467 καταξιώσαντος
3382 4408 3512 4460 Θεοῦ
3543 4399 3595 4466 ἐξ
3626 4398 3800 4457 ’ἰούδα

2137 4491 2421 4568 τεχθῆναι.
2474 4485 2627 4549 Κατὰ
2660 4488 2843 4558 δὲτὴν
2874 4491 3158 4565 ἑρμηνείαν
3200 4500 3293 4549 τοῦ
3334 4491 3599 4566 ὀνόματος
3644 4487 3795 4549 Ἰου-

2137 4576 2253 4634 δαία
2322 4577 2667 4657 ἑρμηνεύεται
2716 4580 2829 4654 Θεῷ
2892 4578 3377 4660 ἐξομολογούμενος
3438 4579 3541 4659 (3).
3605 4578 3795 4638 ’Ὅταν

2137 4669 2225 4723 οὗν
2268 4666 2425 4746 ψυχὴ
2474 4674 2591 4741 Θεῷ
2632 4668 3116 4747 ἐξομολογήσεται¹
3163 4672 3361 4748 γίνεται
3425 4672 3561 4732 αὕτη
3605 4672 3644 4738 ἡ
3704 4668 3795 4734 ἐξ-

2134 4754 2460 4833 ομολόγησις
2528 4757 2765 4836 ἁγίασμα
2836 4758 2919 4817 διὰ
2977 4766 3075 4827 της
3131 4760 3459 4840 ἀφαιρέσεως
3531 4758 3617 4840 (4)
3669 4766 3787 4818 τῶν

2129 4846 2423 4925 ἁμαρτιῶν.

2206 4936 2268 4998 4,
2300 4932 2405 4996 Καὶ
2447 4937 2495 4991 οἱ
2547 4933 2726 5016 ἄνδρες
2780 4938 2827 4994 οἱ
2877 4939 3103 5017 ὁρῶντες
3145 4939 3275 4995 Θεδν
3304 4938 3420 5019 (5),
3448 4936 3693 4996 τουτέστι
3737 4941 3791 4997 οἱ

400 5032 702 5116 principes
733 5034 865 5116 ejus
897 5051 913 5097 :
948 5033 1029 5096 ita
1055 5030 1219 5097 enim
1246 5030 1675 5113 interpretatur
1699 5026 1908 5103 Israel,
1948 5029 2048 5091 vir

2183 5022 2440 5100 τόστολοι,
2489 5024 2745 5106 ἄρχοντες
2818 5026 2975 5088 αὖτοῦ
3000 5047 3016 5064 ⁸
3073 5026 3227 5086 τοῦτο
3285 5028 3385 5108 γὰρ
3430 5028 3790 5107 ἑρμηνεύεται

396 5125 611 5189 videns
634 5126 851 5191 Deum.

480 5216 540 5278 5.
572 5214 915 5280 Idololatria
940 5213 1089 5295 fugit
1110 5214 1325 5279 videns
1354 5213 1547 5277 Deum
1576 5210 1640 5274 in
1659 5217 1841 5274 terra.

2126 5112 2365 5195 Ἰσραὴλ,
2394 5113 2529 5194 ἀνὴρ
2550 5116 2687 5196 δρῶν
2720 5116 2874 5178 Θεόν.

2206 5205 2267 5269 5,
2300 5201 2365 5262 Ἥ
2396 5203 2799 5287 ιίδωλολατρεία
2828 5207 3018 5290 ἔφυγεν
3045 5207 3225 5269 ίδοῦσα
3255 5210 3387 5268 Θεὸν
3407 5207 3497 5269 ἰπὶ
3518 5216 3629 5290 γῆς
3665 5210 3784 5293 (δ)-

1416 5332 1721 5401 Addenda
1762 5336 1827 5399 et
1864 5326 2243 5412 corrigenda
2282 5340 2362 5391 ex
2401 5324 2547 5391 eod.
2592 5325 2795 5393 Vatic.

481 5470 567 5554 (1)
602 5469 668 5529 ’Β
689 5469 781 5554 8ιᾷ
808 5474 907 5539 τῆς
935 5467 1289 5554 κινναϐάρεως
1335 5468 1581 5551 περιέχει
1615 5484 1630 5500 ⁸
1683 5464 2038 5540 Ἀλληλώτα,

393 5550 526 5633 Imp
545 5550 898 5633 ἑρμηνεύεται
928 5550 1295 5632 αἰνεττείοιο,

476 5634 565 5689 (ἳὶ
600 5633 667 5689 Δέ
695 5629 1062 5689 ἑρμηνεύεται-
1097 5640 1213 5689 etc-

500 5634 536 5697 2
600 5634 667 5690 Δέ
695 5634 1063 5712 ἑρμηνεύεται,
1097 5640 1213 5696 etc.

476 5637 568 5796 23;
600 5710 1130 5794 Ἐξομολσγουμᾶντμ

2203 5458 2298 5621 (ιγ
2327 5455 2618 5538 Ἀιρέσεως.

2328 5540 2432 5599 Τὸν
2461 5544 2617 5617 θεόν,

2232 5540 2295 5617 5)
2328 5540 2432 5599 Τὸν
2461 5544 2617 5617 Θεόν,
2645 5550 2766 5607 etc.

2232 5544 2295 5621 5)
2328 5544 2432 5599 Τὸν
2461 5544 2617 5617 Θεόν,
2645 5550 2766 5607 etc.

2178 5544 2287 5719 161
2321 5621 2421 5678 Τὸν
2453 5626 2584 5681 Θεὸν
2614 5628 2702 5682 επὶ
2730 5630 2829 5692 τῆς
2860 5630 2987 5705 γῆς.
