4136 6216
483 303 642 367 1159
1276 309 1335 367 S.
1382 307 1807 369 ATHANASII
1853 305 1994 368 OPP
2067 306 2258 368 PARS
2302 306 2411 367 III.
2463 339 2536 352 —
2590 304 3040 370 EXEGETICA.
3685 312 3825 378 1160

558 436 658 501 21.
691 436 851 499 Deus
878 447 1077 500 autem
1109 448 1314 501 noster
1340 438 1403 499 in
1433 441 1582 502 caalo
1615 449 1673 501 et
1702 440 1764 501 in
1797 447 1977 521 terra,
2132 447 2171 494 Α

2132 447 2171 494 Α
2278 438 2381 502 21,
2416 438 2475 497 ’0
2500 437 2555 495 δὲ
2586 442 2713 502 Θεὸς
2746 442 2899 514 ἡμῶν
2926 441 2982 497 ἐν
3012 443 3087 516 τῷ
3110 443 3312 518 οὑρανῴ
3342 444 3432 499 καὶ
3462 443 3516 499 ὲν
3543 450 3631 523 γῇ,

559 524 658 589 22.
695 525 908 590 Omnia
936 545 1304 609 quaecunque
1327 528 1512 590 voluit
1542 528 1709 594 fecit.

1654 530 1709 594 it.
2289 528 2391 591 22.
2420 530 2601 587 Πάντα
2627 531 2728 587 ὅσα
2757 529 3016 598 ἠθέλησεν
3047 531 3287 600 ἐποίησε,

564 614 664 679 23.
696 615 1027 680 Simulacra
1055 618 1319 697 gentium
1350 626 1661 696 argentum
1699 628 1759 679 et
1787 636 2024 692 aurum,

2288 617 2387 681 23.
2417 620 2493 677 Τά
2526 618 2724 675 εἴδωλα
2746 625 2851 676 τῶν
2882 623 3041 678 ἐθνῶν
3072 622 3316 701 ἆργῴιον
3361 623 3448 680 καὶ
3493 625 3719 703 χρυσίον,

564 705 662 766 24.
698 707 890 785 Opera
919 725 1199 769 manuum
1225 706 1560 771 hominum.

1554 756 1560 770 .
2288 708 2389 770 24.
2425 706 2609 787 ’Ἔργα
2639 715 2841 788 χειρῶν
2873 710 3187 790 ἀνθρώπων.

562 796 666 857 25.
698 796 781 857 Os
818 794 1062 870 habent,
1097 805 1154 857 et
1180 814 1297 857 non
1340 796 1701 876 loquentur:

2289 798 2390 858 25.
2424 800 2607 874 Στόμα
2639 798 2850 880 ἔχουσι,
2880 809 2967 856 καί
3012 803 3070 858 οὗ
3092 800 3438 871 λαλήσουσιν·

558 884 658 948 26.
688 884 912 948 Oculos
956 885 1198 965 habent,
1234 894 1293 947 et
1325 903 1445 946 non
1479 885 1788 950 videbunt.

2290 887 2391 950 26.
2431 886 2770 968 ΪΟφθαλμοὺς
2806 890 3015 968 ἔχουσι,
3049 892 3137 947 καὶ
3168 891 3263 948 οὑκ
3286 890 3529 966 ἅψονται.

557 973 656 1036 2⁵7.
687 975 876 1037 Aures
908 975 1151 1048 habent,
1187 982 1246 1036 et
1279 994 1399 1036 non
1431 974 1675 1037 audient
1706 995 1719 1038 :

2288 976 2390 1038 27.
2425 966 2453 989 Ὗ
2474 966 2587 1034 Ωγτα
2615 966 2950 1059 ἔχουσιςκαὶ
2981 982 3073 1038 οὐκ
3104 981 3438 1038 ἀκούσονται·

558 1068 659 1131 98.
694 1065 881 1130 Nares
915 1068 1158 1143 habent,
1194 1074 1254 1129 et
1285 1087 1403 1129 non
1426 1067 1783 1132 odorabunt.

2287 1063 2394 1127 28.
2425 1065 2606 1131 Ῥῖνας
2638 1066 2845 1148 ἔχουσι,
2877 1071 2965 1125 καὶ
3010 1072 3104 1127 οὑκ
3135 1071 3610 1150 ὁσφρανθήσονται.

559 1156 660 1220 29.
692 1157 899 1220 Manus
922 1156 1144 1219 habent
1174 1165 1231 1219 et
1254 1176 1373 1217 non
1404 1156 1733 1238 palpabunt
1760 1179 1773 1217 :

2287 1155 2391 1219 29.
2428 1164 2626 1236 Χεῖρας
2653 1156 2866 1237 ἔχουσι,
2912 1161 3000 1217 καὶ
3024 1161 3083 1217 οὗ
3108 1159 3513 1242 ψηλαφήσουσι·

558 1247 659 1311 30.
691 1247 883 1309 Pedes
915 1246 1158 1320 habent,
1200 1254 1260 1308 et
1290 1264 1407 1309 non
1440 1246 1869 1308 ambulabunt:

2292 1243 2392 1308 30.
2429 1244 2596 1312 Πόδας
2629 1244 2839 1327 ἔχουσι,
2870 1249 2956 1305 καὶ
2996 1252 3052 1306 οὑ
3096 1252 3566 1327 περιπατήσουσιν*

561 1337 663 1401 31.
694 1333 826 1398 Non
863 1335 1206 1398 clamabunt
1233 1335 1294 1395 in
1317 1343 1557 1413 gutture
1588 1354 1726 1397 suo.

2291 1334 2393 1396 31.
2428 1336 2498 1392 Οὑ
2539 1338 2872 1414 φωνήσουσιν
2902 1337 2956 1394 ἐν
2997 1341 3074 1413 τῷ
3120 1339 3345 1418 λάρυγγι
3389 1342 3584 1402 αὑτῶν,

559 1427 658 1491 32.
693 1424 937 1488 Similes
967 1424 1085 1486 illis
1117 1426 1261 1486 (iant
1293 1422 1515 1505 [Neque
1564 1425 1726 1487 enim
1760 1432 1851 1488 est
1881 1425 2127 1506 spiritus

2288 1424 2389 1488 32.
2424 1422 2659 1501 ’Ὅμοιοι
2694 1427 2878 1491 αὐτοῖς
2909 1427 3147 1506 γένοιντο
3178 1427 3336 1507 [Οὑδὲ
3368 1430 3466 1508 γάρ
3488 1430 3628 1486 ἐστιν
3653 1438 3836 1506 πνεῦμα

476 1518 539 1580 in
570 1536 674 1579 ore
704 1516 967 1596 ipsorum
1006 1534 1020 1579 :
1056 1513 1284 1577 similes
1303 1512 1542 1575 illorum
1574 1514 1739 1596 ﬁant]
1773 1517 1873 1597 qui
1903 1514 2109 1579 faciunt

2211 1514 2265 1570 ἐν
2323 1522 2398 1589 τῷ
2458 1515 2685 1589 στόματι
2746 1516 2940 1573 αὐτῶν
3005 1518 3190 1594 ὅμοιοι
3248 1518 3418 1576 αὐτῶν
3477 1517 3749 1600 γένωνται]
3799 1524 3838 1577 οἱ

480 1626 573 1688 ea,
2219 1614 2488 1666 ποιοῦντες
2523 1604 2678 1685 αὐτὰ,

556 1682 656 1750 33.
692 1690 763 1751 Et
793 1702 1006 1749 omnes
1039 1683 1139 1763 qui
1164 1682 1473 1746 conﬁdunt
1500 1684 1560 1747 in
1593 1686 1703 1747 eis.

2290 1692 2391 1757 33.
2440 1694 2542 1755 Καὶ
2572 1682 2766 1760 πάντες
2800 1698 2847 1753 οἱ
2877 1698 3190 1761 πεποιθότες
3222 1697 3309 1754 ἐπ’
3340 1698 3548 1763 αὐτοῖς.

561 1777 662 1842 34.
694 1778 917 1841 Domus
941 1773 1122 1836 Israel
1151 1774 1410 1855 speravit
1440 1775 1501 1837 in
1534 1776 1792 1839 Domino
1819 1799 1833 1838 :
2147 1798 2184 1848 Β

1819 1799 1833 1838 :
2147 1798 2184 1848 Β
2287 1782 2388 1847 34.
2415 1783 2582 1850 Οἶκος
2618 1782 2832 1865 Ἰσραὴλ
2864 1785 3093 1853 ἤλπισεν
3121 1788 3205 1844 ἐπὶ
3232 1786 3452 1866 Κύριον-

559 1868 659 1931 35.
689 1866 940 1946 Adjutor
964 1874 1022 1929 et
1052 1872 1352 1948 protector
1383 1882 1595 1929 eorum
1635 1877 1744 1930 est.

2295 1872 2396 1937 35.
2430 1875 2629 1941 Βοηθὸς
2673 1876 2761 1933 καὶ
2790 1878 3188 1956 ὑπερασπιστὴς
3234 1880 3405 1935 αὑτῶν
3430 1878 3594 1942 ἐστιν.

1642 2027 2050 2094 ATHANASll
2096 2029 2749 2101 INTERPRE‘I‘ATIO.

559 2188 762 2253 21-23.
796 2187 1058 2251 Avaritia
1102 2189 1261 2251 enim
1292 2189 1596 2269 gentiliter
1622 2189 1951 2253 viventium
1990 2190 2122 2253 ido-

2285 2196 2352 2256 24
2370 2194 2503 2258 -23.
2554 2197 2636 2270 (1)
2667 2199 2732 2254 Ἥ
2774 2199 2872 2279 γὰρ
2905 2198 3219 2279 φιλαργυρία
3256 2204 3357 2256 τῶν
3389 2198 3608 2264 ἐθνικῶς
3639 2203 3835 2272 ζώντῶν

478 2280 707 2343 lolatria
764 2288 875 2361 est,
926 2281 1431 2357 quemadmodum
1493 2280 1637 2344 dixit
1691 2282 2015 2363 Apostolus
2043 2284 2111 2344 ⁵ο.

2205 2282 2605 2366 εἶδωλολατρεία
2637 2286 2768 2368 ἐστὶ,
2814 2290 2984 2354 καθὼς
3017 2292 3168 2345 εἶπεν
3208 2290 3235 2345 ὁ
3269 2288 3621 2353 Ἀπόστολος.
3674 2291 3745 2347 Τὰ
3785 2288 3833 2344 δὲ

480 2369 625 2444 Quae
643 2378 840 2433 autem
877 2369 1035 2433 dicta
1051 2378 1189 2433 sunt
1211 2371 1286 2434 de
1308 2371 1484 2435 idolis
1510 2371 1820 2435 manifesta
1842 2372 2113 2437 omnibus

2203 2376 2456 2454 εἱρημὲνα
2515 2385 2633 2455 περί
2703 2385 2808 2434 τῶν
2864 2376 3097 2435 εἰδώλων
3154 2376 3291 2445 δῆλα
3338 2381 3498 2435 πᾶσίν
3562 2381 3707 2455 εἰσιν³
3765 2377 3836 2435 ὅτι

472 2472 632 2538 sunt,
657 2464 813 2545 quod
845 2463 1097 2525 formam
1131 2464 1369 2545 quidem
1425 2463 1670 2537 habent,
1707 2464 1871 2528 nulla
1918 2472 2105 2528 autem

2206 2467 2523 2546 χαρακτῆρα
2569 2466 2665 2543 μέν
2712 2466 2951 2549 ἔχουσιν,
3003 2468 3238 2547 ἐνέργεια
3268 2466 3323 2525 δὲ
3367 2468 3603 2545 μηδεμία
3630 2469 3839 2549 ὑπάρχει

471 2550 629 2614 inest
657 2553 917 2634 operatio
951 2554 1013 2614 in
1062 2552 1372 2635 membris,
1404 2563 1463 2616 et
1522 2572 1616 2629 ea,
1657 2572 1788 2635 qua:
1842 2553 2104 2619 dicuntui

2206 2553 2260 2610 ἐν
2304 2554 2423 2620 τοῖς
2459 2554 2766 2634 λεγομένοις
2816 2558 3029 2633 μέλεσιν
3076 2556 3184 2635 (2),
3220 2559 3307 2614 καὶ
3360 2560 3394 2627 ἦ
3428 2558 3693 2640 ἀπόφασις
3726 2556 3831 2623 δέἡ

472 2642 535 2703 in
582 2642 852 2722 apposito
885 2641 1113 2721 psalmo
1145 2642 1219 2704 de
1270 2643 1342 2705 iis
1373 2643 1474 2725 qui
1506 2643 1609 2707 illa
1637 2644 1882 2726 faciunt,
1936 2645 2030 2707 vel
2061 2646 2105 2707 ir

2209 2645 2461 2722 εἰρημένη
2486 2644 2538 2701 ἐν
2568 2646 2645 2721 τῷ
2677 2647 3011 2726 προκειμένῳ
3043 2652 3244 2724 ψαλμῷ
3267 2648 3383 2726 περὶ
3425 2649 3535 2705 τῶν
3567 2649 3842 2705 ποιούντων

473 2731 596 2794 illis
625 2731 951 2812 conﬁdunt,
990 2732 1299 2795 verissima
1355 2742 1532 2815 sunt;
1591 2733 1699 2795 sed
1760 2737 2106 2797 conveniens

2210 2734 2362 2808 αὑτὰ,
2421 2738 2509 2791 καὶ
2557 2735 2682 2813 παρὶ
2724 2742 2829 2792 τῶν
2881 2738 3212 2794 πεποιθότων
3277 2738 3363 2794 ἔπ’
3411 2738 3597 2802 αὐτοῖς
3668 2736 3843 2804 ἀληθὲς

476 2820 658 2901 duxi,
715 2820 1083 2883 descendere
1164 2822 1237 2884 ad
1304 2822 1690 2904 allegoriam,
1752 2834 1810 2887 et
1870 2825 2109 2903 singulis

2210 2823 2465 2903 ὑπᾶρχεν
2537 2823 2676 2881 ἀλλὰ
2746 2823 2945 2883 δίκαιον
3020 2828 3317 2905 ἡγησάμην
3388 2828 3476 2883 καὶ
3583 2828 3666 2883 ἐπὶ
3753 2826 3840 2892 τὴν

474 2911 752 2974 versibus
800 2910 1098 2991 subjicere
1159 2914 1453 2994 propriam
1505 2914 1861 2976 sententiam
1912 2933 2107 2979 sensui

2213 2911 2533 2991 ἂλληγορίαν
2563 2914 2759 2991 ἐλθεῖν,
2791 2918 2877 2973 καῖ
2921 2918 3181 2984 ὑποθῆναι
3224 2917 3467 2979 ἑκάστοις
3514 2917 3725 2997 στίχοις
3770 2912 3846 2993 (3)

473 3000 801 3080 allegorici.

2206 3004 2268 3059 τὸ
2297 3001 2433 3060 ἴδιον
2476 3004 2655 3081 νόημα
2684 3010 2781 3082 τῇς
2813 3007 3055 3085 θεωρίας.

551 3089 651 3154 24.
676 3089 838 3172 Opus
869 3093 1490 3174 concupiscentiarum
1522 3094 1838 3157 hominum
1873 3102 1963 3157 est
1991 3112 2126 3157 ava-

2286 3090 2387 3151 24.
2424 3089 2606 3174 ’Ἔργα
2626 3096 2917 3173 ὲπιθυμιῶν
2959 3096 3249 3177 ἀνθρώπων
3273 3095 3411 3153 ἐστὶν
3454 3095 3491 3164 ἠ
3525 3093 3839 3177 φιλαργυρία.

472 3180 631 3245 ritia.

554 3276 655 3337 25.
683 3273 926 3337 Nullum
974 3276 1133 3339 enim
1173 3274 1396 3338 bonum
1447 3275 1770 3358 loquentur
1795 3254 2180 3359 gaudentesC

2291 3269 2391 3334 25.
2426 3269 2586 3330 Οὑδὲν
2616 3273 2715 3352 γὰρ
2764 3273 2957 3353 ἀγαθὸν
3012 3274 3335 3346 λαλήσουσιν
3366 3275 3453 3356 (4)
3481 3277 3533 3334 οἰ
3570 3289 3685 3341 τοῖς
3715 3277 3846 3356 χρή-

476 3362 770 3447 pecuniis.

2210 3381 2339 3435 μασι
2371 3364 2673 3442 χαίροντες.

554 3456 652 3517 26.
688 3453 997 3537 Tanquam
1031 3474 1151 3518 non
1186 3454 1478 3519 habentes
1547 3456 1752 3519 oculos
1798 3456 1873 3520 ad
1916 3475 2123 3522 eorum

2290 3449 2394 3513 26.
2417 3452 2512 3516 Ὠς
2545 3453 2622 3527 μὴ
2650 3452 2869 3533 ἔχοντες
2902 3455 3000 3534 γὰρ
3031 3454 3330 3536 ὀφθαλμοὺς
3380 3456 3520 3514 κατᾶ
3551 3455 3618 3532 τῇ
3667 3455 3844 3517 ἑαυτῶν

473 3544 870 3626 perditionem
903 3545 1381 3627 progredientur.

1338 3564 1381 3611 Γ,
2209 3538 2449 3614 ἀπωλείᾳ
2485 3541 2569 3623 (5)
2600 3544 2971 3623 πορεύσονται.

551 3638 653 3695 27.
686 3632 817 3697 Non
843 3634 1002 3698 enim
1036 3634 1452 3701 auscultabunt
1475 3638 1795 3720 ‘pmceptis
1826 3637 1957 3702 Dei.

2289 3631 2389 3696 27.
2446 3636 2518 3693 Οὐ
2573 3636 2674 3714 γὰρ
2721 3636 3062 3694 ὑπακούσωσι
3122 3650 3239 3703 τοῖς
3295 3645 3388 3696 τοῦ
3439 3645 3575 3696 Θεοῦ
3632 3636 3844 3719 προστάο

2290 3745 2436 3785 ασιν.

552 3813 654 3879 28.
687 3814 818 3878 Non
849 3815 1009 3877 enim
1034 3813 1397 3897 beneplaciti
1419 3815 1526 3878 Dei
1559 3815 1875 3898 participes
1918 3825 2116 3881 erunt.

2290 3746 2436 3785 ασιν.

2207 3746 2386 3876 γμ28.
2418 3815 2491 3871 Οὑ
2532 3815 2631 3894 γὰρ
2660 3820 2759 3883 τῆς
2792 3812 3029 3881 εὑδοκίας
3073 3824 3165 3874 τσὸ
3215 3825 3347 3877 Θεοῦ
3381 3816 3463 3898 (ὃ)
3501 3818 3834 3900 μετέχουσιν.

554 3904 655 3967 29.
697 3906 830 3967 Non
864 3904 1023 3966 enim
1071 3906 1520 3983 exquisiverunt
1567 3906 1842 3969 invenire
1891 3914 2119 3989 portam

2286 3901 2387 3966 29.
2422 3907 2495 3963 Οὔ
2529 3906 2629 3983 γὰρ
2659 3903 2982 3977 ἐξεζήτησαν
3013 3908 3187 3987 εὑρεῖν
3216 3909 3313 3977 τὴν
3354 3908 3514 3991 θύραν
3568 3914 3664 3977 τῆς
3688 3912 3838 3984 ζωῆς,

474 3992 631 4069 vitae,
666 3993 779 4055 hoc
810 4001 901 4055 est
926 3994 1269 4058 Dominum.

2204 3996 2439 4056 τουτέστι
2470 3998 2561 4054 τὸν
2603 3994 2794 4073 Κύριον
2822 3999 2923 4072 (7).

552 4082 653 4146 30.
688 4082 1180 4145 Claudicaverunt
1212 4089 1395 4161 enim,
1432 4104 1741 4167 perversas
1798 4096 2122 4165 sequentes

2283 4086 2384 4147 30.
2419 4085 2735 4167 Ἐχώλαναν
2778 4089 2883 4167 γήρ
2950 4088 3367 4169 διεστραμμένας
3440 4088 3597 4157 ὁδοὺς
3660 4111 3839 4169 πορευ-

470 4171 594 4235 vias
622 4171 683 4233 in
711 4172 1046 4235 actionibus
1068 4175 1215 4236 suis.

2203 4175 2380 4241 θέντες
2410 4178 2467 4232 ἒν
2508 4190 2630 4243 ταῖς
2672 4179 2925 4257 πράξεσιν
2950 4182 3152 4240 αὐτῶν.

553 4262 653 4325 31.
686 4261 816 4325 Non
848 4262 1212 4325 invocabunt
1241 4265 1587 4328 Dominum.

2289 4264 2387 4329 31.
2421 4270 2497 4326 Οὔ
2529 4269 2604 4343 μὴ
2637 4268 3047 4327 ὲπικαλέσονται
3090 4272 3182 4327 τὸν
3226 4271 3433 4347 Κύριον,

551 4353 651 4416 32.
692 4351 980 4416 Peribunt
1038 4372 1159 4416 non
1216 4372 1393 4418 secus
1447 4374 1517 4418 ac
1564 4355 1854 4438 pecunias,
1889 4355 1991 4439 qui
2023 4374 2123 4420 eas

2288 4354 2386 4419 32.
2423 4356 2687 4414 ’Ἔσονται
2735 4357 2902 4424 οὕτως
2960 4358 3316 4437 ἀπολλύμενοι
3370 4362 3444 4424 ὡς
3500 4360 3569 4418 τὰ
3600 4360 3842 4442 χρήματα

475 4444 896 4507 thesaurizant.

2207 4448 2254 4504 οἱ
2281 4448 2683 4524 θησαυρίζοντες
2730 4449 2885 4513 αὑτά,

552 4533 652 4599 33.
692 4535 765 4597 Et
786 4551 994 4596 omnes
1022 4539 1085 4596 in
1117 4536 1387 4616 pecuniis
1418 4547 1755 4616 sperantes.

2284 4533 2387 4600 33.
2437 4537 2546 4598 Καὶ
2593 4537 2783 4603 πάντες
2809 4539 2856 4595 οἱ
2881 4537 3183 4611 ἐλπίζοντες
3210 4539 3301 4598 ἐπὶ
3329 4553 3450 4604 τοῖς
3475 4541 3745 4621 χρήμασι,

554 4622 654 4688 34.
688 4625 885 4687 Mente
932 4632 1131 4687 autem
1165 4624 1355 4688 Deum
1413 4626 1683 4690 videntes
1733 4634 2123 4710 speraverunt

2285 4624 2383 4690 34.
2423 4624 2507 4706 (8)
2552 4628 2611 4684 Οἱ
2643 4624 2698 4682 δὲ
2728 4633 2795 4704 τῇ
2838 4627 3041 4703 διανοίᾳ
3077 4632 3209 4687 Θεὸν
3240 4629 3464 4709 agam.
3494 4628 3725 4698 ἤλπισαν
3755 4628 3837 4683 οὑκ

472 4731 594 4776 non
622 4713 684 4775 in
719 4712 1012 4794 pecuniis,
1046 4712 1152 4776 sed
1184 4715 1245 4778 in
1275 4715 1552 4782 Domino.

1523 4739 1552 4782 ι,
2139 4785 2181 4798 Ἀ
2202 4715 2289 4773 ἰπὶ
2320 4716 2621 4796 χρήμασιν,
2668 4714 2789 4773 ἀλλ’
2821 4717 2905 4775 ἐπὶ
2937 4719 3156 4798 Κύριον,

557 4804 654 4868 35.
683 4785 755 4867 Et
781 4801 918 4866 ideo
944 4785 1239 4870 confortat
1267 4825 1392 4885 eos,
1438 4806 1775 4889 iisdemque
1805 4804 2114 4888 prospicit.
2138 4785 2185 4838 D

2416 4785 2521 4867 Καὶ
2702 4803 2779 4863 διὲ
2806 4816 2958 4868 τοῦτο
3010 4785 3244 4890 ἐνισχύει
3316 4809 3528 4882 αὑτοὺς⁹
3563 4807 3653 4864 καὶ
3711 4804 3839 4884 πρό·

2206 4915 2346 4950 νοιαν
2391 4895 2566 4950 αὑτῶν
2589 4909 2854 4950 ποιεῖται-

2201 4915 2346 4952 νοιαν
2391 4909 2566 4954 αὑτων
2589 4909 2855 4962 ποιεῖται.

552 5055 621 5110 ω
651 5054 880 5121 C°l°ss'
912 5072 1001 5136 ω’
1032 5058 1093 5123 δ’
1502 5138 1807 5204 Addenda
1835 5142 1901 5206 et
1922 5135 2299 5219 corrigenda
2324 5151 2404 5202 ex
2434 5136 2576 5204 cod.
2612 5137 2813 5204 Vatic.

551 5259 631 5340 (1)
667 5256 882 5343 Ν.21,
914 5258 1025 5343 22.
1062 5260 1122 5343 't)
1154 5257 1208 5317 8‘s
1244 5260 1373 5325 Θεὸς
1413 5262 1569 5336 ἡμῶν
1599 5264 1687 5343 καὶ
1719 5264 1820 5343 πρὸ
1851 5267 1948 5331 τῆς
1976 5283 2119 5343 παρ·
2285 5258 2372 5343 (ἓξ)
2415 5261 2770 5343 Τῆς-ἑαυτῶν
2801 5262 3091 5332 ἀπωλείας,
3207 5238 3210 5241 Δ

475 5345 653 5423 θυσίας
717 5340 895 5423 αὑτοῦ,
950 5342 1036 5399 καὶ
1093 5341 1146 5423 ἐν
1191 5343 1546 5423 παρουσίᾳ
1589 5340 1772 5402 αὑτοῦ-
1796 5344 1990 5418 πάντα,
2024 5340 2123 5400 ὅσα
2416 5340 2649 5408 Εὑῶδίας
2679 5351 2770 5401 τοῦ
2802 5348 3053 5423 Χριστοῦ.

475 5345 653 5404 θυσίας
717 5344 895 5415 αὑτοῦ,
950 5344 1036 5399 καὶ
1093 5344 1146 5398 ὲν
1191 5344 1259 5418 τῇ
1288 5344 1546 5422 παρουσίᾳ
1589 5344 1749 5402 αὑτοῦ
1796 5344 1990 5418 πάντα,
2024 5344 2108 5400 ὅσα

475 5421 1046 5506 ἠθέ-λησενῌ-ἰποίησεν.
1082 5420 1157 5484 Ν.
1202 5420 1301 5486 23.
1336 5429 1402 5504 ,Η
1430 5424 1530 5506 γὰρ
1559 5423 1892 5506 φιλαργυρία,
1926 5432 2042 5487 etc.

1020 5344 1036 5398 ἱ
1093 5344 1146 5398 ὲν
1191 5344 1259 5418 τῇ
1288 5344 1546 5422 παρουσίᾳ
1589 5344 1749 5402 αὑτοῦ
1796 5344 1990 5418 πάντα,
2024 5344 2123 5400 ὅσα
2292 5344 2348 5415 (6
2416 5344 2649 5408 Εὑῶδίας

1020 5446 1046 5484 ι.
1082 5420 1157 5484 Ν.
1202 5420 1301 5486 23.
1336 5429 1402 5504 ,Η
1430 5424 1530 5506 γὰρ
1559 5423 1892 5506 φιλαργυρία,
1926 5432 2042 5487 etc.
2408 5424 2653 5506 ξριστύν,

562 5445 744 5489 εΛησεν
774 5445 1046 5490 εποιησιν.
1082 5445 1157 5484 1V.
1202 5445 1301 5486 2.).
1336 5445 1402 5504 ,τι
1430 5446 1530 5506 γαρ
1559 5445 1892 5506 φιλαργυρια,
1926 5445 2042 5487 etc.

680 5501 902 5559 Μέλεσιν
933 5504 1127 5585 αὐτῶν.
2136 5510 2143 5515 “

1480 5446 1530 5505 ιρ
1559 5445 1892 5506 φιλαργυρια,
1926 5445 2042 5487 οιο.
2136 5510 2143 5515 ὶ
2408 5445 2763 5585 ἶισᾶἕῖ,34.
2997 5513 3113 5569 οἱα.

668 5587 971 5665 Παραθῇναι
1006 5584 1213 5660 ἑκάστῳ
1253 5587 1450 5665 στίχῳ.

1310 5587 1450 5665 τίχῳ.
2284 5578 2367 5662 (9)
2405 5584 2503 5642 Καὶ
2545 5578 2671 5646 non
2704 5584 2943 5664 legitur.

557 5660 645 5743 (4)
677 5660 963 5724 Δαλοῦσιν.
