4118 6208
251 331 390 394 1161
1129 329 1224 389 DE
1268 324 1581 388 TITULIS
1624 321 2109 387 PSALMORUM.
2169 354 2234 365 --
2284 321 2494 385 PSAL.
2544 321 2756 384 CXIII.
3333 387 3347 397 ,
3469 317 3622 388 H62

325 463 423 528 36.
459 475 619 527 Οικος
651 463 855 541 Ἀαρὼν
886 462 1110 530 ἤλπισεν
1141 462 1226 518 ἐπὶ
1257 461 1474 537 Κύριον.
1902 468 1944 516 Α

1902 468 1944 516 Α
2046 458 2145 522 36.
2182 459 2403 522 Domus
2433 461 2630 523 Aaron
2679 459 2943 540 speravit
2973 459 3035 522 in
3068 461 3374 543 Domino}

326 554 425 618 37.
454 556 650 621 Βοηθὸς
679 554 765 609 καὶ
795 552 1195 627 ὑπερασπιστὴς
1229 551 1399 607 αὖτῶν
1445 549 1607 607 ἐστιν.

2052 550 2152 611 37.
2193 550 2447 629 Adjutor
2476 559 2536 612 et
2563 557 2871 630 protector
2901 566 3108 612 eorum
3136 560 3243 614 est.

329 647 427 712 38.
463 651 523 706 Οἱ
555 644 871 727 φοϐούμενοι
911 647 1000 704 τὸν
1050 647 1244 724 Κύριον
1283 638 1525 712 ἤλπισαν
1562 642 1648 699 ἐπὶ
1693 642 1888 719 Κύριον

2053 636 2150 702 38.
2190 637 2299 711 Qui
2334 639 2543 700 timent
2584 639 2934 720 Dominum,
2985 650 3374 721 speraverant
3404 661 3465 705 in
3496 644 3617 706 Do-

249 735 356 814 Ιὲπ’
383 726 588 816 αὒτόν]γ“

1977 726 2138 788 mino
2186 727 2270 808 [in
2306 731 2485 806 eum].

327 825 425 889 39.
453 828 654 892 Βοηθὸς
699 829 787 884 καὶ
817 825 1214 904 ὑπερασπιστὴς
1246 823 1418 882 αὒτῶν
1449 823 1582 881 ἐστι.

2053 816 2150 879 39.
2201 819 2452 897 Adjutor
2482 827 2538 879 et
2569 828 2870 899 protector
2913 839 3119 883 eorum
3155 831 3265 886 est.

327 915 425 978 40.
462 917 646 995 Κύριος
679 917 928 991 μνησθεὶς
959 915 1135 990 ἡμῶν,
1171 911 1460 990 εὐλόγησεν
1489 914 1654 986 ἡμᾶς’

2186 906 2476 968 Dominus
2521 926 2751 970 memor
2803 911 2916 972 fuit
2958 912 3172 988 nostri,
3215 913 3628 994 etibenedixit

2002 1014 2054 1056 ιο
2103 1015 2194 1056 IS:

991 1037 998 1044 -
1979 1014 2150 1057 nODlS
2180 1017 2194 1056 ε

277 1160 284 1168 ,
331 1095 430 1156 41.
468 1093 738 1172 Εὒλύγησε
769 1097 859 1150 τὸν
903 1094 1059 1150 οἷκον
1090 1090 1330 1170 Ἰσραήλ·

2058 1086 2158 1148 41.
2185 1085 2496 1148 Benedixit
2526 1087 2733 1150 domui
2763 1089 2943 1151 Israel
2973 1113 2987 1150 :

330 1185 431 1245 42,
469 1183 739 1262 Εὐλόγησε
763 1186 853 1241 τὸν
882 1183 1041 1239 οἷκον
1079 1180 1309 1259 ’Λαρών,

2063 1176 2161 1238 4‘2.
2190 1175 2502 1239 Benedixit
2529 1179 2878 1242 timentibus
2921 1180 3219 1261 [omnibus
3265 1185 3371 1265 qui
3402 1185 3628 1265 timent]

331 1273 432 1338 43,
471 1274 742 1348 Εὗλόγησε
785 1274 902 1338 τοὺς
953 1271 1244 1348 [Εύλύαιησε
1276 1268 1477 1334 πάντας
1520 1268 1673 1348 τοὺς]
1701 1266 1898 1348 φοϐον·
1981 1266 2324 1346 Dominum,

249 1362 444 1438 μένους
477 1365 569 1419 τὸν
615 1363 830 1441 Κύριον,

2067 1354 2162 1415 44.
2204 1355 2442 1417 Pusillis
2486 1376 2620 1419 cum
2656 1359 3002 1439 majoribus.

338 1452 432 1513 44.
469 1453 601 1515 Τοὺς
635 1453 852 1527 μικροὺς
886 1452 1021 1525 μετά
1047 1452 1152 1506 τῶν
1187 1447 1460 1529 μεγάλών.

2065 1445 2162 1506 45.
2198 1445 2455 1535 adjiciat
2488 1445 2778 1510 Dominus
2811 1469 2993 1532 super
3021 1470 3148 1535 vos,

333 1541 434 1604 45.
467 1542 722 1617 Προσθείη
750 1539 940 1618 Κύριος
965 1539 1047 1607 ἐφ’
1077 1543 1242 1618 ὒμᾶς,
1799 1580 1802 1582 η

1799 1580 1802 1582 η
2067 1535 2166 1596 46.
2193 1532 2385 1614 Super
2409 1554 2534 1606 vos,
2569 1545 2628 1598 et
2664 1555 2846 1618 super
2875 1541 3030 1602 ﬁlios
3060 1532 3307 1607 vestros.

332 1629 434 1694 46.
472 1629 589 1709 Ἐφ’
619 1633 754 1706 ὑμᾶς
799 1632 885 1686 καὶ
932 1629 1019 1686 ἐπὶ
1047 1630 1168 1690 τοὺς
1197 1627 1337 1692 ὖὶοὺς
1367 1629 1537 1702 ὑμῶν.

1408 1633 1537 1700 αῶν.
2067 1624 2166 1686 47.
2200 1625 2510 1686 Benedicti
2539 1645 2643 1690 vos
2672 1646 2705 1688 a
2745 1627 2994 1692 Domino
3023 1653 3034 1694 :

335 1719 438 1784 47.
477 1718 836 1796 Εὖλογημένοι
864 1720 1021 1793 ὑμεῖς
1053 1725 1128 1792 τῷ
1163 1727 1354 1795 Κυριῳ·

2071 1712 2170 1775 48.
2208 1711 2317 1784 Qui
2350 1712 2487 1776 fecit
2516 1717 2727 1778 caelum
2765 1726 2824 1781 et
2846 1727 3089 1785 terram.

337 1809 436 1870 48.
473 1810 558 1882 Τῷ
582 1807 859 1875 ποιήσαντι
889 1809 980 1864 τὸν
1007 1806 1226 1884 οὒρανὸν
1249 1807 1336 1862 καὶ
1365 1805 1462 1872 τὴν
1494 1803 1617 1881 γῆν.
1933 1843 1963 1892 Β

1305 1807 1336 1861 ιὶ
1365 1805 1462 1872 τὴν
1494 1803 1617 1881 γῆν.
1933 1843 1968 1892 Β
2074 1801 2174 1864 49.
2211 1802 2437 1866 Caelum
2476 1804 2612 1866 cmli
2643 1805 2931 1873 Domino:

338 1899 437 1960 49.
464 1896 525 1956 Ὀ
554 1898 773 1972 οὖρανὸς
806 1907 899 1955 τοῦ
929 1901 1148 1972 ούρανοῦ
1179 1896 1255 1970 τῷ
1292 1895 1492 1972 Κυρίῳ⁸

1967 1911 1978 1916 ·
2073 1893 2170 1954 50.
2207 1895 2456 1953 Terram
2489 1902 2692 1956 autem
2727 1896 2893 1960 dedit
2922 1899 3063 1962 filiis
3085 1901 3415 1966 hominum.

339 1990 442 2054 50.
483 1991 590 2056 Τὴν
632 1988 687 2045 δὲ
717 1994 820 2067 γῆν
870 1987 1033 2044 ἔδωκε
1076 2001 1194 2052 τοῖς
1239 1990 1375 2051 υἱοῖς
1405 1994 1511 2042 τῶν
1554 1985 1864 2066 ἀνθρώπων,

1764 2008 1864 2047 ων.
2209 1979 2336 2072 ρίου
2372 1984 2588 2046 mortui
2618 1986 2950 2052 laudabunt
2983 1999 3063 2072 te,
3095 1990 3349 2056 Domine
3377 2017 3390 2054 :

342 2081 437 2143 51.
478 2082 583 2159 Οὖγ
625 2081 671 2136 οἳ
701 2083 873 2158 νεκροί
906 2077 1165 2134 αἰνέσουσί
1197 2099 1279 2150 σε,
1319 2077 1493 2154 Κύριε·

2073 2071 2171 2135 52.
2210 2069 2414 2152 Neque
2446 2092 2658 2136 omnes
2688 2080 2786 2157 qui
2818 2069 3189 2142 descendunt
3217 2083 3276 2144 in
3309 2083 3635 2148 infernum:

340 2168 440 2233 52.
477 2167 604 2228 Οὐδὲ
637 2169 829 2233 πάντες
865 2171 911 2224 οἱ
940 2165 1341 2230 καταϐαίνοντες
1375 2167 1446 2225 εἰς
1479 2164 1626 2236 ᾅδου,

2074 2159 2174 2223 53.
2211 2162 2326 2225 Sed
2388 2181 2514 2239 nos,
2555 2163 2656 2244 qui
2700 2165 2972 2245 vivimus,
3030 2168 3459 2238 benedicemus
3518 2178 3633 2240 Do-

345 2261 446 2321 53.
483 2256 633 2316 Ἀλλ’
677 2259 840 2334 ἡμεῖς
870 2259 918 2314 οἱ
947 2257 1141 2328 ζῶντες
1169 2254 1532 2333 εὖλογήσομεν
1561 2257 1652 2312 τόν
1685 2255 1906 2334 Κύριον,
1995 2250 2185 2324 mino,

344 2349 441 2413 54.
476 2347 612 2406 Ἀπὸ
654 2354 748 2405 τοῦ
778 2357 865 2406 νῦν
910 2347 998 2403 καὶ
1027 2346 1129 2409 ἕως
1158 2355 1253 2404 τοῦ
1284 2347 1499 2408 αἰῶνος.

2075 2341 2174 2404 54.
2208 2340 2294 2402 Ex
2328 2341 2440 2403 hoc
2471 2361 2654 2425 nunc,
2689 2353 2748 2408 et
2769 2365 2961 2429 usque
2989 2349 3052 2411 in
3095 2351 3408 2416 sceculum.

1410 2447 1825 2515 ATHANASII
1869 2444 2501 2512 INTERPRETATIO.

348 2550 446 2625 36,
480 2549 578 2613 3Ἱ.
614 2549 696 2630 (1)
739 2551 800 2608 Οἱ
861 2549 1219 2623 πιστεύοντες,
1267 2547 1349 2604 ὅτι
1394 2545 1503 2604 ἔστι
1573 2546 1763 2624 κρίσις,
1823 2545 1910 2600 καὶ

2077 2540 2176 2615 36,
2209 2540 2668 2635 37ηϐιέᾶειιιεε
2710 2547 2974 2611 futurum
3020 2550 3343 2631 judicium.
3379 2560 3443 2618 et
3472 2556 3638 2635 cogi-

263 2640 633 2717 λογιζόμενοι,
678 2641 751 2701 ὡς
783 2637 946 2716 λόγον
993 2635 1358 2694 ἀποδώσουσιν
1410 2636 1538 2714 ὑπὲρ
1581 2641 1687 2691 τῶν
1719 2635 1889 2712 ψυχὼ·

2008 2637 2190 2722 iantes
2220 2630 2511 2695 rationem
2541 2653 2607 2698 se
2636 2635 2976 2701 reddituros
3005 2630 3111 2722 pro
3144 2641 3459 2706 animabus
3485 2630 3634 2722 suis,

265 2732 460 2805 αὐτῶν,
501 2730 593 2786 οὐκ
637 2727 722 2786 ἐπὶ
758 2726 1028 2798 δυναστείᾳ
1058 2727 1373 2807 ἀνθρώπων,
1435 2722 1552 2781 ἀλλ’
1585 2724 1670 2780 ἐπὶ
1725 2723 1891 2801 Κύριοι

2013 2739 2116 2782 non
2174 2720 2233 2781 in
2299 2722 2604 2786 hominum
2703 2728 2968 2806 potentia
3007 2720 3020 2722 Ὗ
3057 2729 3166 2794 sed
3249 2731 3310 2793 in
3386 2720 3639 2798 Domino

269 2819 592 2889 ἐλπίζουσιν.

1997 2820 2260 2893 sperant.

351 2909 452 2984 38,
489 2906 586 2971 39.
615 2907 687 2968 Οἱ
714 2907 1052 2970 πιστεύοντες
1099 2906 1296 2977 ὁμοίως
1330 2904 1414 2961 ἐπὶ
1459 2902 1650 2982 Κύριον
1697 2903 1782 2958 καὶ
1814 2899 1913 2957 λο-

2079 2899 2178 2976 38,
2226 2902 2327 2996 69.
2356 2902 2859 2996 [tenrcredentes
2907 2907 2971 2969 in
3005 2906 3350 2988 Dominum,
3383 2921 3445 2976 et
3469 2914 3641 2996 cogi-

270 2999 563 3077 γιζόμενοι,
602 2997 689 3053 ὄτῖ
719 2996 828 3053 ἔστι
859 2995 1052 3074 κρίσις,
1086 2998 1172 3050 καὶ
1216 2996 1280 3051 τὰ
1324 2993 1508 3054 λοιποί,

2002 2998 2191 3052 tantes
2225 2991 2488 3055 futurum
2513 2993 2834 3074 judicium,
2868 3003 2928 3060 et
2956 2997 3205 3080 reliqua.

357 3087 460 3149 40.
494 3088 627 3151 Τοὺς
659 3086 1004 3150 πιστεύοντας
1028 3088 1102 3149 εἷς
1134 3087 1318 3145 αὐτόν,

2084 3083 2183 3143 40.
2221 3079 2617 3147 Credentibus
2661 3085 2722 3146 in
2753 3084 2971 3166 ipsum.

351 3177 452 3239 41.
484 3183 599 3234 Τῶν
644 3179 888 3256 ἐρωντων
930 3177 1085 3235 αὐτὸν
1133 3181 1201 3251 τῇ
1248 3173 1447 3247 διανοίᾳ
1501 3172 1757 3252 εὐλόγησε
1819 3191 1977 3242 nec

2085 3173 2185 3234 41.
2221 3170 2563 3234 Videntium
2591 3192 2724 3235 eum
2759 3186 2956 3238 mente
3007 3175 3310 3241 benedixit
3339 3185 3645 3258 animis,et

272 3268 453 3346 ψυχὰς
491 3267 676 3322 καὶτὰ
717 3266 961 3342 σώματα’
1023 3265 1236 3344 Ἰσραήλ
1281 3266 1380 3344 γὰρ
1427 3264 1770 3344 ἑρμηνεύεται
1802 3265 1898 3317 νοῦς

2014 3261 2391 3342 :orporibus:
2450 3263 2640 3325 Israel
2684 3263 2843 3326 enim
2875 3265 3308 3348 interpretatur
3335 3287 3508 3333 mem
3546 3275 3640 3335 vi-

270 3360 408 3435 ὁρῶν
439 3355 590 3416 Θεόν.

1999 3353 2150 3413 dens
2184 3351 2395 3412 Deum.

352 3445 450 3509 42.
486 3446 592 3514 Τὴν
637 3441 964 3511 Ἐκκλησίαν
995 3450 1098 3500 τῶν
1125 3444 1311 3501 ἐθνωνο
1346 3441 1464 3521 ὅρος
1511 3444 1610 3521 γὰρ
1645 3439 1916 3516 δυνάμεως

2083 3440 2185 3502 42.
2216 3439 2495 3503 Ecclesia!
2525 3441 2826 3520 gentium:
2865 3461 3032 3506 mons
3061 3445 3223 3508 enim
3267 3453 3516 3513 virtutis
3547 3451 3640 3512 in-

275 3537 483 3608 ’Λαρὼν
512 3534 883 3612 ἑρμηνεύεται,

2003 3536 2361 3611 terpretatur
2390 3531 2612 3591 Aaron.

355 3624 455 3686 43.
490 3625 620 3689 Τοὺς
653 3624 933 3685 ταπεινοὺς
966 3629 1032 3700 τῇ
1063 3621 1268 3703 καρδίᾳ.

1161 3621 1268 3697 δίᾳ.
2083 3618 2180 3682 43.
2215 3614 2555 3680 Humilibus
2584 3618 2787 3682 corde.

354 3714 456 3778 44.
508 3713 643 3771 Ἀπό
686 3714 790 3769 τῶν
853 3713 1102 3793 ἐσχάτων
1145 3721 1249 3770 τῶν
1309 3715 1461 3789 ἡμῶν
1496 3711 1579 3792 (2)
1627 3731 1917 3768 πεπιστευ-

2083 3709 2183 3800 44.
2217 3707 2306 3768 Ab
2335 3707 2556 3770 ultimis
2588 3708 2742 3770 inter
2763 3729 2871 3772 nos
2900 3712 3292 3776 credentibus
3323 3735 3511 3800 usque
3570 3720 3642 3781 ad

274 3805 448 3862 κότων
479 3802 582 3867 ἕως
613 3803 719 3860 τῶν
752 3806 1062 3883 προφητῶν,

715 3825 719 3851 ι
752 3806 1062 3883 προφητῶν.
2004 3799 2341 3880 prophetas.

352 3893 455 3969 45,
489 3892 588 3955 46.
624 3896 730 3961 Τήν
775 3894 933 3972 χάριν
964 3895 1119 3950 αὐτου

1215 3894 1260 3973 ).
2083 3889 2184 3951 45.
2211 3888 2309 3950 46.
2347 3887 2604 3950 Gratiam
2650 3907 2840 3954 suam.

357 3983 458 4045 47.
495 3985 554 4040 Οἱ
599 3982 779 4039 πιστοὶ
813 3983 903 4039 καὶ
946 3981 998 4038 ἐν
1043 3986 1147 4038 τῶν
1197 3989 1283 4039 νῦν
1339 3984 1425 4037 καὶ
1467 3978 1519 4038 ἐν
1547 3987 1625 4056 τῷ
1669 3977 1918 4056 μέλλοντι

2080 3979 2178 4040 47.
2212 3977 2447 4041 Fideles
2475 3986 2535 4041 et
2565 3979 2625 4040 in
2656 3979 2956 4062 praesenti,
2981 3991 3037 4043 et
3068 3983 3130 4045 in
3160 3984 3364 4049 futuro
3395 3988 3641 4050 saeculo.

278 4075 425 4129 αἰῶνι
435 4119 448 4132 .

358 4162 459 4225 48.
497 4164 568 4222 Τὰ
607 4163 772 4244 ὁρατᾶ
800 4163 888 4219 καὶ
930 4164 996 4219 τὰ
1025 4163 1242 4242 ἀόρατα.

2089 4158 2189 4222 68.
2224 4155 2514 4231 Visibilia,
2550 4165 2609 4218 et
2638 4157 2975 4224 invisibilia.

361 4253 460 4316 49.
528 4259 599 4311 Τὸ
671 4254 1084 4332 κατοικητήριον
1169 4255 1275 4308 τῶν
1332 4251 1494 4329 ἁγίων
1551 4259 1643 4311 τοῦ
1742 4251 1926 4331 Κυρίου

1763 4251 1926 4331 ἱυρίο.)
2090 4248 2190 4310 49.
2224 4246 2636 4311 Habitaculum
2670 4258 3007 4312 sanctorum
3040 4252 3272 4318 Domini
3301 4265 3389 4318 est

279 4343 419 4401 ἐστίν
448 4344 556 4418 (4).

363 4433 463 4496 50.
497 4431 633 4496 Τοῖς
677 4431 732 4488 δὲ
776 4431 1073 4510 ἀνθρώπινα
1119 4434 1390 4510 φρονοῦσιν
1448 4434 1520 4496 ὡς
1563 4432 1737 4501 κτήνη
1792 4455 1924 4490 κατ-

2090 4427 2188 4491 50.
2224 4425 2334 4499 Qui
2365 4436 2563 4490 autem
2616 4429 2874 4492 humana
2914 4433 3173 4514 sapiunt,
3223 4444 3496 4516 tanquam
3541 4437 3647 4517 ju-

281 4522 490 4581 ἑλειπεν
534 4523 719 4584 αὖτοὺς
748 4523 814 4578 τὰ
839 4522 1002 4599 γήινα
1034 4535 1250 4602 φρονεῖν
1284 4521 1402 4603 (5),

1954 4589 1992 4603 _
2013 4523 2238 4598 menta,
2271 4517 2511 4597 reliquit
2531 4537 2636 4580 eos
2668 4528 2901 4582 terrena
2929 4539 3161 4601 sapere.

364 4613 464 4675 51.
498 4608 576 4674 Οὔ
605 4589 878 4678 ὃοξᾶσουσί
902 4589 983 4667 σε
1015 4589 1083 4668 οἵ
1104 4589 1481 4691 νενεκρωμένοι
1510 4617 1578 4688 τῇ
1612 4608 1706 4690 (6)
1749 4611 1928 4686 ἀπαραο
1953 4589 1990 4638 D

2092 4607 2190 4667 51.
2223 4589 2364 4669 ’Νοιι
2402 4589 2830 4687 ἐιοτὶίὶειώιιηι
2871 4617 2949 4686 te,
2984 4589 3083 4692 qui
3138 4621 3377 4693 peccato
3429 4616 3654 4679 mortui

279 4702 389 4775 τίᾳ.

2013 4705 2171 4758 sunt.

360 4790 462 4852 52.
483 4786 618 4852 Οὕόὲ
662 4791 712 4846 οἱ
741 4788 1084 4867 πορευόμενοι
1109 4789 1162 4846 ἐν
1200 4789 1414 4865 ἀνομίᾳ,

2093 4785 2191 4874 52.
2242 4783 2445 4866 Neque
2477 4786 2852 4851 ambulantes
2882 4789 2942 4852 in
2975 4791 3304 4874 iniquitate.

365 4879 466 4941 53.
500 4878 644 4940 Ἀλλ’
678 4880 840 4954 ἡμεῖς
873 4879 920 4934 οἰ
967 4884 1159 4949 ζῶντες
1216 4877 1297 4936 διὰ
1347 4886 1444 4948 τῆς
1503 4879 1726 4960 χάριτος
1775 4878 1932 4935 αἶ)τοῦ

2027 4964 2032 4969 _
2061 4873 2194 4969 _53.
2227 4876 2344 4969 Sed
2369 4895 2478 4938 nos
2509 4879 2772 4942 viventes
2796 4898 2901 4960 per
2929 4873 3178 4960 gratiam
3202 4887 3332 4966 ejus
3361 4887 3653 4969 gloriﬁca-

279 4967 565 5043 δοξάσομεν
595 4970 690 5025 τὸν
719 4969 934 5044 Κύριον.

2018 4963 2218 5027 bimus
2259 4964 2598 5030 Dominum.

361 5058 466 5120 54.
529 5057 664 5114 Ἀπὸ
745 5063 839 5114 τοῦ
894 5067 980 5117 νῦν
1040 5059 1126 5114 καὶ
1183 5057 1265 5137 (7)
1317 5060 1390 5122 εἰς
1443 5060 1532 5116 τὸν
1586 5056 1933 5125 ἀτελεύτητον

2099 5055 2198 5118 54.
2232 5053 2314 5116 Ex
2348 5057 2462 5118 hoc
2490 5075 2672 5140 nunc,
2705 5068 2763 5122 et
2797 5079 2988 5139 usque
3016 5063 3076 5124 in
3109 5066 3392 5129 saeculum
3423 5069 3651 5150 sempi-

284 5149 448 5205 αἷῶνα
458 5193 474 5210 .

2015 5153 2277 5207 ternum.

1315 5254 1616 5318 Addenda
1643 5259 1709 5319 et
1737 5250 2114 5333 corrigenda
2142 5267 2220 5315 ex
2249 5253 2390 5316 cod.
2436 5255 2636 5319 Vatic.

365 5361 454 5440 (1)
485 5358 556 5421 Ν.
591 5358 690 5440 36,
727 5358 826 5424 37.
865 5363 961 5419 Καὶ
991 5362 1038 5418 οἱ
1067 5361 1449 5441 ἀμετακίνητοι
1496 5365 1579 5420 καὶ
1625 5361 1824 5441 ἑδραῖοι
1857 5363 1931 5425 ὡς
2015 5360 2143 5439 ἔργα
2166 5363 2338 5440 ὑμῶν,
2371 5360 2536 5441 λέγει,

287 5443 406 5522 ὅρος
438 5442 653 5499 δυνατὸν
684 5443 775 5499 οὔκ
807 5442 891 5498 ἐπὶ
911 5441 1124 5524 πλούτῳ
1158 5440 1436 5524 [πλούτου]
1470 5443 1786 5524 ἀδηλότητι,
1814 5441 1930 5524 ἀλλ’
2227 5450 2323 5500 Τοῦ
2352 5440 2482 5499 λαοῦ
2512 5450 2615 5499 τῶν
2639 5444 2802 5522 ἁγίων
2831 5451 2921 5502 τοῦ
2966 5449 3085 5504 Υἱοῦ
3115 5448 3281 5510 ἐστιν.

287 5525 375 5580 ἐπὶ
406 5523 626 5602 Κύριον,
673 5522 886 5594 Ἀαρὼν
939 5523 1039 5600 γὰρ
1109 5523 1454 5608 ἑρμηνεύεται
1516 5527 1632 5603 ὁρος
1692 5522 1933 5585 δυνατόν,
2098 5522 2191 5602 (5)
2216 5526 2441 5608 Τηίνους
2471 5524 2754 5580 κατέλιπεν
2797 5525 2882 5588 αὖ,
2921 5549 2972 5586 τ.
3005 5552 3060 5606 γ.
3096 5543 3334 5608 κρατεῖν.

286 5601 360 5668 Ν.
395 5601 502 5679 38,
526 5602 626 5664 39.
664 5605 722 5661 Οἱ
751 5602 1122 5678 πιστεύοντες,
1170 5601 1252 5660 ὅτι
1283 5601 1425 5660 ἔστιν
1456 5601 1623 5682 κρίσις
1655 5610 1770 5665 etc.
2099 5601 2183 5681 (6)
2215 5606 2301 5661 Ἐν
2330 5610 2426 5680 τῇ.

481 5682 751 5762 Ἦμερῶνο
809 5764 816 5765 7
871 5761 884 5765 7
938 5764 944 5765 7
1056 5763 1063 5765 7
1189 5763 1196 5765 7
1237 5764 1244 5765 7
1734 5763 1746 5765 _
1805 5763 1811 5765 _
2100 5685 2186 5765 (7)
2221 5692 2324 5744 Νῦν
2357 5687 2558 5762 .ἰῶνος,
2590 5685 2700 5764 καί,
2738 5693 2856 5748 etc.

373 5761 449 5843 (3)
485 5768 677 5845 Αὖτοῦ,
739 5764 826 5822 ναὶ
867 5761 952 5821 ἰπὶ
992 5763 1114 5828 τοὺς
1153 5763 1294 5829 υἱοὺς
1353 5764 1524 5841 ὑμῶν,
1577 5764 1663 5822 καὶ
1731 5763 1821 5822 iul
1869 5766 1937 5824 τὰ

613 5872 882 5937 Ρλπιοι..
930 5871 1046 5938 Gn.
1097 5870 1351 5938 XXVII.

3242 5875 3341 5945 37.
