4118 6208
319 364 472 430 1169
1160 367 1257 429 DE
1300 351 1614 429 TITULIS
1655 362 2145 429 PSALMORUM.
2197 395 2272 412 .-
2315 364 2525 428 PSAL.
2572 362 2810 426 cxvn.
3521 339 3677 422 1170‘

379 496 439 560 2_
477 497 610 556 "01',
657 501 731 563 εἰς
760 499 851 554 τὸν
880 518 1048 554 αιωνα
1077 496 1140 552 τὸ
1169 494 1317 559 ἕλεος
1341 496 1520 558 αὑτοῦ.
1962 507 2005 555 Α

1962 507 2007 555 Α
2107 500 2162 563 2.
2197 499 2486 572 Quoniam
2519 497 2578 558 in
2602 495 2888 558 szeculum
2923 489 3332 555 misericordia
3362 490 3511 571 ejus.

373 587 434 650 3.
465 589 681 646 Εἰπάτω
721 585 785 654 δη
817 587 971 647 οἶκος
1002 583 1236 664 Ἰσραὴλ,
1285 584 1366 641 ὅτι
1396 585 1614 661 ἀγαθὸς,

2103 589 2161 652 3.
2199 591 2362 654 Dicat
2393 606 2551 650 nunc
2584 587 2800 647 domus
2831 583 3036 656 Israel,
3071 581 3352 662 quoniam
3386 589 3602 666 bonus,

373 678 430 739 4.
471 675 604 734 ’Ὅτι
649 679 722 740 εἰς
769 678 860 732 τὸν
890 678 1051 732 αἰῶνα
1097 677 1159 731 τὸ
1187 674 1335 739 ἕλεος
1367 677 1547 734 αὺτοῦ.

2103 681 2157 742 4.
2197 679 2488 752 Quoniam
2518 676 2578 738 in
2619 673 2902 738 saeculum
2940 673 3354 737 misericordia
3389 681 3539 758 ejus.

373 764 435 826 ὅ.
483 765 708 827 Εὶπατω
750 763 814 834 δὴ
857 768 1010 828 οἶκος
1042 761 1274 842 Ἀαρὼν,
1304 762 1383 819 ὅτι
1415 763 1632 842 ἀγαθὸς,

2103 771 2160 831 5.
2196 769 2363 830 Dicat
2395 786 2553 827 nunc
2586 766 2798 826 domus
2823 766 3044 826 Aaron.
3071 769 3348 843 quoniam
3387 767 3598 840 bonus,

373 854 432 916 6.
479 854 612 912 ’Ὅτι
645 857 716 920 εἷς
747 856 838 911 τὸν
871 855 1036 910 αἰῶνα
1081 855 1142 909 τὸ
1175 851 1319 918 ἔλεος
1351 853 1530 915 αὒτοῦ,

2099 863 2160 921 6.
2193 858 2480 931 Quoniam
2515 857 2576 918 in
2605 854 2886 916 saeculum
2920 851 3330 914 misericordia
3369 856 3511 936 ejus.

367 945 427 1006 7.
463 942 785 1004 Εἶπατωσαν
818 942 882 1012 δὴ
915 943 1107 1006 πάντες
1131 945 1177 998 οἱ
1207 939 1522 1021 φοϐούμενοι
1554 945 1645 1000 τὸν
1675 944 1894 1025 Κύριον,

2099 950 2160 1011 7.
2197 948 2405 1010 Dicant
2437 965 2592 1008 nunc
2626 962 2834 1008 omnes
2864 942 3144 1004 timeutes
3169 943 3666 1024 Dominum,quo-

285 1034 370 1090 ὅτι
414 1033 609 1111 ἀγαθὸς
620 1081 634 1095 .

2029 1038 2185 1098 niam
2234 1037 2461 1116 bonus,

369 1127 428 1184 8.
475 1121 608 1181 ’Ὅτι
632 1125 704 1186 εἷς
736 1124 829 1178 τὸν
860 1123 1025 1177 αὶῶτα
1057 1122 1116 1176 τὸ
1141 1119 1290 1183 ἔλεος
1335 1124 1516 1179 αὐτοῦ.

2104 1129 2162 1190 8.
2196 1124 2486 1199 Quoniam
2518 1125 2578 1185 in
2608 1121 2900 1186 swculum
2935 1119 3356 1183 misericordia
3384 1123 3536 1204 ejus.

368 1213 429 1276 9,
458 1213 560 1277 ἘΑ
588 1211 819 1287 θλίψεως
852 1209 1044 1267 ἐπεκα)
1057 1211 1265 1284 εσάμην
1295 1211 1385 1266 τὸν
1415 1207 1634 1290 Κύριον,

2101 1216 2158 1276 9.
2196 1215 2279 1277 De
2313 1214 2693 1276 tribulatione
2725 1210 2990 1272 invocavi
3015 1209 3360 1293 Dominum,

381 1305 480 1366 10.
518 1303 612 1360 Kal.
642 1300 911 1371 ’ἐπήκουσὲ
940 1322 1040 1373 μου
1083 1301 1160 1362 εἰς
1203 1299 1533 1374 πλατυσμόν.

2107 1305 2200 1368 10.
2231 1306 2302 1366 Et
2333 1302 2622 1365 exaudivit
2659 1319 2754 1362 me
2789 1300 2849 1362 in
2879 1298 3215 1361 latitudine.

380 1393 472 1455 l1.
504 1389 692 1470 Κύριος
741 1391 859 1466 ἐμοὶ
906 1391 1122 1467 βοηθὸς,
1173 1391 1258 1445 καὶ
1309 1393 1368 1448 ού
1412 1387 1785 1468 φοϐηθήσομαι
1823 1411 1837 1425 ·
1887 1393 1938 1448 τί

2112 1397 2197 1456 11.
2225 1393 2509 1455 Dominus
2543 1390 2688 1452 mihi
2711 1389 2970 1470 adjutor,
3006 1397 3063 1451 et
3111 1407 3232 1451 non
3267 1389 3665 1473 timebo,quid

290 1483 505 1549 ποιήσει
537 1503 624 1553 μοι
651 1481 922 1558 ἅνθρωπος
951 1501 967 1555 ;

2020 1484 2194 1546 faciat
2227 1483 2370 1544 mihi
2401 1483 2581 1545 homo
2607 1480 2637 1540 ‘?

384 1577 474 1632 l2.
526 1567 716 1646 Κύριος.¹
801 1568 919 1644 ἐμοὶ
971 1569 1165 1644 βοηθὸς
1195 1615 1210 1642 ,
1273 1569 1414 1646 κὰγὴ
1479 1568 1750 1644 ἐπόψομαι
1813 1570 1936 1634 τοὺς

2107 1574 2199 1637 12.
2249 1572 2536 1635 Dominus
2597 1569 2739 1631 mihi
2797 1568 3053 1648 adjutor,
3108 1575 3165 1630 et
3197 1587 3306 1649 ego
3339 1569 3663 1653 despiciam

291 1659 514 1740 ἐχθρούς
539 1681 662 1734 μοι).

2019 1663 2294 1726 inimicos
2328 1682 2514 1725 meos.

378 1749 474 1811 13.
514 1747 738 1826 Ἀγαθὸν
778 1745 1083 1804 πεποιθέναι
1127 1747 1211 1804 ἐπὶ
1242 1748 1453 1827 Κύριον³

2103 1755 2196 1815 13.
2228 1753 2454 1815 Bonum
2486 1760 2574 1814 cst
2602 1749 2904 1813 conﬁdere
2934 1754 2994 1809 in
3026 1747 3302 1822 Domino,

381 1838 475 1901 14.
510 1836 591 1895 ’Ἢ
626 1837 933 1895 πεποιθέναι
977 1837 1062 1893 ἐπ’
1109 1835 1408 1915 ἂνθρωπον,
1963 1872 1998 1920 Β

1963 1872 1998 1920 Β
2107 1844 2200 1906 14.
2233 1842 2420 1916 Quam
2466 1839 2769 1904 conﬁdere
2801 1839 2861 1899 in
2897 1837 3161 1899 homine.

380 1928 472 1987 15.
507 1926 735 2004 Ἀγαθὸν
767 1927 1001 1998 ἐλπίζειν
1031 1926 1117 1984 ἐπὶ
1147 1925 1363 2007 Κύριον,

2102 1934 2198 1995 15.
2234 1936 2459 1995 Bonum
2493 1938 2582 1993 est
2624 1947 2866 2010 sperare
2891 1928 2949 1989 in
2987 1926 3261 2005 Domino,

377 2017 470 2080 16.
507 2016 590 2073 ’Ἡ
617 2017 845 2088 ἐλπίζειν
878 2014 962 2072 ἐπ’
995 2015 1221 2096 ἄρχουσι
1245 2015 1572 2098 [ἄρχοντας]

1569 2018 1572 2094 Ι
2107 2024 2195 2087 16.
2231 2021 2414 2095 Quam
2446 2018 2771 2102 sperarein
2805 2017 3195 2100 principibus,

376 2106 472 2167 17.
513 2106 688 2162 ﬂz'vra'.
716 2107 780 2162 τὰ
811 2104 932 2172 ’ἑθνη
965 2105 1266 2162 ἐκύκλωσαν
1289 2125 1384 2179 με·

2018 2175 2019 2179 η
2102 2115 2194 2176 17.
2229 2109 2452 2175 Omnes
2481 2117 2688 2189 gentes
2718 2108 3148 2170 circumierunt
3178 2125 3272 2169 me
3302 2129 3313 2170 :

374 2195 471 2258 18.
509 2198 606 2255 Καὶ
626 2200 704 2270 τῷ
733 2196 953 2270 ὀνόματι
988 2196 1174 2273 Κυρῖου
1202 2195 1491 2270 ἠμυνάμην
1515 2199 1719 2262 αὐτούς.

2095 2203 2189 2264 18.
2225 2203 2298 2264 Et
2327 2202 2566 2262 nomine
2590 2198 2826 2261 Domini
2848 2197 3004 2259 ultus
3030 2215 3161 2258 sum
3196 2198 3256 2258 in
3289 2216 3416 2260 eos.

372 2286 469 2346 19.
505 2284 885 2348 Κδκλώσαντες
918 2283 1221 2341 ἑκύκλωαάν
1248 2305 1337 2360 με·

2100 2292 2187 2354 19.
2225 2291 2652 2354 Circumdanes
2681 2287 3208 2352 circumdederunt
3240 2307 3371 2350 me:

1413 2463 1817 2530 ATHANASII
1860 2435 2495 2536 INTERPRETATIO.

375 2642 436 2706 2.
469 2639 609 2708 ’Ὁτι
640 2643 916 2708 ἀνελλιπὲς
952 2645 1010 2700 τὸ
1043 2643 1188 2711 ἔλεος
1233 2644 1412 2704 αὒτοῦ.

2092 2653 2150 2716 2.
2179 2649 2470 2724 Quoniam
2501 2646 2850 2711 indeﬁciens
2883 2642 3300 2707 misericordia
3329 2643 3487 2724 ejus.

377 2733 439 2796 3,
466 2731 533 2789 Ἠ
564 2731 744 2805 κα,δία
775 2734 879 2790 τῶν
909 2733 1154 2812 ὁρώντων
1185 2738 1410 2811 Θεὸνλτῇ
1450 2733 1650 2811 διανοίᾳ
1675 2738 1776 2816 (1).

1509 2737 1650 2811 ανοίᾳ
1675 2738 1776 2816 (1).
2095 2741 2150 2805 3.
2183 2741 2298 2805 Cor
2325 2738 2652 2801 videntium
2678 2736 2867 2799 Deum
2912 2742 3135 2798 mente.

377 2821 435 2884 4.
466 2819 598 2880 ’Ὅτι
631 2821 911 2886 ἀνελλιπὲς
941 2822 1025 2902 (2)
1069 2825 1128 2879 τὸ
1170 2821 1318 2889 ἔλεος
1363 2828 1538 2887 αὐτοῦ.

2091 2831 2154 2895 4.
2187 2829 2476 2904 Quoniam
2501 2826 2852 2890 indeﬁciens
2893 2824 3309 2887 misericordia
3344 2828 3495 2906 ejus.

377 2914 436 2973 ὃ.
475 2914 686 2970 Εὶπάτω
721 2906 791 2980 δὴ
821 2913 849 2968 ό
877 2914 1045 2993 χορός
1075 2916 1178 2968 τῶν
1211 2912 1395 2990 ἅγὶων,
1429 2914 1508 2972 ὅτι
1540 2915 1733 2994 ἀγαθός
1763 2921 1925 2976 ἔστιν·

2095 2923 2153 2985 5.
2189 2920 2355 2982 Dicat
2383 2937 2542 2980 nunc
2573 2919 2792 2980 chorus
2823 2923 3186 2993 sanctorum,
3226 2916 3509 2997 quoniam
3545 2917 3659 2979 bo-

299 3000 504 3077 ’Λαρὼν
541 3003 638 3078 γὰρ
668 3001 1008 3078 ἑρμηνεύεται
1041 3001 1156 3079 ὅρος
1186 2999 1477 3078 δυνάμεως.

2034 3030 2129 3073 llis
2155 3019 2244 3071 est
2271 3032 2284 3074 :
2322 3011 2522 3072 Aaron
2554 3010 2712 3069 enim
2748 3007 3174 3084 interpretatur
3196 3023 3364 3069 mons
3385 3007 3660 3070 virtutis.

377 3092 433 3152 6.
469 3087 608 3152 ’Ὀτι
647 3089 894 3158 ἢπλωται
939 3091 1024 3147 ἐπὶ
1068 3091 1270 3155 tritta:
1327 3094 1446 3156 τοὺς
1490 3095 1842 3172 βουλομένους
1871 3099 1933 3154 τὸ

2095 3105 2154 3162 6.
2191 3100 2476 3174 Quoniam
2507 3097 2796 3179 explicata
2825 3104 2917 3158 est
2943 3114 3126 3176 super
3156 3115 3368 3158 omnes
3397 3096 3663 3160 volentes

297 3179 442 3242 ἕλεος
476 3181 652 3239 αὖτοῦ.

2019 3190 2431 3252 misericordia
2454 3189 2605 3268 ejus.

375 3270 439 3332 7.
466 3271 776 3328 [εἰπάτωσαν
805 3267 869 3337 δὴ
901 3271 1089 3338 πάντες
1145 3274 1193 3328 οἱ
1243 3277 1481 3332 ταπεινοὶ
1511 3283 1578 3354 τῇ
1622 3274 1826 3355 καρδίᾳ,
1854 3278 1932 3334 ὅτι
1952 3303 1994 3353 ο

2095 3282 2156 3341 7.
2195 3281 2400 3343 Dicant
2431 3267 2590 3339 nunc
2621 3291 2829 3338 omnes
2851 3274 3105 3336 humiles
3137 3274 3341 3350 corde,
3379 3275 3657 3355 quoniam

297 3360 490 3438 ἀγαθός
515 3359 678 3420 ἐστιν,

2019 3369 2212 3431 bonus
2243 3378 2353 3430 est.

377 3447 437 3512 8.
485 3446 615 3506 ’Ὅτι
645 3449 707 3503 τὸ
738 3446 881 3514 ἕλεος
927 3453 1084 3507 αὖτοῦ
1105 3447 1190 3506 ἐπ’
1222 3450 1404 3515 αὐτούς
1450 3451 1591 3508 ἐστιν

2099 3460 2157 3522 8.
2195 3456 2484 3532 Quoniam
2516 3473 2696 3536 super
2724 3472 2827 3516 eos
2867 3453 3280 3515 misericordia
3303 3453 3430 3530 ejus
3463 3461 3577 3514 est.

378 3535 556 3600 9,Ἐν
600 3543 676 3610 τῷ
708 3535 883 3594 σκότει
935 3538 1034 3607 τῆς
1089 3538 1344 3612 ἁμαρτίας
1378 3541 1735 3616 κρατούμενος
1779 3541 1934 3611 itaad-

2101 3549 2158 3612 9.
2185 3546 2252 3609 In
2276 3545 2538 3609 tenebris
2570 3535 2788 3628 peccati
2818 3542 3095 3605 detentus
3125 3543 3482 3624 deprecatus
3529 3558 3660 3602 sum

294 3630 394 3694 θην
425 3625 582 3683 αὐτοῦ
605 3626 716 3704 (4).
1095 3677 1103 3682 .

533 3633 582 3683 νδ
605 3626 688 3704 (4)
701 3675 716 3690 ο
1095 3677 1103 3682 -
2022 3657 2159 3701 eum

389 3715 478 3777 10.
516 3718 612 3773 Καὶ
645 3715 908 3786 ἐπήκουσέ
939 3739 1063 3798 μου,
1115 3720 1201 3775 καὶ
1230 3718 1401 3797 ἤγαγὲ
1431 3741 1500 3794 με
1543 3722 1616 3786 εἷς
1645 3719 1939 3777 ἀνάπαυσιν

2105 3727 2202 3788 10.
2229 3725 2299 3788 Ει
2328 3723 2626 3788 exaudivit
2667 3741 2784 3803 me,
2827 3730 2884 3784 et
2907 3721 3150 3784 adduxit
3181 3739 3274 3784 me
3300 3721 3362 3782 in
3392 3719 3663 3802 requiem

300 3811 393 3860 τοῦ
422 3806 594 3883 φωτὸς
640 3809 797 3865 αὐτοῦ
808 3855 820 3868 .

713 3816 820 3868 τοῦ·
2022 3815 2172 3878 lucis
2202 3833 2339 3877 suae.

389 3894 481 3956 Η.
517 3893 642 3972 Ἀφ’
673 3893 733 3950 οὗ
785 3896 940 3984 αὐτὸς
1000 3897 1331 3975 περιασπίζει
1373 3898 1451 3978 (5)
1497 3920 1622 3974 μου,
1656 3921 1706 3955 τι
1760 3897 1941 3956 δειλιῶ

2115 3908 2202 3966 11.
2238 3903 2320 3966 Ex
2346 3912 2462 3984 quo
2485 3904 2613 3983 ipse
2647 3921 2740 3965 me
2769 3900 3188 3982 protegit,quid
3215 3899 3435 3962 timebo
3463 3906 3664 3962 terre-

301 4007 418 4041 τινα
448 3985 524 4040 τὼ
552 3988 749 4061 γηὶνων
777 3983 1082 4062 δυνάμεων;

905 4006 1082 4062 μεων;
2023 4012 2130 4056 nas
2162 3983 2476 4072 potestates
2499 3992 2529 4052 Ἰ

390 4073 482 4136 12.
515 4071 711 4152 Κύριος
746 4073 1189 4150 ἀντιλαμϐάνεταέ
1213 4102 1337 4153 μου,
1375 4081 1523 4156 ιαγὼ
1567 4081 1728 4154 μόνον
1775 4078 1936 4136 ἵστα-

2109 4071 2204 4146 1‘2.
2241 4083 2524 4146 Dominus
2572 4081 2900 4163 opitulatur
2949 4081 3116 4154 mihi,
3153 4090 3210 4142 et
3240 4099 3348 4160 ego
3379 4078 3544 4141 solus
3573 4085 3665 4141 sto

294 4187 392 4240 μαι
423 4165 558 4240 ὀρὼι
599 4165 717 4226 τοὺς
773 4163 1038 4244 ἅρχεντας
1087 4175 1178 4224 τοῦ
1233 4169 1453 4232 σκότους
1505 4169 1920 4249 συντριϐομένοω

297 4253 387 4281 9.-.
419 4257 567 4281 _-.'.___"f

1887 4192 1939 4233 υς
2027 4175 2231 4236 videns
2259 4172 2637 4235 tenebrarum
2664 4171 2964 4253 principes
2994 4170 3067 4232 ab
3100 4191 3171 4233 eo
3202 4170 3513 4233 contritos.

293 4277 381 4311 υπ-
414 4277 593 4318 αυτου,

378 4343 478 4416 43,
527 4344 625 4406 14.
663 4343 745 4424 (6)
776 4344 1000 4422 Ἀγαθὸν
1030 4344 1250 4424 θαρῤεώ,
1285 4349 1371 4404 καὶ
1397 4352 1694 4428 καυχᾶσθαι
1737 4351 1823 4406 hri
1851 4350 1941 4406 τὸν

2116 4353 2202 4418 13.
2242 4358 2338 4416 14.
2373 4351 2598 4414 Bonum
2657 4350 2982 4431 conﬁdere,
3036 4357 3096 4411 et
3146 4347 3388 4426 gloriari
3450 4345 3512 4408 in
3545 4345 3665 4410 Do-

298 4435 512 4514 detov,
547 4434 582 4500 ἥ
613 4434 919 4491 πεποιθέναι
951 4435 1037 4492 ἐπὶ
1081 4437 1241 4513 γηίνῃ
1272 4434 1563 4509 δυναστείᾳ,

2035 4449 2390 4523 mino,quam
2423 4441 2704 4503 ﬁduciam
2733 4439 2958 4502 habere
2984 4440 3040 4499 in
3069 4447 3303 4500 terrena
3339 4443 3661 4517 potestate.

382 4525 612 4605 15,16.
671 4523 897 4602 Ἀγαθόν
945 4524 1000 4580 ἐν
1059 4527 1304 4602 ὑπομονῃ
1350 4526 1650 4603 περιμένειν
1707 4528 1803 4595 τὴν
1832 4529 1938 4583 τὼν

2106 4532 2201 4597 15,
2262 4534 2355 4594 16.
2410 4533 2637 4594 Bonum
2698 4530 2759 4590 in
2819 4529 3100 4608 patientia
3143 4535 3490 4608 exspectare
3553 4524 3667 4587 frui

300 4614 603 4691 μελλόντων
662 4614 869 4691 ἀγαθῶν
940 4615 1256 4696 ἀπόλαυσιν,
1314 4616 1349 4684 ἢ
1413 4621 1731 4695 πρόσκαιρον
1788 4615 1926 4697 ἔχειν

2045 4622 2232 4681 ιιιυτίε
2264 4621 2454 4700 bonis,
2490 4638 2664 4700 quam
2707 4619 3121 4697 temporariam
3183 4635 3394 4698 capere
3427 4617 3671 4697 peccati

299 4705 556 4785 ἁμαρτίας
601 4701 920 4762 ἀπόλαυσιν.

1963 4715 2007 4766 D
2027 4709 2405 4786 Voluptatem.
3519 4759 3521 4762 .

387 4796 479 4858 17.
515 4795 575 4850 Ai
605 4793 832 4849 ἐναντίαι
855 4793 1104 4866 δυνάμεις
1124 4793 1428 4852 ἐκύκλωσάν
1460 4818 1550 4871 με,

2108 4801 2196 4859 17.
2238 4798 2564 4862 Contraria;
2588 4805 2912 4877 potestates
2940 4795 3468 4858 circumdederunt
3500 4813 3593 4856 me

386 4887 485 4950 18.
520 4885 624 4944 Καὶ
661 4888 738 4954 τῷ
777 4891 984 4961 σταυρῷ
1042 4894 1133 4943 τοῦ
1193 4893 1415 4964 Χριστοῦ
1473 4885 1757 4966 συνέτριψα
1786 4889 1941 4944 αὑτὸν

1553 4885 1757 4966 ιέτριψα
1786 4889 1941 4944 αὑτὸν
2107 4892 2202 4951 18.
2240 4889 2306 4949 Et
2334 4907 2511 4952 cruce
2534 4886 2751 4951 Christi
2779 4887 3028 4949 contrivi
3059 4905 3179 4948 eas.

330 4976 515 5036 αὑτὰς]
550 4976 657 5036 (7).

305 4975 516 5062 [gazae]
550 4974 657 5053 (7).

392 5067 483 5130 19.
525 5062 628 5125 Καὶ
659 5063 817 5120 πάλιν
851 5062 1132 5137 ἐπέμειναν
1181 5063 1434 5143 ἐπιμονῇ,

2119 5068 2201 5129 19.
2238 5068 2302 5129 Et
2331 5086 2538 5131 rursus
2569 5077 3020 5146 perseveranter
3052 5064 3461 5148 perstiterunt.

1338 5243 1635 5308 Addenda
1663 5248 1728 5307 et
1755 5245 2129 5326 corrigenda
2158 5264 2234 5310 ex
2266 5246 2406 5310 cod.
2443 5245 2642 5310 Vatic.

392 5425 473 5503 (1)
538 5425 748 5481 εἰπάτω
779 5421 844 5492 δὴ
877 5423 1059 5504 καρδία
1117 5425 1225 5480 τὼν
1255 5423 1502 5502 ὁρώντων
1531 5423 1618 5478 τὸν
1671 5424 1823 5497 Θεὸν,
1871 5425 1952 5483 ὅτι
2120 5427 2208 5501 (5)
2232 5425 2647 5504 κ’γΓπερασπίζει.

309 5500 502 5583 ἀγαθός
542 5507 709 5566 ἔστιν.
949 5500 958 5504 ⁷
1293 5500 1299 5502 “

2119 5506 2196 5584 ξὸ)
2229 5503 2297 5567 Ν.
2326 5500 2420 5568 13.
2457 5503 2703 5582 Ἀγαθόν,
2741 5500 2944 5566 etc.N.
2981 5503 3172 5568 14."!1
3199 5504 3407 5582 eaeam
3445 5505 3672 5583 ἐπίγηίο

509 5584 916 5652 Ἀτελεύνητον.
2032 5611 2126 5653 νην
2154 5586 2477 5644 δυναστείαν.

513 5663 661 5723 Ἐστι
708 5663 1013 5731 διαπαντός.
2113 5667 2198 5747 (7)
2233 5668 2442 5732 Αότούς.

392 5745 477 5824 (4)
523 5752 652 5806 Σου.
