4136 6216
519 296 536 356 1
562 296 672 359 1-75

594 432 694 494 55.
729 433 886 496 Deus
917 451 1086 497 meus
1116 454 1178 498 es
1210 444 1292 511 tu,
1333 444 1390 499 et
1419 439 1751 504 conﬁtebor
1784 443 1888 504 tibi
1927 466 1940 508 :

593 521 693 584 56.
728 520 886 584 Deus
919 543 1084 587 meus
1117 545 1180 588 es
1212 534 1294 598 tu,
1333 535 1390 590 et
1424 530 1690 592 exaltabo
1725 541 1803 595 te.

593 611 695 675 57.
731 613 1071 678 Conﬁtebor
1103 615 1232 688 tibi,
1259 619 1541 698 quoniam
1575 621 1864 684 exaudisti
1893 641 1988 685 me
2023 645 2035 682 :

595 701 692 764 58.
732 702 1010 766 Etfactus
1042 724 1106 767 es
1137 706 1284 768 mihi
1316 709 1376 769 in
1408 709 1682 774 salutem.

592 791 691 854 59.
727 791 1106 857 Coulitemini
1138 795 1411 879 Domino,
1448 800 1730 877 quoniam
1757 804 1968 872 bonus.

590 879 692 943 60.
728 880 1017 954 Quoniam
1051 885 1109 946 in
1139 887 1424 949 saeculum
1457 889 1873 954 misericordia
1905 893 2056 971 ejus.

845 973 1118 1037 Alleluia
1153 976 1243 1056 (1-)
1279 977 1505 1042 PSAL.
1541 978 1824 1042 CXVIII.

594 1061 648 1121 1.
684 1059 849 1122 Beati
874 1063 1230 1126 immaculati
1266 1066 1324 1128 in
1360 1067 1472 1144 via,
1509 1069 1612 1150 qui
1643 1070 1949 1132 ambulant
1981 1071 2039 1131 in
2064 1069 2156 1130 Ie-

507 1169 582 1233 ge
610 1151 873 1218 Domini.

559 1242 627 1311 _2
685 1242 850 1305 Beati
907 1245 1009 1325 qui
1070 1256 1414 1313 scrutantur
1470 1252 1811 1314 testimonia
1881 1254 2037 1332 ejus,
2099 1256 2156 1312 in

511 1338 631 1395 toto
673 1331 854 1395 corde
885 1336 1197 1416 exquirent
1229 1357 1392 1401 eum.

595 1421 654 1483 3.
688 1421 817 1485 Non
845 1430 1004 1486 enim
1035 1427 1135 1507 qui
1165 1439 1492 1509 operantur
1521 1431 1920 1511 iniquitatem,
1956 1433 2016 1494 in
2047 1431 2186 1492 viis-

507 1512 641 1592 ejus
679 1511 1155 1580 ambulaverunt.

585 1601 645 1666 4.
679 1601 766 1665 Τυ
799 1605 1096 1670 mandasti
1146 1607 1420 1672 mandata
1449 1617 1570 1686 tua,
1630 1611 1916 1674 custodiri
1949 1611 2150 1673 nimis.

1311 304 1368 366 S.
1421 304 1844 372 ATHANASII
1887 311 2052 372 OPP.
2101 313 2293 375 PARS
2335 311 2444 376 IlI.
2493 346 2567 359 -ο
2620 317 3068 380 EXEGETIGA.

3731 320 3860 385 1176

2180 455 2221 502 Α
2324 443 2424 507 55.
2462 445 2587 512 Θειὶς
2620 469 2721 521 μου
2751 447 2806 503 εἴ
2841 447 2924 519 σὺ,
2959 447 3045 502 καὶ
3072 445 3537 523 ὲξομολογήσομαί
3583 468 3664 504 σοι
3698 463 3712 479 ⁶

2327 533 2424 596 56.
2461 535 2590 597 Θεός
2625 558 2725 610 μου
2759 536 2813 592 εἶ
2850 537 2934 607 σὺ,
2965 537 3049 591 καὶ
3079 535 3280 610 ὑψώσω
3305 556 3387 595 σε.

2324 624 2423 685 57.
2468 622 2964 702 Ἐξομολογήσομαί
2996 646 3102 697 σοι,
3135 622 3215 680 ὅτι
3261 625 3563 695 ἐπήκουσάς
3596 648 3694 700 μου
3727 643 3738 656 ·

2323 713 2424 776 58.
2459 713 2562 775 Καὶ
2591 713 2769 791 ἐγένου
2801 737 2893 789 μοι
2928 716 2998 777 εἰς
3032 715 3320 791 σωτηρίαν.

2324 804 2424 867 59,
2461 801 2903 882 ἘΞομολογεῖσθε
2935 811 3010 878 τῷ
3041 806 3231 883 Κυρίῳ,
3266 803 3348 860 ὅτι
3379 803 3599 883 ἀγαθὸς,

2323 890 2421 955 60.
2458 890 2592 951 ’Ὅτι
2625 895 2697 958 εἰς
2730 895 2820 949 τὸν
2852 895 3017 948 αἰῶνα
3047 894 3108 948 τὸ
3140 891 3286 957 ἕλεος
3318 894 3498 957 αὒτοῦ,

2687 981 3046 1050 Ἀλληλούϊα,
3081 988 3247 1042 tua.
3284 983 3442 1045 pm’.

2322 1073 2581 1149 Μακάριοι
2643 1075 2688 1129 οἱ
2751 1071 2965 1148 ἄμωμοι
3027 1075 3083 1128 ἒν
3143 1069 3274 1152 ὁδῷ,
3342 1076 3388 1129 οἱ
3433 1073 3776 1152 πορευόμενοι
3820 1077 3869 1131 ὲν

2241 1162 2390 1237 νόμῳ
2433 1161 2652 1242 Κυρίου.

2318 1249 2378 1310 2.
2415 1253 2676 1330 Μακάριοι
2706 1254 2754 1307 οἱ
2798 1250 3169 1330 ἐξερευνῶντες
3220 1252 3284 1308 τὰ
3314 1252 3569 1330 μαρτύρια
3601 1256 3778 1333 αὐτοῦ,
3820 1253 3868 1309 iv

2237 1341 2341 1417 ὅλῃ
2366 1340 2546 1420 καρδίᾳ
2578 1339 2958 1412 ἐκζητήσόυσιν
2991 1344 3170 1399 αὐτόν.

2318 1435 2380 1493 3.
2413 1432 2484 1491 0'3
2515 1432 2615 1510 γὰρ
2641 1432 2687 1487 οἱ
2719 1428 3062 1510 ἐργαζόμενοι
3092 1431 3190 1497 τὴν
3221 1431 3443 1506 ἀνομίαν
3491 1430 3543 1486 ἐν
3571 1444 3693 1492 ταῖς
3735 1429 3868 1495 ὁδοῖς

2239 1525 2398 1581 αὐτοῦ
2428 1521 2785 1600 ἐπορεύθησαν
2797 1565 2808 1578 .

2318 1611 2380 1676 4,
2416 1611 2487 1667 Σὺ
2547 1609 2792 1666 ἑνετείλω
2846 1610 2939 1671 τὰς
2984 1608 3199 1675 ἐντολάς
3244 1632 3360 1690 σου,
3425 1618 3517 1668 τοῦ
3565 1609 3871 1689 φυλάξασθαι

2241 1699 2461 1783 σφόδρα,

584 1781 656 1877 5..
690 1777 944 1877 Utinam
967 1783 1300 1865 dirigantur
1328 1793 1435 1851 vim
1467 1808 1641 1866 meas,
1675 1791 1747 1853 ad
1803 1789 2151 1852 custodien-

2290 1777 2385 1854 ’5.
2420 1789 2663 1872 ’Ὄφελον
2695 1789 3162 1855 κατιυθυνθείησαν
3190 1790 3241 1844 αί
3291 1787 3404 1845 ὁδοί
3435 1813 3559 1864 μδυ,
3593 1797 3686 1848 τοῦ
3715 1789 3872 1868 φυλά-

501 1865 608 1932 das
630 1868 1098 1950 justiﬁcationes
1130 1883 1283 1938 tuas.

579 1959 642 2052 6.
666 1958 832 2023 Tunc
857 1980 975 2024 non
1000 1965 1331 2029 confundar
1362 1985 1495 2030 cum
1539 1988 1897 2052 perspexero
1929 1971 1988 2031 in
2029 1989 2153 2030 om-

501 2048 679 2115 nibus
707 2053 1000 2116 mandatis
1035 2058 1174 2122 tuis.

2239 1881 2420 1948 ξασθαι
2450 1881 2516 1937 τὰ
2547 1879 2888 1955 δικαιώματά
2919 1901 3036 1940 σου,

2321 1969 2380 2033 6.
2417 1970 2548 2028 Τότε
2584 1970 2643 2026 οὔ
2670 1971 2748 2044 μὴ
2781 1971 3072 2049 αἰσχυνθῶς
3106 1967 3159 2023 ἐν
3214 1975 3288 2042 τῷ
3324 1989 3389 2043 με
3436 1967 3743 2026 ἐπιϐλεπειν
3793 1969 3869 2025 ἐπὶ

2240 2060 2412 2122 πάσας
2439 2057 2534 2120 τὰς
2566 2055 2783 2120 ἐντολάς
2818 2078 2932 2117 σου.

1641 2180 2061 2246 ATHANASII
2107 2175 2741 2242 INTERPRETATIO.

580 2297 681 2368 55,
712 2296 814 2360 56.
846 2295 1271 2382 Unusquisque
1301 2303 1672 2367 credentium
1704 2305 1958 2368 audiens
1990 2322 2148 2366 amo-

495 2403 652 2467 rem,
685 2394 744 2449 et
772 2388 998 2451 viscera
1023 2390 1289 2454 cruciﬁxi
1323 2401 1568 2474 propter
1601 2394 1893 2475 nos,dicit
1929 2411 1942 2456 ε
1985 2393 2149 2454 Deus

497 2493 667 2539 meus
694 2493 757 2539 es
787 2485 874 2551 tu,
909 2483 968 2540 et
995 2479 1357 2560 conﬁtebor,
1391 2500 1488 2545 me
1532 2489 1728 2564 ipsum
1771 2484 2148 2562 redemptum

497 2582 632 2629 esse
665 2567 924 2646 pretioso
957 2574 1057 2630 tuo
1087 2573 1400 2650 sanguine.

575 2657 676 2729 57,
714 2655 810 2720 58.
849 2659 1005 2720 Deus
1053 2677 1225 2722 meus
1281 2679 1345 2723 es
1396 2669 1480 2737 tu,
1534 2669 1592 2724 et
1636 2661 1984 2742 glorificabo
2042 2668 2146 2722 te:

494 2745 726 2808 tradam
760 2764 855 2809 me
913 2746 1067 2827 ipse,
1100 2750 1379 2830 quoniam
1444 2771 1564 2814 non
1598 2761 1904 2815 aversatus
1934 2770 1998 2814 es
2031 2769 2148 2827 me,

494 2833 600 2895 sed
632 2843 1004 2898 ostensuses
1029 2836 1266 2918 adjutor
1299 2840 1443 2901 mihi
1478 2841 1538 2902 in
1569 2841 1840 2905 salutem.

577 2923 677 2987 59.
712 2921 778 2985 In
811 2932 930 2987 toto
989 2927 1173 2990 corde
1211 2927 1615 3010 deprecamini
1667 2949 1828 3010 eum,
1865 2930 2146 3010 quoniam

497 3011 691 3075 bonus
731 3022 843 3076 est.

576 3102 675 3168 60.
710 3105 1002 3177 Quoniam
1028 3121 1146 3169 non
1176 3109 1447 3188 avertitja
1476 3109 1649 3172 nobis
1673 3108 2147 3172 misericordiam

495 3209 665 3254 suam
677 3244 690 3258 .

2313 2301 2414 2382 55,
2449 2299 2547 2365 56.
2589 2301 2662 2372 (1)
2706 2298 2981 2366 ’Ἕκαστος
3028 2309 3136 2358 τῶν
3178 2301 3600 2381 πιστευσάντων,
3646 2302 3870 2366 ἀκούσας

2233 2391 2330 2459 τὴν
2373 2390 2614 2469 ὰγάπην,
2661 2391 2748 2446 καὶ
2789 2391 2856 2446 τὰ
2904 2387 3196 2470 σπλάγνχα
3237 2396 3330 2446 τοῦ
3374 2391 3762 2469 σταυρωθέντος
3816 2389 3875 2447 δι’

2235 2481 2404 2556 ἡμᾶς,
2465 2479 2634 2557 λὲγει⁸
2684 2481 2812 2543 Θεός
2857 2501 2958 2554 μου
3016 2479 3071 2536 εἷ
3117 2480 3203 2558 σὺ,
3247 2480 3336 2536 καὶ
3390 2478 3618 2553 ἐμαυτὸν
3683 2479 3873 2555 ὁμολοο

2239 2569 2392 2647 γῆσω
2435 2568 2785 2648 ἑξηγορᾶσθαι
2830 2575 2906 2643 τῷ
2937 2570 3096 2643 τιμίῳ
3141 2591 3234 2628 σου
3275 2568 3499 2643 αἵματι,

2319 2658 2420 2740 57,
2454 2658 2554 2721 58.
2607 2659 2734 2722 Θεόι
2781 2681 2884 2734 μου
2928 2660 2983 2716 εἴ
3030 2659 3118 2737 σὺ,
3162 2659 3253 2715 καὶ
3286 2656 3488 2724 δοξάσω
3532 2680 3591 2715 σε
3617 2675 3629 2689 ⁸
3679 2659 3880 2717 ὶκδωσω

2236 2749 2484 2824 ἐμαυτὸν,
2535 2748 2613 2805 ὅτι
2682 2753 2776 2808 οὐκ
2844 2749 3190 2830 ἀπεστράφης
3260 2770 3350 2827 με,
3399 2747 3521 2805 ἀλλ’
3566 2747 3879 2830 ἀπεδείχθης

2233 2837 2428 2914 βοηθός
2474 2860 2575 2913 μου
2620 2839 2692 2902 εἷς
2727 2839 3016 2913 σωτηρίαν,

2314 2926 2414 2990 59.
2447 2928 2538 2985 Ἐν
2572 2926 2672 3004 ὅλῃ
2718 2925 2900 3002 καρδίᾳ
2961 2929 3314 3027 προσεύχεσθε
3381 2931 3521 3001 αὒτῷ
3573 2926 3658 2984 ὅτι
3692 2929 3873 3006 ἀγαθος

2231 3021 2374 3074 ἔστιν
2386 3062 2398 3076 .

2312 3106 2414 3171 60.
2451 3107 2582 3166 ’Ὅτι
2628 3111 2721 3166 οὒκ
2750 3107 3062 3186 ἀπεστράφη
3095 3105 3187 3185 ἀφ’
3217 3107 3374 3182 ἡμῶν
3400 3110 3460 3163 τὸ
3521 3106 3674 3172 ἔλεος
3708 3108 3875 3163 αὖτοῦ.

577 3286 641 3346 Ἠ
672 3290 999 3368 προκειμένη
1032 3292 1301 3372 ἐπιγραφὴ
1335 3294 1576 3374 περιέχει
1611 3292 1963 3372 Ἀλληλούϊα,
1994 3292 2124 3370 ὅπερ
2158 3290 2503 3371 ἑρμηνεύεται
2537 3286 2765 3366 [αἰνεῐτε
2797 3291 2887 3346 τὸν
2912 3288 3037 3346 ὄντα
3069 3289 3230 3370 Θεόν]
3262 3288 3504 3386 διάφορος
3539 3289 3879 3373 [διαφόρως1,

495 3384 568 3448 εἷς
599 3383 764 3458 ὕμνον
793 3387 881 3442 καὶ
913 3385 1067 3442 αἶνον
1098 3387 1242 3461 ἡμᾶς
1274 3395 1367 3444 τοῦ
1399 3397 1530 3447 Θεοὺ
1573 3389 2030 3469 προτρεπομένου,

575 3471 808 3535 Titulus
843 3474 1198 3554 praepositus
1227 3477 1492 3540 continet
1527 3497 1541 3540 :
1578 3477 1864 3552 Alleluia,
1898 3477 2055 3558 quod
2081 3477 2514 3556 interpretatur
2539 3470 2818 3551 [laudate
2848 3490 3006 3546 eum,
3041 3474 3150 3553 qui
3197 3471 3303 3535 De-
3336 3493 3365 3534 s
3408 3475 3523 3554 est]
3577 3476 3742 3538 varie
3784 3493 3888 3536 nos

495 3561 852 3626 adhortante
877 3565 1002 3626 Deo
1027 3563 1100 3625 ad
1135 3565 1430 3628 canticum
1466 3576 1523 3628 et
1553 3567 1818 3631 laudem.

578 3658 633 3720 1.
661 3655 848 3730 Beati,
876 3657 976 3738 qui
1006 3657 1336 3722 secundum
1387 3659 1525 3736 Job,
1558 3660 1860 3723 abstinent
1887 3660 1960 3722 ab
1985 3660 2145 3722 omni

2314 3658 2370 3717 1.
2409 3658 2668 3735 Μακάριοι
2720 3657 2766 3713 οἱ
2813 3656 2946 3712 κατὰ
3002 3657 3092 3713 τὸ)
3129 3656 3268 3736 Ἰὼϐ,
3315 3659 3362 3713 οἰ
3405 3657 3742 3737 ἀπεχόμενοι
3784 3660 3882 3713 ἀπὸ

499 3764 684 3829 opere
715 3747 896 3810 malo.

574 3835 634 3898 2.
669 3834 838 3899 Beati
867 3837 1062 3917 qui,in
1086 3838 1336 3918 singulis
1367 3839 1702 3904 actionibus
1739 3843 1989 3922 probant
2013 3839 2150 3918 quid

497 3924 968 4004 beneplacitum,
1001 3935 1060 3987 et
1091 3927 1418 4007 perfectum
1449 3948 1646 3992 coram
1677 3933 2154 3995 l)eo.Ferventes

495 4014 657 4076 circa
687 4015 1035 4076 charitatem
1058 4016 1189 4096 ejus
1220 4037 1336 4079 non
1371 4018 2012 4102 dormitabunt,curam
2049 4021 2153 4080 ha-

497 4103 730 4191 bentes,
767 4105 1068 4184 quomodo
1101 4123 1237 4166 eum
1271 4107 1329 4168 in
1361 4107 1506 4188 ipsis
1542 4110 1800 4191 hospitio
1830 4111 2145 4191 accipient.

576 4195 636 4254 3.
668 4190 798 4254 Non
847 4193 1009 4254 enim
1041 4194 1309 4258 dicentes
1364 4215 1429 4259 se
1482 4217 1613 4260 esse
1661 4190 2054 4273 Christianos,
2091 4211 2148 4263 et

496 4279 1012 4424 cgnflupiscentias
1058 4285 1262 4347 mundi
1317 4285 1626 4364 habentes,
1677 4291 1806 4369 ejus
1858 4289 2150 4350 mandatis

497 4381 531 4424 ο
579 4381 610 4424 e
660 4381 805 4424 mn.

497 4381 805 4426 onealunt.

578 4453 638 4515 4.
672 4449 758 4514 Tu
793 4451 993 4514 dixisti
1028 4472 1042 4516 :
1075 4453 1437 4519 Maledictus
1463 4460 1664 4520 omnis
1695 4460 1801 4538 qui
1831 4459 1977 4537 facit
2007 4477 2153 4538 opus

499 4542 610 4606 Dei
653 4541 1029 4625 negligenter
1056 4543 1142 4606 56.

576 4631 636 4692 5.
673 4629 784 4692 Det
839 4633 1024 4710 gratia
1095 4645 1218 4716 tua,
1274 4643 1337 4696 ut
1393 4635 1764 4700 instruantur
1820 4639 2152 4700 voluntates

497 4719 847 4872 gordismei
877 4721 950 4783 ad
982 4721 1467 4789 fructificandum
1501 4745 1598 4789 me
1630 4728 1688 4789 in
1711 4729 2150 4808 justilicatinni-

542 4827 610 4872 us
641 4818 778 4872 tuis.

542 4827 610 4872 IIS
641 4818 778 4873 tuis.

579 4899 637 4964 6.
671 4898 739 4961 In
769 4901 866 4963 die
922 4901 1133 4981 judicii
1178 4923 1297 4966 non
1353 4906 1594 4968 audiam
1651 4927 1684 4969 a
1743 4919 1803 4970 te
1836 4909 1976 4969 illud
2013 4910 2148 4970 Non

2236 3749 2433 3812 παντὸς
2465 3749 2700 3823 πονηροῦ
2723 3747 3062 3824 πράγματος.

2318 3840 2376 3896 2.
2415 3836 2676 3914 Μακάριοι
2731 3839 2778 3892 οἱ
2824 3835 2938 3891 καθ’
2989 3835 3218 3902 ἑκάστην
3277 3834 3461 3912 πρᾷξιν
3517 3832 3880 3910 δοκιμάζοντες

2235 3927 2285 3982 τί
2331 3927 2386 3982 τὸ
2430 3927 2706 4005 εὐάρεστον
2751 3926 2836 3981 καὶ
2886 3924 3088 3980 τέλειον
3118 3925 3260 4002 παρᾶ
3290 3927 3366 3997 τῷ
3395 3927 3530 3996 Θεῷ.
3567 3928 3765 4000 Θερμοὶ
3791 3924 3876 3981 ὅν-

2240 4038 2328 4080 τες
2358 4017 2475 4091 περὶ
2507 4017 2606 4083 τὴν
2640 4015 2855 4093 ἀγάπην
2885 4015 3044 4070 αὒτοῦ
3090 4017 3195 4093 οὐχ
3240 4013 3534 4072 ὑπνώσυυσι
3582 4021 3878 4092 μεριμνῶν-

2232 4128 2339 4186 τες,
2374 4111 2488 4168 πῶς
2523 4105 2677 4162 αὺτὸν
2707 4102 2952 4168 δέξωνται
2982 4102 3185 4160 ’ἐνοικον
3216 4105 3424 4167 αὐτοῖς.

2315 4197 2374 4258 3.
2410 4197 2482 4253 Οὔ
2513 4195 2612 4273 γὰρ
2657 4196 2704 4249 οἱ
2774 4191 3052 4269 λεγόμενοι
3098 4196 3238 4248 εἶναι
3285 4194 3610 4272 Χριστιανοὶ,
3662 4195 3748 4249 καί
3789 4195 3879 4255 τας

2232 4286 2506 4361 ἐπιθυμίας
2539 4290 2630 4340 1:03
2663 4283 2860 4357 κόσμου
2912 4282 3159 4362 ἔχοντες,
3207 4296 3325 4344 τοῖς
3375 4283 3682 4360 πράγμασιν
3714 4281 3874 4360 [προ-

2233 4374 2551 4454 στάγμασιν]
2589 4374 2745 4428 αὒτοῦ
2790 4373 3081 4431 πείθονται.

2313 4465 2374 4527 4,
2412 4465 2482 4518 Σὺ
2528 4476 2686 4524 εἶπας
2716 4477 2729 4492 ⁸
2777 4459 3205 4539 Ἐπικατάρατος
3251 4467 3356 4522 πᾶς
3404 4463 3432 4515 ὸ
3475 4467 3646 4516 ποιῶν
3690 4463 3756 4518 τὰ
3797 4468 3882 4516 τοῦ

2239 4556 2420 4633 Κυρίου
2454 4550 2694 4626 ἀμελῶς.

2315 4643 2372 4703 5.
2411 4643 2535 4716 Δῴη
2565 4643 2600 4709 ἡ
2630 4642 2788 4720 χάρις
2823 4661 2914 4696 σου
2945 4643 3308 4706 συνετισθῆναι
3355 4640 3421 4695 τὰ
3477 4639 3759 4714 θελήματα
3789 4641 3879 4705 τῆς

2231 4731 2441 4812 καρδίας
2473 4753 2576 4805 μου
2635 4737 2726 4786 τυῦ
2778 4742 3136 4808 καρποφορεῖν
3199 4749 3264 4802 με
3325 4728 3378 4784 ἐν
3411 4741 3529 4791 τοῖς
3559 4727 3878 4803 δικαιώμασί

2231 4844 2324 4879 σου
2335 4864 2351 4881 ο

2310 4911 2370 4973 6.
2400 4908 2494 4970 Ἑν
2521 4916 2588 4986 τῇ
2621 4909 2790 4986 ἡμέρᾳ
2847 4913 2946 4974 τῆς
2991 4907 3210 4986 κρίσεως
3258 4908 3318 4964 οὔ
3363 4909 3442 4983 μὴ
3487 4907 3700 4981 ἀκούσῳ
3744 4909 3876 4984 παρὰ

498 4991 643 5079 τιουὶ
675 4997 753 5064 te,
786 4991 837 5051 si
891 5010 1062 5054 mens
1093 5011 1223 5056 mea
1282 4995 1616 5060 illuminata
1646 4997 1827 5061 fuerit
1854 5000 1915 5059 in
1949 4999 2150 5059 omni-

2281 5003 2328 5060 >ὖ
2369 5002 2453 5079 τὸ,
2502 5003 2609 5058 Οὔκ
2651 4996 2776 5056 οἶδά
2820 5019 2901 5076 σε,
2951 4998 3011 5052 ἃν
3053 4999 3087 5066 ἡ
3152 4995 3354 5054 διάνοιά
3399 5019 3502 5072 μου
3551 4999 3874 5076 πεφώτισται

499 5076 614 5140 bus
637 5081 951 5161 praceptis
981 5083 1123 5144 tuis.

578 5213 644 5268 56
671 5211 803 5279 Jer.
837 5233 1036 5299 xmu,
1074 5217 1174 5283 10.

2237 5088 2370 5168 [ἐπὶ]
2404 5089 2577 5152 πάσας
2620 5088 2714 5149 τὰς
2759 5085 2978 5150 ἐντολάς
3024 5107 3141 5144 σου.

1545 5303 1848 5368 Addenda
1883 5310 1950 5368 et
1978 5305 2356 5385 corrigenda
2383 5320 2454 5367 ex
2491 5302 2631 5366 cod.
2665 5301 2862 5366 Vatic.

705 5416 1243 5509 N:_‘5_5.‘"Exz_atoc,
1277 5433 1422 5500 etc.,
1449 5429 1536 5485 καὶ
1566 5429 1775 5509 ἑαυτόν,
1809 5437 1923 5490 etc.
1963 5426 2028 5490 Ν.
2065 5426 2164 5492 56,
2203 5427 2329 5490 Θεός
2377 5424 2478 5501 μου
2526 5425 2580 5480 εἴ
2612 5427 2696 5506 σὺ,
2732 5427 2818 5481 καί
2850 5423 3050 5492 δοξάσω
3080 5451 3162 5488 σε.
3197 5427 3263 5490 Ν.
3301 5431 3401 5493 57.
3439 5429 3716 5503 Ἐκδώσω,
3753 5437 3862 5490 etc.

500 5468 550 5533 Ν
556 5530 570 5546 ι
585 5468 686 5561 ‘55
695 5468 1200 5574 ,Πάλλῗάπέδέῖξυαῖ

587 5604 674 5685 (1-)
709 5606 926 5696 Divisio
958 5612 1385 5696 versiculorum
1419 5614 1595 5696 hujus
1631 5617 1845 5696 psalmi
1876 5622 1936 5678 in
1962 5617 2168 5679 codice
2191 5613 2473 5676 Vaticano
2503 5611 2754 5696 omnino
2779 5610 3015 5675 diversa
3039 5613 3340 5696 erat,ideo
3365 5631 3606 5696 necesse
3639 5613 3865 5696 fuitin-

501 5692 733 5761 tegrum
755 5686 882 5751 fere
913 5691 1204 5772 psalmum
1236 5711 1374 5757 cum
1402 5686 2022 5780 suaintérpretatione
2047 5695 2370 5770 ascribere,
2408 5689 2646 5753 omissis
2667 5690 2861 5754 solum
2888 5686 3198 5758 nonnullis
3228 5694 3626 5776 versiculis,ln
3650 5693 3864 5775 quibus
