4118 6208
311 365 464 430 1177
1103 361 1200 422 DE
1246 361 1563 422 TITULIS
1610 359 2092 422 PSALMORUM.
2142 394 2211 404 ——
2267 361 2475 424 PSAL.
2523 361 2784 423 CXVIII.
3534 363 3685 426 1178

385 501 444 561 7.
479 494 977 572 Ἐξομολογήσομαί
1006 515 1088 550 σοι
1152 492 1206 549 ἒν
1249 495 1488 560 εὓθύτητι
1541 492 1748 572 καρδίας
1780 495 1834 550 ἐν
1862 501 2000 569 τῷΑ

2099 497 2161 557 7.
2199 496 2544 559 Conﬁtebor
2589 495 2693 556 tibi
2752 494 2812 555 in
2868 493 3197 557 directione
3228 495 3451 573 cordis,
3499 500 3556 562 in
3607 519 3679 563 eo

309 585 676 664 μεμαθηκέναι
709 605 776 661 με
818 584 884 639 τὰ
915 585 1146 661 κρίματα
1175 588 1274 650 τῆς
1305 581 1638 651 δικαιοσύνης
1673 608 1787 647 σου,

1489 587 1638 651 σύνης
1673 608 1787 647 σου.
2037 586 2198 662 quod
2236 585 2418 646 didici
2446 585 2671 665 judicia
2697 584 2947 665 justitize
2979 594 3115 648 tuae.

387 678 450 740 8.
483 679 559 736 Τὰ
588 674 922 751 δικαιώματά
952 694 1044 730 σου
1075 671 1308 752 φυλάξω,
1358 675 1434 748 μή
1480 694 1546 748 με
1589 666 1948 752 ἐγκαταλίπῃς

2115 676 2172 736 8.
2205 677 2666 737 Justiticationes
2700 685 2826 735 tuas
2857 673 3211 756 custodiam,
3235 693 3353 738 non
3388 694 3482 738 me
3508 679 3679 740 dere-

310 768 410 830 ἕως
444 765 662 848 σφόδρα.

2035 763 2271 846 linquas
2302 781 2746 844 usquequaque.

387 858 447 922 9,
483 859 574 914 Ἐν
617 857 715 911 τίνι
745 854 1068 933 κατορθώσει
1122 852 1377 932 νεώτερος
1407 854 1504 922 τὴν
1529 852 1647 910 ὁδὸν
1679 855 1865 932 autut”);
1897 856 1951 912 ἐν

2113 857 2170 917 9.
2213 857 2274 916 ln
2307 874 2421 934 quo
2453 855 2699 933 corrigit
2728 852 3168 915 adolescentior
3198 854 3350 917 viam
3385 855 3584 918 suam?
3619 857 3678 918 in

301 954 371 1025 τῇ
403 946 722 1026 φυλάξασθαι
751 944 874 1008 τοὺς
907 942 1096 1021 λόγους
1122 964 1239 1001 σου.

2034 943 2428 1008 custodiendo
2462 963 2772 1006 sermones
2805 953 2955 1007 tuos.

380 1040 483 1099 40.
517 1039 607 1094 Ἐν
636 1032 740 1110 ὅλῃ
771 1031 957 1112 καρδίᾳ
988 1054 1092 1108 μου
1141 1031 1434 1103 ἐξεζήτησά
1491 1055 1573 1108 σε,
1644 1035 1722 1110 μὴ
1754 1035 1947 1112 ἂπώσῃ

2119 1033 2212 1098 10.
2244 1032 2311 1095 In
2357 1041 2474 1094 toto
2504 1035 2682 1095 corde
2717 1053 2848 1096 meo
2875 1034 3163 1114 exquisivi
3197 1041 3273 1107 te,
3309 1053 3386 1096 ne
3417 1035 3678 1117 repellas

302 1150 370 1205 με
399 1128 505 1184 ἀπὸ
532 1127 639 1182 τῶν
671 1122 898 1181 ἐντολῶν
929 1145 1049 1184 σου,

2034 1142 2130 1186 me
2160 1143 2194 1185 a
2239 1124 2532 1185 mandatis
2567 1124 2679 1184 tuis
2709 1145 2721 1182 :

383 1218 483 1281 11.
520 1215 611 1274 Ἐν
639 1220 707 1291 τῇ
742 1212 925 1289 καρδίᾳ
958 1234 1060 1289 μου
1103 1210 1304 1290 ἔκρυψα
1352 1212 1417 1268 τὰ
1448 1211 1603 1290 λόγια
1633 1235 1746 1294 σου³
1799 1213 1946 1281 ὅπως

2120 1215 2213 1277 ll.
2250 1217 2313 1274 ln
2349 1213 2531 1275 corde
2554 1232 2686 1274 meo
2718 1212 3006 1277 abscondi
3039 1213 3277 1292 eloquia
3310 1223 3432 1290 tua,
3466 1222 3532 1277 ut
3560 1233 3681 1277 non

299 1308 362 1365 ἃν
395 1309 472 1374 μὴ
504 1305 724 1381 ἁμάρτω
753 1324 859 1364 σοι,

813 1325 859 1364 ιι.
2032 1322 2275 1386 peccem
2313 1302 2439 1363 tibi.

387 1395 483 1458 12.
518 1394 828 1473 Εὐλογητὸς
859 1393 940 1469 εἴ,
973 1393 1164 1469 Κύριε,
1197 1390 1400 1458 διδαξόν
1427 1414 1492 1468 με
1523 1393 1588 1449 τὰ
1617 1391 1950 1469 δικαιώματά

2116 1397 2209 1455 l2.
2257 1393 2619 1455 Benedictus
2650 1413 2737 1469 es,
2767 1393 3044 1475 Domine,
3079 1392 3228 1458 doce
3263 1413 3358 1458 me
3379 1394 3681 1476 jnstiﬁca-

302 1509 419 1550 σου.

2035 1483 2229 1547 tiones
2257 1489 2409 1543 tuas.

388 1574 489 1638 43.
520 1573 609 1633 Ἐν
645 1579 764 1637 τοῖς
796 1572 1004 1653 χεὶλεσὶ
1045 1593 1145 1649 μου
1175 1570 1456 1652 ἐξήγγειλα
1506 1573 1677 1630 πάντα
1727 1574 1792 1629 τὰ
1837 1575 1952 1654 κρί-

2118 1571 2214 1636 13.
2261 1571 2326 1632 In
2360 1571 2537 1633 labiis
2597 1578 2744 1634 meis
2794 1576 3162 1652 pronuntiavi
3214 1574 3412 1636 omnia
3453 1573 3683 1654 judicia

307 1687 450 1741 ματα
480 1673 571 1723 τοῦ
601 1665 868 1738 στόματος
898 1685 1012 1724 σου,

674 1665 868 1738 όματος
898 1685 1012 1724 σου.
2036 1662 2158 1724 oris
2192 1661 2300 1724 tui.

388 1755 486 1817 14.
521 1754 611 1813 Ἐν
639 1760 707 1830 τῇ
737 1752 842 1826 ὁδῷ
895 1752 1002 1809 τῶν
1058 1754 1352 1832 μαρτυρὶων
1411 1775 1506 1811 σου
1565 1753 1843 1836 ἐτέρφθην,
1877 1754 1948 1820 ὡς

2118 1752 2190 1815 14
2266 1753 2330 1813 ln
2383 1753 2474 1813 via
2531 1756 3004 1814 testimoniorum
3065 1761 3299 1816 tuorum
3348 1752 3678 1816 delectatus

304 1845 390 1901 ἐπὶ
423 1846 578 1901 παντὶ
607 1843 846 1914 πλούτῳ.

1975 1869 2012 1919 Β
2035 1859 2193 1919 sum,
2225 1840 2382 1902 sicut
2412 1840 2474 1902 in
2507 1840 2788 1903 omnibus
2811 1842 3050 1904 divitiis.

391 1933 487 1994 l5.
518 1933 606 1992 Ἐν
635 1945 757 1994 ταῖς
808 1931 1052 1996 ἐντολαῖς
1101 1956 1195 1990 σου
1245 1931 1626 2015 ἆδολεσχήσω,
1661 1937 1748 1991 καὶ
1780 1956 1950 1993 κατα·-

2119 1931 2214 1992 15.
2262 1933 2324 1991 ln
2359 1930 2650 1993 mandatis
2681 1931 2794 1993 tuis
2825 1931 3176 2010 exercebar,
3209 1940 3267 1996 et
3287 1930 3679 1994 considerabo

307 2025 484 2093 νοήσω
511 2023 606 2085 τὰς
638 2017 784 2084 ὁδούς
816 2043 932 2084 σου,

731 2020 784 2084 Li;
816 2043 932 2084 σου.
2032 2021 2156 2084 vias
2206 2028 2357 2084 tuas.

383 2112 482 2174 16,
516 2110 607 2171 Ἐν
638 2124 755 2173 τοῖς
801 2109 1120 2187 δικαιώμασί
1178 2134 1272 2170 σου
1305 2111 1611 2188 μελετήσω,
1671 2118 1763 2172 οὒκ
1822 2115 1946 2170 ἑπι-

2113 2113 2210 2176 16.
2263 2109 2329 2172 In
2385 2111 2915 2190 justtﬁcationibus.
2969 2113 3080 2174 tuis
3127 2109 3496 2190 fmeditabor,
3561 2129 3679 2173 non

303 2202 538 2273 λήσομαι
564 2203 670 2258 τῶν
704 2200 879 2278 λόγων
908 2223 1026 2264 σου,

2031 2200 2351 2262 obliviscar
2380 2218 2694 2262 sermones
2725 2207 2880 2263 tuos.

382 2293 481 2356 17,
514 2288 838 2354 Ἀνταπὸδος
888 2298 963 2366 τῷ
1006 2290 1173 2367 δούλῳ
1217 2316 1330 2368 σου,
1367 2293 1529 2365 ζῆσόν
1585 2315 1676 2370 με,
1709 2296 1798 2352 καὶ
1843 2315 1943 2374 φυ-

2115 2292 2208 2353 t'l.
2251 2289 2540 2352 Retribue
2571 2308 2744 2355 servo
2777 2299 2898 2369 tuo,
2935 2291 3164 2355 viviﬁca
3195 2309 3314 2366 me,
3361 2298 3420 2352 et
3474 2298 3677 2353 custo-

302 2382 443 2450 λᾶξω
471 2382 592 2446 τοὺς
625 2380 816 2460 λόγως
847 2403 940 2438 σου

2029 2380 2186 2442 diam
2235 2397 2551 2443 sermones
2583 2388 2737 2444 tuos.

1438 2560 1862 2627 ATHANASII
1907 2555 2551 2625 INTERPBETATIO.

377 2742 440 2804 7.
490 2740 664 2800 Ἐκδῶ
694 2743 920 2816 ἐμαυτόν
965 2765 1047 2800 σοι
1103 2743 1156 2797 ἐν
1210 2740 1436 2822 ἀληθινῇ
1486 2741 1691 2824 καρδὶᾳ,
1753 2745 1807 2800 ἐν
1864 2752 1940 2821 τῷ

2099 2743 2161 2805 7.
2195 2737 2450 2801 Tradam
2483 2755 2579 2799 me
2611 2737 2802 2814 ipsum
2861 2737 2965 2800 tibi
3019 2737 3255 2800 sincero
3305 2738 3509 2816 corde,
3546 2757 3681 2802 cum

297 2832 515 2890 ἀκοῦσαὶ
548 2853 614 2906 με
644 2833 754 2912 καὶ,
782 2840 1081 2912 πιστεῦσαι,
1116 2833 1233 2911 περὶ
1277 2834 1372 2902 τῆς
1405 2833 1704 2910 μελλούσης
1738 2833 1923 2893 δικαὶαι

2067 2831 2311 2892 udivero
2378 2835 2437 2890 et
2465 2827 2782 2891 credidero
2837 2827 2911 2890 de
2967 2828 3166 2890 futura
3209 2829 3379 2910 justa
3407 2825 3686 2892 retribuo

297 2919 699 2985 ἀνταποδόσεως
710 2970 723 2984 ,

591 2942 723 2985 εως,
2035 2922 2217 2985 tione.

377 3009 440 3071 8.
496 3011 572 3068 Τὰ
627 3008 962 3090 διπριώματὰ
1021 3035 1115 3070 σου
1173 3014 1261 3070 οὖν
1325 3014 1486 3088 ὲὰσω,
1536 3035 1718 3087 μονον,
1754 3016 1830 3090 μή
1877 3036 1944 3091 με

2113 3016 2172 3074 8.
2207 3007 2668 3071 Justiﬁcationes
2703 3015 2832 3068 tuas
2876 3026 2996 3068 non
3030 3007 3351 3085 dimittam,
3377 3009 3572 3073 solum
3603 3027 3678 3072 ne

296 3097 658 3178 ἰγκαταλὶπης
691 3101 792 3165 ἔως
820 3099 1018 3168 τέλους.

2031 3100 2422 3180 derelinquas
2455 3115 2552 3158 me
2583 3114 2774 3177 usque
2805 3098 2864 3158 in
2898 3097 3104 3161 linem.

375 3190 435 3253 9.
465 3191 586 3254 Πῶς
630 3196 733 3246 τῶν
767 3191 1091 3271 νεωτερικῶν
1150 3194 1444 3270 ἐπιθυμιῶν
1485 3193 1770 3252 ἑπελὰθετό
1817 3217 1892 3261 τις
1927 3213 1943 3272 ;

2110 3193 2171 3251 9.
2205 3186 2515 3263 Quomodo
2541 3187 2896 3266 juvenilium
2937 3187 3323 3268 cupiditatum
3349 3189 3480 3268 quis
3523 3187 3681 3251 obli—

296 3278 386 3337 Ἐν
431 3287 506 3353 τῷ
537 3283 891 3355 μνημονεύειν
951 3283 1104 3338 αὐτὸν
1144 3282 1250 3338 τῶν
1306 3283 1598 3363 εἰρημένων
1653 3285 1799 3356 παρὰ
1827 3291 1920 3340 σοῦ

2051 3281 2495 3366 riscetur?_Dum
2519 3277 2649 3357 ipse
2679 3275 3022 3366 meminerit
3047 3296 3180 3357 quae
3210 3281 3325 3341 ate
3341 3278 3498 3341 dicta
3518 3288 3677 3354 sunt,

293 3367 376 3425 ὅτι
432 3368 718 3442 μέλλουσιν
775 3371 986 3427 ἀκούειν
1048 3374 1094 3428 οἱ
1151 3359 1481 3451 ἁμαρτωλοί.
1533 3370 1793 3451 Ὑπάγετε
1851 3373 1919 3429 ἀπ

2059 3370 2184 3449 ιυοά
2217 3359 2558 3449 peccatores
2578 3364 2838 3426 audituri
2859 3374 2995 3426 sunt
3019 3387 3031 3428 :
3063 3367 3360 3429 Discedite
3379 3385 3415 3428 a
3442 3385 3537 3430 me
3559 3386 3685 3430 ma-

293 3460 426 3532 ἑμοῦ
456 3461 502 3515 οί
531 3461 892 3536 κατηραμένοι
951 3461 1023 3524 εἰς
1082 3463 1142 3517 τὸ
1206 3472 1306 3539 πυρ
1367 3463 1427 3519 τὸ
1462 3463 1696 3534 αἰώνιον,
1749 3464 1834 3519 καὶ
1880 3485 1919 3519 τι

1546 3463 1696 3534 ὶνιον,
1749 3464 1834 3519 καὶ
1880 3463 1947 3519 τὰ
2033 3459 2264 3538 lcdicti,
2303 3459 2368 3518 in
2397 3458 2599 3534 ignem
2630 3461 2927 3517 mtemum
2950 3453 3026 3529 ⁵⁷,
3061 3465 3172 3516 etc.

293 3547 439 3614 ἑξῆς.

376 3637 473 3699 10.
545 3635 629 3703 Ἐξ
679 3637 809 3705 ὅλης
864 3660 962 3707 της
995 3639 1180 3719 ψυχῆς
1224 3663 1323 3715 μου
1381 3640 1690 3706 ἐπεπόθησά
1733 3661 1814 3712 σε,
1867 3641 1944 3714 μὴ

2116 3638 2213 3699 10.
2248 3637 2334 3696 Ex
2366 3631 2699 3694 totaanima
2731 3649 2861 3693 mea
2890 3630 3220 3695 desideravi
3245 3640 3323 3714 te,
3359 3651 3434 3694 ne
3461 3653 3556 3696 me
3580 3635 3677 3697 in-

294 3725 504 3790 ἀνάξιον
535 3727 748 3804 ἡγήσῃς
782 3749 847 3802 με
879 3733 976 3794 τῆς
1007 3729 1232 3808 χάριτός
1261 3751 1377 3792 σου,

1347 3754 1377 3792 ›.
2031 3726 2274 3806 dignum
2312 3724 2616 3785 existimes
2633 3721 2821 3801 gratia
2853 3728 2973 3782 tua.

378 3817 472 3874 11.
515 3813 605 3872 Ἐν
639 3816 782 3891 πάσῃ
834 3816 1052 3895 ,φυλακῇ
1105 3819 1326 3895 ἐτήρουν
1367 3820 1578 3898 ἑαυτὸν,
1613 3818 1690 3893 μὴ
1725 3817 1888 3874 ἐλθὼν
1921 3822 1948 3875 ὁ

2119 3815 2212 3876 11.
2250 3811 2428 3875 Omni
2476 3811 2749 3873 custodia
2786 3811 3082 3892 meipsum
3114 3812 3551 3888 custodiebam,
3605 3833 3681 3877 ne

297 3905 528 3982 πονηρὸς
559 3901 696 3980 λάϐῃ
729 3904 834 3960 ἀπὸ
881 3906 977 3972 τῆς
1008 3904 1222 3978 καρδίας
1257 3931 1357 3982 μου
1404 3910 1467 3964 τὰ
1494 3908 1651 3986 λόγιά
1687 3930 1804 3982 σου,
1860 3931 1923 3965 κα

2052 3904 2281 3966 Veniens
2313 3902 2499 3963 malus
2528 3901 2779 3982 accipiat
2823 3919 2855 3962 e
2899 3904 3083 3965 corde
3117 3920 3252 3964 meo
3298 3903 3538 3986 eloquia
3562 3912 3678 3986 tua,

303 3995 467 4067 μείτω
496 3994 717 4072 χέρσος.

2034 4003 2094 4056 et
2129 4002 2404 4055 terrenus
2433 4009 2798 4052 remaneam.

386 4082 482 4143 1⁵2.
535 4081 921 4160 Δεδοξασμὲνος
953 4086 1030 4159 εἴ,
1078 4086 1260 4164 Κύριε,
1298 4085 1498 4152 δίδαξόν
1530 4109 1597 4163 με
1627 4089 1693 4143 τὰ
1724 4085 1950 4144 δικαιώ-

2112 4083 2210 4144 42.
2246 4080 2618 4146 Glorilicatus
2656 4099 2744 4162 es,
2779 4081 3055 4162 Domine,
3089 4081 3238 4144 doce
3271 4101 3365 4144 me
3389 4083 3685 4162 iustifica-

300 4172 443 4246 ματα
473 4182 588 4232 σου.

2033 4180 2227 4235 tiones
2253 4181 2401 4231 tuas.

384 4259 477 4324 l3.
515 4266 630 4342 Οὐχ
661 4263 1061 4339 ὑπεστειλάμην
1104 4273 1195 4322 τοῦ
1225 4266 1302 4341 μή
1335 4264 1558 4346 διδάξαι,
1600 4269 1689 4322 καὶ
1720 4265 1946 4346 διαμαρ-

2115 4264 2212 4326 t3.
2246 4260 2374 4322 Non
2407 4279 2501 4322 me
2531 4258 2809 4334 subduxi,
2834 4261 3158 4344 quominus
3188 4261 3467 4325 docerem
3500 4273 3558 4325 et
3591 4273 3671 4327 te-

296 4351 543 4428 τύρασθαι
575 4352 746 4408 πάντα
770 4355 834 4409 τὰ
859 4354 1134 4426 θελήματά
1169 4377 1284 4414 σου.

2034 4353 2326 4414 stilicarer
2370 4366 2580 4410 omnes
2611 4351 2944 4412 voluntates
2977 4360 3126 4414 tuas.

377 4440 476 4502 14.
508 4437 699 4504 Οἷτως
745 4449 918 4522 χαρᾶς
962 4441 1292 4521 πληροῧμαι,
1323 4443 1450 4500 ὅταν
1480 4447 1616 4504 πυιῶ
1663 4446 1759 4512 της
1795 4446 1946 4502 ἐντο-

2115 4443 2210 4508 14.
2248 4443 2332 4504 lta
2361 4439 2574 4518 gaudio
2608 4440 2861 4520 impleor
2893 4460 3028 4502 cum
3069 4459 3362 4520 exsequor
3398 4443 3678 4507 mandata

295 4529 389 4592 λάς
447 4551 562 4606 σου,
595 4530 734 4595 ἅπας
782 4534 855 4595 ὡς
910 4530 1137 4589 πλοῦτον
1195 4535 1518 4613 θησαυρίζων
1569 4535 1739 4609 ἑαυτῷ
1769 4533 1822 4591 ἐν
1873 4543 1921 4592 τί

2053 4551 2153 4612 υθ,
2179 4529 2378 4603 veluti,
2397 4537 2462 4589 ut
2493 4547 2608 4589 uno
2640 4528 2816 4588 verbo
2847 4529 3066 4604 dicam,
3089 4529 3323 4591 divitias
3349 4550 3679 4612 congerens

297 4621 492 4693 οὺραῳ.

2034 4618 2434 4700 mihimetipsi
2465 4619 2523 4678 in
2553 4618 2724 4680 coelo.

383 4709 476 4771 15.
532 4707 626 4769 Ἐν
668 4723 790 4774 ταῖς
819 4717 1050 4789 Γραγαϊς
1082 4733 1175 4768 σου
1207 4713 1446 4794 ἀναγνῶ,
1481 4717 1564 4770 καὶ
1622 4727 1737 4776 τοῖς
1785 4714 1951 4795 οφθαλ
1973 4716 2009 4767 D

2117 4712 2214 4774 15.
2269 4711 2332 4771 lu
2380 4704 2707 4787 Scripturis
2739 4705 2853 4768 tuis
2883 4707 3098 4786 legam,
3149 4715 3206 4770 et
3239 4708 3428 4771 oculis
3459 4718 3674 4777 mentis

299 4799 428 4874 μοῖς
464 4804 557 4867 τῆς
590 4799 820 4864 διανοίας
855 4824 954 4876 μου
989 4802 1192 4881 ἐπιγτῶ
1221 4802 1319 4871 τὴν
1363 4800 1582 4878 δύναμιν
1629 4803 1824 4861 αὕτῶν.

1485 4827 1582 4878 ,μιν
1629 4803 1824 4861 αὕτῶν.
2037 4818 2188 4863 mese
2219 4796 2545 4875 intelligam
2577 4813 2779 4861 earum
2813 4797 3111 4860 virtutem.

379 4888 474 4949 16.
512 4890 706 4951 Νυκτὸς
750 4911 836 4945 και
892 4892 1116 4969 ἡμερας,
1178 4893 1264 4948 καὶ
1311 4891 1584 4970 πληρώσω
1643 4894 1827 4958 αὸτοὺς
1859 4891 1951 4972 ἕρ-

2119 4889 2216 4953 16.
2251 4885 2489 4960 Noctes,
2513 4892 2690 4964 atque
2719 4884 2869 4960 dies,
2905 4886 2964 4947 in
2997 4886 3378 4951 sermonibus
3410 4890 3525 4953 tuis
3552 4909 3675 4955 me-

299 4998 434 5056 γοις,
2033 4977 2286 5051 ditabar,
2315 4984 2372 5036 et
2394 4974 2530 5038 illos
2572 4974 2854 5054 Operibus
2893 4975 3184 5056 implebo.

382 5066 478 5128 17.
515 5067 616 5133 Δός
651 5090 740 5144 μοι
785 5069 882 5136 τὴν
931 5070 1094 5150 χάριν
1142 5081 1234 5130 τοῦ
1276 5072 1426 5150 ἁγίου
1483 5074 1809 5153 Πνεύμ.α’τος²
1863 5074 1948 5129 καὶ

2112 5068 2211 5129 17.
2245 5064 2329 5127 Da
2380 5062 2531 5154 mihi
2569 5063 2812 5154 gratiam
2863 5067 3050 5128 sancti
3105 5064 3383 5150 Spiritus,
3443 5077 3503 5135 et
3549 5071 3674 5154 ipsa

298 5159 770 5234 ζωοποιηθήσομαι
813 5156 880 5215 δι’
912 5165 1100 5236 αυτῆς,
1135 5163 1221 5217 καὶ
1271 5160 1543 5241 πληρώσω
1593 5165 1713 5226 τοὺς
1758 5151 1924 5242 λογουι

2044 5154 2394 5232 viviﬁcabor,
2427 5162 2488 5213 et
2516 5151 2780 5232 implebo
2833 5173 3145 5218 sermones
3191 5165 3322 5220 tuos
3368 5151 3670 5240 operibus.

297 5267 390 5302 σου
418 5245 484 5303 δι’
518 5247 683 5328 ἔργων
696 5292 710 5307 .

371 5414 436 5468 57
470 5415 671 5479 Matth.
710 5434 853 5499 xxv,
889 5420 989 5480 41.

292 5573 501 5662 sivein
535 5577 765 5662 psalmo
796 5578 920 5662 sive
945 5579 1002 5642 in
1029 5579 1548 5662 interpretatione,
1574 5583 1735 5646 nulla
1762 5583 2017 5645 varietas
2048 5594 2116 5642 ac
2149 5572 2462 5662 diversitas
2493 5581 2640 5655 erat,
2671 5593 2864 5662 neque
2895 5574 3034 5662 illos
3061 5577 3138 5640 ad
3167 5577 3514 5662 divisionem
3547 5595 3674 5642 ver-

291 5653 1022 5743 siculorumindicandam
1047 5653 1295 5743 nece'Sse
1328 5669 1460 5723 erat
1488 5653 1820 5727 ascribere.
1855 5667 1917 5729 A1

2044 5671 2272 5722 tEst.
2310 5653 2457 5728 Quae
2487 5653 2634 5718 vero
2675 5653 3030 5720 Antonellus‘
3055 5657 3354 5740 ascripsit,
3399 5676 3507 5721 nos
3538 5665 3670 5743 post

293 5735 472 5798 tinem
505 5736 714 5819 psalmi
749 5739 927 5822 hujus
955 5741 1269 5806 addemus.
