4118 6208
469 352 624 417 1183
1271 354 1329 416 S.
1385 352 1802 418 ATHANASII
1849 346 1989 413 OPP
2063 351 2095 411 F

2226 351 2256 413 Ξ
2303 351 2410 412 ΙΙΙ.
2463 385 2531 394 --
2583 345 3034 415 EXEGETICA.
3696 346 3852 410 “84

546 489 614 550 41
655 489 726 552 Ει
764 488 960 551 veniat
1011 506 1192 570 super
1247 504 1342 551 me
1375 485 1786 550 misericordia
1835 491 1957 560 tua,
1989 484 2172 550 Do-A

2279 483 2379 546 41.
2416 487 2524 548 Καὶ
2568 484 2708 544 ἔλθοι
2751 485 2840 543 ἔπ’
2869 485 2964 561 ὶμὶ
2991 485 3054 542 τὸ
3081 482 3238 548 ἕλεος
3262 504 3378 563 σου,
3426 483 3605 561 Κῦριε,
3638 483 3701 540 rb
3726 505 3848 540 σω-

471 579 656 649 mine,
680 580 938 642 salutare
971 588 1131 640 tuum
1178 579 1509 640 secundum
1544 577 1844 657 eloquium
1880 583 2068 638 tuum.

1503 598 1509 636 |
1544 577 1844 657 eloquium
1880 583 2068 638 tuum.
2195 575 2378 644 τῆοιὸν
2421 598 2516 633 σου
2545 576 2678 633 κατᾶ
2707 578 2799 632 τὸν
2825 575 2985 653 λόγου
3013 596 3129 636 σου.

548 669 626 732 42
663 671 730 731 Et
750 669 1128 750 respondebo
1150 665 1647 747 exprobrantibus
1671 666 1817 728 mibi
1837 665 2108 748 verbum,

2271 664 2373 728 42.
2407 663 2512 727 Καὶ
2569 666 2998 742 ἀποκριθήσομαι
3041 674 3159 730 τοῒς
3200 661 3507 736 ὀνειδίζουσί
3535 686 3627 740 μοι
3658 662 3852 742 λόγον,

467 759 604 835 quia
637 761 866 838 speravi
900 762 955 822 in
991 759 1369 820 sermonibus
1399 757 1537 818 tuis.

2194 752 2500 821 ὅτιῆλπισα
2533 755 2618 812 ἐπὶ
2658 769 2781 820 τοῖς
2826 754 3008 834 λὸγοις
3053 775 3169 816 σου,

544 848 646 914 43.
680 849 749 910 Et
782 869 854 910 ne
889 849 1123 910 auferas
1151 848 1228 910 de
1257 865 1360 912 ore
1407 865 1538 908 meo
1568 845 1818 908 verbum
1849 846 2113 910 veritatis

2274 841 2374 904 43.
2409 840 2514 902 Καὶ
2545 843 2622 916 μὴ
2667 842 2920 922 περιέλῃς
2981 843 3041 899 ἐκ
3097 849 3194 900 τοῦ
3236 841 3506 917 στάματδς
3557 865 3662 917 μου
3692 841 3857 921 λὸγον

465 957 916 1020 usquequaque,
956 939 1094 1020 quia
1127 939 1184 998 in
1209 937 1459 1018 judiciis
1503 936 1620 998 tuis
1663 938 2083 1018 supersperavi

2232 931 2446 1000 ληθείας
2500 931 2600 998 ἕως
2631 931 2852 1013 σφοδρα,
2884 932 2966 990 ὅτι
2997 933 3084 989 ἐπὶ
3130 944 3249 996 τοῖς
3291 933 3509 1008 κριμασί
3547 953 3639 989 σου
3669 932 3853 1002 ἐπήλ-

2195 1044 2351 1084 πισα,

547 1117 646 1180 44.
683 1118 751 1180 Et
785 1115 1114 1179 custodiam
1149 1117 1338 1196 legem
1374 1123 1531 1178 tuam
1557 1133 1800 1196 semper
1825 1116 1886 1178 iu
1917 1134 2111 1180 szecu-

2273 1108 2378 1172 44.
2410 1108 2515 1172 Καὶ
2545 1110 2756 1191 φυλάξω
2784 1112 2875 1168 τὸν
2918 1111 3082 1187 νὸμον
3126 1134 3220 1170 σου
3275 1108 3566 1174 διαπαντὸς
3625 1112 3701 1177 εἰς
3755 1113 3852 1169 τὸν

471 1206 594 1268 lum
620 1217 677 1268 et
711 1211 769 1269 in
804 1207 1085 1269 saeculum
1117 1206 1344 1269 saeculi.

2196 1201 2386 1275 αἱῶνα,
2409 1203 2496 1258 καὶ
2530 1203 2601 1267 εἰς
2630 1203 2721 1258 τὸν
2754 1203 2916 1258 αἰῶνα
2946 1201 3041 1258 τοῦ
3068 1203 3284 1265 αἰῶνος.

546 1298 647 1359 45.
682 1299 754 1360 Ει
789 1297 1165 1358 ambulabam
1199 1297 1258 1357 in
1304 1293 1642 1370 latitudine,
1675 1295 1816 1377 quia
1841 1296 2116 1360 mandata

2278 1292 2376 1352 45.
2409 1288 2511 1351 Καὶ
2550 1290 2881 1370 ὲπορευὸμην
2915 1291 2969 1348 ἐν
2999 1290 3317 1368 πλατυσμῷ,
3351 1289 3433 1346 δτι
3477 1291 3575 1354 τὰς
3623 1291 3851 1356 ἐντολάς

471 1394 567 1448 tua
601 1386 910 1466 exquisivi.

2199 1401 2293 1436 σου
2323 1379 2635 1452 ἐξεζήτησα.

547 1477 647 1540 46.
673 1476 741 1538 Ει
774 1475 1058 1556 loquebar
1085 1475 1145 1537 in
1181 1475 1536 1538 testimoniis
1560 1475 1680 1536 tuis
1702 1475 1762 1537 in
1785 1489 2115 1557 conspectu

2280 1469 2378 1530 46.
2416 1467 2516 1530 Καὶ
2569 1469 2791 1528 ὶλάλουν
2851 1471 2908 1526 ἑν
2963 1483 3082 1535 τοῖς
3125 1471 3427 1550 μαρτυρίοις
3485 1488 3584 1528 σου
3611 1470 3861 1529 ἐναντίον

469 1583 704 1645 rogum,
740 1576 799 1629 et
829 1587 944 1627 non
973 1565 1404 1627 confundebar.

2199 1557 2487 1635 βασιλέωδ,
2522 1560 2612 1617 καὶ
2642 1561 2736 1616 οὐκ
2763 1560 3105 1640 ᾐσχυνόμην.

551 1656 652 1792 ᾔἹ.
682 1657 756 1718 Ει
789 1655 1123 1719 meditabar
1176 1656 1236 1716 in
1273 1655 1568 1718 mandatis
1599 1655 1735 1730 tuis,
1771 1675 1906 1738 quae
1935 1657 2118 1720 dilexi

609 1763 660 1792 n,

2281 1647 2384 1792 487.
2411 1647 2516 1710 Καὶ
2545 1648 2811 1724 ἐμελέτων
2847 1652 2904 1706 ἐν
2932 1661 3054 1716 ταῖς
3075 1647 3320 1715 ἐντολαῖς
3351 1672 3467 1726 σου,
3502 1653 3566 1718 ἅς
3590 1653 3859 1730 ἠγάπησα

2233 1739 2300 1792 ωδ
2335 1759 2421 1792 az.

473 1744 662 1806 valde.

2200 1739 2420 1816 σφὸδρα,

554 1835 652 1898 48.
689 1835 760 1896 Et
789 1834 976 1896 levavi
1011 1853 1220 1896 manus
1255 1853 1414 1898 meas
1444 1835 1514 1896 ad
1547 1836 1822 1897 mandata
1857 1843 2114 1917 tua,quaa
2138 1905 2172 1917 _

2278 1826 2380 1888 48.
2416 1829 2521 1888 Καὶ
2564 1827 2668 1907 ἦρα
2710 1830 2803 1892 τὰς
2849 1830 3042 1909 χεῖράς
3071 1851 3172 1904 μου
3202 1830 3333 1908 πρὸς
3367 1830 3459 1894 τὰς
3491 1829 3713 1896 ἐντολάς
3734 1853 3855 1912 σου,

473 1924 654 1987 dilexi
687 1935 743 1985 et
771 1927 1100 1988 exercebar
1146 1928 1202 1987 in
1241 1925 1767 2006 justiﬁcatiouibus
1797 1928 1929 1988 tuis.
1962 1905 1975 1917 ’
2003 1905 2017 1917 ’

2225 1918 2259 1980 ἴς
2307 1917 2582 1994 ἠγάπησα.
2607 1905 2706 1974 Ἵκαὶ
2739 1905 3069 1999 ἠδολεσχουν
3119 1918 3174 1974 ἐν
3217 1905 3337 1982 τοῖς
3369 1917 3701 1995 δικαιώμασί
3730 1905 3851 1984 om:

551 2016 652 2078 49.
693 2017 916 2076 Memor
939 2025 1066 2078 esto
1089 2005 1257 2078 verbi
1287 2023 1365 2078 tui
1395 2034 1566 2079 servo
1596 2025 1715 2096 tuo,
1737 2024 1792 2078 in
1817 2036 1932 2099 quo
1968 2017 2113 2078 mihi

2277 2005 2378 2068 49.
2431 2009 2705 2078 Μνήσθητι
2779 2014 2883 2064 τῶν
2934 2007 3110 2087 λὸγων
3161 2032 3256 2067 σου
3300 2016 3376 2084 τῷ
3406 2008 3577 2084 δούλῳ
3619 2032 3743 2087 σοι,
3787 2016 3865 2069 ὧν

470 2123 638 2185 spem
669 2105 907 2167 dedisti.

2197 2099 2500 2168 ὲπήλπιτάς
2525 2121 2614 2175 με.

554 2193 651 2254 50.
689 2193 825 2255 Ηωε
859 2214 952 2256 me
999 2195 1302 2257 consolata
1347 2202 1440 2257 est
1489 2197 1545 2257 in
1593 2194 1928 2258 humilitate
1961 2215 2115 2272 mea,

2279 2186 2378 2248 50.
2428 2188 2571 2256 Αὕτη
2619 2211 2688 2264 με
2731 2189 3091 2266 παρεκάλεσεν
3135 2190 3190 2248 ὲν
3240 2197 3308 2268 τῇ
3355 2194 3678 2249 ταπεινώσει
3732 2216 3859 2270 μου,

479 2283 617 2364 quia
645 2283 945 2366 eloquium
981 2295 1142 2348 tuum
1174 2284 1490 2348 viviﬁcavit
1521 2303 1639 2346 me.

1421 2284 1490 2348 vit
1521 2303 1639 2346 me,
2199 2276 2293 2366 ὅτι
2325 2279 2386 2333 τὸ
2428 2276 2610 2355 λὸγιὸν
2655 2301 2748 2335 σου
2771 2279 2927 2350 ἕζησέ
2958 2301 3047 2354 με.

554 2374 623 2434 51
640 2423 655 2448 ,
693 2371 942 2453 Superbi
970 2375 1456 2457 iniqueagebant
1479 2393 1966 2456 usquequaque,a
1991 2374 2120 2454 lege

2282 2365 2382 2429 51.
2435 2366 2804 2447 ’Υπερήφανοι
2853 2371 3194 2448 παρηνὸμουν
3249 2371 3352 2436 ἕως
3384 2369 3608 2452 σφόδρα,
3655 2372 3767 2430 ἀπὸ
3803 2371 3859 2430 δῖ

475 2463 678 2517 autem
713 2461 872 2517 tuam
895 2475 1012 2518 non
1040 2456 1357 2519 declinavi.

2201 2466 2291 2516 τοῦ
2321 2460 2491 2532 νὸμαυ
2512 2479 2606 2515 σου
2626 2460 2718 2514 οὒκ
2747 2457 3011 2524 ἐξέκλινα.

1613 2631 2025 2699 ATHANASII
2069 2632 2702 2700 INTERPBETATIO.

557 2817 660 2879 4t.
694 2815 764 2876 Et
792 2815 988 2877 veniat
1035 2833 1217 2894 super
1266 2835 1360 2878 me
1407 2813 1662 2894 Spiritus
1713 2821 1845 2875 tuus
1880 2822 2121 2877 sunctus

2286 2819 2384 2880 41.
2423 2821 2518 2875 Καὶ
2549 2818 2687 2876 ὲλθοι
2737 2819 2824 2875 επ’
2853 2820 2947 2892 ἐμὲ
2997 2823 3058 2877 τδ
3095 2821 3303 2895 Πνεῦμά
3333 2843 3426 2878 σου
3484 2823 3547 2878 τὸ
3594 2822 3751 2900 ἅγιον
3800 2823 3861 2879 τὸ

479 2905 805 2985 viviﬁcans,
840 2905 1344 2984 quemadmodum
1381 2903 1524 2965 mihi
1559 2905 1902 2983 promisisti.

1641 2905 1902 2964 omisisti.
2203 2917 2518 2980 ζωοποιοῦν,
2553 2911 2728 2972 καθὼς
2776 2909 3105 2987 ἑπήγγειλάς
3152 2933 3267 2985 μοι,

556 2996 660 3058 42.
692 2996 765 3058 Et
788 2995 862 3056 da
893 2994 1040 3056 mihi
1078 2995 1348 3073 gratiam,
1379 3003 1441 3056 ut
1467 3013 1574 3070 ego
1600 2993 1809 3073 loquar
1839 3011 1873 3054 e
1895 2995 2122 3056 sanctis

2286 2999 2385 3059 42.
2421 3001 2525 3062 Καὶ
2567 2997 2656 3064 δὸς
2689 3022 2778 3074 μοι
2811 3001 2910 3066 τὴν
2958 3001 3122 3079 χάριν
3177 3009 3271 3058 τοῦ
3299 3001 3475 3079 λέγειν
3508 3024 3576 3079 με
3617 3003 3727 3059 ἀπὺ
3757 3005 3865 3058 τῶν

476 3087 593 3148 tuis
636 3083 962 3166 Scripturis
1006 3094 1212 3146 contra
1257 3103 1467 3146 omnes
1517 3083 1852 3163 haereticos,
1907 3093 1965 3145 et
2012 3087 2102 3148 Ju~

2242 3089 2368 3167 γίων
2398 3089 2616 3169 Γραφῶν
2648 3111 2740 3147 σου
2775 3091 2902 3167 πρὸς
2966 3091 3168 3153 πάντας
3219 3093 3538 3170 αἱρετικοὺς,
3575 3089 3864 3156 Ἰουδαίους

479 3175 660 3250 datos,
696 3184 755 3236 et
795 3174 1071 3256 gentiles,
1108 3176 1384 3257 quoniam
1435 3173 1768 3236 desideravi
1809 3191 2105 3237 sermone:

2237 3199 2257 3233 ε
2303 3180 2390 3234 καὶ
2416 3177 2725 3253 ’Ἓλληνας
2755 3177 2835 3235 ὅτι
2890 3177 3168 3237 ἐπεπύθειν
3215 3179 3586 3262 [ἓπεπόθησα]
3619 3184 3708 3238 ἐπὶ
3733 3182 3863 3245 τοὺς

477 3275 632 3329 tuos.

2203 3267 2394 3346 λὸγους
2428 3291 2542 3331 σου,

555 3359 656 3417 43.
691 3357 765 3418 Et
800 3373 874 3416 ne
916 3355 1154 3417 auferas
1183 3373 1217 3416 a
1251 3373 1345 3417 me
1373 3353 1620 3434 gratiam
1651 3363 1807 3417 tuam
1839 3375 2030 3433 usque
2061 3359 2120 3418 in

2282 3357 2384 3421 43.
2424 3359 2528 3421 Καὶ
2575 3359 2650 3434 μὴ
2682 3357 2885 3439 ἀφέλῃς
2959 3359 3054 3416 ἀπ’
3083 3361 3216 3435 ἐμοῦ
3271 3361 3368 3428 τὴν
3415 3361 3579 3441 χάριν
3613 3383 3709 3418 σου
3755 3359 3864 3422 ἕως

477 3445 682 3525 tinem,
719 3445 996 3526 quoniam
1052 3453 1207 3508 totus
1249 3445 1472 3507 eil'usus
1515 3462 1644 3504 sum
1698 3444 1758 3505 in
1810 3447 2103 3526 pracepti:

2099 3465 2123 3507 s
2204 3447 2408 3517 τέλους,
2447 3447 2527 3504 ὅτι
2560 3450 2615 3504 ἐν
2649 3461 2764 3512 τοῖς
2791 3450 3201 3526 προστάγμασιν
3228 3449 3368 3513 ὅλως
3399 3448 3725 3530 ἐκκέχυμαι.

477 3535 615 3598 tuis.
2287 3537 2385 3600 44.
2419 3535 2524 3598 Καὶ
2553 3539 2766 3608 ποιήσω
2824 3537 3175 3603 ἀδιαλείπτως
3227 3541 3320 3596 τὸν
3379 3540 3543 3614 νὸμον
3588 3561 3684 3596 σου
3715 3538 3868 3621 ἔχων

555 3625 655 3688 44.
689 3623 760 3686 Et
788 3624 1202 3688 indesinenter
1232 3624 1442 3686 faciam
1470 3625 1662 3705 legem
1698 3623 2120 3696 tuam,habens

2239 3627 2360 3683 ¹Βτόν
2393 3627 2446 3682 ἐν
2478 3627 2648 3700 ἑαυτῴ
2706 3629 2795 3684 καὶ
2861 3627 2914 3682 ἐν
2971 3632 3048 3701 τῷ
3108 3637 3223 3710 νῦν,
3253 3629 3342 3684 καὶ
3375 3629 3430 3684 ἐν
3473 3635 3549 3704 τῷ
3606 3629 3865 3704 μέλλοντι

479 3733 608 3776 eam
641 3715 700 3776 in
736 3734 830 3777 me
860 3715 1015 3796 ipso,
1051 3725 1108 3778 et
1131 3714 1192 3776 in
1227 3715 1532 3796 prmsenti,
1559 3724 1616 3777 et
1649 3715 1847 3777 futuro
1876 3715 2116 3778 saeculo.
2205 3717 2378 3772 αἰῶνι.

2281 3805 2382 3868 45.
2421 3806 2515 3864 Καὶ
2573 3804 2941 3885 ἠγαλλιάσατο
2989 3807 3026 3874 ἡ
3073 3807 3264 3886 καρδία
3309 3830 3437 3887 μου,
3464 3806 3548 3864 ὅτι
3589 3815 3869 3887 μεριμνῶν

557 3895 657 3957 45.
697 3895 770 3957 Et
801 3894 1109 3956 exsultavit
1141 3911 1244 3954 cor
1279 3911 1496 3967 meum,
1524 3894 1802 3974 quoniam
1828 3893 2123 3956 sollicitus

2257 3897 2583 3972 ,peplpvnn]
2613 3904 2702 3952 τοῦ
2731 3911 2907 3953 ποιεῖν
2937 3900 2997 3954 τὸ
3027 3897 3235 3972 Θὲλημά
3265 3919 3384 3959 σου.
3877 3911 3883 3920 ’

477 3975 557 4046 fui
602 3983 797 4045 facere
841 3983 1198 4044 voluntatem
1237 3990 1410 4043 tuam.

2283 3985 2384 4046 46.
2417 3983 2521 4045 Καὶ
2554 3985 2919 4060 ἑμνημὸνευοδ
2983 3988 3037 4042 ὲν
3095 3993 3164 4064 τῇ
3206 3985 3407 4060 διανοίᾳ
3457 4009 3560 4061 μου
3601 3987 3712 4045 άπὸ
3758 3995 3869 4044 τῶν

556 4073 656 4133 46.
692 4070 756 4132 Ει
787 4069 1192 4150 recogitabam
1216 4072 1272 4132 in
1312 4080 1510 4133 mente
1533 4090 1662 4134 mea
1685 4081 1979 4154 praecepta
1998 4081 2116 4141 tua,

2241 4074 2630 4152 ’ροστάγμάτων
2661 4095 2777 4148 σου,
2811 4077 2898 4131 καὶ
2960 4076 3286 4151 ἆνθιστάμην
3343 4089 3462 4140 τοῖς
3508 4083 3602 4134 τοῦ
3631 4080 3867 4142 σκὸτους

477 4168 537 4223 et
578 4160 769 4222 restiti
814 4159 1055 4239 regibus
1080 4159 1486 4236 tenebrarum,
1519 4169 1577 4223 et
1610 4181 1727 4226 non
1758 4171 1898 4224 sunt
1930 4161 1991 4224 in
2027 4179 2103 4224 m1

1836 4171 1898 4224 nt
1930 4161 1991 4224 in
2027 4179 2123 4224 me
2202 4163 2494 4241 βασιλεῦσι,
2529 4166 2613 4219 καὶ
2638 4164 2733 4220 οὒκ
2763 4165 3116 4242 ἐκυριευὸμην
3145 4163 3235 4222 ὕπ’
3265 4169 3459 4228 αὸτῶν,

477 4249 788 4312 dominati.

2284 4252 2386 4314 47.
2428 4250 2531 4313 Καὶ
2564 4253 2617 4309 ἐν
2647 4252 2714 4329 τῇ
2744 4251 2931 4332 καρδίᾳ
2963 4277 3064 4331 μου
3096 4254 3320 4312 ἑπέλυον
3377 4253 3472 4321 τὰς
3506 4255 3747 4335 Γραφάς,
3785 4254 3869 4313 ὅτι

557 4339 657 4402 47.
714 4337 781 4400 Et
812 4339 872 4401 in
921 4339 1102 4400 corde
1148 4357 1279 4400 meo
1333 4340 1699 4420 explicabam
1753 4340 2119 4424 Scripturas,

1333 4340 1699 4420 explicabam
1753 4340 2119 4424 Scripturas,
2206 4343 2504 4422 ἐκκέχυμιι
2541 4347 2727 4399 ποθεῖν
2749 4347 2938 4408 αὐτάς,

481 4428 619 4507 quia
641 4445 841 4489 earum
871 4427 1170 4490 desiderio
1203 4428 1432 4490 etl‘usus
1463 4449 1620 4492 sum.

2287 4431 2388 4493 48.
2423 4430 2528 4494 Καὶ
2561 4432 2822 4489 ἐνέτεινον
2851 4435 2950 4501 τὴν
2999 4433 3232 4491 διάνοιαν
3278 4439 3378 4503 τῆς
3409 4432 3627 4513 καρδίας
3662 4457 3765 4509 μου
3797 4437 3871 4500 είς

561 4518 658 4612 48.
696 4519 768 4581 Et
800 4517 1033 4612 intendi
1066 4527 1324 4580 mentem
1357 4519 1557 4580 cordis
1591 4520 1707 4583 mei
1741 4520 1799 4582 in
1847 4528 2123 4612 contem-
2149 4561 2187 4612 ο

2250 4523 2304 4591 ἦν
2348 4523 2570 4600 θεωρίαν
2599 4528 2704 4579 τῶν
2774 4525 2995 4601 Γραφῶν
3045 4546 3161 4598 σου,
3195 4523 3254 4588 ἃς
3307 4524 3594 4604 ἠγάπησα,
3645 4527 3738 4581 καὶ
3781 4526 3876 4582 ἐπα

486 4607 805 4688 plationem
856 4609 1298 4688 Scripturarum
1342 4614 1600 4683 tuarum,
1635 4628 1781 4690 quas
1829 4609 2030 4685 dilexi,
2066 4617 2112 4670 el

2242 4633 2394 4687 μενον
2420 4609 2739 4692 δοκιμάζῳν,
2771 4615 2857 4670 καὶ
2911 4613 3200 4692 ἀνακρίνων
3251 4615 3317 4670 τὸ.
3359 4613 3413 4670 ἓν
3445 4626 3571 4677 ταῖς
3618 4619 3868 4694 Γραφαῒς

485 4698 784 4778 permansi
817 4698 1078 4780 probans
1101 4705 1161 4760 et
1189 4697 1526 4779 dijudicans
1551 4717 1681 4780 quae
1705 4699 1766 4760 in
1791 4698 1906 4760 tuis
1925 4699 2123 4782 Scrip-
2209 4723 2324 4763 σου.

484 4789 634 4849 turis
663 4791 1069 4851 continentur.

2289 4790 2390 4852 49.
2430 4792 2723 4865 Μνήσθητι,
2773 4791 2854 4848 ὅτι
2896 4792 3222 4872 ἐπήγγειλας
3267 4791 3444 4850 ἐλεεῖν
3477 4813 3572 4868 με,
3609 4793 3705 4851 ἐὰν
3739 4794 3871 4851 ἐπι-

562 4877 660 4941 49.
694 4877 1057 4951 Recordare,
1089 4878 1249 4957 quod
1293 4879 1614 4960 promisisti
1669 4879 1945 4942 misereri
1980 4878 2120 4954 mei,

1385 4879 1614 4942 lmisisti
1669 4879 1945 4942 misereri
1980 4878 2120 4954 mei,
2209 4885 2420 4960 στρεψω
2441 4881 2496 4934 ἑν
2526 4894 2642 4946 τοῖς
2680 4881 2868 4959 λὸγοισ
2896 4903 3011 4942 σου.

483 4967 533 5029 si
563 4969 622 5029 in
657 4967 1034 5030 sermonibus
1069 4969 1187 5032 tuis
1217 4968 1518 5033 versabar.

2293 4969 2394 5031 50.
2426 4968 2570 5037 Αὕτη
2602 4973 2636 5039 ἡ
2676 4969 2970 5049 ἐπαγγελία
3015 4993 3110 5029 esu
3157 4972 3580 5050 παρεμυθήσατο
3611 4995 3707 5048 με,
3741 4973 3872 5031 ὅταν

562 5059 662 5120 50.
696 5056 834 5119 Haec
865 5057 1182 5139 promissio
1205 5066 1303 5120 tua
1324 5057 1634 5122 consolata
1655 5067 1746 5121 est
1770 5057 2130 5139 me,quando

2245 5078 2362 5136 ,pm
2408 5061 2461 5116 ἐν
2491 5065 2559 5137 τῇ
2585 5061 2812 5139 ἁμαρτίᾳ
2855 5083 2981 5136 μου,
3025 5061 3108 5118 ὅτι
3160 5063 3386 5141 ε’ἱρηκας
3414 5077 3430 5090 ⁸
3475 5062 3548 5119 Οί)
3604 5063 3871 5140 βούλομαι

481 5165 642 5211 eram
667 5148 726 5210 in
759 5155 998 5228 peccato
1024 5167 1178 5225 meo,
1204 5150 1482 5230 quoniam
1507 5148 1705 5212 dixisti
1735 5169 1748 5212 :
1783 5147 1937 5212 Nolo
1967 5165 2107 5211 mon

2245 5151 2300 5206 ὀν
2343 5150 2566 5206 Θάνατον
2630 5158 2720 5209 τοῦ
2750 5149 3092 5232 ἁμαρτωλοῦ,
3133 5153 3207 5216 ὡς
3259 5152 3320 5207 τό
3365 5151 3728 5233 ἐπιστρέφειν,
3780 5157 3871 5213 καὶ

481 5248 597 5302 tem
624 5240 981 5320 peccatoris,
1003 5239 1105 5302 sed
1127 5245 1194 5302 ut
1223 5247 1633 5321 convertatur,
1669 5245 1723 5302 et
1754 5235 2011 5302 vivat“.
2204 5246 2298 5316 ζῇν
2336 5239 2518 5302 αὒτόν.

562 5332 658 5391 5t.
711 5327 1174 5393 Contemnentes
1229 5337 1521 5412 pmcepta
1579 5337 1678 5391 tua
1707 5329 1890 5410 impie
1943 5334 2126 5410 agunt

2283 5329 2384 5392 51.
2432 5330 2492 5386 οἱ
2522 5327 2903 5396 ἑξουδενοῦντες
2949 5332 3015 5389 τὰ
3044 5331 3430 5411 προστάγματά
3482 5352 3580 5392 σου
3625 5331 3871 5391 ἀσεϐοῦ-

481 5436 671 5500 usque
703 5424 762 5480 in
785 5420 992 5494 ﬁnem,
1013 5436 1121 5499 ego
1149 5425 1346 5481 autem
1377 5437 1412 5480 a
1443 5419 1573 5500 lege
1603 5426 1701 5482 tua
1729 5437 1848 5482 non
1871 5418 2107 5482 recessi.

2233 5443 2292 5476 ἰν
2337 5417 2434 5482 ἕως
2495 5417 2702 5483 τέλουςο
2767 5419 2866 5499 ὲγή
2899 5417 2954 5476 δὲ
2984 5420 3090 5479 ἂπό
3131 5423 3227 5479 τοῦ
3274 5421 3440 5506 νόμου
3484 5442 3582 5477 σου
3611 5421 3713 5480 οὒκ
3746 5421 3859 5501 ἀφ-

2211 5511 2445 5586 ιστάμην
2459 5554 2472 5571 .

563 5690 631 5740 ss
660 5635 874 5754 Ezech.
911 5701 1113 5764 xxxiii,
1149 5689 1248 5752 11.
