4118 6208
283 352 434 419 H85

1127 348 1224 416 DE
1267 351 1581 415 TlTULIS
1624 344 2114 412 PSALMORUM.
2168 376 2237 389 -—
2284 339 2496 405 PSAL.
2546 335 2812 403 CXVIII.

3495 334 3651 399 1186

350 488 452 550 59..
488 486 791 561 Ἐμνῆσθην
824 491 938 543 τῶν
980 485 1253 563 χριμάτων
1282 506 1376 542 σου
1406 481 1499 543 ἀπ’
1546 484 1759 559 αἰῶνος,
1792 479 1948 544 νΚύοι

2072 477 2175 543 52.
2208 475 2437 541 Memor
2489 468 2981 563 fuijudiciorum
3041 476 3275 532 tuorum
3327 469 3635 545 asmculo,

268 599 371 658 ριε,
405 578 494 633 καὶ
525 574 868 655 παρεκλήθην
885 626 897 637 .

350 665 452 730 b3.
480 665 703 742 Ἀθυμία
749 665 984 746 κατέσχε
1016 687 1083 742 με
1112 665 1218 722 ἀπὸ
1249 665 1581 745 ἁμαρτωλῶν
1611 670 1717 722 τῶν
1748 665 1915 742 ξγκα-

265 754 711 831 ταλιμπανόντων
754 758 848 813 τὸν
892 759 1055 832 νόμον
1098 778 1212 817 σου.

352 845 451 909 54,
483 844 679 902 Ψαλτὰ
737 846 874 915 ἦσάν
918 868 1008 922 μοι
1060 846 1126 902 τὰ
1182 843 1514 921 δικαιώματά
1566 866 1660 901 σου
1689 844 1743 901 ὲν
1771 844 1921 917 τόπῳ

268 934 550 1014 παροικίας
596 957 720 1011 μου.

350 1024 454 1088 55.
494 1022 805 1100 Έμθήσθην
851 1024 903 1080 ὲν
949 1025 1093 1081 νοκτὶ
1123 1030 1216 1081 τοῦ
1245 1021 1508 1099 ὀνόματός
1569 1044 1684 1093 σου,
1732 1019 1915 1101 Κύριε,

269 1116 362 1172 καὶ
394 1114 621 1194 ἐφύλαξα
650 1114 738 1172 τὸν
768 1112 932 1189 νόμον
964 1136 1080 1175 σου.

358 1204 460 1269 56.
492 1204 642 1272 Αὕτη
674 1203 901 1284 ἐγενήθη
935 1227 1050 1283 μοι,
1101 1203 1182 1260 ότι
1210 1204 1277 1261 τὰ
1318 1201 1651 1274 δικαιώματα
1693 1222 1784 1258 σου
1826 1200 1916 1265 ἑξ-

271 1296 537 1366 ιζήτησα.

352 1384 455 1446 δἹ.
490 1384 646 1464 Μερίς
674 1407 778 1460 μου
807 1384 886 1459 εἶ,
936 1384 1120 1461 Κύριε,
1181 1382 1316 1439 εἶπα
1360 1388 1452 1437 τοῦ
1479 1379 1796 1461 φυλάξασθαι
1827 1382 1917 1436 τὸν

270 1478 435 1549 νόμον
468 1495 560 1530 σου
572 1520 584 1533 .

354 1563 453 1627 58.
489 1560 750 1632 Ἐδεήθην
778 1570 870 1620 τοῦ
890 1562 1176 1638 προσώπου
1213 1583 1306 1618 σου
1350 1560 1402 1618 ἐν
1448 1557 1549 1635 ὅλῃ
1580 1558 1763 1639 καρδίᾳ
1792 1581 1915 1635 μου,

267 1652 495 1720 ἰλέησόν
526 1673 594 1727 με
624 1653 763 1709 κατὰ.
791 1654 852 1707 τὸ
882 1651 1062 1729 λόγιόν
1090 1673 1206 1713 σου.

354 1744 457 1804 59.
488 1741 886 1820 Διελογισάμτ,ν
909 1742 1003 1804 τὰς
1036 1739 1187 1806 ὁδούς
1209 1763 1328 1821 σου,
1353 1742 1438 1797 καὶ
1469 1740 1767 1819 ἐπέστρεψα
1797 1741 1919 1803 τοὺς

268 1830 436 1895 πόδας
466 1852 568 1905 μου
611 1832 684 1895 εἷς
715 1832 780 1887 τὰ
822 1831 1079 1907 μάρτυριά
1113 1855 1229 1895 σου.

353 1921 456 1983 60.
492 1919 873 1996 ’Πτοιμάσθην,
936 1923 1025 1977 καὶ
1080 1923 1173 1978 οὒκ
1214 1922 1517 2000 ἓτᾱράχθην
1557 1926 1653 1976 τοῦ
1683 1916 1917 1999 φυλάξα-

276 2016 396 2070 σθαι
444 2012 533 2075 τὰς
585 2009 801 2078 ἐντολάς
845 2033 961 2074 σου,

358 2104 459 2164 61.
492 2102 716 2181 Σχοινία
737 2101 1069 2181 ἁμαρτωλῶν
1110 2100 1545 2181 περιεπλάκησάν
1569 2121 1686 2179 μοι,
1718 2099 1805 2154 καὶ
1831 2104 1924 2153 τοῦ

276 2194 446 2271 νόμου
472 2214 566 2251 σου
607 2191 703 2249 οὒκ
733 2190 1090 2266 ἐπελαθόμην,

361 2280 460 2346 62.
492 2282 844 2339 Μεσονύκτιον
890 2281 1272 2360 ἓξηγειρόμην,
1336 2285 1428 2335 τοῦ
1486 2276 1922 2356 ἐξομολογεῖσθαι

280 2395 364 2431 σοι
406 2372 492 2428 ἐπὶ
514 2372 580 2427 τὰ
609 2371 839 2449 κρίματα
866 2370 962 2439 τῆς
993 2370 1329 2436 δικαιοσύνης
1361 2391 1475 2429 σου.

360 2460 463 2525 63.
498 2460 744 2540 Μέτοχος
777 2459 884 2539 ἐγώ
927 2462 1033 2535 είμι
1064 2463 1279 2518 πάντων
1322 2465 1429 2515 τῶν
1471 2454 1812 2537 φοϐουμένων
1841 2477 1921 2529 σε,

276 2552 494 2608 καὶτῶν
515 2548 891 2628 φυλασσόντων
922 2551 1019 2613 τὰς
1051 2548 1267 2613 ἐντολάς
1317 2570 1437 2610 σου.

1998 564 2274 639 Domine,
2310 574 2370 628 et
2398 560 2738 627 consolatus
2770 579 2927 623 sum.

2081 655 2180 719 53.
2217 652 2480 719 Deiectio
2520 649 2708 714 tenuit
2741 668 2833 711 me
2878 668 2984 731 pro
3016 647 3432 730 peccatoribus
3461 649 3647 712 dere-

2001 744 2413 826 linquentibus
2444 742 2636 820 legem
2670 747 2856 801 tuam.

2084 836 2184 897 54.
2220 831 2557 899 Cautabiles
2587 828 2733 890 mihi
2760 837 2930 892 erant
2946 827 3411 909 justiﬁcationes
3444 834 3559 890 tute
3586 826 3646 887 in

2003 924 2134 987 loco
2167 919 2662 1005 peregrinationis
2698 937 2869 983 meat.

2085 1014 2184 1078 55.
2214 1014 2437 1077 Memor
2463 1010 2545 1071 fui
2578 1017 2752 1071 nocte
2812 1007 3071 1071 nominis
3126 1008 3234 1081 tui,
3269 1006 3550 1081 Domine,
3596 1015 3653 1069 et

2003 1101 2295 1168 custodivi
2326 1102 2517 1180 legem
2550 1108 2732 1162 tuam.

2077 1193 2181 1256 56.
2216 1191 2354 1253 Haec
2406 1190 2556 1251 facta
2609 1196 2698 1249 est
2768 1185 2938 1262 mihi,
3002 1186 3143 1268 quia
3195 1185 3651 1266 justiticationes

1999 1291 2127 1344 tuas
2155 1280 2464 1363 exquisivi.

2079 1370 2179 1434 5"].
2215 1370 2411 1432 Portio
2444 1387 2575 1430 mea
2604 1386 2692 1450 es,
2727 1365 2999 1443 Domine,
3034 1366 3151 1428 dixi
3213 1364 3518 1427 custodire
3554 1364 3649 1427 le-

2000 1480 2134 1541 gem
2162 1469 2347 1523 tuam.

2086 1552 2182 1614 58.
2214 1552 2576 1629 Deprecatus
2608 1565 2736 1608 sum
2772 1546 2982 1607 faciem
3034 1554 3191 1608 tuam
3222 1545 3283 1607 in
3318 1553 3438 1605 toto
3473 1545 3653 1608 corde

2006 1659 2163 1714 meo,
2201 1638 2488 1702 miserere
2522 1637 2634 1698 mci
2669 1636 2997 1697 secundum
3034 1636 3332 1715 eloquium
3368 1643 3556 1698 tuum.

2085 1730 2184 1792 59.
2218 1726 2474 1807 Cogitavi
2505 1732 2625 1788 vias
2654 1743 2840 1798 meas,
2879 1733 2938 1786 et
2982 1725 3242 1787 converti
3276 1723 3457 1804 pedes
3490 1742 3653 1786 meos

1944 1849 1983 1900 Β
2005 1821 2064 1883 in
2100 1816 2440 1882 testimonia
2467 1826 2584 1879 tua.

2083 1910 2185 1973 60.
2222 1911 2469 1970 Paratus
2492 1924 2646 1985 sum,
2676 1914 2883 1966 etnon
2912 1922 3043 1966 sum
3088 1902 3372 1977 turbatus,
3410 1910 3471 1963 ut
3501 1921 3643 1965 cus-

2004 1999 2225 2063 todiam
2261 1996 2539 2060 mandata
2570 2004 2687 2059 tua.

2087 2090 2181 2150 61.
2212 2087 2408 2149 Funes
2438 2094 2816 2166 peccatorum
2849 2081 3235 2162 circumplexi
3267 2088 3406 2143 sunt
3447 2098 3564 2161 me,
3590 2089 3649 2144 et

2008 2177 2198 2257 legem
2226 2187 2386 2236 tuam
2417 2193 2533 2235 non
2564 2190 2694 2234 sum
2726 2173 2963 2234 oblitus.

2090 2265 2187 2330 69.
2222 2265 2417 2328 Media
2439 2272 2613 2326 nocte
2643 2261 2983 2341 surgebam,
3014 2260 3087 2321 ad
3135 2258 3539 2321 conﬁtendum
3574 2260 3651 2321 ti-

2010 2357 2065 2418 bi
2103 2375 2285 2437 super
2306 2355 2529 2435 judicia
2553 2351 3008 2434 justiﬁcationis
3032 2359 3168 2411 tuae.

2090 2447 2190 2511 63.
2225 2444 2532 2524 Particeps
2558 2461 2665 2523 ego
2687 2460 2817 2503 smn
2850 2441 3118 2503 omnium
3143 2438 3478 2501 timentium
3505 2446 3653 2514 te,et

2011 2535 2476 2600 custodientium
2508 2533 2783 2595 mandata
2806 2542 2923 2593 tua.

1411 2710 1824 2779 ATHANASII
1867 2702 2504 2775 INTERPRETATIO.

355 2850 453 2913 52.
483 2850 657 2910 Μόνον
700 2852 753 2909 ὲν
784 2858 860 2927 νῷ
888 2850 1068 2910 λαϐών
1098 2855 1163 2911 τὰ
1195 2855 1579 2934 προστάγματα
1610 2877 1707 2911 σου
1759 2853 1824 2908 τὰ
1866 2849 1920 2915 ἒξ

276 2943 477 3023 ἀρχῆς,
508 2939 691 3019 Κύριε,
725 2942 971 3021 χαίρεται
1002 2946 1037 3013 ἡ
1069 2942 1252 3022 καρδία
1286 2965 1409 3019 μου,

355 3030 454 3093 53.
490 3029 672 3098 Πολλὴ
716 3028 891 3106 θλίψις
925 3031 1053 3111 εἶχέ
1083 3053 1170 3107 με,
1205 3032 1332 3089 ὅταν
1382 3033 1560 3109 ἐώρων
1588 3033 1710 3096 τοὺς
1742 3033 1920 3109 ἁμαρ-

274 3123 528 3187 τάνοντας
556 3129 1008 3203 καταφρονοῦντας
1029 3125 1148 3187 τοὺς
1183 3123 1377 3199 νόμους
1423 3148 1538 3186 σου.

355 3177 604 3275 54.Ῠ’λεὶ
642 3177 880 3274 γενητοῖς
925 3177 1391 3288 διιξαίζιᾷεξιαέῖᾌᾶ.
1427 3177 1759 3296 ἐτερπόμην,
1811 3177 1981 3293 [ἐν](³

275 3303 430 3358 παντὶ
458 3310 605 3377 τόπῳ
628 3306 729 3369 τῆς
756 3301 857 3379 γῆς
887 3301 1169 3381 ὑπάρχων,

356 3389 455 3451 55.
491 3387 779 3467 Ἀμαρτίας
845 3410 937 3464 μοι
1000 3389 1437 3470 ὑπεισελθούσης,
1486 3393 1777 3468 ἐμνήσθην,
1840 3391 1919 3448 ὅτι

277 3477 405 3538 Θεός
437 3497 539 3552 μου
570 3477 650 3556 εἴ,
684 3478 769 3533 καὶ
800 3475 1038 3544 ἂπέστην
1080 3479 1173 3534 ἀπ’
1205 3481 1367 3548 αὐτῆς
1403 3495 1418 3510 ⁸
1465 3487 1618 3536 τοῦτο
1674 3482 1773 3558 γὰρ
1828 3479 1919 3534 ἐν-

278 3563 467 3621 ελείλω
502 3589 594 3643 μοι
643 3564 907 3644 [ἑνετείλω
949 3564 1088 3646 μοι].

357 3653 457 3716 56.
492 3655 635 3724 Αὕτη
666 3677 757 3732 μοι
808 3657 1028 3733 βοήθεια
1086 3656 1336 3739 ὑπῆρξεν,
1368 3658 1446 3716 ὅτι
1488 3659 1555 3715 τὰ
1585 3656 1921 3733 δικαιώματά

276 3766 371 3802 σου
415 3744 719 3813 ἐπεπόθησα
764 3744 968 3822 μᾶλλον
1012 3745 1048 3814 ἢ
1080 3746 1178 3814 τὴν
1210 3747 1487 3828 ἁμαρτίαν,

359 3834 459 3897 57,
494 3836 565 3891 Σὺ
608 3838 661 3891 εἷ
701 3836 737 3903 ἡ
780 3835 893 3905 ζωή
940 3858 1064 3911 μου.
1123 3837 1276 3917 Κύριε
1314 3859 1325 3871 ·
1364 3836 1652 3915 συνεθέμην
1684 3837 1784 3918 γὰρ
1826 3845 1919 3896 τοῦ

275 3921 560 3996 πληρῶσαι
595 3925 681 3980 τὸν
711 3923 874 3999 νόμον
920 3945 1039 3985 σου.

356 4013 455 4077 58.
488 4011 744 4083 Ἐδεήθην
788 4012 962 4070 ἐλθεῖν
993 4011 1119 4092 [τὴν
1145 4016 1303 4096 χάριν
1337 4016 1483 4096 σου],
1518 4020 1572 4073 lsv
1602 4015 1703 4092 ὅλῃ
1733 4013 1917 4092 καρδίᾳ

274 4125 401 4179 μου,
436 4101 657 4171 ἐλέησόν
701 4123 792 4179 με,
838 4104 924 4159 καὶ
962 4103 1282 4163 ἀπόστειλον
1331 4107 1523 4186 αὐτὴν,
1553 4106 1723 4172 καθὼς
1752 4104 1916 4183 εἴρη-

271 4214 371 4257 κας
403 4211 417 4226 ⁸
466 4195 701 4274 Αἰτεῖτε,
734 4194 823 4250 καὶ
852 4192 1133 4264 δοθήσεται
1156 4196 1306 4271 ὑμῖν.

355 4281 453 4345 59.
484 4283 665 4358 Ἐννῴ
694 4280 907 4356 ἔλαϐον,
941 4283 1020 4340 ὅτι
1051 4286 1108 4339 hv
1149 4286 1427 4362 ἁμαρτίαις
1468 4285 1783 4365 πορεύομαι,
1832 4287 1917 4342 καὶ

274 4371 605 4449 μετανοῆσας
635 4372 931 4452 κατέφυγον
964 4374 1036 4439 εἰς
1082 4374 1149 4430 τὰ
1191 4376 1481 4450 παθήματα
1528 4397 1643 4439 σου,

355 4463 456 4526 60.
490 4459 647 4527 ’Ἕως
676 4463 901 4519 θανάτου
945 4463 1233 4542 ηὑτρὲπισα
1263 4468 1359 4533 τὴν
1391 4467 1578 4546 ψυχήν
1612 4487 1712 4535 μου
1754 4466 1826 4529 είς
1856 4468 1918 4523 τὸ

2083 2842 2414 2907 52.δοιιιηι
2470 2840 2814 2904 recordatus
2888 2849 3316 2922 praeceptorum
3384 2849 3653 2923 tuorum,

2007 2953 2138 3015 qua:
2168 2935 2240 2995 ab
2264 2932 2433 2994 initio
2466 2940 2627 3005 sunt,
2681 2931 2953 3011 Domine,
2988 2932 3243 2994 exsultat
3288 2950 3391 2993 cor
3423 2948 3648 2994 meum.

2085 3024 2184 3085 53.
2223 3023 2403 3085 Multa
2432 3020 2739 3083 tribulatio
2781 3021 2970 3081 tenuit
3015 3040 3134 3103 me,
3187 3041 3325 3084 cum
3374 3020 3650 3082 videbam

2005 3122 2349 3193 peccatores
2370 3120 2826 3174 contemnentes
2850 3109 3012 3190 leges
3042 3122 3189 3173 tuas.

2085 3204 2182 3267 54.
2221 3201 2556 3283 Semperin
2575 3200 3111 3281 justiﬁcationibus
3144 3200 3257 3262 tuis
3286 3198 3649 3275 delectabar,

2004 3293 2229 3374 ubique
2255 3301 2545 3354 terrarum
2580 3290 2893 3352 exsistens.

2083 3384 2184 3447 55.
2219 3379 2718 3460 Subingretlienle
2777 3379 2835 3438 in
2869 3397 2962 3440 me
3006 3387 3269 3460 peccato,
3304 3377 3655 3439 recordatus

2004 3491 2160 3553 sum,
2193 3474 2349 3553 quod
2410 3474 2569 3534 Deus
2623 3487 2791 3531 meus
2822 3488 2910 3550 es,
2946 3478 3003 3532 et
3043 3469 3244 3531 abstiti
3277 3469 3349 3531 ab
3384 3487 3478 3549 eo,
3543 3468 3658 3529 hoc

2004 3562 2165 3623 enim
2216 3560 2548 3641 praecepisti
2573 3560 2739 3621 mihi.

2083 3650 2181 3711 56.
2219 3649 2341 3711 Iloc
2374 3650 2516 3710 mihi
2549 3648 2768 3710 auxilio
2814 3647 2947 3728 fuit,
3009 3648 3165 3729 quod
3194 3648 3649 3729 justiﬁcationes

2002 3747 2131 3801 tuas
2161 3740 2492 3801 desideravi
2533 3739 2745 3815 magis,
2772 3756 2949 3818 quam
2983 3746 3323 3816 peccatum.

2082 3830 2179 3891 57.
2218 3831 2304 3892 Tu
2340 3849 2403 3891 es
2432 3831 2551 3891 vita
2602 3846 2757 3909 mea,
2820 3827 3071 3890 Domine
3105 3848 3121 3888 :
3166 3829 3446 3909 praposui
3478 3828 3641 3891 enim

1998 3919 2251 4000 implere
2276 3919 2467 3999 legem
2496 3928 2678 3982 tuam.

2081 4009 2179 4072 58.
2215 4009 2579 4089 Deprecatus
2626 4026 2780 4082 sum,
2816 4015 2879 4067 ut
2928 4008 3159 4070 veniret
3187 4008 3374 4087 gratia
3404 4016 3524 4082 tua,
3577 4007 3641 4070 in

2000 4104 2119 4159 toto
2147 4100 2328 4160 corde
2363 4116 2518 4173 meo,
2559 4097 2845 4161 miserere
2878 4097 3017 4173 mei,
3060 4108 3119 4160 et
3146 4099 3312 4160 mitte
3341 4116 3652 4178 eam,que-

2003 4188 2382 4251 madmodum
2438 4188 2635 4250 dixisti
2673 4208 2686 4248 :
2742 4187 2959 4269 Petile,
2995 4196 3055 4252 et
3086 4189 3337 4251 dabitur
3366 4190 3529 4252 vobis
3560 4188 3646 4254 59.

2084 4278 2181 4341 59.
2220 4279 2590 4343 Recordatus
2616 4297 2772 4353 sum,
2806 4280 2962 4360 quod
2996 4278 3055 4339 in
3084 4278 3347 4359 peccatis
3378 4278 3645 4355 ambulo,

2004 4376 2062 4430 et
2092 4369 2386 4450 pmnitens
2418 4369 2653 4447 confugi
2677 4368 2748 4430 ad
2784 4376 3091 4450 passiones
3121 4378 3271 4431 tuas.

2080 4459 2183 4524 60.
2212 4457 2408 4541 Usque
2438 4458 2510 4521 ad
2537 4468 2789 4521 mortem
2825 4462 3142 4539 prmparavi
3162 4464 3418 4520 animam
3454 4477 3645 4521 meam

275 4551 486 4628 θέλημά
526 4573 645 4627 σου,
681 4552 768 4609 καὶ
798 4553 893 4608 οὒκ
920 4552 987 4621 ἦν
1018 4574 1111 4630 μοι
1141 4552 1395 4635 δυσχερὲς
1427 4558 1487 4612 τὸ
1539 4554 1775 4636 πληροῦν
1820 4556 1948 4626 τὰςι

2059 4578 2062 4610 ι
2095 4550 2453 4612 voluntatem
2488 4557 2672 4628 tuam,
2701 4554 2758 4609 et
2785 4566 2904 4608 non
2937 4555 3061 4609 erat
3092 4548 3242 4610 mihi
3271 4546 3513 4610 difﬁcile
3545 4550 3649 4610 im~

276 4641 494 4707 ἰντολάς
524 4663 637 4702 σου.

356 4731 456 4795 61.
490 4732 749 4810 Λογισμοὶ
819 4733 927 4787 τῶν
990 4732 1238 4792 ἐναντίων
1301 4733 1573 4813 δυνάμεων
1618 4739 1691 4804 είς
1736 4739 1921 4797 ἐπιθυ-

277 4820 399 4897 μίας
430 4820 826 4901 θπεισήρχοντό
856 4844 949 4898 μοι
983 4841 1000 4859 ⁸
1035 4823 1398 4901 ἐμνημόνευον
1440 4829 1562 4906 γὰρ,
1596 4825 1676 4886 ὅτι
1711 4832 1756 4886 οἱ
1784 4851 1919 4909 πορ-

276 4910 551 5000 νεύσαντες
582 4909 637 4966 ἒν
666 4923 785 4975 τοῖς
818 4912 1221 5000 κατακλυσμοῖς
1253 4915 1555 5000 ἀπώλοντο,
1601 4920 1687 4976 καὶ
1717 4923 1765 4975 οἱ
1810 4926 1918 4976 Σο-

273 4997 490 5077 δομῖται
521 4999 841 5078 ἑθραύθησαν
873 4999 1342 5086 [συνεκαύθησαν],

352 5088 453 5153 62.
485 5086 665 5147 ’Ὅταν
712 5092 911 5155 πάντες
953 5092 1101 5167 ὕπνῳ
1143 5096 1483 5177 κατείχοντο,
1529 5096 1638 5177 ἐγὼ
1679 5098 1918 5178 νηφούσῃ

268 5181 338 5257 τῇ
376 5178 577 5269 διανοίᾳ
632 5181 1025 5259 παριστάμενος
1070 5181 1348 5265 ἒλάτρεσόν
1407 5208 1491 5244 σοι
1555 5186 1610 5245 ἐν
1653 5186 1917 5269 ψαλμοῖς,

268 5271 357 5327 καὶ
386 5268 593 5345 ὕμνοις,
640 5272 728 5327 καὶ
770 5268 945 5346 ᾠδαῖς
990 5289 1403 5349 πνευματικαῖς.

347 5358 448 5422 63.
482 5359 649 5438 Ὀρῶν
681 5358 902 5418 ἕκαστον
932 5360 1039 5417 τῶν
1070 5364 1489 5442 εὖαρεστούντων
1520 5389 1631 5448 σοι,
1664 5374 1891 5442 σημειοῦ

265 5466 386 5525 μαι,
434 5452 551 5511 πῶς
606 5446 829 5514 ἕκαστος
884 5452 1058 5507 αὒσῶν
1114 5452 1476 5537 πολιτεύεται,
1523 5446 1739 5537 καὶ-ἀφ’
1783 5456 1918 5513 ἐκά-

267 5559 395 5596 στου
438 5542 614 5617 κρατῶ
676 5537 802 5618 παρ’
871 5540 1111 5624 ὶμαυτῷ,
1164 5542 1394 5609 ἒκτελῷν
1453 5546 1579 5604 αὐτὸ
1648 5547 1720 5612 ὣς
1767 5543 1920 5604 iut-

268 5650 381 5696 νος.

345 5748 411 5801 ω
444 5749 649 5813 Matth.
678 5764 779 5825 vu,
810 5750 872 5813 7.

2011 4639 2175 4719 plere
2208 4648 2503 4722 praecepta
2528 4646 2657 4700 tua.

2089 4730 2185 4795 61.
2219 4729 2641 4810 Suggestiones
2686 4724 3115 4789 contrariarum
3171 4731 3527 4805 potestatum
3571 4729 3644 4790 ad

2006 4819 2348 4882 excitandas
2377 4818 2734 4899 cupiditates
2785 4818 2845 4879 in
2908 4834 3001 4878 me
3032 4815 3431 4895 subingressae
3455 4829 3595 4879 sunt
3628 4837 3643 4879 :

2002 4909 2351 4972 recordatus
2379 4918 2574 4969 autem
2617 4927 2775 4985 sum,
2831 4906 2984 4988 quod
3016 4905 3421 4967 adulterantes
3450 4906 3510 4967 in
3548 4907 3645 4968 di-

2004 4998 2162 5062 luvio
2186 5004 2514 5080 perierunt.
2558 5004 2618 5059 et
2647 4996 2970 5059 Sodomitae
2999 5002 3359 5057 concremati
3390 5005 3547 5060 sunt.

2086 5088 2185 5152 62.
2214 5089 2361 5151 Cum
2396 5105 2604 5149 omnes
2635 5104 2845 5148 somno
2879 5083 3323 5166 detinebantur,
3350 5103 3465 5165 ego
3486 5086 3651 5167 vigili

2004 5185 2207 5241 mente
2234 5187 2432 5239 astans
2461 5176 2793 5239 serviebam
2827 5174 2930 5237 tibi
2966 5174 3027 5237 in
3053 5176 3320 5258 psalmis,
3334 5185 3391 5238 et
3416 5177 3650 5257 hymnis

2002 5277 2061 5331 et
2089 5266 2339 5330 canticis
2367 5265 2803 5347 spiritualibus.

2081 5355 2181 5422 63.
2208 5355 2501 5437 Spectans
2532 5354 2934 5435 singulos,qui
2968 5353 3208 5436 placent
3237 5351 3648 5431 tibi,observo,

2002 5448 2301 5529 quomodo
2346 5446 2598 5528 quisque
2624 5463 2829 5508 eorum
2860 5448 3044 5508 vitam
3080 5443 3355 5518 instituit,
3387 5451 3495 5504 eta
3518 5444 3650 5505 sin-

2003 5538 2154 5621 gulis
2184 5537 2408 5619 aliquid
2440 5537 2743 5620 accipiens
2764 5544 2940 5600 teneo
2968 5534 3127 5618 apud
3161 5552 3256 5599 me
3278 5534 3651 5616 ipsum,per-

2003 5647 2189 5711 agens
2212 5628 2328 5693 boc
2359 5628 2581 5710 ipsum,
2615 5625 2771 5691 sicut
2799 5626 2923 5691 illo.
