4136 6216
500 327 652 392 1187

489 555 945 635 iustiﬁcationes
981 565 1108 616 tuas
1138 554 1287 617 doce
1313 575 1429 618 me.

575 647 674 708 65.
711 644 1042 708 Bonitalem
1087 645 1280 708 fecisti
1331 663 1466 706 cum
1499 663 1670 708 servo
1699 658 1824 720 tuo,
1863 649 2135 725 Domine,

494 735 826 797 secundum
856 735 1108 796 verbum
1143 745 1332 797 tuum.

576 825 675 888 66.
709 824 1622 906 Bonitatem,etdisciplinam,et
1651 826 1960 888 scientiam
1991 827 2142 890 doce

491 932 610 988 me,
645 915 783 994 quia
807 913 1099 974 mandatis
1135 915 1252 974 tuis
1283 914 1542 978 credidi.

569 1003 670 1066 67.
703 1003 1052 1082 Priusquam
1079 1002 1425 1063 humiliarer
1457 1023 1566 1083 ego
1599 1005 1850 1084 deliqui,
1889 1015 2132 1086 propte-

487 1111 590 1153 rea
611 1092 913 1174 eloquium
943 1103 1100 1154 tuam
1127 1091 1441 1154 custodivi.

571 1183 672 1244 68.
707 1181 907 1243 Bonus
935 1201 1001 1243 es
1059 1191 1143 1252 tu,
1197 1191 1254 1244 et
1303 1183 1359 1242 in
1417 1185 1681 1248 bonitate
1733 1195 1828 1248 tua
1859 1185 2008 1246 doce
2042 1202 2136 1246 me

481 1271 938 1350 justiﬁcationes
979 1285 1129 1334 tuas.

569 1363 669 1424 69.
697 1361 1084 1440 Multiplicata
1114 1369 1202 1423 est
1233 1379 1416 1442 super
1461 1381 1554 1424 me
1611 1365 1890 1446 iniquitas
1922 1383 2131 1444 super-

491 1453 700 1516 borum
731 1475 742 1512 :
780 1472 888 1533 ego
941 1464 1142 1517 autem
1195 1451 1253 1516 in
1291 1463 1410 1516 toto
1441 1457 1624 1518 corde
1657 1476 1787 1518 meo
1823 1458 2136 1520 scrutabor

489 1547 764 1606 mandata
795 1553 915 1606 tua.

569 1635 668 1697 70.
704 1633 1082 1713 Coagulatum
1137 1645 1228 1698 est
1269 1634 1422 1696 sicut
1475 1639 1562 1696 lac
1593 1653 1698 1698 cor
1729 1655 1941 1699 eorum
1972 1657 1985 1695 :
2025 1655 2135 1716 ego

488 1741 628 1786 vero
655 1725 844 1802 legem
871 1733 1030 1784 tuam
1065 1724 1389 1786 meditatus
1421 1744 1575 1788 sum.

574 1815 672 1876 71.
707 1812 935 1873 Bonum
971 1811 1138 1894 mihi,
1169 1813 1309 1892 quia
1343 1813 1664 1876 bumiliasti
1691 1823 1880 1891 me,ut
1907 1815 2133 1877 discam
2162 1849 2198 1898 Β

486 1903 946 1983 justiﬁcationes
990 1910 1144 1964 tuas.

571 1991 670 2055 72.
701 1991 930 2054 Bonum
962 1991 1107 2053 mihi
1135 1991 1230 2052 lex
1260 1991 1382 2052 oris
1413 1991 1520 2072 tui,
1553 2009 1742 2074 super
1795 1994 1979 2056 millia
2006 1995 2136 2057 auri

492 2091 552 2142 et
579 2082 831 2162 argenti.

575 2173 671 2232 73.
709 2175 917 2234 Manus
945 2179 1060 2230 tua:
1107 2169 1384 2232 fecerunt
1444 2190 1560 2246 me,
1605 2183 1668 2234 et
1697 2174 2134 2254 plasmaverunt

491 2279 612 2338 me,
645 2261 720 2322 da
750 2260 892 2322 mihi
926 2259 1320 2339 intellectum,
1355 2267 1414 2321 et
1437 2259 1662 2324 discam
1699 2263 1974 2325 mandata
2009 2273 2124 2324 tua.

573 2353 670 2414 74.
704 2351 818 2424 Qui
850 2350 1060 2412 timent
1085 2357 1141 2411 te
1171 2348 1460 2412 videbunt
1489 2369 1606 2424 me,
1641 2357 1700 2414 et
1729 2351 2124 2414 laetabuntur:

487 2441 627 2523 quia
657 2441 718 2502 in
748 2439 928 2502 verba
973 2449 1069 2502 tua
1101 2440 1538 2520 supersperavi.

1299 331 1356 394 S.
1409 327 1832 396 ATHANASII
1875 333 2040 397 OPP.
2091 331 2280 397 PARS
2325 335 2429 398 III.
2481 369 2554 380 -—
2605 333 3056 398 EXEGI‘ITICA.

571 467 674 529 64.
707 465 1122 529 Misericordia
1153 471 1276 540 tua,
1313 465 1595 540 Domine,
1629 467 1806 548 plena
1833 475 1923 529 est
1953 479 2131 549 terra,
2161 477 2194 527 Α

3715 337 3852 402 1188

2299 473 2402 532 64.
2435 471 2536 528 Τοῦ
2565 469 2744 530 ἐλέους
2783 491 2897 542 σου,
2923 466 3334 548 Κύριε,πλήρης
3369 470 3400 536 ἧ
3441 473 3532 544 γῆ,
3563 471 3632 526 τὰ
3657 470 3856 528 δικαιώ-

2223 561 2366 631 ματά
2401 583 2494 616 σου
2539 558 2742 624 διδαξον
2787 581 2876 632 με.

2303 649 2403 712 65.
2441 651 2792 728 Χρηστότητα
2815 649 3070 716 ἐποίησας
3103 649 3239 722 μετὰ
3267 655 3364 704 τοῦ
3395 647 3580 706 δούλου
3609 671 3722 722 σου,
3751 649 3852 710 Κύ-

2223 759 2325 818 ριε³
2373 741 2507 794 κατὰ
2550 741 2641 796 τὸν
2685 738 2844 815 λόγον
2888 760 2984 794 σου

2305 827 2403 890 66.
2445 835 2819 906 Χρηστοτητα,
2867 831 2956 884 καὶ
2999 825 3265 896 παιδείαν,
3313 831 3402 883 καὶ
3435 834 3626 904 γνῶσιν
3663 826 3852 894 ὂιδαξόν

2223 939 2312 991 με,
2345 916 2424 974 ὅτι
2469 931 2590 982 ταῖς
2635 917 2880 982 ἐντολαῖς
2915 939 3008 972 σου
3039 917 3342 975 ἐπίστευσα.

2301 1006 2402 1069 67.
2441 1010 2546 1084 Πρὸ
2597 1015 2688 1063 τοῦ
2733 1028 2798 1072 με
2845 1007 3232 1074 ταπεινωθῆναι
3281 1005 3390 1084 ἐγὼ
3449 1005 3853 1083 ἑπλημμὲλησά,

2218 1093 2300 1151 διὰ
2335 1105 2486 1154 τοῦτο
2518 1099 2576 1152 τὸ
2609 1096 2790 1173 λόγιόν
2821 1119 2917 1154 σου
2947 1095 3200 1173 ἐφύλαξα.

2297 1187 2396 1250 68.
2433 1191 2674 1266 Χρηστὸε-
2721 1190 2774 1244 εἶ
2821 1191 2905 1258 σὺ,
2955 1186 3139 1266 Κύριε,
3171 1190 3260 1244 καὶ
3321 1187 3376 1242 ἐν
3421 1191 3488 1264 τῇ
3535 1192 3856 1268 χρηστὸτητί

2218 1299 2310 1334 σου
2341 1277 2540 1343 δίδαξον
2575 1299 2639 1351 με
2671 1279 2733 1332 τὰ
2761 1276 3089 1356 διραιὼμπτᾶ
3129 1299 3247 1340 σου,

2297 1367 2397 1428 69.
2434 1366 2767 1434 Ἐπληθύνθη
2815 1367 2902 1423 ἐπ’
2955 1367 3048 1442 ἐμὲ
3101 1366 3278 1422 ἀδικία
3321 1369 3674 1448 ὑπερηφάνων
3714 1385 3726 1398 '
3760 1368 3856 1446 ἐγὼ

2219 1455 2270 1512 δὲ
2303 1457 2356 1512 ἐν
2386 1457 2486 1534 ὅλῃ
2517 1456 2696 1534 καρδίᾳ
2728 1481 2826 1532 μου
2855 1455 3179 1536 ἐξερευνήσω
3213 1459 3306 1518 τὰς
3331 1457 3548 1520 ἐντολάς
3591 1480 3704 1520 σου,

2299 1633 2397 1695 70.
2433 1627 2697 1706 Ἐτυρώθη
2730 1639 2804 1700 ὡς
2849 1635 2988 1715 γάλα
3017 1636 3050 1702 ἡ
3077 1633 3262 1714 mpii:
3290 1635 3482 1691 αὒτῶι·
3519 1636 3630 1714 ἐγὼ
3669 1633 3722 1690 δὲ
3771 1637 3854 1690 τὸν

2220 1725 2382 1798 νόμον
2427 1747 2522 1781 σου
2565 1726 2864 1800 ἐμελέτησα
2878 1774 2889 1786 ,

2297 1816 2396 1876 71.
2437 1815 2660 1892 Ἀγαθὸν
2692 1838 2804 1888 μοι,
2845 1815 2925 1871 ὅτι
2959 1814 3324 1878 ἓταπεινωσάς
3357 1836 3446 1892 με,
3486 1815 3636 1876 ὅπως
3663 1813 3724 1870 ἂν
3751 1815 3852 1888 μά-

2219 1909 2296 1962 θω
2339 1907 2404 1960 τὰ
2447 1903 2782 1979 δικαιώματά
2827 1927 2943 1966 σου,

2300 1995 2403 2056 72.
2441 1991 2665 2071 Ἀγαθός
2697 2017 2789 2068 μοι
2821 1997 2848 2050 ὁ
2879 1996 3040 2068 νόμος
3070 2001 3162 2050 τοῦ
3192 1993 3460 2067 στόματός
3493 2013 3590 2048 σου
3621 1992 3748 2068 ὑπὲρ
3775 2013 3856 2070 7-"

2217 2083 2400 2150 λιάδας
2447 2086 2666 2162 χρυσίου
2709 2086 2796 2139 καὶ
2839 2083 3116 2162 ἀργυρίου,

2296 2173 2394 2237 73.
2447 2177 2504 2230 Ai
2535 2173 2722 2252 χεῖρές
2757 2195 2851 2230 σου
2895 2172 3152 2238 ἐποίησέν
3197 2193 3289 2244 με,
3335 2173 3423 2227 καὶ
3475 2169 3714 2226 ἓπλατάν
3769 2191 3852 2249 με,

2214 2262 2484 2320 συνὲτισόν
2528 2286 2618 2342 με,
2653 2264 2740 2318 καὶ
2773 2265 3083 2338 μαθήσομαι
3111 2264 3204 2324 τὰς
3237 2261 3458 2324 ἐντολάς
3479 2281 3603 2320 σου.

2292 2355 2394 2417 74,
2425 2357 2484 2411 Οἱ
2541 2351 2854 2433 φοϐούμενοί
2897 2375 2954 2409 σε
3003 2353 3225 2428 ὄψονταί
3283 2375 3374 2432 με,
3419 2355 3508 2410 καὶ
3571 2353 3856 2431 εὔφρανθή-

2215 2467 2420 2522 σονται,
2454 2444 2532 2498 ὅτι
2567 2445 2640 2506 εἷς
2671 2445 2792 2508 τοὺς
2827 2442 3018 2521 λόγους
3043 2465 3140 2501 σου
3167 2441 3468 2512 ἒπήλπισα.

1627 2572 2041 2639 ATHANASII
2084 2571 2725 2642 INTEBPRETATIO.

557 2709 658 2772 64.
691 2709 822 2772 Non
847 2717 934 2770 est
957 2709 1157 2790 homo,
1191 2709 1362 2788 cujus
1395 2727 1510 2770 non
1548 2709 1911 2791 miserearis,
1945 2721 2126 2789 atque

481 2799 662 2861 etiam
695 2801 811 2860 mei
845 2799 1255 2873 misereberis,
1311 2805 1369 2861 et
1428 2798 1676 2861 docebis
1708 2819 1802 2862 me
1820 2801 2124 2880 justiﬁca-

482 2889 676 2953 tiones
707 2897 856 2951 tuas.
2127 2945 2132 2950 .

563 2981 660 3040 65.
695 2977 946 3042 Omnem
983 2987 1138 3040 tuam
1184 2979 1508 3042 bonitatem
1549 2979 1874 3060 implevisti
1909 2980 1968 3042 in
2001 3001 2118 3054 me.

481 3069 984 3152 quemadmodum
1009 3069 1150 3130 mihi
1180 3068 1523 3148 promisisti.

561 3161 660 3224 66.
687 3159 1074 3228 Charitatem.
1136 3163 1197 3221 et
1249 3157 1677 3234 humilitatem,
1739 3167 1798 3220 et
1844 3160 2123 3224 virtutem

481 3249 922 3330 Scripturarum
957 3257 1191 3310 tuarum
1216 3249 1374 3310 scire
1425 3265 1521 3310 me
1551 3267 1658 3328 per
1691 3250 1941 3329 gratiam
1967 3261 2124 3312 tuam

2293 2715 2396 2778 64.
2431 2723 2538 2776 Οὔκ
2581 2719 2721 2775 ἔστιν
2747 2717 3038 2798 ἅνθρωπος,
3083 2719 3143 2774 ὃν
3173 2721 3264 2775 οὒκ
3293 2717 3491 2798 ἐλεεῖς,
3525 2717 3670 2794 κάμὲ
3709 2718 3856 2786 Hd,-

2210 2829 2340 2880 σεις,
2379 2811 2464 2864 καὶ
2493 2807 2712 2874 διδάξεις
2740 2829 2806 2882 με
2831 2811 2896 2864 τὰ
2926 2806 3262 2883 δικαιώματά
3297 2831 3416 2870 σο),

2287 2987 2387 3050 65.
2423 2993 2598 3044 Πᾶνα-ι
2631 2988 2725 3055 τὴν
2759 2987 3104 3065 ἀγαθωτύιην
3155 3009 3243 3044 70')
3274 2986 3598 3066 ἐπλττερωτκς
3634 2989 3703 3051 εἷς
3735 2985 3852 3062 ἐμὲ,

2207 3079 2383 3142 καθὼς
2430 3077 2741 3155 ἐπηγγείλω
2787 3099 2900 3152 μοι.

2289 3165 2388 3228 66.
2424 3165 2699 3244 Ἀγάπην,
2735 3167 2824 3222 καὶ
2857 3169 3196 3240 ταπείνωσιν,
3237 3167 3324 3222 καὶ
3369 3167 3468 3233 τὴν
3511 3164 3731 3238 δύναμιν
3760 3165 3858 3220 τῶν

2211 3261 2432 3335 Γραφῶν
2485 3277 2578 3312 σου
2625 3255 2814 3312 εἷδένυι
2861 3276 2926 3328 με
2971 3253 3054 3310 διὰ
3097 3261 3196 3323 τῆς
3242 3256 3464 3335 χάριτός
3515 3278 3616 3311 σου
3641 3249 3864 3333 δώρησαί

483 3340 748 3402 concede
780 3339 948 3412 mihi,
982 3339 1122 3416 quia
1180 3337 1410 3402 credidi
1465 3338 1768 3416 quodest
1813 3339 2126 3403 retributio

2269 3368 2326 3420 η,
2391 3344 2470 3401 ὅτι
2523 3345 2824 3418 ἐπίστευσα,
2899 3342 2978 3398 ὅτι
3052 3343 3193 3400 ἔστιν
3237 3343 3594 3408 ἀνταπόδοσις
3654 3343 3858 3400 δικαίων

473 3429 654 3510 justis
680 3437 854 3509 atque
883 3427 1145 3507 injustis.

563 3519 664 3582 67.
701 3519 1054 3599 Priusquam
1089 3516 1429 3596 subjicerer
1459 3519 1585 3598 tibi,
1620 3539 1728 3598 ego
1759 3521 1820 3584 in
1857 3531 1912 3582 te
1942 3522 2128 3584 multa

481 3607 748 3690 peccavi,
788 3617 1106 3688 prOpterea
1139 3627 1318 3684 nunc,
1376 3609 1532 3690 quod
1587 3611 1924 3694 praecepisti
1957 3612 2124 3689 mihi,

482 3697 796 3762 custodiri.

561 3789 664 3852 68.
693 3789 892 3850 Bonus
925 3806 1012 3862 es,
1057 3787 1332 3860 Domine,
1369 3798 1428 3851 et
1487 3790 1548 3850 in
1579 3790 1806 3872 Spiritu
1843 3801 1938 3852 tuo
1971 3791 2128 3853 bono

479 3880 629 3942 doce
661 3896 756 3939 me
768 3877 1229 3957 justiticationes
1263 3886 1390 3940 tuas
1433 3887 1490 3941 et
1547 3899 1918 3961 cognoscere
1949 3889 2006 3942 et
2035 3881 2128 3942 fa-

480 3987 644 4032 cere.

562 4059 662 4121 69.
697 4057 1006 4118 Multitudo
1031 4057 1424 4137 cupiditatum
1457 4067 1512 4120 et
1539 4061 1968 4138 cogitationum
1995 4060 2127 4124 dia-

481 4147 811 4210 bolicarum
861 4146 1034 4207 irruit
1081 4146 1140 4206 in
1201 4166 1298 4208 me
1330 4169 1342 4210 :
1379 4165 1488 4226 ego
1520 4159 1721 4210 autem
1753 4169 2130 4232 nequaquam

481 4236 698 4298 tradidi
745 4236 802 4296 in
837 4236 996 4315 ipsas
1049 4254 1152 4296 cor
1207 4255 1432 4317 meum,
1467 4257 1604 4298 nam
1643 4251 1904 4301 mentem
1937 4259 2130 4302 meam

481 4325 770 4389 habebam
799 4326 858 4386 in
887 4325 1197 4406 praaceptis
1232 4325 1372 4386 tuis.

557 4417 657 4479 70.
695 4414 1064 4480 Obduratum
1093 4425 1186 4478 est
1213 4434 1316 4477 cor
1347 4433 1700 4496 eorum,ego
1730 4427 1928 4480 autem
1959 4437 2129 4480 men-

483 4515 602 4568 tem
633 4525 826 4568 meam
862 4508 921 4568 in
957 4505 1174 4568 timore
1201 4515 1299 4568 tuo
1339 4506 1556 4570 habeo.

562 4599 662 4660 7i.
698 4598 924 4659 Bonum
952 4595 1287 4676 mihi,quod
1311 4596 1758 4660 mansuefecisti
1781 4615 1885 4660 cor
1903 4616 2128 4672 meum,

480 4699 548 4750 ut.
573 4686 866 4765 excipiam
895 4685 1144 4766 gratiam
1183 4695 1367 4747 tuam.

564 4775 664 4840 72.
697 4775 882 4838 Bonan
914 4775 1062 4838 mihi
1087 4783 1224 4838 sunt
1257 4775 1500 4850 divitiae,
1549 4795 1696 4858 quas
1734 4776 1950 4839 dedisti
1985 4778 2132 4840 mihi

482 4865 690 4928 dicens
723 4883 737 4928 :
765 4867 1042 4945 Accipite
1072 4867 1371 4946 Spiritum
1395 4875 1668 4929 sanctum
1697 4865 1784 4943 60,
1819 4867 1922 4946 qui
1951 4885 2134 4948 super

481 4973 694 5018 omnes
725 4954 956 5016 divitias
983 4963 1092 5037 est,
1121 4973 1266 5038 quas
1296 4955 1596 5037 quispiam
1631 4975 1894 5038 unquam
1929 4955 2130 5019 animo

481 5043 846 5123 conceperit.

565 5131 662 5196 73.
698 5132 782 5194 Tu
803 5131 876 5193 ab
907 5131 1244 5208 initio,cum
1269 5152 1380 5212 ego
1412 5133 1600 5196 lutum
1627 5145 1913 5208 essem,et
1943 5143 2122 5210 terra,

480 5221 750 5284 formasti
781 5239 874 5284 me
893 5223 1224 5285 secundum
1259 5233 1416 5286 tuam
1451 5223 1798 5304 imaginem,
1827 5233 1886 5286 et
1906 5223 2125 5286 simili-

479 5312 768 5384 tudinem,
809 5317 870 5375 et
901 5331 1058 5373 nunc
1088 5323 1432 5393 corruptum
1457 5332 1562 5374 cor
1589 5333 1788 5378 meum
1811 5333 1846 5375 a
1874 5314 2130 5396 terrenis

481 5402 978 5481 conCupiscentiis
1000 5421 1218 5464 renova
1247 5403 1486 5478 illud,et
1519 5403 1776 5479 fac,cum
1805 5413 1902 5464 tua
1933 5404 2126 5484 imago

485 5489 584 5568 sit,
634 5500 693 5550 ut
724 5491 936 5552 habeat
967 5493 1024 5554 in
1053 5511 1118 5555 se
1151 5493 1437 5573 inscripta
1469 5505 1765 5574 praecepta
1798 5501 1918 5556 tua.

561 5581 663 5642 74.
698 5577 896 5643 Sancli
932 5585 1012 5644 tui
1047 5593 1106 5644 et
1164 5601 1374 5644 omnes
1403 5585 1598 5662 angeli
1629 5585 1713 5646 tui
1745 5583 2152 5665 exsultabunt

483 5669 748 5731 videntes.
783 5672 940 5748 quod
975 5691 1070 5733 me
1101 5673 1396 5752 paenituit.

563 5777 628 5828 θθ
655 5779 824 5844 Joan.
849 5797 947 5856 xx,
978 5777 1079 5846 20.

2211 3436 2299 3491 καὶ
2343 3432 2537 3490 ἀδίκων
2549 3483 2561 3496 ,

2293 3523 2392 3585 67.
2445 3525 2549 3602 Πρὸ
2615 3527 2715 3581 τοῦ
2787 3547 2852 3600 με
2937 3523 3270 3602 ὑποταγῆναι
3341 3545 3448 3602 σοι³
3515 3522 3629 3600 ἐγὼ
3679 3523 3750 3584 εἰς
3805 3521 3858 3575 σὲ

2211 3612 2389 3670 πολλὰ
2432 3611 2690 3692 ἥμαρτον²
2767 3613 2850 3670 διὰ
2903 3621 3058 3672 τοῦτο
3115 3619 3202 3668 νῦν
3263 3612 3394 3684 ὅπερ
3461 3610 3712 3668 ἐνετείλω
3753 3633 3858 3686 μοι,

2213 3701 2464 3782 ἐφύλαξα,

2291 3791 2392 3853 68.
2429 3791 2652 3870 Ἀγαθὸς
2687 3794 2766 3870 εἶ,
2801 3791 2982 3872 Κύριε,
3019 3795 3104 3848 καὶ
3147 3792 3202 3848 ἐν
3246 3797 3323 3864 τῷ
3371 3791 3642 3866 Πνεύματί
3671 3812 3762 3846 σου
3787 3795 3857 3862 τῷ

2211 3881 2393 3960 ἁγαθῷ
2423 3879 2620 3947 δίδαξόν
2653 3904 2716 3958 με
2751 3884 2814 3938 τὰ
2859 3879 3192 3956 δικαιώματᾶ
3237 3900 3350 3953 σου,
3419 3881 3508 3936 καὶ
3555 3881 3854 3957 γινώτκειν,

2209 3972 2302 4027 καὶ
2329 3983 2536 4032 ποιεῖν,

2289 4059 2392 4122 69.
2431 4060 2636 4126 Πλῆθος
2671 4061 2958 4136 ἐπιθυμιῶν
3019 4063 3105 4116 καὶ
3163 4060 3506 4134 ἐνθυμήσεων
3539 4057 3858 4115 διαδολικῶν

2213 4147 2408 4210 ἐπέστη
2441 4171 2531 4224 μοι
2567 4165 2580 4180 ’
2633 4151 2740 4228 ἐγὼ
2769 4147 2821 4205 δὲ
2885 4149 3000 4206 οὐδὲ
3033 4149 3170 4213 ὅλως
3215 4147 3443 4214 ἐξέδωκα
3475 4149 3550 4210 εἰς
3601 4149 3730 4204 αὗτὲ
3771 4147 3860 4212 tiu

2220 4240 2422 4308 ιαρδίαν
2469 4258 2608 4314 μου·
2653 4243 2749 4308 τὴν
2807 4239 2905 4317 γάρ
2976 4238 3212 4296 διάνοιάν
3289 4261 3390 4314 μου
3435 4237 3604 4318 εἶχον
3647 4239 3722 4302 εἰς
3781 4236 3862 4298 τὰς

2214 4328 2431 4392 ἐντολάς
2468 4351 2582 4390 σου,

2293 4418 2394 4480 70.
2431 4417 2790 4496 Ἐσκλήρυται
2833 4421 2865 4486 ἡ
2900 4417 3084 4498 καρδία
3129 4420 3321 4492 αὐτῶν,
3355 4416 3464 4496 ἐγὼ
3495 4414 3549 4472 δὲ
3593 4417 3694 4482 τὴν
3745 4412 3864 4470 Sei-

2215 4509 2361 4566 νοιάν
2390 4529 2491 4583 μου
2521 4510 2592 4572 εἷς
2627 4509 2714 4564 τὸν
2749 4505 2910 4588 φοϐον
2941 4530 3034 4565 σου
3059 4508 3198 4587 ἔχω.

2301 4598 2398 4660 71.
2433 4597 2658 4675 Ἀγαθόν
2703 4620 2820 4678 μοι,
2869 4597 2955 4654 ὅτι
3002 4597 3261 4676 ἐπράϋνας
3329 4597 3429 4663 τὴν
3483 4593 3702 4674 καρδίαν
3745 4615 3862 4672 μου³

2215 4687 2360 4751 ὅπως
2395 4687 2456 4746 ἂν
2487 4685 2716 4762 δὲξωμαι
2748 4689 2846 4755 τὴν
2881 4689 3040 4767 χάριν
3073 4711 3190 4760 σου,

2301 4775 2396 4839 72.
2434 4777 2652 4854 Ἀγαθός
2697 4801 2786 4852 μοι
2851 4780 2878 4833 ὁ
2923 4775 3150 4839 πλοῦτος
3197 4776 3254 4830 ὃν
3301 4774 3502 4839 ἔδωκας
3545 4798 3640 4850 μοι
3673 4775 3860 4852 λέγων·

2215 4863 2414 4923 Λάϐετε
2461 4865 2674 4940 Πνεῦμα
2723 4867 2874 4946 ἅγιον
2915 4867 3046 4944 ὑπὲρ
3105 4865 3278 4922 πάντα
3350 4864 3608 4944 πλοῦτον,
3671 4865 3730 4922 ὅν
3779 4862 3862 4918 ἐὰν

2217 4978 2292 5020 τις
2320 4956 2608 5032 ἐνθυμηθῇ.

2293 5135 2390 5197 73.
2429 5137 2500 5190 Σὺ
2545 5135 2598 5190 ἰν
2624 5137 2772 5214 ἀρχῇ
2804 5133 2976 5202 πηλὸν
3008 5133 3133 5192 ὄντα
3163 5155 3256 5210 με,
3301 5135 3390 5190 καὶ
3444 5137 3569 5212 γῆν,
3637 5131 3860 5192 ἔπλασας

2212 5225 2328 5282 κατ’
2375 5225 2552 5282 εἰκόνα
2611 5229 2714 5292 σὴν
2758 5227 2846 5281 καὶ
2889 5225 3168 5304 ὁμοίωσιν,
3200 5225 3287 5280 καὶ
3327 5229 3416 5278 νῦν
3447 5223 3738 5302 φθαρείσης
3767 5225 3856 5285 τῆς

2211 5312 2424 5392 καρδίας
2481 5333 2584 5388 μου
2635 5315 2736 5368 ὑπὸ
2779 5319 2885 5368 τῶν
2929 5315 3128 5392 γηίνων
3189 5312 3480 5386 ἐπιθυμιῶν
3525 5311 3856 5366 ἀνακαίνισον

2211 5404 2401 5478 uitus,
2437 5407 2524 5458 καὶ
2559 5403 2806 5476 ποίησοθ,
2862 5405 2932 5467 ὡς
2981 5405 3082 5470 σὴν
3123 5405 3280 5458 οὖσαν
3327 5403 3526 5480 εἰκόνα,
3571 5399 3670 5463 τὰς
3713 5402 3854 5454 ἕντο·-

2209 5493 2302 5557 λὰς
2333 5492 2480 5572 ἔχειν
2511 5491 2564 5546 ἓν
2597 5493 2731 5572 ςιςῦτῇ
2765 5493 3225 5574 ἐῖγεγρχμμένμςτ
3285 5561 3292 5566 _
3371 5517 3380 5528 .

2293 5569 2398 5644 74.
2425 5591 2483 5638 Οι
2515 5569 2656 5660 ἅγιοί
2707 5569 2826 5638 σον·
2988 5569 3182 5644 ads-.5;
3239 5583 3286 5637 οἱ
3317 5579 3536 5659 ἄγγελοι
3569 5600 3668 5636 σου
3691 5573 3878 5660 ἆγιιλτε

2213 5671 2491 5730 λιάσονται
2523 5671 2780 5750 δρῶντες,
2815 5671 2895 5728 ὅτι
2929 5671 3252 5748 μετενόησα,
