4136 6216
333 347 498 416 H89

413 488 514 549 75.
554 489 798 567 ”Εγνων,
845 487 1031 570 Κύριε,
1103 489 1186 546 ὅτι
1247 489 1554 558 δικαιοσύνη
1623 492 1688 547 τὰ
1751 490 2039 568 κρίματῶΛ

333 596 450 655 σου,
483 579 569 634 καὶ
600 579 820 651 ἀληθείᾳ
842 579 1200 644 ἐταπείνωσᾶς
1234 600 1327 655 με.

417 665 512 729 Ἱ6.
547 671 832 738 Γενηθήτω
861 667 925 736 δὴ
958 672 1017 725 τὸ
1047 668 1197 732 ’ἔλεός
1229 691 1324 724 σου
1376 677 1470 726 τοῦ
1514 668 1880 748 παρακαλέσαι
1913 690 1979 744 με

329 755 468 810 κατὰ
490 757 550 811 τὸ
583 754 765 833 λόγιόν
796 780 888 814 σου
914 765 990 832 τῷ
1011 757 1180 831 δούλῳ
1211 780 1326 819 σου.

410 844 511 905 77.
550 843 885 904 Ἐλθέτωσαν
933 871 1025 922 μοι
1083 849 1131 902 (ἱ
1177 847 1438 924 οἰκτιρμοί
1496 867 1613 919 σου,
1670 850 1758 903 καὶ
1808 850 1975 918 ζήσο-

329 955 456 1011 μαι,
489 933 571 990 ὅτι
603 937 631 990 ὁ
663 937 822 1010 νόμος
851 959 944 992 σου
977 936 1177 1010 μελέτη
1212 957 1313 1008 μου
1344 935 1505 995 ἐστίν,

407 1023 510 1086 78.
547 1026 996 1104 Αἰσχυνθήτωσαν
1037 1027 1390 1104 ὑπερήφανοι,
1428 1022 1508 1079 ὅτι
1541 1023 1732 1090 ἀδίκως
1755 1026 1976 1101 ὠνάμη-

328 1134 428 1167 σαν
473 1115 545 1176 εἰς
592 1114 689 1188 ἐμέ
725 1136 740 1152 ο
788 1116 898 1192 ἐγὼ
939 1112 993 1171 δὲ
1038 1113 1398 1193 ἀδολεσχήσω
1467 1114 1522 1169 ἐν
1566 1128 1686 1178 ταῖς
1732 1115 1976 1180 ἐντολαῖς

325 1222 446 1261 σου.

407 1289 510 1352 79.
547 1290 1053 1372 Ἐπιστρεψάτωσάν
1099 1316 1165 1369 με
1211 1296 1257 1350 οἱ
1306 1289 1612 1368 ςοϐούμενοί
1652 1315 1734 1373 σε,
1783 1297 1869 1350 καὶ
1928 1297 1976 1352 οἱ

323 1381 678 1458 γινώσκοντες
725 1386 792 1440 τὰ
821 1385 1074 1464 μαρτύριά
1105 1406 1220 1444 σου.

407 1469 512 1534 80.
544 1476 830 1543 Γενηθήτω
865 1472 1100 1551 ἣκαρδία
1129 1497 1233 1549 μου
1254 1473 1478 1549 ἄμωμος
1509 1473 1564 1528 ἐν
1593 1488 1712 1540 τοῖς
1761 1473 1976 1532 δικαιώ-

325 1561 460 1630 μασί
502 1584 617 1637 σου,
665 1562 808 1627 ὅπως
853 1563 916 1618 ἂν
959 1565 1037 1639 μὴ
1084 1566 1372 1644 αἷσχὺνθῶ,

405 1649 508 1712 81.
547 1651 812 1709 Ἐκλείπει
857 1655 931 1718 εἰς
961 1657 1022 1709 τὸ
1055 1655 1317 1732 σωτήριόν
1349 1677 1444 1711 σου
1480 1656 1508 1721 ἦ
1541 1657 1693 1733 ψυχή
1727 1678 1854 1728 μου,
1901 1657 1973 1718 εἰς

323 1741 449 1802 τοὺς
481 1739 671 1818 λόγους
703 1765 798 1801 σου
822 1742 1120 1812 ἐπήλπισα.

1195 352 1284 416 DE
1328 353 1642 416 TITULIS
1688 354 2174 416 PSALMORUM.
2240 391 2293 398 ν-
2344 355 2553 417 PSAL.
2608 348 2878 418 CXVIII.

3566 352 3738 419 1190

2139 491 2240 553 75.
2279 491 2561 569 Cognovi,
2593 488 3018 570 Domine,quia
3049 489 3293 569 aequitas
3319 489 3550 569 judicia
3579 498 3703 565 tua,

2064 590 2122 642 et
2152 579 2211 640 in
2245 581 2493 642 veritate
2523 589 2620 640 tua
2653 577 2983 641 humiliasti
3022 597 3140 642 me.

2145 669 2243 732 '76.
2279 667 2403 730 Fiat
2438 666 2845 728 misericordia
2879 677 2977 728 tua
3007 676 3070 727 ut
3103 666 3447 728 consoletur
3478 685 3572 729 me
3604 687 3707 730 se-

2061 756 2326 818 cundum
2354 757 2652 836 eloquium
2688 763 2849 816 tuum
2882 771 3056 816 servo
3092 766 3211 820 tuo.

2138 847 2240 908 77.
2269 844 2518 907 Veniant
2549 846 2695 906 mihi
2752 844 3168 908 miserationes
3199 854 3339 919 tuae,
3372 855 3433 907 et
3459 847 3650 909 vivam
3687 869 3701 908 :

2059 935 2197 1016 quia
2224 935 2315 997 lex
2337 945 2435 996 tua
2459 934 2762 996 meditatio
2790 953 2920 995 mea
2954 943 3066 995 est.

2138 1025 2238 1088 78.
2273 1025 2726 1088 Confundantur
2753 1023 3020 1105 superbi,
3052 1023 3190 1104 quia
3238 1025 3464 1103 injuste
3495 1027 3708 1108 iniqui-

2061 1121 2234 1173 tatem
2268 1113 2536 1175 fecerunt
2568 1113 2628 1174 in
2658 1130 2752 1173 me
2785 1133 2798 1172 :
2867 1130 2973 1189 ego
3030 1121 3230 1174 autem
3268 1115 3597 1176 exercebor
3645 1116 3704 1177 in

2061 1201 2355 1262 mandatis
2381 1203 2519 1265 tuis.

2146 1292 2236 1353 79.
2277 1293 2709 1354 Convertantur
2767 1291 2909 1352 mihi
2947 1292 3226 1354 timentes
3259 1303 3336 1365 te,
3384 1303 3442 1356 et
3467 1295 3565 1375 qui
3592 1316 3705 1357 no-

2059 1389 2272 1442 verunt
2302 1382 2640 1443 testimonia
2673 1391 2790 1444 tua.

2139 1471 2240 1533 80.
2275 1472 2401 1532 Fiat
2424 1489 2528 1532 cor
2582 1489 2778 1532 meum
2840 1471 3284 1534 immaculatum
3317 1476 3378 1535 in
3404 1475 3702 1554 justitica-

2061 1559 2322 1621 tionibus
2354 1560 2495 1634 tuis,
2527 1573 2592 1620 ut
2625 1579 2741 1621 non
2775 1560 3136 1622 confundar.

2138 1650 2234 1711 8t.
2271 1649 2497 1712 Deiecit
2527 1650 2588 1710 in
2619 1650 2875 1710 salutare
2933 1661 3096 1712 tuum
3129 1654 3326 1714 anima
3360 1672 3512 1730 mea,
3547 1663 3606 1716 et
3638 1656 3699 1716 in

2056 1740 2237 1801 verba
2271 1748 2369 1800 tua
2398 1740 2840 1820 superspcravi.

406 1829 510 1892 82.
547 1830 822 1896 Ἐξέλιπον
875 1835 923 1889 οἱ
982 1832 1240 1912 ὀφθαλμοὶ
1298 1855 1400 1908 μου
1429 1835 1500 1894 εὶς
1532 1835 1592 1890 τὸ
1625 1832 1808 1912 λόγιόν
1852 1856 1968 1914 σου,

2136 1830 2234 1892 8‘2.
2275 1828 2636 1890 Defecerunt
2696 1829 2854 1889 oculi
2892 1828 3008 1888 mei
3063 1834 3120 1888 in
3169 1830 3471 1911 eloquium
3507 1842 3698 1909 tuum,

322 1918 575 1998 λέγοντες
611 1942 623 1953 ·
673 1921 808 1978 Πότε
854 1923 1239 2002 παρακαλέσεις
1273 1945 1340 1999 με
1370 1944 1385 2004 ς

403 2008 502 2070 83.
544 2009 675 2068 "Ott
705 2012 962 2089 ἐγενήθην
1007 2017 1080 2078 ὡς
1113 2014 1276 2074 ἀσκὸς
1312 2013 1364 2068 ἐν
1409 2016 1624 2092 πάίχνῃ,
1656 2015 1722 2070 τὰ
1745 2014 1968 2070 δικαιώ-

320 2099 470 2173 ματά
512 2120 607 2156 σου
636 2103 731 2158 οὸιι
761 2101 1122 2178 ἐπελαθόμην.

403 2187 506 2252 84.
545 2191 713 2247 Πόσαι
763 2194 891 2249 εἱσὶν
937 2197 988 2249 αἱ
1031 2193 1226 2270 ἡμέραι
1269 2199 1361 2249 τοῦ
1403 2190 1587 2248 δούλου
1644 2215 1735 2249 σου
1773 2213 1788 2267 ;
1840 2195 1968 2250 πότε

319 2281 568 2349 ποιήσεις
593 2303 682 2356 μοι
713 2281 774 2338 ἐκ
801 2289 906 2341 τιῖον
937 2283 1375 2340 καταδιωνὸντων
1407 2305 1476 2358 με
1507 2284 1676 2360 κρίσιν
1709 2307 1726 2352 ;

403 2368 505 2431 85.
559 2373 900 2449 Διηγήσαντο
945 2396 1034 2448 μοι
1093 2374 1390 2452 παράνομοι
1438 2371 1782 2452 ἀδολεσχίας,
1851 2373 1969 2429 ἀλλ’

317 2465 425 2540 οὐχ
473 2463 546 2522 ὡς
579 2463 606 2515 ὁ
637 2463 797 2538 νόμος
831 2485 952 2543 σου,
1001 2464 1178 2542 Κύριε.

2053 1918 2322 1980 dicentes
2349 1940 2362 1982 :
2397 1917 2645 1991 Quando
2676 1917 3082 1978 censolaberis
3108 1937 3203 1980 me
3225 1926 3252 1981 ?

2133 2008 2230 2070 83.
2268 2008 2414 2080 Quia
2433 2007 2623 2068 factus
2651 2025 2781 2068 sum
2819 2006 2971 2067 sicut
3014 2015 3146 2068 uter
3175 2009 3235 2068 in
3271 2010 3480 2090 pruina
3514 2027 3529 2070 :
3559 2010 3699 2090 jus-

2051 2097 2408 2161 tiﬁcatiOnes
2439 2107 2571 2158 tuas
2597 2115 2714 2156 non
2747 2114 2878 2156 sum
2912 2097 3150 2162 oblitus.

2135 2188 2235 2249 84.
2276 2188 2429 2260 Quot
2453 2196 2591 2247 sunt
2621 2185 2754 2246 dies
2787 2187 2938 2246 servi
2973 2186 3054 2246 tui
3075 2185 3100 2246 ἵ
3125 2188 3364 2267 quando
3417 2189 3597 2252 facies
3628 2190 3703 2252 de

2059 2275 2559 2359 persequentibus
2583 2275 2990 2356 mejudicium
3015 2275 3047 2336 ?

2135 2370 2235 2431 85.
2271 2366 2672 2429 Narraverunt
2720 2366 2862 2426 mihi
2913 2365 3104 2445 iniqui
3139 2366 3559 2445 tabulationes,
3594 2371 3700 2432 sed

2052 2477 2169 2520 non
2199 2465 2267 2520 ut.
2296 2458 2388 2520 lex
2425 2469 2544 2537 tua,
2581 2457 2851 2518 Domine.

1464 2637 1875 2704 ATHANASII
1917 2633 2537 2702 INTEBPRETATIO.

399 2820 502 2882 75.
537 2821 825 2883 Φωτισθεὶς
873 2820 975 2875 ὑπὸ
1015 2825 1113 2886 τῆς
1174 2820 1397 2898 χάριτός
1431 2844 1525 2878 σου
1554 2822 1744 2900 ἔγνων,
1777 2819 1856 2877 ὅτι
1887 2818 1968 2875 δί-

312 2911 445 2965 καιά
478 2911 580 2967 εἱσι
618 2911 686 2965 τὰ
728 2909 1112 2987 προστάγματα
1156 2931 1274 2981 σου,
1313 2911 1398 2965 καὶ
1450 2909 1584 2990 ἅπερ
1629 2911 1885 2989 ὰπεφήνω
1915 2911 1967 2966 ἐν

311 2999 504 3063 αὐτοῖς
549 2996 669 3054 κατ’
715 2997 844 3072 ἐμοῦ
870 3005 964 3054 τοῦ
996 2999 1314 3076 ἁμαρτωλοῧ
1343 2996 1556 3062 δικαίως
1601 3000 1824 3078 ὥρισας.

405 3087 501 3150 76.
542 3085 712 3145 Ἀλλὰ
740 3087 926 3172 πάλιν.
950 3088 1160 3166 γένοιτο
1195 3091 1253 3144 τὸ
1300 3087 1448 3152 ἕλεος
1492 3112 1586 3146 σου
1628 3090 1968 3168 παραμυθού-

313 3178 481 3252 μενόν
510 3199 602 3251 με,
637 3177 719 3234 ὅτι
750 3178 915 3244 οὕτως
944 3181 1106 3241 εἴπας
1143 3195 1155 3208 ⁸
1222 3178 1580 3255 Οὒβούλομαι
1627 3184 1718 3236 τὸν
1748 3178 1970 3236 θάνατον

309 3277 409 3325 τοῦ
438 3267 782 3346 ἁμαρτωλοῦ,
817 3270 891 3332 ὡς
922 3269 982 3323 τὸ
1015 3267 1329 3347 ἐπιστρέψαι
1362 3271 1450 3324 καὶ
1479 3273 1574 3339 ζῆν
1606 3271 1784 3331 αὐτόν,

397 3356 500 3418 77.
541 3355 943 3424 Ἐπισκηνώσει
972 3360 1007 3424 ἦ
1042 3358 1201 3437 χάρις
1237 3381 1328 3415 σου
1373 3361 1446 3422 εἰς
1495 3359 1614 3438 ἐμὲ,
1645 3361 1732 3415 καὶ
1764 3381 1967 3437 νεκρω-

2135 2816 2234 2879 75.
2271 2813 2641 2877 Illuminatus
2671 2818 2862 2896 gratia
2891 2823 2990 2879 tua
3044 2822 3313 2898 cognovi,
3361 2819 3516 2901 quod
3545 2822 3704 2899 justa

2055 2913 2193 2966 sunt
2221 2913 2518 2985 praecepta
2562 2917 2684 2987 tua,
2737 2916 2795 2968 et
2847 2927 2976 2988 quae
3032 2909 3094 2969 in
3124 2910 3268 2988 ipsis
3301 2912 3701 2991 pronuntiasti

2054 3002 2262 3054 contra
2299 3011 2394 3055 me
2426 3004 2824 3073 peccatorem,
2857 3001 3021 3076 juste
3046 2997 3390 3061 deﬁnivisti.

2141 3083 2234 3146 76.
2272 3083 2385 3146 Sed
2422 3102 2628 3146 rursus
2663 3087 2761 3148 ﬁat
2818 3088 3232 3148 misericordia
3261 3095 3362 3151 tua
3386 3090 3701 3151 consolans

2054 3191 2172 3247 me,
2201 3173 2479 3252 quoniam
2531 3174 2612 3235 ita
2643 3175 2846 3238 dixisti
2898 3197 2912 3236 :
2949 3175 3106 3238 Nolo
3138 3184 3387 3240 mortem
3417 3186 3699 3258 peccato-

2050 3263 2160 3337 ris,
2185 3263 2295 3324 sed
2324 3271 2389 3322 ut
2415 3272 2825 3345 convertatur,
2864 3272 2922 3327 et
2954 3267 3121 3328 vivat
3150 3264 3225 3328 6'.

2125 3353 2229 3414 77.
2266 3351 2503 3413 Habitet
2531 3356 2716 3429 gratia
2750 3365 2847 3415 tua
2877 3360 2934 3414 in
2964 3363 3149 3436 me,et
3183 3375 3275 3416 me
3298 3365 3598 3417 mortuum
3618 3356 3693 3420 ob

309 3447 471 3501 θέντα
515 3467 583 3519 με
621 3448 722 3502 ὅπερ
766 3452 865 3514 τῆς
926 3449 1184 3526 ἁμαρτίας
1214 3449 1560 3522 ζωοποιήσει,
1613 3446 1692 3504 δ’τι
1725 3443 1995 3525 ἠρξάμην⁴

2102 3447 2357 3502 eccatum
2405 3440 2743 3519 vivilicabit,
2779 3444 3058 3524 quoniam
3106 3447 3264 3524 ccepi
3296 3445 3572 3507 meditari
3603 3447 3695 3508 le-

311 3533 546 3610 μελετᾷν
588 3537 682 3592 τὸν
724 3537 886 3612 νόμον
919 3559 1036 3595 σου.

397 3623 504 3688 78.
535 3623 997 3706 Αἷσχυνθιὶτωσαν
1027 3627 1076 3682 αἱ
1105 3625 1333 3683 ἐναντίαι
1388 3625 1659 3702 δυνάμεις,
1705 3626 1782 3684 ὅτι
1813 3627 1964 3684 αὗται

310 3736 386 3790 με
461 3712 912 3790 ἐξημαλώτισαν·
968 3717 1076 3796 ἐγὼ
1139 3715 1194 3771 δὲ
1269 3717 1546 3788 ἐπιστήσω
1600 3719 1700 3785 τὴν
1735 3716 1965 3774 διάνοιάν

312 3824 422 3879 μου
443 3805 517 3866 εἷς
544 3806 609 3861 τὰ
627 3804 904 3882 Θελήματα
934 3828 1050 3866 σου.

403 3893 504 3956 79.
541 3897 947 3976 Κατηχήσουσι,
995 3897 1082 3952 καὶ
1146 3894 1434 3962 διδάξουσιν
1491 3899 1536 3953 οἱ
1595 3897 1814 3977 ἔχοντες
1865 3899 1964 3966 τὴν

310 3983 482 4064 χάριν
531 4006 644 4060 σου,
705 3987 795 4042 γαὶ
837 3983 1034 4049 εἰδότες
1085 3985 1187 4053 τὴν
1244 3983 1461 4061 δύναμιν
1497 3986 1603 4042 τῶν
1667 3987 1830 4064 ἁγίων
1871 4011 1964 4044 σου

309 4074 565 4153 Γραφῶν.

397 4161 498 4225 80°
531 4159 917 4241 Κ²θ²ἕ⁵ισθάτω
976 4166 1011 4232 ἦ
1068 4161 1251 4243 καρδία
1297 4186 1398 4240 μου
1450 4166 1551 4221 ὑπὸ
1594 4169 1692 4232 τῆς
1739 4166 1961 4244 χάριτός

309 4272 411 4308 σου
442 4252 516 4314 εἷς
544 4253 610 4308 τὰ
640 4249 975 4327 δικαιώματά
1027 4276 1146 4334 σου,
1194 4255 1271 4330 μὴ
1322 4253 1525 4333 ’ἔχουσα
1555 4255 1608 4311 ἐν
1642 4255 1804 4332 ἑαυτῇ
1835 4259 1960 4313 επι-

304 4341 502 4415 θυμίαν
543 4342 578 4410 ἢ
621 4340 865 4422 φροντίδα
927 4344 1144 4424 γηίνην,
1198 4342 1292 4399 τίνα
1348 4345 1426 4419 μὴ
1477 4343 1639 4403 πάλιν
1694 4346 1962 4425 αἱσχυνθῶ

306 4431 387 4495 εἷς
415 4432 479 4486 τὸ
506 4430 656 4506 βῆμά
686 4453 802 4493 σου.

393 4520 498 4583 81.
537 4523 681 4596 Διψᾷ
703 4523 733 4576 ὖ
771 4520 926 4601 ψυχή
959 4544 1063 4598 μου
1092 4522 1191 4590 τὴν
1235 4523 1502 4603 σωτηρίαν
1533 4544 1626 4579 σου
1661 4524 1740 4600 [ea
1771 4525 1957 4595 σωτή-

303 4610 424 4690 ριόν
451 4611 596 4688 σουΙ,
630 4611 850 4668 πότισόν
875 4633 942 4686 με
973 4613 1039 4671 τὰ
1068 4611 1223 4692 λόγιά
1253 4635 1369 4671 σου.

395 4700 496 4762 Si.
529 4697 827 4768 Ἐξετάκην
857 4701 984 4766 ὅλος
1029 4701 1124 4758 ἀπ’
1161 4705 1438 4779 ἒπιθυμίας
1498 4710 1790 4785 μεριμνῶν,
1825 4704 1954 4761 πότε

300 4789 546 4847 ποτίσεις
579 4811 648 4866 με
677 4790 776 4857 τήν
808 4791 970 4871 χάριν
1000 4813 1115 4851 σου.

392 4877 492 4942 83.
527 4876 664 4937 ’Ὅτι
699 4879 1018 4960 ἒνεκρώθην,
1073 4884 1159 4939 καὶ
1195 4881 1482 4962 ἐξηράνθην
1515 4883 1567 4938 ἐν
1616 4887 1684 4959 τῇ
1725 4884 1956 4963 ἁμαρτίᾳ

299 4989 436 5046 μου,
482 4965 632 5043 οἶδα,
673 4972 760 5026 καὶ
790 4971 1133 5047 μνημονεύω,
1166 4971 1245 5029 ὅτι
1277 4973 1439 5037 εἶπας
1483 4971 1536 5029 ἐν
1579 4984 1698 5036 τοῖς
1743 4969 1957 5029 δικαιώ-

297 5080 441 5135 μασι
474 5081 570 5116 σου
599 5061 692 5115 τὸν
720 5060 1038 5138 ἁμαρτωλὸν
1069 5059 1567 5137 ἂντιλαμῦάνεσθαι.

387 5146 490 5209 84.
526 5149 703 5212 Πόσας
739 5145 904 5215 ἄλλας
953 5149 1071 5231 ἔχω
1120 5156 1278 5222 ζῆσαι
1307 5151 1510 5231 ἡμέρας
1547 5169 1566 5227 ς
1601 5150 1729 5206 πότε
1759 5157 1952 5206 τοσοῦ-

292 5259 399 5295 τον
428 5239 622 5318 χρόνον
681 5235 842 5295 δώσει
897 5236 1140 5320 [δώσεις]
1199 5263 1290 5317 μοι
1349 5239 1581 5306 ἐξουσίαν
1627 5255 1818 5296 πατεῖν
1869 5239 1954 5296 ἐπὶ

296 5333 485 5383 πᾶσαν
525 5325 626 5394 τὴν
671 5324 888 5402 δύναμιν
931 5331 1024 5384 τοῦ
1075 5329 1268 5410 ἐχθροῦ
1338 5330 1464 5407 [τῶν
1520 5328 1784 5410 ἑχθρῶν],
1829 5326 1954 5384 ὅσον

296 5415 455 5473 αὐτοί
483 5439 578 5491 μοι
603 5414 1086 5475 κατεδυνάστευσαν
1116 5439 1132 5494 ;

390 5504 490 5568 85.
556 5505 838 5562 ’Υπέθεντό
899 5529 1002 5582 μου
1066 5511 1127 5564 τὸ
1173 5509 1428 5587 πρότερον
1472 5511 1520 5565 οἱ
1561 5506 1806 5583 δαίμονες
1858 5506 1953 5568 τας

296 5596 507 5653 ἕαυτῶν
539 5595 772 5670 ἀπάτας,
808 5595 928 5653 ἁλλ’
951 5597 1056 5677 οὐχ
1084 5599 1157 5662 ὡς
1191 5602 1252 5654 σὺ
1281 5599 1474 5676 θέλεις,
1515 5599 1691 5678 Κύριε.

377 5764 429 5808 ⁶¹
465 5767 694 5830 Eucti.
727 5783 906 5846 xxxii,
940 5769 1001 5831 2.

1974 4749 2024 4805 1)

2047 3548 2178 3609 gem
2218 3538 2399 3590 tuam.

2128 3621 2229 3681 78.
2267 3617 2634 3681 Erubescant
2658 3622 2972 3683 contrariae
3001 3631 3348 3703 potestates,
3387 3626 3540 3706 quod
3568 3626 3696 3706 ipse

2049 3726 2142 3770 me
2171 3708 2232 3769 in
2257 3712 2656 3788 captivitatem
2692 3713 3197 3792 redegerunt,ego
3224 3722 3420 3776 autem
3445 3715 3694 3777 ﬁrmabo

2050 3807 2310 3859 mentem
2345 3817 2536 3859 meam
2565 3800 2625 3860 in
2661 3803 2981 3881 praeceptis
3012 3803 3150 3866 tuis.

2134 3888 2229 3951 '79.
2267 3891 2586 3970 lnstruent,
2621 3899 2685 3951 ct
2712 3892 3038 3966 docebunt,
3062 3892 3164 3973 qui
3192 3891 3416 3955 habent
3443 3895 3693 3973 gratiam

2045 3985 2230 4052 tuam,
2272 3985 2331 4038 et
2360 3977 2463 4053 qui
2493 3990 2791 4041 noverunt
2823 3991 3182 4061 potestatem
3206 3992 3545 4044 sanctarum
3573 3993 3696 4045 tua-

2045 4084 2177 4128 rum
2211 4065 2682 4146 Scripturarum.

2125 4158 2224 4220 80.
2261 4155 2629 4218 Emundetur
2647 4177 2751 4220 cor
2779 4178 2976 4221 meum
3011 4177 3045 4220 a
3082 4161 3270 4240 gratia
3294 4171 3394 4224 tua
3423 4162 3483 4222 in
3509 4163 3688 4242 justi-

2044 4246 2430 4311 ﬁcationibus
2459 4248 2724 4322 tuis,non
2750 4249 2976 4312 habens
2999 4251 3059 4312 in
3085 4253 3282 4330 seipso
3303 4253 3686 4332 cupiditatem

2047 4346 2105 4398 et
2133 4354 2337 4398 curam
2359 4345 2730 4401 terrenarum
2752 4356 2980 4416 rerum,
3014 4358 3088 4402 ne
3121 4359 3330 4402 rursus
3359 4342 3691 4403 confundar

2040 4435 2181 4488 ante
2209 4435 2373 4487 tuum
2405 4427 2688 4490 tribunal.

2120 4515 2222 4578 8t.
2255 4514 2393 4578 Sitit
2445 4517 2647 4578 anima
2698 4533 2828 4578 mea
2879 4516 3138 4579 salutare
3201 4526 3391 4594 tuum,
3427 4526 3564 4599 pota
3592 4538 3688 4582 me

2041 4603 2297 4684 eloquiis
2329 4604 2468 4668 tuis.

2119 4694 2220 4757 82.
2247 4696 2643 4773 Consumptus
2667 4712 2799 4756 sum
2829 4701 2983 4756 totus
3005 4695 3080 4757 ob
3119 4695 3493 4759 desiderium
3508 4701 3689 4762 anxie

2039 4785 2326 4863 cogitans,
2359 4784 2600 4864 quando
2635 4802 2729 4845 me
2761 4785 2990 4864 potabis
3019 4786 3210 4862 gratia
3234 4797 3358 4852 tua.

2116 4875 2216 4936 83.
2252 4873 2540 4946 Quoniam
2568 4873 2954 4936 mortiticatus
2986 4893 3142 4952 sum,
3169 4885 3229 4937 et
3259 4877 3600 4940 aurefactus
3627 4879 3689 4940 in

2038 4971 2281 5042 peccato
2315 4981 2474 5043 meo,
2508 4963 2643 5024 novi
2675 4970 2735 5024 et
2763 4963 3112 5026 recordatus
3132 4967 3454 5047 sum,quod
3488 4967 3688 5030 dixisti

2041 5053 2157 5115 tuis
2187 5053 2248 5114 in
2274 5052 2807 5133 justiﬁcationibus
2836 5056 3144 5135 suscipere
3172 5065 3570 5136 peccatorem.

2119 5143 2220 5205 84.
2257 5147 2413 5215 Quot
2433 5142 2532 5204 alii
2558 5143 2706 5204 mihi
2735 5154 3057 5224 supersunt
3087 5145 3213 5207 dies
3243 5146 3419 5208 vitae?
3449 5147 3686 5228 quando

2041 5240 2202 5294 tanto
2236 5242 2506 5312 tempore
2536 5231 2704 5294 dabis
2742 5233 2888 5294 mihi
2919 5243 3268 5314 potestatem
3290 5237 3686 5298 conculcandi

2039 5340 2277 5384 omnem
2309 5321 2688 5384 inimicorum
2725 5326 3075 5405 potentiam,
3113 5335 3331 5406 quanto
3362 5326 3477 5408 ipsi
3500 5327 3559 5388 in
3591 5345 3686 5387 me

2038 5411 2328 5473 dominati
2352 5423 2490 5472 sunt
2511 5410 2536 5473 ’ἶ

2119 5502 2218 5564 85.
2254 5500 2668 5564 Subdiderunt
2719 5503 2864 5564 mihi
2897 5505 3198 5570 daemones
3233 5507 3514 5586 pristinas
3545 5526 3686 5570 sua:

2038 5590 2320 5670 fallacias,
2355 5592 2460 5654 sed
2493 5609 2618 5653 non
2650 5594 3152 5673 quemadmodum
3178 5606 3236 5659 tu
3267 5597 3373 5674 vis,
3407 5596 3682 5662 Domine.
