4136 6216
493 315 641 384 1191
754 378 758 381 _
1297 318 1356 379 S.
1406 315 1829 380 ATHANASII
1871 317 2036 380 OPP.
2089 318 2280 381 PARS
2323 319 2432 381 Ill.
2480 351 2549 360 —
2605 315 3059 378 EXEGETICA.
3694 316 3824 380 119‘2

570 449 671 511 86.
705 447 922 512 Omnia
953 447 1226 511 mandata
1255 455 1356 512 tua
1385 447 1597 511 veritas
1629 467 1644 510 :
1687 447 1892 530 inique
1925 467 2128 530 perse-

2300 450 2401 513 86.
2435 457 2606 507 Πᾶσαι
2652 451 2701 505 αἱ
2747 448 2954 506 ὲντολαί
2985 471 3076 506 σου
3099 448 3351 520 ἀλήθεια·
3385 447 3572 515 ἀδίκως
3601 451 3823 509 κατεδίω.

491 539 610 602 cuti
653 551 793 601 sunt
825 558 944 611 me,
979 537 1200 619 adjuva
1232 557 1348 604 me.

2223 540 2314 608 ξάν
2345 563 2437 617 με,
2471 540 2739 617 βοήθησόν
2774 562 2889 616 μοι.

569 627 668 691 87.
705 629 884 690 Paulo
921 628 1118 690 minus
1168 635 1732 694 consummaverunt
1783 646 1876 690 me
1908 628 1969 691 in
2013 637 2128 691 ter-

2303 631 2403 694 87.
2444 631 2590 708 Παρὰ
2619 631 2796 709 βραχὺ
2825 627 3164 689 συνετέλεσάν
3211 651 3278 706 με
3319 631 3376 685 ἒν
3420 654 3488 707 τῃ
3519 636 3609 708 γῇ,
3650 630 3744 710 ἐγὼ
3785 631 3828 689 δὲ

485 733 576 793 ra,
609 735 718 796 ego
749 726 947 779 autem
979 736 1096 779 non
1126 718 1421 799 dereliqui
1457 717 1734 780 mandata
1763 727 1888 781 tua.

2222 721 2319 778 οὒκ
2346 720 2696 800 ἐγκατέλιπον
2728 723 2820 785 τὰς
2851 717 3069 785 ἐντολάς
3100 742 3218 784 σου,

568 807 672 868 88.
701 807 1046 870 Secundum
1074 807 1554 871 misericordiam
1591 816 1753 870 tuam
1771 807 2002 872 viviﬁca
2019 827 2128 887 me,

2303 811 2403 875 88.
2439 810 2584 869 Κατὰ
2623 813 2685 867 τὸ
2741 808 2886 872 ἕλεος
2937 831 3036 866 σου
3083 811 3246 880 ζῆσόν
3296 832 3389 889 με,
3439 811 3526 868 καὶ
3555 810 3749 891 φυλάξω
3780 815 3833 870 τὰ

488 904 547 960 et
575 897 906 982 custodiam
943 899 1285 959 testimonia
1314 897 1440 958 oris
1470 898 1579 962 tui.

2223 902 2479 980 μαρτύρια
2509 909 2600 958 τοῦ
2629 898 2894 974 στόματός
2925 921 3042 960 σου.

568 988 670 1050 89.
704 988 771 1050 In
801 995 1112 1067 aeternum,
1178 988 1455 1064 Domine,
1510 984 1764 1050 verbum
1797 997 1960 1050 tuum
1994 1006 2128 1070 per-

2304 989 2404 1053 89.
2441 991 2526 1053 Εἱς
2557 990 2646 1046 τὸν
2690 990 2877 1065 αἰῶνα,
2911 986 3096 1065 Κύριε,
3145 990 3172 1044 ὁ
3219 987 3381 1069 λόγος
3415 1012 3508 1048 σου
3537 989 3751 1067 διαμένει
3789 993 3832 1048 ἐν

487 1085 689 1139 manet
713 1077 775 1138 in
807 1076 960 1139 coelo
993 1093 1008 1135 :

2223 1087 2301 1154 τῷ
2329 1084 2558 1159 οὖρανῳ,

566 1166 667 1230 90.
705 1168 769 1226 In
800 1165 1248 1245 generationem
1303 1175 1362 1228 et
1409 1170 1862 1247 generationem
1921 1168 2128 1232 veritas

2301 1170 2404 1233 90.
2437 1167 2530 1233 Εἰς
2578 1169 2762 1246 γενεὰν
2806 1170 2893 1225 καὶ
2949 1169 3137 1246 γενεὰν
3165 1171 3199 1237 ἡ
3233 1169 3456 1241 ἀλήθειά
3487 1193 3578 1230 σου
3612 1187 3624 1201 ⁰
3671 1172 3834 1248 ἐθεμε-

486 1265 586 1319 tua
614 1275 630 1321 :
663 1256 924 1319 fundasti
953 1265 1199 1333 terram,
1227 1265 1287 1320 et
1319 1269 1653 1339 permanet.

2223 1259 2417 1324 λίωσας
2441 1264 2542 1324 τὴν
2571 1257 2695 1336 γῆν,
2728 1258 2815 1313 καὶ
2859 1255 3137 1332 διαμεν-ἰ.

567 1348 668 1409 9t.
703 1344 1094 1410 Ordinatione
1124 1355 1221 1408 tua
1268 1357 1612 1427 perseverat
1641 1349 1775 1412 dies
1810 1368 1823 1412 :
1858 1348 2128 1431 quoniam

2303 1349 2402 1410 91.
2438 1356 2517 1424 Τῇ
2551 1346 2780 1412 διατάξει
2832 1367 2922 1402 σου
2970 1344 3206 1423 διαμένει
3251 1347 3447 1428 ἡμέρα,
3497 1348 3577 1407 ὅτι
3616 1352 3678 1406 τὰ
3717 1351 3836 1426 σύμ-

489 1438 687 1500 omnia
711 1436 980 1499 serviunt
1014 1435 1142 1498 tibi.

2221 1460 2395 1496 παντα
2426 1436 2584 1496 δοῦλα
2617 1437 2710 1497 σά,

565 1528 815 1592 99..Nisi
865 1526 1025 1608 quod
1076 1526 1170 1588 lex
1223 1535 1321 1589 tua
1353 1529 1659 1592 meditatio
1693 1547 1825 1592 mea
1855 1535 1969 1603 est,
1999 1537 2128 1590 tunc

2305 1525 2404 1590 92.
2445 1529 2506 1589 Ei
2551 1526 2629 1600 μὴ
2674 1523 2754 1581 ὅτι
2800 1528 2828 1581 ὂ
2886 1527 3046 1600 νόμος
3079 1547 3171 1582 σου
3207 1525 3410 1601 μελέτη
3444 1550 3546 1601 μου
3575 1529 3699 1602 ἐστὶ,
3742 1530 3844 1584 τότε

491 1619 643 1681 forte
673 1616 988 1698 periissem
1021 1617 1080 1679 in
1114 1616 1450 1680 humilitate
1483 1638 1638 1681 mea.

2225 1618 2285 1674 ἃν
2316 1615 2619 1690 ἀπωλόμην
2651 1614 2703 1671 ἐν
2727 1622 2794 1691 τῇ
2825 1615 3145 1671 ταπεινώσει
3179 1637 3308 1691 μου,

565 1708 664 1772 93.
693 1706 759 1768 In
787 1715 1079 1768 aeternum
1141 1725 1258 1767 non
1309 1706 1632 1770 obliviscar
1678 1707 2128 1788 justilicationer

2304 1705 2804 1770 939‘s~
2941 1704 3318 1762 -’“ἐλ’θ
3563 1705 3678 1763 ’δ

2389 1751 2404 1766 .
2487 1727 2529 1766 ις
2576 1727 2665 1761 τον
2714 1725 2880 1761 αιωια
2910 1727 2968 1761 ο)
2998 1728 3076 1779 μη
3159 1727 3216 1761 πι
3257 1727 3289 1761 α
3323 1727 3466 1780 ωμαι
3524 1728 3626 1764 των
3681 1729 3849 1764 ικαιωο

484 1803 638 1871 tuas,
669 1796 808 1876 quia
841 1795 898 1856 in
931 1794 1080 1875 ipsis
1110 1795 1420 1858 viviﬁcasti
1454 1816 1571 1861 me.

2225 1797 2408 1874 μάτων
2453 1817 2570 1869 σου,
2603 1795 2684 1852 ὅτι
2717 1794 2771 1850 ἐν
2801 1794 2988 1858 αὺτοῖς
3011 1793 3207 1866 ἔζησάς
3241 1816 3334 1869 με.

564 1886 663 1948 94,
693 1883 856 1946 Tuus
885 1903 1016 1946 sum
1063 1901 1200 1964 ego,
1253 1886 1479 1947 salvum
1539 1905 1634 1950 me
1677 1889 1768 1949 fac
1802 1908 1816 1946 :
1856 1886 2128 1967 quoniam

2302 1885 2402 1947 94.
2434 1885 2535 1948 Σὸς
2580 1886 2685 1960 εἰμι
2746 1883 2877 1962 ἐγὼ,
2927 1884 3098 1940 σῶσόν
3145 1905 3235 1964 με,
3283 1884 3366 1942 ὅτι
3413 1884 3478 1942 τὰ
3539 1882 3844 1961 δικαιώματᾶ

479 1975 940 2056 justilicationes
973 1985 1102 2036 tuas
1126 1975 1444 2053 exquisivi.

2224 1998 2318 2033 σου
2347 1973 2666 2046 ἐξεζήτησα.

569 2065 671 2129 95.
705 2067 798 2126 Me
845 2073 1343 2145 exspectaverunt
1391 2075 1761 2147 peccatores,
1798 2075 1862 2129 ut
1909 2065 2128 2147 perde-

2299 2064 2401 2127 95.
2437 2063 2568 2139 Ἐμὲ
2609 2062 2898 2138 ὑπέμειναν
2954 2061 3262 2143 ἁμαρτωλοὶ
3333 2063 3429 2120 τοῦ
3478 2063 3722 2122 ἀπολέσαι
3765 2085 3842 2146 με,

490 2163 625 2219 rent
647 2172 764 2227 me,
795 2152 1136 2215 testimonia
1165 2161 1264 2216 tua
1294 2154 1588 2222 intellexi.

575 2243 676 2309 96.
708 2242 920 2305 Omnis
948 2244 1478 2307 consummationis
1507 2245 1625 2308 vidi
1676 2246 1852 2309 linem
1893 2263 1906 2309 :
1953 2245 2133 2308 latum

490 2332 836 2397 mandatum
870 2341 1036 2396 tuum
1069 2331 1270 2396 nimis.

2219 2155 2283 2210 τὰ
2327 2152 2586 2232 μαρτύριά
2633 2173 2724 2208 σου
2769 2156 2998 2219 συνῆκα,

2299 2242 2398 2306 96.
2435 2243 2618 2310 Πάσης
2664 2239 2964 2306 συντελείας
3007 2239 3154 2300 εἶδον
3198 2243 3385 2322 πέρας,
3434 2241 3664 2300 πλατεῖα
3696 2245 3728 2311 ἡ
3755 2242 3834 2299 ἰν-

2216 2332 2350 2404 τολή
2382 2355 2478 2392 σου
2514 2330 2735 2412 σφόδρα.

1639 2469 2054 2536 ATHANASII
2097 2466 2729 2535 INTERPRETATIO.

567 2575 667 2638 86.
699 2573 848 2639 Novi
895 2576 1050 2657 quod
1080 2578 1280 2658 justus
1300 2577 1486 2659 judex
1532 2596 1598 2640 es
1652 2579 1713 2640 in
1745 2597 1956 2641 omnes
1989 2599 2002 2643 :
2038 2578 2128 2640 fu-

2299 2577 2400 2641 86.
2433 2575 2592 2657 Οἶδα,
2639 2575 2720 2633 ὅτι
2765 2575 2964 2642 δίκαιος
3010 2579 3197 2656 κριτὴς
3261 2579 3316 2635 εἷ
3347 2580 3418 2643 εἷς
3455 2578 3650 2641 πάντας
3680 2593 3694 2608 '
3725 2575 3838 2655 φιύο

488 2663 686 2745 giente
718 2685 814 2730 me
840 2665 915 2730 ab
947 2666 1110 2749 ipsis,
1166 2675 1225 2729 et
1283 2667 1516 2729 volente
1573 2669 1648 2731 ad
1683 2678 1738 2731 te
1769 2669 1996 2744 venire,
2033 2669 2128 2750 qui

2219 2667 2403 2746 γοντός
2451 2689 2552 2740 μου
2584 2665 2678 2722 ἀπ’
2731 2668 2926 2741 αύτῶν,
2973 2661 3060 2724 καὶ
3119 2666 3360 2733 Θέλοντος
3391 2667 3570 2724 ἐλθεῖν
3619 2667 3738 2744 πρὸς
3790 2664 3840 2721 σὲ

486 2761 818 2817 secundum
854 2765 1121 2819 naturam
1146 2759 1437 2821 Dominus
1462 2776 1629 2820 meus
1663 2777 2128 2840 es,persequun-

2219 2759 2309 2814 τὸν
2340 2758 2475 2814 κατὰ
2533 2767 2684 2836 φύσιν
2729 2779 2831 2831 μου
2879 2757 3184 2836 Δεσπότην,
3234 2755 3622 2815 καταδιώκοδσί
3662 2779 3721 2832 με
3760 2762 3840 2825 ζηο

488 2853 586 2906 tur
616 2864 710 2907 me
741 2856 1076 2928 quaerentes
1109 2865 1202 2908 me
1250 2849 1523 2927 praedari,
1557 2848 1775 2928 adjuva
1800 2866 1914 2911 me.

2219 2856 2429 2910 τοῦντες
2461 2847 2692 2923 ἁρπάσαι
2726 2869 2792 2920 με
2829 2865 2843 2879 '
2877 2847 3147 2923 βοήθησύν
3181 2871 3294 2921 μοι.

570 2936 669 2998 87.
706 2937 790 2998 lla
815 2935 1007 2998 valide
1039 2937 1097 2998 in
1134 2955 1229 2999 me
1277 2936 1604 3011 irruerunt,
1640 2947 1698 2998 ut
1732 2938 1904 3018 paulo
1941 2937 2128 2999 minus

2299 2937 2395 2999 87.
2433 2937 2609 3001 Οῧτως
2653 2939 2886 3016 ivx-i961;
2931 2935 3200 3004 ἐπέϐησάν
3251 2960 3340 3013 με,
3396 2937 3483 2995 ὅτι
3514 2938 3651 3015 παρᾶ
3680 2937 3844 3013 μικρὸν

490 3025 933 3088 interfecissent
965 3043 1060 3088 me
1105 3027 1159 3087 in
1196 3035 1477 3108 peccato;
1507 3046 1614 3105 ego
1645 3037 1841 3090 autem
1867 3027 1928 3088 in
1959 3027 2128 3089 corde

2219 3027 2551 3084 ἐθανάτωσάν
2597 3049 2662 3102 με
2694 3029 2746 3084 ἐν
2779 3033 2846 3103 τῇ
2895 3029 3123 3106 ἁμαρτίᾳ
3158 3045 3170 3059 '
3230 3029 3338 3106 ἐγὼ
3392 3027 3452 3085 δὲ
3508 3028 3561 3083 ἐν
3590 3028 3655 3094 τῆ
3685 3022 3845 3105 καρδίᾳ

490 3136 622 3180 meo
654 3116 927 3181 dicebam
981 3117 1196 3180 animae
1250 3137 1400 3180 meae
1434 3136 1448 3181 :
1483 3117 1823 3182 Recordare
1853 3118 1996 3200 quid
2031 3118 2128 3180 tibi

2219 3140 2321 3192 μου
2363 3117 2547 3196 ἔλεγον
2578 3123 2646 3192 τῇ
2683 3122 2836 3198 ψυχῇ
2881 3139 2981 3193 μου
3017 3134 3030 3148 ⁸
3072 3119 3381 3194 Μνημόνευε
3411 3120 3468 3175 τί
3503 3139 3585 3174 σοι
3617 3114 3844 3174 ἐντέταλ-

490 3209 843 3288 prreceperit
867 3210 1050 3271 Deus.
1871 3185 1890 3200 ’
2154 3185 2196 3235 C
2220 3185 2303 3264 ται
2336 3210 2362 3264 ὁ
2399 3185 2551 3272 Θεύς.

567 3297 666 3362 88.
703 3296 1218 3371 Quemadmodum
1251 3297 1665 3361 misericordia
1716 3309 1816 3362 tua
1845 3297 2128 3361 immensa

2299 3296 2402 3360 88.
2438 3297 2622 3360 Καθὼς
2666 3297 2726 3351 τὸ
2769 3295 2916 3362 ἔλεος
2951 3319 3044 3354 σου
3087 3295 3411 3376 ἀμέτρητον,
3444 3297 3534 3354 καὶ
3562 3295 3841 3376 ἀνεξιχνία-

494 3393 551 3448 et
583 3386 1020 3467 investigabilis
1050 3394 1162 3464 est,
1198 3394 1281 3449 ita
1309 3389 1554 3468 gratiam
1590 3397 1748 3451 tuam
1779 3387 1855 3450 da
1882 3387 2028 3450 mihi
2057 3389 2128 3451 vi-

2220 3387 2345 3444 στόν
2389 3386 2554 3462 ἐστιν,
2587 3385 2726 3442 οὕτω
2768 3386 2868 3453 τὴν
2927 3387 3089 3466 χάριν
3135 3409 3228 3443 σου
3261 3384 3349 3450 δός
3383 3409 3477 3460 μοι
3508 3388 3606 3454 τήι
3633 3394 3844 3458 ζωοποι-

490 3475 827 3538 viﬁcantem
864 3495 982 3551 me,
1011 3484 1068 3540 et
1093 3476 1357 3558 implebo
1391 3486 1687 3559 praecepta
1716 3495 1848 3558 quae
1870 3477 2128 3541 mandas-

2221 3476 2375 3534 οὖσαν
2409 3497 2498 3556 με,
2546 3477 2632 3532 καὶ
2676 3473 2949 3554 πληρώσω
2977 3476 3045 3532 τὰ
3103 3476 3514 3556 προστάγματα,
3547 3477 3579 3531 ἂ
3627 3473 3844 3531 ὶνετείλω

489 3563 537 3627 ιί
574 3565 744 3631 mihi.

569 3655 670 3720 89.
705 3657 771 3720 In
796 3654 997 3738 corde,
1033 3656 1093 3717 in
1118 3676 1240 3735 quo
1270 3655 1645 3720 familiariter
1676 3655 1999 3736 inhabitas,
2035 3659 2136 3721 in-

490 3755 798 3808 cessanter
817 3758 908 3809 est
930 3746 1202 3809 voluntas
1237 3756 1354 3810 tua.

568 3837 669 3901 90.
705 3835 770 3898 In
797 3835 1042 3911 sanctis,
1089 3836 1186 3917 qui
1243 3836 1408 3897 omni
1443 3844 1710 3917 tempore
1745 3837 2132 3918 complacue-

485 3935 624 3990 runt
661 3925 795 4000 tibi,
831 3943 969 3986 vere
1002 3935 1091 3986 est
1151 3925 1298 3986 ﬁdes
1359 3935 1458 3988 tua
1496 3945 1509 3989 :
1551 3925 1812 3988 fundasti
1846 3928 2138 3989 mundum

491 4018 554 4079 in
588 4015 706 4077 ﬁde
739 4024 859 4088 tua,
883 4023 939 4074 et
963 4024 1156 4095 portu;
1185 4015 1375 4094 inferi
1405 4034 1529 4078 non
1571 4017 1991 4096 praevalebunt
2021 4017 2138 4081 ad-

485 4124 698 4170 versus
725 4122 860 4167 eam
885 4101 962 4165 θ’.

570 4195 673 4258 91.
707 4192 875 4254 Dono
907 4193 1230 4270 gratiarum
1279 4201 1510 4254 tuarum
1547 4203 1855 4273 permanet
1887 4195 1986 4258 lux
2012 4203 2133 4273 tua,

487 4283 774 4366 quoniam
828 4291 887 4344 tu
939 4281 1225 4344 Dominus
1276 4302 1339 4343 es
1388 4284 1744 4359 cmlestium,
1797 4292 1856 4346 et
1910 4293 2137 4347 terres-

487 4375 692 4455 trium,
724 4383 785 4437 et
813 4372 1208 4436 infernarum.

569 4465 668 4528 9‘2.
703 4462 824 4526 Nisi
855 4463 1064 4525 saltem
1099 4481 1259 4524 nunc
1307 4462 1619 4542 coepissem
1677 4461 1911 4523 discere
1943 4461 2134 4539 legem

2222 3589 2398 3719 P099.
2435 3656 2520 3719 Εἷς
2564 3656 2664 3721 τὴν
2706 3653 2946 3726 καρδίαν,
3010 3653 3064 3710 ἐν
3107 3657 3144 3732 ᾗ
3187 3654 3398 3718 οἱιιείως
3453 3654 3840 3735 ἐμπεριπατετς,

2219 3745 2500 3807 ἀπαύστως
2529 3743 2638 3800 ἐστὶ
2669 3745 2730 3800 τὸ
2773 3743 2982 3820 θέλημά
3026 3766 3144 3806 σου.

2298 3833 2400 3898 90.
2433 3836 2516 3898 Εἰς
2547 3834 2668 3899 τοὺς
2714 3834 2893 3911 ἁγίους
2938 3835 3058 3897 τοὺς
3103 3831 3219 3889 καθ’
3280 3830 3518 3902 ἑκάστην
3571 3829 3842 3912 εὖαρεστά-

2222 3925 2414 3988 σαντάς
2465 3947 2556 3981 σον
2606 3922 2774 3987 ὅντως
2832 3923 2972 3980 ἐστὶν
3015 3926 3048 3992 ἡ
3093 3922 3270 3988 πίστις
3323 3946 3418 3980 σου
3455 3941 3472 3958 ⁸
3520 3923 3844 3998 ἐθεμελίωσας

2221 4016 2312 4070 τὸν
2367 4013 2568 4088 κόσμον
2611 4015 2668 4069 ἐν
2721 4019 2788 4089 τῇ
2850 4014 3022 4069 πίστει
3094 4034 3212 4088 σου,
3271 4016 3360 4070 καὶ
3421 4013 3586 4071 πύλαι
3629 4010 3744 4085 ᾅδου
3797 4011 3848 4068 ού

2223 4104 2638 4183 κατισχύσουσιν
2675 4103 2838 4168 αὐτῆς
2851 4148 2863 4162 .

2301 4192 2401 4256 91.
2435 4198 2514 4269 Τῇ
2568 4189 2738 4270 δωρεᾷ
2787 4197 2890 4247 τῶν
2949 4192 3300 4272 χαρισμάτων
3357 4213 3452 4248 σου
3517 4188 3743 4267 διαμένει
3796 4189 3848 4244 τὸ

2223 4289 2332 4359 ιρῶς
2363 4303 2480 4355 σου,
2514 4279 2593 4338 ὅτι
2654 4281 2997 4356 ἐπουρανίων,
3057 4281 3143 4337 καὶ
3193 4279 3443 4358 ἐπιγείων
3480 4280 3566 4338 καὶ
3595 4282 3849 4358 καταχθο-

2222 4371 2343 4428 νίων
2377 4372 2530 4434 αὐτὸς
2565 4367 2836 4442 δεσπόζεις
2849 4415 2862 4430 .

2302 4459 2400 4523 92.
2441 4461 2496 4516 Εἰ
2528 4461 2604 4534 μὴ
2655 4458 2754 4516 κᾶν
2799 4466 2886 4516 νῦν
2927 4459 3174 4536 ἠρξάμην
3221 4459 3506 4534 μανθάνειν
3564 4460 3651 4515 τὸν
3706 4457 3846 4532 νόμον

488 4563 676 4631 tuam,
711 4555 815 4617 sed
867 4558 1217 4616 mansissem
1269 4563 1332 4614 ut
1365 4555 1556 4634 prius,
1590 4551 1934 4614 omniniode
1965 4552 2128 4634 peri-

2219 4571 2334 4630 σου,
2366 4546 2487 4605 ἀλλ’
2517 4548 2726 4624 ἕμεινον
2757 4547 2924 4614 οὕτως
2953 4549 3025 4612 ὡς
3073 4551 3133 4605 τὸ
3183 4569 3466 4626 προτερον,
3503 4549 3658 4605 παντὶ
3688 4546 3846 4625 τρόπῳ

485 4651 655 4707 turus
684 4663 845 4706 eram
873 4643 935 4704 in
965 4652 1207 4724 peccato
1244 4662 1402 4705 meo.

566 4734 666 4796 93.
703 4732 832 4794 Non
863 4732 1068 4814 utique
1117 4731 1433 4795 obliviscar
1479 4732 1818 4812 passionum
1871 4740 2130 4808 tuarum,

487 4824 770 4906 quoniam
802 4840 898 4884 me
930 4832 1229 4886 mortuum
1261 4823 1558 4902 sanguine
1589 4830 1687 4884 tuo
1717 4820 2049 4885 viviﬁcasti.

563 4999 931 5066 94.0mnino
953 5000 1266 5065 redemisti
1293 5019 1388 5065 me
1415 5001 1675 5084 pretioso
1699 5008 1796 5063 tuo
1813 5001 2130 5078 sanguine;

485 5092 641 5157 salva
659 5091 1298 5174 me,quoniam,audiia
1317 5093 1737 5174 praedicatione
1752 5090 2128 5166 tua,credidi.

564 5183 666 5247 95.
699 5183 796 5245 Me
829 5181 1238 5264 quaesiverunt
1285 5181 1601 5246 contraria;
1633 5188 1959 5264 potestates
1989 5198 2132 5262 per-

486 5274 632 5338 dere
663 5274 723 5335 in
753 5271 1131 5347 idololatria;
1192 5272 1351 5337 dicta
1409 5282 1608 5336 autem
1663 5281 1788 5335 ate
1817 5271 1894 5333 de
1925 5269 2042 5334 ﬁde
2073 5270 2137 5334 in

484 5372 568 5445 te,
599 5371 659 5426 et
687 5380 796 5444 spe
827 5361 1082 5425 audiens
1109 5362 1366 5425 credidi.

565 5540 668 5605 96.
700 5537 912 5605 Omnis
940 5539 1167 5621 gloria,
1195 5548 1256 5604 et
1287 5539 1542 5609 carnalis
1569 5539 1884 5622 voluptatis
1907 5538 2027 5603 vidi
2057 5539 2133 5602 ﬁ-

563 5719 630 5772 09
660 5719 863 5785 Iatth.
898 5737 1015 5798 xu,
1050 5721 1148 5786 l8.

516 5987 680 6094 Ἅι

2217 4643 2375 4720 εἶχον
2407 4636 2696 4696 ἀπολέσθαι
2741 4639 2796 4694 ἐν
2837 4645 2906 4716 τῇ
2951 4638 3181 4718 ἁμαρτίᾳ
3212 4661 3339 4713 μου.

2295 4727 2397 4791 93.
2431 4732 2539 4788 Ούκ
2567 4727 2630 4783 ἅν
2661 4727 2995 4803 ἐπιλάθωμαί
3046 4749 3175 4784 ποτε
3217 4734 3322 4783 τῶν
3367 4730 3698 4803 παθημάτων
3741 4744 3841 4796 σου,

2216 4817 2296 4874 ὅτι
2319 4820 2500 4896 νεκρόν
2533 4839 2600 4893 με
2630 4816 2756 4874 ὄντα
2786 4820 2838 4875 ἐν
2871 4821 2948 4891 τῷ
2991 4817 3182 4892 αἵματί
3226 4838 3321 4874 σου
3371 4816 3638 4888 ἐζιυοπσίη
3669 4813 3845 4894 [ἐζωο-

2216 4908 2488 4984 ποίησας].

2295 4997 2396 5059 94.
2429 4994 2796 5075 Ἐξηγόρασᾶς
2848 5017 2915 5072 με
2958 5001 3035 5056 τῶ
3065 4996 3230 5071 τιμίῳ
3257 5017 3351 5055 σου
3382 4995 3579 5072 αἵματι
3607 4993 3803 5055 τελείως
3826 5003 3839 5020 ⁸

2217 5087 2390 5144 σῶσόν
2423 5106 2512 5165 με,
2547 5085 2650 5158 ὅτι,
2708 5085 2938 5149 ἀκούσας
2985 5087 3047 5142 τὸ
3087 5085 3336 5164 κήρυγμᾶ
3379 5107 3500 5158 σου,
3557 5083 3840 5140 ἐπίστευσα.

2297 5176 2396 5240 95.
2430 5173 2568 5250 Ἐμὲ
2622 5176 2888 5246 ἐζήτησαν
2931 5177 2983 5232 αἱ
3025 5174 3255 5231 ἐναντίαι
3314 5171 3565 5251 δυνάμεις
3609 5170 3842 5230 ἀπολέσαι

2216 5268 2271 5325 ἐν
2299 5273 2368 5344 τῇ
2399 5263 2805 5342 εἰδωλολατρείᾴ
2840 5279 2854 5294 ⁶
2913 5261 3063 5320 τὰδὲ
3104 5263 3362 5344 Λεχθέντα
3410 5265 3555 5344 παρὰ
3603 5263 3697 5320 σοῦ
3744 5257 3843 5336 περὶ

2216 5363 2314 5426 τῆς
2379 5357 2453 5420 εἰς
2498 5355 2557 5411 σὲ
2631 5354 2859 5419 πίστεως
2929 5355 3018 5412 καὶ
3059 5352 3268 5418 ἐλπίδος
3313 5352 3541 5410 ἄκουσαι
3592 5344 3836 5430 [indm]

2216 5446 2521 5506 ἐπίστευσα.

2295 5533 2398 5600 96.
2431 5537 2618 5606 Πάσνις
2661 5534 2844 5617 δόξης,
2887 5535 2974 5592 καὶ
3017 5533 3360 5598 ἀπολαύσεως
3409 5528 3671 5612 σαρκιδιῆς
3711 5524 3840 5586 εἶδον
