4118 6208
251 295 404 360 1193

329 429 431 492 97.
465 429 558 494 Ὠς
588 429 848 507 ἠγάπησα
875 429 965 484 τὸν
1009 427 1170 503 νόμον
1229 450 1342 502 σου,
1394 427 1569 503 Κύριε⁷
1625 423 1760 494 ὅλην
1805 429 1958 495 τὴνΑ

250 519 456 594 ἡμέραν
486 516 688 590 μελέτη
739 523 842 594 μού
887 516 1049 574 ἐστιν.

332 607 430 672 98.
469 608 632 683 ’Υπὲρ
663 609 784 672 τοὺς
811 606 1030 685 ἐχθρούς
1077 629 1180 681 μου
1205 605 1456 684 ἐσόφισάς
1501 627 1568 682 με
1611 607 1711 673 τήι
1743 607 1890 662 ἕντο-

245 697 350 768 λήν
381 719 476 754 σου
511 717 521 728 ·
573 695 652 752 ὅτι
681 698 755 760 εἷς
799 699 892 752 τὸν
925 697 1090 750 αἰῶνα
1122 695 1241 768 ἐμοὶ
1271 695 1433 752 ἐστιν.

330 785 432 849 99.
462 785 626 863 ’Υπὲρ
671 787 876 848 πάντας
921 785 1044 848 τοὺς
1075 782 1421 846 διδάσκοντάς
1456 807 1523 859 με
1557 787 1781 865 συνῆκα,
1813 786 1894 842 ὅτι

242 877 310 932 τὰ
333 876 589 954 μαρτύρια
620 898 710 931 σου
743 873 942 950 μελέτη
963 875 1064 948 μού
1089 874 1254 934 ἐοτιν,

329 966 465 1027 100.
497 963 661 1041 ’Υπὲρ
691 960 1070 1042 πρεσϐυτέροις
1127 967 1352 1036 συνῆκα,
1403 962 1484 1019 ὅτι
1547 965 1642 1028 τὰς
1676 964 1893 1027 ἐντολάς

241 1078 338 1112 σου
368 1054 662 1125 ἐξεζήτησα
679 1101 690 1113 .

327 1143 460 1208 101,
497 1141 594 1200 Ἐκ
646 1141 820 1208 πάσης
869 1140 989 1196 ὁδοῦ
1045 1147 1281 1216 πονηρᾶς
1328 1139 1568 1200 ἐκώλυσα
1613 1145 1734 1204 τοὺς
1785 1155 1890 1198 πόη

237 1234 330 1298 δας
363 1256 488 1308 μου,
523 1233 666 1295 ὃπως
697 1230 762 1286 ἅν
793 1228 1006 1310 φυλάξω
1034 1231 1151 1294 τοὺς
1181 1229 1373 1307 λόγους
1407 1254 1526 1290 σου.

331 1325 461 1386 102.
493 1322 632 1377 Ἀπὸ
660 1327 764 1376 τῶν
795 1322 1067 1400 χριμάτων
1125 1341 1216 1376 σο)
1251 1321 1346 1376 οὺκ
1379 1319 1620 1386 ἐξέκλινα
1661 1339 1675 1355 ·
1714 1319 1794 1378 ὅτι
1835 1324 1896 1379 σὺ

239 1411 630 1487 ἑνομοθὲτησάς
676 1432 766 1484 με.

329 1497 462 1563 103.
497 1499 590 1564 Ὠς
621 1499 819 1577 γλυκεᾶ
843 1502 918 1572 τῷ
942 1497 1160 1576 λάρυγγί
1191 1521 1291 1569 μου
1317 1500 1378 1554 τὰ
1401 1498 1558 1576 λόγια
1605 1522 1721 1581 σου,
1757 1503 1888 1580 ὑπὲρ

242 1591 367 1668 μέλι
398 1597 474 1674 τῷ
506 1589 729 1663 στόματί
761 1611 886 1663 μου.

329 1680 463 1744 104.
511 1679 646 1737 Ἀπὸ
695 1683 794 1733 τῶν
845 1677 1071 1734 ἐντολῶν
1128 1698 1223 1731 σου
1285 1679 1490 1743 συνῆκα
1528 1695 1540 1709 ’
1590 1676 1672 1734 διὰ
1733 1688 1888 1738 τοῦτο

240 1770 477 1846 ἐμίσησα
519 1774 694 1825 πᾶσαν
726 1766 844 1823 ὁδὸν
875 1765 1100 1827 ἀδικίας.

325 1857 464 1920 105,
494 1857 700 1936 Λύχνος
740 1869 857 1921 τοῖς
895 1857 1013 1913 ποσί
1041 1877 1144 1929 μου
1175 1856 1202 1910 ὁ
1255 1857 1414 1929 νόμος
1460 1879 1575 1936 σου,
1629 1862 1716 1916 καὶ
1771 1864 1884 1939 φῶς

237 1961 362 2012 ταῖς
408 1945 626 2026 τρίϐος,
650 1969 771 2022 μου.

323 2035 464 2101 106.
497 2034 749 2116 "auocat,
807 2037 896 2092 καὶ
945 2034 1142 2102 ἕστησα
1191 2041 1283 2090 τοῦ
1312 2034 1630 2114 φυλάξασθαι
1663 2041 1728 2094 τὰ
1763 2042 1880 2116 κρί-

237 2151 384 2205 ματα
426 2132 524 2195 τῆς
555 2125 889 2193 δικαιοσύνης
920 2147 1036 2186 σου.

1093 297 1190 357 DE
1236 295 1548 358 TITULIS
1591 294 2076 356 PSALMORUM.
2141 329 2182 336 -
2255 295 2463 355 PSAL.
2513 292 2780 355 CXVIII.

3474 297 3626 360 1194

2064 429 2165 490 97.
2215 424 2287 490 Ut
2345 424 2524 486 dilexi
2585 424 2775 504 legem
2828 431 3010 500 tuam,
3067 425 3339 507 Domine,
3377 436 3498 490 tota
3527 429 3625 492 die

1984 516 2290 578 meditatio
2327 534 2457 578 mea
2481 521 2594 576 est.

2059 606 2157 667 98.
2195 609 2388 684 Super
2418 604 2696 665 inimicos
2717 621 2883 664 meos
2915 603 3269 684 prudentem
3304 626 3397 668 me
3429 609 3620 674 fecisti

1982 695 2259 755 mandato
2295 705 2393 755 tuo
2435 713 2446 754 :
2483 694 2620 770 quia
2643 693 2704 753 in
2739 701 3022 753 aeternum
3051 693 3194 756 mihi
3227 704 3334 756 est.

2061 785 2159 845 99.
2195 787 2389 864 Super
2419 799 2626 844 omnes
2657 782 2942 843 docentes
2989 801 3083 842 me
3133 785 3398 846 intellexi
3433 804 3446 845 :
3485 795 3623 865 quia

1980 873 2328 934 testimonia
2361 883 2456 934 tua
2488 872 2793 932 meditatio
2826 889 2956 931 mea
2988 881 3097 932 est.

2063 963 2197 1026 160.
2236 962 2427 1042 Super
2457 979 2633 1023 senes
2665 959 2957 1034 intellexi,
3023 960 3160 1040 quia
3218 964 3494 1026 mandata
3527 977 3624 1030 tua

1980 1071 2248 1131 quaasm.
2285 1113 2292 1118 _
3387 1099 3390 1102 .

2061 1145 2198 1204 401.
2233 1142 2320 1204 Ab
2355 1141 2514 1202 omni
2565 1140 2655 1201 via
2709 1139 2861 1200 mala
2893 1139 3170 1219 prohibui
3208 1142 3393 1222 pedes
3425 1163 3616 1221 meos,

1983 1243 2052 1290 ut
2091 1232 2418 1293 custodiam
2445 1229 2624 1292 verba
2656 1239 2770 1290 tua.

2073 1324 2200 1384 102.
2238 1324 2284 1384 Α
2321 1321 2570 1401 judiciis
2600 1319 2718 1380 tuis
2751 1339 2868 1380 non
2902 1319 3194 1382 declinavi
3227 1339 3240 1381 :
3278 1325 3419 1404 quia
3445 1337 3505 1386 tu
3539 1327 3623 1388 le-

1983 1431 2112 1491 gem
2148 1412 2392 1490 posuisti
2421 1411 2588 1471 mihi.

2062 1502 2187 1561 t03.
2223 1502 2408 1573 Quam
2442 1499 2637 1560 dulcia
2695 1498 2966 1560 faucibus
3027 1505 3175 1562 meis
3225 1501 3462 1584 eloquia
3494 1514 3612 1586 tua,

1977 1609 2156 1670 super
2191 1590 2308 1652 mel
2339 1589 2430 1649 ori
2455 1607 2610 1650 meo.

2059 1681 2189 1741 104.
2225 1679 2276 1741 Α
2304 1678 2594 1740 mandatis
2627 1683 2740 1738 tuis
2771 1677 3038 1740 intellexi
3077 1697 3088 1740 :
3125 1688 3440 1759 propterea
3462 1683 3618 1745 odivi

1914 1787 2214 1836 Bomnem
2264 1770 2415 1830 viam
2450 1767 2796 1849 iniquitatis.

2059 1860 2188 1923 105.
2227 1859 2490 1920 Lucerna
2542 1856 2800 1935 pedibus
2853 1857 3004 1920 meis
3053 1857 3299 1920 verbum
3335 1868 3521 1937 tuum,
3559 1870 3618 1925 et

1969 1949 2172 2012 lumen
2209 1949 2440 2010 semitis
2475 1949 2647 2009 meis.

2053 2042 2188 2102 106.
2221 2037 2441 2113 Juravi,
2479 2047 2537 2099 et
2567 2036 2744 2098 statui
2775 2036 3082 2098 custodire
3103 2037 3334 2117 judicia
3373 2041 3620 2120 justitiae

1974 2141 2109 2194 tum.

1388 2260 1804 2328 ATHANASII
1849 2260 2480 2331 INTEBPBETATIO.

243 2393 398 2462 τέλος
428 2415 445 2435 ·
480 2400 526 2454 οἱ
547 2395 596 2454 δὲ
629 2399 727 2462 τὴν
757 2397 976 2468 ἐντολήν
1010 2421 1102 2455 σου
1147 2396 1496 2478 φυλάττοντες
1525 2400 1879 2470 ἀτελευτήτου

241 2483 424 2557 δόξης,
457 2489 544 2544 καὶ
573 2486 920 2552 ἀπολαύσεως
951 2486 1234 2553 ἀξιοῦνται,

325 2575 426 2636 97.
463 2574 560 2640 Ὠς
589 2577 752 2652 μόνος
782 2576 1024 2654 ἠρξάμην
1039 2578 1250 2656 ἀγαπᾷν
1279 2581 1368 2635 τὸν
1400 2579 1563 2654 νόμον
1586 2603 1701 2652 σου,
1735 2578 1882 2634 ἀδια-

241 2665 475 2729 λείπτως
499 2663 686 2723 λοιπὸν
715 2668 1033 2747 φωειτίζομαι⁷
1065 2669 1152 2724 καὶ
1183 2669 1506 2746 προσκόπτω
1535 2669 1588 2724 ἐν
1622 2673 1684 2728 αὖ
1696 2671 1783 2742 τῴ.

325 2751 427 2828 98,
463 2763 590 2820 Ταῖς
630 2756 728 2834 γὰρ
781 2755 1038 2818 ἐναντίαις
1071 2754 1321 2830 δυνάμεσι
1353 2760 1439 2814 καὶ
1473 2766 1598 2815 πᾶσι
1632 2760 1750 2820 τοῖς
1797 2760 1884 2814 αἱ-

243 2857 480 2921 ρετικοϊς
511 2845 605 2900 οὑκ
635 2842 836 2907 ἔδωκας
866 2844 1114 2911 τοιαύτην
1149 2847 1333 2924 χάριν,
1386 2849 1457 2910 ὼς
1490 2848 1632 2921 ἐμοὶ,
1669 2847 1760 2902 τοῦ
1805 2850 1884 2902 εἷσ-

242 2931 387 2988 δέναι
421 2933 514 2997 τὰς
545 2932 760 2997 ἐντολὰς
812 2957 928 3008 σου,
985 2935 1064 2990 ὁτι
1096 2935 1214 3010 ἐμοὶ
1245 2933 1594 3001 ἀδιαλείπτως
1635 2935 1794 3013 ἐδωρτ
1809 2959 1886 2992 σω

239 3023 341 3090 τὴν
371 3023 532 3102 χάριν
561 3024 747 3092 αὒτήν.

1969 2419 2103 2460 nem
2139 2422 2152 2463 :
2189 2399 2591 2460 custodientes
2636 2405 2834 2460 autem
2883 2396 3220 2458 mandatum
3258 2405 3427 2458 tuum
3455 2395 3618 2476 digni

1967 2489 2100 2549 facti
2133 2499 2270 2552 sunt
2301 2487 2622 2549 intermina
2648 2486 2856 2564 gloria,
2893 2495 2950 2547 et
2985 2487 3299 2567 voluptate.

2047 2579 2148 2640 97.
2183 2576 2256 2641 Ut
2288 2579 2476 2639 solum
2505 2577 2661 2654 οωρί
2695 2575 2949 2655 diligere
2979 2576 3172 2654 legem
3209 2573 3618 2648 tuam,indesi-

1973 2677 2186 2728 uenter
2219 2679 2420 2747 postea
2449 2666 2780 2740 illuminor,
2819 2673 2875 2726 et
2907 2665 3150 2744 proﬁcio
3185 2665 3244 2725 in
3274 2665 3424 2743 ipsa.
3543 2725 3546 2728 ί

2050 2757 2148 2817 98.
2187 2759 2330 2818 Nam
2359 2754 2672 2817 contrariis
2707 2752 3181 2835 potestatibus,et
3201 2754 3479 2816 omnibus
3503 2755 3616 2816 bae-

1971 2847 2170 2906 reticis
2206 2865 2319 2906 nou
2364 2845 2578 2907 dedisti
2634 2844 2810 2906 talem
2843 2843 3116 2922 gratiam,
3151 2841 3305 2904 sicut
3355 2844 3520 2918 mihi,
3557 2853 3618 2904 ut

1972 2936 2367 3013 iutelligerem
2405 2935 2679 2996 mandata
2713 2943 2831 3013 tua,
2887 2933 3165 3011 quoniam
3205 2933 3347 2994 mihi
3382 2931 3614 2994 indesi-

1971 3033 2184 3085 nenter
2214 3025 2448 3086 donasti
2473 3041 2601 3085 eam
2633 3023 2899 3101 gratiam.

320 3109 420 3174 99.
454 3111 617 3190 ’Υπὲρ
659 3113 782 3176 τοὺς
840 3111 1220 3191 παλαιοτέρους
1265 3137 1366 3190 μου
1415 3119 1482 3192 ’ιῇ
1516 3115 1697 3189 ἡλικίᾳ
1743 3116 1911 3195 ἐφω-⁴

2049 3113 2147 3176 99.
2187 3111 2379 3190 Super
2406 3131 2614 3173 omnes
2645 3112 2915 3172 seniores
2947 3129 3042 3172 me
3070 3109 3438 3171 illuminatus
3483 3131 3614 3172 sum

233 3204 420 3268 τίσθην
442 3201 505 3256 τὰ
535 3198 693 3279 λόγιά
720 3223 840 3278 σου²
867 3201 952 3258 ὅτι
979 3205 1166 3266 νυκτὸς
1197 3205 1285 3260 καὶ
1329 3204 1533 3284 ἡμέρας
1579 3204 1634 3260 ἐν
1695 3209 1878 3270 αὐτοῖς

235 3289 467 3367 μελετῶ.

325 3379 458 3442 100.
492 3381 512 3408 ’
517 3381 654 3460 Υπὲρ
685 3381 807 3445 τοὺς
838 3383 939 3457 πρὸ
984 3381 1114 3456 ἐμοῦ
1156 3383 1310 3448 ὂντας
1342 3385 1408 3451 τῆ
1440 3385 1633 3462 γνώσει
1677 3391 1880 3451 συνῆκα

1967 3203 2025 3262 in
2062 3202 2318 3283 eloquiis
2375 3203 2513 3283 tuis,
2566 3199 2852 3278 quoniam
2917 3208 3088 3260 nocte
3138 3217 3205 3260 ac
3235 3197 3331 3258 die
3375 3197 3438 3258 in
3471 3200 3615 3278 ipsis

1966 3291 2244 3354 meditor.

2049 3386 2184 3444 100.
2224 3383 2420 3462 Super
2472 3401 2698 3454 omnes,
2760 3382 2860 3460 qui
2894 3379 3327 3442 antecedebant
3369 3398 3462 3440 me
3503 3398 3610 3440 co-

231 3469 336 3538 τήν
398 3469 620 3546 δύναμιν
696 3475 802 3526 τῶν
865 3477 1112 3550 Γραφῶν,
1182 3472 1259 3528 ὃτι
1335 3474 1428 3536 τὰς
1509 3473 1726 3535 ἐντολὰς
1787 3496 1879 3529 σου

2017 3473 2252 3544 mitione,
2291 3473 2556 3534 intellexi
2617 3473 2898 3532 virtutem
2955 3468 3422 3550 Scripturnrum,
3457 3487 3610 3548 quo-

233 3561 496 3624 Επόθησα,

319 3649 630 3710 101.Ἀπὸ
701 3651 878 3716 πάσης
939 3651 1196 3729 ἁμαρτίας
1241 3657 1478 3728 πονηρᾶς
1540 3650 1877 3727 ἐπαυσάμην,

233 3737 383 3802 ὅπως
402 3737 673 3818 πληρώσω
703 3741 776 3804 εἰς
803 3741 860 3796 σὲ
893 3742 974 3796 καὶ
1009 3743 1098 3796 τὸν
1131 3743 1360 3806 πλησίον
1393 3741 1630 3820 ἀγάπην,

323 3825 460 3892 102.
494 3826 586 3885 Ἐτ
607 3842 726 3893 τοῖς
769 3831 1138 3908 προστάγμασί
1188 3851 1282 3885 σου
1329 3831 1552 3907 πΛαγεὶς
1605 3831 1699 3886 οὒκ
1745 3833 1882 3887 επο-

234 3917 419 3996 ρεύθη,
455 3919 535 3974 ὃτι
563 3919 624 3974 σὺ
652 3920 750 3985 τῆς
797 3917 1021 3997 χάριτός
1073 3941 1166 3974 σου
1221 3919 1557 4000 [ἐπορεύθην²
1591 3917 1674 3974 ὃτι
1711 3922 1772 3975 σὺ
1822 3925 1884 3996 τῇ

235 4005 420 4087 χάριτί
451 4007 570 4084 σου]
610 4005 898 4086 ὁδηγήσεις
946 4029 1036 4082 με,

321 4094 460 4159 103.
495 4097 564 4155 Τὸ
609 4097 706 4174 μὲν
752 4101 961 4170 πρῶτον
1001 4095 1166 4153 ἶδικὸν
1209 4103 1362 4154 τοῦτο
1421 4096 1558 4172 ἐστι,
1607 4099 1694 4155 ὃτι
1753 4099 1882 4178 ὑπὲρ

233 4186 298 4242 τὸ
329 4185 446 4262 μέλι
495 4187 785 4264 γλυκύτερα
815 4187 912 4242 εἶσι
944 4185 1008 4242 τὰ
1037 4185 1194 4264 λόγιά
1227 4207 1318 4242 σου
1353 4204 1368 4219 ο
1427 4185 1602 4243 ἐκεῖνο
1634 4188 1733 4266 γὰρ
1768 4185 1884 4243 οὔτε

236 4276 313 4340 εἷς
369 4276 466 4341 τὴν
515 4273 728 4354 καρδίαν
791 4297 895 4350 μου
960 4273 1298 4354 εἰσέρχονται
1350 4273 1737 4356 [εἰσέρχεται],
1798 4277 1886 4332 καὶ

235 4364 372 4440 μετὰ
403 4363 589 4421 λαϐεῖν
623 4364 770 4441 αὐτὸ,
803 4363 992 4428 εὐθέως
1028 4367 1056 4433 ἦ
1107 4364 1374 4443 γλυκύτης
1404 4367 1562 4422 αὺτοῦ
1605 4367 1826 4422 παύεται
1865 4384 1880 4400 ⁶

233 4460 402 4510 ταῦτα
431 4451 483 4509 δὲ
513 4452 829 4528 διαμένοντα
872 4455 944 4517 εἰς
1002 4457 1100 4522 τὴν
1155 4451 1369 4532 καρδίαν
1419 4477 1520 4528 μου
1554 4453 1880 4526 πλεονάζου-

233 4565 320 4600 σιν
345 4545 416 4608 εἷς
450 4543 544 4620 ἐμὲ
575 4520 674 4611 την
705 4542 1008 4621 γλυκύτητα
1039 4520 1208 4603 αὖτῶν
1228 4520 1260 4572 ’⁸
1311 4545 1372 4599 τὸ
1508 4520 1879 4623 ἀλληγορησαι
1903 4520 1950 4574 D

231 4653 392 4702 τοῦτο
441 4642 606 4718 ἐστιν,
651 4643 782 4716 ὅπερ
833 4641 960 4722 ὑπὲρ
1017 4649 1193 4700 πᾶσαν
1251 4639 1482 4710 ἧδύτητα
1541 4646 1633 4700 τοῦ
1679 4643 1882 4719 κόσμου

233 4731 530 4811 γλυκύτερα
587 4735 686 4790 εἶσι
729 4733 796 4788 τὰ
855 4731 1010 4811 λόγια
1055 4755 1172 4813 σο.)³
1226 4729 1306 4788 ὅτι
1351 4733 1448 4801 τῆς
1494 4734 1704 4791 αἰωνίου
1737 4734 1880 4791 ἀπο·-

234 4820 474 4888 λαύσεως
505 4821 692 4902 ἔχουσι
722 4821 820 4890 τὴν
853 4819 1194 4899 προσδοκίαν.

321 4910 456 4974 104.
491 4909 626 4970 Ἀπὸ
654 4914 762 4969 τῶν
808 4909 1182 4987 δικαιωμάτων
1238 4933 1332 4968 σου
1362 4913 1708 4979 συνεπείσθην
1736 4931 1751 4946 ·
1799 4911 1884 4970 διὰ

233 5009 391 5059 τοῦτο
417 5001 760 5080 ἀπεστράφην
789 5006 964 5058 πᾶσαν
991 5001 1274 5080 ἁμαρτίαν.

318 5089 460 5153 105.
496 5089 676 5148 ’Ὅταν
706 5089 896 5154 σκότος
928 5088 1125 5164 ἐπέλθῃ
1157 5111 1248 5164 μοι
1309 5093 1406 5158 τῆς
1440 5091 1720 5169 ἁμαρτίας⁹
1755 5091 1876 5168 φαί-

233 5202 314 5238 νει
343 5202 434 5256 μοι
463 5180 634 5254 ὄνομά
690 5202 806 5258 σου,
890 5179 968 5255 μὴ
1012 5179 1313 5257 προσκόψαι
1348 5179 1747 5259 [προσκόψαντα
1788 5181 1875 5258 με]

233 5277 306 5346 τῇ
338 5270 568 5350 ἁμαρτία
608 5283 821 5352 πεσεῖν,
877 5269 913 5338 ἢ
945 5267 1221 5347 πληγῆναι
1266 5268 1342 5325 ἔτι
1373 5275 1472 5336 τῆς
1518 5268 1746 5334 διανοίας
1777 5291 1880 5346 μου

238 5357 340 5440 [τῇ
369 5359 570 5435 διανοίᾳ
587 5361 734 5440 μου],
765 5361 853 5418 καὶ
881 5361 1093 5439 φωτίζει
1125 5377 1217 5434 με,
1251 5361 1300 5414 τί
1333 5359 1568 5428 ποιήσω,

321 5449 464 5512 106.
497 5448 558 5508 ’0
603 5449 757 5529 ὅρκος
801 5450 976 5512 πίστις
1020 5447 1130 5504 ἐστί
1164 5463 1180 5480 ⁸
1220 5448 1506 5512 πιστεύσας
1553 5450 1642 5505 οὗν
1687 5451 1760 5514 εἰς
1791 5449 1877 5529 σὲ,

239 5540 490 5622 inapth
516 5541 616 5608 τὴν
671 5537 886 5620 καρδίαν
943 5559 1067 5616 μου²
1119 5543 1210 5594 τοῦ
1253 5535 1538 5616 πληρῶσαι
1575 5539 1638 5594 τὸ
1668 5537 1877 5616 Θὲλημα

235 5634 336 5698 τῆς
367 5628 702 5709 ἀγαθότητός
733 5650 850 5694 σου.

559 5736 818 5805 Paeon
865 5735 981 5802 Gn.
1027 5732 1279 5800 XXVII.

1967 3563 2120 3622 niam
2156 3563 2431 3622 mandata
2466 3572 2562 3622 tua
2591 3559 2949 3622 desideravi.

2047 3651 2188 3714 101.
2225 3653 2312 3712 Ab
2347 3651 2510 3712 omni
2538 3667 2711 3730 pravo
2741 3657 2980 3728 peccato
3006 3647 3254 3726 cessavi,
3289 3655 3350 3706 ut
3385 3666 3524 3726 erga
3559 3659 3617 3712 te

1967 3750 2026 3802 et
2056 3749 2390 3823 proximum
2427 3743 2776 3804 charitatcm
2806 3741 3146 3820 implerem.

2056 3833 2187 3894 10‘2.
2223 3832 2286 3895 In
2321 3841 2639 3914 pt'chepllS
2670 3835 2788 3894 tuis
2837 3841 3078 3894 territus
3112 3829 3432 3910 ambulavi,
3467 3851 3614 3910 quo-

1969 3921 2128 3982 niam
2167 3931 2226 3984 tu
2271 3923 2536 3985 deduces
2568 3942 2662 3984 me
2691 3924 2878 4003 gratia
2909 3931 3027 3984 tua.

2054 4099 2186 4163 103.
2218 4099 2456 4164 Primus
2486 4101 2728 4184 quidem
2793 4099 3068 4182 proprius
3110 4119 3322 4164 sensus
3353 4104 3452 4166 hic
3503 4114 3616 4179 est,

1969 4189 2130 4266 quod
2165 4190 2344 4252 melle
2369 4193 2641 4254 dulciora
2671 4201 2809 4252 sunt
2851 4191 3086 4270 eloquia
3117 4199 3251 4268 tua;
3285 4193 3426 4254 illud
3456 4199 3616 4254 enim

1972 4297 2165 4359 neque
2193 4280 2250 4340 in
2286 4299 2390 4341 cor
2420 4299 2614 4343 meum
2651 4280 3072 4360 ingrcditur,et
3099 4295 3412 4362 postquam
3441 4301 3614 4344 acce-

1971 4377 2135 4448 ptum
2169 4379 2278 4444 est,
2316 4369 2512 4430 statim
2550 4379 2746 4432 cessat
2777 4371 2906 4449 ejus
2939 4371 3209 4444 dulcedo;
3242 4369 3366 4432 hac
3387 4380 3611 4453 autem,

1969 4475 2099 4518 cum
2129 4468 2513 4538 perseverant
2534 4459 2592 4520 in
2617 4459 2798 4520 corde
2825 4469 3202 4539 meo,augent
3233 4461 3289 4518 in
3322 4479 3416 4520 me
3447 4479 3614 4522 suam

1967 4544 2372 4609 dulcedinem:
2406 4547 2729 4626 allegorice
2759 4557 2955 4608 autem
2992 4548 3102 4608 hoc
3129 4545 3612 4630 significat,quod

1967 4635 2202 4716 eloquia
2249 4646 2342 4696 tua
2375 4637 2642 4698 dulciora
2673 4645 2811 4697 sunt
2843 4636 3004 4697 omni
3031 4636 3232 4695 mundi
3263 4636 3614 4714 dulcedine,

1967 4725 2244 4805 quoniam
2279 4727 2786 4807 exspectationem
2825 4727 3046 4788 habent
3077 4736 3314 4786 (eterna;
3338 4726 3610 4808 volupta-

1967 4814 2062 4876 tis.

2053 4903 2185 4967 104.
2219 4907 2273 4967 Α
2301 4905 2828 4983 justiﬁcationibus
2861 4905 2979 4968 tuis
3005 4903 3251 4968 edoctus
3281 4922 3438 4986 sum,
3475 4927 3612 4990 pro-

1971 5003 2172 5075 pterea
2201 4993 2579 5057 abominatus
2611 5013 2743 5056 sum
2778 5013 2954 5056 omne
2987 5003 3317 5076 peccatum.

2049 5085 2184 5147 105.
2221 5083 2364 5146 Cum
2425 5084 2654 5165 peccati
2683 5083 2946 5146 tenebrae
2977 5087 3264 5165 ingruunt
3290 5087 3458 5164 mihi,
3505 5106 3612 5169 ap-

1967 5183 2133 5254 paret
2166 5175 2304 5236 mihi
2339 5193 2556 5237 nomen
2585 5185 2772 5246 tuum,
2809 5193 2886 5237 ne
2916 5175 3232 5238 oil'endens
3279 5176 3339 5237 in
3394 5193 3610 5257 pecca-

1965 5273 2110 5338 tum,
2146 5263 2379 5339 cadam,
2425 5275 2526 5325 aut
2577 5270 2754 5326 etiam
2795 5272 2996 5328 mente
3026 5283 3160 5328 mea
3187 5270 3511 5347 percutiar,
3547 5273 3610 5328 et

1964 5355 2255 5416 illuminat
2280 5371 2395 5435 me,
2431 5353 2571 5435 quid
2597 5354 2834 5416 faciam.

2047 5445 2186 5507 106.
2219 5445 2626 5506 Juramentum
2663 5444 2810 5506 ﬁdes
2862 5455 2953 5506 est
2990 5467 3004 5508 :
3038 5445 3294 5509 credens
3335 5444 3516 5524 igitur
3542 5441 3606 5505 in

1961 5542 2041 5616 te,
2077 5533 2384 5596 obﬁrmavi
2417 5552 2522 5596 cor
2553 5551 2778 5610 meum,
2827 5544 2894 5596 ut
2935 5537 3212 5618 impleam
3243 5534 3603 5597 voluntatem

1961 5624 2244 5688 bonitatis
2276 5631 2410 5685 tuae.

3085 5705 3094 5710 ’
3181 5732 3278 5797 38.
