4136 6216
475 289 629 354 1-199
1270 293 1332 358 S.
1377 293 1802 358 ATHANASII
1843 294 2011 358 OPP.
2058 296 2108 357 Ρ.

2221 296 2251 358 S
2295 297 2404 358 Ill.
2451 330 2523 340 —
2572 299 3029 363 EXEGETICA.
3693 298 3854 368 1200

554 425 693 490 128.
739 430 1063 510 Propterea
1090 427 1164 491 ab
1193 429 1394 491 omnia
1438 430 1714 493 mandata
1743 436 1843 493 tua
1869 430 2090 512 dirige-
2116 435 2161 487 A

2260 429 2398 492 428.
2453 433 2550 488 Διὰ
2578 441 2733 491 τοῦτο
2765 433 2892 508 πρὸς
2925 433 3098 499 παίσας
3157 434 3249 500 τὰς
3301 432 3520 500 ἐντολάς
3567 457 3661 492 σου
3707 460 3848 494 κατ-

478 515 588 580 bar
621 536 635 581 :
668 536 905 581 omnem
938 518 1090 580 viam
1123 518 1387 596 iniquam
1419 519 1554 581 odio
1587 519 1790 583 habui.

1727 521 1790 582 1i.
2205 519 2485 599 ωρθούμην
2515 522 2689 578 πάσαν
2733 519 2850 578 ὁδὸν
2895 521 3071 579 ἄδικον
3106 522 3360 598 ἐμίσησα.

552 607 692 671 129.
742 607 1031 697 Mirabilia
1073 608 1412 671 testimonia
1475 617 1620 671 tua:
1674 610 1809 672 ideo
1858 620 2116 674 scrutata

2283 608 2420 672 129.
2472 612 2758 686 Θαυμαστά
2801 614 2864 668 τὰ
2909 613 3172 692 μαρτύριᾶ
3204 630 3318 670 σου’
3352 612 3436 670 διὰ
3476 618 3629 674 τοὸτο
3658 616 3852 697 ὲξὲρεύ-

476 704 565 759 est
600 715 670 758 ea
697 696 896 760 anima
929 716 1082 761 mea.

2199 719 2366 765 νησεν
2399 702 2527 757 αὐτὰ
2555 702 2590 767 in
2621 703 2773 781 ψυχή
2805 723 2920 762 σου.

553 785 686 850 130.
737 785 1075 848 Declaratio
1118 804 1462 850 sermonum
1522 796 1753 850 tuorum
1787 788 2106 871 illuminat,

2279 788 2410 853 130.
2460 788 2523 847 Ἢ
2568 789 2798 861 δήλωσις
2833 812 2934 847 των
2964 790 3139 870 λόγων
3188 813 3282 850 σου
3311 808 3525 874 φωτιετ,
3559 799 3644 854 καὶ
3689 817 3850 852 ουνε-

473 884 531 938 et
559 875 928 938 intellectum
961 876 1060 937 dat
1080 876 1360 956 parvulis.

961 876 1060 937 dat
1080 876 1360 956 parvulis.
2194 891 2302 934 τιετ
2351 883 2590 947 νηπίους.

549 967 687 1029 131.
734 963 816 1030 Os
851 984 1045 1028 meum
1069 966 1296 1047 aperui,
1320 973 1378 1028 et
1407 966 1620 1029 attraxi
1649 966 1948 1048 spiritum:
1975 974 2115 1050 quia

2283 964 2416 1030 131.
2465 971 2534 1026 Τὸ
2593 969 2763 1043 στόμα
2817 991 2918 1043 μου
2973 968 3178 1042 ἦνοιξα,
3225 973 3310 1027 καὶ
3353 971 3574 1029 ἕῒλκυσα
3609 982 3847 1051 πνεῦμα·

474 1055 748 1117 mandata
783 1064 880 1116 tua
911 1054 1354 1119 desiderabam.

2201 1056 2281 1114 ὅτι
2327 1061 2420 1120 τὰς
2467 1057 2683 1123 ἐντολάς
2725 1080 2816 1114 σου
2847 1057 3169 1122 ἐπεπόθουν.

547 1143 684 1208 132.
730 1143 948 1225 Aspice
976 1144 1038 1204 in
1070 1162 1188 1220 me,
1229 1152 1287 1206 et
1311 1144 1599 1207 miserere
1621 1144 1737 1206 mei
1764 1145 2096 1208 secundum

2266 1148 2401 1212 133.
2451 1146 2769 1223 Ἐπίϐλεψον
2811 1147 2893 1204 ἐπ’
2929 1149 3046 1229 εμὲ,
3084 1151 3166 1206 καὶ
3199 1148 3419 1217 ἐλέησόν
3467 1173 3530 1227 με
3591 1156 3727 1210 κατὰ
3785 1158 3851 1209 τὸ

458 1234 751 1316 judicium
785 1234 1154 1312 diligentium
1187 1253 1401 1308 nomen
1435 1242 1622 1298 tuum.

2183 1252 2353 1314 κρῖμα
2382 1243 2485 1294 τῶν
2508 1237 2836 1314 ἀγαπώντων
2857 1239 2918 1292 τὸ
2948 1237 3114 1312 ὄνομά
3159 1262 3279 1314 μορ.

545 1323 684 1387 133.
733 1323 986 1387 Gressua
1017 1343 1182 1386 meos
1212 1321 1406 1404 dirige
1431 1325 1762 1386 secundum
1797 1323 2098 1405 eloquium

2267 1325 2407 1390 133.
2456 1327 2530 1384 Τὰ
2573 1323 2878 1400 διαδήματα
2909 1348 3009 1402 μου
3035 1329 3348 1388 κατεύθυνον
3389 1331 3523 1386 κατὰ
3552 1333 3612 1387 τὸ
3658 1331 3847 1411 λόγιόν

462 1421 653 1495 tuum,
681 1422 742 1476 et
774 1433 892 1476 non
923 1413 1263 1476 dominetur
1296 1412 1414 1474 mei
1446 1411 1641 1474 omnis
1670 1414 1976 1491 injuslitia.

1974 1462 1976 1472 ι
2189 1439 2307 1497 σου,
2343 1418 2429 1472 καὶ
2459 1417 2538 1492 μὴ
2582 1416 3046 1494 κατακυριευσάτω
3077 1440 3178 1492 μου
3210 1423 3355 1475 πᾶσα
3391 1419 3607 1493 ἀνομία,

549 1504 686 1567 134.
733 1502 983 1565 Redime
1018 1521 1115 1565 me
1144 1522 1177 1564 a
1199 1501 1514 1564 calumniis
1539 1501 1872 1579 hominum,
1899 1511 1958 1564 et
1977 1519 2106 1564 cus-

2272 1503 2407 1568 134.
2459 1505 2733 1582 Λύτρωσαί
2776 1526 2842 1579 με
2873 1504 2978 1561 ἀπὸ
3011 1509 3362 1586 συκοοραντίας
3394 1508 3710 1588 ἀνθρώπων,
3753 1515 3845 1568 καὶ

479 1593 696 1654 todiam
724 1592 1057 1653 mandatata
1086 1601 1208 1655 tua.

2189 1593 2400 1675 φυλάξω
2433 1597 2528 1660 τὰς
2561 1593 2776 1656 ἐντολάς
2808 1615 2929 1670 μου.

549 1681 928 1746 135.Faciem
966 1689 1121 1742 tuam
1155 1680 1425 1742 illumina
1446 1697 1628 1759 super
1652 1697 1888 1742 servum
1912 1688 2102 1756 tuum,

2270 1684 2407 1746 135.
2458 1686 2529 1742 Τὸ
2568 1685 2857 1762 πρόσωπόν
2913 1706 3004 1740 σου
3051 1685 3301 1765 ἐπίφανον
3359 1686 3444 1746 ἐπὶ
3501 1689 3590 1745 τόν
3649 1689 3844 1747 δοῦλάν

466 1779 525 1834 et
556 1772 706 1834 doce
739 1789 835 1832 me
860 1768 1323 1850 justiﬁcationes
1350 1779 1502 1831 tuas.

2131 1804 2169 1854 Β
2192 1796 2284 1830 σου
2322 1775 2410 1831 καὶ
2439 1771 2638 1838 δίδαξόν
2669 1793 2736 1847 με
2760 1774 2824 1828 τὰ
2853 1771 3188 1849 δικαιώματά
3232 1799 3346 1835 σου.

545 1861 688 1925 456.
732 1859 936 1923 Exitus
993 1877 1278 1941 aquarum
1330 1859 1702 1922 deduxerunt
1746 1859 1905 1922 oculi
1939 1860 2055 1920 mei
2091 1881 2103 1922 :

2276 1861 2412 1926 136.
2463 1860 2732 1927 Διεξόδους
2764 1859 2965 1918 ὑδάτων
2996 1863 3287 1920 κατέδυσαν
3329 1868 3374 1923 οἱ
3406 1864 3667 1946 ὀφθαλμοί
3709 1890 3839 1942 μου·

474 1957 612 2034 quia
642 1969 761 2013 non
791 1948 1084 2012 custodivi
1114 1950 1488 2030 legem,tuam

2192 1954 2305 2011 ἐπεὶ
2349 1953 2443 2008 οὒκ
2485 1950 2718 2029 ἐφύλαξα
2743 1953 2836 2008 τὸν
2882 1952 3043 2028 νόμον
3080 1976 3197 2016 σου.

542 2038 687 2104 137.
730 2038 933 2104 Justus
981 2056 1068 2116 es,
1123 2039 1402 2122 Domine,
1436 2047 1497 2104 et
1536 2045 1768 2101 rectum
1811 2039 2108 2120 judicium

2275 2043 2413 2106 137.
2466 2042 2677 2107 Δίκαιος
2750 2046 2825 2121 εἴ,
2906 2043 3084 2122 Κύριε,
3145 2045 3230 2099 καὶ
3290 2045 3462 2108 sedet:
3518 2048 3570 2102 ai
3640 2049 3844 2125 κρίσεις

461 2138 651 2194 tuum.
2191 2157 2306 2197 σου.

546 2219 687 2285 138.
734 2217 1031 2282 Mandasti
1052 2219 1346 2300 justitiam
1377 2219 1718 2284 testimonia
1749 2225 1867 2296 tua,
1904 2228 1964 2281 et
2001 2239 2105 2282 ve-

2271 2223 2409 2285 138.
2459 2220 2747 2281 Ἐνετεϊλω
2803 2219 3140 2289 δίκαιοσύνην
3192 2224 3258 2278 τὰ
3303 2226 3559 2304 μαρτύρια
3602 2248 3720 2301 σου,
3752 2230 3846 2285 καὶ

460 2307 698 2373 ritatem
731 2315 891 2370 tuam
922 2308 1120 2372 nimis.

1054 2309 1120 2372 is.
2187 2314 2440 2385 ἀλήθειαν
2470 2310 2687 2390 σφόδρα.

1601 2468 2015 2537 ATHANASII
2057 2467 2691 2538 INTERPBETATIO.

465 2631 625 2694 vitia)
681 2629 1058 2713 temporariae
1102 2639 1259 2708 sunt,
1320 2648 1514 2712 neque
1545 2642 1791 2714 propter
1823 2631 2098 2695 mandata

2205 2635 2502 2713 πρόσκαιρος
2547 2632 2712 2707 ἐστιν,
2776 2630 2891 2688 οὑδὲ
2925 2630 3010 2688 διὰ
3043 2639 3146 2690 τῶν
3194 2634 3422 2692 ἒντολών
3480 2659 3571 2692 σου
3621 2639 3838 2702 αἰώνιος

458 2729 566 2784 tua
594 2729 832 2784 internas
860 2719 1176 2796 exsistunt,
1212 2720 1349 2782 ideo
1375 2721 1563 2798 magis
1586 2720 1773 2782 dilexi
1806 2729 2091 2801 praecepta

2205 2723 2434 2802 κπαρχέι,
2484 2720 2575 2779 διᾶ
2604 2721 2696 2779 τοῦ
2727 2719 2937 2802 [τοῦτο]
2973 2721 3177 2798 μᾶλλον
3225 2725 3480 2802 ἠγάπησα
3512 2727 3608 2790 τὰς
3677 2728 3838 2785 ἐντο-

463 2818 583 2872 tua.

2177 2813 2276 2878 λὰς
2326 2837 2443 2874 σου.

544 2897 684 2963 128.
732 2900 1056 2981 Propterea
1085 2899 1158 2962 ad
1188 2917 1397 2961 omnes
1422 2907 1550 2960 tuas
1571 2899 1902 2960 voluntates
1934 2917 2097 2980 para-

2230 2926 2233 2927 '
2261 2902 2398 2964 128.
2451 2901 2548 2958 Διὰ
2566 2908 2718 2958 τοῦτο
2745 2902 2874 2980 πρὸς
2910 2900 3082 2959 πάντα
3102 2903 3167 2958 τὰ
3197 2902 3472 2978 Θελήματά
3493 2927 3588 2963 σου
3615 2905 3836 2983 ἕτοιμος

461 2997 554 3050 tus
585 3007 771 3064 eram,
815 3001 876 3051 et
907 3007 1086 3050 omne
1135 2997 1441 3068 peccatum
1499 2987 1879 3050 abominatus
1936 3007 2092 3064 sum,

2201 2993 2352 3068 ὶμην,
2385 2992 2472 3047 καὶ
2501 2996 2676 3047 πᾶσαν
2733 2990 2990 3069 ἁμαρτίαν
3047 2992 3484 3073 ἀπεστρεφόμην,
3531 2996 3721 3064 ἐπειδή
3753 3000 3834 3062 εἰς

459 3079 736 3160 quoniam
767 3079 832 3142 in
861 3078 1316 3140 retributionem
1341 3077 1616 3158 respicio.

1444 3077 1616 3158 picio.
2179 3083 2275 3150 τὴν
2311 3077 2733 3156 μυσθαποδοσίαν
2759 3076 3076 3141 ἀποϐλέπω.

540 3167 678 3231 129.
710 3167 1074 3229 Testimonia
1103 3175 1201 3229 tua
1229 3166 1620 3228 admiratione
1652 3166 1827 3248 plena
1857 3166 2093 3244 suntei,

2269 3169 2401 3234 129.
2454 3169 2637 3236 [lianc
2667 3168 2972 3240 ἐκπλήξεως
3000 3170 3132 3245 μετᾶ
3167 3168 3380 3254 [μεστά]
3413 3173 3508 3228 εἶσι
3535 3174 3599 3230 τὰ
3632 3177 3837 3253 μαρτύ-

459 3256 562 3336 qui
593 3256 695 3319 illa
741 3257 1074 3337 intelligere
1131 3264 1344 3337 potest;
1395 3264 1709 3336 propterea
1765 3256 2092 3320 desideravi

2198 3263 2265 3319 na’
2288 3284 2382 3319 σου
2411 3259 2686 3334 δυναμένῳ
2729 3260 2857 3317 αὖτὰ
2914 3277 3124 3327 νοησαι*
3173 3258 3254 3317 διὰ
3302 3263 3456 3319 τοὺτο
3509 3265 3831 3340 ὲπεθόμησα

471 3364 797 3427 agnoscere
824 3347 942 3408 vim
987 3355 1218 3408 tuarum
1249 3344 1714 3426 Scripturarum.

1654 3363 1714 3408 n.
2179 3355 2375 3430 γνῶναι
2419 3351 2516 3418 τὴν
2546 3348 2761 3425 δύναμιν
2791 3348 2901 3405 τῶν
2929 3355 3144 3429 Γραγῶν
3173 3372 3287 3410 σου.

547 3436 683 3501 130.
729 3437 1151 3517 Interpretatio
1183 3437 1623 3518 Scripturarum
1683 3444 1913 3497 tuarum
1959 3437 2096 3498 illu-

2267 3439 2401 3504 130.
2449 3441 2516 3497 Ἠ
2549 3439 2801 3519 ἑρμηνεία
2841 3445 2946 3496 τῶν
2975 3445 3191 3520 Γραφῶν
3217 3463 3309 3498 σου
3353 3444 3590 3521 φωτίζει,
3631 3445 3721 3501 καὶ
3751 3448 3832 3510 εἰς

460 3531 666 3604 minat,
699 3534 758 3587 et
778 3526 842 3587 in
860 3525 1230 3590 intellectum
1250 3526 1513 3589 adducit.
1547 3525 1648 3606 qui
1676 3525 1936 3589 infantes
1964 3535 2093 3589 sunt

2198 3532 2390 3589 ιύνεσιν
2447 3530 2566 3609 ἀγει
2624 3530 2744 3592 τοὺς
2807 3530 3027 3594 νηπίους
3110 3529 3263 3595 ὄντας
3333 3533 3448 3610 περὶ
3526 3540 3620 3592 τοῦ
3690 3540 3831 3602 νοῆ-

461 3616 522 3677 in
567 3615 976 3695 intelligendo.
2184 3643 2296 3682 σαι.

542 3706 672 3767 131.
724 3705 944 3769 Sitiens
968 3705 1212 3784 gratiam
1267 3713 1423 3769 tuam
1463 3706 1820 3786 deprecatus
1847 3723 1978 3767 sum
2011 3714 2090 3783 te,

2261 3707 2397 3770 131⁸
2473 3712 2654 3784 Διψῶν
2721 3708 2821 3774 τὴν
2897 3708 3056 3788 χάριν
3139 3730 3234 3766 σου
3301 3708 3521 3780 ἒδεήθην
3587 3733 3683 3769 σου
3735 3717 3831 3771 καὶ

456 3802 516 3857 et
547 3795 768 3857 dedisti
808 3795 952 3857 mihi
982 3796 1263 3877 Spiritum
1295 3803 1564 3858 sanctum
1597 3805 1782 3871 tuum,
1815 3796 2089 3877 quoniam

2190 3795 2376 3861 ἔδωκάς
2440 3807 2531 3873 μοι
2608 3798 2668 3852 τὸ
2746 3799 2958 3874 Πνεῦμά
3045 3821 3137 3857 σου
3233 3801 3294 3857 τὸ
3365 3800 3514 3878 ἅγιον
3541 3849 3557 3880 ,
3631 3801 3823 3870 ἔπειδὴ

455 3885 873 3948 desiderabam
905 3903 1228 3964 agnoscere
1258 3883 1697 3967 Scripturarum
1728 3885 2088 3967 interpreta-

2062 3919 2088 3930 -
2174 3887 2465 3946 ἐπεπόθουυ
2516 3887 2616 3955 τὴν
2686 3887 2969 3966 ἑρμηνείαν
3034 3893 3230 3966 γνῶναι
3288 3892 3394 3946 τῶν
3451 3896 3695 3971 Γραφῶν,

452 3975 700 4040 tionem.

535 4065 678 4127 132.
727 4061 1242 4137 Quemadmodum
1258 4064 1510 4146 respicis
1530 4065 1847 4146 diligentes
1876 4073 1932 4129 te
1954 4083 2088 4130 cum

2256 4066 2394 4129 132.
2459 4065 2650 4129 Κάθὼς
2723 4065 2912 4144 ἐφορᾷς
2970 4065 3089 4132 τυὺς
3155 4067 3474 4146 ἆγαπωντάς
3541 4090 3600 4125 σι
3673 4073 3816 4141 μετᾶ

456 4153 817 4216 misecordia
855 4160 914 4215 et
955 4153 1360 4230 miseratione,
1393 4155 1471 4216 ita
1500 4156 1679 4218 etiam
1712 4176 1808 4219 me
1857 4158 2082 4238 aspice,

2181 4154 2349 4219 ἕλέους
2406 4158 2494 4214 καὶ
2559 4156 2870 4235 οἰκτιρμῶν,
2917 4154 3077 4220 οὕτως
3135 4158 3273 4233 καμὲ
3330 4155 3496 4236 ἔπιδε,
3526 4161 3614 4217 καὶ
3671 4160 3814 4218 Elin

446 4251 506 4304 et
535 4243 822 4305 miserere
851 4241 995 4304 mei.
2167 4266 2256 4321 με,

537 4332 672 4396 133.
706 4334 821 4398 Fac
859 4351 960 4396 cor
989 4350 1189 4394 meum
1220 4341 1489 4414 prompte
1517 4334 1686 4414 sequi
1715 4335 2076 4398 voluntatem

2248 4331 2381 4397 133.
2430 4334 2538 4401 Τὴν
2585 4333 2873 4412 προθυμίαν
2915 4339 3013 4401 τῆς
3068 4335 3282 4414 καρδίας
3325 4361 3425 4412 μου
3455 4339 3686 4406 πιίησον
3718 4340 3812 4406 ἐξ,

448 4431 605 4484 tuam
636 4434 697 4486 et
724 4441 844 4485 non
876 4422 1095 4503 poterit
1126 4421 1321 4484 omnis
1349 4421 1571 4484 diaboli
1601 4430 1863 4504 potestas
1883 4425 2074 4488 abdu-

2185 4421 2468 4482 ικολουθεῐν
2498 4428 2574 4496 τῷ
2604 4420 2686 4477 (is)
2699 4421 2865 4498 ήματί
2895 4444 3013 4497 σου,
3033 4425 3120 4480 καὶ
3149 4426 3227 4501 μὴ
3256 4427 3454 4505 ἰσχύσῃ
3485 4427 3631 4486 πάσα
3661 4427 3818 4487 δύνα-

442 4528 581 4575 cere
619 4531 714 4576 me
742 4510 816 4576 ab
845 4528 1052 4574 amore
1078 4519 1198 4575 tuo.

2176 4534 2254 4589 ιις
2301 4511 2394 4569 τοῦ
2443 4508 2690 4570 διαϐόλου
2747 4511 3046 4580 ἀποστῆσαί
3097 4535 3164 4589 με
3221 4519 3319 4583 τῆς
3368 4519 3500 4597 πρὸς
3553 4517 3612 4573 σὲ
3662 4518 3809 4598 ἆγέ-

2162 4625 2291 4663 πης.

521 4689 656 4754 134.
701 4690 918 4753 Libera
960 4708 1056 4753 me
1085 4689 1159 4752 ab
1190 4691 1354 4753 omni
1382 4692 1720 4754 daemonum
1750 4659 2147 4772 incm'su,etD

2174 4625 2202 4660 It
2277 4647 2291 4663 .

2205 4624 2270 4752 ηἶ
2283 4691 2382 4754 34,
2430 4689 2702 4769 Λύτρωσαί
2744 4711 2812 4766 με
2837 4690 2942 4748 ἀπὸ
2975 4693 3154 4760 πάσης
3186 4694 3432 4775 ἀφορμῆς
3461 4696 3565 4753 τῶν
3609 4695 3807 4774 δαιμό-

437 4778 698 4861 implebo
731 4780 1005 4843 mandata
1037 4789 1154 4845 tua.

2157 4802 2284 4857 νων,
2310 4781 2395 4838 καὶ
2427 4779 2701 4858 πληρώσω
2730 4781 2826 4845 τὰς
2859 4779 3074 4846 ἐντολάς
3106 4805 3222 4848 σου,

525 4868 660 4933 135.
707 4869 838 4933 Lux
867 4871 1068 4949 gratiae
1103 4880 1216 4933 tuas
1245 4872 1361 4948 l‘ac,
1382 4879 1442 4933 ut
1472 4871 1776 4934 exoriatur
1803 4872 1864 4934 in
1894 4877 2077 4936 corde

2239 4871 2379 4933 135.
2428 4871 2498 4928 Τὸ
2537 4876 2650 4949 φῶς
2673 4868 2772 4934 τῆς
2807 4871 3030 4950 χάριτός
3074 4894 3168 4930 σο.)
3199 4873 3473 4932 ἀνάτειλον
3495 4876 3549 4931 ὲν
3579 4882 3646 4954 τῇ
3677 4901 3807 4956 καρ-

437 4976 596 5036 meo,
636 4968 700 5022 et
720 4959 873 5021 doce
903 4976 1000 5021 me
1028 4959 1388 5042 intelligere,
1416 4969 1476 5024 et
1504 4962 1700 5024 facere
1711 4962 2070 5043 justiﬁcatio-

2169 4959 2234 5034 Ξίᾳ
2266 4982 2390 5037 μου,
2415 4960 2502 5017 καὶ
2532 4955 2732 5024 δίδαξόν
2767 4980 2834 5036 με
2879 4973 3049 5036 νοεῖν,
3082 4965 3169 5020 καὶ
3201 4977 3354 5023 ποεῖν
3401 4965 3465 5024 τὰ
3492 4955 3802 5044 δικαιώμα-

395 5163 397 5165 ί
432 5061 941 5203 nesl3‘3181‘luvios
969 5138 1360 5222 lacrymarum
1381 5141 1601 5204 deduxi
1616 5141 1689 5204 ab
1716 5143 1902 5206 oculis
1922 5144 2028 5206 mei

2172 5061 2219 5107 τά
2244 5073 2359 5110 σου.

2235 5139 2375 5202 136,
2420 5138 2699 5228 Ποταμοὺς
2745 5137 2977 5219 δακρύων
3006 5163 3308 5224 κατηγαγον
3339 5145 3447 5202 ἀπὸ
3473 5153 3581 5204 τῶν
3603 5146 3805 5228 ὀφθαλ-

435 5246 708 5311 gemens,
744 5235 803 5291 et
862 5231 1128 5308 cogitans
1179 5232 1336 5312 quod
1376 5251 1496 5295 non
1537 5233 1825 5296 custodivi
1876 5234 2066 5313 legem

2164 5237 2265 5288 ιῶν
2287 5251 2387 5306 μου
2416 5227 2637 5302 κλαίων,
2671 5229 2768 5285 καὶ
2795 5228 3196 5310 ἐνθυμούμενος,
3231 5232 3310 5290 ὅτι
3332 5235 3428 5293 οὑκ.
3451 5236 3576 5318 ὶφύλ
3587 5227 3684 5304 αξὰ
3704 5239 3797 5295 τὸν

424 5327 647 5473 ωῗὲθ.
689 5407 906 5472 Justus
927 5408 1117 5491 judex
1149 5426 1239 5487 es,
1271 5412 1546 5489 Domine,
1580 5420 1640 5474 et
1663 5430 1782 5474 non
1809 5420 1900 5476 est
1923 5430 2057 5495 per-

2343 5341 2374 5375 σ
2441 5361 2452 5376 .

2163 5322 2792 5486 ’όἿέἹῘυΔικαιοκρίτης
2823 5411 3182 5494 εϊ,Κῦριε,καὶ
3211 5418 3306 5475 οὐκ
3335 5413 3445 5473 ἔστι
3465 5418 3796 5496 προσωπολη

425 5515 711 5561 sonanim
734 5500 1001 5581 acceptio
1028 5500 1185 5581 apud
1217 5507 1295 5565 te.

908 5500 1001 5562 ltio
1028 5500 1185 5581 apud
1217 5507 1295 5565 te.
2151 5502 2248 5581 ψία
2275 5521 2416 5578 παρα
2436 5497 2541 5561 σοί,

502 5587 643 5652 138.
692 5589 1036 5671 Ριωοορὶδιὶ
1072 5589 1269 5651 facere
1289 5589 1580 5670 justitiam
1598 5591 1662 5654 iu
1691 5591 1775 5655 tui
1805 5591 2062 5656 testimo.

2231 5589 2344 5654 138
2387 5584 2719 5677 Προσέταξας
2752 5590 2827 5654 εἷς
2848 5595 3143 5677 μμρτυρίαν
3171 5619 3264 5657 σου
3293 5595 3638 5666 δικαιοσύνην
3663 5619 3798 5655 ποι-

423 5674 620 5757 niuui,
652 5688 714 5742 et
741 5678 895 5778 nihil
920 5696 1028 5763 per
1048 5679 1515 5748 simulationem.

1430 5697 1515 5748 ω,
2145 5696 2253 5765 ιτν,
2284 5683 2373 5740 καὶ
2393 5675 2564 5759 μηδὲν
2603 5680 2719 5737 καθ’
2763 5674 3063 5764 ὑπόκρισιν.
