4118 6208
291 364 430 430 1201

275 590 451 671 λόγων
495 614 589 649 σου
634 594 681 647 οἱ
724 592 906 672 ἐχθροί
949 615 1073 667 μου.

365 681 498 744 140.
573 681 960 758 Πεπυρωμένον
1030 682 1091 737 τὸ
1154 680 1335 760 λόγιόν
1393 702 1488 737 σου
1550 677 1768 759 σφοδρα,
1841 681 1928 738 καὶ

274 769 458 836 δοῦλός
492 793 584 828 σου
612 773 899 848 ἠγάπησεν
929 770 1079 833 αὒτό,

359 862 496 924 141.
535 862 805 939 Νεώτερος
839 861 946 940 ἐγώ
975 861 1082 935 εἰμι
1119 860 1204 916 καὶ
1236 857 1670 934 ἐξοῠδενωμένος,
1727 859 1792 915 τὰ
1834 857 1919 915 δι-

269 952 550 1026 καιώματά
581 973 674 1007 σου
707 956 802 1010 οὒκ
831 949 1196 1026 ἐπελαθόμην,

358 1043 491 1104 149.
527 1040 592 1098 Ἢ
622 1041 929 1108 δικαιοσύνη
975 1063 1068 1097 σου
1112 1040 1416 1108 δικαιοσύνη
1463 1042 1537 1104 εἱς
1582 1042 1674 1098 τὸν
1732 1041 1895 1096 αἰῶνα

265 1132 354 1187 καὶ
387 1133 414 1188 ὁ
447 1145 607 1205 νόμος
639 1152 730 1187 σου
762 1130 1008 1200 ἀλήθεια,

355 1219 490 1282 143.
539 1219 754 1295 Θλίψεις
799 1222 886 1277 καὶ
929 1220 1155 1298 ἀνάγκαι
1214 1218 1430 1298 εὔροσάν
1481 1239 1572 1298 με,
1633 1219 1683 1273 αἱ
1713 1215 1918 1274 ἐντολαί

269 1331 362 1366 σου
395 1308 594 1383 μελέτη
626 1332 750 1384 μω,

353 1398 491 1462 144.
524 1399 847 1466 Δικαιοσύνη
905 1400 968 1454 τὰ
1025 1397 1279 1476 μαρτύριά
1319 1420 1411 1454 σου
1460 1398 1532 1461 εἷς
1579 1398 1668 1452 τὸν
1728 1398 1912 1472 αἰῶνα,

268 1489 538 1545 συνέτισόν
565 1511 654 1564 με,
688 1492 774 1546 καὶ
795 1488 1048 1566 ζήσομαι.

352 1577 488 1639 145.
555 1577 845 1657 Ἐκέκραξα
899 1580 952 1636 ἐν
1022 1579 1122 1656 ὅλῃ
1195 1576 1374 1658 καρδίᾳ
1445 1600 1570 1653 μου,
1619 1577 1912 1634 ἐπάκουσόν

269 1689 395 1742 μου,
447 1674 617 1746 Κύριε,
667 1671 731 1727 τὰ
761 1667 1092 1745 δικαιώματα
1122 1691 1212 1726 σου
1243 1666 1545 1739 ἐκζητήσω.

357 1754 490 1816 146.
528 1754 815 1834 Ἐκέκραξά
845 1780 951 1837 σοι,
985 1759 1158 1815 σῶσόν
1187 1779 1277 1834 με,
1324 1757 1410 1812 καὶ
1440 1755 1651 1836 φυλάξω
1676 1756 1737 1812 τὰ
1766 1777 1910 1834 μαρ-

270 1867 362 1924 τυρ
373 1846 428 1900 ιά
457 1867 572 1907 σου.

357 1933 487 1995 147.
525 1935 829 2016 Προὲφθασα
875 1935 928 1991 ἐν
989 1937 1154 2014 ἀωρία
1201 1938 1287 1992 καὶ
1330 1933 1604 2013 ἐκέκραξα,
1654 1935 1727 1998 εἰς
1790 1934 1912 1997 τοὺς

264 2025 455 2104 λόγους
486 2047 578 2082 σου
610 2024 884 2095 ἐπήλπισα
895 2071 906 2085 .

1133 363 1230 428 DE
1274 365 1586 429 TITULIS
1630 362 2120 427 PSALMORUM.
2180 399 2244 411 -
2289 364 2500 428 PSAL.
2548 361 2817 428 CXVIII.

360 499 500 564 139.
535 500 782 570 Ἐξέτηξέ
827 524 893 577 με
927 503 953 558 ὁ
984 480 1143 572 calt}.
1187 522 1279 559 σου
1302 517 1318 533 ⁸
1367 499 1446 557 ὅτι
1477 497 1795 557 ἐπελάθοντο
1819 505 1922 556 τῶν

2088 499 2225 566 139.
2258 500 2592 564 Tabescere
2647 517 2744 560 me
2801 499 2942 560 fecit
2999 498 3163 561 zelus
3211 516 3380 562 meus

3509 361 3660 469 1202

3437 517 3452 564 ἶ
3509 518 3648 564 οιιιι

2088 519 2592 566 1.59.1'aoescere
2647 519 2744 560 me
2801 519 2942 560 iecit
2999 519 3163 561 zelus
3211 519 3380 562 meus
3437 519 3452 564 :
3509 519 3545 583 q

2014 589 2182 651 obliti
2213 599 2350 653 sunt
2379 589 2559 654 verba
2587 596 2686 651 tua
2707 587 2932 650 inimici
2954 587 3096 650 mei.

2091 679 2228 744 440.
2264 679 2519 761 Ignitum
2569 678 2870 760 eloquium
2923 685 3089 739 tuum
3146 677 3554 762 vehementer,
3588 689 3647 743 et

2007 788 2216 832 servus
2246 779 2383 834 tuus
2404 769 2609 832 dilexit
2638 768 2808 832 illud.

2087 861 2226 923 141.
2261 859 2758 922 Adolescentulos
2812 875 2946 920 sum
2997 874 3104 935 ego
3154 863 3212 918 et
3243 865 3642 939 contemptus,

1997 949 2452 1028 justiﬁcationes
2481 956 2608 1011 tuas
2635 966 2755 1010 non
2778 965 2912 1010 sum
2941 945 3183 1008 oblitus.

2090 1039 2220 1101 149.
2263 1037 2492 1102 Iustitia
2519 1047 2638 1116 tua,
2671 1035 2902 1116 justitia
2932 1035 2991 1096 in
3019 1042 3406 1111 aateruum,et
3427 1036 3522 1099 lex
3545 1045 3642 1103 tua

2001 1129 2239 1191 veritas.

2080 1219 2220 1282 143.
2276 1216 2603 1279 Tribulatio
2663 1223 2720 1276 et
2769 1213 3056 1292 angustia;
3110 1213 3470 1277 invenerunt
3517 1235 3635 1294 me,

2000 1307 2274 1369 mandata
2304 1314 2404 1368 tua
2435 1304 2748 1368 meditatio
2773 1322 2904 1365 mea
2933 1312 3041 1365 est.

2085 1397 2219 1460 144.
2251 1395 2488 1459 Justitia
2511 1393 2851 1456 testimonia
2889 1401 2986 1454 tua
3015 1393 3076 1454 in
3107 1401 3421 1473 atomum,
3454 1396 3636 1460 intel-

1997 1486 2216 1548 lectum
2249 1485 2325 1546 da
2356 1483 2524 1558 mihi,
2559 1491 2618 1544 et
2651 1483 2869 1544 vivam.

2085 1577 2214 1638 143.
2251 1573 2511 1636 Clamavi
2541 1576 2601 1633 in
2634 1580 2753 1634 toto
2783 1571 2968 1634 corde
3002 1575 3376 1655 meo,exaudi
3400 1576 3634 1657 me,Do~

1997 1665 2179 1744 mine,
2205 1662 2659 1746 justiﬁcationes
2680 1670 2806 1722 tuas
2827 1661 3150 1742 requiram.

2080 1755 2214 1816 146.
2241 1751 2498 1816 Clamavi
2527 1751 2600 1814 ad
2626 1749 2938 1834 te,salvum
2959 1769 3053 1814 me
3070 1753 3183 1835 fac,
3217 1762 3275 1815 et
3295 1757 3626 1820 custodiam

1934 1872 1973 1922 Β
1996 1843 2270 1905 mandata
2296 1850 2414 1904 tua.

2079 1933 2212 1994 147.
2249 1930 2514 1994 Ρτωνεηί
2567 1928 2630 1990 in
2660 1930 3020 2020 maturitate,
3051 1936 3113 1996 et
3160 1932 3405 1997 clamavi
3438 1956 3452 2000 :
3482 1938 3623 2020 quia

1996 2023 2057 2084 in
2099 2020 2280 2083 verba
2302 2029 2402 2082 tua
2428 2019 2866 2102 supersperavi.

1402 2129 1822 2195 ATHANASII
1863 2126 2495 2193 INTERPRETATIO.

351 2253 482 2315 139.
514 2251 850 2334 Ἐμαράνθην
899 2253 1020 2318 ὅλος
1053 2254 1158 2312 ἀπὸ
1189 2265 1282 2314 τοῦ
1324 2257 1489 2326 ζήλου
1539 2259 1656 2335 περὶ
1709 2277 1790 2334 σε,
1823 2252 1904 2310 ὅτι

263 2347 369 2421 ὁρῶ
409 2346 530 2408 τοὺς
576 2346 873 2424 αἱρετικοὺς
949 2345 1154 2401 ἐναντία
1225 2348 1326 2401 τῶν
1372 2351 1591 2424 Γραφῶν
1649 2368 1742 2402 σου
1802 2348 1904 2401 )α-

262 2432 453 2500 ϐόντας
488 2437 603 2513 περὶ
633 2440 732 2501 τῆς
765 2435 995 2498 πιστεώς
1043 2457 1159 2496 σου,
1699 2449 1702 2451 ‘

350 2523 485 2587 140.
517 2522 740 2591 Ἐπειδὴ
768 2534 868 2603 πῦρ
900 2526 1052 2588 αὐτός
1087 2526 1315 2605 ὑπάρχει
1359 2524 1696 2605 [ὕπάρχεις],
1731 2546 1906 2582 πεπυ-

263 2614 575 2691 ρακτωμένα
617 2617 704 2670 καὶ
747 2616 812 2671 τα
856 2614 1012 2692 λόγια
1067 2637 1160 2671 σο)
1205 2618 1302 2671 εἰσι
1353 2617 1481 2692 πρὸς
1518 2618 1572 2672 τὸ
1604 2615 1905 2671 κατακαίειν

264 2703 410 2777 ξύλα,
478 2706 700 2784 χόρτον,
793 2703 1038 2779 καλάμου
1114 2704 1426 2782 [καλάμην],
1487 2703 1723 2761 τουτέστι
1784 2718 1906 2766 ταῖς

263 2807 525 2872 πονηραῖς
572 2793 785 2872 πράξεσι
836 2791 950 2874 [τὰς
982 2795 1224 2874 πονηρὰς
1250 2795 1516 2875 πράξεις]
1553 2792 1612 2852 Ὀ
1643 2792 1697 2849 δὲ
1722 2792 1904 2856 δοῦλός

264 2905 357 2940 σου
385 2884 642 2962 ὑπάρχων
687 2884 872 2960 ἀγαπᾷ
914 2885 975 2940 τὸ
1019 2884 1201 2962 λόγιον
1262 2907 1378 2965 σου,
1421 2883 1604 2952 ἐπειδὴ
1649 2907 1904 2962 πεπυρω-

263 2972 420 3048 μένον
451 2974 708 3052 ὑπάρχων
731 2976 1065 3053 καταφθείρει
1096 2975 1189 3036 τὰς
1216 2975 1439 3040 ἀκάνθας
1470 2982 1562 3031 τοῦ
1591 2975 1728 3051 βίου.

351 3063 483 3124 141.
517 3063 660 3140 Ἐγὼ
709 3069 795 3118 νῦν
853 3061 1098 3139 ἠρξάμην
1159 3071 1251 3120 τοῦ
1312 3063 1624 3142 ἐπιστρέψαι
1669 3065 1801 3142 πρὸς
1847 3063 1906 3118 σὲ

2071 2251 2209 2316 139.
2242 2250 2518 2312 Emarcui
2561 2256 2720 2313 totus
2751 2248 2826 2312 ob
2854 2251 3048 2313 zelum
3094 2269 3232 2333 erga
3263 2256 3629 2337 te,quouiam

1989 2343 2160 2404 video
2193 2339 2503 2403 haereticos
2559 2339 2858 2402 contraria
2911 2338 3053 2402 ﬁdei
3104 2348 3220 2404 tuae
3250 2356 3554 2409 sumentes
3597 2366 3631 2410 θ

1991 2429 2317 2512 Scripturis
2359 2435 2497 2493 tuis.

2072 2522 2209 2584 140.
2247 2520 2538 2594 Quoniam
2570 2519 2725 2599 ignis
2765 2519 2897 2598 ipse
2929 2538 3014 2590 es,
3063 2529 3121 2582 et
3168 2522 3354 2600 ignita
3397 2524 3632 2608 eloquia

1995 2619 2098 2674 tua
2129 2617 2267 2672 sunt
2293 2611 2367 2672 ad
2427 2609 2898 2672 comburendum
2950 2609 3127 2689 ligna,
3162 2611 3388 2690 fenum,
3436 2617 3631 2698 stipu-

1991 2701 2107 2763 lam
2137 2698 2212 2778 σι,
2249 2700 2362 2761 hoc
2415 2707 2505 2760 est
2555 2699 2862 2776 improbas
2917 2701 3210 2763 actiones.
3266 2703 3378 2776 Qui
3431 2713 3628 2769 autem

1989 2809 2193 2854 servus
2227 2799 2360 2852 tuus
2398 2797 2512 2871 est,
2544 2788 2742 2870 diligit
2764 2789 3066 2871 eloquium
3096 2798 3285 2867 tuum,
3319 2795 3628 2874 quoniam,

1990 2900 2124 2942 cum
2158 2879 2405 2958 ignitum
2439 2879 2536 2952 sit,
2571 2878 2702 2941 vitae
2729 2879 2937 2959 spinas
2963 2879 3288 2942 comburit.

2079 3061 2208 3123 141.
2243 3060 2371 3139 Ego
2403 3075 2563 3120 nunc
2599 3056 2751 3137 ccepi
2783 3064 3134 3120 convertere
3162 3076 3257 3121 me
3305 3079 3340 3122 a
3373 3062 3634 3143 peccatis

255 3151 361 3206 ἀπὸ
393 3158 496 3207 τῶν
528 3153 803 3230 ἁμαρτιῶν
852 3173 975 3224 μου,
1022 3155 1109 3208 καὶ
1158 3154 1351 3218 πάντες
1410 3152 1608 3217 ὄνειδος
1641 3175 1706 3228 με
1737 3152 1907 3233 ἔχου-

2036 3149 2141 3212 ieis
2163 3149 2238 3212 ad
2273 3158 2354 3222 te,
2383 3155 2440 3210 et
2470 3164 2678 3210 omnes
2709 3165 2805 3209 me
2835 3147 3159 3229 opprobrio
3204 3148 3449 3232 habent,
3498 3161 3634 3214 tan-

255 3262 340 3296 σιν
383 3244 454 3304 ὠς
501 3241 816 3318 ἁμαρτωλόν
854 3261 866 3275 ο
917 3243 1026 3318 εγὼ
1056 3241 1110 3298 δὲ
1156 3242 1536 3319 ὀνειδιζόμενος
1595 3242 1683 3298 ὑπ’
1736 3243 1938 3299 αὒτῶνε

2036 3259 2167 3301 uam
2228 3247 2638 3320 peccatorem;
2691 3255 2800 3314 ego
2865 3245 3065 3298 autem
3121 3240 3516 3319 opprobratus
3561 3242 3635 3305 ab

253 3331 318 3385 τὰ
349 3327 687 3404 δικαιώματά
718 3353 812 3388 σου
845 3331 1157 3411 ἐφύλαττον.

2036 3330 2139 3390 isis
2163 3325 2622 3409 justilicationes
2655 3332 2784 3386 tuas
2809 3325 3127 3388 custodivi.

341 3419 477 3482 142.
508 3421 572 3478 Ὀ
619 3428 787 3477 ποιῶν
833 3423 931 3488 τὴν
1003 3419 1340 3488 δικαιοσύνην
1402 3419 1601 3483 δίκαιος
1647 3421 1788 3478 ἐστιν
1834 3423 1906 3485 εἰς

2076 3419 2212 3480 142.
2244 3421 2488 3480 Faciens
2502 3413 2797 3494 justitiam
2813 3415 3012 3493 justus
3035 3423 3128 3478 est
3158 3415 3219 3476 in
3251 3423 3639 3500 aeternumet

255 3511 348 3565 τὸν
383 3511 568 3582 αἰῶνα,
631 3513 720 3567 καὶ
751 3511 924 3567 πάντα
977 3510 1075 3567 ὅσα
1120 3511 1428 3590 ἐπηγγείλω
1459 3515 1577 3588 περὶ
1619 3512 1724 3568 τῶν
1770 3509 1906 3580 μελ-

2036 3526 2062 3568 a
2092 3506 2314 3580 omnia,
2348 3523 2484 3582 quae
2513 3503 2587 3565 de
2617 3503 2882 3565 venturis
2937 3503 3112 3566 bonis
3149 3507 3501 3585 promisisti,
3537 3528 3646 3572 ve-

258 3599 459 3655 λόντων
505 3602 712 3678 ἀγαθῶν
748 3601 970 3667 ἀλήθειά
999 3600 1166 3662 ἐστιν.

340 3690 478 3752 143.
513 3687 763 3764 ”Ενδεια,
807 3691 896 3746 καὶ
940 3687 1174 3768 διωγμὸς
1205 3689 1420 3769 εὕροσάν
1452 3713 1541 3770 με,
1580 3689 1688 3765 ἐγὼ
1716 3687 1770 3743 δὲ
1799 3689 1904 3744 ὑπ·

255 3780 607 3854 εμνησκόιιην
632 3777 748 3856 ’(α),
797 3778 877 3835 ὅτι
923 3794 1206 3852 περιεϊπας
1241 3797 1256 3812 ⁸
1298 3781 1558 3857 Μακάριοι
1590 3779 1636 3834 οἱ
1681 3785 1906 3833 πεινῶν-

257 3891 345 3930 τες
396 3871 501 3946 [καὶ
535 3868 793 3946 διψῶντες
819 3870 920 3936 τὴν
950 3868 1342 3950 δικαιοσύνην],
1378 3867 1731 3945 καὶμακάριοί
1761 3867 1900 3940 ἐστε,

260 3957 390 4012 ὅταν
421 3957 740 4014 ὀνειδίσωσιν
768 3960 928 4037 ὑμᾶς,
965 3963 1050 4015 καὶ
1081 3959 1329 4024 διώξωσι,

349 4047 484 4108 144.
525 4049 848 4114 Δικαιοσύνη
894 4049 1006 4104 ἐστὶ
1048 4049 1112 4104 τὰ
1143 4049 1399 4128 μαρτύριά
1443 4070 1538 4104 σου
1582 4049 1668 4104 καὶ
1711 4049 1784 4112 εἷς
1817 4049 1908 4103 τὸν

1991 3608 2137 3664 ritas
2166 3609 2324 3664 sunt.

2074 3692 2207 3753 143.
2231 3688 2566 3770 Indigentia
2596 3698 2651 3751 et
2669 3687 3009 3769 persecutio
3027 3689 3380 3755 invenerunt
3401 3710 3637 3774 me,ego

1991 3789 2187 3842 autem
2206 3779 2557 3842 recordatus
2577 3796 2734 3852 sum,
2759 3779 3038 3859 quoniam
3066 3778 3266 3843 dixisti
3292 3801 3305 3842 :
3339 3783 3514 3846 Beati
3535 3801 3614 3864 qu

1991 3877 2275 3933 esu-riunt
2307 3871 2392 3950 [et
2409 3871 2630 3932 sitiunt
2653 3869 3082 3949 iustitiam],et
3113 3870 3273 3932 beati
3303 3873 3470 3947 estis,
3497 3890 3636 3936 eum

1991 3961 2436 4023 matedixerint
2463 3960 2652 4039 vobis,
2713 3966 2774 4021 et
2815 3961 3124 4038 persecuti
3157 3977 3260 4023 vos
3291 3962 3529 4039 fuerint
3555 3963 3632 4024 ⁸⁸.

2076 4053 2216 4114 144.
2249 4048 2483 4114 Justitia
2511 4057 2650 4111 sunt
2679 4049 3016 4110 testimonia
3049 4057 3236 4124 tua,et
3266 4050 3328 4112 in
3366 4069 3634 4128 praesen-

260 4145 377 4210 νῦν,
424 4139 510 4194 καὶ
554 4142 622 4199 εἱς
673 4137 940 4213 μέλλοντα
984 4141 1147 4194 αἰῶνα
1179 4154 1194 4169 ⁸
1245 4139 1489 4195 συνέτσον
1540 4160 1604 4214 με
1638 4139 1790 4213 αὐτὰ,
1823 4139 1911 4193 καὶ

2045 4191 2060 4214 ,
2094 4151 2151 4202 et
2177 4143 2232 4204 in
2265 4139 2459 4201 futuro
2491 4140 2734 4220 saeculo,
2759 4139 2846 4200 lac
2879 4145 2943 4200 ut
2972 4156 3042 4201 ea
3066 4139 3422 4222 intelligam,
3447 4151 3509 4204 et
3531 4160 3637 4223 per

262 4230 492 4302 ζήσομαι
543 4228 607 4284 δι’
655 4231 826 4285 αὖτῶν
837 4277 850 4290 .

350 4317 485 4378 145.
540 4319 719 4398 Κύριε,
767 4318 1176 4394 μακροθύμησον
1248 4316 1332 4374 ἐπ’
1396 4318 1538 4396 ἐμοὶ,
1595 4317 1684 4374 καὶ
1741 4317 1912 4373 πάντα

258 4431 344 4464 σοι
408 4407 670 4465 ἀποδώσω
705 4428 716 4440 ·
787 4408 1058 4482 ἐκιϐλέψω
1129 4411 1227 4487 γὰρ
1273 4411 1344 4472 εἷς
1389 4410 1482 4473 τὰς
1530 4410 1735 4488 Γραφὰς
1791 4430 1906 4480 σου,

257 4501 347 4554 καὶ
386 4499 469 4554 ἐπὶ
514 4506 713 4576 γνῶσιν
757 4500 806 4554 τί
853 4500 958 4575 [καὶ
1019 4500 1294 4576 ἑπεγνωκα
1346 4499 1424 4580 τί]
1489 4499 1584 4556 οὐκ
1623 4497 1908 4576 ἐπλτςρωσα

259 4590 315 4644 ὲν
345 4589 556 4666 αὑταῖς,
589 4591 674 4644 καὶ
705 4595 860 4644 τοῦτο
905 4610 986 4644 σοι
1018 4587 1422 4667 ἀποπληρώσω.

349 4676 480 4738 146.
512 4676 599 4734 Ἐν
628 4677 781 4755 ὀδύνῃ
813 4683 910 4744 τῆς
941 4676 1154 4754 καρδίας
1201 4702 1301 4753 μου
1357 4680 1488 4749 πρὸς
1534 4677 1592 4733 σέ
1633 4696 1647 4711 ·
1695 4673 1905 4753 βεϐυθι-

255 4767 451 4842 σμένον
495 4766 622 4824 ὄντα
666 4790 733 4843 με
787 4769 888 4823 ὑπὸ
945 4773 1045 4834 τῆς
1093 4769 1349 4846 ἁμαρτίας
1395 4775 1590 4847 σῶσον,
1645 4769 1715 4832 ὡς
1766 4765 1904 4822 ἔσω-

258 4879 352 4918 σας
387 4858 476 4912 τὸν
510 4857 706 4934 Πέτρον
737 4857 790 4911 ἐν
839 4863 916 4929 τῷ
965 4856 1188 4914 κλύδωνι
1235 4865 1334 4927 τῆς
1366 4857 1660 4930 θαλάσσης,
1697 4858 1782 4912 καὶ
1811 4855 1906 4911 οὒκ

261 4945 324 5001 ἂν
352 4946 496 5001 ἐάσω
521 4948 584 5002 τὰ
616 4948 874 5026 μαρτύρια
905 4969 1021 5008 σου.

355 5034 485 5098 147.
521 5039 611 5098 Ὠς
670 5037 876 5114 ἑώρακα
917 5037 1288 5117 ἡσυχάζουσαν
1317 5039 1417 5106 τὴν
1449 5037 1635 5116 ψυχήν
1665 5058 1767 5111 μου
1798 5035 1904 5090 ἀπὸ

264 5128 369 5180 τῶν
402 5125 734 5207 ἐνοχλουσῶν
769 5128 952 5196 αὐτὴν,
990 5127 1438 5206 ἐξωμολογιυμην
1498 5149 1580 5184 σοι
1614 5127 1706 5185 τὰς
1733 5126 1906 5200 ἁμαρ-

264 5218 376 5276 τὲας
431 5239 532 5289 μου
564 5233 577 5246 °
625 5215 827 5283 ἤλπισα
865 5217 966 5294 γὰρ
1010 5218 1082 5278 εἷς
1128 5219 1244 5283 τοὺς
1303 5217 1493 5295 λόγους
1553 5238 1668 5294 σου,
1717 5214 1796 5270 ὅτι
1845 5214 1908 5280 ἧς

263 5307 489 5384 εἰρηκώς
524 5322 538 5336 ·
595 5315 752 5364 Δεῦτε
810 5309 940 5383 πρὸς
993 5326 1060 5380 με
1136 5307 1325 5368 πάντες
1379 5311 1426 5362 οἱ
1480 5313 1770 5366 κοπιῶντες
1824 5305 1909 5360 καὶ

262 5395 694 5474 πεφορτισμένοι,
727 5393 879 5472 κᾶγὼ
908 5394 1194 5451 ἀναπαύσω
1225 5397 1384 5470 ὑμᾶς.

2211 4249 2364 4290 vam.

1994 4251 2012 4291 ι
2061 4248 2090 4292 s
2157 4249 2364 4292 vivam.

2021 4249 2211 4384 pta/:5.
2247 4319 2520 4394 Domine,
2559 4319 2849 4400 patienter
2883 4337 3116 4380 mecum
3148 4337 3280 4398 age,
3333 4329 3392 4383 et
3442 4321 3661 4386 omnia

1991 4410 2236 4472 reddam
2269 4409 2372 4470 tibi
2409 4430 2421 4472 :
2457 4408 2774 4490 respiciam
2821 4407 2978 4470 enim
3023 4409 3084 4470 in
3117 4408 3456 4490 Scripturas
3487 4419 3639 4494 tuas,

1989 4510 2047 4562 et
2077 4517 2427 4579 cognoscam
2488 4499 2636 4578 quid
2686 4517 2805 4560 non
2848 4497 3086 4579 implevi
3133 4499 3193 4560 in
3228 4498 3398 4580 ipsis,
3437 4507 3492 4562 et
3524 4501 3635 4564 hoc

1932 4599 1972 4648 ι)
1993 4590 2097 4652 tibi
2127 4588 2496 4670 adimplebo.

2077 4681 2210 4745 146.
2245 4681 2527 4743 Clamavi
2556 4679 2618 4740 in
2649 4679 2858 4740 dolore
2887 4677 3088 4741 cordis
3121 4677 3240 4740 mei
3270 4678 3344 4740 ad
3380 4685 3474 4756 te;
3500 4677 3639 4740 sub-

1993 4787 2252 4832 mersum
2291 4788 2385 4832 me
2413 4788 2446 4830 a
2479 4777 2720 4850 peccato
2751 4767 2933 4842 salva,
2975 4766 3482 4850 quemadmodum
3511 4767 3638 4830 sal-

1991 4858 2134 4919 vasti
2164 4857 2401 4919 Petrum
2431 4856 2490 4918 in
2519 4857 2701 4918 ﬂuctu
2765 4856 2968 4932 maris,
3029 4864 3089 4918 et
3147 4875 3266 4918 non
3297 4856 3634 4938 relinquam

1992 4947 2331 5009 testimonia
2364 4955 2481 5008 tua.

2081 5037 2210 5100 I47.
2247 5038 2320 5100 Ut
2341 5035 2458 5097 vidi
2488 5034 2747 5097 animam
2781 5051 2973 5097 meam
2997 5036 3402 5117 quiescentem
3427 5055 3461 5099 a
3487 5054 3631 5118 per-

1992 5125 2372 5188 turbantibus
2401 5142 2555 5204 eam,
2580 5123 2886 5186 confessus
2902 5142 3032 5187 sum
3057 5124 3159 5187 tibi
3182 5137 3422 5207 peccata
3456 5143 3631 5204 mea;

1991 5215 2220 5294 speravi
2253 5214 2410 5276 enim
2443 5215 2501 5274 in
2533 5213 2916 5276 sermonibus
2946 5215 3378 5294 tuis,quoniam
3407 5215 3630 5279 dixisti:

2003 5303 2210 5367 Venite
2241 5306 2324 5366 ad
2358 5321 2690 5380 me,omnes
2719 5305 2826 5384 qui
2854 5303 3144 5370 laboratis
3176 5313 3232 5370 et
3262 5309 3498 5369 onerati
3522 5321 3620 5366 es-

1995 5397 2094 5470 tis,
2129 5402 2184 5457 et
2211 5413 2312 5473 ego
2341 5394 2609 5476 reﬁciam
2637 5411 2742 5458 vos
2769 5393 2858 5458 66.

339 5563 404 5615 ω
432 5562 454 5626 1
484 5563 618 5627 Cor.
656 5519 738 5637 ut,
778 5565 872 5626 1-2.
956 5562 1023 5615 65
1042 5563 1241 5626 Matth.
1268 5580 1326 5636 ν,
1361 5565 1420 5637 6,
1461 5564 1561 5626 11.
1645 5564 1710 5615 66
1747 5563 1929 5628 Matth

2036 5582 2073 5645 ι,
2101 5566 2201 5627 28.

339 5685 428 5765 (α)
465 5683 617 5763 Lege
644 5684 1158 5766 ὺπεμιμνησκόμην,
1191 5683 1374 5762 ὅτιπερ
1403 5685 1592 5766 εἴπας²
1628 5694 1690 5748 ut
1722 5685 1838 5748 col.
1865 5686 1938 5749 4⁸2

2036 5683 2154 5759 ,Ν.
2193 5684 2328 5750 164.
