4118 6208
316 349 336 411 1
352 345 464 412 205

1155 347 1254 410 DE
1296 343 1610 410 TITULIS
1649 340 2140 405 PSALMORUM.
2191 377 2269 390 —
2313 345 2524 409 PSAL.
2571 345 2844 410 CXVIII.

3534 341 3688 410 1206

388 483 528 548 160.
562 486 739 565 ιΑρχὴ
770 491 872 541 τῶν
898 483 1071 562 λόγων
1103 505 1194 540 σου
1224 480 1470 556 ἀλήθεια,
1494 481 1582 536 καὶ
1607 483 1678 542 εἱς
1702 480 1794 534 τὸν
1824 479 1950 535 αἰῶ·
1969 484 2000 534 Α

2124 479 2255 544 160.
2283 481 2648 562 Principium
2680 479 3006 542 verborum
3061 486 3297 540 tuorum
3339 477 3583 557 veritas,
3623 487 3693 544 et

310 595 374 630 να
402 574 572 630 πάντα
596 576 662 631 τὰ
692 575 916 649 κρίματα
945 578 1045 640 τῆς
1077 570 1411 636 δικαιοσύνης
1445 592 1561 628 σου.

391 663 529 725 461.
571 661 881 744 ’Ἄρχοντες
902 660 1219 727 κατεδίωξαν
1254 682 1320 737 με
1347 658 1575 738 δωρεὰν,
1606 660 1693 715 καὶ
1716 659 1824 714 ἀπὸ
1854 662 1960 714 τῶν

309 753 484 832 λόγων
514 776 605 811 σου
636 753 923 810 ἐδειλίασεν
965 755 1000 821 ἡ
1030 750 1211 829 καρδία
1240 771 1364 825 μου.

395 843 534 906 162.
572 843 998 921 Ἀγαλλιάσομαι
1031 842 1136 921 ἐγὼ
1183 841 1268 898 ἐπὶ
1317 841 1382 896 τὰ
1431 839 1588 916 λόγιά
1637 861 1752 917 σου,
1799 840 1873 902 ὡς
1930 839 1960 893 ὁ

311 935 565 1012 εὑρίσκων
595 934 763 991 σκῦλα
793 933 994 996 πολλὰ,

393 1027 530 1090 163.
566 1026 798 1084 Ἀδικίαν
821 1027 1079 1106 ἐμίσησα,
1127 1029 1214 1082 καὶ
1243 1022 1624 1100 ἐϐδελυξάμην·
1662 1023 1752 1080 τὸν
1775 1019 1830 1077 δὲ
1862 1021 1959 1078 νό-

313 1141 412 1194 μον
452 1139 544 1173 σου
585 1117 872 1194 ἠγάπησα,

394 1207 534 1268 164.
565 1206 821 1268 Ἐπτάκις
853 1205 950 1274 τῆς
979 1205 1182 1285 ἡμέρας
1208 1202 1372 1280 ᾔνεσά
1427 1223 1484 1260 σε
1517 1201 1603 1260 ἐπὶ
1636 1203 1702 1262 τὰ
1731 1203 1962 1281 κρίματα

312 1301 409 1364 τῆς
440 1295 773 1362 δικαιοσύνης
805 1317 921 1356 σου.

400 1385 538 1449 165.
573 1387 770 1464 Εἰρήνη
803 1383 980 1452 πολλὴ
1005 1395 1121 1448 τοῖς
1150 1381 1398 1462 ἀγαπῶσι
1432 1383 1522 1439 τὸν
1553 1381 1712 1457 νόμον
1736 1402 1850 1457 σου,
1874 1381 1962 1438 καὶ

316 1481 409 1536 οὐκ
437 1475 578 1532 ’ἐστιν
610 1476 794 1537 αὐτοῖς
839 1472 1157 1536 σκάνδαλον,

405 1564 516 1629 166
576 1563 916 1644 Προσεδόκων
960 1565 1020 1619 τὸ
1052 1564 1332 1641 ίσωτήριον
1379 1584 1495 1642 σου²
1530 1561 1706 1640 Κύριε,
1741 1568 1828 1618 καί
1866 1562 1962 1625 τὰς

319 1654 534 1719 ἐντολάς
558 1677 650 1713 σου
679 1655 938 1732 ἠγάπησα
953 1696 968 1710 .

404 1743 540 1806 167.
569 1743 850 1824 Ἐφύλαξεν
883 1747 918 1814 ἣ
970 1742 1122 1822 ψυχὴ
1168 1764 1271 1818 μου
1319 1741 1385 1798 τὰ
1427 1741 1684 1819 μαρτύρια
1727 1762 1843 1816 σου,
1875 1742 1964 1797 καὶ

319 1837 598 1912 ἠγάπησεν
629 1835 759 1892 αύτὰ
804 1833 1001 1912 σφόδρα
1014 1876 1028 1891 .

403 1924 535 1986 168.
575 1922 840 2003 Ἐφύλαξα
882 1923 976 1987 τὰς
1019 1919 1235 1982 ἐντολὰς
1285 1941 1380 1978 σου
1430 1921 1516 1977 καὶ
1582 1920 1647 1978 τὰ
1705 1921 1962 1998 μαρτύρια

317 2039 410 2072 σου
447 2034 458 2046 ·
493 2013 572 2070 ὅτι
604 2021 766 2070 πᾶσαι
799 2015 849 2069 αἱ
879 2011 987 2068 ὅδοί
1017 2035 1118 2086 μοι)
1148 2010 1382 2068 ἒναντίον
1413 2032 1529 2083 σου,
1573 2011 1752 2088 Κύριε.

401 2101 850 2182 169,Ἐγγισάτω
879 2105 912 2170 ἡ
958 2101 1140 2168 δέησις
1199 2123 1302 2176 μου
1354 2099 1581 2158 ἐνώπιον
1613 2121 1729 2177 σου,
1781 2101 1959 2180 Κύριε,

320 2195 455 2251 κατὰ
483 2195 544 2250 τὸ
572 2192 752 2269 λόγιον
777 2215 871 2250 σου
904 2190 1175 2248 ωνέτισον
1206 2213 1293 2266 με.

2043 569 2105 630 in
2137 578 2426 632 aeternum
2454 571 2658 634 omnia
2679 569 2905 651 judicia
2929 567 3182 650 justitiae
3213 575 3348 630 tuae.

2127 659 2598 743 16l.Principes
2653 659 2952 742 persecuti
2997 663 3133 719 sunt
3182 674 3280 719 me
3321 659 3524 736 gratis,
3557 668 3620 721 et
3645 677 3682 722 a

2041 747 2243 810 verbis
2275 750 2389 812 tuis
2421 749 2756 812 formidavit
2777 766 2882 811 cor
2911 765 3133 810 meum.

2125 839 2263 902 16‘2.
2298 839 2566 902 Lzetabor
2594 859 2704 920 ego
2735 856 2921 919 super
2951 837 3186 918 eloquia
3215 842 3337 917 tua,
3397 836 3554 900 sicut
3582 837 3686 920 qui

2041 927 2267 990 invenit
2295 929 2487 1009 spolia
2520 929 2727 991 multa.

2122 1018 2260 1081 163.
2315 1017 2691 1100 lniquitatem
2744 1015 2883 1080 odio
2936 1015 3139 1096 habui,
3191 1025 3251 1078 et
3307 1013 3687 1079 abominatus

2041 1125 2172 1169 sum
2199 1126 2212 1171 :
2246 1108 2441 1187 legem
2475 1116 2677 1170 autem
2710 1114 2875 1170 tuam
2907 1104 3116 1168 dilexi.

2130 1198 2262 1261 164.
2297 1196 2526 1278 Septies
2556 1198 2617 1260 in
2648 1197 2745 1259 die
2776 1195 3012 1259 laudem
3073 1195 3192 1258 dixi
3225 1195 3358 1272 tibi,
3390 1212 3572 1277 super
3591 1195 3692 1276 ju-

2043 1288 2198 1351 dicia
2221 1287 2468 1369 justitiae
2497 1295 2630 1350 tum.

2125 1377 2262 1438 165.
2296 1377 2413 1440 Pax
2445 1377 2627 1439 multa
2655 1375 3041 1457 diligentibus
3071 1373 3266 1455 legem
3301 1383 3693 1458 tuam,etnon

2046 1474 2134 1529 est
2166 1466 2285 1528 illis
2313 1465 2680 1530 scandalum.

2128 1557 2262 1618 166.
2302 1555 2731 1637 Exspectabam
2780 1556 3038 1619 salutare
3087 1564 3282 1632 tuum,
3318 1555 3596 1631 Domine,
3631 1561 3694 1618 et

2048 1647 2326 1709 mandata
2353 1653 2457 1707 tua
2478 1645 2685 1708 dilexi.

2128 1736 2274 1798 167.
2303 1734 2633 1798 Custodivit
2657 1734 2855 1797 anima
2907 1752 3040 1797 mea
3100 1732 3441 1796 testimonia
3471 1741 3593 1809 tua,
3630 1743 3693 1796 et

1985 1852 2024 1902 Β
2047 1824 2252 1888 dilexit
2282 1843 2352 1887 ea
2380 1824 2797 1887 vehementer.

2129 1914 2265 1976 168.
2301 1912 2545 1976 Servavi
2602 1913 2876 1977 mandata
2935 1920 3032 1976 tua
3063 1921 3122 1974 et
3175 1911 3516 1974 testimonia
3541 1919 3642 1975 tua
3674 1933 3689 1974 :

2045 2005 2183 2087 quia
2213 2022 2422 2066 omnes
2451 2003 2559 2066 vim
2591 2022 2737 2066 meae
2767 2004 2829 2066 in
2873 2009 3202 2084 conspectu
3250 2009 3376 2084 tuo,
3411 2001 3691 2068 Domine.

2128 2095 2263 2158 169.
2299 2093 2756 2175 Appropinquet
2811 2093 3159 2176 deprecatio
3215 2109 3349 2154 mea
3402 2091 3465 2153 in
3510 2109 3695 2154 cons-

2045 2193 2220 2266 pectu
2249 2191 2374 2265 tuo,
2409 2182 2684 2262 Domine,
2711 2184 2888 2265 juxta
2926 2183 3232 2265 eloquium
3263 2190 3432 2247 tuum
3465 2183 3544 2246 da
3571 2181 3689 2244 mi-

2044 2275 2106 2338 hi
2135 2273 2529 2337 intellectum.

1450 2437 1865 2504 ATHANASII
1908 2430 2544 2502 INTERPRETATIO.

407 2580 538 2644 1C0.
573 2580 751 2660 Ἀρχὴ
781 2585 887 2635 τῶν
923 2576 1350 2656 προσταγμάτων
1383 2597 1477 2632 σου
1505 2578 1566 2634 τὸ
1603 2576 1864 2634 πιστεύειν
1891 2580 1964 2644 είς

323 2671 406 2744 σὲ,
442 2673 525 2727 καὶ
555 2671 608 2727 ὲν
651 2671 727 2744 τῷ
770 2667 1019 2744 μέλλοντι
1065 2668 1214 2723 αἷῶνι
1273 2663 1525 2730 ἀπόδοσις
1580 2666 1802 2725 ἑκάστου
1831 2669 1966 2726 κατᾶ

326 2762 390 2816 τὰ
434 2759 560 2838 ἔργα
592 2761 771 2821 αὒτοῦ,

407 2848 509 2910 161
531 2898 544 2911 .
580 2852 637 2905 Ai
681 2849 908 2904 ἐναντίαι
937 2845 1182 2922 δυνὰμεις
1214 2845 1374 2913 ἦλθον
1398 2843 1650 2926 κατέχειν
1675 2867 1741 2921 με
1773 2849 1844 2914 εἷς
1867 2869 1967 2922 μα-

324 2939 579 3004 ταιότητα
638 2938 1036 3013 ματαιοτήτων,
1077 2939 1165 2991 καὶ
1209 2935 1550 3009 ἐπιμνησθεὶς
1599 2941 1697 3003 τῆς
1758 2937 1967 2994 αἰωνίου

325 3029 540 3107 κρίσεως
588 3026 821 3106 ἐφοϐήθη
866 3029 900 3094 ἡ
944 3024 1126 3105 καρδία
1159 3047 1260 3100 μου
1293 3028 1432 3080 εἴναι
1466 3025 1556 3082 σὺν
1590 3025 1802 3089 αὐτοῖς.

409 3117 546 3177 162.
581 3117 759 3179 Οὕτως
791 3117 965 3197 χαίρω
992 3118 1065 3180 εἷς
1091 3115 1156 3171 τὰ
1181 3115 1336 3192 λόγια
1362 3137 1476 3189 σου,
1525 3117 1597 3180 ὡς
1640 3119 1668 3173 ὀ
1712 3116 1966 3194 εὸρίσκων

327 3210 585 3284 θησαυρὸν
631 3207 952 3284 ἀμέτρητον.

2137 2575 2270 2640 160.
2302 2573 2545 2637 Initium
2595 2574 3010 2637 mandatorum
3070 2579 3309 2635 tuorum
3353 2569 3605 2635 credere
3638 2574 3699 2637 in

2051 2675 2131 2747 te,
2166 2670 2227 2728 et
2282 2665 2344 2726 in
2401 2671 2652 2726 venturo
2713 2664 2928 2726 saeculo
2989 2660 3446 2724 retributionem
3483 2661 3702 2745 cuique

2050 2754 2382 2819 secundum
2408 2771 2591 2833 opera
2621 2753 2776 2833 ejus.

2140 2846 2274 2910 161.
2304 2842 2633 2908 Contrarias
2663 2850 2985 2925 potestates
3013 2850 3324 2918 venerunt,
3363 2849 3431 2904 ut
3459 2839 3701 2906 detine-

2049 2943 2184 2998 rent
2205 2952 2300 2997 me
2333 2933 2391 2996 in
2424 2933 2683 2996 vanitate
2708 2932 3130 3014 vanitatum,et
3157 2931 3508 2995 recordatus
3530 2941 3700 2996 aeter-

2051 3027 2112 3088 ni
2137 3024 2352 3106 judicii
2385 3023 2690 3086 exstimuit
2712 3042 2819 3086 cor
2851 3041 3049 3085 meum
3085 3040 3217 3085 esse
3246 3041 3383 3085 cum
3415 3021 3585 3103 ipsis.

2131 3113 2268 3180 162.
2309 3113 2391 3176 Ita
2415 3115 2642 3194 gaudeo
2677 3114 2736 3176 in
2769 3114 3024 3195 eloquiis
3053 3113 3196 3189 tuis,
3263 3112 3414 3176 sicut
3444 3111 3546 3193 qui
3578 3111 3700 3175 im-

2055 3223 2326 3267 mensum
2363 3204 2709 3266 thesaurum
2757 3203 3007 3266 invenit.

407 3297 544 3359 163.
579 3304 758 3353 Πᾶσαν
789 3297 1047 3374 ἁμαρτίαν
1079 3295 1334 3370 ἐμίσησα,
1365 3295 1454 3352 καὶ
1484 3293 1869 3372 έδελύσσομαιο
1906 3298 2000 3370 τὸ(

2139 3291 2431 3357 163.0dio
2450 3293 2722 3374 habui,et
2739 3291 3054 3355 abominor
3070 3308 3250 3353 omne
3271 3291 3704 3372 peccatum;di-

327 3388 380 3442 δὲ
412 3386 511 3465 ἀγα
527 3394 617 3460 civ
649 3408 707 3443 σε
747 3389 831 3444 καὶ
861 3389 951 3442 τὸν
983 3385 1233 3452 πλησίον.
1269 3385 1413 3464 χαρά
1436 3386 1536 3459 μού
1566 3385 1730 3448 ἐστιν,

416 3478 548 3538 164.
581 3478 652 3534 Τὸ
703 3482 800 3551 μὲν
843 3479 1050 3551 πρῶτον
1089 3497 1100 3508 ο
1134 3478 1416 3538 ἀπαύστως
1448 3475 1614 3550 ῂνεσά
1644 3497 1754 3548 σοι,
1781 3474 1970 3531 ἐπιτε-

331 3567 409 3624 λῶ
438 3566 703 3644 διεγείρων
755 3566 956 3643 ἀγαθὰν
1001 3567 1099 3632 τὴν
1145 3563 1480 3629 δικαιοσύνην
1525 3585 1616 3620 σου
1651 3582 1663 3597 ⁸
1720 3566 1808 3620 καὶ
1854 3565 1973 3620 ἑτέ-

331 3679 434 3733 ρως
466 3655 519 3711 δὲ
563 3655 729 3710 πᾶλιν
772 3667 980 3710 νοεῖται
1019 3672 1032 3686 ⁸
1069 3654 1149 3710 ὅτι
1180 3651 1264 3708 διὰ
1292 3658 1396 3708 τῶν
1445 3653 1578 3710 ἑπτὰ
1627 3653 1976 3732 χαρισμάτων

339 3754 425 3803 τοῦ
447 3745 620 3824 φωτός
651 3767 746 3804 σου
798 3750 902 3800 τῶν
961 3744 1016 3800 ἐν
1058 3757 1177 3806 τοῖς
1223 3741 1595 3821 προστάγμασι
1629 3748 1723 3809 τῆς
1768 3741 1978 3799 δικαιο-

332 3837 489 3902 σύνης
521 3857 613 3890 σου
643 3835 811 3910 ᾔνεσα
839 3856 896 3890 σε
928 3833 1064 3912 ἔργῳ
1089 3834 1174 3889 καὶ
1208 3831 1372 3910 λόγῳ.

422 3923 554 3988 165.
591 3925 649 3982 Οἱ
682 3925 839 3980 πόθον
901 3922 1121 4002 ἔχοντες
1154 3921 1437 4000 πληρῶσαι
1484 3923 1574 3978 τὸν
1606 3921 1768 3993 νόμον
1800 3942 1892 3976 σο)
1918 3920 1978 3977 οὒ

334 4015 686 4074 πολεμοῦνται
731 4016 833 4070 ὑπὸ
897 4035 1058 4088 τινος,
1110 4009 1225 4070 οὒδέ
1283 4011 1424 4066 ἐστιν
1469 4011 1523 4066 ἐν
1572 4015 1755 4075 αὺτοῖς
1801 4014 1982 4067 Ismeu-

336 4105 429 4178 μία
461 4124 536 4167 τις
568 4103 777 4179 πονηρὰ
831 4101 1048 4180 ἔχοντες
1099 4101 1196 4179 γὰρ
1255 4099 1308 4155 ὲν
1359 4101 1573 4164 ἓαυτοῦς
1609 4099 1706 4167 τὴν
1737 4099 1978 4177 ἀμέτρη-

328 4215 418 4248 τον
449 4193 608 4272 χᾶριν
633 4215 752 4271 σου,
808 4192 866 4260 ἣν
902 4192 1211 4268 ἡγᾶπησας,
1265 4191 1542 4266 βοηθοῦσι,
1577 4190 1663 4245 καὶ
1695 4187 1980 4246 διδάσκου-

328 4305 410 4339 σιν
443 4284 624 4346 αὖτούς
636 4332 650 4345 ,

417 4372 552 4436 166.
587 4370 922 4430 Ἀπὲϐλεπον
977 4374 1052 4437 εἰς
1084 4373 1182 4437 τὴν
1229 4372 1438 4426 αἰώνιον
1475 4369 1643 4442 ζωὴν,
1679 4369 1862 4448 Κύριε,
1891 4371 1982 4425 καὶ

329 4464 411 4522 διὰ
433 4467 583 4522 τοῦτο
600 4465 733 4544 ἅπερ
762 4463 1087 4543 προσέταξας
1121 4485 1237 4538 μοι,
1270 4459 1443 4529 ἡδέως
1465 4461 1654 4540 εἶχον,

415 4555 553 4618 167,
584 4555 863 4629 Μέμνηται
882 4553 963 4609 ἀεὶ
991 4556 1098 4609 τῶν
1122 4551 1456 4626 παθημάτων
1489 4571 1580 4606 σου
1601 4548 1637 4615 ἦ
1669 4550 1822 4628 ψυχή
1857 4570 1979 4622 Ζ.ι.οι›,

330 4648 416 4702 καὶ
445 4645 723 4722 ἐγκείμενα
770 4647 914 4699 ἐστιν
966 4643 1048 4698 ἀει
1079 4640 1164 4698 διὰ
1200 4647 1300 4708 τῆς
1336 4641 1560 4714 μνήμης
1609 4641 1680 4703 εἱς
1725 4639 1825 4706 τὴν
1859 4637 1982 4695 διὰ·

333 4757 477 4791 νοιαν
507 4737 670 4800 αὒτῆς
706 4734 846 4788 πάνυ
859 4781 872 4794 ,

423 4814 557 4876 168.
592 4812 856 4893 Ἐφύλαξα
925 4813 979 4868 ἐν
1031 4813 1245 4886 ἐμαυτῷ
1307 4809 1435 4888 ὅπερ
1496 4806 1818 4886 προσέταξας
1871 4829 1984 4882 μοι⁹

337 4909 425 4963 καὶ
469 4905 841 4985 διεμαρτύρων
875 4929 967 4980 μοι
999 4907 1193 4968 πάντες
1247 4901 1470 4982 σφόδρα,
1517 4901 1697 4979 ὥσπερ
1729 4898 1988 4956 ἐπιτελῶν

339 4995 501 5075 [ὅπερ
552 4995 853 5074 ἐπετέλουν,
904 4995 1043 5075 ἔργῳ
1086 4997 1174 5052 καὶ
1214 4993 1385 5071 λόγῳ.

429 5085 560 5149 169.
618 5086 798 5146 Οὕτως
828 5087 1078 5165 ἰσχυρὰν,
1117 5085 1201 5141 καὶ
1232 5081 1458 5148 δυνατὴν
1480 5080 1704 5146 ποίησον
1735 5079 1832 5146 τὴν
1863 5077 1993 5146 δέη-

343 5179 421 5232 σίν
465 5198 590 5250 μου,
639 5175 777 5230 ὥστε
823 5173 1108 5241 δυνηθῆναι
1172 5173 1336 5239 αὒτὴν
1397 5168 1714 5226 ἀνελθοῦσαν
1771 5167 1994 5234 πλησίον

343 5288 436 5322 σου
501 5265 802 5342 εὖρεθῆναι.
859 5262 942 5321 ’Ἢ
989 5262 1150 5320 πάλιν
1185 5283 1196 5295 ·
1248 5260 1412 5322 Αὐτὸς
1457 5260 1645 5314 ἑαυτὸν
1687 5256 1868 5322 κλίνας
1911 5257 1996 5313 διὰ

2055 3383 2242 3463 ligere
2261 3390 2457 3444 antem
2479 3390 2534 3443 te
2559 3390 2616 3443 et
2639 3381 3001 3462 proximum,
3037 3381 3318 3460 gaudium
3351 3399 3552 3443 meum
3583 3389 3701 3447 est.

2139 3474 2286 3534 164.
2314 3471 2582 3534 Primum
2634 3471 2877 3552 quidem
2913 3493 2926 3530 :
2958 3471 3333 3533 incessanter
3354 3471 3583 3534 laudavi
3616 3481 3700 3550 te,

2059 3580 2274 3643 perago
2305 3561 2570 3623 excitans
2593 3560 2884 3640 justitiam
2921 3567 3082 3622 tuam
3115 3558 3353 3623 bonam:
3388 3560 3562 3622 aliter
3589 3579 3704 3625 su-

2060 3661 2181 3716 tem
2206 3651 2388 3713 etiam
2420 3649 2778 3730 intelligitur
2811 3667 2824 3713 :
2851 3649 3011 3732 quod
3039 3667 3144 3730 per
3164 3657 3392 3731 septem
3413 3649 3566 3712 lucis
3590 3659 3706 3715 tua

2060 3744 2238 3818 dona,
2271 3759 2402 3822 quas
2427 3747 2487 3802 in
2520 3741 2838 3822 praeceptis
2855 3739 3107 3820 justitiaa
3129 3747 3244 3802 tua;
3268 3749 3710 3823 sunt,opere,et

2061 3831 2241 3894 verbo
2275 3829 2506 3892 laudavi
2540 3840 2618 3893 te.

2146 3923 2284 3984 165.
2318 3919 2428 3993 Qui
2459 3919 2805 3982 desiderant
2835 3919 3090 4000 implere
3119 3918 3316 3998 legem
3349 3927 3577 3996 tuam,a
3608 3939 3713 3984 ne-

2065 4010 2226 4073 mine
2257 4011 2700 4090 impugnantur,
2757 4026 2950 4090 neque
2979 4017 3070 4070 est
3100 4008 3162 4071 in
3194 4009 3340 4090 ipsis
3364 4009 3562 4092 aliqua
3594 4011 3709 4073 im-

2066 4100 2250 4182 proba
2280 4098 2616 4181 cupiditas:
2653 4100 2943 4162 habentes
2986 4100 3148 4161 enim
3213 4100 3274 4160 in
3335 4100 3553 4182 seipsis
3586 4101 3706 4163 im-

2066 4209 2332 4254 mensam
2369 4199 2524 4252 tuam
2556 4189 2834 4270 gratiam,
2869 4207 3045 4272 quam
3093 4188 3374 4267 dilexisti,
3408 4192 3710 4274 adjuvant,

2066 4290 2124 4343 et
2148 4281 2365 4343 docent
2395 4298 2523 4342 eos.

2149 4371 2286 4436 166.
2323 4369 2586 4452 Respexi
2618 4370 2680 4432 in
2700 4379 2984 4433 mternam
3015 4369 3720 4453 vitam,Domine,etpro-

2070 4471 2272 4542 pterea
2300 4478 2430 4542 quae
2457 4459 2793 4542 praecepisti
2829 4458 2999 4534 mihi,
3033 4459 3239 4522 suavia
3271 4459 3418 4522 mihi
3449 4459 3716 4525 fuerunt.

2155 4551 2288 4613 167.
2324 4549 2652 4612 Recordata
2681 4558 2771 4610 est
2799 4565 3040 4630 semper
3093 4547 3434 4628 passionum
3483 4558 3719 4614 tuarum

2006 4642 2268 4744 Danima
2309 4658 2458 4709 mea.
2497 4650 2554 4700 et
2583 4637 2998 4701 recordatione
3027 4655 3267 4718 semper
3323 4637 3528 4703 inﬁxa;
3574 4654 3716 4710 sunt

2071 4732 2128 4792 in
2163 4739 2361 4792 mente
2392 4731 2522 4809 ejus
2552 4729 2741 4792 valde.

2157 4819 2294 4883 168.
2327 4818 2624 4883 Custodivi
2657 4821 2716 4880 in
2745 4836 2839 4881 me
2872 4817 3004 4900 ipso
3036 4818 3191 4899 quod
3232 4819 3570 4900 pracepisti
3599 4820 3721 4885 mi-

2073 4909 2160 4987 hi,
2199 4919 2256 4972 et
2289 4909 2660 4972 testabantur
2688 4910 2830 4972 mihi
2883 4925 3092 4970 omnes
3120 4907 3530 4990 vehementer,
3563 4909 3724 4992 quod

2077 5018 2258 5081 opere
2291 5009 2349 5062 et
2377 5018 2656 5062 sermone
2688 4997 3101 5080 perﬁciebam.

2168 5090 2296 5153 I69.
2322 5092 2403 5152 [ta
2419 5089 2672 5151 validam
2687 5108 2756 5152 ac
2777 5096 3083 5169 potentem
3104 5086 3295 5151 redde
3313 5090 3726 5169 precationem

2080 5189 2367 5251 meam,ut
2398 5179 2666 5259 proxime
2694 5179 2769 5239 ad
2796 5187 2851 5240 te
2878 5177 3068 5242 valeat
3093 5177 3225 5258 ipsa
3253 5179 3734 5260 pervenire.Aut

2079 5268 2196 5328 alio
2221 5268 2401 5330 modo
2434 5287 2449 5330 :
2485 5267 2852 5330 humanitate
2892 5277 2950 5330 te
2977 5265 3174 5349 ipsum
3222 5267 3517 5330 inclinans
3547 5284 3734 5348 prope

343 5355 439 5421 τῆς
472 5354 868 5434 φιλανθρωπίας
932 5351 1161 5419 πλησίον
1209 5351 1372 5415 αὖτῆς
1418 5347 1572 5425 γένου
1631 5346 1858 5426 [γενοῦ],
1905 5346 1998 5402 ’ίνα

2101 5375 2208 5419 iam
2273 5363 2378 5433 sis,
2441 5369 2506 5421 ut
2564 5359 2676 5420 hoc
2731 5357 2912 5420 modo
2962 5346 3108 5421 mihi
3159 5346 3739 5438 appropinquespet

345 5444 462 5500 οὔτε
511 5441 722 5524 Ιοῧτως]
785 5441 975 5519 ἐγγίσῃ
1036 5463 1162 5518 μου,
1207 5441 1296 5496 καὶ
1327 5438 1501 5501 καθὼς
1533 5437 1721 5508 εἶπας,
1760 5437 1994 5510 Αἰτεῖτε,

347 5535 432 5588 καὶ
463 5533 744 5600 δοθήσεται
780 5534 838 5604 3‘1
855 5545 930 5609 Iv,
969 5530 1054 5593 δός
1089 5552 1180 5603 μοι
1215 5527 1503 5601 αἰτουμένῳ
1554 5526 1650 5592 τὴν
1690 5527 1849 5604 χάριν
1881 5547 1997 5600 σου,

346 5625 432 5677 καὶ
465 5623 518 5676 ἐν
550 5621 683 5696 αὒτῇ
713 5620 986 5676 συνέτισον
1013 5641 1103 5695 με,

439 5740 493 5784 θθ
515 5741 717 5806 Matth.
752 5757 856 5819 vn,
887 5743 950 5807 7.

2084 5446 2586 5526 quemadmodum
2620 5446 2859 5510 dixisti:
2900 5446 3448 5529 Potite,ctdabitur
3467 5445 3630 5509 vobis
3644 5443 3734 5527 ω,

2085 5537 2161 5596 da
2196 5537 2341 5598 mihi
2366 5535 2590 5617 petenti
2618 5537 2866 5617 gratiam
2900 5543 3087 5618 tuam,
3135 5544 3195 5601 et
3225 5539 3285 5598 in
3317 5535 3449 5617 ipsa
3479 5533 3556 5598 da
3587 5534 3737 5599 mihi

2088 5625 2488 5690 intellectum.
