  <div class='ocr_page' id='page_1' title='image "/cluster/home/n/w/nwhite01/storage/ocr_20150623/27/hvd.32044054272802/619.png"; bbox 0 0 4118 6208; ppageno 0'>
   <div class='ocr_carea' id='block_1_1' title="bbox 459 272 611 337">
    <p class='ocr_par' dir='ltr' id='par_1_1' title="bbox 459 272 611 337">
     <span class='ocr_line' id='line_1_1' title="bbox 459 272 611 337; baseline -0.013 -2"><span class='ocrx_word' id='word_1_1' title='bbox 459 272 611 337; x_wconf 75' lang='grc'>1207</span> 
     </span>
    </p>
   </div>
   <div class='ocr_carea' id='block_1_2' title="bbox 1244 281 3039 348">
    <p class='ocr_par' dir='ltr' id='par_1_2' title="bbox 1244 281 3039 348">
     <span class='ocr_line' id='line_1_2' title="bbox 1244 281 3039 348; baseline 0.003 -7"><span class='ocrx_word' id='word_1_2' title='bbox 1244 281 1304 342; x_wconf 94' lang='lat' dir='ltr'><strong>S.</strong></span> <span class='ocrx_word' id='word_1_3' title='bbox 1357 281 1776 347; x_wconf 80' lang='lat' dir='ltr'><strong>ATHANASII</strong></span> <span class='ocrx_word' id='word_1_4' title='bbox 1820 283 1984 345; x_wconf 90' lang='lat' dir='ltr'><strong>OPP.</strong></span> <span class='ocrx_word' id='word_1_5' title='bbox 2033 282 2246 343; x_wconf 82' lang='lat' dir='ltr'><strong>PARS.</strong></span> <span class='ocrx_word' id='word_1_6' title='bbox 2304 282 2408 344; x_wconf 87' lang='grc' dir='ltr'><strong>[ΙΙ.</strong></span> <span class='ocrx_word' id='word_1_7' title='bbox 2460 317 2529 327; x_wconf 90' lang='grc'><strong>-</strong></span> <span class='ocrx_word' id='word_1_8' title='bbox 2581 285 3039 348; x_wconf 79' lang='lat' dir='ltr'><strong>EXEGETICA.</strong></span> 
     </span>
    </p>
   </div>
   <div class='ocr_carea' id='block_1_3' title="bbox 3679 284 3849 347">
    <p class='ocr_par' dir='ltr' id='par_1_3' title="bbox 3679 284 3849 347">
     <span class='ocr_line' id='line_1_3' title="bbox 3679 284 3849 347; baseline 0.018 -3"><span class='ocrx_word' id='word_1_9' title='bbox 3679 284 3849 347; x_wconf 69' lang='lat'><strong>1‘208</strong></span> 
     </span>
    </p>
   </div>
   <div class='ocr_carea' id='block_1_4' title="bbox 543 411 2094 499">
    <p class='ocr_par' dir='ltr' id='par_1_4' title="bbox 543 411 2089 499">
     <span class='ocr_line' id='line_1_4' title="bbox 543 411 2089 499; baseline 0.005 -30"><span class='ocrx_word' id='word_1_10' title='bbox 543 411 673 473; x_wconf 81' lang='lat'><strong>1‘70.</strong></span> <span class='ocrx_word' id='word_1_11' title='bbox 708 412 892 474; x_wconf 86' lang='lat' dir='ltr'><strong>Intret</strong></span> <span class='ocrx_word' id='word_1_12' title='bbox 944 413 1259 492; x_wconf 77' lang='lat' dir='ltr'><strong>postulatio</strong></span> <span class='ocrx_word' id='word_1_13' title='bbox 1294 433 1422 479; x_wconf 88' lang='lat' dir='ltr'><strong>mea</strong></span> <span class='ocrx_word' id='word_1_14' title='bbox 1480 417 1541 479; x_wconf 90' lang='lat' dir='ltr'><strong>in</strong></span> <span class='ocrx_word' id='word_1_15' title='bbox 1589 428 1914 499; x_wconf 87' lang='lat' dir='ltr'><strong>conspectu</strong></span> <span class='ocrx_word' id='word_1_16' title='bbox 1960 426 2089 498; x_wconf 84' lang='lat' dir='ltr'><strong>tuo,</strong></span> 
     </span>
    </p>
   </div>
   <div class='ocr_carea' id='block_1_5' title="bbox 2232 411 3847 499">
    <p class='ocr_par' dir='ltr' id='par_1_5' title="bbox 2260 416 3847 499">
     <span class='ocr_line' id='line_1_5' title="bbox 2260 416 3847 499; baseline 0 -22"><span class='ocrx_word' id='word_1_17' title='bbox 2260 416 2399 480; x_wconf 86' lang='grc'>170.</span> <span class='ocrx_word' id='word_1_18' title='bbox 2450 417 2684 477; x_wconf 68' lang='grc' dir='ltr'>Εἷσὲλθοι</span> <span class='ocrx_word' id='word_1_19' title='bbox 2731 421 2790 477; x_wconf 78' lang='grc' dir='ltr'>τὸ</span> <span class='ocrx_word' id='word_1_20' title='bbox 2850 419 3056 493; x_wconf 76' lang='grc' dir='ltr'>ἀξίωμά</span> <span class='ocrx_word' id='word_1_21' title='bbox 3086 440 3191 496; x_wconf 84' lang='grc' dir='ltr'><strong>μου</strong></span> <span class='ocrx_word' id='word_1_22' title='bbox 3230 418 3459 476; x_wconf 76' lang='grc' dir='ltr'>ἐνώπιόν</span> <span class='ocrx_word' id='word_1_23' title='bbox 3488 442 3605 497; x_wconf 77' lang='grc' dir='ltr'>σου,</span> <span class='ocrx_word' id='word_1_24' title='bbox 3642 422 3847 499; x_wconf 70' lang='grc' dir='ltr'><strong>Κύριε,</strong></span> 
     </span>
    </p>
   </div>
   <div class='ocr_carea' id='block_1_6' title="bbox 453 498 1981 589">
    <p class='ocr_par' dir='ltr' id='par_1_6' title="bbox 453 498 1981 589">
     <span class='ocr_line' id='line_1_6' title="bbox 453 498 1981 589; baseline 0.008 -29"><span class='ocrx_word' id='word_1_25' title='bbox 453 498 727 575; x_wconf 83' lang='lat' dir='ltr'><strong>Domine,</strong></span> <span class='ocrx_word' id='word_1_26' title='bbox 762 502 1090 565; x_wconf 89' lang='lat' dir='ltr'><strong>secundum</strong></span> <span class='ocrx_word' id='word_1_27' title='bbox 1125 503 1429 585; x_wconf 82' lang='lat' dir='ltr'><strong>eloquium</strong></span> <span class='ocrx_word' id='word_1_28' title='bbox 1464 515 1631 569; x_wconf 90' lang='lat' dir='ltr'><strong>tuum</strong></span> <span class='ocrx_word' id='word_1_29' title='bbox 1665 498 1830 589; x_wconf 85' lang='lat' dir='ltr'><strong>eripe</strong></span> <span class='ocrx_word' id='word_1_30' title='bbox 1864 528 1981 572; x_wconf 90' lang='lat' dir='ltr'><strong>me.</strong></span> 
     </span>
    </p>
   </div>
   <div class='ocr_carea' id='block_1_7' title="bbox 537 590 2090 678">
    <p class='ocr_par' dir='ltr' id='par_1_7' title="bbox 537 590 2090 678">
     <span class='ocr_line' id='line_1_7' title="bbox 537 590 2090 678; baseline 0.004 -25"><span class='ocrx_word' id='word_1_31' title='bbox 537 592 673 665; x_wconf 87' lang='grc'>171.</span> <span class='ocrx_word' id='word_1_32' title='bbox 706 590 1072 655; x_wconf 89' lang='lat' dir='ltr'><strong>Eructabunt</strong></span> <span class='ocrx_word' id='word_1_33' title='bbox 1103 592 1257 657; x_wconf 83' lang='lat' dir='ltr'><strong>labia</strong></span> <span class='ocrx_word' id='word_1_34' title='bbox 1302 614 1433 658; x_wconf 88' lang='lat' dir='ltr'><strong>mea</strong></span> <span class='ocrx_word' id='word_1_35' title='bbox 1464 597 1776 678; x_wconf 81' lang='lat' dir='ltr'><strong>hymnum,</strong></span> <span class='ocrx_word' id='word_1_36' title='bbox 1813 616 1945 659; x_wconf 88' lang='lat' dir='ltr'><strong>cum</strong></span> <span class='ocrx_word' id='word_1_37' title='bbox 1980 598 2090 658; x_wconf 88' lang='lat' dir='ltr'><strong>do-</strong></span> 
     </span>
    </p>
   </div>
   <div class='ocr_carea' id='block_1_8' title="bbox 451 682 1433 762">
    <p class='ocr_par' dir='ltr' id='par_1_8' title="bbox 451 682 1433 762">
     <span class='ocr_line' id='line_1_8' title="bbox 451 682 1433 762; baseline 0.004 -19"><span class='ocrx_word' id='word_1_38' title='bbox 451 682 645 743; x_wconf 89' lang='lat' dir='ltr'><strong>cueris</strong></span> <span class='ocrx_word' id='word_1_39' title='bbox 678 701 770 742; x_wconf 92' lang='lat' dir='ltr'><strong>me</strong></span> <span class='ocrx_word' id='word_1_40' title='bbox 794 683 1255 762; x_wconf 83' lang='lat' dir='ltr'><strong>justiﬁcationes</strong></span> <span class='ocrx_word' id='word_1_41' title='bbox 1283 693 1433 747; x_wconf 90' lang='lat' dir='ltr'><strong>tuas.</strong></span> 
     </span>
    </p>
   </div>
   <div class='ocr_carea' id='block_1_9' title="bbox 534 770 2087 857">
    <p class='ocr_par' dir='ltr' id='par_1_9' title="bbox 534 770 2087 857">
     <span class='ocr_line' id='line_1_9' title="bbox 534 770 2087 857; baseline 0.003 -26"><span class='ocrx_word' id='word_1_42' title='bbox 534 771 669 833; x_wconf 65' lang='grc'>172.</span> <span class='ocrx_word' id='word_1_43' title='bbox 705 770 1121 834; x_wconf 88' lang='lat' dir='ltr'><strong>Pronuntiabit</strong></span> <span class='ocrx_word' id='word_1_44' title='bbox 1169 773 1369 851; x_wconf 84' lang='lat' dir='ltr'><strong>lingua</strong></span> <span class='ocrx_word' id='word_1_45' title='bbox 1398 794 1530 837; x_wconf 90' lang='lat' dir='ltr'><strong>mea</strong></span> <span class='ocrx_word' id='word_1_46' title='bbox 1561 775 1863 857; x_wconf 84' lang='lat' dir='ltr'><strong>eloquium</strong></span> <span class='ocrx_word' id='word_1_47' title='bbox 1900 784 2087 850; x_wconf 89' lang='lat' dir='ltr'><strong>tuum,</strong></span> 
     </span>
    </p>
   </div>
   <div class='ocr_carea' id='block_1_10' title="bbox 449 860 1564 944">
    <p class='ocr_par' dir='ltr' id='par_1_10' title="bbox 449 860 1564 944">
     <span class='ocr_line' id='line_1_10' title="bbox 449 860 1564 944; baseline 0.006 -24"><span class='ocrx_word' id='word_1_48' title='bbox 449 861 591 940; x_wconf 84' lang='lat' dir='ltr'><strong>quia</strong></span> <span class='ocrx_word' id='word_1_49' title='bbox 617 860 819 921; x_wconf 85' lang='lat' dir='ltr'><strong>omnia</strong></span> <span class='ocrx_word' id='word_1_50' title='bbox 852 862 1129 924; x_wconf 90' lang='lat' dir='ltr'><strong>mandata</strong></span> <span class='ocrx_word' id='word_1_51' title='bbox 1160 872 1262 923; x_wconf 86' lang='lat' dir='ltr'><strong>tua</strong></span> <span class='ocrx_word' id='word_1_52' title='bbox 1290 864 1564 944; x_wconf 67' lang='lat' dir='ltr'><strong>aequitas.</strong></span> 
     </span>
    </p>
   </div>
   <div class='ocr_carea' id='block_1_11' title="bbox 536 949 2091 1035">
    <p class='ocr_par' dir='ltr' id='par_1_11' title="bbox 536 949 2091 1035">
     <span class='ocr_line' id='line_1_11' title="bbox 536 949 2091 1035; baseline 0.004 -24"><span class='ocrx_word' id='word_1_53' title='bbox 536 952 665 1012; x_wconf 88' lang='grc'><strong>173.</strong></span> <span class='ocrx_word' id='word_1_54' title='bbox 700 949 831 1012; x_wconf 88' lang='lat' dir='ltr'><strong>Fiat</strong></span> <span class='ocrx_word' id='word_1_55' title='bbox 877 969 1088 1012; x_wconf 89' lang='lat' dir='ltr'><strong>manus</strong></span> <span class='ocrx_word' id='word_1_56' title='bbox 1149 959 1248 1013; x_wconf 89' lang='lat' dir='ltr'><strong>tua</strong></span> <span class='ocrx_word' id='word_1_57' title='bbox 1304 960 1368 1015; x_wconf 89' lang='lat' dir='ltr'><strong>ut</strong></span> <span class='ocrx_word' id='word_1_58' title='bbox 1424 954 1608 1018; x_wconf 88' lang='lat' dir='ltr'><strong>salvet</strong></span> <span class='ocrx_word' id='word_1_59' title='bbox 1641 975 1762 1029; x_wconf 88' lang='lat' dir='ltr'><strong>me,</strong></span> <span class='ocrx_word' id='word_1_60' title='bbox 1811 959 2091 1035; x_wconf 88' lang='lat' dir='ltr'><strong>quoniam</strong></span> 
     </span>
    </p>
   </div>
   <div class='ocr_carea' id='block_1_12' title="bbox 451 1038 1073 1120">
    <p class='ocr_par' dir='ltr' id='par_1_12' title="bbox 451 1038 1073 1120">
     <span class='ocr_line' id='line_1_12' title="bbox 451 1038 1073 1120; baseline 0.002 -20"><span class='ocrx_word' id='word_1_61' title='bbox 451 1038 726 1101; x_wconf 85' lang='lat' dir='ltr'><strong>mandata</strong></span> <span class='ocrx_word' id='word_1_62' title='bbox 770 1047 867 1100; x_wconf 81' lang='lat' dir='ltr'><strong>tua</strong></span> <span class='ocrx_word' id='word_1_63' title='bbox 898 1040 1073 1120; x_wconf 83' lang='lat' dir='ltr'><strong>elegi.</strong></span> 
     </span>
    </p>
   </div>
   <div class='ocr_carea' id='block_1_13' title="bbox 538 1129 2096 1211">
    <p class='ocr_par' dir='ltr' id='par_1_13' title="bbox 538 1129 2096 1211">
     <span class='ocr_line' id='line_1_13' title="bbox 538 1129 2096 1211; baseline 0.005 -23"><span class='ocrx_word' id='word_1_64' title='bbox 538 1129 669 1191; x_wconf 82' lang='grc'>174.</span> <span class='ocrx_word' id='word_1_65' title='bbox 706 1129 1025 1211; x_wconf 87' lang='lat' dir='ltr'><strong>Concupivi</strong></span> <span class='ocrx_word' id='word_1_66' title='bbox 1055 1130 1323 1195; x_wconf 86' lang='lat' dir='ltr'><strong>salutare</strong></span> <span class='ocrx_word' id='word_1_67' title='bbox 1378 1143 1540 1196; x_wconf 90' lang='lat' dir='ltr'><strong>tuum</strong></span> <span class='ocrx_word' id='word_1_68' title='bbox 1593 1137 1863 1210; x_wconf 90' lang='lat' dir='ltr'><strong>Domine,</strong></span> <span class='ocrx_word' id='word_1_69' title='bbox 1912 1145 1969 1196; x_wconf 88' lang='lat' dir='ltr'><strong>et</strong></span> <span class='ocrx_word' id='word_1_70' title='bbox 2004 1135 2096 1196; x_wconf 85' lang='lat' dir='ltr'><strong>lex</strong></span> 
     </span>
    </p>
   </div>
   <div class='ocr_carea' id='block_1_14' title="bbox 454 1216 1196 1283">
    <p class='ocr_par' dir='ltr' id='par_1_14' title="bbox 454 1216 1196 1283">
     <span class='ocr_line' id='line_1_14' title="bbox 454 1216 1196 1283; baseline 0.007 -5"><span class='ocrx_word' id='word_1_71' title='bbox 454 1226 551 1279; x_wconf 89' lang='lat' dir='ltr'><strong>tua</strong></span> <span class='ocrx_word' id='word_1_72' title='bbox 582 1216 889 1282; x_wconf 88' lang='lat' dir='ltr'><strong>meditatio</strong></span> <span class='ocrx_word' id='word_1_73' title='bbox 923 1239 1054 1282; x_wconf 89' lang='lat' dir='ltr'><strong>mea</strong></span> <span class='ocrx_word' id='word_1_74' title='bbox 1085 1229 1196 1283; x_wconf 89' lang='lat' dir='ltr'><strong>est.</strong></span> 
     </span>
    </p>
   </div>
   <div class='ocr_carea' id='block_1_15' title="bbox 534 1306 2093 1394">
    <p class='ocr_par' dir='ltr' id='par_1_15' title="bbox 534 1306 2093 1394">
     <span class='ocr_line' id='line_1_15' title="bbox 534 1306 2093 1394; baseline 0.004 -26"><span class='ocrx_word' id='word_1_75' title='bbox 534 1307 650 1368; x_wconf 92' lang='grc'><strong>175</strong></span> <span class='ocrx_word' id='word_1_76' title='bbox 707 1306 873 1370; x_wconf 85' lang='lat' dir='ltr'><strong>Vivet</strong></span> <span class='ocrx_word' id='word_1_77' title='bbox 902 1308 1097 1371; x_wconf 87' lang='lat' dir='ltr'><strong>anima</strong></span> <span class='ocrx_word' id='word_1_78' title='bbox 1144 1330 1297 1387; x_wconf 90' lang='lat' dir='ltr'><strong>mea,</strong></span> <span class='ocrx_word' id='word_1_79' title='bbox 1334 1322 1396 1376; x_wconf 88' lang='lat' dir='ltr'><strong>et</strong></span> <span class='ocrx_word' id='word_1_80' title='bbox 1427 1311 1690 1375; x_wconf 82' lang='lat' dir='ltr'><strong>laudabit</strong></span> <span class='ocrx_word' id='word_1_81' title='bbox 1730 1323 1807 1393; x_wconf 84' lang='lat' dir='ltr'><strong>te,</strong></span> <span class='ocrx_word' id='word_1_82' title='bbox 1843 1313 2054 1394; x_wconf 73' lang='lat' dir='ltr'><strong>etjurli</strong></span> <span class='ocrx_word' id='word_1_83' title='bbox 2078 1348 2093 1359; x_wconf 75' lang='grc' dir='ltr'><strong><em>ο</em></strong></span> 
     </span>
    </p>
   </div>
   <div class='ocr_carea' id='block_1_16' title="bbox 451 1397 1187 1479">
    <p class='ocr_par' dir='ltr' id='par_1_16' title="bbox 451 1397 1187 1479">
     <span class='ocr_line' id='line_1_16' title="bbox 451 1397 1187 1479; baseline 0 -21"><span class='ocrx_word' id='word_1_84' title='bbox 451 1398 542 1459; x_wconf 89' lang='lat' dir='ltr'><strong>cia</strong></span> <span class='ocrx_word' id='word_1_85' title='bbox 573 1404 669 1458; x_wconf 91' lang='lat' dir='ltr'><strong>tua</strong></span> <span class='ocrx_word' id='word_1_86' title='bbox 683 1397 1048 1479; x_wconf 74' lang='lat' dir='ltr'><strong>atljuvabunt</strong></span> <span class='ocrx_word' id='word_1_87' title='bbox 1074 1419 1187 1461; x_wconf 90' lang='lat' dir='ltr'><strong>me.</strong></span> 
     </span>
    </p>
   </div>
   <div class='ocr_carea' id='block_1_17' title="bbox 540 1484 2093 1573">
    <p class='ocr_par' dir='ltr' id='par_1_17' title="bbox 540 1484 2093 1573">
     <span class='ocr_line' id='line_1_17' title="bbox 540 1484 2093 1573; baseline 0.003 -24"><span class='ocrx_word' id='word_1_88' title='bbox 540 1487 671 1551; x_wconf 86' lang='lat'><strong>176.</strong></span> <span class='ocrx_word' id='word_1_89' title='bbox 709 1484 907 1550; x_wconf 83' lang='lat' dir='ltr'><strong>Erravi</strong></span> <span class='ocrx_word' id='word_1_90' title='bbox 938 1488 1091 1551; x_wconf 87' lang='lat' dir='ltr'><strong>sicut</strong></span> <span class='ocrx_word' id='word_1_91' title='bbox 1123 1492 1247 1551; x_wconf 88' lang='lat' dir='ltr'><strong>ovis</strong></span> <span class='ocrx_word' id='word_1_92' title='bbox 1296 1509 1427 1571; x_wconf 67' lang='lat' dir='ltr'><strong>qua;</strong></span> <span class='ocrx_word' id='word_1_93' title='bbox 1487 1492 1687 1572; x_wconf 90' lang='lat' dir='ltr'><strong>periit,</strong></span> <span class='ocrx_word' id='word_1_94' title='bbox 1724 1511 1929 1573; x_wconf 80' lang='lat' dir='ltr'><strong>quaere</strong></span> <span class='ocrx_word' id='word_1_95' title='bbox 1961 1511 2093 1554; x_wconf 90' lang='lat' dir='ltr'><strong>ser—</strong></span> 
     </span>
    </p>
   </div>
   <div class='ocr_carea' id='block_1_18' title="bbox 451 1578 2023 1661">
    <p class='ocr_par' dir='ltr' id='par_1_18' title="bbox 451 1578 2023 1661">
     <span class='ocr_line' id='line_1_18' title="bbox 451 1578 2023 1661; baseline 0.006 -26"><span class='ocrx_word' id='word_1_96' title='bbox 451 1596 585 1639; x_wconf 81' lang='lat' dir='ltr'><strong>vum</strong></span> <span class='ocrx_word' id='word_1_97' title='bbox 621 1587 808 1661; x_wconf 83' lang='lat' dir='ltr'><strong>tuum,</strong></span> <span class='ocrx_word' id='word_1_98' title='bbox 847 1578 988 1656; x_wconf 83' lang='lat' dir='ltr'><strong>quia</strong></span> <span class='ocrx_word' id='word_1_99' title='bbox 1020 1580 1303 1642; x_wconf 85' lang='lat' dir='ltr'><strong>mandata</strong></span> <span class='ocrx_word' id='word_1_100' title='bbox 1333 1590 1427 1643; x_wconf 87' lang='lat' dir='ltr'><strong>tua</strong></span> <span class='ocrx_word' id='word_1_101' title='bbox 1456 1601 1575 1644; x_wconf 90' lang='lat' dir='ltr'><strong>non</strong></span> <span class='ocrx_word' id='word_1_102' title='bbox 1604 1601 1736 1644; x_wconf 87' lang='lat' dir='ltr'><strong>sum</strong></span> <span class='ocrx_word' id='word_1_103' title='bbox 1776 1581 2023 1645; x_wconf 84' lang='lat' dir='ltr'><strong>oblitus.</strong></span> 
     </span>
    </p>
   </div>
   <div class='ocr_carea' id='block_1_19' title="bbox 2182 506 3072 588">
    <p class='ocr_par' dir='ltr' id='par_1_19' title="bbox 2182 506 3072 588">
     <span class='ocr_line' id='line_1_19' title="bbox 2182 506 3072 588; baseline 0.007 -25"><span class='ocrx_word' id='word_1_104' title='bbox 2182 508 2319 564; x_wconf 80' lang='grc' dir='ltr'>κατὰ</span> <span class='ocrx_word' id='word_1_105' title='bbox 2350 509 2411 564; x_wconf 83' lang='grc' dir='ltr'>τὸ</span> <span class='ocrx_word' id='word_1_106' title='bbox 2442 506 2631 587; x_wconf 85' lang='grc' dir='ltr'>λόγιον</span> <span class='ocrx_word' id='word_1_107' title='bbox 2674 532 2767 566; x_wconf 77' lang='grc' dir='ltr'><strong>σου</strong></span> <span class='ocrx_word' id='word_1_108' title='bbox 2792 507 2938 588; x_wconf 76' lang='grc' dir='ltr'>ῥῦσαί</span> <span class='ocrx_word' id='word_1_109' title='bbox 2981 531 3072 584; x_wconf 86' lang='grc' dir='ltr'><strong>με.</strong></span> 
     </span>
    </p>
   </div>
   <div class='ocr_carea' id='block_1_20' title="bbox 2268 590 3850 680">
    <p class='ocr_par' dir='ltr' id='par_1_20' title="bbox 2268 590 3850 680">
     <span class='ocr_line' id='line_1_20' title="bbox 2268 590 3850 680; baseline 0 -23"><span class='ocrx_word' id='word_1_110' title='bbox 2268 598 2402 659; x_wconf 86' lang='grc'>171.</span> <span class='ocrx_word' id='word_1_111' title='bbox 2432 596 2827 678; x_wconf 73' lang='grc' dir='ltr'>Ἐξσρεύξαιντο</span> <span class='ocrx_word' id='word_1_112' title='bbox 2871 599 2935 656; x_wconf 75' lang='grc' dir='ltr'>τὰ</span> <span class='ocrx_word' id='word_1_113' title='bbox 2991 590 3153 680; x_wconf 72' lang='grc' dir='ltr'>χείλη</span> <span class='ocrx_word' id='word_1_114' title='bbox 3185 621 3285 674; x_wconf 87' lang='grc' dir='ltr'><strong>μου</strong></span> <span class='ocrx_word' id='word_1_115' title='bbox 3314 597 3500 674; x_wconf 70' lang='grc' dir='ltr'>ὕμνον,</span> <span class='ocrx_word' id='word_1_116' title='bbox 3536 601 3666 656; x_wconf 80' lang='grc' dir='ltr'>ὅταν</span> <span class='ocrx_word' id='word_1_117' title='bbox 3690 599 3850 657; x_wconf 78' lang='grc' dir='ltr'>διδά-</span> 
     </span>
    </p>
   </div>
   <div class='ocr_carea' id='block_1_21' title="bbox 2178 685 3005 765">
    <p class='ocr_par' dir='ltr' id='par_1_21' title="bbox 2178 685 3005 765">
     <span class='ocr_line' id='line_1_21' title="bbox 2178 685 3005 765; baseline -0.006 -14"><span class='ocrx_word' id='word_1_118' title='bbox 2178 685 2269 765; x_wconf 74' lang='grc' dir='ltr'><strong>ξῃς</strong></span> <span class='ocrx_word' id='word_1_119' title='bbox 2303 709 2368 761; x_wconf 81' lang='grc' dir='ltr'>με</span> <span class='ocrx_word' id='word_1_120' title='bbox 2411 688 2477 744; x_wconf 72' lang='grc' dir='ltr'>τὰ</span> <span class='ocrx_word' id='word_1_121' title='bbox 2507 686 2843 762; x_wconf 81' lang='grc' dir='ltr'>δικαιώματά</span> <span class='ocrx_word' id='word_1_122' title='bbox 2873 710 3005 747; x_wconf 33' lang='grc' dir='ltr'>σου..</span> 
     </span>
    </p>
   </div>
   <div class='ocr_carea' id='block_1_22' title="bbox 2267 776 3702 858">
    <p class='ocr_par' dir='ltr' id='par_1_22' title="bbox 2267 776 3702 858">
     <span class='ocr_line' id='line_1_22' title="bbox 2267 776 3702 858; baseline -0.003 -18"><span class='ocrx_word' id='word_1_123' title='bbox 2267 777 2416 840; x_wconf 76' lang='grc'>172.</span> <span class='ocrx_word' id='word_1_124' title='bbox 2477 776 2768 855; x_wconf 74' lang='grc' dir='ltr'>Φθὲγξαιτο</span> <span class='ocrx_word' id='word_1_125' title='bbox 2814 780 2846 846; x_wconf 72' lang='grc' dir='ltr'>ἡ</span> <span class='ocrx_word' id='word_1_126' title='bbox 2900 776 3118 856; x_wconf 83' lang='grc' dir='ltr'>γλῶσσα</span> <span class='ocrx_word' id='word_1_127' title='bbox 3156 800 3260 854; x_wconf 79' lang='grc' dir='ltr'><strong>μου</strong></span> <span class='ocrx_word' id='word_1_128' title='bbox 3311 779 3377 834; x_wconf 74' lang='grc' dir='ltr'><strong>τὰ</strong></span> <span class='ocrx_word' id='word_1_129' title='bbox 3417 776 3577 858; x_wconf 80' lang='grc' dir='ltr'><strong>λόγια</strong></span> <span class='ocrx_word' id='word_1_130' title='bbox 3602 802 3702 836; x_wconf 76' lang='grc' dir='ltr'><strong>σου</strong></span> 
     </span>
    </p>
   </div>
   <div class='ocr_carea' id='block_1_23' title="bbox 2178 866 3165 934">
    <p class='ocr_par' dir='ltr' id='par_1_23' title="bbox 2178 866 3165 934">
     <span class='ocr_line' id='line_1_23' title="bbox 2178 866 3165 934; baseline 0.004 -12"><span class='ocrx_word' id='word_1_131' title='bbox 2178 873 2359 923; x_wconf 74' lang='grc' dir='ltr'>πᾶσαι</span> <span class='ocrx_word' id='word_1_132' title='bbox 2394 870 2445 923; x_wconf 82' lang='grc' dir='ltr'>αἱ</span> <span class='ocrx_word' id='word_1_133' title='bbox 2480 866 2689 923; x_wconf 80' lang='grc' dir='ltr'>ὲντολαί</span> <span class='ocrx_word' id='word_1_134' title='bbox 2716 890 2809 925; x_wconf 89' lang='grc' dir='ltr'><strong>σου</strong></span> <span class='ocrx_word' id='word_1_135' title='bbox 2833 866 3165 934; x_wconf 69' lang='grc' dir='ltr'><strong>δικαιοσύνη.</strong></span> 
     </span>
    </p>
   </div>
   <div class='ocr_carea' id='block_1_24' title="bbox 2267 954 3851 1037">
    <p class='ocr_par' dir='ltr' id='par_1_24' title="bbox 2267 954 3851 1037">
     <span class='ocr_line' id='line_1_24' title="bbox 2267 954 3851 1037; baseline -0.002 -21"><span class='ocrx_word' id='word_1_136' title='bbox 2267 954 2405 1019; x_wconf 82' lang='grc'>173.</span> <span class='ocrx_word' id='word_1_137' title='bbox 2444 957 2685 1012; x_wconf 78' lang='grc' dir='ltr'>Γενέσθω</span> <span class='ocrx_word' id='word_1_138' title='bbox 2712 959 2747 1025; x_wconf 75' lang='grc' dir='ltr'><strong>ἡ</strong></span> <span class='ocrx_word' id='word_1_139' title='bbox 2778 959 2899 1037; x_wconf 81' lang='grc' dir='ltr'>χείρ</span> <span class='ocrx_word' id='word_1_140' title='bbox 2943 980 3037 1015; x_wconf 88' lang='grc' dir='ltr'><strong>σου</strong></span> <span class='ocrx_word' id='word_1_141' title='bbox 3080 964 3172 1014; x_wconf 81' lang='grc' dir='ltr'>τοῦ</span> <span class='ocrx_word' id='word_1_142' title='bbox 3214 957 3383 1014; x_wconf 79' lang='grc' dir='ltr'>σῶσαί</span> <span class='ocrx_word' id='word_1_143' title='bbox 3405 979 3496 1037; x_wconf 71' lang='grc' dir='ltr'>με,</span> <span class='ocrx_word' id='word_1_144' title='bbox 3529 958 3613 1014; x_wconf 79' lang='grc' dir='ltr'>ὅτι</span> <span class='ocrx_word' id='word_1_145' title='bbox 3644 958 3738 1022; x_wconf 74' lang='grc' dir='ltr'>τὰς</span> <span class='ocrx_word' id='word_1_146' title='bbox 3765 958 3851 1015; x_wconf 79' lang='grc' dir='ltr'><strong>ἐν·</strong></span> 
     </span>
    </p>
   </div>
   <div class='ocr_carea' id='block_1_25' title="bbox 2187 1045 2855 1123">
    <p class='ocr_par' dir='ltr' id='par_1_25' title="bbox 2187 1045 2855 1123">
     <span class='ocr_line' id='line_1_25' title="bbox 2187 1045 2855 1123; baseline 0 -22"><span class='ocrx_word' id='word_1_147' title='bbox 2187 1045 2349 1108; x_wconf 82' lang='grc' dir='ltr'>τολάς</span> <span class='ocrx_word' id='word_1_148' title='bbox 2383 1068 2475 1102; x_wconf 86' lang='grc' dir='ltr'><strong>σου</strong></span> <span class='ocrx_word' id='word_1_149' title='bbox 2496 1046 2855 1123; x_wconf 67' lang='grc' dir='ltr'>ᾑρετισάμην,</span> 
     </span>
    </p>
   </div>
   <div class='ocr_carea' id='block_1_26' title="bbox 2265 1134 3848 1218">
    <p class='ocr_par' dir='ltr' id='par_1_26' title="bbox 2265 1134 3848 1218">
     <span class='ocr_line' id='line_1_26' title="bbox 2265 1134 3848 1218; baseline 0 -24"><span class='ocrx_word' id='word_1_150' title='bbox 2265 1134 2407 1197; x_wconf 83' lang='grc'>174.</span> <span class='ocrx_word' id='word_1_151' title='bbox 2442 1135 2789 1203; x_wconf 83' lang='grc' dir='ltr'>Ἐπεπόθησα</span> <span class='ocrx_word' id='word_1_152' title='bbox 2819 1138 2882 1193; x_wconf 82' lang='grc' dir='ltr'>τὸ</span> <span class='ocrx_word' id='word_1_153' title='bbox 2930 1138 3195 1215; x_wconf 82' lang='grc' dir='ltr'>σωτήριον</span> <span class='ocrx_word' id='word_1_154' title='bbox 3248 1159 3365 1213; x_wconf 83' lang='grc' dir='ltr'>σου,</span> <span class='ocrx_word' id='word_1_155' title='bbox 3419 1139 3609 1218; x_wconf 68' lang='grc' dir='ltr'>Κύριε,</span> <span class='ocrx_word' id='word_1_156' title='bbox 3671 1141 3766 1195; x_wconf 77' lang='grc' dir='ltr'>καὶ</span> <span class='ocrx_word' id='word_1_157' title='bbox 3817 1141 3848 1194; x_wconf 78' lang='grc' dir='ltr'><strong>ὁ</strong></span> 
     </span>
    </p>
   </div>
   <div class='ocr_carea' id='block_1_27' title="bbox 2182 1224 3001 1301">
    <p class='ocr_par' dir='ltr' id='par_1_27' title="bbox 2182 1224 3001 1301">
     <span class='ocr_line' id='line_1_27' title="bbox 2182 1224 3001 1301; baseline 0.004 -22"><span class='ocrx_word' id='word_1_158' title='bbox 2182 1224 2340 1299; x_wconf 79' lang='grc' dir='ltr'>νόμος</span> <span class='ocrx_word' id='word_1_159' title='bbox 2370 1246 2464 1283; x_wconf 82' lang='grc' dir='ltr'><strong>σου</strong></span> <span class='ocrx_word' id='word_1_160' title='bbox 2489 1224 2690 1299; x_wconf 78' lang='grc' dir='ltr'><strong>μελέτη</strong></span> <span class='ocrx_word' id='word_1_161' title='bbox 2721 1228 2822 1301; x_wconf 69' lang='grc' dir='ltr'><strong>μού</strong></span> <span class='ocrx_word' id='word_1_162' title='bbox 2864 1227 3001 1289; x_wconf 72' lang='grc' dir='ltr'>ἔστι,</span> 
     </span>
    </p>
   </div>
   <div class='ocr_carea' id='block_1_28' title="bbox 2267 1314 3849 1397">
    <p class='ocr_par' dir='ltr' id='par_1_28' title="bbox 2267 1314 3849 1397">
     <span class='ocr_line' id='line_1_28' title="bbox 2267 1314 3849 1397; baseline 0.001 -27"><span class='ocrx_word' id='word_1_163' title='bbox 2267 1314 2401 1377; x_wconf 75' lang='grc'>175,</span> <span class='ocrx_word' id='word_1_164' title='bbox 2436 1317 2663 1383; x_wconf 76' lang='grc' dir='ltr'>Ζήσεται</span> <span class='ocrx_word' id='word_1_165' title='bbox 2710 1318 2741 1383; x_wconf 72' lang='grc' dir='ltr'>ἡ</span> <span class='ocrx_word' id='word_1_166' title='bbox 2771 1318 2925 1397; x_wconf 59' lang='grc' dir='ltr'>ψυχή</span> <span class='ocrx_word' id='word_1_167' title='bbox 2986 1340 3110 1392; x_wconf 71' lang='grc' dir='ltr'>μου,</span> <span class='ocrx_word' id='word_1_168' title='bbox 3166 1317 3251 1374; x_wconf 57' lang='grc' dir='ltr'><strong>κατ</strong></span> <span class='ocrx_word' id='word_1_169' title='bbox 3285 1317 3482 1373; x_wconf 76' lang='grc' dir='ltr'>αἰνέσει</span> <span class='ocrx_word' id='word_1_170' title='bbox 3517 1339 3603 1392; x_wconf 73' lang='grc' dir='ltr'><strong>σε,</strong></span> <span class='ocrx_word' id='word_1_171' title='bbox 3637 1318 3732 1374; x_wconf 74' lang='grc' dir='ltr'><strong>καὶ</strong></span> <span class='ocrx_word' id='word_1_172' title='bbox 3779 1318 3849 1373; x_wconf 68' lang='grc' dir='ltr'><strong>τὰ</strong></span> 
     </span>
    </p>
   </div>
   <div class='ocr_carea' id='block_1_29' title="bbox 2179 1405 2965 1483">
    <p class='ocr_par' dir='ltr' id='par_1_29' title="bbox 2179 1405 2965 1483">
     <span class='ocr_line' id='line_1_29' title="bbox 2179 1405 2965 1483; baseline 0 -22"><span class='ocrx_word' id='word_1_173' title='bbox 2179 1405 2411 1483; x_wconf 81' lang='grc' dir='ltr'>κρίματα</span> <span class='ocrx_word' id='word_1_174' title='bbox 2443 1427 2535 1461; x_wconf 86' lang='grc' dir='ltr'><strong>σου</strong></span> <span class='ocrx_word' id='word_1_175' title='bbox 2564 1405 2821 1480; x_wconf 81' lang='grc' dir='ltr'><strong>βοηθήσει</strong></span> <span class='ocrx_word' id='word_1_176' title='bbox 2852 1429 2965 1481; x_wconf 85' lang='grc' dir='ltr'>μοι,</span> 
     </span>
    </p>
   </div>
   <div class='ocr_carea' id='block_1_30' title="bbox 2260 1491 3849 1574">
    <p class='ocr_par' dir='ltr' id='par_1_30' title="bbox 2260 1491 3849 1574">
     <span class='ocr_line' id='line_1_30' title="bbox 2260 1491 3849 1574; baseline -0.003 -21"><span class='ocrx_word' id='word_1_177' title='bbox 2260 1492 2402 1557; x_wconf 83' lang='grc'>176.</span> <span class='ocrx_word' id='word_1_178' title='bbox 2439 1491 2778 1563; x_wconf 73' lang='grc' dir='ltr'>Ἐπλανήθην</span> <span class='ocrx_word' id='word_1_179' title='bbox 2808 1496 2880 1559; x_wconf 78' lang='grc' dir='ltr'><strong>ὡς</strong></span> <span class='ocrx_word' id='word_1_180' title='bbox 2923 1493 3189 1574; x_wconf 79' lang='grc' dir='ltr'>πρόϐατον</span> <span class='ocrx_word' id='word_1_181' title='bbox 3231 1493 3513 1561; x_wconf 80' lang='grc' dir='ltr'>ἀπολωλός</span> <span class='ocrx_word' id='word_1_182' title='bbox 3551 1517 3562 1527; x_wconf 88' lang='grc'>·</span> <span class='ocrx_word' id='word_1_183' title='bbox 3599 1497 3849 1568; x_wconf 72' lang='grc' dir='ltr'>ζήτησον</span> 
     </span>
    </p>
   </div>
   <div class='ocr_carea' id='block_1_31' title="bbox 3708 778 3844 859">
    <p class='ocr_par' dir='ltr' id='par_1_31' title="bbox 3708 778 3844 859">
     <span class='ocr_line' id='line_1_31' title="bbox 3708 778 3844 859; baseline 0.015 -24"><span class='ocrx_word' id='word_1_184' title='bbox 3708 778 3844 859; x_wconf 71' lang='grc' dir='ltr'>,ὅτι</span> 
     </span>
    </p>
   </div>
   <div class='ocr_carea' id='block_1_32' title="bbox 2134 1580 3845 1659">
    <p class='ocr_par' dir='ltr' id='par_1_32' title="bbox 2134 1580 3845 1659">
     <span class='ocr_line' id='line_1_32' title="bbox 2134 1580 3845 1659; baseline -0.001 -20"><span class='ocrx_word' id='word_1_185' title='bbox 2134 1585 2280 1639; x_wconf 77' lang='grc' dir='ltr'>Βτὸν</span> <span class='ocrx_word' id='word_1_186' title='bbox 2324 1580 2507 1641; x_wconf 72' lang='grc' dir='ltr'>δοῦλον</span> <span class='ocrx_word' id='word_1_187' title='bbox 2551 1605 2671 1654; x_wconf 78' lang='grc' dir='ltr'>σου,</span> <span class='ocrx_word' id='word_1_188' title='bbox 2718 1581 2798 1639; x_wconf 70' lang='grc' dir='ltr'>ὅτι</span> <span class='ocrx_word' id='word_1_189' title='bbox 2838 1586 2931 1647; x_wconf 75' lang='grc' dir='ltr'><strong>τὰς</strong></span> <span class='ocrx_word' id='word_1_190' title='bbox 2955 1583 3169 1647; x_wconf 82' lang='grc' dir='ltr'>ἐντολάς</span> <span class='ocrx_word' id='word_1_191' title='bbox 3217 1607 3309 1642; x_wconf 88' lang='grc' dir='ltr'><strong>σου</strong></span> <span class='ocrx_word' id='word_1_192' title='bbox 3354 1586 3447 1642; x_wconf 68' lang='grc' dir='ltr'>οὒκ</span> <span class='ocrx_word' id='word_1_193' title='bbox 3471 1584 3845 1659; x_wconf 75' lang='grc' dir='ltr'><strong>ἐπελαθόμην,</strong></span> 
     </span>
    </p>
   </div>
   <div class='ocr_carea' id='block_1_33' title="bbox 1685 1739 2619 1807">
    <p class='ocr_par' dir='ltr' id='par_1_33' title="bbox 1685 1739 2619 1807">
     <span class='ocr_line' id='line_1_33' title="bbox 1685 1739 2619 1807; baseline 0.007 -9"><span class='ocrx_word' id='word_1_194' title='bbox 1685 1750 1852 1801; x_wconf 67' lang='grc' dir='ltr'>ΨΑΛ.</span> <span class='ocrx_word' id='word_1_195' title='bbox 1906 1744 2063 1806; x_wconf 77' lang='lat' dir='ltr'><strong>Pltt’.</strong></span> <span class='ocrx_word' id='word_1_196' title='bbox 2113 1742 2320 1807; x_wconf 84' lang='lat' dir='ltr'><strong>PSAL.</strong></span> <span class='ocrx_word' id='word_1_197' title='bbox 2368 1739 2619 1805; x_wconf 79' lang='lat' dir='ltr'><strong>CXVIII.</strong></span> 
     </span>
    </p>
   </div>
   <div class='ocr_carea' id='block_1_34' title="bbox 535 1902 1449 1985">
    <p class='ocr_par' dir='ltr' id='par_1_34' title="bbox 535 1902 1449 1985">
     <span class='ocr_line' id='line_1_34' title="bbox 535 1902 1449 1985; baseline 0.008 -24"><span class='ocrx_word' id='word_1_198' title='bbox 535 1902 589 1961; x_wconf 91' lang='grc'><strong>1.</strong></span> <span class='ocrx_word' id='word_1_199' title='bbox 628 1906 910 1985; x_wconf 73' lang='grc' dir='ltr'>Μακάριοι,</span> <span class='ocrx_word' id='word_1_200' title='bbox 949 1909 1063 1967; x_wconf 87' lang='lat' dir='ltr'><strong>etc.</strong></span> <span class='ocrx_word' id='word_1_201' title='bbox 1113 1904 1301 1979; x_wconf 88' lang='lat' dir='ltr'><strong>Beati,</strong></span> <span class='ocrx_word' id='word_1_202' title='bbox 1336 1914 1449 1968; x_wconf 89' lang='lat' dir='ltr'><strong>etc.</strong></span> 
     </span>
    </p>
   </div>
   <div class='ocr_carea' id='block_1_35' title="bbox 538 1992 1889 2073">
    <p class='ocr_par' dir='ltr' id='par_1_35' title="bbox 538 1992 1889 2073">
     <span class='ocr_line' id='line_1_35' title="bbox 538 1992 1889 2073; baseline -0.001 -19"><span class='ocrx_word' id='word_1_203' title='bbox 538 1994 600 2056; x_wconf 66' lang='grc'>2.</span> <span class='ocrx_word' id='word_1_204' title='bbox 634 1994 692 2052; x_wconf 71' lang='grc' dir='ltr'><strong>Οἱ</strong></span> <span class='ocrx_word' id='word_1_205' title='bbox 723 1994 1091 2073; x_wconf 80' lang='grc' dir='ltr'>πορευόμενοι,</span> <span class='ocrx_word' id='word_1_206' title='bbox 1125 2003 1238 2057; x_wconf 90' lang='lat' dir='ltr'><strong>etc.</strong></span> <span class='ocrx_word' id='word_1_207' title='bbox 1274 1993 1387 2067; x_wconf 87' lang='lat' dir='ltr'><strong>Qui</strong></span> <span class='ocrx_word' id='word_1_208' title='bbox 1418 1992 1745 2070; x_wconf 85' lang='lat' dir='ltr'><strong>ambulant,</strong></span> <span class='ocrx_word' id='word_1_209' title='bbox 1776 2001 1889 2055; x_wconf 86' lang='lat' dir='ltr'><strong>etc.</strong></span> 
     </span>
    </p>
   </div>
   <div class='ocr_carea' id='block_1_36' title="bbox 531 2081 1430 2164">
    <p class='ocr_par' dir='ltr' id='par_1_36' title="bbox 531 2081 1430 2164">
     <span class='ocr_line' id='line_1_36' title="bbox 531 2081 1430 2164; baseline 0.011 -27"><span class='ocrx_word' id='word_1_210' title='bbox 531 2083 591 2145; x_wconf 85' lang='lat'><strong>3.</strong></span> <span class='ocrx_word' id='word_1_211' title='bbox 620 2081 903 2164; x_wconf 74' lang='grc' dir='ltr'>Μακάριοι,</span> <span class='ocrx_word' id='word_1_212' title='bbox 937 2091 1051 2146; x_wconf 87' lang='lat' dir='ltr'><strong>etc.</strong></span> <span class='ocrx_word' id='word_1_213' title='bbox 1087 2083 1280 2157; x_wconf 89' lang='lat' dir='ltr'><strong>Beati,</strong></span> <span class='ocrx_word' id='word_1_214' title='bbox 1314 2092 1430 2147; x_wconf 87' lang='lat' dir='ltr'><strong>etc.</strong></span> 
     </span>
    </p>
   </div>
   <div class='ocr_carea' id='block_1_37' title="bbox 2264 1901 3191 1985">
    <p class='ocr_par' dir='ltr' id='par_1_37' title="bbox 2264 1901 3191 1985">
     <span class='ocr_line' id='line_1_37' title="bbox 2264 1901 3191 1985; baseline 0 -18"><span class='ocrx_word' id='word_1_215' title='bbox 2264 1905 2322 1967; x_wconf 85' lang='grc'>4.</span> <span class='ocrx_word' id='word_1_216' title='bbox 2358 1902 2448 1961; x_wconf 82' lang='lat' dir='ltr'><strong>’Ev</strong></span> <span class='ocrx_word' id='word_1_217' title='bbox 2477 1903 2608 1985; x_wconf 73' lang='grc' dir='ltr'>ὅλῃ,</span> <span class='ocrx_word' id='word_1_218' title='bbox 2651 1912 2764 1965; x_wconf 91' lang='lat' dir='ltr'><strong>etc.</strong></span> <span class='ocrx_word' id='word_1_219' title='bbox 2800 1901 2863 1965; x_wconf 93' lang='lat' dir='ltr'><strong>In</strong></span> <span class='ocrx_word' id='word_1_220' title='bbox 2898 1911 3041 1974; x_wconf 90' lang='lat' dir='ltr'><strong>toto.</strong></span> <span class='ocrx_word' id='word_1_221' title='bbox 3078 1913 3191 1968; x_wconf 91' lang='lat' dir='ltr'><strong>etc.</strong></span> 
     </span>
    </p>
   </div>
   <div class='ocr_carea' id='block_1_38' title="bbox 2264 1990 3263 2074">
    <p class='ocr_par' dir='ltr' id='par_1_38' title="bbox 2264 1990 3263 2074">
     <span class='ocr_line' id='line_1_38' title="bbox 2264 1990 3263 2074; baseline 0.005 -21"><span class='ocrx_word' id='word_1_222' title='bbox 2264 1995 2326 2055; x_wconf 88' lang='grc'><strong>5.</strong></span> <span class='ocrx_word' id='word_1_223' title='bbox 2360 1996 2432 2051; x_wconf 70' lang='grc' dir='ltr'><strong>Οὔ</strong></span> <span class='ocrx_word' id='word_1_224' title='bbox 2461 1994 2583 2074; x_wconf 75' lang='grc' dir='ltr'>γάρ,</span> <span class='ocrx_word' id='word_1_225' title='bbox 2621 2001 2737 2056; x_wconf 93' lang='lat' dir='ltr'><strong>etc.</strong></span> <span class='ocrx_word' id='word_1_226' title='bbox 2769 1990 2898 2057; x_wconf 85' lang='lat' dir='ltr'><strong>Non</strong></span> <span class='ocrx_word' id='word_1_227' title='bbox 2931 1993 3116 2068; x_wconf 87' lang='lat' dir='ltr'><strong>enirn,</strong></span> <span class='ocrx_word' id='word_1_228' title='bbox 3149 2000 3263 2057; x_wconf 91' lang='lat' dir='ltr'><strong>etc.</strong></span> 
     </span>
    </p>
   </div>
   <div class='ocr_carea' id='block_1_39' title="bbox 1600 2210 2698 2279">
    <p class='ocr_par' dir='ltr' id='par_1_39' title="bbox 1600 2210 2698 2279">
     <span class='ocr_line' id='line_1_39' title="bbox 1600 2210 2698 2279; baseline -0.002 -2"><span class='ocrx_word' id='word_1_229' title='bbox 1600 2211 2012 2279; x_wconf 78' lang='lat' dir='ltr'><strong>ATHANASII</strong></span> <span class='ocrx_word' id='word_1_230' title='bbox 2056 2210 2698 2277; x_wconf 79' lang='lat' dir='ltr'><strong>INTERPRETATIO.</strong></span> 
     </span>
    </p>
   </div>
   <div class='ocr_carea' id='block_1_40' title="bbox 538 2336 2085 2417">
    <p class='ocr_par' dir='ltr' id='par_1_40' title="bbox 538 2336 2085 2417">
     <span class='ocr_line' id='line_1_40' title="bbox 538 2336 2085 2417; baseline -0.003 -16"><span class='ocrx_word' id='word_1_231' title='bbox 538 2345 669 2408; x_wconf 78' lang='lat'><strong>1&#39;70.</strong></span> <span class='ocrx_word' id='word_1_232' title='bbox 698 2340 881 2416; x_wconf 80' lang='lat' dir='ltr'><strong>Aperi</strong></span> <span class='ocrx_word' id='word_1_233' title='bbox 906 2344 1101 2417; x_wconf 88' lang='lat' dir='ltr'><strong>portas</strong></span> <span class='ocrx_word' id='word_1_234' title='bbox 1131 2336 1413 2399; x_wconf 89' lang='lat' dir='ltr'><strong>ccelorum</strong></span> <span class='ocrx_word' id='word_1_235' title='bbox 1448 2345 1776 2417; x_wconf 74' lang='lat' dir='ltr'><strong>tuorum,et</strong></span> <span class='ocrx_word' id='word_1_236' title='bbox 1806 2336 2085 2415; x_wconf 83' lang='lat' dir='ltr'><strong>depreca-</strong></span> 
     </span>
    </p>
   </div>
   <div class='ocr_carea' id='block_1_41' title="bbox 454 2425 2095 2506">
    <p class='ocr_par' dir='ltr' id='par_1_41' title="bbox 454 2425 2095 2506">
     <span class='ocr_line' id='line_1_41' title="bbox 454 2425 2095 2506; baseline -0.007 -8"><span class='ocrx_word' id='word_1_237' title='bbox 454 2440 677 2499; x_wconf 90' lang='lat' dir='ltr'><strong>tionem</strong></span> <span class='ocrx_word' id='word_1_238' title='bbox 712 2446 904 2491; x_wconf 90' lang='lat' dir='ltr'><strong>meam</strong></span> <span class='ocrx_word' id='word_1_239' title='bbox 927 2425 1668 2506; x_wconf 82' lang='lat' dir='ltr'><strong>recipe,quemadmodum</strong></span> <span class='ocrx_word' id='word_1_240' title='bbox 1705 2425 1901 2487; x_wconf 86' lang='lat' dir='ltr'><strong>dixisti</strong></span> <span class='ocrx_word' id='word_1_241' title='bbox 1941 2446 1953 2485; x_wconf 90' lang='lat'><strong>:</strong></span> <span class='ocrx_word' id='word_1_242' title='bbox 1992 2425 2095 2486; x_wconf 85' lang='lat' dir='ltr'><strong>lu-</strong></span> 
     </span>
    </p>
   </div>
   <div class='ocr_carea' id='block_1_42' title="bbox 452 2514 2095 2593">
    <p class='ocr_par' dir='ltr' id='par_1_42' title="bbox 452 2514 2095 2593">
     <span class='ocr_line' id='line_1_42' title="bbox 452 2514 2095 2593; baseline -0.007 -4"><span class='ocrx_word' id='word_1_243' title='bbox 452 2544 597 2590; x_wconf 85' lang='lat' dir='ltr'><strong>voca</strong></span> <span class='ocrx_word' id='word_1_244' title='bbox 624 2539 721 2585; x_wconf 71' lang='lat' dir='ltr'><strong>me</strong></span> <span class='ocrx_word' id='word_1_245' title='bbox 749 2521 816 2583; x_wconf 74' lang='lat' dir='ltr'><strong>in</strong></span> <span class='ocrx_word' id='word_1_246' title='bbox 845 2519 943 2580; x_wconf 77' lang='lat' dir='ltr'><strong>die</strong></span> <span class='ocrx_word' id='word_1_247' title='bbox 1000 2514 1418 2579; x_wconf 76' lang='lat' dir='ltr'><strong>tribulationis</strong></span> <span class='ocrx_word' id='word_1_248' title='bbox 1477 2524 1619 2590; x_wconf 74' lang='lat' dir='ltr'><strong>tuae,</strong></span> <span class='ocrx_word' id='word_1_249' title='bbox 1679 2525 1731 2579; x_wconf 83' lang='lat' dir='ltr'><strong>et</strong></span> <span class='ocrx_word' id='word_1_250' title='bbox 1762 2533 1976 2578; x_wconf 77' lang='lat' dir='ltr'><strong>eruam</strong></span> <span class='ocrx_word' id='word_1_251' title='bbox 2013 2523 2095 2593; x_wconf 77' lang='lat' dir='ltr'><strong>te,</strong></span> 
     </span>
    </p>
   </div>
   <div class='ocr_carea' id='block_1_43' title="bbox 453 2605 2095 2693">
    <p class='ocr_par' dir='ltr' id='par_1_43' title="bbox 453 2605 2095 2693">
     <span class='ocr_line' id='line_1_43' title="bbox 453 2605 2095 2693; baseline -0.009 -14"><span class='ocrx_word' id='word_1_252' title='bbox 453 2623 508 2678; x_wconf 85' lang='lat' dir='ltr'><strong>et</strong></span> <span class='ocrx_word' id='word_1_253' title='bbox 538 2609 907 2693; x_wconf 74' lang='lat' dir='ltr'><strong>gloriﬁcubis</strong></span> <span class='ocrx_word' id='word_1_254' title='bbox 939 2624 1030 2669; x_wconf 87' lang='lat' dir='ltr'><strong>me</strong></span> <span class='ocrx_word' id='word_1_255' title='bbox 1055 2606 1117 2656; x_wconf 89' lang='lat'><strong>70</strong></span> <span class='ocrx_word' id='word_1_256' title='bbox 1151 2627 1163 2665; x_wconf 92' lang='lat'><strong>:</strong></span> <span class='ocrx_word' id='word_1_257' title='bbox 1201 2605 1281 2669; x_wconf 90' lang='lat' dir='ltr'><strong>ita</strong></span> <span class='ocrx_word' id='word_1_258' title='bbox 1327 2624 1484 2668; x_wconf 91' lang='lat' dir='ltr'><strong>nunc</strong></span> <span class='ocrx_word' id='word_1_259' title='bbox 1531 2605 1834 2687; x_wconf 80' lang='lat' dir='ltr'><strong>excipiens</strong></span> <span class='ocrx_word' id='word_1_260' title='bbox 1876 2606 2095 2686; x_wconf 61' lang='lat' dir='ltr'><strong>depreu</strong></span> 
     </span>
    </p>
   </div>
   <div class='ocr_carea' id='block_1_44' title="bbox 453 2695 1350 2766">
    <p class='ocr_par' dir='ltr' id='par_1_44' title="bbox 453 2695 1350 2766">
     <span class='ocr_line' id='line_1_44' title="bbox 453 2695 1350 2766; baseline -0.01 0"><span class='ocrx_word' id='word_1_261' title='bbox 453 2704 744 2766; x_wconf 89' lang='lat' dir='ltr'><strong>cationem</strong></span> <span class='ocrx_word' id='word_1_262' title='bbox 780 2715 973 2759; x_wconf 81' lang='lat' dir='ltr'><strong>meam</strong></span> <span class='ocrx_word' id='word_1_263' title='bbox 1011 2695 1198 2758; x_wconf 86' lang='lat' dir='ltr'><strong>libera</strong></span> <span class='ocrx_word' id='word_1_264' title='bbox 1230 2715 1350 2758; x_wconf 86' lang='lat' dir='ltr'><strong>me.</strong></span> 
     </span>
    </p>
   </div>
   <div class='ocr_carea' id='block_1_45' title="bbox 534 2785 2094 2868">
    <p class='ocr_par' dir='ltr' id='par_1_45' title="bbox 534 2785 2094 2868">
     <span class='ocr_line' id='line_1_45' title="bbox 534 2785 2094 2868; baseline -0.007 -13"><span class='ocrx_word' id='word_1_265' title='bbox 534 2793 671 2855; x_wconf 80' lang='lat' dir='ltr'><strong>t7t.</strong></span> <span class='ocrx_word' id='word_1_266' title='bbox 705 2788 1000 2868; x_wconf 78' lang='lat' dir='ltr'><strong>Hymnum</strong></span> <span class='ocrx_word' id='word_1_267' title='bbox 1056 2785 1385 2866; x_wconf 82' lang='lat' dir='ltr'><strong>rependam</strong></span> <span class='ocrx_word' id='word_1_268' title='bbox 1443 2785 1784 2863; x_wconf 85' lang='lat' dir='ltr'><strong>gloriﬁcans</strong></span> <span class='ocrx_word' id='word_1_269' title='bbox 1821 2794 1897 2866; x_wconf 86' lang='lat' dir='ltr'><strong>te,</strong></span> <span class='ocrx_word' id='word_1_270' title='bbox 1963 2805 2094 2845; x_wconf 88' lang='lat' dir='ltr'><strong>cum</strong></span> 
     </span>
    </p>
   </div>
   <div class='ocr_carea' id='block_1_46' title="bbox 456 2874 2096 2954">
    <p class='ocr_par' dir='ltr' id='par_1_46' title="bbox 456 2874 2096 2954">
     <span class='ocr_line' id='line_1_46' title="bbox 456 2874 2096 2954; baseline -0.007 -9"><span class='ocrx_word' id='word_1_271' title='bbox 456 2877 820 2945; x_wconf 84' lang='lat' dir='ltr'><strong>illuminabis</strong></span> <span class='ocrx_word' id='word_1_272' title='bbox 870 2895 965 2938; x_wconf 91' lang='lat' dir='ltr'><strong>me</strong></span> <span class='ocrx_word' id='word_1_273' title='bbox 993 2876 1065 2938; x_wconf 80' lang='lat' dir='ltr'><strong>ad</strong></span> <span class='ocrx_word' id='word_1_274' title='bbox 1102 2874 1522 2954; x_wconf 86' lang='lat' dir='ltr'><strong>intelligendas</strong></span> <span class='ocrx_word' id='word_1_275' title='bbox 1552 2883 1609 2936; x_wconf 92' lang='lat' dir='ltr'><strong>et</strong></span> <span class='ocrx_word' id='word_1_276' title='bbox 1638 2875 1939 2937; x_wconf 82' lang='lat' dir='ltr'><strong>faciendas</strong></span> <span class='ocrx_word' id='word_1_277' title='bbox 1961 2875 2096 2953; x_wconf 90' lang='lat' dir='ltr'><strong>jus-</strong></span> 
     </span>
    </p>
   </div>
   <div class='ocr_carea' id='block_1_47' title="bbox 458 2968 991 3034">
    <p class='ocr_par' dir='ltr' id='par_1_47' title="bbox 458 2968 991 3034">
     <span class='ocr_line' id='line_1_47' title="bbox 458 2968 991 3034; baseline -0.015 0"><span class='ocrx_word' id='word_1_278' title='bbox 458 2968 817 3034; x_wconf 84' lang='lat' dir='ltr'><strong>titicationes</strong></span> <span class='ocrx_word' id='word_1_279' title='bbox 841 2974 991 3028; x_wconf 85' lang='lat' dir='ltr'><strong>tuas.</strong></span> 
     </span>
    </p>
   </div>
   <div class='ocr_carea' id='block_1_48' title="bbox 542 3052 2104 3137">
    <p class='ocr_par' dir='ltr' id='par_1_48' title="bbox 542 3052 2104 3137">
     <span class='ocr_line' id='line_1_48' title="bbox 542 3052 2104 3137; baseline -0.005 -16"><span class='ocrx_word' id='word_1_280' title='bbox 542 3059 678 3122; x_wconf 64' lang='lat'><strong>172.</strong></span> <span class='ocrx_word' id='word_1_281' title='bbox 712 3060 955 3137; x_wconf 86' lang='lat' dir='ltr'><strong>Loquar</strong></span> <span class='ocrx_word' id='word_1_282' title='bbox 983 3052 1356 3117; x_wconf 74' lang='lat' dir='ltr'><strong>confidenter</strong></span> <span class='ocrx_word' id='word_1_283' title='bbox 1387 3070 1727 3115; x_wconf 88' lang='lat' dir='ltr'><strong>sermonem</strong></span> <span class='ocrx_word' id='word_1_284' title='bbox 1763 3061 2104 3134; x_wconf 88' lang='lat' dir='ltr'><strong>tuum,quo-</strong></span> 
     </span>
    </p>
   </div>
   <div class='ocr_carea' id='block_1_49' title="bbox 464 3140 2107 3224">
    <p class='ocr_par' dir='ltr' id='par_1_49' title="bbox 464 3140 2107 3224">
     <span class='ocr_line' id='line_1_49' title="bbox 464 3140 2107 3224; baseline -0.006 -11"><span class='ocrx_word' id='word_1_285' title='bbox 464 3151 618 3213; x_wconf 85' lang='lat' dir='ltr'><strong>niam</strong></span> <span class='ocrx_word' id='word_1_286' title='bbox 668 3147 741 3210; x_wconf 84' lang='lat' dir='ltr'><strong>ab</strong></span> <span class='ocrx_word' id='word_1_287' title='bbox 772 3144 943 3208; x_wconf 87' lang='lat' dir='ltr'><strong>initio</strong></span> <span class='ocrx_word' id='word_1_288' title='bbox 976 3160 1164 3224; x_wconf 90' lang='lat' dir='ltr'><strong>usque</strong></span> <span class='ocrx_word' id='word_1_289' title='bbox 1210 3140 1270 3203; x_wconf 88' lang='lat' dir='ltr'><strong>in</strong></span> <span class='ocrx_word' id='word_1_290' title='bbox 1325 3141 1502 3204; x_wconf 83' lang='lat' dir='ltr'><strong>ﬁnem</strong></span> <span class='ocrx_word' id='word_1_291' title='bbox 1530 3142 1761 3224; x_wconf 83' lang='lat' dir='ltr'><strong>justitia</strong></span> <span class='ocrx_word' id='word_1_292' title='bbox 1793 3153 1948 3222; x_wconf 86' lang='lat' dir='ltr'><strong>sunt,</strong></span> <span class='ocrx_word' id='word_1_293' title='bbox 1975 3161 2107 3224; x_wconf 61' lang='lat' dir='ltr'><strong>qna;</strong></span> 
     </span>
    </p>
   </div>
   <div class='ocr_carea' id='block_1_50' title="bbox 465 3233 980 3303">
    <p class='ocr_par' dir='ltr' id='par_1_50' title="bbox 465 3233 980 3303">
     <span class='ocr_line' id='line_1_50' title="bbox 465 3233 980 3303; baseline -0.017 0"><span class='ocrx_word' id='word_1_294' title='bbox 465 3237 752 3303; x_wconf 86' lang='lat' dir='ltr'><strong>mandasti</strong></span> <span class='ocrx_word' id='word_1_295' title='bbox 786 3233 980 3297; x_wconf 87' lang='lat' dir='ltr'><strong>nobis.</strong></span> 
     </span>
    </p>
   </div>
   <div class='ocr_carea' id='block_1_51' title="bbox 544 3322 2097 3406">
    <p class='ocr_par' dir='ltr' id='par_1_51' title="bbox 544 3322 2097 3406">
     <span class='ocr_line' id='line_1_51' title="bbox 544 3322 2097 3406; baseline -0.006 -14"><span class='ocrx_word' id='word_1_296' title='bbox 544 3331 676 3392; x_wconf 85' lang='grc'>173.</span> <span class='ocrx_word' id='word_1_297' title='bbox 712 3329 988 3406; x_wconf 68' lang='lat' dir='ltr'><strong>Praspara</strong></span> <span class='ocrx_word' id='word_1_298' title='bbox 1016 3322 1263 3402; x_wconf 80' lang='lat' dir='ltr'><strong>gratiam</strong></span> <span class='ocrx_word' id='word_1_299' title='bbox 1322 3330 1479 3384; x_wconf 87' lang='lat' dir='ltr'><strong>tuam</strong></span> <span class='ocrx_word' id='word_1_300' title='bbox 1531 3325 1604 3386; x_wconf 89' lang='lat' dir='ltr'><strong>ad</strong></span> <span class='ocrx_word' id='word_1_301' title='bbox 1634 3322 2097 3385; x_wconf 85' lang='lat' dir='ltr'><strong>custodiendum</strong></span> 
     </span>
    </p>
   </div>
   <div class='ocr_carea' id='block_1_52' title="bbox 451 3412 1554 3500">
    <p class='ocr_par' dir='ltr' id='par_1_52' title="bbox 451 3412 1554 3500">
     <span class='ocr_line' id='line_1_52' title="bbox 451 3412 1554 3500; baseline -0.01 -17"><span class='ocrx_word' id='word_1_302' title='bbox 451 3440 567 3494; x_wconf 91' lang='lat' dir='ltr'><strong>me,</strong></span> <span class='ocrx_word' id='word_1_303' title='bbox 602 3421 881 3500; x_wconf 89' lang='lat' dir='ltr'><strong>quoniam</strong></span> <span class='ocrx_word' id='word_1_304' title='bbox 917 3420 1212 3493; x_wconf 63' lang='lat' dir='ltr'><strong>praecepta</strong></span> <span class='ocrx_word' id='word_1_305' title='bbox 1245 3418 1346 3474; x_wconf 87' lang='lat' dir='ltr'><strong>tua</strong></span> <span class='ocrx_word' id='word_1_306' title='bbox 1376 3412 1554 3491; x_wconf 84' lang='lat' dir='ltr'><strong>elegi.</strong></span> 
     </span>
    </p>
   </div>
   <div class='ocr_carea' id='block_1_53' title="bbox 531 3501 2098 3583">
    <p class='ocr_par' dir='ltr' id='par_1_53' title="bbox 531 3501 2098 3583">
     <span class='ocr_line' id='line_1_53' title="bbox 531 3501 2098 3583; baseline -0.006 -11"><span class='ocrx_word' id='word_1_307' title='bbox 531 3501 1330 3578; x_wconf 76' lang='lat' dir='ltr'><strong>l74.Desirleravi,Domine,</strong></span> <span class='ocrx_word' id='word_1_308' title='bbox 1350 3520 1716 3583; x_wconf 85' lang='lat' dir='ltr'><strong>cognoscere</strong></span> <span class='ocrx_word' id='word_1_309' title='bbox 1752 3503 2098 3565; x_wconf 83' lang='lat' dir='ltr'><strong>manifesta-</strong></span> 
     </span>
    </p>
   </div>
   <div class='ocr_carea' id='block_1_54' title="bbox 450 3591 2098 3677">
    <p class='ocr_par' dir='ltr' id='par_1_54' title="bbox 450 3591 2098 3677">
     <span class='ocr_line' id='line_1_54' title="bbox 450 3591 2098 3677; baseline -0.008 -13"><span class='ocrx_word' id='word_1_310' title='bbox 450 3602 672 3664; x_wconf 88' lang='lat' dir='ltr'><strong>tionem</strong></span> <span class='ocrx_word' id='word_1_311' title='bbox 707 3604 1144 3677; x_wconf 55' lang='lat' dir='ltr'><strong>praeceptorum</strong></span> <span class='ocrx_word' id='word_1_312' title='bbox 1199 3600 1460 3671; x_wconf 91' lang='lat' dir='ltr'><strong>tuorum,</strong></span> <span class='ocrx_word' id='word_1_313' title='bbox 1504 3600 1818 3673; x_wconf 84' lang='lat' dir='ltr'><strong>propterea</strong></span> <span class='ocrx_word' id='word_1_314' title='bbox 1854 3591 2098 3673; x_wconf 83' lang='lat' dir='ltr'><strong>exquiro</strong></span> 
     </span>
    </p>
   </div>
   <div class='ocr_carea' id='block_1_55' title="bbox 450 3682 1807 3769">
    <p class='ocr_par' dir='ltr' id='par_1_55' title="bbox 450 3682 1807 3769">
     <span class='ocr_line' id='line_1_55' title="bbox 450 3682 1807 3769; baseline -0.007 -17"><span class='ocrx_word' id='word_1_315' title='bbox 450 3689 818 3769; x_wconf 84' lang='lat' dir='ltr'><strong>singularum</strong></span> <span class='ocrx_word' id='word_1_316' title='bbox 848 3683 1288 3762; x_wconf 89' lang='lat' dir='ltr'><strong>Scripturarum</strong></span> <span class='ocrx_word' id='word_1_317' title='bbox 1323 3682 1807 3762; x_wconf 68' lang='lat' dir='ltr'><strong>eXplicationem.</strong></span> 
     </span>
    </p>
   </div>
   <div class='ocr_carea' id='block_1_56' title="bbox 539 3770 2098 3851">
    <p class='ocr_par' dir='ltr' id='par_1_56' title="bbox 539 3770 2098 3851">
     <span class='ocr_line' id='line_1_56' title="bbox 539 3770 2098 3851; baseline -0.006 -10"><span class='ocrx_word' id='word_1_318' title='bbox 539 3779 671 3841; x_wconf 88' lang='grc'>175.</span> <span class='ocrx_word' id='word_1_319' title='bbox 704 3774 948 3839; x_wconf 84' lang='lat' dir='ltr'><strong>Vivitica</strong></span> <span class='ocrx_word' id='word_1_320' title='bbox 977 3771 1236 3834; x_wconf 84' lang='lat' dir='ltr'><strong>animam</strong></span> <span class='ocrx_word' id='word_1_321' title='bbox 1266 3789 1457 3833; x_wconf 92' lang='lat' dir='ltr'><strong>meam</strong></span> <span class='ocrx_word' id='word_1_322' title='bbox 1495 3789 1599 3850; x_wconf 86' lang='lat' dir='ltr'><strong>per</strong></span> <span class='ocrx_word' id='word_1_323' title='bbox 1630 3770 1874 3850; x_wconf 86' lang='lat' dir='ltr'><strong>gratiam</strong></span> <span class='ocrx_word' id='word_1_324' title='bbox 1916 3782 2098 3851; x_wconf 86' lang='lat' dir='ltr'><strong>tuam,</strong></span> 
     </span>
    </p>
   </div>
   <div class='ocr_carea' id='block_1_57' title="bbox 452 3860 2100 3948">
    <p class='ocr_par' dir='ltr' id='par_1_57' title="bbox 452 3860 2100 3948">
     <span class='ocr_line' id='line_1_57' title="bbox 452 3860 2100 3948; baseline -0.006 -16"><span class='ocrx_word' id='word_1_325' title='bbox 452 3878 510 3932; x_wconf 88' lang='lat' dir='ltr'><strong>et</strong></span> <span class='ocrx_word' id='word_1_326' title='bbox 537 3870 668 3948; x_wconf 87' lang='lat' dir='ltr'><strong>ejus</strong></span> <span class='ocrx_word' id='word_1_327' title='bbox 702 3862 926 3926; x_wconf 82' lang='lat' dir='ltr'><strong>auxilio</strong></span> <span class='ocrx_word' id='word_1_328' title='bbox 980 3868 1037 3923; x_wconf 89' lang='lat' dir='ltr'><strong>te</strong></span> <span class='ocrx_word' id='word_1_329' title='bbox 1088 3860 1352 3922; x_wconf 85' lang='lat' dir='ltr'><strong>laudabit</strong></span> <span class='ocrx_word' id='word_1_330' title='bbox 1390 3878 1403 3923; x_wconf 87' lang='lat'><strong>:</strong></span> <span class='ocrx_word' id='word_1_331' title='bbox 1459 3870 1515 3921; x_wconf 90' lang='lat' dir='ltr'><strong>et</strong></span> <span class='ocrx_word' id='word_1_332' title='bbox 1540 3861 1769 3940; x_wconf 85' lang='lat' dir='ltr'><strong>judicia</strong></span> <span class='ocrx_word' id='word_1_333' title='bbox 1803 3871 1900 3923; x_wconf 87' lang='lat' dir='ltr'><strong>tua</strong></span> <span class='ocrx_word' id='word_1_334' title='bbox 1936 3880 2100 3923; x_wconf 90' lang='lat' dir='ltr'><strong>arma</strong></span> 
     </span>
    </p>
   </div>
   <div class='ocr_carea' id='block_1_58' title="bbox 454 3950 1810 4031">
    <p class='ocr_par' dir='ltr' id='par_1_58' title="bbox 454 3950 1810 4031">
     <span class='ocr_line' id='line_1_58' title="bbox 454 3950 1810 4031; baseline -0.003 -13"><span class='ocrx_word' id='word_1_335' title='bbox 454 3957 600 4019; x_wconf 89' lang='lat' dir='ltr'><strong>mihi</strong></span> <span class='ocrx_word' id='word_1_336' title='bbox 630 3956 747 4017; x_wconf 90' lang='lat' dir='ltr'><strong>sint</strong></span> <span class='ocrx_word' id='word_1_337' title='bbox 776 3953 1064 4014; x_wconf 79' lang='lat' dir='ltr'><strong>adversus</strong></span> <span class='ocrx_word' id='word_1_338' title='bbox 1097 3950 1431 4012; x_wconf 86' lang='lat' dir='ltr'><strong>contrarias</strong></span> <span class='ocrx_word' id='word_1_339' title='bbox 1464 3960 1810 4031; x_wconf 68' lang='lat' dir='ltr'><strong>potestates.</strong></span> 
     </span>
    </p>
   </div>
   <div class='ocr_carea' id='block_1_59' title="bbox 539 4038 2101 4120">
    <p class='ocr_par' dir='ltr' id='par_1_59' title="bbox 539 4038 2101 4120">
     <span class='ocr_line' id='line_1_59' title="bbox 539 4038 2101 4120; baseline -0.004 -13"><span class='ocrx_word' id='word_1_340' title='bbox 539 4045 672 4108; x_wconf 88' lang='grc'>176.</span> <span class='ocrx_word' id='word_1_341' title='bbox 704 4041 907 4103; x_wconf 84' lang='lat' dir='ltr'><strong>Erravi</strong></span> <span class='ocrx_word' id='word_1_342' title='bbox 937 4038 1288 4118; x_wconf 88' lang='lat' dir='ltr'><strong>relinquens</strong></span> <span class='ocrx_word' id='word_1_343' title='bbox 1324 4048 1380 4100; x_wconf 90' lang='lat' dir='ltr'><strong>te</strong></span> <span class='ocrx_word' id='word_1_344' title='bbox 1401 4057 1607 4101; x_wconf 86' lang='lat' dir='ltr'><strong>verum</strong></span> <span class='ocrx_word' id='word_1_345' title='bbox 1640 4053 1962 4120; x_wconf 78' lang='lat' dir='ltr'><strong>pastorem:</strong></span> <span class='ocrx_word' id='word_1_346' title='bbox 1998 4041 2101 4102; x_wconf 87' lang='lat' dir='ltr'><strong>sed</strong></span> 
     </span>
    </p>
   </div>
   <div class='ocr_carea' id='block_1_60' title="bbox 2260 2331 3847 2414">
    <p class='ocr_par' dir='ltr' id='par_1_60' title="bbox 2260 2331 3847 2414">
     <span class='ocr_line' id='line_1_60' title="bbox 2260 2331 3847 2414; baseline -0.005 -19"><span class='ocrx_word' id='word_1_347' title='bbox 2260 2331 2397 2396; x_wconf 86' lang='grc'>170.</span> <span class='ocrx_word' id='word_1_348' title='bbox 2432 2332 2701 2399; x_wconf 77' lang='grc' dir='ltr'>”Ανοιξον</span> <span class='ocrx_word' id='word_1_349' title='bbox 2729 2336 2824 2396; x_wconf 81' lang='grc' dir='ltr'>τὰς</span> <span class='ocrx_word' id='word_1_350' title='bbox 2858 2332 3024 2414; x_wconf 76' lang='grc' dir='ltr'>φυλὰς</span> <span class='ocrx_word' id='word_1_351' title='bbox 3055 2340 3158 2390; x_wconf 85' lang='grc' dir='ltr'>τῶν</span> <span class='ocrx_word' id='word_1_352' title='bbox 3192 2336 3423 2411; x_wconf 68' lang='grc' dir='ltr'>οὖρανῶν</span> <span class='ocrx_word' id='word_1_353' title='bbox 3458 2355 3573 2407; x_wconf 83' lang='grc' dir='ltr'>σου,</span> <span class='ocrx_word' id='word_1_354' title='bbox 3621 2335 3712 2389; x_wconf 79' lang='grc' dir='ltr'>καὶ</span> <span class='ocrx_word' id='word_1_355' title='bbox 3742 2334 3847 2402; x_wconf 76' lang='grc' dir='ltr'><strong>τὴν</strong></span> 
     </span>
    </p>
   </div>
   <div class='ocr_carea' id='block_1_61' title="bbox 2184 2422 3848 2503">
    <p class='ocr_par' dir='ltr' id='par_1_61' title="bbox 2184 2422 3848 2503">
     <span class='ocr_line' id='line_1_61' title="bbox 2184 2422 3848 2503; baseline 0 -22"><span class='ocrx_word' id='word_1_356' title='bbox 2184 2423 2514 2503; x_wconf 82' lang='grc' dir='ltr'>παράκλησιν</span> <span class='ocrx_word' id='word_1_357' title='bbox 2559 2445 2661 2497; x_wconf 85' lang='grc' dir='ltr'><strong>μου</strong></span> <span class='ocrx_word' id='word_1_358' title='bbox 2713 2422 2874 2496; x_wconf 78' lang='grc' dir='ltr'>δέξαι,</span> <span class='ocrx_word' id='word_1_359' title='bbox 2937 2425 3111 2486; x_wconf 84' lang='grc' dir='ltr'>καθὼς</span> <span class='ocrx_word' id='word_1_360' title='bbox 3171 2423 3336 2486; x_wconf 76' lang='grc' dir='ltr'>εἴπας</span> <span class='ocrx_word' id='word_1_361' title='bbox 3368 2443 3381 2458; x_wconf 91' lang='grc'><strong>·</strong></span> <span class='ocrx_word' id='word_1_362' title='bbox 3421 2422 3848 2482; x_wconf 76' lang='grc' dir='ltr'>Ἐπικαλέσετιι</span> 
     </span>
    </p>
   </div>
   <div class='ocr_carea' id='block_1_62' title="bbox 2180 2511 3848 2592">
    <p class='ocr_par' dir='ltr' id='par_1_62' title="bbox 2180 2511 3848 2592">
     <span class='ocr_line' id='line_1_62' title="bbox 2180 2511 3848 2592; baseline 0.001 -23"><span class='ocrx_word' id='word_1_363' title='bbox 2180 2535 2248 2589; x_wconf 82' lang='grc' dir='ltr'>με</span> <span class='ocrx_word' id='word_1_364' title='bbox 2309 2511 2662 2592; x_wconf 76' lang='grc' dir='ltr'>[ἑπικάλεσαί</span> <span class='ocrx_word' id='word_1_365' title='bbox 2746 2512 2835 2592; x_wconf 84' lang='grc' dir='ltr'><strong>με]</strong></span> <span class='ocrx_word' id='word_1_366' title='bbox 2910 2514 2965 2569; x_wconf 72' lang='grc' dir='ltr'>ἐν</span> <span class='ocrx_word' id='word_1_367' title='bbox 3020 2513 3194 2591; x_wconf 78' lang='grc' dir='ltr'>ἡμέρα</span> <span class='ocrx_word' id='word_1_368' title='bbox 3262 2513 3489 2588; x_wconf 69' lang='grc' dir='ltr'>Θλίψεώς</span> <span class='ocrx_word' id='word_1_369' title='bbox 3572 2536 3693 2586; x_wconf 76' lang='grc' dir='ltr'>σου,</span> <span class='ocrx_word' id='word_1_370' title='bbox 3753 2517 3848 2571; x_wconf 73' lang='grc' dir='ltr'><strong>καὶ</strong></span> 
     </span>
    </p>
   </div>
   <div class='ocr_carea' id='block_1_63' title="bbox 2181 2601 3844 2678">
    <p class='ocr_par' dir='ltr' id='par_1_63' title="bbox 2181 2601 3844 2678">
     <span class='ocr_line' id='line_1_63' title="bbox 2181 2601 3844 2678; baseline 0 -19"><span class='ocrx_word' id='word_1_371' title='bbox 2181 2601 2463 2678; x_wconf 66' lang='grc' dir='ltr'>ἒξελοῡμιιί</span> <span class='ocrx_word' id='word_1_372' title='bbox 2514 2624 2596 2673; x_wconf 76' lang='grc' dir='ltr'><strong>σε,</strong></span> <span class='ocrx_word' id='word_1_373' title='bbox 2661 2605 2749 2660; x_wconf 81' lang='grc' dir='ltr'><strong>καὶ</strong></span> <span class='ocrx_word' id='word_1_374' title='bbox 2817 2602 3053 2668; x_wconf 76' lang='grc' dir='ltr'>δοξάσεις</span> <span class='ocrx_word' id='word_1_375' title='bbox 3112 2624 3179 2678; x_wconf 91' lang='grc' dir='ltr'>με</span> <span class='ocrx_word' id='word_1_376' title='bbox 3216 2622 3228 2635; x_wconf 89' lang='grc'><strong>·</strong></span> <span class='ocrx_word' id='word_1_377' title='bbox 3298 2602 3465 2667; x_wconf 78' lang='grc' dir='ltr'>οὕτως</span> <span class='ocrx_word' id='word_1_378' title='bbox 3509 2611 3619 2672; x_wconf 76' lang='grc' dir='ltr'>νῦν,</span> <span class='ocrx_word' id='word_1_379' title='bbox 3684 2601 3844 2670; x_wconf 61' lang='lat' dir='ltr'><strong>8e61-</strong></span> 
     </span>
    </p>
   </div>
   <div class='ocr_carea' id='block_1_64' title="bbox 2182 2691 3361 2771">
    <p class='ocr_par' dir='ltr' id='par_1_64' title="bbox 2182 2691 3361 2771">
     <span class='ocr_line' id='line_1_64' title="bbox 2182 2691 3361 2771; baseline 0.002 -23"><span class='ocrx_word' id='word_1_380' title='bbox 2182 2691 2341 2768; x_wconf 82' lang='grc' dir='ltr'>μένου</span> <span class='ocrx_word' id='word_1_381' title='bbox 2386 2716 2488 2767; x_wconf 78' lang='grc' dir='ltr'><strong>μου</strong></span> <span class='ocrx_word' id='word_1_382' title='bbox 2546 2694 2641 2760; x_wconf 79' lang='grc' dir='ltr'><strong>τὴν</strong></span> <span class='ocrx_word' id='word_1_383' title='bbox 2686 2692 3044 2771; x_wconf 77' lang='grc' dir='ltr'>παράκλησιν,</span> <span class='ocrx_word' id='word_1_384' title='bbox 3092 2694 3241 2769; x_wconf 73' lang='grc' dir='ltr'>ῥῦσαί</span> <span class='ocrx_word' id='word_1_385' title='bbox 3272 2715 3361 2766; x_wconf 86' lang='grc' dir='ltr'>με.</span> 
     </span>
    </p>
   </div>
   <div class='ocr_carea' id='block_1_65' title="bbox 2266 2779 3844 2861">
    <p class='ocr_par' dir='ltr' id='par_1_65' title="bbox 2266 2779 3844 2861">
     <span class='ocr_line' id='line_1_65' title="bbox 2266 2779 3844 2861; baseline 0.002 -26"><span class='ocrx_word' id='word_1_386' title='bbox 2266 2781 2402 2842; x_wconf 83' lang='grc'>171,</span> <span class='ocrx_word' id='word_1_387' title='bbox 2455 2781 2773 2855; x_wconf 78' lang='grc' dir='ltr'>Ἀνέπεμψα</span> <span class='ocrx_word' id='word_1_388' title='bbox 2820 2780 3204 2861; x_wconf 78' lang='grc' dir='ltr'>ΙἈναπέμψω]</span> <span class='ocrx_word' id='word_1_389' title='bbox 3250 2781 3408 2855; x_wconf 68' lang='grc' dir='ltr'>ὕμνον</span> <span class='ocrx_word' id='word_1_390' title='bbox 3461 2779 3697 2853; x_wconf 73' lang='grc' dir='ltr'>δοξάζω-ι</span> <span class='ocrx_word' id='word_1_391' title='bbox 3757 2803 3844 2853; x_wconf 71' lang='grc' dir='ltr'><strong>σε,</strong></span> 
     </span>
    </p>
   </div>
   <div class='ocr_carea' id='block_1_66' title="bbox 2183 2870 3850 2949">
    <p class='ocr_par' dir='ltr' id='par_1_66' title="bbox 2183 2870 3850 2949">
     <span class='ocr_line' id='line_1_66' title="bbox 2183 2870 3850 2949; baseline 0.001 -23"><span class='ocrx_word' id='word_1_392' title='bbox 2183 2871 2311 2927; x_wconf 81' lang='grc' dir='ltr'>ὅταν</span> <span class='ocrx_word' id='word_1_393' title='bbox 2353 2871 2591 2949; x_wconf 72' lang='grc' dir='ltr'>φωτίσῃς</span> <span class='ocrx_word' id='word_1_394' title='bbox 2644 2893 2710 2946; x_wconf 76' lang='grc' dir='ltr'>με</span> <span class='ocrx_word' id='word_1_395' title='bbox 2763 2872 2827 2927; x_wconf 77' lang='grc' dir='ltr'><strong>τὰ</strong></span> <span class='ocrx_word' id='word_1_396' title='bbox 2884 2870 3221 2946; x_wconf 80' lang='grc' dir='ltr'>δικαιώματά</span> <span class='ocrx_word' id='word_1_397' title='bbox 3250 2893 3363 2947; x_wconf 60' lang='grc' dir='ltr'>σοι),</span> <span class='ocrx_word' id='word_1_398' title='bbox 3410 2873 3500 2927; x_wconf 81' lang='grc' dir='ltr'>καὶ</span> <span class='ocrx_word' id='word_1_399' title='bbox 3530 2885 3703 2946; x_wconf 71' lang='grc' dir='ltr'>νοεῖν,</span> <span class='ocrx_word' id='word_1_400' title='bbox 3758 2874 3850 2927; x_wconf 81' lang='grc' dir='ltr'><strong>καὶ</strong></span> 
     </span>
    </p>
   </div>
   <div class='ocr_carea' id='block_1_67' title="bbox 2186 2961 2457 3039">
    <p class='ocr_par' dir='ltr' id='par_1_67' title="bbox 2186 2961 2457 3039">
     <span class='ocr_line' id='line_1_67' title="bbox 2186 2961 2457 3039; baseline 0.004 -22"><span class='ocrx_word' id='word_1_401' title='bbox 2186 2961 2432 3039; x_wconf 81' lang='grc' dir='ltr'>πράττειν</span> <span class='ocrx_word' id='word_1_402' title='bbox 2443 3004 2457 3019; x_wconf 93' lang='grc'>.</span> 
     </span>
    </p>
   </div>
   <div class='ocr_carea' id='block_1_68' title="bbox 2273 3048 3849 3128">
    <p class='ocr_par' dir='ltr' id='par_1_68' title="bbox 2273 3048 3849 3128">
     <span class='ocr_line' id='line_1_68' title="bbox 2273 3048 3849 3128; baseline -0.001 -18"><span class='ocrx_word' id='word_1_403' title='bbox 2273 3048 2409 3111; x_wconf 67' lang='grc'>172.</span> <span class='ocrx_word' id='word_1_404' title='bbox 2443 3051 2675 3120; x_wconf 76' lang='grc' dir='ltr'>Λαλήσω</span> <span class='ocrx_word' id='word_1_405' title='bbox 2732 3052 2823 3106; x_wconf 81' lang='grc' dir='ltr'>τὸν</span> <span class='ocrx_word' id='word_1_406' title='bbox 2880 3049 3039 3127; x_wconf 68' lang='grc' dir='ltr'>λόγον</span> <span class='ocrx_word' id='word_1_407' title='bbox 3098 3073 3190 3107; x_wconf 87' lang='grc' dir='ltr'><strong>σου</strong></span> <span class='ocrx_word' id='word_1_408' title='bbox 3224 3052 3358 3126; x_wconf 77' lang='grc' dir='ltr'>μετὰ</span> <span class='ocrx_word' id='word_1_409' title='bbox 3389 3051 3714 3128; x_wconf 76' lang='grc' dir='ltr'>παρῥησίας,</span> <span class='ocrx_word' id='word_1_410' title='bbox 3764 3055 3849 3108; x_wconf 79' lang='grc' dir='ltr'><strong>ὁτι</strong></span> 
     </span>
    </p>
   </div>
   <div class='ocr_carea' id='block_1_69' title="bbox 2189 3138 3846 3221">
    <p class='ocr_par' dir='ltr' id='par_1_69' title="bbox 2189 3138 3846 3221">
     <span class='ocr_line' id='line_1_69' title="bbox 2189 3138 3846 3221; baseline 0.001 -26"><span class='ocrx_word' id='word_1_411' title='bbox 2189 3139 2283 3195; x_wconf 79' lang='grc' dir='ltr'><strong>ἀπ’</strong></span> <span class='ocrx_word' id='word_1_412' title='bbox 2344 3140 2522 3219; x_wconf 78' lang='grc' dir='ltr'>ἀρχῆς</span> <span class='ocrx_word' id='word_1_413' title='bbox 2572 3138 2673 3203; x_wconf 75' lang='grc' dir='ltr'>ἕως</span> <span class='ocrx_word' id='word_1_414' title='bbox 2717 3139 2898 3205; x_wconf 80' lang='grc' dir='ltr'>τέλους</span> <span class='ocrx_word' id='word_1_415' title='bbox 2950 3139 3256 3207; x_wconf 82' lang='grc' dir='ltr'>δικαιοσύνη</span> <span class='ocrx_word' id='word_1_416' title='bbox 3287 3142 3437 3221; x_wconf 73' lang='grc' dir='ltr'><strong>εἷςτὶν³</strong></span> <span class='ocrx_word' id='word_1_417' title='bbox 3471 3140 3608 3218; x_wconf 75' lang='grc' dir='ltr'>ἅπερ</span> <span class='ocrx_word' id='word_1_418' title='bbox 3638 3141 3846 3197; x_wconf 73' lang='grc' dir='ltr'><strong>ἐνετεί-</strong></span> 
     </span>
    </p>
   </div>
   <div class='ocr_carea' id='block_1_70' title="bbox 2189 3228 2688 3309">
    <p class='ocr_par' dir='ltr' id='par_1_70' title="bbox 2189 3228 2688 3309">
     <span class='ocr_line' id='line_1_70' title="bbox 2189 3228 2688 3309; baseline 0 -26"><span class='ocrx_word' id='word_1_419' title='bbox 2189 3228 2267 3284; x_wconf 87' lang='grc' dir='ltr'><strong>λω</strong></span> <span class='ocrx_word' id='word_1_420' title='bbox 2300 3230 2431 3301; x_wconf 73' lang='grc' dir='ltr'>ὑμῖν</span> <span class='ocrx_word' id='word_1_421' title='bbox 2474 3228 2661 3309; x_wconf 67' lang='grc' dir='ltr'>[ἡμῖν]</span> <span class='ocrx_word' id='word_1_422' title='bbox 2674 3276 2688 3291; x_wconf 83' lang='grc'>,</span> 
     </span>
    </p>
   </div>
   <div class='ocr_carea' id='block_1_71' title="bbox 2272 3318 3850 3401">
    <p class='ocr_par' dir='ltr' id='par_1_71' title="bbox 2272 3318 3850 3401">
     <span class='ocr_line' id='line_1_71' title="bbox 2272 3318 3850 3401; baseline 0 -24"><span class='ocrx_word' id='word_1_423' title='bbox 2272 3318 2410 3379; x_wconf 79' lang='grc'>173.</span> <span class='ocrx_word' id='word_1_424' title='bbox 2448 3321 2767 3396; x_wconf 77' lang='grc' dir='ltr'>Εὐτρὲτιισον</span> <span class='ocrx_word' id='word_1_425' title='bbox 2808 3321 2907 3388; x_wconf 75' lang='grc' dir='ltr'>τὴν</span> <span class='ocrx_word' id='word_1_426' title='bbox 2952 3321 3113 3401; x_wconf 80' lang='grc' dir='ltr'>χάριν</span> <span class='ocrx_word' id='word_1_427' title='bbox 3161 3342 3252 3376; x_wconf 86' lang='grc' dir='ltr'><strong>σου</strong></span> <span class='ocrx_word' id='word_1_428' title='bbox 3297 3318 3396 3399; x_wconf 72' lang='grc' dir='ltr'><strong>[εἷς</strong></span> <span class='ocrx_word' id='word_1_429' title='bbox 3442 3321 3524 3399; x_wconf 61' lang='grc' dir='ltr'>τοι</span> <span class='ocrx_word' id='word_1_430' title='bbox 3558 3322 3850 3400; x_wconf 72' lang='grc' dir='ltr'>φυλάττειν</span> 
     </span>
    </p>
   </div>
   <div class='ocr_carea' id='block_1_72' title="bbox 2183 3408 3294 3486">
    <p class='ocr_par' dir='ltr' id='par_1_72' title="bbox 2183 3408 3294 3486">
     <span class='ocr_line' id='line_1_72' title="bbox 2183 3408 3294 3486; baseline 0.005 -23"><span class='ocrx_word' id='word_1_431' title='bbox 2183 3428 2274 3483; x_wconf 80' lang='grc' dir='ltr'><strong>με,</strong></span> <span class='ocrx_word' id='word_1_432' title='bbox 2310 3410 2390 3463; x_wconf 82' lang='grc' dir='ltr'>ὁτι</span> <span class='ocrx_word' id='word_1_433' title='bbox 2421 3409 2514 3471; x_wconf 77' lang='grc' dir='ltr'>τὰς</span> <span class='ocrx_word' id='word_1_434' title='bbox 2547 3408 2762 3474; x_wconf 71' lang='grc' dir='ltr'>ἐντολὰς</span> <span class='ocrx_word' id='word_1_435' title='bbox 2808 3431 2903 3467; x_wconf 85' lang='grc' dir='ltr'><strong>σου</strong></span> <span class='ocrx_word' id='word_1_436' title='bbox 2948 3409 3294 3486; x_wconf 71' lang='grc' dir='ltr'>ἐξελεξάμην.</span> 
     </span>
    </p>
   </div>
   <div class='ocr_carea' id='block_1_73' title="bbox 2270 3495 3852 3580">
    <p class='ocr_par' dir='ltr' id='par_1_73' title="bbox 2270 3495 3852 3580">
     <span class='ocr_line' id='line_1_73' title="bbox 2270 3495 3852 3580; baseline -0.003 -20"><span class='ocrx_word' id='word_1_437' title='bbox 2270 3495 2403 3560; x_wconf 74' lang='grc'>174.</span> <span class='ocrx_word' id='word_1_438' title='bbox 2444 3498 2785 3566; x_wconf 80' lang='grc' dir='ltr'>Ἐπεποθησα</span> <span class='ocrx_word' id='word_1_439' title='bbox 2850 3505 3066 3577; x_wconf 73' lang='grc' dir='ltr'>γνῶιιιι,</span> <span class='ocrx_word' id='word_1_440' title='bbox 3145 3501 3319 3579; x_wconf 68' lang='grc' dir='ltr'>Κύριε,</span> <span class='ocrx_word' id='word_1_441' title='bbox 3394 3501 3488 3560; x_wconf 66' lang='grc' dir='ltr'><strong>τὴν</strong></span> <span class='ocrx_word' id='word_1_442' title='bbox 3547 3502 3852 3580; x_wconf 75' lang='grc' dir='ltr'>φανέρωσιν</span> 
     </span>
    </p>
   </div>
   <div class='ocr_carea' id='block_1_74' title="bbox 2183 3586 3848 3665">
    <p class='ocr_par' dir='ltr' id='par_1_74' title="bbox 2183 3586 3848 3665">
     <span class='ocr_line' id='line_1_74' title="bbox 2183 3586 3848 3665; baseline 0.002 -23"><span class='ocrx_word' id='word_1_443' title='bbox 2183 3593 2287 3643; x_wconf 82' lang='grc' dir='ltr'>τῶν</span> <span class='ocrx_word' id='word_1_444' title='bbox 2319 3588 2744 3665; x_wconf 66' lang='grc' dir='ltr'>προσταγμάτων</span> <span class='ocrx_word' id='word_1_445' title='bbox 2774 3611 2867 3645; x_wconf 90' lang='grc' dir='ltr'><strong>σου</strong></span> <span class='ocrx_word' id='word_1_446' title='bbox 2903 3604 2916 3619; x_wconf 84' lang='grc'><em>’</em></span> <span class='ocrx_word' id='word_1_447' title='bbox 2976 3586 3066 3644; x_wconf 78' lang='grc' dir='ltr'><strong>διὰ</strong></span> <span class='ocrx_word' id='word_1_448' title='bbox 3116 3596 3271 3645; x_wconf 76' lang='grc' dir='ltr'>τοῦτο</span> <span class='ocrx_word' id='word_1_449' title='bbox 3322 3589 3560 3661; x_wconf 75' lang='grc' dir='ltr'>ἐπιζητῶ</span> <span class='ocrx_word' id='word_1_450' title='bbox 3605 3591 3848 3656; x_wconf 75' lang='grc' dir='ltr'>ἑκάστης</span> 
     </span>
    </p>
   </div>
   <div class='ocr_carea' id='block_1_75' title="bbox 2185 3675 2817 3754">
    <p class='ocr_par' dir='ltr' id='par_1_75' title="bbox 2185 3675 2817 3754">
     <span class='ocr_line' id='line_1_75' title="bbox 2185 3675 2817 3754; baseline 0.002 -24"><span class='ocrx_word' id='word_1_451' title='bbox 2185 3681 2396 3754; x_wconf 81' lang='grc' dir='ltr'>Γραφῆς</span> <span class='ocrx_word' id='word_1_452' title='bbox 2429 3675 2528 3743; x_wconf 74' lang='grc' dir='ltr'><strong>τὴν</strong></span> <span class='ocrx_word' id='word_1_453' title='bbox 2556 3676 2817 3739; x_wconf 84' lang='grc' dir='ltr'>ἐπίλυσιν,</span> 
     </span>
    </p>
   </div>
   <div class='ocr_carea' id='block_1_76' title="bbox 2268 3765 3850 3848">
    <p class='ocr_par' dir='ltr' id='par_1_76' title="bbox 2268 3765 3850 3848">
     <span class='ocr_line' id='line_1_76' title="bbox 2268 3765 3850 3848; baseline 0 -22"><span class='ocrx_word' id='word_1_454' title='bbox 2268 3765 2404 3826; x_wconf 79' lang='grc'>175.</span> <span class='ocrx_word' id='word_1_455' title='bbox 2440 3766 2787 3832; x_wconf 76' lang='grc' dir='ltr'>Ζωσποίησον</span> <span class='ocrx_word' id='word_1_456' title='bbox 2834 3770 2933 3834; x_wconf 73' lang='grc' dir='ltr'><strong>τὴν</strong></span> <span class='ocrx_word' id='word_1_457' title='bbox 2983 3769 3168 3848; x_wconf 76' lang='grc' dir='ltr'>ψυχήν</span> <span class='ocrx_word' id='word_1_458' title='bbox 3228 3790 3328 3842; x_wconf 87' lang='grc' dir='ltr'><strong>μου</strong></span> <span class='ocrx_word' id='word_1_459' title='bbox 3372 3766 3454 3824; x_wconf 75' lang='grc' dir='ltr'><strong>διὰ</strong></span> <span class='ocrx_word' id='word_1_460' title='bbox 3486 3775 3582 3845; x_wconf 74' lang='grc' dir='ltr'>τῇς</span> <span class='ocrx_word' id='word_1_461' title='bbox 3616 3770 3850 3848; x_wconf 74' lang='grc' dir='ltr'>χάριτός</span> 
     </span>
    </p>
   </div>
   <div class='ocr_carea' id='block_1_77' title="bbox 2182 3854 3851 3935">
    <p class='ocr_par' dir='ltr' id='par_1_77' title="bbox 2182 3854 3851 3935">
     <span class='ocr_line' id='line_1_77' title="bbox 2182 3854 3851 3935; baseline 0.002 -25"><span class='ocrx_word' id='word_1_462' title='bbox 2182 3876 2298 3928; x_wconf 78' lang='grc' dir='ltr'>σου,</span> <span class='ocrx_word' id='word_1_463' title='bbox 2343 3856 2431 3911; x_wconf 77' lang='grc' dir='ltr'>καὶ</span> <span class='ocrx_word' id='word_1_464' title='bbox 2461 3854 2654 3912; x_wconf 78' lang='grc' dir='ltr'>αἰνέσει</span> <span class='ocrx_word' id='word_1_465' title='bbox 2701 3854 2805 3935; x_wconf 78' lang='grc' dir='ltr'><strong>[σε]</strong></span> <span class='ocrx_word' id='word_1_466' title='bbox 2872 3854 2941 3913; x_wconf 72' lang='grc' dir='ltr'><strong>δι’</strong></span> <span class='ocrx_word' id='word_1_467' title='bbox 2971 3859 3134 3923; x_wconf 51' lang='lat' dir='ltr'><strong>«uti;</strong></span> <span class='ocrx_word' id='word_1_468' title='bbox 3171 3873 3184 3886; x_wconf 86' lang='lat'>&#39;</span> <span class='ocrx_word' id='word_1_469' title='bbox 3235 3860 3319 3914; x_wconf 69' lang='grc' dir='ltr'><strong>ιαὶ</strong></span> <span class='ocrx_word' id='word_1_470' title='bbox 3362 3859 3426 3913; x_wconf 78' lang='grc' dir='ltr'>τὰ</span> <span class='ocrx_word' id='word_1_471' title='bbox 3468 3858 3703 3933; x_wconf 75' lang='grc' dir='ltr'>κρίματά</span> <span class='ocrx_word' id='word_1_472' title='bbox 3755 3879 3851 3914; x_wconf 70' lang='grc' dir='ltr'><strong>σου</strong></span> 
     </span>
    </p>
   </div>
   <div class='ocr_carea' id='block_1_78' title="bbox 2181 3943 3685 4021">
    <p class='ocr_par' dir='ltr' id='par_1_78' title="bbox 2181 3943 3685 4021">
     <span class='ocr_line' id='line_1_78' title="bbox 2181 3943 3685 4021; baseline 0.004 -22"><span class='ocrx_word' id='word_1_473' title='bbox 2181 3943 2321 4001; x_wconf 75' lang='grc' dir='ltr'>ὅπλα</span> <span class='ocrx_word' id='word_1_474' title='bbox 2347 3966 2438 4018; x_wconf 85' lang='grc' dir='ltr'><strong>μοι</strong></span> <span class='ocrx_word' id='word_1_475' title='bbox 2470 3944 2709 4021; x_wconf 82' lang='grc' dir='ltr'>γένοιντο</span> <span class='ocrx_word' id='word_1_476' title='bbox 2753 3948 2899 4002; x_wconf 77' lang='grc' dir='ltr'>κατὰ</span> <span class='ocrx_word' id='word_1_477' title='bbox 2945 3952 3049 4002; x_wconf 79' lang='grc' dir='ltr'>τῶν</span> <span class='ocrx_word' id='word_1_478' title='bbox 3093 3947 3339 4003; x_wconf 76' lang='grc' dir='ltr'>ἐναντίων</span> <span class='ocrx_word' id='word_1_479' title='bbox 3385 3944 3685 4015; x_wconf 78' lang='grc' dir='ltr'>δυνάμεων.</span> 
     </span>
    </p>
   </div>
   <div class='ocr_carea' id='block_1_79' title="bbox 2274 4032 3850 4104">
    <p class='ocr_par' dir='ltr' id='par_1_79' title="bbox 2274 4032 3850 4104">
     <span class='ocr_line' id='line_1_79' title="bbox 2274 4032 3850 4104; baseline 0 -12"><span class='ocrx_word' id='word_1_480' title='bbox 2274 4032 2410 4096; x_wconf 77' lang='grc'>176.</span> <span class='ocrx_word' id='word_1_481' title='bbox 2463 4032 2804 4104; x_wconf 66' lang='grc' dir='ltr'>Ἐπλαντίθην</span> <span class='ocrx_word' id='word_1_482' title='bbox 2834 4033 3141 4092; x_wconf 83' lang='grc' dir='ltr'>καταλιπών</span> <span class='ocrx_word' id='word_1_483' title='bbox 3203 4058 3259 4091; x_wconf 82' lang='grc' dir='ltr'>σε</span> <span class='ocrx_word' id='word_1_484' title='bbox 3306 4038 3394 4091; x_wconf 83' lang='grc' dir='ltr'>τὸν</span> <span class='ocrx_word' id='word_1_485' title='bbox 3425 4034 3683 4102; x_wconf 71' lang='grc' dir='ltr'>ἀ)ηθινὸν</span> <span class='ocrx_word' id='word_1_486' title='bbox 3721 4057 3850 4092; x_wconf 75' lang='grc' dir='ltr'>ποι-</span> 
     </span>
    </p>
   </div>
   <div class='ocr_carea' id='block_1_80' title="bbox 453 4121 2094 4213">
    <p class='ocr_par' dir='ltr' id='par_1_80' title="bbox 453 4127 2094 4213">
     <span class='ocr_line' id='line_1_80' title="bbox 453 4127 2094 4213; baseline -0.004 -17"><span class='ocrx_word' id='word_1_487' title='bbox 453 4129 769 4213; x_wconf 85' lang='lat' dir='ltr'><strong>cognoscis</strong></span> <span class='ocrx_word' id='word_1_488' title='bbox 797 4127 895 4190; x_wconf 92' lang='lat' dir='ltr'><strong>ubi</strong></span> <span class='ocrx_word' id='word_1_489' title='bbox 925 4147 1086 4201; x_wconf 89' lang='lat' dir='ltr'><strong>sum;</strong></span> <span class='ocrx_word' id='word_1_490' title='bbox 1127 4128 1213 4189; x_wconf 72' lang='lat' dir='ltr'><strong>iac</strong></span> <span class='ocrx_word' id='word_1_491' title='bbox 1249 4137 1310 4189; x_wconf 92' lang='lat' dir='ltr'><strong>ut</strong></span> <span class='ocrx_word' id='word_1_492' title='bbox 1345 4129 1491 4191; x_wconf 83' lang='lat' dir='ltr'><strong>velis</strong></span> <span class='ocrx_word' id='word_1_493' title='bbox 1523 4149 1617 4191; x_wconf 92' lang='lat' dir='ltr'><strong>me</strong></span> <span class='ocrx_word' id='word_1_494' title='bbox 1649 4130 2094 4212; x_wconf 67' lang='lat' dir='ltr'><strong>reperire,quo-</strong></span> 
     </span>
    </p>
   </div>
   <div class='ocr_carea' id='block_1_81' title="bbox 2232 4121 3847 4213">
    <p class='ocr_par' dir='ltr' id='par_1_81' title="bbox 2235 4121 3847 4207">
     <span class='ocr_line' id='line_1_81' title="bbox 2235 4121 3847 4207; baseline 0.002 -29"><span class='ocrx_word' id='word_1_495' title='bbox 2235 4122 2323 4178; x_wconf 84' lang='grc' dir='ltr'>ἑνα</span> <span class='ocrx_word' id='word_1_496' title='bbox 2353 4138 2366 4151; x_wconf 87' lang='grc'>⁶</span> <span class='ocrx_word' id='word_1_497' title='bbox 2416 4121 2552 4178; x_wconf 77' lang='grc' dir='ltr'>ἀλλὰ</span> <span class='ocrx_word' id='word_1_498' title='bbox 2596 4123 2883 4201; x_wconf 75' lang='grc' dir='ltr'>γινώσκεις</span> <span class='ocrx_word' id='word_1_499' title='bbox 2916 4132 3015 4182; x_wconf 78' lang='grc' dir='ltr'>ποῦ</span> <span class='ocrx_word' id='word_1_500' title='bbox 3045 4127 3147 4200; x_wconf 82' lang='grc' dir='ltr'>εἰμι</span> <span class='ocrx_word' id='word_1_501' title='bbox 3191 4141 3203 4154; x_wconf 92' lang='lat'><strong>&#39;</strong></span> <span class='ocrx_word' id='word_1_502' title='bbox 3248 4125 3474 4191; x_wconf 80' lang='grc' dir='ltr'>Θελησον</span> <span class='ocrx_word' id='word_1_503' title='bbox 3518 4128 3705 4187; x_wconf 58' lang='lat' dir='ltr'><strong>abas!»</strong></span> <span class='ocrx_word' id='word_1_504' title='bbox 3749 4148 3847 4207; x_wconf 64' lang='grc' dir='ltr'><strong>με,</strong></span> 
     </span>
    </p>
   </div>
   <div class='ocr_carea' id='block_1_82' title="bbox 456 4211 2094 4296">
    <p class='ocr_par' dir='ltr' id='par_1_82' title="bbox 456 4211 2094 4296">
     <span class='ocr_line' id='line_1_82' title="bbox 456 4211 2094 4296; baseline -0.003 -11"><span class='ocrx_word' id='word_1_505' title='bbox 456 4211 615 4285; x_wconf 77' lang='lat' dir='ltr'><strong>niam</strong></span> <span class='ocrx_word' id='word_1_506' title='bbox 649 4220 823 4283; x_wconf 86' lang='lat' dir='ltr'><strong>etiam</strong></span> <span class='ocrx_word' id='word_1_507' title='bbox 872 4215 1251 4279; x_wconf 87' lang='lat' dir='ltr'><strong>errabundus</strong></span> <span class='ocrx_word' id='word_1_508' title='bbox 1303 4216 1617 4288; x_wconf 83' lang='lat' dir='ltr'><strong>exsistens.</strong></span> <span class='ocrx_word' id='word_1_509' title='bbox 1670 4228 1947 4296; x_wconf 76' lang='lat' dir='ltr'><strong>tanquam</strong></span> <span class='ocrx_word' id='word_1_510' title='bbox 1984 4221 2094 4280; x_wconf 77' lang='lat' dir='ltr'><strong>ovis</strong></span> 
     </span>
    </p>
   </div>
   <div class='ocr_carea' id='block_1_83' title="bbox 2232 4211 3845 4296">
    <p class='ocr_par' dir='ltr' id='par_1_83' title="bbox 2232 4211 3845 4294">
     <span class='ocr_line' id='line_1_83' title="bbox 2232 4211 3845 4294; baseline 0.001 -27"><span class='ocrx_word' id='word_1_511' title='bbox 2232 4235 2273 4267; x_wconf 71' lang='grc' dir='ltr'><strong>τι</strong></span> <span class='ocrx_word' id='word_1_512' title='bbox 2308 4214 2394 4269; x_wconf 83' lang='grc' dir='ltr'>καὶ</span> <span class='ocrx_word' id='word_1_513' title='bbox 2445 4211 2850 4287; x_wconf 78' lang='grc' dir='ltr'>πεπλανημένος</span> <span class='ocrx_word' id='word_1_514' title='bbox 2890 4214 2965 4271; x_wconf 81' lang='grc' dir='ltr'>ὢν</span> <span class='ocrx_word' id='word_1_515' title='bbox 3021 4217 3092 4279; x_wconf 78' lang='grc' dir='ltr'><strong>ὡς</strong></span> <span class='ocrx_word' id='word_1_516' title='bbox 3136 4214 3398 4294; x_wconf 67' lang='grc' dir='ltr'>πρόϐατον</span> <span class='ocrx_word' id='word_1_517' title='bbox 3445 4212 3692 4271; x_wconf 72' lang='grc' dir='ltr'>ἀναϐοῶν</span> <span class='ocrx_word' id='word_1_518' title='bbox 3736 4225 3845 4287; x_wconf 83' lang='grc' dir='ltr'><strong>ζη-</strong></span> 
     </span>
    </p>
   </div>
   <div class='ocr_carea' id='block_1_84' title="bbox 456 4300 2094 4398">
    <p class='ocr_par' dir='ltr' id='par_1_84' title="bbox 456 4309 2094 4391">
     <span class='ocr_line' id='line_1_84' title="bbox 456 4309 2094 4391; baseline -0.004 -15"><span class='ocrx_word' id='word_1_519' title='bbox 456 4314 717 4378; x_wconf 90' lang='lat' dir='ltr'><strong>clamans</strong></span> <span class='ocrx_word' id='word_1_520' title='bbox 749 4324 946 4391; x_wconf 67' lang='lat' dir='ltr'><strong>quaaro</strong></span> <span class='ocrx_word' id='word_1_521' title='bbox 1002 4314 1081 4385; x_wconf 84' lang='lat' dir='ltr'><strong>te,</strong></span> <span class='ocrx_word' id='word_1_522' title='bbox 1133 4314 1190 4367; x_wconf 89' lang='lat' dir='ltr'><strong>et</strong></span> <span class='ocrx_word' id='word_1_523' title='bbox 1247 4322 1491 4384; x_wconf 84' lang='lat' dir='ltr'><strong>gregem</strong></span> <span class='ocrx_word' id='word_1_524' title='bbox 1544 4316 1731 4383; x_wconf 87' lang='lat' dir='ltr'><strong>tuum,</strong></span> <span class='ocrx_word' id='word_1_525' title='bbox 1790 4309 2003 4369; x_wconf 90' lang='lat' dir='ltr'><strong>timens</strong></span> <span class='ocrx_word' id='word_1_526' title='bbox 2034 4328 2094 4369; x_wconf 85' lang='grc' dir='ltr'>ηε</span> 
     </span>
    </p>
   </div>
   <div class='ocr_carea' id='block_1_85' title="bbox 2232 4300 3843 4398">
    <p class='ocr_par' dir='ltr' id='par_1_85' title="bbox 2232 4300 3843 4384">
     <span class='ocr_line' id='line_1_85' title="bbox 2232 4300 3843 4384; baseline 0.002 -27"><span class='ocrx_word' id='word_1_527' title='bbox 2232 4310 2296 4357; x_wconf 68' lang='grc' dir='ltr'>ὧν</span> <span class='ocrx_word' id='word_1_528' title='bbox 2329 4300 2522 4382; x_wconf 77' lang='grc' dir='ltr'>[ζητῶ]</span> <span class='ocrx_word' id='word_1_529' title='bbox 2572 4324 2653 4374; x_wconf 71' lang='grc' dir='ltr'><strong>σε,</strong></span> <span class='ocrx_word' id='word_1_530' title='bbox 2710 4304 2798 4358; x_wconf 85' lang='grc' dir='ltr'><strong>καὶ</strong></span> <span class='ocrx_word' id='word_1_531' title='bbox 2848 4304 2949 4369; x_wconf 70' lang='grc' dir='ltr'><strong>τὴν</strong></span> <span class='ocrx_word' id='word_1_532' title='bbox 3007 4305 3109 4370; x_wconf 71' lang='grc' dir='ltr'>σὴν</span> <span class='ocrx_word' id='word_1_533' title='bbox 3153 4305 3410 4378; x_wconf 64' lang='grc' dir='ltr'><strong>ποίμνην⁹</strong></span> <span class='ocrx_word' id='word_1_534' title='bbox 3481 4302 3843 4384; x_wconf 69' lang='grc' dir='ltr'>φοϐούμενος,</span> 
     </span>
    </p>
   </div>
   <div class='ocr_carea' id='block_1_86' title="bbox 456 4391 2094 4485">
    <p class='ocr_par' dir='ltr' id='par_1_86' title="bbox 456 4394 2094 4485">
     <span class='ocr_line' id='line_1_86' title="bbox 456 4394 2094 4485; baseline -0.005 -20"><span class='ocrx_word' id='word_1_535' title='bbox 456 4411 699 4485; x_wconf 85' lang='lat' dir='ltr'><strong>propter</strong></span> <span class='ocrx_word' id='word_1_536' title='bbox 732 4416 928 4460; x_wconf 88' lang='lat' dir='ltr'><strong>meum</strong></span> <span class='ocrx_word' id='word_1_537' title='bbox 974 4402 1283 4475; x_wconf 72' lang='lat' dir='ltr'><strong>peccatum</strong></span> <span class='ocrx_word' id='word_1_538' title='bbox 1329 4403 1389 4457; x_wconf 91' lang='lat' dir='ltr'><strong>et</strong></span> <span class='ocrx_word' id='word_1_539' title='bbox 1420 4394 1478 4456; x_wconf 91' lang='lat' dir='ltr'><strong>in</strong></span> <span class='ocrx_word' id='word_1_540' title='bbox 1516 4397 1771 4475; x_wconf 76' lang='lat' dir='ltr'><strong>przedam</strong></span> <span class='ocrx_word' id='word_1_541' title='bbox 1806 4401 1915 4457; x_wconf 84' lang='lat' dir='ltr'><strong>sim</strong></span> <span class='ocrx_word' id='word_1_542' title='bbox 1954 4416 2094 4458; x_wconf 92' lang='lat' dir='ltr'><strong>con-</strong></span> 
     </span>
    </p>
   </div>
   <div class='ocr_carea' id='block_1_87' title="bbox 2232 4391 3851 4485">
    <p class='ocr_par' dir='ltr' id='par_1_87' title="bbox 2232 4391 3851 4473">
     <span class='ocr_line' id='line_1_87' title="bbox 2232 4391 3851 4473; baseline 0 -26"><span class='ocrx_word' id='word_1_543' title='bbox 2232 4393 2403 4460; x_wconf 79' lang='grc' dir='ltr'>ήποτε</span> <span class='ocrx_word' id='word_1_544' title='bbox 2434 4391 2517 4446; x_wconf 82' lang='grc' dir='ltr'><strong>διὰ</strong></span> <span class='ocrx_word' id='word_1_545' title='bbox 2574 4397 2673 4456; x_wconf 76' lang='grc' dir='ltr'>τῆς</span> <span class='ocrx_word' id='word_1_546' title='bbox 2720 4392 2976 4470; x_wconf 66' lang='grc' dir='ltr'>ἁμαρτίας</span> <span class='ocrx_word' id='word_1_547' title='bbox 3026 4414 3127 4467; x_wconf 78' lang='grc' dir='ltr'><strong>μου</strong></span> <span class='ocrx_word' id='word_1_548' title='bbox 3169 4394 3255 4448; x_wconf 76' lang='grc' dir='ltr'>καὶ</span> <span class='ocrx_word' id='word_1_549' title='bbox 3303 4394 3636 4470; x_wconf 76' lang='grc' dir='ltr'>θηριάλωτος</span> <span class='ocrx_word' id='word_1_550' title='bbox 3670 4397 3851 4473; x_wconf 72' lang='grc' dir='ltr'>γένω-</span> 
     </span>
    </p>
   </div>
   <div class='ocr_carea' id='block_1_88' title="bbox 461 4485 1100 4572">
    <p class='ocr_par' dir='ltr' id='par_1_88' title="bbox 461 4485 1100 4572">
     <span class='ocr_line' id='line_1_88' title="bbox 461 4485 1100 4572; baseline -0.011 -15"><span class='ocrx_word' id='word_1_551' title='bbox 461 4490 657 4557; x_wconf 88' lang='lat' dir='ltr'><strong>trariis</strong></span> <span class='ocrx_word' id='word_1_552' title='bbox 688 4485 1100 4572; x_wconf 86' lang='lat' dir='ltr'><strong>potestatibus.</strong></span> 
     </span>
    </p>
   </div>
   <div class='ocr_carea' id='block_1_89' title="bbox 537 4617 2099 4703">
    <p class='ocr_par' dir='ltr' id='par_1_89' title="bbox 537 4617 2099 4703">
     <span class='ocr_line' id='line_1_89' title="bbox 537 4617 2099 4703; baseline -0.005 -20"><span class='ocrx_word' id='word_1_553' title='bbox 537 4626 600 4682; x_wconf 86' lang='grc' dir='ltr'>Ἢ</span> <span class='ocrx_word' id='word_1_554' title='bbox 658 4624 986 4703; x_wconf 69' lang='grc' dir='ltr'>προκειμένη</span> <span class='ocrx_word' id='word_1_555' title='bbox 1047 4622 1316 4701; x_wconf 77' lang='grc' dir='ltr'>ἐπιγραφὴ</span> <span class='ocrx_word' id='word_1_556' title='bbox 1346 4623 1409 4703; x_wconf 40' lang='grc' dir='ltr'><strong>-ἡ</strong></span> <span class='ocrx_word' id='word_1_557' title='bbox 1465 4617 1550 4676; x_wconf 81' lang='grc' dir='ltr'><strong>διὰ</strong></span> <span class='ocrx_word' id='word_1_558' title='bbox 1601 4625 1700 4686; x_wconf 79' lang='grc' dir='ltr'>τῆς</span> <span class='ocrx_word' id='word_1_559' title='bbox 1744 4617 2099 4703; x_wconf 51' lang='grc' dir='ltr'>κινναϐάρεως</span> 
     </span>
    </p>
   </div>
   <div class='ocr_carea' id='block_1_90' title="bbox 456 4698 2099 4785">
    <p class='ocr_par' dir='ltr' id='par_1_90' title="bbox 456 4698 2099 4785">
     <span class='ocr_line' id='line_1_90' title="bbox 456 4698 2099 4785; baseline -0.007 -21"><span class='ocrx_word' id='word_1_560' title='bbox 456 4698 722 4785; x_wconf 67' lang='grc' dir='ltr'>περιέχει,</span> <span class='ocrx_word' id='word_1_561' title='bbox 757 4713 870 4766; x_wconf 85' lang='lat' dir='ltr'><strong>etc.</strong></span> <span class='ocrx_word' id='word_1_562' title='bbox 907 4698 1289 4782; x_wconf 73' lang='grc' dir='ltr'>Ἐρμηνεῦὲται</span> <span class='ocrx_word' id='word_1_563' title='bbox 1340 4700 1602 4780; x_wconf 77' lang='grc' dir='ltr'>διαφόρως</span> <span class='ocrx_word' id='word_1_564' title='bbox 1634 4703 1723 4757; x_wconf 83' lang='grc' dir='ltr'><strong>καὶ</strong></span> <span class='ocrx_word' id='word_1_565' title='bbox 1753 4698 2099 4777; x_wconf 74' lang='grc' dir='ltr'>πολυτρόπιυς</span> 
     </span>
    </p>
   </div>
   <div class='ocr_carea' id='block_1_91' title="bbox 456 4787 2100 4875">
    <p class='ocr_par' dir='ltr' id='par_1_91' title="bbox 456 4787 2100 4875">
     <span class='ocr_line' id='line_1_91' title="bbox 456 4787 2100 4875; baseline 0 -27"><span class='ocrx_word' id='word_1_566' title='bbox 456 4799 553 4875; x_wconf 65' lang='grc' dir='ltr'><strong>εἰς,</strong></span> <span class='ocrx_word' id='word_1_567' title='bbox 588 4802 701 4856; x_wconf 77' lang='lat' dir='ltr'><strong>etc.</strong></span> <span class='ocrx_word' id='word_1_568' title='bbox 755 4795 898 4867; x_wconf 76' lang='grc' dir='ltr'><strong>ἡμᾶς</strong></span> <span class='ocrx_word' id='word_1_569' title='bbox 951 4790 1405 4870; x_wconf 82' lang='grc' dir='ltr'>προτρεπόμενον.</span> <span class='ocrx_word' id='word_1_570' title='bbox 1458 4787 1692 4850; x_wconf 81' lang='lat' dir='ltr'><strong>Titulus</strong></span> <span class='ocrx_word' id='word_1_571' title='bbox 1752 4794 2100 4867; x_wconf 64' lang='lat' dir='ltr'><strong>praepositus</strong></span> 
     </span>
    </p>
   </div>
   <div class='ocr_carea' id='block_1_92' title="bbox 454 4877 2091 4961">
    <p class='ocr_par' dir='ltr' id='par_1_92' title="bbox 454 4877 2091 4961">
     <span class='ocr_line' id='line_1_92' title="bbox 454 4877 2091 4961; baseline -0.005 -15"><span class='ocrx_word' id='word_1_572' title='bbox 454 4882 762 4947; x_wconf 89' lang='lat' dir='ltr'><strong>cinnabari</strong></span> <span class='ocrx_word' id='word_1_573' title='bbox 786 4880 1045 4961; x_wconf 88' lang='lat' dir='ltr'><strong>scriptus</strong></span> <span class='ocrx_word' id='word_1_574' title='bbox 1073 4881 1363 4950; x_wconf 87' lang='lat' dir='ltr'><strong>continet,</strong></span> <span class='ocrx_word' id='word_1_575' title='bbox 1393 4887 1509 4941; x_wconf 88' lang='lat' dir='ltr'><strong>etc.</strong></span> <span class='ocrx_word' id='word_1_576' title='bbox 1544 4877 1975 4956; x_wconf 81' lang='lat' dir='ltr'><strong>Interpretatur</strong></span> <span class='ocrx_word' id='word_1_577' title='bbox 2003 4878 2091 4938; x_wconf 83' lang='lat' dir='ltr'><strong>di-</strong></span> 
     </span>
    </p>
   </div>
   <div class='ocr_carea' id='block_1_93' title="bbox 457 4968 2095 5052">
    <p class='ocr_par' dir='ltr' id='par_1_93' title="bbox 457 4968 2095 5052">
     <span class='ocr_line' id='line_1_93' title="bbox 457 4968 2095 5052; baseline -0.003 -18"><span class='ocrx_word' id='word_1_578' title='bbox 457 4993 621 5037; x_wconf 86' lang='lat' dir='ltr'><strong>verse</strong></span> <span class='ocrx_word' id='word_1_579' title='bbox 658 4980 716 5034; x_wconf 92' lang='lat' dir='ltr'><strong>et</strong></span> <span class='ocrx_word' id='word_1_580' title='bbox 736 4971 902 5033; x_wconf 87' lang='lat' dir='ltr'><strong>varie</strong></span> <span class='ocrx_word' id='word_1_581' title='bbox 922 4970 997 5033; x_wconf 87' lang='lat' dir='ltr'><strong>ad</strong></span> <span class='ocrx_word' id='word_1_582' title='bbox 1018 4971 1270 5052; x_wconf 81' lang='lat' dir='ltr'><strong>hymnos</strong></span> <span class='ocrx_word' id='word_1_583' title='bbox 1291 4980 1348 5032; x_wconf 90' lang='lat' dir='ltr'><strong>et</strong></span> <span class='ocrx_word' id='word_1_584' title='bbox 1369 4968 1601 5030; x_wconf 87' lang='lat' dir='ltr'><strong>laudem</strong></span> <span class='ocrx_word' id='word_1_585' title='bbox 1620 4987 1729 5028; x_wconf 89' lang='lat' dir='ltr'><strong>nos</strong></span> <span class='ocrx_word' id='word_1_586' title='bbox 1748 4968 2095 5030; x_wconf 79' lang='lat' dir='ltr'><strong>exhortans.</strong></span> 
     </span>
    </p>
   </div>
   <div class='ocr_carea' id='block_1_94' title="bbox 540 5055 2107 5141">
    <p class='ocr_par' dir='ltr' id='par_1_94' title="bbox 540 5055 2107 5141">
     <span class='ocr_line' id='line_1_94' title="bbox 540 5055 2107 5141; baseline -0.002 -22"><span class='ocrx_word' id='word_1_587' title='bbox 540 5072 598 5128; x_wconf 83' lang='grc'>1,</span> <span class='ocrx_word' id='word_1_588' title='bbox 638 5063 894 5141; x_wconf 78' lang='grc' dir='ltr'>Μακάριοι</span> <span class='ocrx_word' id='word_1_589' title='bbox 925 5063 973 5118; x_wconf 74' lang='grc' dir='ltr'>οἱ</span> <span class='ocrx_word' id='word_1_590' title='bbox 1030 5063 1167 5119; x_wconf 79' lang='grc' dir='ltr'>κατὰ</span> <span class='ocrx_word' id='word_1_591' title='bbox 1215 5064 1301 5117; x_wconf 83' lang='grc' dir='ltr'>τὸν</span> <span class='ocrx_word' id='word_1_592' title='bbox 1348 5058 1488 5119; x_wconf 76' lang='grc' dir='ltr'><strong>Ἰὼϐ.</strong></span> <span class='ocrx_word' id='word_1_593' title='bbox 1536 5060 1608 5116; x_wconf 76' lang='grc' dir='ltr'><strong>Τὸ</strong></span> <span class='ocrx_word' id='word_1_594' title='bbox 1667 5055 1871 5136; x_wconf 53' lang='lat' dir='ltr'><strong>&quot;Ala-9,</strong></span> <span class='ocrx_word' id='word_1_595' title='bbox 1924 5061 1979 5113; x_wconf 83' lang='grc' dir='ltr'>τὸ</span> <span class='ocrx_word' id='word_1_596' title='bbox 2024 5059 2107 5119; x_wconf 78' lang='grc' dir='ltr'>διὰ</span> 
     </span>
    </p>
   </div>
   <div class='ocr_carea' id='block_1_95' title="bbox 455 5148 2100 5231">
    <p class='ocr_par' dir='ltr' id='par_1_95' title="bbox 455 5148 2100 5231">
     <span class='ocr_line' id='line_1_95' title="bbox 455 5148 2100 5231; baseline -0.015 -6"><span class='ocrx_word' id='word_1_597' title='bbox 455 5157 550 5224; x_wconf 80' lang='grc' dir='ltr'>τῆς</span> <span class='ocrx_word' id='word_1_598' title='bbox 605 5150 957 5231; x_wconf 62' lang='grc' dir='ltr'>κινναϐάρεως</span> <span class='ocrx_word' id='word_1_599' title='bbox 1045 5152 1455 5231; x_wconf 71' lang='grc' dir='ltr'>παρακείμενον,</span> <span class='ocrx_word' id='word_1_600' title='bbox 1544 5148 1890 5223; x_wconf 76' lang='grc' dir='ltr'>ἔρμηνεύεται</span> <span class='ocrx_word' id='word_1_601' title='bbox 1954 5148 2100 5230; x_wconf 69' lang='grc' dir='ltr'><strong>ἀρχὴ</strong></span> 
     </span>
    </p>
   </div>
   <div class='ocr_carea' id='block_1_96' title="bbox 456 5237 2102 5323">
    <p class='ocr_par' dir='ltr' id='par_1_96' title="bbox 456 5237 2102 5323">
     <span class='ocr_line' id='line_1_96' title="bbox 456 5237 2102 5323; baseline -0.004 -21"><span class='ocrx_word' id='word_1_602' title='bbox 456 5247 739 5323; x_wconf 68' lang='grc' dir='ltr'>στόματος,</span> <span class='ocrx_word' id='word_1_603' title='bbox 831 5242 1102 5300; x_wconf 72' lang='grc' dir='ltr'>τουτέστιν</span> <span class='ocrx_word' id='word_1_604' title='bbox 1164 5245 1191 5297; x_wconf 86' lang='grc' dir='ltr'>ὁ</span> <span class='ocrx_word' id='word_1_605' title='bbox 1252 5239 1537 5314; x_wconf 84' lang='grc' dir='ltr'>δυνάμενος</span> <span class='ocrx_word' id='word_1_606' title='bbox 1610 5238 1688 5311; x_wconf 71' lang='grc' dir='ltr'>μὴ</span> <span class='ocrx_word' id='word_1_607' title='bbox 1776 5237 1974 5292; x_wconf 76' lang='grc' dir='ltr'>πταίειν</span> <span class='ocrx_word' id='word_1_608' title='bbox 2049 5241 2102 5295; x_wconf 79' lang='grc' dir='ltr'>ἐν</span> 
     </span>
    </p>
   </div>
   <div class='ocr_carea' id='block_1_97' title="bbox 458 5324 2096 5414">
    <p class='ocr_par' dir='ltr' id='par_1_97' title="bbox 458 5324 2096 5414">
     <span class='ocr_line' id='line_1_97' title="bbox 458 5324 2096 5414; baseline -0.004 -21"><span class='ocrx_word' id='word_1_609' title='bbox 458 5336 625 5414; x_wconf 77' lang='grc' dir='ltr'>λόγῳ,</span> <span class='ocrx_word' id='word_1_610' title='bbox 672 5334 825 5397; x_wconf 84' lang='grc' dir='ltr'>οὗτος</span> <span class='ocrx_word' id='word_1_611' title='bbox 857 5330 1060 5397; x_wconf 78' lang='grc' dir='ltr'>τέλειος</span> <span class='ocrx_word' id='word_1_612' title='bbox 1090 5331 1248 5408; x_wconf 66' lang='grc' dir='ltr'>ἀνήρ.</span> <span class='ocrx_word' id='word_1_613' title='bbox 1272 5326 1571 5407; x_wconf 86' lang='lat' dir='ltr'><strong>Beati,qui</strong></span> <span class='ocrx_word' id='word_1_614' title='bbox 1601 5324 1930 5386; x_wconf 87' lang='lat' dir='ltr'><strong>secundum</strong></span> <span class='ocrx_word' id='word_1_615' title='bbox 1962 5325 2096 5389; x_wconf 78' lang='lat' dir='ltr'><strong>Job.</strong></span> 
     </span>
    </p>
   </div>
   <div class='ocr_carea' id='block_1_98' title="bbox 457 5416 2103 5504">
    <p class='ocr_par' dir='ltr' id='par_1_98' title="bbox 457 5416 2103 5504">
     <span class='ocr_line' id='line_1_98' title="bbox 457 5416 2103 5504; baseline -0.005 -18"><span class='ocrx_word' id='word_1_616' title='bbox 457 5422 643 5504; x_wconf 81' lang='lat' dir='ltr'><strong>Aleph</strong></span> <span class='ocrx_word' id='word_1_617' title='bbox 673 5420 986 5485; x_wconf 85' lang='lat' dir='ltr'><strong>cinnabari</strong></span> <span class='ocrx_word' id='word_1_618' title='bbox 1035 5418 1233 5483; x_wconf 86' lang='lat' dir='ltr'><strong>versui</strong></span> <span class='ocrx_word' id='word_1_619' title='bbox 1293 5418 1620 5500; x_wconf 87' lang='lat' dir='ltr'><strong>ascriptum</strong></span> <span class='ocrx_word' id='word_1_620' title='bbox 1672 5416 2103 5496; x_wconf 76' lang='lat' dir='ltr'><strong>interpretatur</strong></span> 
     </span>
    </p>
   </div>
   <div class='ocr_carea' id='block_1_99' title="bbox 539 5595 1627 5681">
    <p class='ocr_par' dir='ltr' id='par_1_99' title="bbox 539 5595 1627 5681">
     <span class='ocr_line' id='line_1_99' title="bbox 539 5595 1627 5681; baseline -0.004 -19"><span class='ocrx_word' id='word_1_621' title='bbox 539 5602 600 5654; x_wconf 90' lang='lat'><strong>70</strong></span> <span class='ocrx_word' id='word_1_622' title='bbox 630 5600 782 5664; x_wconf 68' lang='lat' dir='ltr'><strong>Paul.</strong></span> <span class='ocrx_word' id='word_1_623' title='bbox 819 5616 979 5681; x_wconf 69' lang='grc' dir='ltr'>χιιι,</span> <span class='ocrx_word' id='word_1_624' title='bbox 1015 5600 1110 5666; x_wconf 80' lang='grc'><strong>15.</strong></span> <span class='ocrx_word' id='word_1_625' title='bbox 1198 5598 1252 5649; x_wconf 76' lang='grc' dir='ltr'><strong>τί</strong></span> <span class='ocrx_word' id='word_1_626' title='bbox 1278 5595 1403 5661; x_wconf 84' lang='lat' dir='ltr'><strong>Jac.</strong></span> <span class='ocrx_word' id='word_1_627' title='bbox 1438 5614 1525 5673; x_wconf 85' lang='grc' dir='ltr'>ιιι,</span> <span class='ocrx_word' id='word_1_628' title='bbox 1564 5596 1627 5659; x_wconf 71' lang='grc'>2.</span> 
     </span>
    </p>
   </div>
   <div class='ocr_carea' id='block_1_100' title="bbox 2187 4480 3145 4554">
    <p class='ocr_par' dir='ltr' id='par_1_100' title="bbox 2187 4480 3145 4554">
     <span class='ocr_line' id='line_1_100' title="bbox 2187 4480 3145 4554; baseline -0.001 -20"><span class='ocrx_word' id='word_1_629' title='bbox 2187 4503 2283 4554; x_wconf 86' lang='grc' dir='ltr'><strong>μαι</strong></span> <span class='ocrx_word' id='word_1_630' title='bbox 2306 4483 2408 4536; x_wconf 71' lang='grc' dir='ltr'>ὑπὸ</span> <span class='ocrx_word' id='word_1_631' title='bbox 2433 4482 2539 4537; x_wconf 80' lang='grc' dir='ltr'>τῶν</span> <span class='ocrx_word' id='word_1_632' title='bbox 2566 4480 2815 4537; x_wconf 70' lang='grc' dir='ltr'>ἐναντῖων</span> <span class='ocrx_word' id='word_1_633' title='bbox 2846 4480 3145 4554; x_wconf 78' lang='grc' dir='ltr'>δυνάμεων,</span> 
     </span>
    </p>
   </div>
   <div class='ocr_carea' id='block_1_101' title="bbox 2184 4614 3846 4698">
    <p class='ocr_par' dir='ltr' id='par_1_101' title="bbox 2184 4614 3846 4698">
     <span class='ocr_line' id='line_1_101' title="bbox 2184 4614 3846 4698; baseline 0.004 -24"><span class='ocrx_word' id='word_1_634' title='bbox 2184 4614 2571 4694; x_wconf 71' lang='lat' dir='ltr'><strong>principatus</strong></span> <span class='ocrx_word' id='word_1_635' title='bbox 2599 4614 2746 4694; x_wconf 68' lang='lat' dir='ltr'><strong>oris,</strong></span> <span class='ocrx_word' id='word_1_636' title='bbox 2782 4616 2893 4676; x_wconf 90' lang='lat' dir='ltr'><strong>hoc</strong></span> <span class='ocrx_word' id='word_1_637' title='bbox 2926 4624 3039 4692; x_wconf 86' lang='lat' dir='ltr'><strong>est,</strong></span> <span class='ocrx_word' id='word_1_638' title='bbox 3100 4616 3204 4698; x_wconf 90' lang='lat' dir='ltr'><strong>qui</strong></span> <span class='ocrx_word' id='word_1_639' title='bbox 3259 4621 3455 4695; x_wconf 88' lang='lat' dir='ltr'><strong>potest</strong></span> <span class='ocrx_word' id='word_1_640' title='bbox 3486 4636 3606 4678; x_wconf 86' lang='lat' dir='ltr'><strong>non</strong></span> <span class='ocrx_word' id='word_1_641' title='bbox 3640 4617 3846 4680; x_wconf 74' lang='lat' dir='ltr'><strong>offen-</strong></span> 
     </span>
    </p>
   </div>
   <div class='ocr_carea' id='block_1_102' title="bbox 2185 4703 3351 4785">
    <p class='ocr_par' dir='ltr' id='par_1_102' title="bbox 2185 4703 3351 4785">
     <span class='ocr_line' id='line_1_102' title="bbox 2185 4703 3351 4785; baseline 0.004 -22"><span class='ocrx_word' id='word_1_642' title='bbox 2185 4703 2329 4764; x_wconf 85' lang='lat' dir='ltr'><strong>dere</strong></span> <span class='ocrx_word' id='word_1_643' title='bbox 2361 4703 2420 4764; x_wconf 93' lang='lat' dir='ltr'><strong>in</strong></span> <span class='ocrx_word' id='word_1_644' title='bbox 2450 4703 2656 4784; x_wconf 83' lang='lat' dir='ltr'><strong>verbo,</strong></span> <span class='ocrx_word' id='word_1_645' title='bbox 2693 4705 2787 4766; x_wconf 91' lang='lat' dir='ltr'><strong>hic</strong></span> <span class='ocrx_word' id='word_1_646' title='bbox 2820 4705 3123 4785; x_wconf 84' lang='lat' dir='ltr'><strong>perfectus</strong></span> <span class='ocrx_word' id='word_1_647' title='bbox 3154 4706 3245 4767; x_wconf 84' lang='lat' dir='ltr'><strong>vir</strong></span> <span class='ocrx_word' id='word_1_648' title='bbox 3273 4705 3351 4779; x_wconf 70' lang='grc' dir='ltr'><strong>τί,</strong></span> 
     </span>
    </p>
   </div>
   <div class='ocr_carea' id='block_1_103' title="bbox 2262 4793 3615 4874">
    <p class='ocr_par' dir='ltr' id='par_1_103' title="bbox 2262 4793 3615 4874">
     <span class='ocr_line' id='line_1_103' title="bbox 2262 4793 3615 4874; baseline 0.004 -21"><span class='ocrx_word' id='word_1_649' title='bbox 2262 4793 2321 4855; x_wconf 77' lang='grc'>2.</span> <span class='ocrx_word' id='word_1_650' title='bbox 2362 4797 2419 4851; x_wconf 84' lang='grc' dir='ltr'><strong>Οἱ</strong></span> <span class='ocrx_word' id='word_1_651' title='bbox 2447 4798 2802 4874; x_wconf 65' lang='grc' dir='ltr'>ἀπεχόμενοι,</span> <span class='ocrx_word' id='word_1_652' title='bbox 2839 4804 2951 4856; x_wconf 93' lang='lat' dir='ltr'><strong>etc.</strong></span> <span class='ocrx_word' id='word_1_653' title='bbox 2988 4796 3098 4867; x_wconf 83' lang='lat' dir='ltr'><strong>Qui</strong></span> <span class='ocrx_word' id='word_1_654' title='bbox 3119 4795 3453 4865; x_wconf 84' lang='lat' dir='ltr'><strong>abstinent.</strong></span> <span class='ocrx_word' id='word_1_655' title='bbox 3493 4805 3615 4859; x_wconf 88' lang='lat' dir='ltr'><strong>etc.</strong></span> 
     </span>
    </p>
   </div>
   <div class='ocr_carea' id='block_1_104' title="bbox 2265 4880 3162 4964">
    <p class='ocr_par' dir='ltr' id='par_1_104' title="bbox 2265 4880 3162 4964">
     <span class='ocr_line' id='line_1_104' title="bbox 2265 4880 3162 4964; baseline 0.007 -24"><span class='ocrx_word' id='word_1_656' title='bbox 2265 4880 2323 4943; x_wconf 85' lang='lat'><strong>3.</strong></span> <span class='ocrx_word' id='word_1_657' title='bbox 2361 4887 2643 4961; x_wconf 76' lang='grc' dir='ltr'>Μακάριοι,</span> <span class='ocrx_word' id='word_1_658' title='bbox 2679 4891 2790 4944; x_wconf 87' lang='lat' dir='ltr'><strong>etc.</strong></span> <span class='ocrx_word' id='word_1_659' title='bbox 2834 4882 3017 4964; x_wconf 84' lang='lat' dir='ltr'><strong>Beati,</strong></span> <span class='ocrx_word' id='word_1_660' title='bbox 3046 4885 3162 4946; x_wconf 85' lang='lat' dir='ltr'><strong>etc.</strong></span> 
     </span>
    </p>
   </div>
   <div class='ocr_carea' id='block_1_105' title="bbox 2264 4974 3844 5053">
    <p class='ocr_par' dir='ltr' id='par_1_105' title="bbox 2264 4974 3844 5053">
     <span class='ocr_line' id='line_1_105' title="bbox 2264 4974 3844 5053; baseline 0.007 -27"><span class='ocrx_word' id='word_1_661' title='bbox 2264 4974 2302 5032; x_wconf 74' lang='grc'>4</span> <span class='ocrx_word' id='word_1_662' title='bbox 2360 4974 2571 5051; x_wconf 77' lang='grc' dir='ltr'>Θερμοί,</span> <span class='ocrx_word' id='word_1_663' title='bbox 2609 4981 2750 5053; x_wconf 64' lang='lat' dir='ltr'><strong>etc.,</strong></span> <span class='ocrx_word' id='word_1_664' title='bbox 2788 4976 2847 5029; x_wconf 75' lang='grc' dir='ltr'>τὸ</span> <span class='ocrx_word' id='word_1_665' title='bbox 2883 4983 3016 5044; x_wconf 77' lang='grc' dir='ltr'>πῶς,</span> <span class='ocrx_word' id='word_1_666' title='bbox 3053 4981 3200 5047; x_wconf 86' lang='lat' dir='ltr'><strong>etc.,</strong></span> <span class='ocrx_word' id='word_1_667' title='bbox 3257 4974 3457 5030; x_wconf 68' lang='grc' dir='ltr'>ἕδοικον</span> <span class='ocrx_word' id='word_1_668' title='bbox 3523 4975 3577 5031; x_wconf 82' lang='grc' dir='ltr'>ἒν</span> <span class='ocrx_word' id='word_1_669' title='bbox 3626 4977 3844 5039; x_wconf 68' lang='grc' dir='ltr'>αὒτοῖς.</span> 
     </span>
    </p>
   </div>
   <div class='ocr_carea' id='block_1_106' title="bbox 2193 5061 3844 5143">
    <p class='ocr_par' dir='ltr' id='par_1_106' title="bbox 2193 5061 3844 5143">
     <span class='ocr_line' id='line_1_106' title="bbox 2193 5061 3844 5143; baseline 0.002 -20"><span class='ocrx_word' id='word_1_670' title='bbox 2193 5061 2533 5139; x_wconf 82' lang='lat' dir='ltr'><strong>Ferventes,</strong></span> <span class='ocrx_word' id='word_1_671' title='bbox 2567 5070 2710 5133; x_wconf 90' lang='lat' dir='ltr'><strong>etc.,</strong></span> <span class='ocrx_word' id='word_1_672' title='bbox 2745 5061 3047 5138; x_wconf 80' lang='lat' dir='ltr'><strong>quomodo</strong></span> <span class='ocrx_word' id='word_1_673' title='bbox 3080 5081 3217 5125; x_wconf 88' lang='lat' dir='ltr'><strong>eum</strong></span> <span class='ocrx_word' id='word_1_674' title='bbox 3259 5062 3561 5143; x_wconf 78' lang='lat' dir='ltr'><strong>accipiant</strong></span> <span class='ocrx_word' id='word_1_675' title='bbox 3592 5065 3844 5127; x_wconf 84' lang='lat' dir='ltr'><strong>inhabi-</strong></span> 
     </span>
    </p>
   </div>
   <div class='ocr_carea' id='block_1_107' title="bbox 2189 5148 2794 5230">
    <p class='ocr_par' dir='ltr' id='par_1_107' title="bbox 2189 5148 2794 5230">
     <span class='ocr_line' id='line_1_107' title="bbox 2189 5148 2794 5230; baseline 0.005 -21"><span class='ocrx_word' id='word_1_676' title='bbox 2189 5157 2407 5210; x_wconf 71' lang='lat' dir='ltr'><strong>tztntetn</strong></span> <span class='ocrx_word' id='word_1_677' title='bbox 2441 5148 2498 5210; x_wconf 88' lang='lat' dir='ltr'><strong>in</strong></span> <span class='ocrx_word' id='word_1_678' title='bbox 2522 5166 2586 5209; x_wconf 70' lang='lat' dir='ltr'><strong>Se</strong></span> <span class='ocrx_word' id='word_1_679' title='bbox 2621 5149 2794 5230; x_wconf 88' lang='lat' dir='ltr'><strong>ipsis.</strong></span> 
     </span>
    </p>
   </div>
   <div class='ocr_carea' id='block_1_108' title="bbox 2265 5239 3842 5320">
    <p class='ocr_par' dir='ltr' id='par_1_108' title="bbox 2265 5239 3842 5320">
     <span class='ocr_line' id='line_1_108' title="bbox 2265 5239 3842 5320; baseline 0.003 -24"><span class='ocrx_word' id='word_1_680' title='bbox 2265 5239 2323 5299; x_wconf 87' lang='grc'><strong>5.</strong></span> <span class='ocrx_word' id='word_1_681' title='bbox 2356 5241 2414 5296; x_wconf 81' lang='grc' dir='ltr'><strong>Οἱ</strong></span> <span class='ocrx_word' id='word_1_682' title='bbox 2438 5246 2536 5317; x_wconf 72' lang='grc' dir='ltr'>γᾶρ</span> <span class='ocrx_word' id='word_1_683' title='bbox 2592 5240 2894 5317; x_wconf 73' lang='grc' dir='ltr'>λεγόμενοι,</span> <span class='ocrx_word' id='word_1_684' title='bbox 2930 5247 3071 5316; x_wconf 83' lang='lat' dir='ltr'><strong>etc.,</strong></span> <span class='ocrx_word' id='word_1_685' title='bbox 3124 5256 3242 5305; x_wconf 75' lang='grc' dir='ltr'>τοῖς</span> <span class='ocrx_word' id='word_1_686' title='bbox 3289 5243 3702 5320; x_wconf 72' lang='grc' dir='ltr'>προστάγμασιν</span> <span class='ocrx_word' id='word_1_687' title='bbox 3740 5248 3842 5300; x_wconf 74' lang='grc' dir='ltr'><strong>αὖ·</strong></span> 
     </span>
    </p>
   </div>
   <div class='ocr_carea' id='block_1_109' title="bbox 2185 5328 3841 5412">
    <p class='ocr_par' dir='ltr' id='par_1_109' title="bbox 2185 5328 3841 5412">
     <span class='ocr_line' id='line_1_109' title="bbox 2185 5328 3841 5412; baseline 0.006 -27"><span class='ocrx_word' id='word_1_688' title='bbox 2185 5337 2275 5386; x_wconf 72' lang='grc' dir='ltr'><strong>τοό</strong></span> <span class='ocrx_word' id='word_1_689' title='bbox 2300 5328 2360 5384; x_wconf 68' lang='grc' dir='ltr'>οὔ</span> <span class='ocrx_word' id='word_1_690' title='bbox 2389 5330 2677 5388; x_wconf 58' lang='grc' dir='ltr'>πείθονται.</span> <span class='ocrx_word' id='word_1_691' title='bbox 2714 5328 2992 5391; x_wconf 89' lang='lat' dir='ltr'><strong>Dicentes</strong></span> <span class='ocrx_word' id='word_1_692' title='bbox 3027 5330 3188 5392; x_wconf 91' lang='lat' dir='ltr'><strong>enim</strong></span> <span class='ocrx_word' id='word_1_693' title='bbox 3220 5349 3285 5394; x_wconf 92' lang='lat' dir='ltr'><strong>se</strong></span> <span class='ocrx_word' id='word_1_694' title='bbox 3317 5348 3472 5411; x_wconf 85' lang='lat' dir='ltr'><strong>esse,</strong></span> <span class='ocrx_word' id='word_1_695' title='bbox 3506 5342 3655 5412; x_wconf 88' lang='lat' dir='ltr'><strong>etc.,</strong></span> <span class='ocrx_word' id='word_1_696' title='bbox 3680 5352 3841 5412; x_wconf 63' lang='lat' dir='ltr'><strong>pra:-</strong></span> 
     </span>
    </p>
   </div>
   <div class='ocr_carea' id='block_1_110' title="bbox 2186 5418 3025 5501">
    <p class='ocr_par' dir='ltr' id='par_1_110' title="bbox 2186 5418 3025 5501">
     <span class='ocr_line' id='line_1_110' title="bbox 2186 5418 3025 5501; baseline 0.001 -20"><span class='ocrx_word' id='word_1_697' title='bbox 2186 5419 2373 5501; x_wconf 85' lang='lat' dir='ltr'><strong>ceptis</strong></span> <span class='ocrx_word' id='word_1_698' title='bbox 2397 5418 2527 5499; x_wconf 85' lang='lat' dir='ltr'><strong>ejus</strong></span> <span class='ocrx_word' id='word_1_699' title='bbox 2556 5437 2676 5481; x_wconf 93' lang='lat' dir='ltr'><strong>non</strong></span> <span class='ocrx_word' id='word_1_700' title='bbox 2707 5419 3025 5482; x_wconf 87' lang='lat' dir='ltr'><strong>obediunt.</strong></span> 
     </span>
    </p>
   </div>
  </div>
