4118 6208
317 326 334 387 1
349 325 465 389 209

388 459 448 522 6.
486 461 581 533 Σύ,
629 466 750 525 etc.
783 463 894 538 Tu,
927 467 1070 533 etc.,
1106 467 1197 516 τοῦ
1226 458 1421 524 deest.

385 550 448 612 7.
486 549 754 632 ’⁸οφελον,
787 559 903 613 etc.
940 548 1198 630 Utinam,
1235 557 1354 611 etc.

383 638 445 700 8.
482 641 636 715 τότε,
674 648 786 705 etc.
819 643 1009 722 Tunc,
1046 648 1138 702 etc

390 729 452 791 9.
490 729 1014 811 Ἐξομολογήσομαι,
1051 737 1166 792 etc.
1203 726 1570 800 Confitebor,
1604 735 1720 790 etc.

389 818 487 881 10.
520 819 614 877 Ἐν
635 824 712 896 τῷ
743 819 1132 896 μεμαθηκέναι,
1169 829 1283 882 etc.
1323 819 1386 880 ln
1420 835 1509 886 eo.
1549 823 1704 898 quod
1738 815 1946 899 didici,

305 916 420 972 etc.

389 998 488 1062 11.
523 999 601 1056 Τὰ
632 997 967 1073 δικαιώματά
997 1019 1115 1078 ceu,
1142 1003 1260 1060 etc.
1303 994 1765 1058 Justiticationes
1795 1003 1945 1070 tuas,

302 1094 417 1150 etc.

384 1176 480 1238 12.
507 1175 599 1234 Ἐν
627 1177 748 1247 τίνι,
785 1183 900 1237 etc.
931 1173 999 1236 In
1029 1192 1170 1256 quo,
1207 1182 1326 1237 etc.

382 1264 479 1329 13.
516 1265 607 1324 Ἐν
636 1272 712 1340 τῳ
737 1264 1084 1344 φυλάξασθαι,
1119 1271 1233 1327 etc.
1269 1266 1336 1327 In
1364 1261 1791 1339 custodiendo,
1831 1271 1948 1328 etc.

392 1355 484 1418 14.
517 1355 609 1412 Ἐν
639 1354 762 1431 ὅλῃ,
795 1362 910 1415 etc.
947 1354 1011 1417 In
1043 1361 1190 1426 toto,
1237 1361 1348 1416 etc.

390 1447 488 1508 15.
528 1443 618 1502 Ἐν
645 1450 714 1520 τῇ
734 1442 938 1522 καρδίᾳ,
976 1450 1089 1506 etc.
1134 1440 1200 1504 In
1247 1442 1450 1517 corde,
1485 1450 1601 1506 etc.

389 1535 483 1597 16.
522 1534 845 1613 Εὗλογητός,
873 1541 987 1596 etc.
1024 1531 1403 1611 Benedictus,
1442 1540 1556 1593 etc.

392 1624 460 1686 17
523 1623 614 1680 Ἐν
644 1636 764 1685 τοῖς
790 1621 1144 1702 χείλεσίμου,
1169 1631 1284 1683 etc.
1319 1620 1385 1682 In
1417 1619 1590 1683 labiis
1625 1621 1796 1701 meis,
1830 1628 1945 1683 etc.

385 1713 484 1774 18.
520 1711 607 1769 Ἐν
636 1717 704 1788 τῇ
728 1709 857 1791 ὁδῷ,
891 1720 1007 1774 etc.
1044 1712 1113 1774 In
1143 1711 1261 1787 via,
1295 1718 1410 1773 etc.

383 1803 480 1863 19.
511 1801 601 1860 Ἐν
644 1815 765 1865 ταῖς
831 1800 1100 1874 ἐντολαῖς,
1173 1807 1316 1881 etc.,
1379 1801 1466 1857 καὶ
1522 1800 1838 1868 κατανοήσω
1881 1802 2009 1878 τὰΒ

298 1893 564 1968 θαυμάσιά
608 1913 722 1952 σου.
798 1889 862 1952 In
921 1890 1238 1971 mandatis,
1280 1897 1425 1968 etc.,
1460 1895 1522 1952 et
1551 1887 1946 1952 considerabo

303 1980 600 2044 mirabilia
632 1989 751 2042 tua.

377 2070 480 2135 20.
512 2070 604 2130 Ἐν
635 2084 750 2138 τοῖς
794 2069 1116 2147 δικαιώμασί
1164 2092 1282 2152 σου,
1311 2076 1426 2132 etc.
1465 2071 1531 2133 In
1555 2067 1943 2149 justiticatio-

300 2157 479 2223 nibus
509 2160 646 2235 tuis,
681 2167 798 2222 etc.

379 2249 480 2315 21.
515 2252 622 2308 οὐκ
649 2249 999 2324 ὶπιλήσομαι,
1041 2256 1154 2312 etc.
1203 2246 1336 2313 Non
1367 2246 1712 2328 obliviscar,
1745 2255 1863 2311 etc.
1911 2323 1920 2331 δ

1141 327 1238 388 DE
1282 325 1595 389 TITULIS
1639 324 2126 388 PSALMORUM.
2172 361 2252 370 —-
2301 327 2512 390 PSAL.
2560 331 2829 394 CXVIII.

3521 339 3671 404 I210

1977 467 2014 517 Α
2119 458 2220 523 29.
2249 458 2595 545 Ἀνταπόδος,
2625 471 2740 538 etc.
2767 465 3073 546 Retribue,
3104 479 3222 534 etc.

2115 549 2214 612 23.
2247 551 2645 632 Ἀποκάλυψον,
2680 564 2793 618 etc.
2845 555 3090 635 Revela,
3121 569 3237 628 etc.

2112 637 2213 702 24.
2251 643 2535 724 Πάροικος,
2585 655 2698 708 etc.
2732 645 2953 722 Incoia,
2982 658 3095 712 etc.

2114 727 2216 791 25.
2252 733 2340 820 Μὴ
2374 733 2711 814 ἁποκρύψῃς,
2746 745 2860 799 etc.
2895 743 3030 804 Non
3060 739 3412 820 abscondas,
3441 753 3556 808 etc.

2113 820 2213 910 e6.
2249 819 2638 910 ΪΕπεπόθησεν,
2680 834 2795 890 etc.
2831 828 3202 910 Concupivit,
3239 840 3356 896 etc.

2113 907 2217 970 27.
2250 909 2645 1000 fta-nutum“,
2679 924 2794 980 etc.
2827 907 3176 1000 Ini-reptasti,
3215 929 3329 984 etc.

2113 1000 2211 1063 28.
2248 999 2685 1084 Ἐπιιιατάρατοι,
2724 1015 2836 1068 etc.
2870 1007 3195 1086 Maiedicti,
3230 1021 3348 1076 etc.

2114 1087 2215 1151 29.
2253 1091 2488 1170 Περίελε,
2523 1103 2635 1155 etc.
2671 1095 2878 1169 Aufer,
2909 1106 3025 1161 etc.

2115 1175 2214 1268 30.
2251 1182 2345 1238 Καὶ
2377 1183 2499 1259 γάρ,
2536 1191 2650 1246 etc.
2691 1185 2949 1268 Etenim,
2986 1197 3098 1252 etc.

2117 1266 2351 1359 3I.AK1‘I
2389 1274 2489 1350 γὰρ
2532 1274 2596 1328 τὰ
2645 1275 2903 1355 μάρτυριά
2935 1266 3062 1359 σου,
3112 1286 3226 1341 etc.
3264 1282 3412 1344 Nam
3445 1289 3504 1345 et
3552 1291 3675 1346 tes-

2035 1353 2282 1418 timonia
2315 1365 2432 1433 tua,
2466 1369 2583 1424 etc.

2114 1445 2212 1509 3'2.
2241 1447 2566 1528 Ἐκολλήθη,
2603 1462 2715 1518 etc.
2751 1455 3035 1532 Adhaesit,
3072 1467 3185 1520 etc.

2249 1540 2365 1631 re.
2383 1539 2528 1605 ὁδούς
2561 1565 2685 1618 μου,
2722 1553 2836 1608 etc.
2874 1545 3013 1609 Vias
3047 1567 3235 1631 meas,
3267 1563 3388 1612 etc.

2111 1624 2208 1687 34-.
2245 1626 2418 1703 ’oao'v,
2454 1638 2571 1693 etc.
2605 1632 2796 1708 Viam,
2831 1642 2945 1699 etc.

2111 1713 2213 1777 3b.
2248 1716 2577 1796 Ἐνόσταξεν,
2611 1731 2726 1784 etc.
2753 1723 3124 1803 Dormitavit,
3160 1737 3276 1792 etc.

2246 1805 2423 1894 ὀδὸν,
2460 1818 2576 1871 etc.
2614 1811 2806 1894 Viam,
2839 1823 2952 1877 etc.

2110 1893 2208 1954 37.
2252 1893 2404 1954 Ὀδὸν
2435 1897 2705 1976 ἀληθείας,
2740 1893 2883 1977 etc.,
2917 1906 3006 1962 καί
3035 1905 3226 1970 deest.
3265 1907 3430 1971 Viam
3462 1911 3674 1974 verita-

2031 1985 2126 2052 tis,
2161 1991 2277 2047 etc.

2109 2071 2210 2164 42.
2242 2073 2545 2164 Ὀδήγησον
2575 2101 2664 2154 με,
2703 2089 2816 2144 etc.
2844 2081 3050 2148 Deduc
3080 2104 3197 2164 me,
3234 2097 3348 2151 etc.

2110 2163 2211 2226 43.
2248 2163 2466 2248 Κλῖνον,
2493 2175 2613 2231 etc.
2647 2167 2892 2248 Inclina,
2929 2183 3042 2238 etc.

1411 2380 1827 2450 ATHANASII
1866 2376 2506 2456 INTERPRETATIO.

379 2525 440 2587 6.
473 2527 545 2582 Σὺ
604 2526 789 2596 εἶπας,
853 2531 970 2598 etc,
1033 2524 1099 2580 τὰ
1165 2522 1292 2602 ἔργα
1341 2524 1524 2600 Κυρίου
1568 2522 1808 2598 ἀμελῶς.
1855 2517 1942 2579 'I‘u

299 2614 526 2695 dixisti,
550 2623 694 2694 etc.,
719 2631 902 2694 opera
932 2611 1039 2701 Dei
1069 2611 1460 2692 negligenter.

386 2705 441 2766 7.
478 2707 624 2780 Δῴη,
661 2713 770 2766 etc.
805 2701 935 2777 Det,
971 2710 1088 2765 etc.

379 2794 440 2856 8.
477 2793 568 2856 'Ev
599 2801 667 2871 τῇ
695 2794 869 2870 ἠμέρᾳ
921 2799 1018 2860 τῆς
1083 2793 1303 2871 κρίσεώς
1335 2815 1427 2849 σου
1457 2791 1558 2868 μά,
1592 2799 1707 2854 etc.
1744 2793 1811 2854 In
1841 2789 1940 2852 die

291 2883 504 2964 judicii
536 2903 652 2944 non
679 2881 939 2956 audiam,
977 2889 1070 2944 etc

377 2972 434 3035 9.
469 2972 664 3053 Ἐκδῶ,
702 2979 818 3033 etc.
849 2969 1136 3044 Tradam,
1174 2978 1288 3031 etc.

382 3061 476 3124 10.
517 3061 604 3121 Ἐν
649 3068 725 3137 τῷ
768 3063 988 3138 ἀκοῦσαὶ
1032 3083 1126 3141 με,
1172 3069 1286 3122 etc.
1339 3061 1486 3124 Cum
1517 3061 1787 3138 audiero,
1823 3068 1938 3124 etc.

2026 2605 2061 2667 δ
2109 2521 2210 2586 23,
2251 2531 2586 2610 Διαχώρισον
2617 2535 2678 2590 τὸ
2708 2534 2898 2594 σκότος
2932 2560 3046 2611 σου,
3083 2545 3196 2602 etc.
3236 2537 3462 2620 Separa
3492 2546 3666 2602 tene-

2066 2626 2182 2667 ras-
2218 2624 2333 2667 etc.

1983 2681 1987 2684 ἠ
2026 2624 2183 2685 oras,
2218 2624 2333 2679 etc.

2105 2699 2208 2792 $4.
2246 2707 2352 2764 οὐκ
2383 2708 2523 2792 ἔχω,
2559 2719 2676 2775 etc.
2713 2715 2843 2792 Non
2875 2714 3093 2792 habeo,
3129 2729 3246 2781 etc.

2104 2790 2194 2891 ἓξ.
2355 2790 2565 2866 ἀνάξιον
2627 2790 2834 2883 ὴγήσῃΠ
2867 2829 2933 2880 με
2978 2790 3088 2868 τοῦῗ
3112 2811 3306 2886 γνῶναί
3336 2831 3401 2885 με
3432 2812 3514 2891 τὸ,
3548 2819 3662 2872 etc.

2028 2881 2117 2943 Ne
2143 2882 2456 2964 indignum
2493 2881 2795 2956 existimes
2829 2913 2925 2956 me
2957 2881 3287 2978 agnoscere
3327 2881 3421 2961 me
3450 2881 3660 2962 volun-

2028 2977 2209 3032 tatem
2246 2982 2425 3040 tuam.
3000 2976 3016 2978 ⁷
3277 2976 3289 2993 ’

2105 3061 2206 3156 ἓβ.
2243 3065 2546 3143 Ἐπιποθεϊ,
2611 3079 2752 3153 etc.,
2818 3078 2905 3133 καὶ
2949 3078 3008 3135 οὔ
3053 3080 3350 3155 κορένιυται
3394 3083 3481 3156 τὰ,
3539 3089 3657 3145 etc.

378 3151 477 3214 ll.
510 3154 585 3211 Τὰ
617 3150 949 3227 δικαιώματά
979 3173 1099 3230 σου,
1142 3159 1257 3213 etc.
1291 3150 1754 3214 Justiticationes
1788 3159 1936 3223 tuas,
1959 3203 1973 3250 ι

2064 3151 2332 3252 besiderat
2352 3159 2549 3220 anima
2577 3147 2749 3245 mea,
2766 3172 2824 3225 et
2858 3183 2975 3226 non
3009 3147 3256 3229 satiatur
3285 3147 3504 3232 facere.

294 3247 408 3301 etc.

376 3329 467 3391 12.
509 3336 628 3396 Πῶς
702 3335 808 3386 τῶν
877 3352 1202 3410 νεωτερικων
1287 3333 1580 3406 ἒπιθυμιῶν
1639 3331 1941 3388 ἓπιλάθεταί

288 3442 369 3483 τις
407 3422 520 3494 ;Τὸ
549 3419 635 3476 διὰ
679 3421 775 3488 τῆς
806 3419 1163 3500 κινναϐάρεως
1225 3434 1611 3499 παρακείμενον
1655 3419 1846 3496 ὄνομα,
1878 3423 1939 3477 τὸ

289 3510 420 3584 ΒὴΘ,
458 3511 805 3589 ἑρμηνεύεται
839 3510 1020 3574 οἶκος.
1058 3508 1232 3576 Δηλοτ
1261 3509 1341 3583 δὲ,
1378 3509 1457 3566 ὅτι
1501 3509 1637 3566 οὕτω
1687 3514 1939 3586 κατορθοῖ

287 3601 541 3676 νεώτερος
585 3600 685 3667 τὴν
719 3598 838 3655 ὁδὸν
882 3603 1042 3657 αὑτοῦ
1075 3599 1129 3654 ἐν
1175 3605 1251 3672 τῷ
1297 3601 1439 3656 εἶναι
1484 3601 1581 3668 τὴν
1629 3600 1815 3680 ψυχὴν
1853 3602 1939 3656 καὶ

286 3690 352 3744 τὰ
395 3688 534 3763 μέλη
582 3691 736 3746 αὐτοῦ
797 3688 952 3745 οἷκον
1013 3697 1170 3749 Θεοῦ.
1218 3687 1527 3761 Quomodo
1580 3688 1934 3768 juvenilium

287 3776 674 3857 cupiditatum
738 3776 877 3858 quis
937 3776 1360 3840 obliviscitur?
1418 3777 1564 3839 Illud
1633 3777 1939 3840 cinnabari

286 3873 612 3948 ascriptum
646 3885 865 3929 nomen
904 3888 916 3930 :
957 3867 1108 3930 Beth
1145 3868 1570 3948 interpretatur
1596 3869 1935 3931 domus.Si-

287 3954 527 4034 gniﬁcat
574 3965 801 4037 autem,
861 3956 1018 4037 quod
1072 3957 1149 4019 ita
1212 3956 1461 4036 corrigit
1494 3957 1939 4020 adolescentior

289 4044 442 4108 viam
475 4065 665 4122 suam,
710 4045 761 4108 si
813 4047 1010 4107 anima
1061 4055 1119 4108 et
1153 4046 1420 4109 membra
1452 4046 1641 4127 ipsius
1670 4046 1788 4108 sint
1819 4047 1931 4109 do-

291 4154 425 4196 mus
459 4137 588 4198 Dei.

373 4223 468 4288 i3.
507 4225 596 4285 Ἐν
627 4235 724 4302 τῷ,
755 4235 899 4300 etc.,
934 4230 994 4286 τὸ
1037 4228 1248 4285 αἰώνιον
1297 4229 1358 4284 τὸ
1410 4226 1806 4302 ἡτοιμασμένον
1858 4236 1934 4303 τῷ

289 4313 521 4389 διαϐόλῳ
576 4319 662 4374 καὶ
723 4331 840 4383 τοῖς
886 4318 1135 4396 ἀγγέλοις
1185 4318 1366 4375 αιότοῦ.
1407 4316 1548 4379 Cum
1583 4316 1934 4378 recordatus

2103 3239 2203 3332 27.
2240 3254 2324 3332 Τῲ
2367 3247 2618 3324 διαϐόλῳ,
2665 3239 2775 3314 etc.
2818 3253 3156 3332 Diabolum,
3191 3265 3306 3318 etc.

2101 3331 2206 3427 28.
2245 3331 2375 3427 Ἐπὶ
2398 3337 2659 3427 ἀπωλείᾳ,
2707 3349 2848 3415 etc.,
2902 3331 3146 3424 novnpc‘tcr
3183 3347 3512 3427 ἀναστροφὰς
3557 3373 3664 3406 πο·-

2023 3421 2317 3497 ρεδόμενοι.
2355 3425 2417 3486 In
2451 3426 2780 3518 interitum,
2816 3440 2959 3510 etc.,
3004 3421 3079 3494 ad
3130 3421 3403 3515 pristinas
3426 3421 3667 3518 iniquas

2022 3526 2158 3570 suas
2187 3513 2670 3577 conversationes
2701 3531 3102 3585 revertuntur.

2103 3601 2202 3666 29.
2239 3603 2470 3687 ”Αφελε,
2501 3620 2643 3684 etc.,
2680 3615 3080 3692 μεμαρτύρησαι
3131 3617 3354 3675 ἕκαστον
3384 3627 3512 3691 τῶν,
3542 3623 3660 3682 etc.

2020 3691 2257 3766 Adime,
2297 3704 2411 3759 etc.

2239 3789 2332 3843 Καὶ
2377 3789 2651 3868 γάρ,ειο.,
2686 3793 3122 3869 ἒπεσκεπτόμην,
3157 3796 3662 3879 etc.Etenim,etc.

2101 3872 2203 3937 3t.
2241 3879 2336 3934 Καὶ
2379 3879 2478 3955 γὰρ
2524 3878 2784 3954 μελετῶν,
2835 3890 2948 3945 etc.
2983 3883 3240 3960 Etenim,
3276 3895 3392 3949 etc.

2101 3963 2199 4027 3'2.
2237 3965 2657 4048 Ἐταπεινώθην,
2692 3978 2807 4032 etc.
2842 3970 3203 4037 Humiliatus
3233 3995 3389 4050 sum,
3425 3987 3542 4040 etc.

2099 4053 2198 4115 33.
2233 4053 2766 4135 Ἐξωμολογησᾶμην
2801 4085 2904 4134 σοι,
2955 4071 3097 4138 etc.,
3159 4069 3244 4137 καὶ
3290 4067 3478 4131 εὐθέως
3531 4070 3661 4138 ἠθε-

2019 4141 2190 4210 λησάς
2228 4166 2318 4220 με,
2356 4153 2472 4207 etc.
2507 4147 2830 4213 Confessus
2860 4169 2992 4213 sum
3029 4152 3158 4229 tibi,
3191 4163 3332 4228 etc.,
3373 4165 3429 4218 et
3464 4156 3662 4219 statim

2017 4233 2254 4294 voluisti
2289 4254 2405 4310 me,
2431 4245 2546 4298 etc.

2098 4321 2175 4386 34
2235 4327 2336 4382 Τὸν
2380 4330 2679 4410 φωτισμὸν²
2726 4339 2869 4410 etc.,
2899 4335 2985 4389 καὶ
3015 4334 3120 4390 ἀπὸ
3171 4343 3268 4404 τῆς
3313 4338 3548 4416 τέρψεως
3604 4342 3663 4398 οὗ

287 4421 442 4500 sum,
502 4423 633 4485 quae
672 4425 706 4468 a
768 4415 824 4469 te
872 4406 1051 4500 dicta,
1088 4415 1229 4481 etc.,
1290 4406 1348 4467 in
1382 4413 1576 4500 ignem
1611 4411 1928 4500 aeternum,
1953 4493 1973 4500 _

2064 4415 2290 4490 αύσομαι
2329 4417 2565 4490 μελετῶν
2598 4406 2772 4500 εἶν-τῇ,
2801 4406 2913 4481 etc.
2955 4406 3482 4498 Illuminationem,
3515 4433 3657 4497 etc.,

283 4492 440 4574 quod
476 4502 742 4574 paratum
769 4505 858 4558 est
885 4495 1124 4558 diabolo
1159 4503 1218 4558 et
1248 4496 1477 4573 angelis
1509 4497 1639 4576 ejus
1667 4494 1722 4538 73

363 4584 462 4646 14.
500 4585 586 4650 Ἐξ
617 4585 770 4660 ὅλης,
808 4592 952 4661 etc.,
980 4589 1187 4667 ἡγήσῃ,
1225 4593 1344 4649 etc.
1383 4587 1465 4648 Ex
1496 4587 1931 4670 tota,etc.,exi-

285 4670 519 4754 stimes,
567 4681 686 4737 etc.

371 4762 463 4824 17.
500 4764 606 4821 υῦκ
637 4764 1036 4842 ὑπεστειλάμην
1068 4773 1158 4822 τοῦ
1209 4763 1435 4840 διδάξαι,
1499 4775 1612 4830 etc,
1664 4768 1794 4829 Non
1829 4785 1931 4828 re-

284 4849 405 4929 fugi
431 4850 674 4924 docere,
709 4861 823 4914 etc.

371 4939 464 5000 l8.
499 4939 677 5006 Οὕτως
701 4948 897 5021 χαρᾶς,
934 4950 1043 5003 etc.
1085 4943 1170 5004 Ita
1199 4941 1436 5023 gaudio,
1465 4951 1578 5006 etc.

365 5033 462 5094 19.
497 5033 588 5091 Ἐν
618 5049 739 5100 ταῖς
787 5041 1022 5116 Γραφαϊς
1081 5056 1198 5107 σου,
1233 5044 1376 5115 etc.,
1415 5037 1509 5105 τῆς
1543 5036 1755 5113 καρδίας
1800 5062 1924 5119 μου,

283 5127 397 5179 etc.
436 5123 505 5180 In
536 5120 851 5202 scripturis
887 5123 1025 5202 tuis,
1060 5132 1202 5202 etc.,
1239 5123 1438 5185 cordis
1471 5127 1614 5207 mei,
1649 5135 1764 5187 etc.

361 5213 460 5270 20.
497 5213 701 5275 Νυκτὸς
737 5215 824 5269 καὶ
855 5214 1080 5291 ἡμέρας.
1117 5211 1226 5274 Die
1256 5222 1574 5294 noctuque.

361 5297 461 5360 2t.
502 5302 598 5358 Καὶ
641 5305 914 5380 πληρώσω
961 5303 1143 5364 αὐτοὺς
1205 5301 1365 5381 ἔργῳ.
1428 5301 1498 5364 Et
1529 5302 1792 5385 implebo
1825 5317 1930 5367 eos

277 5402 486 5468 Opere.

355 5474 454 5537 22.
490 5480 616 5554 Δός,
651 5488 797 5561 etc.,
830 5487 923 5537 τοῦ
953 5481 1103 5558 ἁγίου
1154 5501 1271 5554 σου,
1306 5489 1424 5543 etc.
1460 5481 1563 5550 Da.
1601 5491 1746 5556 etc.,
1782 5503 1922 5548 san-

276 5565 355 5628 cti
387 5565 466 5627 tui
496 5567 783 5649 Spiritus,
825 5577 943 5631 etc.

356 5725 421 5777 73
447 5727 649 5792 Matth.
686 5745 822 5806 xxv,
858 5730 960 5792 41.

1949 4493 2075 4563 Det
2107 4521 2226 4582 prae
2251 4504 2647 4568 delectatione
2682 4493 2797 4568 non
2824 4509 3069 4572 cessabo
3107 4513 3398 4574 meditans
3429 4493 3513 4592 in,
3542 4493 3655 4579 etc.

2094 4596 2194 4658 35.
2233 4595 2557 4669 Βεϐύθισται,
2610 4608 2718 4660 etc.
2756 4601 3082 4664 Submersa
3111 4613 3219 4676 est,
3256 4615 3372 4670 etc.

2095 4684 2194 4748 36.
2233 4684 2552 4770 Ἀπέλασον,
2587 4698 2704 4751 etc.
2746 4691 3013 4772 Expelle.
3049 4703 3200 4775 etc.,
3233 4697 3563 4758 secundum
3590 4721 3656 4774 με

2015 4773 2203 4837 deest.

2097 4854 2194 4917 37.
2225 4857 2567 4927 Ἐπεπόθησέ
2613 4882 2670 4915 σε
2715 4865 2827 4936 τὸν²
2879 4869 2992 4925 etc.
3060 4867 3384 4939 Μνημονεύει»
3428 4869 3525 4945 γὰρ
3570 4871 3653 4948 τὸ,

2015 4954 2124 5005 etc.
2170 4947 2517 5010 Desiderari
2547 4957 2602 5009 te
2635 4949 2844 5024 tilium,
2880 4959 3022 5023 etc.,
3071 4954 3315 5015 memini
3349 4957 3506 5017 enim
3543 4947 3656 5019 tre-

2017 5035 2245 5115 mendi,
2279 5046 2394 5099 ctc.

2092 5124 2172 5186 49
2231 5124 2449 5194 Ἐπειδή
2482 5129 2699 5200 νήπιος,
2737 5136 2854 5192 etc.
2886 5129 3117 5206 βαδὲσαι,
3146 5141 3286 5207 etc.,
3319 5139 3542 5205 ζητήσω
3577 5136 3655 5218 δὲ,

2013 5215 2136 5294 τήν,
2171 5225 2314 5295 etc.,
2347 5241 2412 5293 με
2448 5232 2781 5296 περιπιτεϊν,
2811 5226 2924 5281 etc.
2961 5218 3250 5292 Quoniam
3283 5215 3652 5301 int‘ans,etc.,

2016 5303 2316 5376 incedere,
2355 5316 2499 5380 etc.,
2534 5325 2794 5389 quaeram
2829 5315 3028 5369 autem
3083 5309 3260 5388 viam,
3295 5321 3436 5386 etc.,
3471 5323 3528 5376 et
3560 5314 3651 5377 fac

2014 5409 2107 5453 me
2138 5393 2511 5458 inambulare
2543 5397 2601 5456 in
2637 5396 2806 5477 ipsis.

2094 5487 2194 5551 43.
2246 5484 2557 5567 Ὗπόταξον,
2604 5497 2745 5568 etc.,
2807 5490 2893 5546 καὶ
2937 5491 3015 5566 μὴ
3073 5492 3145 5555 εἰς
3205 5492 3326 5566 τήν,
3387 5500 3525 5567 etc.,
3559 5492 3652 5552 ἵνα

2018 5579 2147 5664 εἶμί,
2178 5585 2298 5642 etc.
2332 5575 2597 5662 Subjice,
2635 5586 2778 5648 etc..
2813 5585 2871 5640 et
2900 5595 3043 5659 non,
3086 5586 3227 5662 etc.,
3263 5587 3325 5642 ut
3351 5581 3488 5661 sim,
3523 5589 3642 5650 etc.
