4110 6206
450 327 600 393 1215

529 465 672 528 125.
717 463 950 541 Ὠμοσα,
983 471 1100 529 etc.
1134 465 1332 529 Juravi
1365 474 1486 530 etc.

525 553 664 619 126.
709 555 1125 629 Ἐταπεινώθην,
1155 566 1274 619 etc.
1309 555 1667 618 Humiliatus
1691 573 1845 630 sum,
1873 563 1991 617 etc.

526 643 666 706 127.
715 646 790 703 Τὰ
816 646 1053 726 ἑκούσια,
1078 655 1196 708 etc.
1229 643 1607 720 Voluntaria,
1643 653 1767 706 etc.

529 735 672 797 198.
723 737 818 794 Καὶ
860 737 924 793 τὰ
952 737 1201 816 κρίματα,
1237 744 1359 798 etc.
1380 735 1455 797 Et
1476 733 1733 814 judicia,
1765 741 1884 795 etc.

523 822 662 887 129.
710 821 779 884 Ἠ
810 827 964 904 ψυχή
997 849 1121 900 μου,
1165 834 1284 887 etc.
1319 823 1536 886 Anima
1568 840 1724 903 mea,
1759 831 1880 883 etc.

526 914 659 978 130.
702 913 936 994 Ἐθεντο,
965 923 1062 976 etc
1120 917 1481 977 Posuerunt.

521 1003 659 1068 131.
707 1004 1173 1084 Ἐκληρονόμησα,
1210 1013 1329 1067 etc.
1359 1001 1746 1076 Hdreaditavi,
1782 1010 1902 1064 etc.

523 1093 660 1154 139.
708 1093 946 1173 Ἐχλινα,
982 1103 1100 1155 etc.
1135 1093 1442 1173 lnclinavi,
1480 1103 1596 1155 etc.

522 1182 660 1244 133.
707 1184 1070 1263 Παρανόμους,
1106 1183 1372 1264 Iuiquos,
1408 1192 1532 1244 etc.

518 1273 654 1336 134.
705 1275 900 1340 Βοηθός
932 1297 1060 1353 μου,
1097 1283 1214 1336 etc.
1252 1273 1534 1354 Adjntor,
1561 1280 1680 1336 etc.

522 1362 660 1425 135.
708 1362 1014 1420 Ἐκκλίνατε
1040 1364 1133 1421 ἀπ’
1167 1363 1316 1439 ἐμοῦ,
1352 1373 1472 1424 etc.
1509 1361 1841 1434 Declinate,
1877 1369 2000 1422 etc.

522 1452 656 1518 136,
704 1450 1039 1529 Ἀντιλαϐοὖ,
1079 1455 1338 1533 810.,καὶ
1368 1455 1624 1529 ζήσομαι,
1681 1462 1776 1513 etc
1807 1449 2080 1531 Suscipe,

440 1553 558 1606 etc.

516 1633 654 1695 137.

517 1723 654 1784 138.

703 1633 974 1700 Βοὴθησόν
1019 1656 1134 1708 μοι,
1168 1639 1284 1694 etc.
1319 1631 1548 1711 Adjuva
1579 1648 1697 1704 me,
1735 1639 1859 1692 etc.

701 1721 1108 1796 Ἐξουδὲνωσας,
1144 1733 1260 1783 etc.
1285 1723 1598 1800 Sprevisti,
1631 1730 1752 1782 etc.

515 1811 655 1874 139.
705 1809 1148 1890 Παριϐαίνοντας,
1186 1819 1306 1874 etc.
1339 1810 1829 1883 Praevaricantes,
1869 1818 1989 1872 etc.

525 1901 658 1964 140.
712 1901 1054 1976 Καθήλωσον,
1089 1911 1214 1962 etc.
1249 1900 1555 1982 Conﬁnge,
1590 1911 1713 1964 etc.

528 1990 659 2053 141.
708 1991 994 2071 Ἐποίησα,
1017 1999 1137 2054 etc.
1172 1989 1330 2070 Feci,
1359 2000 1477 2054 etc.

1261 330 1322 394 S.
1370 328 1794 394 ATHANASII
1837 327 2000 390 OPP.
2047 322 2240 387 PARS
2281 323 2394 386 III.
2438 353 2517 368 —
2561 323 3022 388 EXEGETICA.

2116 465 2159 516 Α
2260 456 2399 520 142.
2446 455 2728 531 ”Εκδεξαι,
2757 463 2872 520 etc.
2909 455 3188 536 Suscipe,
3222 462 3341 518 etc.

3678 323 3837 388 1216

2258 550 2396 612 143.
2443 553 2504 608 Οἱ
2545 549 2806 630 ὀφθαλμοί
2851 572 2974 625 μου,
3009 557 3126 613 810.
3157 545 3330 612 Oculi
3370 549 3514 624 mei,
3543 557 3666 612 etc.

2256 639 2393 704 141.
2441 640 2698 715 Ποίησον,
2734 646 2853 701 etc.
2879 639 3044 713 Fac.,
3072 647 3188 701 etc.

2254 729 2396 791 1-15.
2447 728 2642 795 Δοῦλός
2673 751 2790 810 σου,
2825 735 2940 792 etc.
2973 730 3191 792 Servus
3225 737 3385 811 tuus,
3422 737 3538 790 etc.

2254 819 2392 882 116.
2443 821 2659 898 Ktztpo'c,
2695 824 2810 882 etc.
2842 817 3129 898 Tempus,
3173 827 3290 881 etc.

2249 910 2388 973 147,
2437 909 2541 966 Διὰ
2561 907 2738 982 tofm,
2773 914 2889 970 etc.
2937 907 3102 988 Ideo,
3139 915 3254 971 etc.

2250 998 2392 1062 M8.
2444 999 2542 1054 Διὰ
2570 998 2749 1077 τοῦτο,
2779 1005 2895 1059 etc.
2932 999 3260 1077 Propterea
3288 997 3390 1072 ad,
3424 1005 3539 1062 etc.

2251 1088 2392 1150 149.
2436 1087 2750 1162 Θατμαστά.
2785 1094 2903 1150 etc.
2932 1084 3226 1148 Mirabilia
3249 1095 3369 1150 etc.

2252 1175 2387 1240 150.
2433 1175 2500 1232 ’lI
2533 1175 2789 1246 δήλωσις,
2826 1184 2945 1238 etc.
2980 1173 3342 1250 Declaratio,
3377 1183 3489 1240 etc.

2257 1266 2388 1328 151.
2441 1267 2512 1324 Τὸ
2544 1268 2740 1340 στόμα,
2769 1273 2881 1328 etc.
2911 1266 2993 1330 Os
3026 1284 3247 1342 meum,
3283 1274 3400 1331 etc.

2253 1357 2388 1419 152.
2437 1353 2780 1431 Ἐπίϐλεψον,
2828 1363 2973 1436 etc.,
3008 1359 3069 1412 τὸ
3103 1356 3273 1430 ὄνομά
3303 1379 3418 1417 σου.
3467 1363 3586 1420 etc.
3637 1355 3828 1437 Aspi-

2169 1453 2432 1526 ce,etc.,
2462 1463 2683 1506 nomen
2721 1454 2911 1520 tuum,
2947 1452 3062 1507 etc.

2249 1535 2389 1598 153.
2437 1537 2513 1594 Τὰ
2555 1533 2860 1610 austum;
2907 1559 3031 1615 μου,
3068 1544 3151 1596 et.
3181 1537 3434 1600 Crassus
3458 1553 3651 1615 meos,
3707 1545 3824 1598 etc.

2251 1624 2389 1687 154.
2437 1626 2711 1703 Λύτρωσαιί
2743 1647 2832 1710 μς.
2860 1633 2974 1688 etc.
3008 1624 3266 1688 Redime
3297 1643 3415 1705 me,
3453 1635 3570 1690 etc.

2254 1714 2388 1778 159.
2438 1713 2692 1781 Ἐξέεηδὲ
2710 1737 2799 1788 με.
2835 1722 2979 1790 etc.,
3015 1713 3349 1777 Tabescere
3377 1733 3492 1789 me,
3531 1723 3654 1779 etc.

2111 1826 2149 1876 Β
2258 1805 2392 1867 160.
2441 1805 2836 1883 Πετυρωμένον,
2883 1812 2998 1866 810.
3031 1802 3315 1883 Ignitum,
3354 1811 3473 1867 etc.

2258 1895 2389 1957 161.
2443 1899 2538 1953 Καὶ
2585 1896 2612 1951 ὁ
2643 1893 2827 1958 δοῦλός
2858 1916 2973 1959 σου.
3011 1901 3123 1958 etc.
3164 1892 3233 1955 Et
3255 1913 3460 1956 servus
3503 1902 3664 1970 tuus,
3700 1901 3821 1959 etc.

1575 2095 1980 2163 ATHANASII
2026 2090 2660 2160 INTERPREI‘ATIO.

521 2259 658 2321 195.
708 2257 768 2317 ’0
801 2258 976 2338 ὅρκος,
1007 2268 1124 2320 etc.
1151 2259 1586 2335 Juramentum,
1621 2270 1739 2321 etc.

2151 2257 2217 2314 τὰ
2247 2255 2581 2332 δικαιώματά
2611 2276 2725 2316 σου.
2761 2252 2876 2314 Fac
2911 2269 3162 2324 mecum,
3203 2261 3346 2326 etc.,
3380 2251 3825 2314 misericordia

514 2348 653 2412 126.
704 2350 1018 2429 Κυριευθεῖς⁷
1053 2357 1203 2422 etc.,
1250 2349 1479 2406 ἐνώπιόν
1519 2373 1636 2406 σου*
1672 2352 1758 2405 καὶ
1783 2352 1944 2422 ζῆσόν
1979 2373 2068 2430 με,

2207 2364 2288 2419 ιω,
2325 2355 2466 2420 οιο.,
2494 2353 2554 2405 ut
2561 2343 3023 2424 justiﬁcationes
3061 2351 3195 2403 tuas
3229 2340 3510 2404 elﬁciam.

434 2437 609 2499 καθώς
669 2449 914 2514 εἴρηκας⁶
963 2440 1012 2510 ὁ,
1050 2447 1167 2498 etc.
1230 2439 1422 2499 Antea
1475 2457 1607 2499 cum
1641 2438 2071 2520 dominaretur,

2240 2439 2372 2502 145.
2419 2437 2804 2516 Ἐξηγόρισας,
2841 2441 2980 2507 etc.,
3012 2444 3170 2509 τιμίω
3195 2457 3308 2508 σου,
3337 2439 3479 2504 etc.,
3514 2435 3613 2500 τὴν
3649 2437 3817 2514 χάριν

438 2537 816 2598 etc..coram
867 2535 944 2608 te;
979 2537 1040 2588 et
1068 2526 1293 2589 viviﬁca
1351 2545 1444 2589 me
1501 2549 1515 2590 :
1569 2527 2072 2608 quemadmodum
2157 2550 2273 2608 σου,
2309 2535 2449 2598 etc.,
2484 2528 2542 2580 τὸ
2573 2529 2711 2598 πῶς,
2764 2535 2883 2584 etc.
2939 2521 3291 2597 Redemisti,
3341 2528 3484 2603 etc.,
3547 2523 3820 2601 pretioso

435 2615 660 2695 dixisti,
698 2623 812 2678 etc.

516 2705 655 2769 127.
702 2708 1114 2776 Κατευθυνοήτω
1143 2707 1178 2774 ἡ
1210 2709 1487 2788 προτξυχή
1539 2731 1662 2782 μου,
1723 2712 1794 2772 ὡς
1840 2713 2074 2784 θυμίαμα

436 2797 660 2853 ἐνώπιόν
692 2819 806 2856 σου.
841 2795 1140 2874 Dirigatur
1167 2795 1356 2858 oratio
1391 2814 1542 2878 mea,
1575 2796 1732 2860 sicut
1756 2798 2068 2859 incensum

441 2885 502 2946 in
531 2894 859 2966 conspectu
881 2894 1010 2948 tuo.

513 2973 649 3038 128.
697 2973 800 3036 Καὶ
821 2977 886 3031 τὰ
917 2975 1115 3055 ἄδηλα,
1148 2986 1207 3036 81
1239 2974 1490 3044 incerta,
1528 2984 1646 3039 etc.

514 3063 652 3127 129.
705 3071 776 3121 Σὺ
801 3063 1079 3137 ἐξέδωκας,
1115 3075 1231 3126 etc.
1265 3062 1351 3124 Tu
1383 3063 1700 3135 tradidisti,
1735 3074 1852 3128 etc.

517 3155 656 3217 130.
704 3157 763 3212 Ol.
785 3152 1026 3228 δαίμονες
1057 3153 1313 3212 ἐπέϐαλόν
1345 3177 1468 3230 μου,
1506 3163 1618 3215 810.
1653 3153 1959 3217 Daemones
1982 3157 2076 3216 in-

429 3243 712 3323 jecerunt
743 3243 887 3305 mihi
918 3253 1036 3306 etc.

518 3333 653 3394 131.
707 3335 1081 3414 Κατετρύφησκ
1127 3336 1204 3414 ἓν,
1239 3341 1386 3408 810.,
1423 3333 1562 3391 ’ἐστιν
1595 3335 1648 3390 ἐν
1684 3343 1775 3415 τῇ,
1809 3343 1921 3399 etc.
1957 3334 2076 3397 De-

2160 2623 2288 2689 tuo,
2321 2625 2436 2678 etc.
2467 2613 2716 2693 gretiam
2747 2619 2927 2685 tuam,
2955 2623 3078 2674 etc.

2241 2705 2378 2767 146.
2429 2713 2529 2763 Νῦν
2572 2706 2741 2782 tam,
2775 2711 2890 2763 etc.
2925 2703 3098 2764 Nunc
3133 2711 3366 2780 tempus
3396 2707 3508 2782 est,
3541 2710 3663 2764 etc.

2248 2797 2381 2857 147,
2434 2795 2531 2850 Διὰ
2562 2795 2740 2863 τοῦτο,
2777 2798 2890 2852 etc.
2947 2789 3163 2858 Ἐπειδὴ
3194 2799 3282 2847 οὖν
3329 2792 3477 2854 οὗτος
3508 2794 3536 2848 ξι
3582 2790 3820 2857 πλοῦτος

2162 2889 2504 2967 πρόσιαιρος,
2551 2888 2577 2942 ὁ
2609 2883 2663 2940 δὲ
2695 2883 2776 2940 διὰ
2806 2891 2914 2940 τῶν
2946 2884 3178 2941 ἐντολῶν
3211 2908 3304 2940 σου
3337 2884 3562 2948 πλοῦτος
3598 2885 3819 2944 αἰώνιος

2161 2977 2417 3056 ὒπάρχει,
2454 2975 2538 3032 διὰ
2571 2981 2725 3031 τοῦτο
2756 2973 2982 3054 μᾶλλον,
3017 2983 3133 3036 etc.
3170 2971 3339 3034 Nunc
3365 2981 3476 3052 est,
3507 2981 3651 3055 etc.,
3677 2973 3817 3054 quia

2163 3065 2340 3144 igitur
2386 3071 2711 3144 praesentes
2745 3061 2964 3123 divitim
2997 3062 3378 3142 temporariae
3410 3071 3571 3136 sunt,
3596 3064 3820 3125 divitiae

2161 3163 2359 3216 autem
2393 3172 2463 3215 ex
2499 3152 2811 3232 przeceptis
2846 3153 2958 3214 tuis
2991 3161 3229 3214 aeternae
3276 3152 3590 3224 exsistunt,
3627 3171 3819 3234 prop-

2163 3252 2327 3305 terea
2358 3242 2542 3322 magis
2575 3242 2779 3316 dilexi,
2815 3248 2932 3303 etc.

2243 3334 2382 3396 118.
2435 3336 2530 3390 Διὰ
2560 3333 2736 3412 τοῦτο,
2772 3339 2917 3410 etc.,
2950 3330 3276 3394 ἀπέϐλεπον.
3312 3334 3816 3413 Pr0pterea,etc.,

437 3421 670 3485 liciatus
728 3441 856 3484 sum
918 3423 978 3485 in
1039 3424 1284 3486 sciendo
1338 3423 1896 3500 manifestationem,
1933 3421 2584 3506 etc.,Crespiciebam.

438 3513 714 3594 quoniam
745 3513 1024 3593 gaudium
1060 3513 1360 3576 inetl‘abile
1385 3523 1472 3574 est
1497 3514 1555 3574 in
1585 3513 1764 3574 corde
1800 3531 1953 3574 meo.

449 3602 579 3666 132.
623 3602 913 3684 Ἐξεῖδωκα⁷
948 3612 1090 3676 etc.,
1125 3606 1468 3681 εὑιρεστῆσαί
1512 3627 1592 3661 σοι
1634 3602 1740 3676 διά,
1779 3611 1898 3665 etc.
1931 3605 2078 3664 Tra-

441 3690 566 3754 didi
597 3701 788 3752 totum
824 3693 1112 3774 meipsum
1136 3693 1206 3755 ad
1237 3694 1586 3775 placendum
1622 3690 1751 3771 tibi,
1785 3701 1880 3753 etc

525 3781 660 3844 133.
709 3784 864 3847 Τούς.
899 3786 1040 3863 etcf,
1077 3785 1540 3861 περιεπτοσσόμην
1589 3784 1665 3855 ἐν,
1701 3789 1811 3842 810.
1851 3780 2077 3843 Valen-

440 3881 549 3946 tes,
580 3881 722 3948 etc.,
759 3885 1058 3954 praecepta
1107 3887 1308 3937 autem
1368 3885 1464 3938 tua
1493 3875 1801 3956 amplexus
1845 3892 1976 3934 sum
2019 3873 2079 3935 in

439 3962 620 4025 corde
653 3981 805 4024 meo.

524 4053 691 4115 134..
739 4053 830 4119 Σύ,
859 4061 1002 4133 etc.,
1034 4068 1149 4116 τοῖς
1195 4056 1490 4131 εἰρημένοις
1519 4078 1630 4127 μοι,
1669 4064 1787 4116 etc.
1819 4051 1908 4114 Tu
1933 4064 2077 4136 etc.,

441 4160 576 4219 quae
596 4140 753 4202 dicta
782 4150 917 4201 sunt
947 4161 980 4201 ει
1025 4149 1081 4202 te
1105 4143 1247 4204 mihi
1281 4143 1378 4217 de,
1411 4151 1526 4204 etc.

525 4228 665 4293 135.
713 4229 1158 4310 Ἀναχωρήσατε,
1207 4240 1347 4312 etc.,
1389 4237 1450 4289 τὸ
1481 4237 1619 4297 πῶς.
1654 4239 1768 4294 etc.
1819 4231 2080 4296 Recedi-

439 4328 526 4400 te,
559 4327 677 4381 etc.

528 4407 660 4472 I36.
705 4407 883 4467 ’Pent
924 4433 1014 4486 με,
1050 4419 1165 4475 etc.
1199 4410 1411 4475 Libera
1439 4430 1554 4480 me,
1591 4423 1708 4476 etc.

521 4500 661 4562 137.
707 4499 1022 4575 Κύκλωσον,
1059 4513 1203 4576 810.,
1239 4504 1382 4560 οὓδέν
1429 4528 1520 4579 μοι
1554 4505 1690 4573 ἄλλη
1737 4505 1907 4582 gent,
1961 4509 2076 4564 etc.

443 4587 784 4670 Circumde,
819 4597 910 4651 etc
945 4641 959 4671 ,
995 4591 1156 4654 nulla
1188 4593 1333 4654 mihi
1363 4593 1480 4656 alia
1502 4599 1615 4656 erit
1645 4613 1808 4669 cura,
1843 4603 1957 4656 etc.

527 4677 656 4741 138.
705 4679 838 4738 ’Ὅτι
889 4683 935 4738 οἰ
981 4681 1077 4756 μὲν
1109 4687 1203 4742 οὐκ
1255 4686 1588 4758 ἐπίστευσαν,
1625 4695 1745 4749 etc.
1791 4685 2082 4760 Quoniam

446 4767 546 4829 alii
577 4766 816 4847 quidem
850 4787 966 4829 non
999 4770 1412 4845 crediderunt,
1450 4784 1569 4836 etc.

521 4831 678 4920 13.93
693 4857 1058 4941 Ελογισάμην,
1082 4831 1205 4925 810.
1220 4911 1232 4931 ,
1252 4831 1313 4919 ot
1348 4831 1442 4931 τές
1459 4831 1474 4832 7
1495 4831 1774 4943 ticalyetatc
1818 4862 2087 4930 κεκολλη-
2110 4831 2154 4882 D

442 4946 617 5025 μένοι,
646 4953 791 5022 etc.,
838 4952 1002 5013 ἐστιν.
1051 4951 1333 5033 Cogitavi,
1368 4963 1492 5014 etc.

526 5035 663 5097 110.
713 5038 1042 5117 Πεπηγὲναι,
1088 5049 1201 5103 etc.
1235 5039 1348 5104 Fac
1373 5050 1435 5104 ut
1459 5041 1807 5119 immobilis,
1842 5053 1965 5107 etc.

525 5127 664 5189 141.
713 5125 1028 5189 Ἐπίστευσα
1072 5134 1144 5194 εἰς
1189 5134 1247 5189 σὲ
1280 5137 1476 5214 καθὼς,
1510 5143 1626 5196 etc.
1668 5133 1968 5196 Credididi
2023 5132 2086 5194 in

443 5223 500 5279 te
520 5216 1049 5303 quemadmodum,
1078 5231 1201 5285 etc.

525 5307 664 5371 142.
715 5311 1155 5392 Μακροθύμησον,
1194 5319 1334 5393 etc.,
1389 5314 1753 5394 ικτηγορῆσαί
1811 5339 1912 5390 μου
1955 5313 2085 5393 πρὸς

447 5419 528 5461 σι.
579 5397 881 5461 l’atienter
910 5417 1005 5462 me
1035 5410 1334 5481 exspecta,
1367 5411 1483 5466 etc.

533 5486 667 5552 143.
717 5487 891 5553 ’Ὄλος
936 5493 963 5546 ὃ
1017 5492 1174 5554 πόθος
1227 5493 1328 5567 μού
1373 5493 1481 5550 ἐστι
1514 5496 1574 5551 τὸ
1603 5491 1840 5561 δέξασθαί
1871 5517 1936 5570 με
1968 5496 2088 5566 τὴν,

447 5585 565 5639 etc.
595 5573 811 5652 Omne,
839 5587 957 5641 etc.

528 5666 663 5732 144.
713 5669 944 5738 Ποίησον
973 5667 1090 5748 μα’
1122 5669 1275 5748 ιμόῦ,
1310 5681 1454 5751 etc.,
1490 5683 1583 5734 τοῦ
1605 5673 1788 5741 ιλέους
1817 5681 2089 5754 σου,810.,

2245 3513 2385 3576 149.
2433 3513 2616 3578 Hisne
2650 3511 2956 3580 ἐκπλήξεως
3004 3512 3173 3584 μεστὰ
3203 3514 3324 3583 εἱσι,
3373 3518 3514 3590 etc.,
3559 3513 3634 3585 τῷ
3666 3511 3819 3568 30v:-

2165 3604 2328 3678 μένῳ,
2379 3610 2521 3680 etc.,
2562 3603 2657 3657 Διὰ
2691 3609 2844 3658 τοῦτο
2869 3601 2979 3680 οὖν,
3018 3609 3160 3672 etc.,
3195 3608 3300 3656 τῶν
3334 3607 3576 3679 Γραφῶν.
3613 3598 3817 3662 Testi-

2165 3690 2362 3752 monia
2393 3699 2485 3751 tua
2509 3689 2680 3770 plena
2715 3700 2880 3768 sunt,
2915 3697 3058 3758 etc.,
3101 3699 3426 3770 propterea
3459 3688 3666 3769 igitur,
3699 3697 3816 3751 etc.

2248 3783 2381 3843 150.
2430 3781 2494 3837 Ἢ
2529 3782 2779 3858 ἑρμηνεία
2817 3782 2928 3858 περὶ
2977 3782 3037 3835 τὸ
3090 3780 3299 3846 νοῆσαι.
3361 3779 3816 3860 Interpretatio,

2165 3879 2280 3934 etc.

2247 3960 2384 4022 151.
2437 3965 2638 4035 Διψῶν,
2675 3967 2815 4027 etc.,
2851 3956 3035 4026 ἐπειδή
3068 3958 3357 4032 ἐπεθύμουν
3393 3958 3695 4036 ἐπιγνῶνκϊ
3716 3961 3816 4026 τὴν

2166 4053 2446 4130 ὲρμηνεῖαν
2476 4057 2582 4106 τῶν
2615 4055 2832 4126 Γραφῶν
2877 4071 2990 4110 σου.
3056 4046 3303 4121 Sitiens,
3356 4054 3500 4125 etc.,
3532 4049 3817 4128 quoniam

2166 4137 2579 4202 desiderabam
2629 4156 2956 4214 agnoscere
2986 4136 3541 4217 interpretationem
3573 4145 3814 4198 tuarum

2165 4231 2606 4310 Sripturarum.

2244 4317 2847 4397 159.K10di;équpan
2881 4317 3021 4386 τούς,
3065 4325 3176 4379 etc.
3209 4316 3540 4384 καίὲλὲησόν
3562 4315 3824 4392 με.οιιθ-

2166 4409 2544 4470 madmodum
2574 4406 3066 4485 respexisti,etc.,
3101 4415 3158 4466 et
3188 4405 3477 4467 miserere
3513 4406 3656 4466 mei.

2249 4498 2386 4559 153.
2437 4500 2546 4565 Τὴν
2589 4499 2900 4574 προθυμίαν,
2937 4505 3054 4558 etc.
3090 4497 3206 4558 Fac
3237 4514 3344 4557 cor
3377 4513 3603 4574 meum,
3636 4504 3754 4556 etc.

2251 4589 2388 4651 154.
2441 4588 2714 4665 Λύτρωσπιί
2740 4609 2804 4660 με
2834 4586 2937 4642 ἀπὸ
2970 4585 3147 4653 πάσης
3179 4587 3529 4666 συκοφαντίας
3551 4587 3640 4641 καὶ
3661 4586 3825 4664 ἀφορ-

2169 4685 2302 4757 μῆς,
2337 4687 2452 4740 etc.
2491 4675 2704 4738 Libera
2739 4691 2832 4735 me
2862 4677 2938 4734 ab
2970 4673 3134 4734 omni
3188 4673 3392 4736 fraude
3442 4681 3502 4736 et
3552 4673 3826 4747 incursu,

2171 4777 2284 4830 etc.

2261 4856 2392 4920 159,
2435 4856 2795 4933 Ἐμαράνθην,
2833 4859 2974 4928 810.,
3021 4852 3311 4918 λαλοῦντας
3343 4852 3832 4931 πε.ρζ,810.Εῐῐιᾶι“.

2169 4946 2264 5008 cui
2293 4955 2474 5016 totus,
2505 4953 2648 5019 etc.,
2681 4943 2996 5008 haereticos
3017 4941 3320 5004 contraria
3349 4941 3680 5023 Scripturis
3715 4942 3834 5004 tuis

2169 5036 2480 5118 loquentes
2513 5034 2589 5095 de
2623 5032 2739 5095 ﬁde
2773 5041 2892 5094 tua.

2251 5125 2388 5189 160.
2435 5122 2679 5198 Ἐπειδὴ,
2717 5130 2861 5193 810.⁹
2895 5122 3180 5201 ὑπάρχεις,
3216 5121 3828 5200 810.,καλάμ.ην,τουτ·

2171 5216 2309 5273 ἐστιν
2343 5219 2390 5272 αἱ
2438 5214 2652 5292 πράξεις
2686 5215 2733 5269 α’
2771 5212 3015 5288 πονηραί.
3052 5210 3345 5285 Quoniam
3377 5210 3534 5290 ignis
3554 5210 3690 5290 ipse
3715 5228 3824 5271 ex—

2170 5307 2353 5380 sistis,
2390 5311 2532 5381 etc.,
2559 5301 2863 5383 stipulam,
2899 5301 3013 5363 hoc
3044 5310 3131 5362 est
3172 5318 3379 5382 pravas
3409 5300 3823 5380 operationes.

2258 5396 2392 5458 161.
2440 5394 2498 5452 Ὀ
2533 5393 2587 5450 οὲ
2618 5390 2801 5455 δοῦλός
2849 5413 2963 5471 σου,
3015 5393 3228 5457 βιατὰς
3272 5390 3326 5446 ἐν
3371 5391 3542 5464 ἑαυτῷ
3587 5391 3826 5452 ἀκάνθας

2176 5494 2267 5546 τοῦ
2298 5486 2434 5563 βίου.
2469 5481 2583 5556 Qui
2614 5490 2813 5543 autem
2843 5495 3072 5563 servus,
3097 5488 3238 5545 ote..
3274 5478 3405 5542 vitae
3433 5478 3640 5561 spinas
3669 5478 3734 5541 in
3765 5497 3830 5540 se

2179 5577 2306 5658 ipso
2338 5569 2663 5637 comburit.
