4110 6206
277 321 420 388 1221
1143 321 1240 385 DE
1285 321 1596 384 TITULIS
1640 319 2128 386 PSALMORUM.
2179 351 2254 363 -
2301 317 2486 380 PSAL
2557 315 2739 381 CXX.
3493 313 3644 379 1222

579 456 692 538 96+.
724 479 828 512 των
862 453 1229 530 Ἀναϐαθμῶν.
1279 462 1448 518 ΨΑΛ,
1484 455 1614 515 ΡΚ’.
1937 471 1972 518 Α

1937 471 1972 518 Α
2221 451 2540 514 Canticum
2579 449 2913 514 Graduum.
2965 443 3192 508 PSAL.
3232 443 3417 538 CXX.

356 548 413 607 1.
448 535 609 624 Ἠρα
663 547 782 609 τοὺς
827 543 1126 624 ὀφθαλμούς
1171 567 1272 620 μου
1329 546 1401 607 εἷς
1431 545 1496 602 τὰ
1527 543 1646 622 ὅρητ
1682 541 1794 600 ὀὉέν
1824 543 1922 624 (α)

2090 543 2138 603 1.
2178 541 2380 602 Levavi
2415 539 2619 604 oculos
2671 557 2839 602 meos
2871 538 2930 598 in
2958 543 3212 616 montes,
3255 537 3414 599 unde
3443 536 3640 601 veniet

276 635 388 703 ἥξει
432 639 466 704 ἡ
499 635 713 712 βοήθεια
745 658 868 710 μου.

1999 629 2290 692 auxilium
2341 629 2509 694 mihi.

357 725 418 786 2.
467 727 530 782 Ἠ
572 727 792 801 βοήθειή
841 746 942 798 μου
979 724 1122 802 παρὰ
1155 725 1366 801 Κυρίου,

2083 724 2139 779 2.
2173 720 2473 783 Auxilium
2513 739 2708 782 meum
2755 738 2788 782 a
2819 717 3094 792 Domino,

357 815 417 875 3.
465 822 568 873 Τοῦ
600 816 924 883 ποιήσαντος
955 815 1044 870 τὸν
1084 815 1299 892 οὐρανὸν
1326 813 1413 868 καὶ
1445 813 1540 880 τὴν
1571 819 1694 890 γῆν.

1445 813 1540 880 τὴν
1571 819 1694 890 γῆν.
2077 814 2138 871 3.
2165 809 2277 882 Qui
2314 810 2452 872 fecit
2483 810 2701 872 ccelum
2735 817 2794 869 ct
2824 819 3067 870 terram.

357 903 418 965 4.
470 905 556 970 Μή
583 901 725 976 δῴης
761 905 834 967 εἰς
864 903 1026 960 σάλον
1047 903 1137 958 τὸν
1170 900 1305 958 πόδα
1338 923 1451 975 σου,

2077 900 2138 964 4.
2177 898 2301 960 Non
2334 901 2434 960 det
2461 900 2520 960 in
2555 899 3012 960 commotionem
3047 896 3260 977 pedem
3314 904 3504 972 tuum,

361 994 420 1056 5.
451 991 598 1058 Μηδὲ
631 993 858 1068 νυστάξῃ
899 995 924 1047 ὁ
961 991 1240 1072 φυλάσσων
1286 1013 1366 1052 σε,

2079 989 2140 1050 5.
2173 991 2380 1070 Neque
2411 987 2693 1050 dormitet
2725 989 2824 1068 qui
2847 987 3107 1049 custodit
3137 994 3217 1048 te.

360 1084 421 1144 6.
467 1081 600 1140 Ἰδοὺ
625 1083 686 1138 οὗ
729 1081 988 1155 νυστάξει,
1042 1079 1158 1139 οὐδέ
1189 1080 1419 1140 ὖπνώσει
1455 1082 1481 1136 ὁ
1515 1079 1794 1160 φυλάσσων
1826 1083 1916 1138 τὸν

2081 1079 2141 1142 6.
2189 1077 2340 1140 Ecce
2378 1097 2497 1140 non
2558 1077 2923 1152 dormitabit,
2984 1095 3183 1158 neque
3234 1076 3494 1140 dormiet
3541 1076 3641 1158 qui

285 1170 524 1252 Ἰσραήλ.
573 1163 578 1168 1

2001 1168 2256 1228 custodit
2289 1168 2487 1229 Israel.

363 1263 428 1325 7.
474 1263 666 1339 Κύριος
691 1259 907 1339 φυλάξαι
953 1282 1036 1340 σε,

2079 1258 2140 1320 7.
2177 1255 2465 1317 Dominus
2495 1256 2757 1318 custodit
2789 1261 2850 1318 te
2881 1274 2891 1318 :

361 1353 416 1416 8.
469 1349 662 1430 Κύριος
709 1350 880 1416 σκέπη
907 1371 988 1406 σοι
1027 1346 1269 1426 [σου]ἐπὶ
1311 1353 1474 1426 ψε““ρα
1517 1346 1686 1414 δεξιάν
1720 1370 1834 1410 σου,

2083 1345 2142 1405 8.
2179 1345 2469 1406 Dominus
2501 1345 2794 1426 protectio
2838 1353 2960 1427 tua,
2991 1364 3175 1428 super
3221 1365 3462 1408 manum
3495 1346 3644 1407 dex-

2005 1441 2188 1496 teram
2222 1443 2403 1498 tuam.

363 1529 422 1590 9.
463 1529 694 1607 Ἠμέρας
721 1531 747 1584 ὁ
778 1527 930 1596 ἥλιος
978 1530 1038 1587 οὔ
1067 1529 1350 1605 συγκαύσει
1383 1547 1465 1584 σε·

1418 1547 1465 1582 ε·
2087 1524 2144 1586 9.
2177 1522 2288 1585 Per
2318 1525 2478 1586 diem
2505 1525 2592 1585 sol
2633 1543 2752 1585 non
2786 1533 2916 1587 uret
2950 1534 3039 1588 te:

365 1623 460 1680 10.
497 1617 632 1682 Οὐδὲ
653 1620 686 1686 ἠ
736 1617 935 1688 σελήνη
965 1619 1063 1684 τὴν
1095 1618 1277 1678 νύκτα.

2089 1615 2188 1678 10.
2229 1613 2436 1694 Neque
2467 1615 2607 1674 luna
2641 1631 2745 1692 per
2782 1623 3043 1677 noctem.

366 1712 467 1770 Η,
501 1705 704 1786 Κύριος
733 1706 950 1787 φυλάξω
988 1729 1045 1763 σε
1073 1707 1178 1764 ἀπὸ
1223 1708 1418 1769 παντὸς
1451 1715 1634 1764 κακοῦ·

2087 1707 2184 1766 11.
2220 1702 2509 1765 Dominus
2553 1703 2812 1764 custodit
2843 1712 2900 1764 te
2927 1703 3000 1764 ab
3027 1705 3188 1765 omni
3223 1703 3378 1766 malo
3407 1726 3421 1765 :

371 1797 464 1860 1.2.
499 1797 725 1862 Φυλάξω
770 1799 869 1864 τὴν
899 1798 1084 1876 ψυχήν
1119 1819 1214 1852 σου
1245 1797 1271 1852 ὅ
1301 1797 1517 1874 Κύριος.
1948 1803 1984 1852 Β

1948 1803 1984 1852 Β
2094 1797 2186 1856 12.
2221 1792 2524 1855 Custodiat
2557 1791 2812 1853 animam
2848 1801 3004 1853 tuam
3051 1793 3365 1856 Dominus.

363 1915 446 1996 (α)
479 1913 653 1977 Vers.
687 1912 748 1978 2.
774 1915 938 1972 Πόθεν
968 1914 1103 1990 ἥξει,
1143 1921 1258 1975 etc.
1285 1910 1458 1976 Vers.
1494 1915 1554 1976 3.
1591 1911 1656 1970 Ἠ
1687 1915 1926 1990 βοήθειά,
1958 1931 1986 1974 e

800 1915 938 1972 Ιόθεν
968 1914 1103 1990 ἥξει,
1143 1921 1258 1975 etc.
1285 1910 1458 1976 Vers.
1494 1915 1554 1976 3.
1591 1911 1656 1970 Ἢ
1687 1915 1926 1990 βοήθειά,
1958 1920 2101 1988 etc.,
2128 1916 2226 1978 τὴν
2256 1918 2381 1989 γῆν.
2417 1953 2423 1960 ·

1402 2017 1822 2084 ATHANASII
1879 2014 2521 2082 INTERPRETATIO.

367 2129 432 2186 Ἠ
465 2128 792 2205 προκειμένη
837 2128 1104 2208 ἐπιγραφὴ
1138 2127 1380 2207 περιέχει
1419 2145 1432 2158 ⁸
1469 2125 1600 2209 ’ῼδὴ
1630 2135 1735 2184 τῶν
1763 2127 2107 2204 Ἀναϐαθμῶν
2137 2143 2149 2157 ⁶
2202 2124 2590 2204 ἐξομολόγησις
2625 2125 2705 2206 (1)
2753 2125 2860 2182 τῶν
2903 2125 3152 2182 ἀνιέντων
3185 2129 3290 2185 ὰπὸ
3320 2137 3412 2188 τοῦ
3441 2129 3650 2208 πρώτου

277 2221 482 2297 βαθμοῦ
523 2219 606 2274 ἐπὶ
651 2220 738 2274 τὸν
785 2217 1044 2296 δεύτερον,
1081 2221 1349 2275 τουτέστιν
1380 2219 1486 2274 ἀπὸ
1521 2224 1615 2285 τῆς
1647 2219 2084 2296 ἐξομολογήσεως
2117 2223 2222 2274 τῶν
2254 2219 2526 2292 ἁμαρτιῶν
2573 2213 2684 2290 ἅμα
2716 2216 2900 2295 νήφειν
2929 2221 2994 2291 τῇ
3029 2215 3113 2294 (2)
3145 2215 3368 2298 διανοίᾳ,
3418 2220 3504 2276 καὶ
3547 2222 3646 2287 τὴν

276 2311 528 2388 βοήθειαι
559 2313 718 2367 αὐτοῦ
748 2307 1146 2386 ἐπιγινώσκειν,
1193 2305 1384 2386 ὅτιπερ
1418 2310 1560 2386 παρὰ
1598 2315 1726 2364 Θεοῦ
1753 2309 1896 2363 ἐστιν
1916 2350 1930 2364 .

357 2397 590 2459 Titulus
623 2397 972 2478 prapositus
1003 2396 1270 2458 continet
1305 2417 1316 2458 :
1357 2397 1684 2458 Canticum
1717 2395 2034 2458 Graduum
2063 2415 2078 2475 ;
2112 2394 2408 2456 confessio
2459 2391 2919 2454 ascendentium
2951 2411 2984 2453 a
3017 2397 3206 2474 primo
3235 2396 3422 2473 gradu
3451 2397 3511 2459 in
3543 2416 3646 2458 se-

277 2487 566 2568 cundum,
600 2487 715 2548 hoc
747 2495 835 2548 est
865 2505 898 2547 a
923 2485 1301 2548 confessione
1352 2492 1730 2566 peccatorum
1782 2486 1854 2547 ad
1906 2485 2085 2546 simul
2117 2484 2515 2561 evigilandum
2549 2489 2771 2558 mente,
2805 2490 2867 2544 et
2893 2483 2968 2545 ad
2997 2487 3442 2563 agnoscendum
3469 2487 3648 2548 auxi-

277 2577 428 2640 lium
462 2595 660 2657 suum,
691 2577 846 2657 quod
884 2595 917 2638 a
947 2579 1068 2639 Deo
1101 2583 1210 2638 est.

359 2673 416 2730 1.
481 2667 750 2727 Ἀνέτεινα
803 2673 922 2734 τοὺς
978 2669 1276 2746 ὀφθαλμοὺς
1351 2668 1448 2736 τῆς
1523 2667 1758 2730 διανοίας
1821 2689 1925 2740 μου

2091 2670 2148 2730 1.
2181 2667 2414 2730 Intendi
2445 2669 2650 2730 oculos
2678 2667 2900 2730 mentis
2935 2685 3082 2729 mea:
3109 2669 3181 2730 ad
3215 2671 3583 2734 audiendum
3618 2691 3653 2734 a

279 2762 500 2818 ἀκοῦσαι
545 2761 686 2838 παρὰ
719 2762 823 2815 τῶν
869 2761 1032 2838 αγίων
1079 2765 1322 2838 Γραφῶν,
1355 2760 1512 2815 πόθεν
1573 2757 1838 2814 ἐλεύσεται
1888 2760 1902 2812 i

1912 2783 1922 2826 ι
2005 2758 2228 2818 sanctis
2249 2757 2597 2838 Scripturis,
2633 2757 2794 2819 unde
2818 2759 3015 2820 veniet
3044 2759 3330 2821 auxilium
3367 2761 3535 2822 mihi.

280 2853 504 2930 βοήθειά
548 2873 671 2924 μου.

2087 2848 2145 2921 2,
2179 2849 2238 2910 3.
2289 2849 2361 2910 Ει
2389 2866 2460 2909 ex
2491 2849 2635 2928 ipsis
2666 2847 2886 2922 audivi,
2923 2849 3078 2928 quod
3128 2849 3409 2910 auxilium
3451 2867 3655 2914 meum

362 2941 424 3021 2,
466 2939 524 3004 3.
559 2939 662 3000 Καὶ
717 2938 920 3006 ἤκουσα
962 2940 1018 2992 ἒν
1063 2940 1274 3010 αὐταῖς,
1342 2936 1422 2992 ὅτι
1466 2939 1502 3004 ἡ
1554 2937 1774 3012 βοήθειά
1819 2961 1922 3013 μου

2022 2937 2116 2998 erit
2147 2956 2179 2998 a
2209 2937 2460 2998 Domino
2491 2948 2762 2999 creatore
2799 2937 3114 2999 visibilium
3147 2941 3414 3001 omnium
3447 2948 3509 3002 et
3543 2941 3645 3001 in—

284 3037 427 3112 παρα
453 3030 643 3111 Κυρίος
695 3029 870 3086 ἔσεται
1065 3035 1156 3085 τοῦ
1201 3027 1522 3108 δημιοεργοῦ
1565 3031 1778 3088 πάντων
1818 3037 1907 3086 τῷ1

737 3053 870 3086 τεται
1065 3035 1156 3085 τοῦ
1201 3027 1522 3108 δημιοεργοῦ
1565 3031 1778 3088 πάντων
1818 3037 1924 3086 τῶν
2008 3025 2360 3089 visibilium.

287 3125 489 3202 ὁρατῶν
521 3123 608 3178 καὶ
639 3127 744 3177 τῶν
775 3120 1038 3199 ἀοράτων.

2090 3117 2150 3180 4.
2199 3115 2577 3179 Denuntiabit
2608 3117 2830 3179 deinde
2856 3118 2972 3197 ipsi
2995 3117 3270 3182 DeuszNe
3289 3118 3656 3199 ampli_usin-

371 3212 434 3274 4,
471 3209 806 3291 Παραγγελεϊ
833 3209 908 3288 (4)
959 3208 1102 3282 αὖτῷ
1144 3208 1332 3266 λοιπὸν
1363 3212 1390 3264 ὁ
1417 3209 1570 3274 Θεός,
1617 3209 1824 3276 Μηκέτι
1855 3211 1926 3276 et;

2029 3205 2186 3268 :edas
2217 3205 2277 3266 in
2309 3207 2538 3268 lubrico
2571 3208 2938 3269 anteriorum
2977 3216 3208 3270 tuorum
3245 3217 3652 3290 peccatorum.

288 3301 382 3356 τόν
414 3299 621 3356 sine.»
644 3301 751 3356 τῶν
795 3298 1059 3376 προτέρων
1091 3321 1184 3354 σου
1215 3298 1614 3376 ἁμαρτημάτων
1648 3299 1911 3376 περιπάτει

1506 3299 1614 3354 ’των
1648 3299 1924 3376 περιπάτει
2006 3295 2180 3358 Sales
2210 3297 2365 3356 enim
2403 3303 2658 3357 tentatio
2684 3298 3129 3376 interpretatur.

289 3387 689 3469 [περιπατεῖν]
737 3387 908 3450 Σάλος
954 3389 1053 3465 γὰρ
1086 3389 1378 3461 πειρασμός
1405 3389 1772 3466 ἑρμηνεύεται.

2085 3385 2144 3444 5.
2179 3381 2384 3464 Neque
2408 3403 2578 3446 mens
2608 3395 2706 3447 tua
2732 3386 2988 3446 dormiat
3019 3387 3080 3446 in
3111 3393 3410 3468 posterum
3443 3392 3502 3448 in
3529 3405 3661 3466 pec-

370 3481 440 3541 5.
477 3475 624 3546 Μηδὲ
657 3475 714 3533 δὲ
757 3476 974 3552 ὑπνώση
999 3479 1026 3532 ὁ
1072 3485 1186 3539 νοῦς
1232 3499 1324 3533 σου
1364 3485 1455 3533 τοῦ
1502 3475 1692 3534 ϐοιποῦ
1725 3480 1796 3540 εἱς
1826 3479 1926 3545 τὴν

2026 3480 2163 3546 :ato,
2199 3475 2302 3534 sed
2335 3475 2554 3553 vigilet,
2603 3483 2660 3535 et
2687 3482 2836 3554 oret,
2871 3493 2946 3536 ne
2997 3475 3219 3537 incidat
3261 3476 3321 3536 in
3371 3479 3649 3539 tentatio-

291 3568 571 3648 ἁμαρτίαν,
606 3566 743 3624 ἀλλὰ
791 3570 1142 3646 γρηγορεῖτω,
1177 3569 1264 3623 καὶ
1299 3566 1679 3646 προσευχέσθω
1730 3574 1822 3624 τοῦ
1849 3568 1926 3642 μὴ
1950 3642 1982 3648 _
2018 3579 2179 3624 nem.

285 3642 562 3735 Euneos‘tvr
578 3660 650 3723 εἷς
673 3642 990 3734 πειρασμόνν.
1343 3642 1352 3646 1
1503 3642 1540 3646 η

2088 3651 2149 3714 6.
2183 3650 2333 3713 Ecce
2385 3670 2577 3734 neque
2622 3661 2929 3734 punctum,
2993 3671 3191 3735 neque
3251 3664 3654 3737 momentum,

372 3747 435 3810 6.
479 3745 612 3804 Ἰδοῦ
643 3745 806 3826 [οὐδὲ]
841 3747 1098 3826 στιγμὴν,
1132 3745 1248 3802 οὐδὲ
1281 3749 1475 3826 χρόνον
1497 3745 1808 3826 παραλείπει
1839 3745 1922 3826 (5)

2032 3745 2276 3801 πίοιθιιὶι
2329 3741 2515 3818 Deus,
2551 3747 2610 3802 in
2641 3762 2760 3823 quo
2797 3762 2918 3804 non
2978 3745 3243 3824 aspiciat,
3277 3754 3336 3806 et
3363 3745 3655 3807 custodiat

293 3841 320 3894 ὁ
352 3839 482 3902 Θεὸς
551 3837 776 3918 ἐφορῶν,
833 3838 922 3894 καὶ
966 3835 1244 3916 ιξυλασσων
1291 3840 1381 3894 τὸν
1421 3845 1538 3895 νοῦν
1591 3838 1682 3892 τὸν
1727 3839 1916 3914 ὁρῶντα

2030 3839 2276 3890 nentem
2309 3831 2606 3894 videntem
2639 3851 2797 3894 eum.
2841 3831 3036 3896 Israel
3079 3835 3240 3896 enim
3285 3835 3653 3916 interpreta-

293 3927 472 3986 αὐτὸν.
507 3925 719 4005 Ἰσραὴλ
755 3927 854 4004 γὰρ
900 3925 1243 4003 ἑρμηνεύεται
1288 3927 1422 4004 δρῶν
1456 3928 1608 3988 Θεόν,

976 3927 1243 3992 invadam
1288 3927 1422 4004 δρῶν
1456 3928 1608 3988 Θεόν,
2013 3929 2110 3982 tur
2139 3920 2349 3982 videns
2387 3921 2599 3984 Deum.

372 4017 434 4092 7,
486 4020 544 4077 8.
581 4015 773 4095 Κύριος
817 4019 878 4072 ἒκ
932 4013 1113 4079 δεξιῶν
1159 4016 1250 4071 σού
1295 4016 1438 4074 ἐστιν
1497 4015 1782 4096 φυλάσσων
1847 4016 1932 4072 καὶ

2103 4010 2158 4086 7,
2193 4011 2252 4073 8.
2289 4012 2578 4074 Dominus
2606 4032 2640 4074 a
2669 4013 2892 4076 dextris
2919 4015 3036 4078 tuis
3067 4023 3156 4077 est
3197 4014 3565 4093 custodiens,
3600 4021 3658 4076 et

294 4103 506 4163 σκέπων
547 4105 628 4185 (6)
664 4107 736 4168 εἷς
767 4105 833 4161 τὰ
871 4103 998 4184 ἔργα
1027 4101 1388 4173 δικαιοσύνης,

1312 4129 1388 4173 ..ς’
2019 4107 2338 4179 protegens
2365 4102 2424 4162 in
2456 4121 2640 4182 opera
2662 4105 2935 4184 justitize.

373 4194 435 4257 9.
460 4193 556 4256 Ἑν
585 4201 662 4269 τῷ
690 4196 823 4274 φωτὶ
867 4192 940 4250 ὧν
984 4193 1069 4273 (Ἰ)
1107 4191 1286 4275 [ὄντα]
1327 4202 1472 4251 πᾶσα
1502 4195 1669 4271 Θέρμη
1716 4217 1780 4251 πε
1797 4217 1938 4274 ιρασ-

2097 4190 2157 4252 9.
2185 4188 2252 4250 In
2278 4190 2411 4252 luce
2431 4205 2882 4272 permanentem
2902 4196 3099 4258 omnis
3117 4196 3465 4259 tentationis
3486 4203 3661 4257 wstus

294 4289 397 4360 μοῦ
427 4286 486 4342 οὐ
513 4281 734 4360 ξηρανεῖ
765 4298 844 4338 σε’
876 4280 1024 4362 ἔχεις
1057 4283 1156 4360 γὰρ
1187 4281 1242 4338 ἐν
1261 4284 1472 4345 ἑαυτοῖς
1504 4287 1602 4348 τὴν
1621 4285 1804 4361 πηγὴν
1837 4289 1917 4350 ei}.

2037 4297 2140 4340 non
2191 4288 2248 4341 te
2301 4291 2548 4365 exuret;
2605 4285 2788 4347 habes
2855 4285 3014 4347 enim
3063 4285 3124 4346 in
3185 4286 3376 4368 teipso
3433 4286 3660 4349 fontem

293 4377 462 4444 ζωῆς.

2021 4368 2177 4433 vitae.

383 4460 478 4525 10.
513 4459 641 4520 Οὐδὲ
761 4461 942 4528 ἀπὰτη
999 4469 1091 4518 toi}
1133 4463 1249 4539 βίου
1277 4463 1460 4518 τούτου
1521 4462 1574 4518 ἐν
1632 4465 1710 4536 τῷ
1758 4462 1936 4518 σκότει

2108 4459 2200 4522 10.
2247 4461 2456 4542 Neque
2477 4462 2752 4542 deceptio
2783 4464 2962 4544 hujus
2987 4465 3120 4526 vitae
3147 4465 3208 4525 in
3240 4463 3506 4528 tenebris
3547 4465 3660 4527 do-

381 4555 478 4627 11,
534 4551 634 4612 12.
682 4542 770 4608 εΣν
813 4557 883 4628 τῇ
926 4551 1101 4630 ἡμέρᾳ
1145 4552 1240 4620 τῆς
1293 4553 1512 4631 κρίσεως
1566 4554 1593 4608 ὀ
1641 4552 1827 4628 Κύριος
1879 4555 1938 4610 οὒ

926 4551 1101 4630 ἡμέρᾳ
1145 4552 1240 4620 τῆς
1293 4553 1512 4631 κρίσεως
1566 4554 1593 4608 ὀ
1641 4552 1827 4628 Κύριος
1879 4555 1938 4610 οὒ
2025 4547 2348 4612 minabitur
2380 4551 2507 4613 tibi.

295 4642 578 4721 συγκαύσει
630 4659 728 4696 σε’
781 4643 840 4699 οὗ
893 4642 992 4719 γὰρ
1037 4641 1254 4718 μέλλεις
1295 4644 1444 4721 ἔχειν
1509 4648 1726 4699 τοιαῦτα
1785 4640 1912 4719 ἔργα

2105 4641 2206 4720 11,
2239 4639 2337 4704 12.
2365 4643 2439 4738 _ln
2468 4640 2570 4738 die
2590 4642 2828 4738 _judicii
2859 4642 3148 4738 Dominus
3175 4662 3293 4706 non
3321 4643 3663 4738 tecombu-

297 4729 414 4808 μεθ’
457 4733 531 4786 ὧν
595 4731 840 4806 ὼφείλεις
899 4738 977 4805 τῷ
1034 4734 1154 4812 πυρὶ
1184 4731 1567 4810 παραδοθῆναι,
1603 4729 1718 4787 οὐδὲ
1749 4731 1784 4798 ἡ
1816 4753 1916 4786 κατ

2038 4737 2260 4808 ret,non
2283 4729 2440 4790 enim
2467 4731 2780 4794 habiturus
2801 4741 2890 4794 est
2916 4733 3056 4795 talia
3077 4751 3280 4813 opera,
3301 4732 3661 4812 quibuscum

298 4820 474 4900 ὸλιγον
517 4821 791 4901 φθίνουσα,
836 4819 1016 4900 ὥσπερ
1070 4823 1106 4890 ἡ
1183 4821 1414 4900 σελήνη,
1466 4819 1916 4880 καταδυναστεύσε

2043 4823 2142 4898 gni
2166 4819 2489 4882 tradendus
2519 4820 2600 4882 sis
2632 4841 2829 4902 neque
2855 4825 3210 4904 temporaria
3229 4824 3420 4904 gloria
3437 4822 3665 4903 princi-

297 4932 390 4968 σου
420 4909 538 4991 (8).
2025 4927 2166 4990 pum
2201 4909 2380 4989 hujus
2417 4911 2624 4973 mundi
2648 4911 2932 4992 paulatim
2965 4913 3277 4992 deﬁciens,
3310 4914 3468 4976 sicut
3498 4913 3663 4988 luna,

2026 4998 2436 5062 dominabitur
2479 4999 2541 5062 in
2577 5009 2653 5063 te.

1309 5109 1617 5172 Addenda
1645 5114 1710 5172 et
1737 5105 2115 5186 corrigenda
2144 5121 2220 5169 ex
2254 5105 2396 5172 cod.
2429 5107 2631 5172 Vatic.

385 5211 567 5298 (1)123
612 5211 694 5298 διὰ
736 5211 1232 5298 τῆς-κινναϐάρεως
1276 5217 1539 5298 περιέχει.
1589 5213 1677 5297 ’ῼ,
1741 5238 1792 5279 τ,
1853 5213 1942 5277 Ἀ,
2113 5214 2192 5294 (5)
2229 5216 2427 5298 Χρόνον
2459 5217 2516 5272 οὒ
2545 5215 2882 5295 παραλείπει,
2915 5225 3056 5294 etc.,
3091 5222 3198 5276 τῶν
3228 5222 3494 5298 ὁρώντων,
3517 5226 3660 5294 θιο.,

303 5294 809 5376 ὅπερὲρμηνεύεται
847 5294 1256 5376 ἐξομολόγησις,
1290 5294 1405 5360 etc.
1430 5294 1467 5298 Π
1627 5294 1638 5297 ⁷
2032 5305 2148 5359 νοῦς
2177 5297 2336 5376 δρῶν,
2374 5303 2487 5356 etc.

385 5379 462 5456 (2)
495 5383 597 5454 Ϊῇς
628 5377 846 5454 πρώτης
891 5375 1330 5456 ἐξομολογήσεως
1371 5401 1422 5440 τ.
1469 5381 1522 5438 ἁ.
1559 5377 1783 5457 ἄρχεται
1809 5376 1945 5432 ἀνα-
2239 5375 2650 5461 Φυλοξσσων-σε,
2682 5379 2769 5436 καὶ
2799 5379 3010 5438 σκέπων
3042 5401 3123 5455 σε,
3157 5389 3274 5446 etc,

301 5457 626 5540 νήφειν-τῇ,
678 5467 791 5521 etc.
948 5537 961 5540 _
1201 5537 1215 5540 _

2119 5459 2208 5540 (ἶ)
2241 5457 2502 5540 ῗωτίσου
2530 5457 2704 5536 ὄντος,
2737 5467 2880 5540 etc.,
2908 5461 2962 5518 ἐν
2993 5463 3184 5536 ἑαυτῷ,

382 5537 470 5620 (3)
500 5536 729 5620 "Ea-tau,
748 5545 893 5620 etc.,
929 5537 1153 5602 desunt
1183 5537 1300 5600 duo
1333 5541 1465 5603 τὼν,

1208 5537 1300 5600 luo
1333 5541 1465 5603 τῶν,
2121 5537 2214 5616 (8)
2239 5536 2691 5600 Καταδυναστεύει
2718 5563 2831 5603 σου.

385 5617 470 5698 (4)
494 5617 1050 5702 Παραγγέλλει,θῑο.,
1085 5621 1484 5700 περιπατήσης,
1514 5627 1624 5682 etc.
