4110 6206
265 342 287 405 1
302 341 425 406 225.

340 473 441 538 10,
475 471 660 552 Θρόνοι
692 472 778 529 hri
823 472 982 529 οἷκον
1017 469 1199 533 Δαϐίδ,

342 564 440 626 Η.
474 562 819 641 Ἐρωτήσατε
851 559 915 630 δὴ
958 561 1024 618 τὰ
1056 562 1130 627 εἷς
1161 562 1376 641 εἰρήνην
1406 562 1504 630 τὴν
1536 558 1906 643 Ἰερουσαλὴμ,

342 655 442 718 12.
477 651 582 716 Καὶ
605 655 820 720 εὖθηνια
866 665 978 718 τοῖς
1009 652 1258 730 αγαπῶσί
1285 674 1367 715 σε,

341 747 438 805 13.
477 743 715 800 Γενέσθω
759 741 825 812 δὴ
848 744 1033 821 εἰρήνη
1077 742 1132 799 ἐν
1160 747 1226 820 τῇ
1253 740 1471 818 δυνάμει
1505 764 1620 822 σο),

341 832 443 896 14.
479 831 584 895 Καὶ
613 833 828 899 εὖθηνία
871 834 926 887 ἓν
956 831 1081 895 ταῖς
1126 828 1477 910 πυργοϐάρεοί
1504 852 1622 890 σου.

345 923 442 987 15.
475 921 684 981 ’Ἕνεκα
708 921 815 978 τῶν
851 919 1086 1002 οδελφῶν
1117 943 1220 995 μου
1249 922 1338 977 καὶ
1364 927 1469 977 τῶν
1512 919 1745 988 πλησίὰν
1775 943 1899 996 μου,

338 1015 436 1078 16.
475 1012 732 1073 Ἐλάλουν
763 1010 830 1080 δὴ
875 1012 1058 1088 εἰρήνη
1100 1009 1375 1091 [εἰρηνην]
1410 1013 1528 1091 περὶ
1570 1019 1682 1070 σοῦ.

341 1103 436 1166 17.
472 1101 692 1164 ’Ἐνεκα
736 1111 829 1160 τοῦ
881 1101 1038 1160 οἴκου
1089 1101 1280 1180 Κυρίου
1319 1108 1414 1160 τοῦ
1457 1108 1589 1158 Θεοῦ
1617 1104 1771 1176 ἡμῶν
1813 1100 1903 1166 ἐξ-

253 1194 494 1266 εζήτησα
525 1191 700 1270 ἀγαθά
728 1213 811 1248 σοι
824 1238 839 1254 .

523 1279 656 1361 ᾪδὴ
686 1286 792 1338 τῶν
824 1277 1193 1355 Ἀναεαθμῶν.
1251 1286 1419 1340 ΨΑΛ.
1470 1281 1638 1342 ΡΚΒ’.

338 1371 400 1433 1.
438 1372 573 1444 Πρὸς
604 1371 662 1426 σὲ
693 1369 796 1448 ἦρα
840 1371 960 1435 τοὺς
987 1367 1290 1449 ὀφθαλμούς
1323 1391 1448 1446 μου,

339 1465 400 1526 2.
435 1464 538 1518 Τὸν
566 1466 917 1517 κατοικοῦντα
957 1461 1016 1516 ἒν
1046 1461 1120 1532 τῷ
1150 1459 1376 1535 οὖρανῷ.

339 1549 399 1615 3.
463 1547 598 1608 Ἰδοὺ
650 1551 723 1614 ὡς
776 1547 1036 1629 ὀφθαλμοὶ
1065 1544 1264 1603 δούλων
1309 1551 1383 1610 είς
1428 1559 1623 1628 χεῖρας
1666 1548 1772 1605 τῶν
1801 1570 1901 1604 κυ..

253 1641 384 1721 ’ρίων
427 1643 598 1698 αὐτῶν
609 1685 626 1701 .

1119 338 1214 403 DE
1261 338 1575 416 TITULIS
1621 337 2109 400 PSALMORUM.
2159 369 2238 381 —
2282 337 2496 399 PSAL.
2543 336 2781 398 CXXII.

3483 336 3637 401 1226

1925 479 1964 530 Α
2065 469 2168 532 10.
2197 466 2386 531 Sedes
2415 485 2598 548 super
2627 467 2868 529 domum
2905 466 3112 530 David.

2075 561 2172 620 11.
2207 561 2432 636 Rogate
2475 575 2609 639 qum
2667 557 2740 618 ad
2774 575 2980 634 pacem
3014 565 3151 619 sunt
3177 557 3536 636 Jerusalem,

2072 647 2168 708 19..
2204 647 2274 710 Et
2305 647 2669 709 abundantia
2697 645 3091 726 diligentibus
3123 657 3202 711 te.

2069 737 2167 800 13.
2197 737 2328 799 Fiat
2361 756 2467 818 pax
2496 743 2555 798 in
2580 735 2794 798 virtute
2828 744 2948 808 tua,

2070 827 2168 892 14.
2209 831 2277 890 Et
2300 825 2660 888 abundantia
2689 827 2750 886 in
2779 825 3050 887 turribus
3078 833 3212 889 tuis.

2077 918 2167 979 15.
2199 920 2445 996 Propter
2475 915 2683 976 fratres
2727 933 2889 975 meos
2919 924 2977 975 et
3005 917 3306 994 proximos
3339 938 3527 1004 meos,

2070 1005 2167 1066 16.
2205 1004 2517 1086 Loquebar
2549 1022 2754 1085 pacem
2789 1005 2864 1064 de
2895 1013 2971 1066 te.

1987 1181 2024 1245 δ
2073 1096 2166 1158 17.
2201 1098 2450 1237 ίίιξορῑθτ
2483 1094 2725 1155 domum
2760 1093 2997 1156 Domini
3024 1094 3130 1160 Dei
3169 1099 3630 1182 nostri,qua33ivi

2031 1203 2142 1245 oua
2176 1194 2304 1245 ttn.

2031 1203 2142 1245 oua
2176 1183 2304 1248 tibi.

2177 1276 2508 1339 Canticum
2541 1277 2875 1338 Graduum.
2914 1275 3060 1339 PSA
3077 1279 3143 1341 L.
3185 1277 3442 1345 CXXII.

2067 1371 2125 1431 1.
2167 1371 2253 1433 Ad
2290 1379 2344 1431 te
2380 1369 2564 1434 levavi
2595 1368 2804 1432 oculos
2836 1388 3028 1452 meos,

2069 1459 2129 1522 2.
2157 1459 2263 1532 Qui
2301 1459 2533 1522 habitas
2578 1459 2636 1520 in
2676 1458 2867 1523 caelis.

2067 1549 2126 1613 3.
2165 1549 2318 1612 Ecce
2347 1552 2501 1611 sicut
2543 1549 2700 1611 oculi
2754 1566 3064 1611 servorum
3098 1555 3157 1612 in
3212 1554 3490 1620 manibus
3519 1557 3629 1618 do-

1988 1642 2286 1702 minorum
2320 1659 2588 1702 suorum.

1394 1795 1806 1862 ATHANASH
1846 1796 2468 1866 INTERPRETATIO.

337 1966 436 2027 ’IO.
475 1966 659 2030 Καθὼς
715 1963 971 2039 εἴπαμεν,
1006 1966 1053 2020 oi
1085 1960 1374 2020 ἀπόστολοι
1421 1960 1477 2022 ἔτ
1509 1967 1578 2038 τῇ
1607 1959 1931 2033 Ἐκκλησία]

2067 1962 2162 2028 10.
2197 1964 2366 2044 Sicut
2395 1963 2678 2040 diximus,
2734 1962 2983 2041 apostoli
3039 1963 3097 2024 in
3135 1961 3402 2027 Ecclesia
3439 1985 3630 2030 manu

253 2061 354 2110 τοῦ
393 2055 572 2112 ίκανοῦ
615 2059 682 2130 τῇ
741 2053 907 2132 χειρί·
968 2058 1124 2109 τοῦτο
1187 2052 1287 2132 γὰρ
1343 2052 1688 2128 ἑρμηνεύεται
1746 2047 1904 2107 Δαϐὶδ

250 2143 429 2204 ἱκανός
473 2145 654 2223 χειρὶ(
669 2142 749 2222 1),
785 2140 914 2220 ὅπερ
958 2141 1099 2198 ἐστὶν
1143 2145 1190 2198 οἱ
1239 2143 1349 2198 Υἱοὶ
1377 2147 1470 2197 τοῦ
1504 2145 1657 2199 Θεοῦ.

336 2232 431 2296 11.
480 2235 678 2290 Λοιπὸν
711 2235 758 2290 οἱ
799 2230 1036 2296 ἐλθόντες
1080 2231 1165 2288 ἐπὶ
1207 2233 1268 2288 τὸ
1313 2234 1638 2311 φωτισθῆναι
1701 2227 1900 2286 δέονται

249 2321 493 2402 λέγοντες
524 2336 641 2386 τοῖς
689 2320 1033 2386 ἂποστόλοιςο
1064 2319 1474 2394 Παρακαλὲσατε
1517 2321 1713 2385 ἱκανῶς
1763 2335 1897 2376 κατ-

254 2411 560 2492 αλλαγῆναι
612 2415 748 2488 ἡμῖν
823 2410 913 2490 (2)
968 2413 1059 2468 τὸν
1097 2413 1248 2492 Θεὸν,
1295 2412 1388 2467 ’ἱνα
1417 2411 1504 2467 καὶ
1533 2412 1700 2486 ἡμεῖς
1732 2407 1900 2474 δεξώ-

256 2504 390 2578 μεθα
449 2501 550 2570 τὴν
585 2502 744 2582 χάριν
792 2502 972 2558 αὐτοῦ’
1015 2503 1089 2565 ὡς
1144 2502 1245 2580 γὰρ
1297 2521 1648 2580 προειπαμεν,
1701 2499 1900 2578 ’ἱερου-

267 2589 452 2666 σαλὴμ
480 2591 824 2667 ἑρμηνεύεται
857 2597 1070 2666 Πνεῦμα
1101 2591 1260 2647 αὐτοῦ
1300 2589 1548 2670 χάριτος.

339 2678 440 2742 12.
491 2677 570 2758 (3)
628 2677 732 2741 Καὶ
793 2679 1072 2750 εὖθηνήσει
1123 2679 1159 2747 ἡ
1201 2676 1384 2758 καρδία
1431 2679 1604 2735 αὐτῶν
1670 2679 1726 2734 ἓν
1777 2688 1901 2739 ταῖς

264 2769 508 2834 ξντολαῐς
531 2775 636 2826 τῶν
658 2772 846 2850 ἁγίων,

343 2859 556 2924 13-15.
591 2859 673 2937 (4)
707 2860 766 2918 Ὀ
812 2862 978 2941 χορὸς
1039 2861 1145 2918 τῶν
1201 2858 1516 2917 ἀποστόλων
1572 2858 1716 2937 λέγει
1769 2860 1901 2937 πρὸς

253 2951 347 3008 τὸν
377 2950 529 3014 Θεόν.
566 2948 795 3008 ’Ἕνεκεν
825 2956 923 3018 τῆς
968 2952 1234 3029 σωτηρίας
1267 2951 1419 3024 ἡμῶν
1451 2947 1690 3029 ἀδελφῶν
1730 2949 1900 3026 ἡγουο

254 3040 456 3116 μένων,
507 3040 596 3097 καὶ
661 3045 770 3096 τῶν
827 3038 1055 3107 πλησίον
1112 3040 1270 3114 ἡμῶν
1317 3037 1618 3117 γενομένων
1678 3035 1761 3094 διὰ
1804 3042 1902 3103 τῆς

253 3130 508 3204 πίστεως,

338 3219 436 3283 16.
466 3217 843 3296 Ἐλαλήσαμεν
887 3219 1070 3284 αὐτοῖς
1102 3219 1193 3276 τὸν
1224 3216 1386 3298 λόγον
1429 3239 1522 3275 σου
1567 3219 1659 3275 καὶ
1687 3218 1785 3286 τὴν
1827 3219 1900 3283 εἷς

259 3309 318 3367 σὲ
345 3307 548 3368 ἐλπίδα.

334 3398 431 3462 17,
463 3397 683 3460 ’Ἕνεκα
732 3404 823 3455 τοῦ
867 3403 1227 3476 καταρτισμοῦ
1255 3403 1361 3453 τῶν
1394 3396 1558 3476 ἁγίων
1588 3395 1768 3474 ᾔτησα
1815 3395 1896 3476 (5)

258 3486 589 3568 [ᾗτῆσαμεν]
622 3488 930 3568 χαρίσματα
970 3493 1063 3544 τοῦ
1111 3486 1414 3563 Πνεύμὰτός
1446 3509 1541 3544 σου
1571 3487 1744 3565 ἁγίου.

1983 2053 2169 2132 fortis
2195 2074 2208 2116 :
2237 2053 2312 2114 ita
2347 2054 2504 2115 enim
2534 2053 2739 2114 David
2766 2050 3194 2133 interpretatur
3211 2072 3394 2117 manu
3423 2057 3630 2135 fortis,

1983 2141 2177 2221 qualis
2221 2150 2310 2204 est
2342 2145 2451 2206 Dei
2483 2142 2692 2206 Filius.

2067 2233 2093 2293 1
2115 2235 2424 2296 1.Demum
2449 2232 2758 2296 venientes
2779 2232 2851 2294 ad
2875 2233 3404 2314 illuminationem(
3412 2253 3630 2315 nempe

1981 2321 2054 2384 ad
2095 2320 2505 2403 baptismum),
2542 2330 2864 2402 precantur
2893 2323 3098 2385 dicens
3127 2325 3628 2404 apostolis:0rate

1989 2411 2181 2482 valde,
2228 2421 2293 2474 ut
2323 2411 2482 2475 Deus
2523 2410 2694 2474 nobis
2719 2412 3167 2494 reconcilietur,
3203 2423 3268 2474 ut
3298 2415 3472 2475 etiam
3518 2434 3625 2475 nos

1984 2501 2344 2582 accipiamus
2367 2521 2465 2578 gro
2481 2502 2620 2563 tiam
2641 2502 2957 2583 ejus:sicut
2976 2503 3136 2564 enim
3155 2511 3333 2564 antea
3347 2503 3626 2577 diximus,

1981 2590 2333 2653 Jerusalem
2365 2595 2794 2673 interpretatur
2819 2591 3098 2673 Spiritus
3128 2595 3353 2673 gratia:
3383 2595 3532 2672 ejus.

2065 2681 2166 2742 12.
2200 2680 2267 2742 Et
2288 2681 2617 2744 abundabit
2643 2699 2748 2743 cor
2779 2699 2986 2744 eorum
3032 2681 3094 2743 in
3129 2683 3443 2764 praeceptis
3482 2702 3629 2746 san-

1985 2777 2236 2831 ctorum.

2071 2861 2265 2922 13-15
2304 2862 2536 2923 Chorus
2567 2862 2972 2943 apostolorum
3007 2862 3151 2924 dicit
3180 2862 3252 2925 ad
3271 2862 3633 2925 DeumzPro-

1989 2957 2117 3029 ptvr
2143 2951 2394 3012 salutem
2429 2961 2768 3013 nostrorum
2804 2953 3080 3026 fratrum,
3115 2955 3213 3033 qui
3249 2954 3627 3033 prmiverunt,

1987 3050 2044 3100 et
2072 3058 2274 3101 eorum
2309 3041 2412 3122 qui
2444 3039 2701 3122 proximi
2749 3043 2930 3103 nostri
2951 3040 3088 3103 facti
3119 3052 3255 3104 sunt
3289 3060 3394 3124 per
3421 3043 3626 3124 ﬁdem,

2065 3221 2167 3280 16.
2202 3218 2408 3280 Loculi
2459 3237 2664 3280 sumus
2692 3219 2838 3299 ipsis
2868 3219 3115 3281 verbum
3153 3229 3340 3296 tuum,
3375 3228 3432 3281 et
3460 3239 3626 3300 spem

1917 3335 1957 3386 ο
1983 3308 2044 3370 in
2081 3319 2160 3372 te.

2065 3400 2160 3460 17.
2190 3397 2440 3480 Propter
2471 3397 2899 3477 perfectionem
2932 3405 3275 3459 sanctorum
3307 3397 3626 3478 postulavi-

1985 3507 2120 3548 mus
2153 3489 2309 3548 dona
2340 3486 2531 3547 sancti
2563 3487 2646 3545 tui
2678 3484 2957 3566 Spiritus.

329 3582 399 3640 Ἥ
435 3580 764 3656 προκειμένη
809 3581 1079 3660 ἐπιγραφὴ
1125 3580 1368 3660 περιέχει
1400 3578 1478 3653 (ὃ)
1513 3599 1528 3614 ⁹
1583 3577 1715 3660 ’ῼδὴ
1774 3587 1880 3636 τῶν
1942 3579 2310 3656 Ἀναϐαθμῶν,
2360 3579 2490 3659 ὅπερ
2537 3581 2885 3658 ἑρμηνεύεται
2920 3579 3302 3657 ἐξομολόγησις
3338 3588 3446 3636 τῶν
3489 3582 3625 3635 ἀνασ-

253 3669 541 3730 6αινόντων
587 3672 691 3727 ἀπὸ
735 3680 827 3729 τοῦ
869 3672 1046 3749 τρίτου
1090 3671 1294 3747 βαθμοῦ
1336 3674 1431 3737 τῆς
1475 3667 1773 3732 θεοσεϐείας
1804 3670 1888 3727 ἐπὶ
1921 3672 2010 3727 τὸν
2057 3677 2304 3749 τέταρτον
2352 3672 2422 3730 εἷς
2458 3671 2662 3724 σύνεσιν
2716 3670 3050 3748 ἐρχομένων,
3107 3673 3193 3726 καὶ
3253 3670 3626 3747 γινωσκόντων

251 3762 468 3826 ἑαυτοὺς
614 3762 699 3818 ἐπὶ
743 3772 866 3824 ταῖς
897 3760 1200 3838 ἁμαρτίαις,
1247 3758 1677 3835 ταπεινουμένων
1706 3759 1930 3816 ἐνώπιὸν
1955 3763 2050 3816 τοῦ
2085 3768 2238 3839 Θεοῦ,
2272 3762 2358 3816 καὶ
2391 3757 2652 3831 δεομένων
2685 3763 2863 3836 αὐτοῦ,
2897 3757 3034 3814 ὥστε
3068 3759 3373 3827 ἐλεηθῆναι.

333 3850 562 3912 Titulus
592 3849 944 3931 praepositus
975 3849 1243 3911 continet
1275 3866 1289 3911 :
1331 3849 1652 3912 Canticum
1687 3849 2023 3923 Graduum,
2088 3849 2246 3930 quod
2301 3848 2728 3924 interpretatur
2757 3847 3052 3906 confessio
3103 3848 3560 3909 ascendentium
3593 3865 3626 3909 a

250 3943 431 4006 tertio
460 3940 643 4022 gradu
676 3938 870 4000 cultus
900 3955 1042 4020 erga
1078 3937 1268 4000 Deum
1301 3938 1363 4001 in
1394 3946 1668 4021 quartum
1703 3939 1948 4018 gradum
1979 3957 2209 4019 eorum,
2245 3937 2345 4019 qui
2390 3937 2725 4015 intelligunt
2788 3950 2845 3997 et
2878 3945 3246 4016 cognoscunt
3278 3956 3342 3999 se
3375 3937 3532 4018 ipsos
3563 3938 3624 3999 in

250 4032 540 4116 peccatis,
586 4028 904 4092 humiliant
931 4047 996 4090 se
1028 4046 1231 4090 coram
1274 4028 1420 4106 Deo,
1456 4047 1716 4110 eumque
1743 4029 2162 4110 deprecantur,
2199 4037 2260 4089 ut
2285 4027 2551 4107 ipsorum
2598 4027 2973 4087 misereatur.

335 4135 397 4210 1,
425 4127 487 4188 2.
521 4125 630 4184 Οὔκ
669 4123 747 4180 ἔτι
791 4127 890 4192 τὴν
934 4121 1120 4180 ἐλπίδα
1152 4146 1254 4200 μου
1283 4122 1400 4205 ἔχω
1445 4123 1532 4180 ἐπὶ
1562 4131 1628 4201 τῇ
1661 4126 1894 4200 ματαιό-

2061 4125 2329 4200 1,2.Non
2360 4121 2617 4200 amplius
2653 4139 2840 4182 meam
2870 4139 3037 4200 spem
3075 4120 3394 4200 repositam
3431 4119 3624 4183 habeo

245 4240 372 4286 τητι
404 4224 510 4274 τῶν
541 4213 792 4272 εἰδώλων·
833 4212 1085 4270 ἀνένευσα
1144 4214 1245 4292 γὰρ
1286 4215 1407 4278 τοὺς
1456 4213 1753 4293 ὀφθαλμοὺς
1795 4219 1931 4312 τῆςΙ

2024 4234 2037 4274 ι
2071 4214 2370 4276 idolorum
2404 4210 2694 4287 vanitate;
2732 4211 2944 4271 sustuli
2977 4210 3136 4273 enim
3163 4211 3373 4272 oculos
3407 4214 3624 4274 mentis

243 4303 475 4367 δίανοίας
531 4327 632 4362 μου
662 4305 793 4384 πρὸς
826 4304 885 4360 σὲ
915 4305 1007 4360 τὸν
1048 4302 1102 4358 ἐν
1147 4311 1221 4378 τῷ
1251 4304 1453 4383 οὐρανῷ
1481 4311 1849 4367 κατοικοῦντα.

328 4396 388 4462 3,
433 4395 653 4474 ’Ὥσπερ
682 4394 762 4471 (8)
795 4393 1017 4457 ’ἕκαστος
1064 4391 1169 4449 τῶν
1223 4391 1428 4450 δούλων
1485 4394 1678 4472 ἀφορᾷ,
1713 4395 1890 4450 καὶτὸ

1980 4322 2131 4364 mea;
2159 4302 2233 4364 ad
2267 4310 2345 4382 te,
2393 4300 2494 4381 qui
2527 4300 2756 4361 habitas
2788 4300 2848 4360 in
2883 4301 3072 4361 caelis.

2057 4392 2114 4456 3.
2158 4390 2670 4463 Quemadmodum
2706 4391 3117 4470 unusquisque
3181 4407 3484 4449 servorum
3521 4391 3617 4451 in-

247 4495 368 4566 ζῇν,
401 4488 489 4544 καὶ
532 4489 594 4542 τὸ
621 4484 804 4542 θανεῖν
834 4486 990 4542 αὑτὸν
1021 4483 1075 4540 ἐν
1111 4489 1188 4558 τῷ
1222 4483 1467 4559 Δεσπότῃ
1502 4482 1660 4539 αὐτοῦ
1693 4501 1710 4519 ο
1755 4483 1892 4540 οὕτω

2024 4491 2170 4544 ietur
2200 4482 2376 4540 vitam
2411 4498 2602 4553 suam,
2641 4485 2698 4539 et
2732 4489 2981 4539 mortem
3018 4485 3072 4538 in
3116 4478 3355 4540 Domini
3383 4479 3472 4538 sui
3507 4497 3614 4559 po-

247 4583 335 4636 καὶ
364 4580 528 4653 ἡμεῖς
555 4575 783 4631 ἒνώπιόν
827 4594 920 4631 σου
952 4573 1320 4654 παριστάμεωι
1358 4574 1417 4629 't'o
1445 4570 1608 4653 [οἷον]
1640 4572 1889 4649 βούλημα

1976 4578 2182 4634 testate
2212 4569 2500 4646 esse;ita
2553 4569 2730 4630 etiam
2797 4587 2905 4629 nos
2965 4586 3166 4629 coram
3218 4577 3275 4628 te
3332 4577 3614 4643 astamus,

246 4668 342 4742 σᾴν
374 4667 482 4724 ἔστι
516 4664 733 4733 ποιῆσαι
793 4665 865 4730 εὶς
910 4665 1078 4740 ἡμᾶςι
1128 4661 1417 4743 ἀπολογίαν
1458 4663 1558 4743 γὰρ
1610 4666 1705 4722 οὐκ
1756 4662 1892 4743 ἕχο-

2024 4668 2410 4742 xspectantes,
2437 4657 2578 4739 quid
2609 4657 2755 4718 velis
2778 4658 2833 4716 in
2862 4676 2970 4718 nos
3004 4659 3433 4737 facerezneque
3457 4658 3617 4720 enim

246 4777 345 4836 ιιεν
375 4755 602 4815 ἒνῶπιὸν
632 4776 747 4814 σου.

1975 4768 2172 4812 coram
2198 4758 2254 4810 te
2284 4749 2572 4809 habemus
2604 4746 3048 4808 defensionem.

1277 4860 1582 4926 Addenda
1609 4865 1674 4925 et
1702 4859 2076 4940 corrigenda
2103 4874 2181 4921 ex
2211 4857 2351 4920 cod.
2387 4854 2586 4921 Vatic.

453 4979 536 5055 Τῇ
566 4993 738 5055 χειρι,
769 4973 918 5051 etc.,
952 4971 980 5027 ὀ
1012 4968 1157 5035 Υἱός.

339 5051 418 5132 (2)
447 5051 615 5130 Ἠμῒν
644 5051 834 5114 deest.

334 5130 523 5233 (3).Ν.
558 5132 657 5233 ιβ.
706 5135 805 5192 Καὶ
833 5130 1130 5233 βλαστῆσαι)
1175 5132 1344 5233 ἡμᾶς,
1379 5133 1895 5233 καὶεκαρξιοφορῆσαι

249 5217 339 5276 διὰ
379 5211 479 5285 τῆς
539 5216 765 5296 χάριτος
817 5217 1001 5291 αὐτοῦ,
1062 5211 1224 5280 οὕτως
1284 5213 1356 5276 ὡς
1412 5211 1534 5274 τοὺς
1581 5211 1904 5290 ἀγαπῶντας

254 5301 436 5464 ῗῦῗῗί
457 5374 532 5464 Ν.
756 5374 1152 5464 Προσεύχονται
1175 5452 1197 5464 ᾳ
1211 5371 1422 5464 λοιπὸν.
1440 5371 1572 5464 ὑπὲρ
1629 5374 1802 5464 αὐτῶν
1847 5375 1901 5464 οἷ

252 5452 545 5518 ἆπὸστολοι
591 5455 865 5537 λέγοντες.
899 5452 1135 5537 Γενέσθω
1170 5452 1235 5537 δη
1266 5452 1322 5510 ἑν
1368 5452 1556 5537 αὐτοῦς
1608 5456 1799 5537 είρήνη
1845 5453 1898 5513 ἐν

250 5547 322 5620 τῇ
345 5539 565 5617 δυνάμει
583 5531 713 5620 σου.
738 5536 819 5620 N_._
846 5534 947 5620 ῌ.
983 5538 1089 5620 Kal,
1110 5535 1398 5604 εὐθήνησεν
1433 5535 1470 5602 ἡ
1503 5531 1709 5620 καρδία,
1751 5542 1896 5617 910.,

247 5615 317 5687 ut
344 5620 410 5684 in
441 5615 499 5683 n.
532 5619 637 5683 12.
663 5615 846 5682 Ν.15.
879 5615 940 5675 '0
969 5618 1136 5698 χορὸς
1166 5621 1299 5692 τῶν,
1331 5621 1448 5681 etc.
1481 5617 1760 5694 Σωτηρίας
1791 5615 1900 5674 τῶν

576 5748 832 5814 ΡΑτιιοι..
880 5751 997 5814 Gn.
1042 5750 1291 5814 XXVII.

1980 4969 2218 5050 ἀδελφῶν
2260 4966 2448 5041 ἡμῶν,
2492 4967 2602 5045 καί³
2637 4972 2751 5025 etc.

2059 5043 2154 5129 (5)
2179 5049 2474 5129 Ἦτήτατο,
2509 5043 2648 5129 ,
2685 5067 2776 5100 σου
2818 5051 2910 5101 τοῦ
2943 5043 3113 5120 ἁγίου.

2172 5131 2234 5185 Ἢ
2268 5127 2352 5183 διὰ
2389 5124 2746 5204 κινναϐάρεως
2774 5147 2932 5203 περ-,

2068 5203 2156 5290 (7)
2187 5215 2304 5267 Τῶν
2337 5209 2417 5290 εἰς
2441 5229 2494 5269 σ,
2530 5207 2575 5268 ὲ.
2609 5203 2662 5267 κ.
2693 5204 3164 5285 σλγγινωακόντων
3195 5203 3430 5276 ἑαυτοῖς,
3471 5214 3610 5285 etc.;

1986 5295 2073 5349 καὶ
2088 5289 2550 5367 ταπεινουμένων,
2577 5293 2671 5348 etc
2685 5329 2702 5348 .

2064 5371 2157 5452 (8)
2214 5367 2315 5452 Καὶ
2377 5363 2554 5452 ὅστιερ
2600 5367 2646 5430 ἕ.
2678 5389 2729 5426 τ.
2764 5365 2814 5431 δ.
2848 5368 2950 5452 τῶν
3004 5363 3392 5452 ἡμαρτηκότων
3447 5366 3616 5442 ἀσύγ-

1984 5445 2196 5533 γνωστα
2220 5451 2390 5533 ἆιρορᾷ
2421 5451 2481 5504 τὸ
2539 5454 2656 5525 ζῇν,
2692 5455 2836 5523 etc.,
2880 5447 3038 5504 αὐτοῦ
3083 5445 3252 5524 εἶναι,
3309 5453 3425 5508 etc.
3478 5467 3614 5524 παρ-

1982 5528 2239 5609 ίστάμεθα
2269 5528 2542 5609 βούλημα,
2579 5535 2692 5591 etc.

3198 5739 3294 5806 39.
