4136 6216
522 363 680 432 i227

1335 364 1396 430 S.
1448 363 1874 431 ATHANASII
1918 360 2061 427 OPP
2132 363 2325 426 PARS
2368 359 2478 427 III.
2523 393 2608 417 —
2655 360 3104 429 EXEGETICA.

3734 370 3856 438 1228

605 503 667 566 4.
701 500 870 568 Sicut
899 500 1053 563 oculi
1088 499 1324 563 ancilla
1355 499 1416 560 in
1443 497 1718 562 manibus
1743 497 2006 560 domina:
2023 513 2169 560 suae:

2345 497 2406 560 4.
2443 497 2536 564 Ὠς
2581 496 2844 580 ὀφθαλμοὶ
2892 497 3180 566 παιδίσκης
3231 502 3304 564 εἰς
3353 501 3545 581 ψεῖρας
3589 508 3678 574 τῆς
3711 509 3857 586 κυρίας

605 681 666 744 5.
699 678 790 742 Ita
820 677 981 741 oculi
1014 680 1195 740 nostri
1229 676 1304 739 ad
1328 676 1843 740 Dominaneum
1884 683 2175 755 nostrum,

603 861 664 923 6.
699 859 902 922 Donec
946 857 1302 918 misereatur
1333 855 1547 919 nostri.

600 949 662 1014 7.
699 949 982 1012 Miserere
1010 945 1222 1019 nostri,
1261 945 1539 1018 Domine,
1575 945 1864 1010 miserere
1899 946 2126 1010 nostri:

605 1043 666 1102 8.
707 1038 856 1112 Quia
893 1037 1145 1098 multum
1191 1033 1404 1115 repleti
1452 1053 1658 1096 sumus
1687 1037 2096 1116 despectione.

602 1134 662 1188 9.
710 1128 859 1202 Quia
884 1128 1139 1188 multum
1170 1125 1396 1204 repleta
1441 1134 1536 1186 est
1579 1125 1777 1186 anima
1803 1135 2024 1189 nostra.

609 1222 702 1284 10.
738 1216 1144 1299 Opprobrium
1179 1211 1652 1291 abundantibus,

609 1311 703 1373 11.
740 1309 814 1372 Et
844 1305 1152 1383 despectio
1186 1303 1490 1384 superbis.

702 1402 1026 1465 Canticum
1063 1399 1405 1460 Graduum.
1441 1395 1668 1460 PSAL.
1707 1396 1996 1462 CXXIII.

604 1500 662 1560 1.
701 1495 825 1558 Nisi
856 1495 996 1577 quia
1024 1492 1320 1556 Dominus
1347 1498 1475 1553 erat
1500 1491 1560 1551 in
1596 1491 1766 1553 nobis
1795 1514 1809 1564 ;

602 1588 662 1650 2.
701 1587 868 1650 Dicat
891 1603 1052 1647 nunc
1082 1581 1268 1646 Israel
1295 1604 1309 1646 :

603 1675 662 1741 3.
687 1675 814 1736 Nisi
860 1675 998 1755 quia
1017 1671 1306 1734 Dominus
1335 1679 1464 1734 erat
1505 1671 1566 1732 in
1611 1670 1806 1751 nobis,

601 1768 660 1829 4.
696 1766 843 1830 Cum
875 1769 1270 1842 exsurgerent
1292 1761 1567 1824 homines
1594 1761 1651 1822 in
1689 1780 1819 1837 nos,

599 1858 658 1920 5.
692 1854 872 1918 Forte
903 1856 1064 1917 vivos
1088 1851 1478 1931 deglutissent
1510 1869 1643 1914 nos.

2264 587 2454 655 αὒτῖις’

2345 683 2405 744 5.
2441 678 2619 746 Οὕτως
2665 682 2710 737 οἱ
2760 679 3018 760 ὀφθαλμοὶ
3049 683 3206 758 ἡμῶν
3263 685 3395 761 πρὸς
3449 693 3626 764 Κυριον
3653 687 3732 746 τὸν
3754 692 3860 748 Θεὸν

2260 771 2438 846 ἡμῶν.

2345 859 2408 922 6.
2441 857 2602 924 ’Ἕως
2637 859 2698 917 οὗ
2728 860 3054 938 οίκτειρῆσαι
3099 862 3264 935 ἡμᾶς,

2336 948 2398 1012 7.
2448 947 2706 1016 Ἐλέησον
2749 952 2917 1026 ἡμᾶς,
2951 946 3133 1027 Κύριε,
3169 949 3390 1018 ἐλέησον
3425 955 3581 1029 ἡμᾶς·

2337 1044 2396 1100 8.
2429 1038 2562 1096 ³⁷Οτι
2596 1041 2682 1096 ἐπὶ
2728 1039 2863 1096 πολύ
2891 1038 3235 1114 ἒπλήσθημεν
3265 1040 3664 1108 ἐξουδενώσεως,

2337 1129 2398 1189 9.
2439 1129 2558 1186 Ἐπὶ
2602 1129 2793 1186 πλεῖον
2836 1127 3078 1198 ἐπλήσθη
3189 1131 3342 1212 ψυχὴ
3374 1136 3554 1206 ἡμῶν.

2336 1216 2432 1280 40.
2469 1222 2539 1276 Τὸ
2571 1217 2768 1282 ὄνειδος
2789 1231 2906 1281 τοῖς
2939 1221 3234 1289 ευθηνοῦσι,

2339 1309 2437 1368 Η.
2472 1305 2576 1369 Καὶ
2606 1310 2640 1377 ἡ
2687 1305 3022 1374 ἒξουδένωσις
3067 1321 3186 1372 τοῖς
3219 1309 3607 1389 ὒπερηφάνοισ,

2540 1405 2672 1486 ᾮδη
2697 1413 2803 1462 τῶν
2839 1403 3210 1481 Ἀναϐαθμῶν.
3247 1415 3420 1468 ΨΑΛ.
3455 1406 3620 1473 ΡΚΓ⁹,

2337 1495 2396 1557 1.
2433 1493 2495 1555 Εἰ
2524 1496 2600 1570 μὴ
2645 1494 2732 1551 ὅτι
2765 1493 2961 1573 Κύριος
2987 1495 3049 1562 ἧν
3085 1496 3139 1552 éa
3167 1499 3322 1570 ἡμῖν

2339 1587 2400 1648 9.
2437 1585 2650 1642 Εἰπάτω
2695 1581 2760 1650 δὴ
2796 1584 3031 1660 Ἰσραήλο

2339 1675 2402 1736 3.
2437 1675 2494 1731 Εἰ
2526 1675 2597 1749 μὸ
2629 1672 2709 1730 ὅτι
2742 1671 2934 1751 Κύριος
2967 1677 3032 1741 ἦν
3066 1673 3117 1729 ἐν
3165 1673 3328 1750 ἡμῖν,

2336 1763 2397 1824 4.
2433 1761 2524 1819 Ἐν
2553 1769 2629 1835 τῷ
2662 1761 3022 1829 ἐπαναστῇναι
3054 1761 3356 1839 ἀνθρώπους
3380 1764 3462 1844 ἐφ’
3495 1768 3652 1842 ἡμᾶς·

2197 1866 2233 1917 Β
2336 1853 2395 1915 5,
2433 1850 2582 1930 "Ap:
2627 1853 2828 1922 ζῶντας
2850 1850 2910 1905 ἂν
2943 1851 3198 1908 κατέπιον
3229 1855 3393 1926 ἡμᾶς,

1651 1967 2054 2035 ATHANASH
2101 1969 2738 2041 INTERPRETATIO.

597 2082 660 2144 4.
700 2082 775 2144 Et
803 2081 955 2142 sicut
997 2078 1192 2140 omnis
1223 2076 1460 2158 ancilla,
1496 2094 1627 2158 quae
1659 2076 2169 2158 peccavit,pavens

523 2178 584 2233 et
613 2179 874 2234 tremens
932 2177 1084 2231 astat
1132 2167 1395 2230 dominae
1453 2183 1576 2228 suae
1631 2175 2001 2246 exspectans,
2067 2179 2167 2231 aut

522 2259 699 2322 morti
733 2259 909 2336 tradi,
939 2267 1047 2321 aut
1079 2258 1190 2319 vita
1219 2256 1427 2320 donari
1458 2275 1472 2320 :

601 2445 662 2514 5,
701 2439 758 2500 ὃ.
795 2437 883 2501 Ita
913 2437 1090 2500 etiam
1129 2455 1236 2498 nos
1267 2454 1428 2498 nunc
1459 2443 1897 2516 exspectamus,
1931 2446 2029 2498 aut
2079 2439 2168 2500 vi—

525 2541 641 2594 tam
676 2529 852 2591 nobis
881 2547 915 2590 a
944 2527 1065 2590 Deo
1094 2525 1368 2602 concedi,
1405 2533 1508 2587 aut
1529 2525 1749 2604 justam
1785 2535 2166 2605 peccatorum

523 2629 868 2683 nostrorum
896 2615 1379 2680 retributionem.

605 2711 666 2771 7.
701 2707 1026 2770 Precamur
1067 2719 1147 2782 te,
1178 2704 1438 2777 Domini,
1477 2703 1764 2765 miserere
1796 2705 2007 2766 nostri.

607 2799 666 2864 8.
703 2797 939 2880 lmpleti
969 2796 1130 2858 enim
1166 2813 1373 2857 sumus
1404 2793 1566 2856 omni
1594 2793 1904 2874 iniquitate
1935 2807 1994 2856 et
2029 2813 2172 2874 pec-

532 2896 1052 3043 c.Iio..lnsanabilis
1093 2983 1182 3038 est
1237 2973 1551 3035 multitudo
1610 2983 1990 3054 peccatorum
2028 2995 2170 3038 nos-

2335 2083 2394 2144 4.
2435 2082 2531 2140 Καὶ
2579 2082 2653 2144 ὡς
2720 2081 2920 2146 ἑκάστη
2989 2077 3268 2160 παιδίσκη,
3332 2083 3693 2162 ἡμαρτηκυῖα,
3759 2086 3872 2159 μετὰ

2251 2170 2415 2253 φὸϐὸυ
2446 2171 2532 2227 καὶ
2562 2170 2761 2246 τρόμου
2822 2170 3137 2246 παρίσταται
3315 2172 3465 2249 κυρίᾳ
3526 2176 3682 2240 αὐτῆς
3737 2171 3868 2229 ξκδι-

2249 2263 2462 2342 χομένη
2515 2259 2550 2326 ἤ
2610 2262 2933 2332 θανατῶσαι,
2970 2259 3006 2324 ἦ
3056 2257 3140 2338 (1)
3177 2260 3457 2339 χαρίσεται
3535 2259 3846 2342 [χαρίσασθαι

2251 2353 2387 2427 αὒτῇ
2415 2351 2477 2406 τὸ
2507 2353 2625 2425 ζῇν·

2333 2444 2393 2513 ξι,
2427 2442 2486 2500 6,
2523 2437 2674 2494 Οὕτω
2719 2440 2803 2493 καὶ
2849 2439 3011 2511 ἡμεῖς
3053 2437 3463 2517 ἀπεκδεχόμεθα
3501 2440 3584 2496 νῦν
3611 2439 3752 2520 (ﬂii
3789 2445 3873 2508 τὴν

2251 2528 2396 2599 ζωὴν
2427 2526 2639 2594 δοθῆναι
2704 2528 2840 2600 ἡμῖν
2893 2529 3036 2604 παρὰ
3081 2533 3230 2599 Θεοῦ,
3269 2528 3302 2595 ἢ
3347 2528 3449 2594 τὴν
3495 2527 3692 2584 δικαίαν
3732 2529 3873 2585 ἀντα-

2252 2616 2473 2674 πόδοσιν
2515 2620 2620 2672 τῶν
2667 2617 2940 2692 ἁμαρτιῶν
2965 2618 3146 2691 ἡμῶι,

2345 2707 2399 2766 Ἰ,
2435 2705 2672 2779 Δεόμεθά
2701 2727 2817 2777 σου,
2853 2705 3037 2784 Κύριε,
3073 2703 3295 2771 ἐλέησον
3337 2707 3511 2782 ἡμᾶς.

2339 2793 2400 2856 8,
2435 2793 2856 2872 Πεπληρωμὲνοι
2916 2794 3016 2872 γάρ
3044 2793 3203 2868 ἐσμεν
3279 2796 3457 2864 πάσης
3539 2797 3751 2872 ἀνομιας
3804 2797 3876 2851 καὶ

2258 2886 2544 2962 ἁμαρτίας.

2336 2974 2397 3036 9,
2452 2972 2781 3042 Ἀνήκαστόν
2829 2970 3201 3051 [Ἀνήκεστόν]
3267 2973 3362 3052 (3)
3413 2974 3536 3033 ἐστι
3583 2979 3642 3033 τὸ
3707 2973 3874 3042 πλῆθος

529 3075 652 3130 tror
668 3087 702 3127 u
715 3084 795 3128 m.

2266 3071 2374 3123 τῶν
2417 3065 2686 3141 ἁμαρτιῶν
2722 3063 2902 3136 ἡμῶν.

612 3156 712 3235 10,
754 3159 848 3219 Η.
898 3155 1194 3218 Dominus
1240 3160 1441 3214 autem
1496 3151 1569 3212 ad
1602 3169 1753 3214 eos:
1790 3153 1878 3215 Ne
1923 3154 2169 3215 timeati:

2347 3153 2444 3232 10,
2483 3153 2578 3213 11.
2629 3152 2686 3209 Ὀ
2730 3149 2786 3207 δὲ
2826 3148 3014 3230 Κύριος
3057 3153 3187 3230 πρὸς
3239 3153 3450 3217 αὐτούς.
3501 3155 3588 3222 Μὴ
3635 3152 3878 3234 φοϐεῖσθε,

530 3245 609 3310 ob
641 3253 904 3326 peccata,
949 3262 1056 3324 pro
1087 3241 1308 3325 quibus
1338 3241 1411 3302 ad
1449 3259 1541 3302 me
1573 3242 1843 3303 conversi
1875 3243 2043 3318 estis;
2074 3242 2169 3304 ini-

2265 3241 2380 3300 ἀνθ’
2407 3245 2480 3298 ὧν
2531 3238 2894 3318 ἐπεστρέψατε
2940 3238 3026 3318 (4)
3085 3251 3218 3320 πρός
3278 3261 3368 3316 με’
3403 3244 3454 3298 αἱ
3502 3244 3708 3319 ἀνομίαι
3754 3243 3882 3317 ὑμῶν

534 3342 787 3418 quitates
831 3341 1040 3396 vestra;
1083 3341 1387 3394 vertentur
1415 3349 1596 3411 super
1625 3331 1951 3394 contrarias
1982 3341 2169 3414 potes-

2265 3333 2350 3390 ἰπὶ
2379 3334 2473 3397 τὰς
2514 3329 2752 3393 ἐναντίας
2798 3327 3066 3406 δυνάμεις,
3100 3332 3191 3387 καὶ
3220 3333 3280 3388 τὸ
3315 3333 3620 3410 κατάκριμα
3648 3335 3784 3409 ὑμῶν
3810 3332 3880 3388 ἐπὶ

536 3395 800 3497 (estates,
829 3433 888 3486 et
918 3395 1344 3485 condemnatio
1380 3395 1573 3482 vesira
1622 3421 1737 3483 erit
1779 3440 1960 3502 super
1982 3395 2169 3503 .prin-

2259 3423 2354 3487 τὰς
2383 3429 2476 3480 τοῦ
2518 3415 2766 3476 διαϐόλου
2813 3419 2985 3499 ἂρχὰς
3030 3422 3117 3477 καὶ
3159 3419 3420 3486 ἔξουσίας,

535 3515 766 3596 cipatus
790 3522 848 3576 et
874 3520 1196 3595 potestates
1231 3511 1477 3572 diaboli.

615 3605 679 3666 ’Β
707 3608 1044 3686 προκειμένει
1076 3606 1345 3684 ἐπιγραφὴ
1382 3604 1623 3684 περιέχει
1659 3604 1745 3684 (5)
1786 3625 1802 3639 ⁶
1858 3604 1990 3684 ἰθδὴ
2045 3609 2149 3663 τῶν
2209 3601 2582 3679 Ἀναϐαθμῶν⁹
2629 3602 2759 3681 ὅπερ
2815 3603 3158 3681 Ιρμηνεύεται
3202 3603 3596 3685 ἐξομολόγησις
3623 3609 3723 3662 τῶν
3762 3604 3880 3661 ἀνα·

535 3695 826 3755 ϐαινόντων
859 3698 963 3754 ἀπὸ
993 3695 1078 3773 (6)
1107 3698 1360 3772 τετάρτου
1391 3695 1594 3770 βαθμοῦ
1634 3697 1733 3760 τῆς
1765 3695 2061 3762 θεοσεϐείας
2117 3696 2202 3752 ἐπὶ
2241 3696 2333 3751 τὸν
2385 3694 2631 3769 πέμπτον
2667 3712 2678 3724 ·
2742 3693 2980 3749 τουτέστι
3046 3691 3131 3773 (7)
3193 3696 3328 3770 μετὰ
3374 3696 3480 3764 τὴν
3525 3695 3881 3773 ἐξομολόγησιν

538 3787 909 3867 φωτισθέντες,
957 3788 1046 3842 καὶ
1079 3783 1410 3860 μεμνημένοι
1446 3789 1559 3845 πῶς
1596 3782 1682 3862 (8)
1743 3783 2069 3862 ἑκυριευοντο
2112 3787 2214 3841 ὑπὸ
2257 3786 2363 3840 τῶν
2407 3783 2657 3840 ἐναντίων
2698 3780 2969 3857 δυνάμεων
3014 3785 3074 3839 τὸ
3117 3786 3395 3862 πρότερον
3445 3788 3538 3844 καὶ
3581 3783 3659 3842 ὅτι
3700 3784 3774 3861 μὴ
3803 3781 3882 3862 (9)

775 3877 798 3897 κ
828 3879 837 3891 ε
949 3884 968 3894 ν
1151 3875 1161 3894 ρ
1405 3872 1417 3892 ν
1439 3871 1452 3892 7
1502 3873 1512 3894 ι
1737 3875 1749 3895 ν
1826 3877 1838 3892 κ
1913 3874 1957 3894 ιν
2033 3880 2046 3898 ν
2105 3879 2127 3897 ν
2501 3873 2513 3890 v
2881 3871 2894 3889 ν
2996 3879 3021 3890 ~
3086 3875 3096 3892 ε
3443 3881 3469 3892 .-

539 3879 566 3931 6
609 3880 738 3942 Θεὸς
770 3891 854 3933 οια
883 3897 974 3934 του
1001 3877 1366 3950 βαπτισματος
1401 3873 1650 3950 ερρυσατο
1697 3896 1879 3938 αυτους
1910 3897 1960 3940 ες
1995 3898 2186 3946 αοτων,
2221 3873 2460 3949 ἤμελλον
2491 3874 2846 3942 αποθνήσκειν
2878 3893 2930 3928 εν
2960 3895 3029 3950 τῃ
3076 3875 3304 3952 αμαρτίᾳ
3335 3879 3536 3939 αὐτων,

615 3963 848 4027 Titulus
881 3963 1238 4042 praepositus
1268 3959 1566 4042 continet:
1605 3963 1921 4026 Canticum
1953 3964 2293 4038 Graduum,
2329 3962 2490 4042 quod
2539 3960 2977 4042 interpretatur
3006 3961 3304 4024 confessio
3377 3963 3814 4027 ascendentium
3851 3977 3880 4021 ι

536 4053 744 4124 quarto
773 4039 958 4122 gradu
988 4039 1186 4104 cultus
1216 4059 1355 4119 erga
1385 4039 1569 4102 Deum
1606 4043 1666 4103 in
1694 4043 1961 4122 quintum
1993 4063 2007 4106 :
2044 4045 2156 4105 hoc
2187 4051 2280 4106 est
2312 4039 2544 4116 eorum,
2579 4041 2681 4122 qui
2710 4039 2868 4122 post
2897 4042 3337 4106 confessionem
3370 4043 3690 4106 illuminati
3737 4051 3877 4106 sunt.

534 4139 594 4193 et
623 4133 684 4195 in
718 4131 1066 4196 memoriam
1103 4139 1404 4192 revocant.
1443 4131 1741 4210 quomodo
1774 4133 2014 4195 fuerunt
2064 4135 2228 4213 prius
2277 4133 2390 4195 sub
2441 4131 2712 4192 dominio
2743 4131 3176 4194 contrariarum
3205 4140 3566 4214 potestatum
3602 4155 3618 4211 ;
3661 4142 3717 4196 et
3743 4129 3879 4214 quod

533 4221 650 4284 nisi
680 4221 836 4284 Deus
867 4239 970 4283 eos
1000 4220 1073 4282 ab
1095 4221 1236 4301 ipsis
1266 4220 1617 4301 baptismate
1641 4222 1970 4289 liberasset.
2010 4224 2279 4285 morituri
2302 4229 2474 4284 erant
2509 4224 2567 4282 in
2598 4239 2807 4282 eorum
2845 4231 3112 4301 peccato.

615 4319 673 4380 1.
706 4314 833 4378 Nisi
855 4314 1029 4378 Jesus
1058 4313 1162 4376 Dei
1195 4311 1378 4375 Filius
1415 4315 1702 4378 Dominus
1733 4327 1935 4380 noster
1965 4317 2164 4378 venis-

2334 4318 2392 4379 1,
2429 4317 2485 4372 Εἰ
2511 4316 2587 4391 μὴ
2639 4313 2846 4382 Ἰησοῦς
2890 4319 2918 4372 ὁ
2965 4320 3081 4378 Υἱὸς
3112 4323 3207 4374 τοῦ
3259 4323 3392 4374 Θεοῦ
3435 4317 3462 4373 6
3514 4318 3705 4397 Κύριος
3747 4319 3881 4391 ἡμῶν

533 4415 648 4485 set,
683 4417 742 4470 et
768 4404 1144 4489 apparuisset
1185 4421 1368 4484 super
1397 4412 1634 4483 terram,
1683 4416 1743 4467 et
1785 4426 1918 4468 cum
1969 4408 2165 4469 homi-

2250 4405 2399 4484 ἦλθε,
2462 4406 2548 4460 καὶ
2619 4403 2770 4482 ὤφθη
2815 4404 2900 4461 ἐπὶ
2947 4411 3046 4473 τῆς
3114 4408 3242 4486 γῆς,
3291 4408 3379 4462 καὶ
3436 4421 3554 4470 τοτς
3614 4407 3881 4487 ανθρώποις

533 4496 712 4559 nibus
738 4504 1120 4559 conversatus
1157 4503 1337 4557 esset.

2251 4516 2471 4552 συνανεα
2481 4494 2649 4574 τράφη
2659 4541 2673 4556 ,

614 4587 668 4647 2.
704 4589 869 4651 Dicat
897 4595 1093 4648 autem
1127 4585 1381 4665 populus
1410 4594 1609 4647 mente
1652 4586 2042 4649 illuminatus.

2329 4583 2392 4646 2.
2427 4585 2642 4641 Εἰπατω
2669 4581 2733 4651 δὴ
2777 4585 2803 4640 6
2835 4585 2962 4650 λαὸς
2989 4587 3015 4641 ὁ
3047 4587 3321 4650 φωτισθεὶς
3355 4589 3456 4656 τὴν
3503 4586 3760 4645 διάνοιαν.

2331 4672 2388 4737 3,
2424 4672 2568 4735 ”Οτι
2601 4675 2644 4730 εἰ
2689 4674 2767 4749 μὴ
2800 4675 2953 4737 αὐτὸς
2987 4677 3013 4729 6
3036 4671 3226 4750 Κύριος
3258 4676 3611 4756 παρεγένετο,

2329 4764 2390 4826 4.
2438 4760 2528 4820 Ἐν
2559 4771 2636 4839 τῷ
2679 4765 2770 4829 τὰς
2831 4763 3066 4830 ἐναντίας
3110 4762 3356 4842 δυνάμεις
3414 4766 3736 4849 ἐπέρχεσθαι
3779 4765 3878 4824 καθ’

2251 4855 2407 4931 ἡμῶν
2416 4899 2431 4915 ,

2329 4945 2390 5009 5,
2427 4947 2594 5003 Παντὶ
2634 4945 2836 5025 τρόπῳ,
2898 4949 2970 5010 ὡς
3031 4945 3108 5004 ἔτι
3161 4947 3285 5028 (10)
3341 4949 3480 5026 ἧμιν
3515 4949 3605 5008 ἐπὶ
3647 4954 3742 5018 τῆς
3770 4949 3877 5028 γῆς,

2249 5042 2442 5108 ζῶντες
2479 5032 2539 5092 ἄν
2583 5035 3016 5113 ἐθανατώθημεν.

611 4676 670 4740 3.
708 4676 874 4750 Quod
916 4674 1033 4736 nisi
1075 4675 1204 4755 ipse
1237 4673 1524 4736 Dominus
1563 4675 1922 4740 advenisset.

608 4767 669 4828 4.
703 4769 846 4830 Cum
892 4766 953 4826 in
987 4783 1096 4827 nos
1140 4767 1443 4828 irruerunt
1471 4766 1786 4828 contraria
1810 4777 2097 4847 potestes.

609 4949 670 5008 5.
705 4943 968 5008 Omnino
1002 4943 1084 5005 uti
1106 4943 1300 5006 adhuc
1325 4961 1563 5008 eramus
1591 4943 1652 5005 in
1689 4952 1848 5007 terra
1877 4945 2165 5023 viventes,

531 5035 707 5099 morti
737 5033 934 5096 traditi
965 5033 1308 5098 fuissemus.

1553 5169 1855 5236 Addenda
1885 5177 1950 5237 et
1975 5170 2353 5251 corrigenda
2379 5187 2460 5236 ex
2491 5171 2633 5236 cod.
2661 5171 2869 5237 Vatic.

611 5310 694 5390 (j)
738 5311 795 5368 Ei
821 5311 1110 5390 θανατώσει
1144 5309 1333 5382 αὐτὴν,
1375 5306 1428 5388 ἦ,
1465 5316 1587 5372 etc.
2467 5308 2604 5367 Ἀπὸ
2635 5317 2749 5373 τοῦ.

611 5310 694 5390 (1)
738 5311 795 5368 El.
821 5311 1110 5367 θανατώσει
1144 5309 1333 5382 αὐτὴν,
1375 5309 1428 5388 ἦ,
1465 5316 1587 5372 etc.

607 5388 682 5467 (2)
725 5400 826 5449 Νῦν
857 5387 1048 5452 deest.

611 5469 704 5549 (3)
733 5469 1071 5548 Ἀνίκαστον,
1113 5477 1254 5545 otc.,
1321 5470 1595 5548 ἁμαρτιῶν
1645 5494 1768 5548 μου,
1825 5471 1985 5534 Fort.
2049 5468 2162 5548 leg.

2363 5309 2424 5390 6)
2467 5309 2604 5367 Ἀπὸ
2635 5317 2749 5373 τοῦ.

2363 5388 2394 5449 Ἱ
2451 5390 2702 5448 Τοδτέστι
2745 5393 2875 5452 τῶν,

2333 5309 2420 5549 (8)
2453 5470 2857 5545 Φωτισθέντων,
2911 5471 2998 5528 καὶ
3019 5474 3379 5549 μμνημᾶνων
3407 5475 3474 5532 τὸ
3501 5476 3585 5532 πώ

525 5551 558 5605 ἂ
593 5469 704 5607 ί(3)
733 5469 1071 5548 Ἀνίκαστον,
1113 5477 1254 5545 etc.,
1321 5470 1595 5548 ἁμαρτιῶν
1645 5494 1768 5548 μου.
1825 5471 1985 5534 Fort.
2049 5468 2162 5548 leg.
2448 5470 2857 5621 ἔωτᾷσθέντων,
2911 5471 3379 5552 καὶμεμνημᾶνων
3407 5475 3474 5532 τὸ
3501 5476 3621 5540 πῶς

563 5571 796 5619 νχητον,
2535 5574 2574 5626 μ
2627 5599 2641 5614 ,

611 5574 796 5619 κητον,
2331 5574 2411 5626 (υ,
2448 5574 2503 5607 ιιι
2535 5574 2641 5626 μη,

611 5632 692 5712 (4)
723 5627 1126 5712 ’βπιστρέψατι
1241 5710 1256 5712 ᾼ
2329 5627 2454 5708 (10)
2486 5629 2648 5691 "Ou.

612 5708 694 5790 (5)
739 5708 803 5768 Ἠ
829 5708 924 5768 δια
953 5708 1049 5781 τῆς
1073 5710 1426 5792 κινναϐάρεως
1457 5731 1611 5788 πιρ-⁸
