4136 6216
306 338 462 405 1229
1160 334 1254 402 DE
1292 337 1603 403 TITULlS
1647 339 1939 402 PSALMO

2072 342 2146 401 Μ.
2208 373 2278 383 -
2329 341 2538 402 PSAL.
2585 337 2848 407 CXXIV.
3540 345 3697 413 1230

384 477 444 538 ὃ.
495 475 584 535 Ἐν
629 483 706 552 τῷ
735 477 1042 553 ὀργισθῆναι
1085 476 1174 531 τὸν
1202 476 1367 550 eum
1396 474 1556 532 αὐτοῦ
1587 473 1671 554 ἐφ’
1701 476 1867 556 ἡμᾶς,
1968 483 2014 531 Δ

1812 495 1867 556 ες,
1968 483 2014 531 Α
2113 475 2171 538 6.
2219 473 2365 536 Cum
2395 473 2763 537 irasceretur
2797 475 2960 536 furor
2987 493 3190 538 eorum
3228 477 3286 538 in
3315 495 3445 551 nos,

383 567 444 629 7.
487 563 642 646 ’Ἄρα
672 567 735 623 τὸ
778 563 913 643 ὕδωρ
961 564 1023 620 ἃν
1058 564 1437 622 κατεπόντισεν
1471 567 1638 641 ἡμᾶς.

2127 565 2184 625 ⁸7.
2234 562 2509 625 Forsitan
2545 583 2697 644 aqua
2731 563 3145 626 ahsorbuisset
3173 584 3303 627 nos.

387 657 443 718 8.
497 655 792 735 Χείμαῤῥον
823 653 1033 722 διῆλθεν
1068 654 1105 721 ἦ
1139 655 1295 734 ψυχὴ
1321 654 1506 730 ἠμῶνο

2125 657 2182 715 8.
2233 651 2588 715 Torrentem
2619 654 3004 733 pertransivit
3035 654 3233 715 anima
3265 664 3465 718 nostra
3498 679 3510 720 :

393 746 454 810 9.
503 744 659 824 ’Ἄρα
688 744 896 813 διῆλθεν
921 746 956 814 ἦ
989 744 1143 824 ψυχὴ
1172 743 1329 820 ἡμῶν
1359 745 1421 800 τὸ
1452 740 1588 823 ὕδωρ
1619 744 1686 801 τὸ
1722 743 1960 804 ἀνυπόσ-

2121 748 2184 803 9.
2233 741 2504 804 Forsilan
2540 743 2968 824 pertransisset
3023 743 3225 806 anima
3255 753 3455 806 nostra
3485 765 3693 828 aquam

313 858 497 896 τατον.

2044 831 2509 895 intolerabilem.

392 925 487 988 10.
541 921 852 1002 Εὒλογητὸς
886 924 1098 1002 Κύριος,
1132 921 1188 988 ὄς
1221 923 1316 980 οὐκ
1345 920 1539 979 ἔδωκεν
1575 925 1720 999 ἡμᾶς
1754 924 1826 988 είς
1855 923 1960 991 θὴ-

2132 921 2225 984 10.
2273 919 2637 985 Benedictus
2670 921 2979 1004 Dominus,
3013 925 3114 1004 qui
3147 942 3266 985 non
3289 925 3456 987 dedit
3485 944 3595 988 nos
3635 929 3695 990 in

309 1038 405 1095 ραν
436 1029 556 1080 τοῖς
589 1013 806 1074 ὀδοῦσαν
835 1018 1031 1074 αὐτῶν.

2045 1011 2378 1092 captionem
2415 1010 2698 1073 dentibus
2734 1031 2964 1075 eorum.

391 1106 491 1167 11.
547 1105 613 1162 Ἠ
651 1105 807 1185 ψυχὴ
837 1095 996 1180 ἡμῶν
1027 1105 1100 1168 ὡς
1127 1103 1400 1176 στρουθίαν
1445 1101 1690 1182 ἆῤῥύσθη.

2133 1103 2224 1161 tl.
2277 1098 2489 1161 Anima
2520 1108 2722 1162 nostra
2752 1101 2906 1164 sicut
2938 1121 3148 1182 passer
3174 1113 3381 1186 erepta
3409 1113 3519 1167 est.

398 1196 498 1258 12.
546 1193 641 1253 Ἐκ
686 1201 783 1262 τῆς
825 1191 1047 1272 παγίδος
1072 1197 1182 1249 τῶν
1207 1191 1560 1271 θηρευόντων.

1370 1191 1560 1252 όντων.
2128 1190 2226 1250 t2.
2276 1191 2360 1250 De
2391 1187 2604 1270 laqueo
2637 1194 3003 1253 venantium.

393 1284 491 1349 13.
539 1285 606 1342 Ἠ
676 1286 836 1363 παγὶς
909 1279 1189 1362 συνετρίϐη
1223 1327 1242 1358 ,
1311 1282 1400 1338 καί
1471 1285 1635 1357 ἡμεῖς
1707 1281 1962 1362 ὶῤῥόσθη-

2129 1277 2205 1338 13
2276 1277 2551 1357 Laqueus
2583 1281 2870 1342 contritus
2909 1292 3018 1355 est,
3077 1296 3136 1345 et
3176 1302 3285 1346 nos
3334 1283 3694 1347 liheratisu-

304 1397 430 1452 μεν,

2051 1387 2205 1430 unus.

389 1462 490 1526 14.
537 1463 603 1521 Ἠ
633 1463 850 1539 βοήθεια
873 1463 1032 1537 ἡμῶν
1077 1462 1132 1517 ἑν
1161 1461 1385 1536 ὀνόματι
1421 1463 1640 1542 Κυρίου,

2130 1459 2228 1521 Μ.
2277 1459 2654 1538 Adjutorium
2692 1470 2959 1522 nostrum
2996 1462 3058 1522 in
3091 1465 3336 1526 nomine
3368 1465 3627 1541 Domini,

392 1555 492 1616 15.
540 1555 645 1612 Τοῦ
675 1554 1000 1622 ποιήσαντος
1047 1554 1140 1609 τὸν
1171 1552 1390 1630 οὐρανόν
1421 1556 1506 1610 καὶ
1548 1554 1646 1621 τὴν
1673 1557 1797 1634 γῆν,

1552 1554 1646 1621 τὴν
1673 1557 1797 1634 γῆν,
2135 1549 2223 1611 15.
2273 1546 2384 1621 Qui
2416 1547 2560 1610 fecit
2599 1550 2814 1611 cmlum
2850 1562 2911 1612 et
2945 1561 3185 1613 terram.

595 1645 728 1728 ’ῼδὴ
758 1652 864 1702 τῶν
897 1643 1270 1722 Ἀναϐαθμῶν,
1309 1653 1478 1706 ΨΑΛ.
1526 1647 1698 1709 PKA’.
2207 1645 2228 1704 ί

2207 1644 2529 1706 Canticum
2560 1642 2904 1707 Graduum.
2943 1644 3178 1710 PSAL.
3215 1647 3494 1714 CXXIV.

396 1747 453 1806 1.
502 1743 563 1800 Οἱ
594 1740 876 1804 πεπιθότες
908 1739 997 1797 ἐπὶ
1033 1741 1242 1820 Κύριον,
1279 1742 1353 1804 ὡς
1385 1739 1503 1818 ὅρος
1528 1742 1690 1801 Σιών.

2134 1745 2184 1798 ι.
2233 1735 2344 1808 Qui
2385 1736 2694 1798 conﬁdunt
2727 1738 2789 1799 in
2821 1737 3096 1820 Domino,
3135 1741 3290 1803 sicut
3326 1761 3500 1804 mons
3526 1743 3696 1807 Sion.

391 1832 450 1896 2.
502 1835 576 1890 Οὐ
604 1828 984 1899 σαλευθήσεται
1033 1830 1107 1893 εἷς
1139 1830 1228 1885 τὸν
1260 1829 1425 1886 αἰῶνα
1469 1832 1497 1886 ὁ
1556 1833 1824 1888 κασοικῶν
1855 1828 1960 1888 ’[ε-

2125 1826 2186 1888 2.
2230 1825 2358 1888 Non
2391 1825 2866 1889 commovebitur
2898 1828 2958 1890 in
2986 1837 3301 1905 internum,
3337 1831 3439 1912 qui
3471 1832 3697 1897 habitat

316 1921 624 1999 ρουσαλὴμ.

2047 1917 2107 1978 in
2140 1915 2503 1980 Jerusalem.

1443 2075 1851 2144 ATHANASII
1893 2075 2374 2144 INTERPRETA
2384 2075 2532 2140 T10.

391 2205 452 2266 6.
501 2202 594 2262 Ἐν
621 2208 700 2277 τῷ
727 2202 820 2264 τὰς
869 2199 1066 2281 ἀρχὰς,
1121 2200 1210 2256 καὶ
1268 2198 1500 2264 ἔξουσίας
1558 2201 1672 2280 (1),
1721 2205 1807 2259 καὶ
1836 2205 2020 2266 τοόςΒ

2122 2203 2176 2266 6.
2232 2203 2376 2266 Cum
2414 2202 2794 2280 principatus,
2830 2209 2890 2264 et
2922 2211 3269 2286 potestates,
3320 2215 3378 2267 et
3421 2215 3695 2270 rectores

305 2292 740 2370 κοσμοκράτορας
784 2295 875 2346 τοῦ
902 2290 1122 2353 σκότους
1143 2288 1362 2368 βρύχειν
1404 2286 1487 2368 ἐφ’
1530 2291 1695 2366 ἡμᾶς.

1640 2297 1695 2357 ἐς.
2039 2291 2421 2354 tenebrarum
2458 2289 2666 2352 mundi
2694 2290 3024 2354 fremerent
3055 2294 3112 2355 in
3145 2312 3273 2359 nos.

399 2386 462 2447 ’7,
511 2383 724 2447 Πάντως
753 2380 790 2447 ἠ
820 2380 959 2458 ὁρμή
988 2379 1084 2448 τῆς
1113 2377 1413 2442 δυναστείας
1447 2379 1616 2436 αὐτῶν
1648 2383 1954 2460 κατήγαγεν

2129 2385 2182 2446 7.
2234 2381 2508 2462 Impetus
2549 2381 2752 2461 utique
2779 2401 2984 2444 eorum
3018 2385 3298 2464 potentiae
3338 2385 3583 2449 forsitan
3607 2389 3704 2450 de-

312 2481 380 2538 ἂν
410 2475 554 2548 ἡμᾶς
589 2473 662 2535 εἰς
707 2471 771 2529 τὰ
800 2469 1082 2526 κατώτατα
1112 2474 1210 2536 τῆς
1243 2466 1493 2527 ἀϐυσσου.

2051 2472 2313 2533 duxisset
2335 2489 2452 2544 ,nos
2485 2470 2543 2531 in
2587 2470 2874 2532 inferiora
2917 2471 3138 2553 abyssi.

397 2564 456 2628 8.
507 2563 614 2625 Τὰς
646 2560 816 2639 ὁρμὰς
845 2563 945 2626 τῆς
975 2556 1172 2627 ἡδονῆς
1203 2556 1288 2637 (2)
1318 2558 1406 2614 καὶ
1427 2556 1534 2614 τῶν
1565 2558 1856 2636 ἐπιθυμιῶν
1880 2567 1974 2617 τοῦ

2139 2560 2198 2620 8.
2244 2558 2524 2640 Impetus.
2555 2560 2896 2641 voluptatis,
2961 2571 3022 2625 et
3081 2563 3699 2644 concupiscentiarum

313 2651 590 2732 διαϐολου,
625 2649 694 2706 δι’
724 2649 797 2707 ὧν
831 2648 1109 2727 καταρύσει
1136 2647 1364 2728 πάντας,

2056 2649 2300 2723 diaboli,
2333 2648 2550 2729 quibus
2581 2668 2788 2711 omnes
2819 2652 3131 2730 pertrahit.

401 2741 460 2804 9.
513 2739 670 2821 ’Ἄρα
689 2737 898 2807 διῆλθεν
927 2740 964 2806 ἡ
994 2737 1149 2818 ψυχὴ
1208 2739 1362 2814 ἡμῶν
1404 2740 1502 2806 τὴν
1553 2737 1826 2818 τυραννίδα
1883 2745 1975 2797 τοῦ

2136 2740 2195 2802 9.
2243 2738 2513 2800 Forsitan
2559 2740 2979 2819 pertransisset
3006 2741 3204 2805 anima
3237 2751 3437 2806 nostra
3478 2744 3701 2808 diaboli

313 2829 564 2890 διαϐόλου
605 2831 703 2899 τὴν
731 2828 1055 2905 ἀκράτητον.

2058 2828 2436 2908 tyrannidem
2464 2828 2963 2910 insuperabilem.

405 2921 505 2986 10.
556 2919 860 3000 Εὐλογητὸς
899 2918 1116 2997 Κύριος,
1165 2918 1224 2982 ὃς
1256 2921 1315 2976 οὗ
1342 2919 1717 2998 συνεχώρησεν
1745 2917 1848 2982 ἕως
1880 2918 1972 2974 τέ..

2139 2917 2237 2979 10.
2289 2917 2645 2981 Benedictus
2668 2917 2976 2981 Dominus.
3010 2920 3112 3002 qui
3146 2941 3266 2984 non
3299 2922 3570 3003 permisit
3602 2941 3699 2985 us-

313 3012 443 3077 λους
508 3007 770 3068 ἀπολέσαι
800 3005 877 3088 (3)
920 3009 1065 3084 ἡμᾶς
1113 3008 1216 3064 ὑπὸ
1276 3009 1376 3063 τῶν
1433 3005 1823 3083 διδασκομένων
1871 3011 1946 3067 αὖ·

1871 3011 1971 3067 αὐ·
2058 3028 2174 3087 que
2203 3009 2257 3069 in
2297 3009 2474 3070 ﬁnem
2509 3026 2622 3070 nos
2650 3008 2816 3088 perdi
2842 3008 2915 3072 ab
2947 3029 3155 3072 eorum
3189 3010 3498 3076 doctrinis.

318 3125 451 3164 των.

401 3188 641 3268 51,52.
689 3189 754 3246 Ἦ
786 3189 939 3270 ψυχὴ
980 3188 1136 3265 ἡμῶν
1189 3187 1264 3252 ὦς
1308 3187 1576 3266 στρουθίον
1629 3186 1847 3266 ἑῤῥύσθη
1909 3188 1971 3246 ἐκ

2137 3189 2233 3258 ll,
2272 3187 2362 3247 12.
2402 3186 2617 3248 Anima
2655 3197 2874 3259 nostra,
2914 3197 2975 3250 ut
3005 3208 3210 3269 passer
3242 3190 3488 3251 liberata
3519 3201 3609 3252 est
3635 3208 3703 3251 ex

315 3282 417 3350 τῆς
446 3278 672 3360 παγίδος
698 3281 806 3336 τῶν
833 3279 1082 3336 ἐναντίων
1127 3275 1424 3355 δυνάμεωνο
1455 3279 1722 3355 θηρευθεὶς
1754 3276 1837 3359 (4)
1871 3279 1948 3358 γὰγ

2065 3278 2266 3356 laqueo
2316 3277 2746 3338 contrariarum
2802 3287 3202 3358 potestatum;
3266 3280 3494 3342 irretita
3539 3279 3698 3340 enim

312 3372 553 3452 ὑπάρχει
606 3367 695 3427 ὑπ’
755 3371 928 3426 αὑτῶν
982 3366 1072 3425 διὰ
1119 3368 1212 3431 τὰς
1276 3368 1465 3446 γηίνας
1512 3365 1825 3444 ’ἐπιθυμίας,
1899 3368 1944 3424 ὠ

2068 3368 2131 3429 ab
2161 3365 2306 3448 ipsis
2336 3365 2444 3427 fuit
2476 3368 2736 3428 terrenis
2767 3368 3295 3450 concupiscentiis,
3335 3369 3521 3430 veluti
3570 3387 3701 3450 pas-

320 3461 618 3518 στρουθίον.

550 3481 618 3518 ιν.
2063 3473 2183 3518 ser.

389 3483 712 3614 ρῖἒῗωζλβ
771 3549 800 3604 ὀ
830 3548 1025 3628 Κυριος
1071 3545 1236 3604 ἐλθὼν
1263 3544 1543 3643 συτετριψε
1590 3550 1688 3614 τὴν
1722 3545 1980 3626 ἁμαρτίαν
1998 3592 2022 3643 ί

2293 3544 2406 3607 Sed
2445 3543 2728 3607 Dominus
2773 3546 3019 3643 veniens
3054 3566 3158 3628 per
3192 3547 3552 3629 baptismum
3575 3567 3713 3611 con-

321 3639 413 3697 διὰ
441 3646 538 3697 τοῦ
565 3639 958 3715 βαπτίσματος,
991 3638 1079 3694 καὶ
1121 3639 1286 3713 ἡμεῖς
1311 3635 1655 3715 ὶρῤύσθημεν.

2003 3635 2039 3643 “
2065 3635 2222 3698 lrivit
2245 3646 2577 3716 peccatum,
2617 3647 2676 3697 et
2709 3655 2817 3699 nos
2847 3636 3080 3699 liberati
3111 3655 3342 3702 sumus.

401 3729 508 3810 14,
540 3728 638 3790 15.
687 3730 786 3788 Καὶ
839 3738 930 3788 τοῦ
959 3726 1149 3785 λοιποῦ
1178 3729 1213 3796 ἡ
1258 3727 1474 3804 βοήθεια
1504 3729 1659 3803 ἡμων
1699 3726 1753 3783 ἐν
1783 3724 1869 3807 (5)
1904 3733 1981 3801 τῷ

2152 3727 2244 3801 14,
2288 3729 2377 3785 15.
2429 3723 2498 3787 Et
2541 3725 2780 3787 demum
2835 3726 3118 3789 auxilium
3187 3737 3458 3790 nostrum
3510 3737 3601 3791 est
3652 3727 3713 3790 in

319 3821 546 3897 ὀνόματι
571 3821 665 3877 θοῦ
696 3819 882 3898 Κυρίου
911 3816 1092 3885 ἰησοῦ
1127 3823 1352 3896 Χριστου
1379 3815 1490 3874 ἐστι
1525 3819 1617 3874 τοῦ
1659 3815 1951 3897 δημιουργο

2078 3815 2308 3877 nomine
2387 3814 2620 3876 Domini
2699 3815 2838 3879 Jesu
2909 3817 3134 3880 Christi
3213 3817 3504 3880 creatoris
3577 3836 3711 3879 om-

319 3912 565 3972 πάντων.

2074 3906 2263 3969 nium.

415 4002 480 4061 Ἠ
511 4002 839 4082 προκειμένη
881 4002 1152 4083 ἐπιγραφὴ
1197 4022 1439 4082 περιεχει
1633 3997 1765 4082 ’ῼδὴ
1820 4000 1926 4057 τῶν
1953 3999 2328 4076 ’Δναϐαθμῶν,
2354 4000 2483 4080 ὅπερ
2515 4003 2856 4080 ἑρμηνεύεται
2891 4001 3282 4082 αξομολόγησις
3313 4009 3420 4059 τῶν
3466 4005 3572 4061 ἀπὸ
3628 4011 3717 4060 τοῦ

327 4094 582 4172 πέμπτου
613 4094 816 4171 βαθμοῦ
842 4091 940 4160 τῆς
973 4093 1047 4156 εἰς
1073 4093 1297 4171 Χριστὸν
1335 4088 1542 4152 ἐλπίδος
1568 4089 1799 4148 ἀνελθὼν
1844 4091 1930 4171 (7)
1962 4087 2336 4174 [ἀνελθόντων]
2389 4093 2472 4147 imi
2499 4093 2589 4147 τὸν
2623 4091 2772 4150 ἕκτον
2804 4094 3026 4168 βαθμόν·
3063 4092 3333 4150 τουτέστιν
3381 4091 3716 4173 ἐξομολόγη-

329 4207 413 4249 σις
443 4184 557 4242 τῶν
585 4183 722 4259 μετὰ
747 4183 810 4238 τὸ
839 4181 1115 4259 βάπτισμα
1145 4179 1612 4259 ὶπιγινωσκόντων
1638 4181 1737 4248 τὴν
1766 4179 1986 4257 δύναμιν
2014 4188 2109 4239 τοῦ
2133 4188 2378 4259 Χριστοῦ·
2416 4183 2476 4236 τὸ
2505 4187 2619 4242 πῶς
2653 4179 3096 4257 ἀντιλαμϐάνεται
3130 4189 3234 4238 τῶν
3257 4183 3614 4240 πιστευόντων
3643 4186 3715 4247 εἷς

332 4274 520 4347 αὑτὸν,
553 4272 644 4329 καί
672 4269 792 4337 τοὺξ
823 4271 1167 4333 ἀπειθοῦντας
1200 4269 1342 4345 αὖτῷ
1366 4275 1482 4333 πῶς
1515 4267 1868 4350 παραδίδωσιν
1913 4272 1986 4335 εἰς
2030 4270 2250 4327 κόλασιν
2277 4271 2486 4326 αἰωνίαν

415 4361 656 4424 Titulus
686 4359 1040 4442 prepositus
1068 4359 1336 4421 continet
1369 4377 1383 4421 :
1425 4359 1747 4422 Canticum
1781 4357 2124 4438 Graduum,
2160 4359 2314 4440 quod
2369 4359 2790 4440 interpretatur
2834 4359 3133 4422 confessio
3195 4361 3650 4423 ascendentium
3685 4382 3717 4422 a

339 4452 549 4533 quinto
580 4450 767 4530 gradu
796 4448 926 4530 spei
952 4449 1016 4511 in
1047 4448 1342 4513 Christum
1379 4450 1438 4509 in
1460 4457 1692 4510 sextum
1723 4447 1971 4524 gradum
1999 4469 2013 4512 :
2050 4450 2163 4510 hoc
2213 4459 2304 4510 est
2355 4456 2444 4510 est
2503 4448 2800 4510 confessio
2831 4451 3284 4528 agnoscentium
3322 4460 3454 4530 post
3488 4450 3716 4532 baptis-

333 4557 501 4602 mum
529 4539 753 4602 Christi
773 4541 1048 4600 virtutem
1086 4557 1103 4600 :
1133 4535 1439 4617 quomodo
1467 4537 1792 4620 opitulatur
1821 4536 2210 4599 credentibus
2241 4537 2304 4598 in
2333 4555 2493 4612 eum,
2530 4545 2586 4599 et
2611 4556 2730 4599 non
2763 4538 3082 4601 credentes
3105 4539 3408 4619 quomodo
3442 4541 3618 4602 tradit
3659 4541 3716 4602 in

328 4629 695 4713 supplicium
728 4637 1043 4693 internum.

410 4731 439 4786 1
457 4773 471 4786 .
521 4727 584 4784 0'.
615 4725 951 4789 πιστεύοντες
982 4725 1056 4789 εἰς
1085 4725 1176 4781 τὸν
1207 4724 1328 4780 rte»
1357 4730 1450 4782 τοῦ
1497 4722 1629 4781 Θεοῦ
1656 4719 1864 4780 δυνατοὶ
1892 4721 1988 4778 ἑσ-

2159 4721 2558 4788 l.Credentes
2584 4723 2642 4783 in
2667 4721 2878 4784 Filium
2901 4723 3008 4785 Dei
3034 4731 3306 4804 potentes
3327 4729 3535 4788 virtute
3559 4735 3718 4802 sunt,

327 4820 432 4900 χύῐ
471 4817 835 4895 ὕπαρχουσιν,
870 4816 946 4878 ὥς
975 4815 1011 4883 ἡ
1040 4812 1232 4882 ἐντολη
1260 4812 1355 4893 (9)
1382 4822 1476 4874 τοῦ
1508 4821 1663 4872 Θεοῦ.
1716 4813 1856 4870 Σιὼν
1897 4811 1960 4891 ὶρι

2092 4812 2228 4876 ticut
2245 4811 2583 4873 mandatum
2601 4811 2728 4874 Dei.
2753 4813 2904 4875 Sion
2917 4813 3074 4874 enim
3103 4820 3528 4893 interpretatur
3551 4835 3725 4880 man--

327 4904 625 4986 μηνεόεται
657 4902 872 4974 ἐντολή.

680 4902 872 4974 naM.
2075 4903 2313 4966 datum.

395 4995 459 5060 2.
501 4994 936 5070 ’Δμετακίνητοι
994 4989 1205 5049 ’ἔσονται
1265 4991 1312 5047 οἱ
1384 4988 1730 5068 διαμένοντες
1807 4992 1863 5048 ἐν
1920 4996 1998 5066 τῷ

2161 4991 2219 5052 2.
2271 4988 2612 5051 lmmohiles
2663 5000 2835 5052 erunt
2893 5000 3312 5072 permanentes
3379 4991 3439 5053 in
3499 4992 3724 5075 Spiritu

315 5086 586 5162 Πνεύματι
640 5089 735 5150 τῆς
821 5084 1016 5165 χάριτο
1090 5082 1270 5139 αὗτοῦ’
1327 5080 1673 5161 ἑρμηνεύεται
1723 5082 1824 5162 γὰρ
1878 5082 1948 5160 (lt

2092 5078 2285 5159 gratias
2314 5079 2548 5158 ipsius..
2579 5079 2922 5143 Jerusalem
2951 5081 3110 5142 enim
3143 5081 3570 5163 interpretatur
3589 5085 3725 5164 Spi-

321 5179 538 5253 Πνιῦμα
564 5175 733 5233 αὐτοῦ
767 5172 990 5255 χάρίτος
1000 5216 1015 5234 .

2086 5170 2246 5233 ritus
2273 5171 2500 5248 gratia?
2521 5171 2677 5248 ejus.

1388 5305 1692 5374 Addenda
1720 5311 1786 5374 et
1812 5306 2192 5388 corrigenda
2220 5324 2298 5372 ex
2329 5307 2470 5371 cod.
2506 5306 2704 5370 Vatic.

539 5419 647 5484 Τὰς
672 5419 724 5487 ἐξ
742 5422 945 5501 ουσίας,
2308 5416 2373 5501 ΤΗ
2405 5415 2490 5473 διὰ
2525 5421 2622 5483 τῆς
2654 5415 3007 5498 κινναϐάρεως
3038 5421 3301 5501 περιέχει,

397 5497 492 5580 (ξ)
542 5501 664 5562 “raw
695 5500 931 5570 ἡδονῶν,
1148 5578 1169 5580 η
1238 5573 1258 5580 Α
1289 5572 1311 5580 _
1479 5575 1492 5580 _
2171 5497 2252 5575 (7)
2303 5497 2617 5559 Ἀνιόντων,

398 5572 495 5660 (3)
541 5581 890 5660 ’Δπο).έσθαι,
928 5587 1073 5654 etc.,
1100 5578 1205 5636 τῶν
1234 5572 1633 5641 διδασκαλιων.
2305 5579 2562 5660 Αἷώμιογ.

396 5654 489 5759 i9
537 5654 884 5759 εηρεειθξτσσί
913 5662 1346 5759 arma“-
1399 5737 1413 5759 ,
1623 5741 1641 5753 .
1684 5739 1709 5759 .
1983 5748 2003 5759 .
2168 5654 2620 5759 ςεῖίβὶἕντῖλαδ
2655 5665 2796 5759 θίετν
3006 5663 3100 5738 γάρ
3131 5669 3243 5722 θ’θ’

405 5737 489 5818 (5)
535 5737 638 5802 Ἐν
687 5737 1351 5850 ὃνόματιᾚυρίουγίησοῠ
1394 5737 1510 5797 ἔστι
1555 5741 1649 5796 τοῦ
1680 5739 2008 5824 δημιουργοῦ
2177 5737 2300 5821 (10)
2350 5742 2456 5817 Γαρ
2485 5739 2854 5814 Ἰερουσαλὴμ,
2887 5749 3002 5802 etc,

314 5827 452 5904 τῶν,
486 5830 606 5890 uc.
