4110 6206
501 347 646 416 1231

575 483 635 548 3.
681 485 916 548 Μόιιῐεε
947 488 1006 548 in
1036 487 1287 550 circuitu
1321 487 1478 570 ejus,

571 574 633 638 4.
681 579 752 638 Et
795 573 1082 637 Dominus
1113 577 1176 638 in
1207 579 1452 640 circuitu
1480 581 1678 660 papuli
1710 581 1830 654 sui,

575 667 634 728 5.
681 663 764 726 Ex
792 666 904 726 hoc
937 685 1094 728 nunc
1118 675 1176 729 et
1221 687 1410 750 usque
1439 669 1501 730 in
1535 669 1839 732 saeculum.

573 755 635 814 6.
685 753 835 827 Quia
866 767 982 816 non
1015 755 1311 838 relinquet
1339 755 1627 822 Dominus
1658 757 1875 837 virgam
1921 777 2137 839 pecca-

494 862 688 915 torum
703 903 716 915 .

569 935 631 997 7.
679 935 870 1014 Super
893 941 1116 997 sortem
1144 936 1440 1014 justorum
1479 957 1492 998 :

571 1023 632 1086 8.
679 1024 756 1086 Ut
808 1041 928 1085 non
987 1024 1308 1086 extendant
1363 1025 1436 1086 ad
1491 1024 1862 1106 iniquitatem
1929 1043 2136 1089 manus

491 1129 650 1174 suas.

569 1203 628 1264 9.
676 1202 977 1280 Benetac,
1034 1203 1288 1266 Domine
1323 1251 1340 1278 ,
1403 1203 1574 1266 bonis
1611 1253 1626 1284 ,
1685 1213 1746 1264 et
1796 1206 1976 1266 rectis
2003 1223 2135 1266 cor-

491 1289 676 1444 ἀεὶ10.
711 1379 1090 1444 Declinantes
1118 1390 1315 1445 autem
1342 1383 1404 1442 in
1438 1381 1850 1463 obligationes,

571 1471 942 1538 lt.Adducet
971 1471 1262 1534 Dominus
1293 1489 1426 1532 cum
1459 1471 2135 1558 operantibusiniquita-

487 1565 630 1624 tem.

569 1650 666 1712 1‘2.
719 1649 835 1714 Pax
863 1667 1045 1732 super
1077 1649 1280 1712 Israel.

679 1746 1009 1836 Canticum
1042 1743 1387 1807 Graduum.
1423 1743 1640 1806 PSAL.
1679 1743 1924 1808 CXXV.

571 1839 627 1900 1.
675 1837 741 1902 In
773 1839 1175 1902 convertenda
1207 1837 1496 1900 Dominus
1529 1840 1922 1919 captivitatem
1954 1838 2118 1914 Sion,

1298 355 1360 418 S.
1404 357 1829 424 ATHANASII
1873 357 2039 423 OPP.
2088 357 2279 421 PARS
2323 357 2436 420 III.
2481 391 2559 402 —
2605 355 3066 420 EXEGETICA.

3721 353 3880 422 1232

2161 505 2198 552 Α
2303 490 2364 552 3.
2411 488 2563 562 ’Ὄριη
2594 487 2774 562 κύκλῳ
2815 487 3002 555 αὑτῆς,

2303 579 2360 640 4.
2410 581 2520 638 Καὶ
2551 582 2577 635 ὁ
2611 579 2798 656 Κύριος
2826 577 3004 650 κύκλῳ
3055 585 3140 634 τοῦ
3171 575 3304 636 λαοῦ
3336 583 3516 642 αύτοῦ.

2303 669 2360 730 5.
2410 667 2548 726 Ἀπὸ
2577 677 2667 726 τοῦ
2695 679 2783 726 νῦν
2807 670 2895 725 καὶ
2925 667 3026 728 ἕως
3069 675 3163 724 τοῦ
3192 671 3403 731 αἰῶνος.

2301 759 2384 820 6.-
2410 755 2544 818 ’Ὅτι
2574 759 2669 815 οὒκ
2715 759 2906 837 ἀφήσει
2960 759 3146 837 Κύριον
3193 759 3292 826 τὴν
3342 756 3528 837 ῥάϐδον
3559 767 3669 817 τῶν
3695 761 3876 840 ἀμαρ-

2223 847 2408 904 τωλῶν
2418 897 2432 911 ,

2301 938 2362 1002 7,
2411 937 2533 996 Ἐπι
2565 940 2655 994 τὸν
2687 937 2884 1016 κλῆρον
2915 940 3020 993 τῶν
3052 935 3290 998 δικαίων.

2299 1029 2360 1091 8.
2409 1027 2606 1092 ’Ὀπως
2637 1030 2698 1084 ἃν
2729 1029 2805 1104 μὴ
2853 1028 3152 1084 ἐκτείνωσιν
3199 1031 3246 1086 οἱ
3297 1025 3487 1086 δίκαιοι
3533 1029 3587 1085 ἐν
3617 1031 3871 1106 ἀνομίαις

2221 1132 2417 1198 χεῖρας
2449 1123 2642 1176 αὐτῶν.

2300 1209 2360 1270 9.
2409 1208 2720 1288 Ἀγάθυνον,
2766 1208 2942 1287 Κύριε,
2995 1221 3113 1270 τοῖς
3166 1207 3390 1286 ἀγαθοῖς
3431 1212 3674 1274 καὶτοῖς
3703 1211 3874 1268 εὗθέσι

2221 1303 2288 1374 τῇ
2331 1295 2538 1374 καρδίᾳ,

2307 1384 2400 1448 10.
2449 1389 2578 1450 Τοὺς
2611 1385 2662 1443 δὲ
2698 1387 3034 1450 ἐκκλίνοντας
3068 1390 3141 1449 εἷς
3176 1389 3268 1450 τὰς
3301 1389 3689 1466 στραγγαλιας,

2301 1479 2400 1538 11.
2451 1475 2666 1542 Ἀπάξει
2695 1475 2889 1556 Κύριος
2923 1478 3057 1552 μετᾶ
3086 1479 3191 1534 τῶν
3223 1479 3592 1556 ἐργαζομένων
3625 1483 3724 1548 τήν
3755 1481 3874 1538 ἀνο-

2219 1569 2362 1642 μίαν.

2300 1653 2398 1718 12.
2445 1653 2650 1733 Εἰρήνη
2675 1657 2760 1712 ἐπὶ
2789 1657 2879 1712 τὸν
2914 1656 3151 1736 Ἰσραήλ.

2486 1747 2618 1830 ’ῼδὴ
2648 1751 2754 1806 τῶν
2787 1747 3154 1826 Ἀναϐαθμῶν,
3190 1751 3356 1812 ΨΑΛ.
3407 1751 3573 1811 ΡΚΕ’.

2303 1850 2354 1902 1.
2407 1843 2497 1900 Ἐν
2519 1847 2595 1917 τῷ
2627 1843 2941 1922 ἐπιστρέψαι
2966 1845 3157 1922 Κύριον
3177 1845 3274 1912 τὴν
3296 1844 3676 1924 αἰχμαλωσίαν
3701 1847 3866 1920 Σιὼν,

1633 1953 2040 2023 ATHANASII
2087 1959 2712 2027 lNTERPRETATIO.

563 2055 624 2118 3.
675 2057 906 2118 Montes
935 2057 1228 2118 exsistunt
1257 2055 1319 2116 in
1351 2053 1603 2116 circuitu
1623 2054 1984 2116 Jerusalem.

559 2142 622 2218 4,
655 2144 715 2206 ὅ.
743 2144 1030 2206 Dominus
1055 2143 1252 2218 Jesus,
1291 2162 1460 2206 mons
1505 2144 1762 2224 implens
1813 2145 2120 2218 mundum,

483 2235 543 2295 in
574 2235 830 2297 circuitu
859 2241 950 2297 est
977 2235 1179 2317 populi
1205 2237 1318 2316 sui,
1353 2242 1413 2296 et
1445 2253 1600 2296 nunc
1632 2242 1692 2296 et
1719 2233 1781 2296 in
1805 2233 2002 2296 futuro
2025 2253 2123 2295 sae-

484 2324 645 2388 culo.

562 2412 623 2474 6.
673 2409 804 2474 Non
835 2413 995 2474 enim
1019 2413 1176 2475 sinet
1207 2411 1494 2474 Dominus
1527 2419 1904 2493 potestatem,
1943 2421 1998 2472 et
2025 2413 2130 2473 ad-

481 2501 800 2564 versariam
834 2503 1186 2584 potentiam.
1807 2505 1826 2525 '

564 2594 624 2654 7.
679 2591 909 2670 (Super
937 2591 1185 2672 sortem)
1211 2599 1549 2655 sanctorum
1585 2592 1735 2672 ejus.

561 2681 621 2745 8.
667 2679 755 2742 Ne
800 2681 1004 2762 justi,
1065 2681 1507 2744 dominantibus
1563 2680 1623 2742 in
1685 2699 1787 2744 eos
1831 2681 2126 2742 (immani-

485 2769 646 2850 bus,
711 2771 945 2832 tradant
995 2769 1224 2832 animas
1281 2789 1418 2832 suas
1479 2769 1989 2848 concupiscentiis
2049 2771 2124 2830 vi-

482 2867 580 2922 ιω.

561 2949 622 3012 9.
668 2947 773 3026 Da,
807 2947 986 3030 Deus,
1019 2949 1174 3011 bona
1205 2947 1397 3028 bonis,
1427 2957 1489 3010 et
1517 2947 1936 3010 obedientibus
1975 2951 2128 3010 Prae-

480 3037 672 3120 ceptis
702 3038 817 3100 tuis
848 3057 916 3099 ex
948 3039 1153 3100 corde.

562 3129 662 3208 10,
715 3129 810 3223 1.
863 3128 1412 3223 Dedentes_autem
1475 3129 1704 3223 seipsos
1746 3129 1806 3188 in
1858 3127 2186 3223 lasciviasC

2289 2057 2350 2120 3.
2397 2057 2550 2136 ’Ὂρη
2581 2061 2877 2138 ὕπαρχουσι
2909 2057 3090 2133 κύκλῳ
3115 2063 3211 2124 τῆς
3235 2057 3612 2136 Ἰερουσαλὴμ,

2293 2148 2352 2220 4,
2396 2149 2452 2210 5.
2506 2145 2609 2208 Καὶ
2649 2151 2676 2203 ὁ
2703 2145 2896 2225 Κύριος
2913 2147 3146 2220 Ἰησοῦς,
3179 2149 3240 2202 τὸ
3272 2145 3388 2226 ὅρος
3422 2150 3482 2203 τὸ
3512 2147 3747 2228 κληροῦν
3771 2154 3870 2217 τὴν

2209 2239 2548 2317 οἰκουμένην,
2594 2237 2771 2313 κύκλῳ
2806 2239 3027 2296 ἐστὶ.τοῦ
3057 2237 3185 2293 λαοῦ
3209 2237 3364 2294 αὑτοῦ
3407 2239 3496 2294 καὶ
3539 2239 3597 2292 ἐν
3640 2244 3720 2312 τῷ
3755 2240 3866 2310 νῦν,

2211 2327 2301 2384 καί
2333 2327 2390 2384 ἐν
2422 2329 2496 2402 τῷ
2532 2327 2782 2404 μέλλοντι
2801 2328 2974 2390 αἰῶνι,

2293 2417 2351 2480 6.
2401 2418 2489 2496 (1)
2521 2420 2593 2476 05
2627 2419 2727 2498 φὰο
2760 2415 3102 2498 συγχωρήσει
3133 2415 3324 2496 Κύριος
3363 2415 3484 2473 κατ’
3512 2415 3872 2492 ἓξουσίαν,καὶ

2213 2507 2310 2572 τὴν
2342 2507 2578 2562 ἐναντίαν
2611 2505 2853 2582 δύναμιν,

2292 2595 2351 2658 7.
2401 2599 2514 2653 Τῶν
2545 2595 2710 2674 ἀγίων
2742 2595 2921 2658 αὐτοῦ.

2291 2684 2345 2744 8.
2401 2685 2525 2742 ’Ὶνα
2555 2687 2631 2760 μὴ
2661 2688 2706 2741 οἱ
2737 2683 2948 2754 δίκαιοι,
2981 2685 3330 2763 κυριευθὲντες
3376 2687 3476 2741 ὑπὸ
3527 2691 3638 2742 τῶν
3661 2685 3858 2760 δαιμό-

2211 2797 2338 2853 νων²
2372 2771 2642 2831 ἐκδώσωσι
2689 2776 2784 2839 τὰς
2815 2777 2995 2854 ψυχὰς
3043 2771 3129 2852 (2)
3183 2777 3352 2830 αὐτῶν
3383 2775 3507 2838 ταῖς
3563 2771 3866 2850 ἐπιθυμίαις

2210 2870 2302 2920 τοῦ
2351 2864 2484 2938 βίου.

2291 2953 2350 3016 9,
2399 2949 2598 3029 Ἀγαθά
2628 2951 2884 3029 δώρῃσαι,
2919 2955 2946 3008 ὁ
2992 2955 3145 3034 Θεὸς,
3198 2965 3315 3018 τοῖς
3345 2954 3565 3030 ἀγαθοῖς
3615 2957 3706 3010 καὶ
3748 2967 3865 3018 τοῖς

2209 3043 2530 3098 ὑπακούουσι
2575 3055 2696 3104 ταῖς
2729 3041 2974 3106 ἐντολαῖς
3006 3064 3098 3098 σου
3127 3041 3189 3098 ἐκ
3233 3041 3467 3121 καρδίας.

2299 3129 2392 3204 10,
2429 3131 2522 3192 Η.
2568 3127 2654 3208 (3)
2693 3129 2812 3195 Γούς
2835 3129 2888 3186 δὲ
2921 3132 2986 3188 εἰ.
3035 3130 3314 3209 ἀσελγεὶας
3345 3129 3708 3198 ἐκδεδωκότας
3739 3133 3861 3188 ἑαυ-

479 3217 872 3298 corruptioni,
936 3218 1128 3280 tradet
1179 3217 1470 3282 Dominus
1502 3217 1562 3278 in
1592 3217 1790 3296 ignem
1833 3226 2124 3279 aeternum

2258 3221 2325 3282 ὡς
2361 3225 2430 3294 τῇ
2465 3221 2628 3298 φθορᾷ
2664 3217 2962 3297 παραδώσει
2999 3213 3192 3296 Κύριος
3223 3229 3300 3295 τῷ
3331 3221 3526 3292 αἰωνίῳ
3555 3221 3680 3297 πυρί
3731 3223 3864 3286 μετά

479 3324 616 3368 cum
650 3308 888 3369 diabolo
919 3315 978 3369 et
1005 3308 1230 3387 angelis
1263 3309 1411 3388 ejus.

562 3396 662 3461 l2.
710 3395 909 3460 Gratia
937 3397 1067 3460 Filii
1099 3399 1204 3460 Dei
1234 3415 1415 3478 super
1449 3396 1702 3458 mundos
1736 3397 1937 3459 corde.

2207 3309 2300 3365 τοῦ
2329 3305 2574 3365 διαϐόλου
2603 3310 2688 3364 καὶ
2727 3317 2834 3364 τῶν
2863 3307 3105 3387 ἀγγέλων
3135 3313 3312 3374 αὐτοῦ,

2293 3397 2388 3458 12.
2435 3397 2500 3454 Ἠ
2530 3400 2686 3478 χάρις
2713 3407 2804 3456 τοῦ
2841 3399 2954 3454 ι’ίοῦ
2975 3399 3067 3456 τοῦ
3097 3407 3226 3458 Θεοῦ
3247 3401 3334 3456 ἐπὶ
3357 3401 3478 3464 τοὺς
3509 3401 3774 3478 καθαροὺς
3797 3405 3864 3466 τῖι

2208 3485 2394 3566 καρδίᾳ
2408 3533 2418 3546 .

561 3581 626 3638 Ἠ
659 3583 986 3661 προκειμένη
1015 3581 1282 3663 ἐπιγραφὴ
1313 3584 1549 3663 περιέχει
1730 3579 1860 3664 ’ῼδὴ
1889 3578 2253 3656 Ἀνοϐαθμῶν,
2297 3579 2426 3659 ὅπερ
2462 3582 2808 3660 ερμηνεύεται
2841 3579 3222 3661 ἐξομολόγησις
3267 3587 3374 3640 τῶν
3405 3583 3510 3640 ἀπὸ
3541 3589 3637 3640 τοῦ
3669 3583 3859 3658 πέμπ-

483 3697 572 3733 του
605 3679 806 3754 βαθμοῦ
837 3677 970 3757 [ἀπὸ
995 3686 1082 3734 τοῦ
1110 3677 1266 3734 ἕκτου
1297 3679 1498 3754 βαθμοῦ
1527 3683 1621 3746 τῆς
1652 3681 1892 3757 γνήσεως
1942 3683 2034 3732 τοῦ
2065 3682 2288 3754 Χριστοῦ
2317 3675 2566 3732 ἀνιέντων
2602 3675 2687 3732 ἐπὶ
2731 3683 2816 3732 τὸν
2872 3671 3092 3751 ἕϐδομον
3129 3673 3352 3758 βαθμὸν,
3385 3682 3480 3744 τῆς
3515 3679 3588 3740 εἷς
3631 3680 3862 3756 Χριστὸν

483 3769 696 3834 ἒλπίδος
755 3771 1005 3828 ἀνιέντων
1037 3774 1122 3828 ἐπὶ
1154 3774 1244 3827 τὸν
1288 3771 1439 3829 ἕκτόν
1465 3773 1688 3852 βαθμὸν,
1723 3771 1990 3828 τουτέστιν
2015 3768 2400 3848 ἐξομολόγησις
2444 3769 2552 3826 τῶν
2583 3771 2718 3846 μετὰ
2749 3771 2812 3825 τὸ
2841 3769 3116 3846 βάπτισμα
3147 3769 3612 3848 ἐπιγινωσκόντων
3643 3763 3745 3839 τὴν
3777 3769 3864 3826 δύο

480 3884 638 3938 ναμιν
680 3873 773 3921 τοῦ
803 3872 1049 3942 Χριστοῦ·
1085 3867 1144 3920 τὸ
1177 3871 1288 3928 πῶς
1319 3863 1756 3939 ἀντιλαμϐάνειαι
1787 3871 1892 3922 τὼν
1923 3863 2276 3920 πιστευόντων
2309 3864 2380 3927 εἷς
2419 3865 2598 3937 αὑτὸν,
2645 3867 2734 3921 καὶ
2781 3867 2901 3928 τοὺς
2948 3865 3286 3930 ἀπειθοῦντας
3324 3867 3469 3938 αὐτῷ
3495 3863 3854 3944 παραδίδωσιν

481 3959 555 4021 εἰς
587 3955 804 4012 κόλασιν
837 3957 1072 4018 αἰώνιον,

563 4049 798 4110 Titulus
827 4049 910 4129 (ψ)
947 4050 1295 4130 praepositus
1326 4053 1592 4114 continet
1623 4071 1637 4115 :
1673 4053 1998 4114 Canticum
2033 4051 2368 4130 graduum,
2400 4051 2561 4127 quod
2607 4051 3036 4131 interpretatur
3067 4049 3367 4113 confessio
3397 4050 3860 4116 ascendentium

479 4161 515 4204 a
539 4142 747 4222 quinto
775 4143 960 4222 gradu
1004 4141 1132 4220 spei
1167 4144 1226 4203 in
1257 4143 1553 4206 Christum
1591 4146 1646 4206 in.
1679 4155 1910 4206 sextum
1942 4145 2188 4222 gradum
2222 4143 2285 4224 [ει
2315 4155 2483 4208 sexto
2534 4146 2724 4226 gradu
2755 4144 3114 4225 cognitionis
3139 4146 3366 4210 Christi
3395 4145 3858 4210 ascendentium

479 4237 539 4297 in
572 4238 892 4317 septimum
940 4237 1227 4314 gradum].
1266 4238 1376 4300 hoc
1406 4249 1494 4300 est
1525 4240 1814 4301 confessio
1863 4237 2312 4317 agnoscentium
2365 4247 2495 4317 post
2540 4239 2900 4320 baptismum
2947 4239 3167 4302 Christi
3195 4242 3518 4304 virtutem:
3551 4243 3860 4322 quomodo

479 4331 806 4412 opitulatur
835 4331 1222 4395 credentibus
1255 4333 1314 4394 in
1348 4351 1507 4408 eum,
1544 4343 1740 4394 etnon
1764 4333 2078 4396 credentes
2111 4331 2290 4394 tradit
2315 4331 2378 4394 in
2412 4333 2770 4413 supplicium
2801 4341 3116 4396 mternum.

568 4437 618 4489 l.
667 4427 732 4490 In
767 4437 1037 4509 tempore
1066 4427 1310 4508 quando
1336 4433 1624 4490 convertit
1647 4427 1932 4490 Dominus
1955 4428 2127 4490 Jesus

2297 4429 2348 4490 1.
2399 4429 2488 4486 Ἐν
2519 4437 2594 4502 τῷ
2625 4437 2791 4508 καιρῷ
2843 4429 2968 4486 ὅταν
3001 4429 3324 4507 ἐπέστρεψεν
3355 4432 3383 4486 ὁ
3409 4427 3602 4508 Κύριος
3651 4428 3862 4498 Ἰησοῦς

479 4519 828 4581 servitutem
861 4519 1058 4580 cordis
1091 4517 1298 4598 nostri,
1336 4537 1466 4580 cum
1519 4518 1926 4580 serviebamus
1973 4535 2122 4578 con-

2258 4519 2302 4585 ἱν
2323 4516 2561 4576 δουλείαν
2591 4525 2689 4588 τῆς
2723 4518 2934 4597 καρδίας
2961 4522 3145 4599 ἡμῶν,
3175 4520 3302 4578 ὅταν
3337 4517 3732 4595 ἐϐουλεύσαμυιν

479 4608 683 4669 trariis
710 4608 1122 4689 potestatibus.
1161 4607 1308 4671 Sion
1343 4610 1501 4671 enim
1537 4608 1967 4690 interpretatur
1993 4625 2124 4687 spe-

2258 4621 2323 4672 ιϊς
2357 4608 2626 4672 ἀναντιαις
2657 4607 3079 4684 δυνάμεσι.Σ;ὼν
3110 4611 3210 4689 γὰρ
3240 4611 3585 4688 ὲρμηνεύσται
3611 4631 3862 4668 σκοπιω-

479 4696 644 4774 cula,
689 4699 843 4780 quod
878 4708 972 4760 est
1001 4715 1126 4760 cor.

2258 4699 2405 4777 iptov,
2445 4697 2574 4776 ὅπερ
2597 4697 2742 4754 ¹ἐστὶν
2767 4701 2801 4766 ἡ
2831 4698 3036 4777 καρδία,

1498 4821 1800 4885 Addenda
1829 4823 1893 4884 et
1923 4814 2299 4894 corrigenda
2328 4833 2406 4880 ex
2439 4819 2578 4883 cod.
2611 4819 2812 4884 Vatic.

561 4927 644 5009 (1)
687 4925 758 4992 N.
794 4927 856 5008 6,
893 4927 1311 5010 7,‘Comment,
1346 4949 1522 5004 unus,
1552 4935 1624 4989 Οὒ
1655 4931 1776 5009 γάρ,
1810 4937 1952 5004 etc.,
1987 4951 2120 4985 κατ-

482 5007 803 5081 εξουσιάζειν
831 5007 923 5066 τὰν
956 5007 1192 5075 ἐναντίας
1239 5007 1484 5087 δυνάμεις
1525 5019 1652 5086 τῶν,
1681 5007 1797 5073 etc.

557 5087 640 5164 (2)
689 5088 908 5168 καρδίας
920 5137 932 5150 .

695 5167 777 5232 Ν.
816 5173 892 5232 10
949 5172 1085 5235 Τοάς
1119 5179 1235 5234 etc.
1270 5170 1340 5234 N.
1394 5173 1488 5236 11.
1527 5173 1852 5252 Παραδώσει,
1889 5179 2003 5233 etc.
2043 5169 2113 5232 Ν.

491 5251 579 5332 12,
612 5251 856 5332 νἮχαρά
885 5260 998 5332 τοῦ,
1036 5259 1150 5314 etc.

559 5331 645 5468 (άέ
691 5331 756 5389 Ἦ
819 5331 902 5393 διὰ
946 5331 1044 5400 τῆς
1102 5335 1456 5412 κιννακάρεως
1515 5333 1782 5412 περιέχει·
1831 5333 1962 5414 ’ῼδὴ
2013 5335 2118 5388 τῶν

559 5436 610 5468 θα
649 5416 850 5468 αθμὼν-
899 5414 1026 5468 ὅπερ
1083 5413 1391 5468 ἐμὴνεύεταί
1435 5413 1817 5468 ἕξοιιολόγησις
1849 5415 1952 5468 τῶν
1983 5413 2116 5468 ἀνα-

480 5411 850 5493 ᾊναϐαθμὼν,
899 5414 1026 5493 ὅπερ
1083 5411 1391 5493 ἐμὴνεύεταί
1435 5411 1817 5492 ἕξομολόγήσις
1849 5411 1952 5470 τῶν
1983 5413 2116 5470 ἀνα-

479 5491 768 5550 ϐαινόντων
801 5495 905 5550 ἀπὸ
951 5491 1043 5551 τοῦ
1085 5492 1238 5551 ἕκτου
1269 5497 1471 5571 βαθμοῦ
1513 5501 1610 5562 τῆς
1646 5491 1718 5558 εἷς
1753 5497 1970 5573 Χρισνὸν
2022 5516 2113 5550 τε-

564 5601 645 5680 (1-)
671 5599 738 5684 In
765 5601 1156 5684 describenda
1191 5603 1580 5684 explicatione
1614 5603 1913 5684 titulorum
1951 5601 2307 5684 psalmorum
2347 5601 2635 5684 graduum
2673 5599 3174 5684 multipliciter,et
3203 5613 3320 5664 non
3352 5615 3471 5684 uno
3502 5603 3562 5665 in
3592 5603 3728 5669 loco
3759 5623 3862 5668 er-

481 5699 648 5767 rasse
673 5683 913 5767 _vide_tur
937 5681 1232 5767 librarius.
1263 5681 1611 5767 Manifestus
1652 5683 1904 5767 quidem
1947 5681 2219 5767 hocjoco
2265 5683 2476 5767 scriba
2508 5700 2676 5742 error
2706 5691 2796 5744 est
2829 5681 3014 5744 {cum
3049 5681 3458 5767 interpretatio
3479 5685 3646 5749 ’tituli
3671 5687 3864 5767 "hujus

479 5759 688 5848 psalmi
717 5762 927 5826 eadem
960 5773 1136 5846 atque
1163 5763 1267 5829 illa
1294 5763 1506 5846 psalmi
1527 5759 1939 5827 antecedentis
1955 5761 2368 5836 sit.Quomodo
2387 5771 2586 5824 autem
2618 5781 2805 5843 pauca
2829 5765 3114 5826 mutando
3138 5759 3618 5846 σοὶ-τίμησιβά
3638 5759 3868 5848 margi-

2206 4926 2484 4994 λειότητος
2517 4928 2603 4984 ἐπὶ
2630 4930 2718 4984 τὸν
2749 4926 2973 5004 ἕϐδομον
3003 4928 3225 5008 βαθμὸν,
3262 4927 3350 4986 τόν
3381 4931 3604 5005 μνήμην
3635 4935 3864 5008 γεννῶν-

2205 5031 2270 5065 τα
2301 5021 2418 5070 τοῖς
2450 5021 2687 5082 πιστοῖς,
2725 5011 2810 5066 καὶ
2841 5010 3270 5087 παρασκεύζοντα
3319 5011 3506 5074 αὖτοὺς
3555 5009 3856 5089 διηγείοθαι

2205 5089 2269 5146 τὰ
2296 5089 2414 5170 περὶ
2471 5089 2564 5156 τῆς
2613 5089 2909 5170 γενομένης
2955 5089 3137 5170 αὗτοῖς
3185 5091 3329 5169 παρὰ
3357 5093 3456 5156 τῆς
3485 5099 3580 5148 τοῦ
3629 5097 3862 5170 Χριστοῦ

2205 5167 2565 5252 ἀντιλήψεως,
2587 5167 2687 5252 καὶ
2716 5169 3050 5252 παράκλῃσις
3103 5168 3238 5248 (leg.
3264 5167 3510 5252 ﬁdem?
3557 5167 3854 5252 παρα-κλήι-

2206 5249 2369 5330 σειοςλ
2399 5247 2692 5306 ἀπολαϐεῖν
2749 5247 2934 5314 αὖτοὺς
2979 5251 3078 5318 τὴν
3102 5329 3107 5330 γ
3135 5247 3392 5330 προτέραν
3435 5247 3738 5310 ἆπὸλαύσιν
3769 5261 3860 5311 τοῦ

2205 5327 2543 5409 παραδείσου,
2579 5331 2644 5412 ἢν
2681 5331 2715 5412 ᾼὸ
2737 5411 2742 5412 γ
2765 5332 3051 5412 προπάτωρ
3099 5327 3267 5407 Ἀδὰμ
3300 5327 3599 5410 ἀπώλεσεν⁷
3635 5333 3862 5402 ἀπατη-

2203 5414 2306 5476 θεὶς
2335 5413 2434 5467 ὑπὸ
2458 5419 2550 5466 τοῦ
2581 5409 2849 5475 διαϐόλου,

2283 5489 2363 5571 (6)
2411 5491 2854 5569 Ἐδουλεόσαμεν,
