4110 6206
303 305 452 372 1233

373 441 432 506 2.
460 441 825 522 Ἐγενήθημεν
856 440 982 496 ὡσεὶ
1024 435 1521 517 παρακεκλημένοι.

373 531 432 594 3.
473 533 600 590 Τότε
630 530 872 600 ἐπλήσθη
903 533 1076 609 χαρᾶς
1107 527 1167 582 τὸ
1197 523 1370 600 στόμα
1403 527 1581 600 ἡμῶν,

379 622 434 684 4.
473 623 570 680 Καὶ
595 623 628 690 ἡ
673 619 888 700 γλῶσσα
916 621 1070 693 ἡμῶν
1103 615 1491 694 ἀγαλλιάσεως,

377 712 436 775 5.
469 711 601 769 Τότε
647 711 849 788 ἐροῦσιν
891 710 946 763 ἒν
993 720 1110 772 τοῖς
1145 705 1339 762 ἔθνεσιν
1379 721 1392 737 ’

375 801 432 866 6.
467 799 794 877 Ἐμεγάλυνε
829 800 1014 876 Κύριος
1059 803 1150 853 τοῦ
1181 801 1401 862 ποιῆσαι
1435 792 1552 870 μετ’
1585 799 1782 859 αὐτῶν,

371 894 433 954 7.
469 889 794 967 Ἐμεγέλυνε
823 886 1014 966 Κύριος
1044 892 1136 942 τοῦ
1165 889 1386 952 ποιῆσαι
1420 883 1535 960 μεθ’
1563 885 1718 960 ἡμῶν
1755 904 1770 917 ·

369 981 430 1044 8.
465 978 830 1057 Ἐγενήθημεν
861 975 1282 1056 εὔφραινόμενοι.

367 1072 428 1135 9.
465 1071 840 1148 Ἐπζστρεψδν,
879 1068 1056 1146 Κύριε,
1092 1065 1191 1132 τὴν
1223 1063 1600 1144 αἰχμαλωσίαν
1645 1067 1826 1140 ἡμῶν,

373 1159 472 1223 10.
508 1157 602 1221 ἐὶς
647 1155 966 1236 χειμάῤῥους
999 1154 1052 1210 ἒν
1083 1161 1158 1228 τῷ
1189 1153 1352 1226 νότῳ,

1141 303 1238 366 DE
1281 302 1594 364 TITULIS
1637 295 2119 362 PSALMORUM.
2171 333 2242 344 —
2287 297 2498 364 PSAL.
2543 301 2780 366 CXXV.

3507 296 3664 364 1234

1954 447 1994 494 Α
2099 436 2156 499 2.
2191 439 2347 500 Facti
2373 455 2582 502 sumus
2611 438 2766 502 sicut
2793 437 3113 502 consolatt.

2101 526 2157 590 3.
2194 525 2362 590 Tuuc
2394 529 2688 610 repletum
2726 535 2814 590 est
2839 527 3054 608 gaudio
3083 545 3150 589 os
3183 535 3473 604 nostrum,

2100 619 2158 676 4.
2183 616 2251 678 Et
2283 617 2483 695 lingua
2513 627 2708 680 nostra
2736 618 3143 680 exsultatione.

2099 708 2158 768 5.
2194 707 2360 768 Tunc
2387 707 2589 770 dicent
2619 708 2777 768 inter
2800 714 3007 786 gentes
3043 727 3054 768 :

2101 801 2159 854 εὶ.
2195 795 2581 876 Magniﬁcavit
2613 796 2901 858 Dominus
2929 793 3122 856 facere
3153 813 3288 856 cum
3321 793 3430 856 eis.

2096 887 2156 949 7.
2185 887 2582 963 Magniﬁcavit
2615 885 2900 946 Dominus
2931 884 3133 946 facere
3173 884 3482 946 nobiscum
3522 902 3534 943 :

2097 977 2156 1036 8.
2195 974 2354 1036 Facti
2387 993 2592 1036 sumus
2621 975 2909 1036 laetantes.

2095 1067 2151 1126 9.
2189 1065 2500 1138 Converte,
2537 1063 2810 1134 Domine,
2845 1061 3238 1143 captivitatem
3273 1071 3558 1138 nostram,

2099 1157 2192 1216 10.
2233 1153 2399 1216 Sicut
2433 1167 2670 1216 torrens
2701 1154 2764 1215 in
2797 1163 3020 1214 austro.

1449 1283 1856 1350 ATHANASII
1901 1283 2550 1350 INTERPRE‘I‘ATIO.

371 1400 426 1455 2.
464 1393 786 1472 Ἐγενόμεθα
816 1396 890 1456 ὡς
919 1393 1009 1474 (1)
1043 1393 1334 1452 ἀνάπαδσιν
1367 1409 1381 1424 ⁸
1439 1391 1499 1450 Ὀ
1533 1393 1632 1471 γὰρ
1680 1415 1931 1472 παρακα-

289 1483 397 1542 λῶν
439 1486 559 1548 τοὺς
596 1485 874 1546 ταπεινοὺς
903 1483 1260 1562 παρεκάλεσεν
1287 1485 1428 1558 ἡμᾶς
1464 1483 1618 1546 Θεός.

369 1577 420 1634 3.
461 1575 590 1632 Τότε
623 1574 962 1649 ἐπλήσθημεν
993 1573 1299 1646 Πνεύματος
1332 1573 1481 1650 ἁγίου
1520 1590 1532 1602 ·

369 1665 430 1726 4.
467 1666 562 1722 Καὶ
603 1663 864 1741 ἠρξάμεθα
896 1661 1084 1719 λαλεῠν
1111 1665 1324 1726 ἑαυτοῖς
1359 1661 1442 1742 (9)
1478 1661 1531 1717 ἐν
1561 1660 1804 1737 ψαλμοῖς
1845 1665 1932 1719 καὶ

288 1755 494 1834 ὕμνοις,
541 1757 628 1810 καὶ
681 1751 848 1828 ᾠδαῖς
895 1759 1284 1826 πνευματικῶς
1343 1749 1579 1824 ᾅδοντες,
1645 1753 1732 1808 καὶ
1780 1749 1930 1826 ψάλ-

288 1843 468 1908 λοντες
494 1843 546 1900 ἐν
579 1856 698 1906 ταῖς
725 1840 957 1921 καρδίαις
987 1843 1141 1916 ἡμῶν
1169 1847 1246 1914 τῷ
1274 1841 1493 1916 ὀνόματι
1525 1840 1703 1902 αὒτοῦ,

371 1937 429 2012 5,
461 1937 520 1995 6.
555 1933 639 2012 (3)
681 1933 811 1992 Τότε
857 1931 1040 2010 ἔλεγον
1087 1934 1138 1987 αἱ
1184 1931 1412 1988 ὲναντιαι
1456 1929 1724 2006 δυνάμειςο
1763 1929 1929 1986 Εὐδό-

285 2045 448 2090 κησεν
494 2025 522 2077 ὁ
567 2025 683 2087 Υἱὸς
725 2028 818 2078 τοῦ
863 2029 994 2080 Θεοῦ
1037 2020 1128 2075 τοῦ
1173 2027 1339 2077 σῶσαι
1386 2020 1600 2084 αὺτούς,

363 2113 426 2174 7.
474 2112 666 2186 Ἡμεῖς
699 2110 754 2166 δὲ
786 2109 946 2168 πάλιν
995 2109 1340 2192 καυχώμενοι
1384 2111 1437 2166 ἐν
1475 2115 1642 2182 Κυρίῳ
1673 2107 1925 2188 λέγομεν’

285 2201 592 2260 ’Ἦπλωσεν
635 2200 719 2257 ἐπὶ
763 2201 990 2279 πάντας,
1055 2201 1144 2256 καὶ
1205 2202 1274 2266 εἷς
1336 2201 1478 2276 ἡμᾶς
1540 2201 1600 2255 τὸ
1644 2197 1788 2262 ἔλεος
1831 2199 1932 2254 αὒ-

289 2301 404 2354 τοῦ.

371 2382 431 2445 8,
459 2379 760 2461 Εὗρέθημεν
791 2379 1114 2447 πλησθέντες
1143 2385 1211 2456 τῇ
1241 2379 1422 2460 χάριτι
1445 2378 1524 2456 (4)
1558 2380 1736 2437 αὑτοῦ.

371 2473 430 2544 9,
471 2473 561 2534 i0.
597 2469 654 2528 ’0
687 2469 1008 2552 χειμάρρους
1054 2472 1226 2541 οὗτος,
1276 2470 1390 2547 περὶ
1421 2475 1480 2524 οὗ
1537 2468 1682 2546 λέγει
1724 2471 1750 2524 ὁ
1787 2475 1926 2546 Προ-

293 2565 492 2642 φήτης,
538 2561 592 2616 ἐν
637 2563 713 2636 τῷ
759 2563 906 2636 νόμῳ
952 2560 1094 2616 ἐστιν
1137 2559 1190 2615 ἐν
1385 2557 1783 2638 Ῥινοκουρούρᾴ
1829 2558 1928 2638 ιδ),

291 2653 406 2720 ἥτις
440 2652 576 2708 ἐστὶν
621 2651 768 2732 ἁρχὴ
813 2655 910 2717 τῆς
973 2651 1235 2728 Αἰγύπτου
1271 2665 1284 2680 ·
1345 2649 1424 2728 διὸ
1455 2649 1542 2706 καὶ
1575 2651 1601 2704 ὁ
1648 2651 1932 2728 Προφήτης

294 2743 533 2818 εἴρηκεν,
585 2741 658 2807 ὠς
709 2745 736 2796 ὃ
794 2739 1110 2820 χειμάρρους
1175 2740 1229 2795 ἐν
1280 2741 1356 2814 τῷ
1421 2741 1577 2814 νότῳ.
1631 2747 1798 2796 Τοῦτο
1843 2738 1931 2794 οὖν

295 2831 678 2906 μεμαθήγαμεν
735 2831 878 2908 παρὰ
944 2829 1228 2902 πλειόνων,
1298 2827 1480 2906 ὅτιπερ
1531 2830 1579 2886 οἱ
1631 2828 1932 2907 Σαρακηνοὶ

291 2923 628 3004 κατήρχοντο
662 2926 734 2987 εἷς
780 2927 878 2990 τὴν
926 2923 1375 3001 Ῥινοκουρούραν,
1423 2923 1455 2990 ἢ
1517 2922 1640 3002 [ὡς]
1676 2923 1762 2978 καὶ
1793 2943 1928 2978 κατ-

295 3017 541 3094 ἐρχονται
620 3015 781 3093 μέχρι
844 3012 936 3069 τοῦ
993 3020 1102 3090 νῦν,
1191 3013 1278 3068 καὶ
1356 3009 1691 3068 παιδεύουσιν
1751 3011 1930 3090 ὥσπερ

295 3103 600 3184 [πορθουσιν
679 3101 828 3183 ὅπερ]
901 3103 1215 3180 εὒρὶσκουσι,
1301 3103 1387 3158 καὶ
1467 3102 1782 3181 ἀνέρχονται
1856 3101 1928 3162 εἷς

294 3195 413 3252 τοὺς
445 3196 634 3254 τόπους
683 3194 876 3255 αὐτῶν,
923 3191 984 3248 Ὀ
1028 3189 1082 3246 δὲ
1125 3191 1446 3272 χειμάῤῥους
1492 3193 1667 3270 οὗτος,
1725 3192 1843 3266 περὶ
1872 3193 1932 3245 οὗ

295 3285 452 3340 εἶπεν
483 3283 511 3339 ὃ
568 3281 880 3363 Προφήτης,
927 3281 986 3338 ἐκ
1023 3285 1126 3337 τῶν
1173 3287 1497 3359 Σαρακηνιῦν
1555 3281 1876 3361 κατέρχεται
1913 3296 1925 3310 '

295 3375 430 3430 κατὰ
471 3374 726 3450 βούλησιν
779 3371 867 3428 οὖν
917 3373 1070 3449 Θεοῦ,
1103 3371 1257 3438 ἡνίκα
1288 3371 1506 3449 γένηται
1537 3373 1685 3434 ὑετὸς
1718 3368 1932 3449 λάϐρος,

297 3463 548 3530 πληθύνει
581 3465 606 3519 6
639 3460 986 3542 χειμάρρους,
1019 3461 1156 3517 ὥστε
1187 3461 1538 3540 κατέρχεσθαι
1595 3461 1750 3516 αὒτὸν
1795 3483 1933 3528 σφο-

1327 3552 1388 3606 Βν
1451 3556 1802 3630 Σαρακηνὼν,
1853 3552 1938 3604 καὶ

300 3645 484 3702 αὖτοὺς
529 3643 584 3700 δὲ
615 3643 926 3718 ἀπόλλυσιν,
975 3643 1109 3711 ἅπερ
1161 3639 1216 3695 δὲ
1261 3638 1556 3718 διήρπασαν
1615 3637 1792 3696 λαϐὼν
1837 3639 1936 3718 φέ-

298 3757 374 3814 ρει
419 3737 492 3796 εἷς
535 3735 632 3799 τὴν
665 3731 1118 3809 Ῥινοκουρούραν,
1155 3729 1272 3786 ὅθεν
1335 3732 1423 3786 καὶ
1481 3729 1786 3808 ἐλήφθησαν
1829 3730 1936 3785 ἀπὸ

299 3827 404 3882 τῶν
443 3829 766 3902 Σαρακηνῶν
796 3824 859 3877 τὸ
901 3821 1156 3898 πρότερον
1189 3839 1205 3856 ·
1253 3821 1336 3876 οιαὶ
1383 3819 1546 3894 ἡμεῖς
1591 3817 1668 3899 δὲ,
1703 3819 1934 3896 γενόμε-

303 3937 381 3970 νοι
428 3914 481 3970 ἐν
525 3899 658 3989 ἀι)τῇ
697 3918 766 3988 τῇ
807 3910 982 3985 πόλει,
1059 3911 1384 3984 ἓθεασὰμεθα
1440 3911 1530 3964 τὸν
1589 3908 1931 3988 χειμάρρουν.

301 4007 464 4062 τοῦτο
505 4006 594 4058 οὖν
639 4003 777 4057 ἐστιν
822 4001 850 4056 ὃ
900 3999 1044 4076 λέγει
1103 4003 1130 4055 ὁ
1193 4001 1472 4076 Προφήτης
1536 3998 1596 4054 ἐκ
1651 3999 1938 4072 προσώπου

299 4101 406 4151 τῶν
450 4093 880 4149 πεπιστευκότων
913 4107 927 4121 ·
963 4089 1070 4162 ὅτι,
1105 4089 1284 4166 ὥσπερ
1325 4089 1529 4153 ἐκεῖνος
1561 4089 1588 4143 ὁ
1618 4087 1939 4168 χειμάρὁυς

301 4185 420 4248 τοὺς
451 4184 549 4257 μὲν
593 4180 1090 4261 αἱχμαλωτίζοντας
1137 4177 1420 4252 ἀπόλλυσι,
1465 4179 1530 4234 τὰ
1579 4175 1634 4233 δὲ
1679 4177 1942 4256 ληφθέντα

303 4272 428 4350 παρ’
463 4273 634 4328 αὐτῶν
685 4269 850 4329 σκῦλα
903 4269 1342 4340 ἀποκαθίστησιν,
1383 4267 1434 4333 ἐξ
1481 4271 1554 4322 ὧν
1587 4269 1670 4324 καὶ
1699 4267 1942 4346 ἐλήφθη-

304 4385 421 4432 σαν,
451 4361 590 4419 οὕτω
631 4362 858 4426 ποίησον
899 4360 988 4415 καὶ
1039 4361 1219 4431 αὐτὸς,
1265 4359 1352 4414 καὶ
1395 4359 1490 4423 τὰς
1552 4357 1646 4432 μὲν
1707 4357 1944 4421 ἐναντίας

303 4451 552 4528 δυνάμεις
606 4453 698 4516 τὰς
755 4448 1234 4530 αἰχμαλωτισάσας
1307 4449 1450 4521 ἡμᾶς
1514 4449 1817 4502 θανάτωσον
1869 4454 1945 4504 τῶ

303 4541 454 4598 ὕδατι
501 4551 594 4600 τοῦ
633 4539 1023 4616 βαπτίσματος,
1057 4537 1124 4593 δι’
1171 4539 1330 4595 αὒτοῦ
1377 4535 1430 4592 δὲ
1467 4547 1558 4596 τοῦ
1583 4535 1771 4601 ὕδατος
1799 4536 1940 4592 ἀπό-

293 3553 450 3632 δρῶς,
499 3550 839 3628 λαμϐάνοντα
881 3551 974 3615 τὰς
1029 3553 1230 3617 σκηνὰς
1283 3552 1388 3606 τῶν
1451 3556 1778 3629 Σαρακηνὼν

2095 1395 2153 1456 ’2.
2187 1396 2340 1456 Facti
2374 1413 2576 1455 smnus
2609 1395 2784 1455 veluti
2819 1395 2879 1456 in
2910 1393 3140 1474 requie:
3175 1393 3300 1469 Qui
3330 1397 3495 1456 enim
3521 1412 3662 1459 con-

2013 1487 2248 1546 solatur
2277 1485 2560 1564 humiles,
2592 1485 2925 1546 consolatus
2957 1491 3048 1545 est
3077 1501 3186 1546 nos
3215 1483 3372 1546 Deus
3399 1483 3474 1544 ⁷⁸.

2094 1577 2151 1636 3.
2187 1573 2352 1634 Tunc
2386 1573 2598 1652 repleti
2626 1593 2830 1635 sumus
2865 1573 3086 1652 Spiritu
3118 1581 3322 1634 sancto
3359 1596 3372 1632 :

2094 1665 2152 1726 4.
2191 1663 2258 1723 Ει
2280 1663 2569 1744 cmpimus
2603 1662 3047 1742 nobismetipsis
3081 1662 3246 1740 loqui
3288 1665 3354 1724 in
3375 1665 3656 1748 psalmis,

2014 1761 2072 1818 et
2099 1755 2365 1834 hymnis,
2401 1763 2460 1815 et
2490 1753 2744 1816 canticis
2771 1751 3196 1833 spiritualibus
3226 1761 3567 1836 cantantes,
3601 1762 3660 1820 et

1953 1883 1991 1933 Β
2009 1843 2336 1933 psallentes
2364 1844 2424 1904 in
2459 1843 2737 1933 cordibus
2766 1843 2988 1904 nostris
3020 1843 3256 1933 nomini
3287 1843 3414 1922 ejus
3437 1843 3520 1933 75.

2099 1937 2156 2008 Ξ),
2187 1933 2246 1996 6.
2282 1932 2450 1994 Tunc
2478 1932 2754 1994 dixerunt
2778 1930 3092 1993 contrariae
3111 1939 3467 2011 potestates:
3490 1931 3661 1998 Com-

2017 2023 2234 2104 placuit
2263 2022 2412 2084 Filio
2437 2021 2539 2083 Dei
2573 2021 2734 2102 ipsos
2755 2021 2948 2082 salvos
2979 2021 3206 2085 facere.

2095 2115 2154 2173 7.
2192 2112 2312 2174 Nos
2332 2121 2528 2173 autem
2563 2129 2767 2174 rursus
2790 2111 3111 2190 gloriantes
3143 2110 3204 2172 in
3237 2109 3488 2173 Domino
3519 2113 3660 2175 dici-

2015 2223 2147 2264 mus
2183 2222 2194 2265 :
2237 2201 2522 2282 Expendit
2553 2217 2736 2282 super
2765 2219 2994 2282 omnes,
3027 2210 3086 2261 et
3119 2219 3301 2282 super
3333 2219 3442 2264 nos
3473 2201 3656 2264 mise-

2011 2293 2332 2354 ricordiam
2366 2309 2558 2352 suam.

2093 2383 2152 2443 8.
2190 2381 2416 2444 Inventi
2437 2398 2644 2444 sumus
2672 2382 2884 2464 repleti
2919 2387 3120 2462 gratia»
3141 2381 3355 2462 ipsius.

2093 2473 2152 2551 9,
2192 2471 2285 2534 10.
2320 2471 2582 2533 Torrens
2613 2471 2744 2546 iste,
2793 2473 2868 2534 de
2898 2491 3015 2554 quo
3049 2471 3310 2552 loquitur
3338 2469 3660 2553 Propheta,

2016 2572 2104 2624 est
2135 2564 2193 2623 in
2230 2573 2392 2644 parte
2425 2561 2665 2622 australi
2696 2561 2754 2621 in
2786 2559 3362 2641 Rhinocerura,quaa
3383 2569 3473 2624 est
3493 2560 3660 2643 prin-

2015 2653 2234 2732 cipium
2271 2651 2540 2732 Egypti;
2603 2650 2735 2713 ideo
2794 2659 2852 2712 et
2905 2651 3204 2732 PrOpheta
3250 2650 3418 2726 dixit,
3471 2651 3664 2716 veluti

2015 2751 2256 2804 torrens
2315 2745 2378 2802 in
2433 2747 2662 2802 austro.
2701 2741 2823 2802 Hoc
2853 2741 3014 2802 enim
3045 2739 3367 2801 didicimus
3394 2758 3428 2801 a
3459 2739 3658 2822 pluri-

2015 2833 2152 2907 bus,
2187 2833 2342 2914 quod
2406 2830 2686 2894 Saraceni
2737 2829 3135 2892 devenlebant
3186 2831 3244 2891 in
3279 2831 3660 2894 Rhinoceru-

2008 2940 2158 3002 ram,
2196 2931 2256 2982 ut
2288 2921 2616 2982 etiamnum
2648 2921 2916 3001 veniunt,
2936 2927 2993 2981 et
3017 2919 3460 3002 depopulantur
3491 2939 3659 3000 qum-

2011 3030 2245 3092 cunquc
2277 3009 2602 3078 inveniunt,
2631 3019 2688 3072 et
2719 3018 3096 3072 revertuntur
3115 3008 3178 3070 in
3209 3009 3339 3072 loca
3367 3009 3658 3074 sua.'l‘or-

2009 3119 2151 3163 rens
2181 3111 2372 3163 autem
2404 3107 2536 3181 iste,
2563 3099 2636 3160 de
2659 3117 2776 3180 quo
2807 3099 3071 3177 loquitur
3093 3097 3413 3180 Propheta,
3450 3117 3518 3162 ex
3543 3098 3659 3163 Sa-

2015 3209 2364 3252 racenorum
2401 3199 2558 3250 terra
2587 3189 2878 3269 originem
2915 3188 3094 3250 habet
3129 3205 3142 3250 :
3178 3190 3510 3250 secundum
3545 3187 3655 3268 igi-

1969 3276 2112 3341 ‘tur
2145 3279 2248 3340 Dei
2279 3280 2660 3352 voluntatem,
2715 3297 2848 3339 cum
2899 3279 3174 3356 copiosus
3232 3277 3426 3340 imber
3475 3277 3656 3354 cadit,

2018 3371 2167 3432 adeo
2199 3369 2414 3430 crescit
2467 3376 2724 3441 torrens,
2787 3375 2849 3426 ut
2905 3367 3300 3427 vehementer
3351 3384 3416 3428 se
3445 3366 3662 3428 inferat

2019 3461 2262 3520 trahens
2293 3475 2496 3518 secum
2549 3456 2932 3517 tabernacula
2983 3455 3440 3532 Saracenorum,
3474 3465 3534 3517 et
3559 3457 3658 3536 ip-

2023 3568 2120 3609 sos
2149 3548 2388 3628 quidem
2425 3545 2645 3624 perdit,
2677 3563 3047 3626 quaecunque
3077 3553 3276 3608 autem
3303 3557 3657 3627 rapuerunt,

2021 3643 2324 3719 accipiens
2349 3636 2978 3711 fertRhinoceruram,
3003 3635 3165 3698 unde
3197 3647 3254 3699 et
3285 3645 3459 3700 antea
3489 3647 3666 3719 capta

2021 3733 2262 3790 [σει-λιιι
2317 3745 2351 3789 a
2389 3727 2706 3790 Saracenis
2739 3745 2752 3788 :
2807 3735 2864 3790 et
2897 3744 3008 3789 nos
3052 3727 3294 3808 quidem
3329 3747 3464 3790 cum
3495 3747 3664 3791 esse-

2022 3841 2153 3882 mus
2183 3819 2242 3880 iu
2275 3837 2345 3880 ea
2375 3819 2614 3880 civitate
2647 3817 2902 3879 vidimus
2953 3827 3302 3880 torrentem.
3327 3818 3452 3881 Hoc
3483 3818 3668 3899 igitur

2023 3921 2132 3986 est,
2161 3908 2314 3990 quod
2347 3907 2494 3970 dicit
2527 3907 2818 3988 Propheta
2851 3925 2922 3970 ex
2955 3925 3210 3988 persona
3239 3908 3617 3970 credentium
3645 3928 3662 3968 :

2024 3999 2180 4076 quod
2215 3997 2716 4077 quemadmodum
2751 3997 2854 4060 ille
2885 4005 3120 4059 torrens
3149 4015 3274 4078 eos,
3311 3995 3412 4078 qui
3435 3997 3584 4062 alios
3606 3997 3670 4060 in

2023 4089 2416 4168 captivitatem
2451 4085 2857 4167 abduxerunt,
2893 4087 3110 4166 perdit,
3169 4096 3340 4166 capta
3365 4095 3563 4149 autem
3593 4085 3670 4150 ab

2025 4175 2167 4257 ipsis
2199 4177 2386 4254 spolia
2444 4175 2704 4237 restituit
2764 4176 2872 4246 eis,
2929 4177 3146 4254 quibus
3195 4182 3256 4239 et
3299 4187 3504 4257 erepta
3535 4177 3669 4240 lue-

2027 4275 2198 4345 rant;
2237 4267 2314 4328 ita
2375 4267 2462 4326 lac
2525 4273 2582 4326 et
2639 4265 2790 4346 ipse,
2853 4275 2912 4326 et
2959 4265 3285 4328 contrarias
3317 4275 3667 4346 potestates,

2027 4358 2128 4438 qui
2160 4355 2420 4436 captivos
2451 4373 2560 4416 nos
2585 4355 2902 4436 duxerunt,
2939 4355 3219 4418 interﬁce
3261 4375 3412 4436 aqua
3441 4355 3674 4436 baptis-

2031 4449 2132 4519 mi,
2167 4447 2376 4508 eadem
2409 4455 2608 4506 autem
2659 4463 2812 4526 aqua
2859 4446 3048 4508 redde
3109 4446 3280 4507 nobis
3311 4446 3585 4527 gloriam,
3616 4455 3676 4508 et

2031 4537 2390 4608 libertatem,
2467 4553 2644 4614 quam
2705 4533 2876 4596 nobis
2931 4535 3284 4615 eripuerunt
3343 4541 3673 4616 potestates

303 4632 390 4696 ὂος
423 4635 560 4706 ἡμῖν
589 4631 690 4696 τὴν
732 4628 882 4692 δόξαν
926 4631 1013 4684 καὶ
1069 4629 1167 4695 τὴν
1223 4626 1536 4704 ἐλευθερίαν,
1567 4627 1632 4694 ἢν
1661 4625 1942 4706 ἀφείλαντο

2030 4625 2275 4689 inimici.
2303 4624 2444 4686 Haec
2479 4623 2656 4702 igitur
2683 4634 2772 4685 est
2802 4623 3118 4703 explicatio
3151 4625 3434 4686 dictionis
3484 4624 3668 4697 illius,

303 4723 444 4798 ἡμῖν
476 4724 528 4776 αἱ
577 4728 669 4776 τοῦ
729 4719 921 4799 ἐχθροῦ
977 4715 1243 4794 δυνάμεις.
1289 4717 1429 4783 Αὔνη
1481 4719 1567 4772 οὖν
1617 4717 1652 4784 ἡ
1695 4715 1942 4794 διήγησις

305 4819 396 4869 τοῦ
427 4809 744 4890 χειμάρρου,
799 4810 890 4865 καὶ
948 4809 1078 4874 αὕτη
1121 4810 1155 4875 ἠ
1201 4809 1340 4864 αἰτία
1383 4807 1474 4864 τοῖ’)
1535 4807 1806 4885 εἶρηκάναι
1855 4809 1946 4862 τὸν

305 4902 612 4982 Προφήτην.

387 5007 442 5050 τί
469 5005 520 5069 ΙΙ
549 5005 685 5070 Cor.
717 5021 825 5078 vn,
855 5007 916 5067 6.
1004 5003 1068 5056 75
1097 5002 1318 5086 Ephes.
1349 5023 1410 5086 v,
1444 5005 1506 5066 4.

2024 4717 2178 4777 sicut
2211 4725 2476 4794 torrens,
2511 4719 2570 4774 et
2623 4713 2750 4775 haec
2799 4732 3000 4794 causa,
3053 4731 3162 4776 cur
3213 4715 3510 4796 Propheta
3540 4715 3672 4795 ejus

2033 4805 2384 4867 meminerit.

2233 4889 2294 4910 l'l.

1331 5111 1631 5178 Addenda
1662 5115 1726 5177 et
1756 5111 2132 5192 corrigenda
2165 5129 2240 5175 ex
2274 5112 2414 5176 cod.
2449 5111 2649 5176 Vatic.

390 5263 490 5342 (Ι)
525 5265 608 5324 Εἷς
641 5263 952 5330 ἀνάπαυσιν,
991 5267 1136 5335 016.,
1165 5265 1192 5318 ὁ
1224 5261 1375 5323 Θεὸς.

396 5342 484 5422 (2)
516 5343 606 5422 ξΕν
636 5344 869 5406 ἑαυτοῖς.

391 5418 477 5500 (3)
511 5421 570 5484 Νι
607 5424 984 5504 5,T6:e,etc.,
1010 5447 1102 5480 1:th
1119 5421 1306 5484 deest.
1333 5418 1402 5481 N.
1424 5419 1485 5494 6,
1515 5419 1949 5496 7,’llustc:,elc.,

2039 5265 2090 5311 ἐν
2121 5263 2196 5328 τῷ
2231 5259 2422 5335 Κυρίῳ,
2457 5263 2599 5331 etc.,
2637 5257 2710 5318 εἷς
2743 5255 2946 5318 πάντας
2975 5257 3144 5336 ἡμᾶς,
3179 5263 3293 5317 etc-

2123 5341 2202 5396 l4!
2233 5343 2336 5400 Τῆς
2373 5339 2614 5415 χάριτος,
2649 5345 2764 5398 etc.

2123 5417 2206 5494 (ὅ)
2245 5415 2330 5472 ἰἰν
2460 5411 2786 5496 Ῥινοαούρᾳ,
2834 5424 2982 5488 etc.,
3043 5419 3115 5479 ὡς
3149 5411 3494 5496 χειμάῤῥοῦς,
3531 5419 3680 5492 etc.,

311 5573 446 5618 nem
467 5555 754 5636 ascripsi;
793 5565 954 5616 recte
986 5563 1213 5636 autem,
1233 5571 1305 5614 an
1325 5569 1514 5636 secus
1545 5551 1788 5630 benigni
1819 5551 2059 5613 lectori:
2103 5553 2329 5631 judicio
2379 5553 2738 5634 relinquam.
2794 5553 3000 5636 Neque
3031 5551 3196 5636 enim
3223 5547 3369 5610 mihi
3401 5563 3540 5628 spes
3569 5553 3682 5628 est,

309 5635 515 5700 omnia
541 5635 616 5696 ad
634 5631 866 5698 rectam
893 5645 952 5698 et
982 5653 1178 5696 veram
1195 5631 1518 5715 lectionem
1553 5649 1834 5695 revocare
1865 5650 2063 5715 passa,
2105 5643 2160 5693 el
2191 5652 2322 5713 quae
2359 5631 2602 5698 sanctus
2631 5637 2838 5697 doctor
2880 5631 3140 5715 scripsit,
3189 5637 3248 5690 et
3279 5645 3438 5690 nunc
3473 5643 3684 5689 manca

315 5727 374 5781 et
405 5715 612 5779 mutila
641 5735 710 5781 ac
741 5724 1016 5798 corrupta
1043 5716 1352 5796 leguntur,
1383 5715 1444 5775 in
1475 5713 1770 5794 integrum
1802 5713 2056 5777 restitue
2075 5732 2162 5776 re.
