4110 6206
277 332 431 396 1245
1127 333 1220 394 DE
1265 332 1577 395 TITULIS
1623 332 1900 396 PSALMC

2035 335 2112 395 Μ.
2157 367 2237 378 -—
2285 334 2497 397 PSAL.
2547 332 2782 395 CXXX.
3498 329 3650 393 1246

353 468 415 531 4.
459 467 590 525 Ἐὰν
618 467 839 543 ἀνομίας
889 466 1278 546 παρατηρήσῃς
1329 463 1771 549 [παρατηρήσει],
1800 463 1915 528 Κύ-
1940 470 1976 523 Α

1800 463 1915 528 Ks-
1940 470 1981 523 Α
2084 464 2142 526 1.
2180 462 2243 530 Si
2274 464 2617 547 iniquitates
2646 462 3082 540 observaveris,
3129 461 3422 527 Domine:

271 576 377 636 ριε·

351 648 413 711 5,
447 645 630 726 Κύριε,
662 647 742 711 τίς
772 648 1129 717 ὑποστήσεται
1178 644 1269 725 (a)
1298 665 1315 722 ;

2085 646 2147 706 5.
2182 644 2461 721 Domine,
2484 644 2618 727 quis
2646 642 3015 707 sustinebit?

353 738 414 799 6.
450 736 583 795 ’Ὅτι
618 737 760 815 παρὰ
792 738 873 794 σοὶ
902 735 1128 811 ἱλασμός
1159 734 1327 796 ἐστιν.

2084 736 2143 798 6.
2180 734 2329 807 Qnia
2358 735 2516 816 apud
2550 744 2607 796 te
2636 733 2976 815 prepitiatio
3011 744 3103 796 est
3132 754 3146 792 :

349 829 411 892 7,
445 825 679 884 ’Ἕνεκεν
704 834 796 884 τοῦ
824 825 1087 901 ὀνόματός
1119 847 1213 882 σου
1254 824 1511 901 ὑπέμεινᾶ
1542 848 1626 906 σε,
1671 824 1855 904 Κυριε.

2091 827 2146 887 7.
2189 826 2431 905 Propter
2480 825 2674 905 legem
2709 834 2871 887 tuam
2899 823 3153 885 sustinui
3171 829 3253 894 te,
3285 820 3564 884 Domine.

348 918 411 982 8.
445 916 761 992 ’Υπέμεινεν
791 918 826 984 ἡ
873 916 1027 995 ψυχή
1086 938 1188 991 μου
1248 916 1321 980 εἰς
1379 918 1471 973 τὸν
1501 916 1663 995 λόγον
1695 937 1787 973 σου
1820 913 1917 996 [εἰς

2082 914 2142 978 8.
2177 914 2471 975 Sustinuit
2513 913 2714 976 anima
2747 930 2877 975 mea
2908 913 2969 974 in
3002 911 3184 974 verbo
3218 912 3349 991 ejus
3387 911 3473 989 [in
3508 928 3645 974 ver-

262 1008 386 1073 τοὺς
409 1006 601 1083 λόγους
648 1007 759 1084 σου]
778 1022 791 1035 ·

681 1007 791 1084 ου]·
2000 1004 2093 1067 bis
2122 1003 2260 1081 tuis]
2291 1022 2304 1064 :

343 1098 405 1159 9.
438 1095 716 1153 ’Ἦλπισεν
745 1096 782 1164 ἦ
813 1095 966 1175 ψυχή
998 1114 1102 1169 μου
1134 1093 1219 1151 ἐπὶ
1250 1096 1342 1151 τὸν
1373 1094 1588 1174 Κύριον,

2078 1094 2141 1158 9.
2174 1092 2445 1174 Speravit
2469 1091 2670 1153 anima
2707 1109 2839 1155 mea
2868 1097 2929 1153 in
2961 1090 3242 1155 Domino.

349 1185 447 1250 10,
480 1185 614 1242 Ἀπὸ
645 1185 888 1265 φυλακῆς
920 1185 1153 1264 προωίας
1185 1183 1349 1265 μέχρι
1382 1186 1588 1260 νυκτὸς,

2084 1185 2177 1247 lt).
2214 1184 2258 1244 Α
2282 1180 2553 1243 custodia
2585 1181 2877 1243 matutina
2908 1199 3102 1259 usque
3131 1180 3204 1243 ad
3229 1186 3490 1243 noctem.

344 1277 445 1336 11.
481 1272 616 1332 Ἀπὸ
640 1272 881 1355 φυλακῆς
912 1275 1113 1354 πρωίας
1154 1274 1428 1332 ὲΑπισάτω
1469 1273 1682 1353 ’ῐσραὴλ
1712 1273 1797 1332 ἰπὶ
1822 1276 1913 1332 τὸν

2079 1275 2177 1336 11.
2212 1273 2258 1334 Α
2304 1270 2570 1334 custodia
2624 1271 2917 1333 matutina
2969 1279 3171 1351 speret
3213 1269 3396 1332 lsrael
3438 1270 3496 1332 in
3527 1269 3645 1334 Do-

268 1366 486 1443 Κύριον.

1999 1361 2187 1425 mino.

352 1454 451 1518 12.
484 1451 617 1512 ’Ὅτι
650 1454 791 1532 παρὰ
818 1460 896 1526 τῷ
926 1454 1097 1531 Κυρίῳ
1121 1454 1182 1509 τὸ
1212 1451 1385 1533 ἕλεος,

2079 1452 2178 1514 49.
2206 1452 2358 1527 Quia
2385 1450 2545 1531 apud
2581 1450 2900 1513 Dominum
2924 1448 3363 1531 misericordia,

355 1542 451 1609 13,
488 1545 585 1604 Καὶ
614 1543 794 1610 πολλὴ
825 1542 949 1622 παρ’
982 1545 1121 1617 αὖτῷ
1151 1541 1409 1622 λύτρωσις

2081 1542 2180 1605 13.
2228 1541 2299 1605 Et
2325 1540 2567 1621 copiosa
2596 1540 2753 1621 apud
2781 1558 2915 1602 eum
2945 1539 3283 1621 redemptio
3315 1557 3328 1602 :

349 1634 449 1696 14.
490 1634 584 1694 Καὶ
608 1634 764 1697 αὐτὸς
795 1631 1113 1713 λυτρῶσεται
1142 1643 1235 1689 τὸν
1261 1630 1475 1707 Ἰσραήλ
1505 1633 1566 1691 ἐκ
1593 1641 1778 1691 πασῶν
1808 1634 1914 1691 τῶν

2082 1637 2179 1694 ilo.
2215 1630 2285 1693 Et
2329 1630 2459 1711 ipse
2487 1628 2743 1692 redimet
2775 1627 2958 1692 Israel
3003 1645 3077 1691 ex
3100 1628 3383 1692 omnibus
3417 1628 3642 1710 iniqui-

265 1724 503 1801 ἀνομιῶν
532 1723 716 1783 αὐτοῦ.

2002 1721 2217 1783 tatibus
2254 1721 2404 1800 ejus.

424 1816 557 1899 ᾯδὴ
585 1819 692 1874 τῶν
740 1813 1082 1891 ’Δναϐαθμῶν
1104 1822 1182 1891 τῷ
1214 1813 1396 1878 Δαϐίδ.
1430 1821 1598 1877 ΨΑΛ.
1638 1814 1757 1876 PA’.

2107 1818 2429 1878 Canticum
2461 1813 2773 1877 Graduuat
2810 1812 3027 1876 David.
3066 1811 3281 1877 PSAL.
3309 1811 3525 1875 om.

347 1915 375 1972 1
397 1957 409 1970 .
442 1909 626 1990 Κύριε,
666 1913 769 1990 οὐχ
788 1910 975 1985 audior,
1004 1912 1037 1979 ἡ
1067 1910 1252 1987 καρδία
1280 1929 1406 1985 μου⁶

2081 1912 2135 1973 1.
2172 1908 2444 1985 Domine,
2480 1927 2598 1971 non
2629 1918 2724 1970 est
2742 1907 3055 1970 exaltatum
3088 1925 3194 1969 cur
3230 1924 3426 1969 meum
3456 1926 3469 1969 :

349 2048 432 2130 (a)
466 2045 642 2111 Vers.
678 2049 737 2129 4,
765 2050 827 2128 5,
862 2064 1013 2109 vers.
1040 2048 1277 2111 unicus.

1401 2125 1811 2191 ATHANASII
1853 2124 2485 2192 INTEBPRETATIO.

337 2248 401 2330 4,
444 2250 501 2313 5.
540 2248 665 2308 Ἐὰν
710 2252 954 2330 προσχῇς
1003 2263 1127 2314 ταῖς
1187 2250 1432 2325 ἀνομίαις
1461 2251 1638 2325 ἡμῶν,
1707 2251 1794 2306 καὶ
1830 2249 1960 2329 (UE

2077 2250 2138 2329 4,
2171 2250 2227 2310 5.
2264 2249 2327 2311 Si
2350 2247 2622 2310 attendas
2646 2246 2992 2329 iniquitates
3021 2255 3276 2320 nostras,
3326 2252 3387 2307 et
3415 2262 3634 2308 secun-

259 2341 363 2419 πρε.
413 2344 579 2407 αὐτῆς
634 2338 773 2396 οὕτω
826 2340 1059 2416 ποιήσῃς
1115 2341 1286 2419 ὓμτν,
1350 2338 1538 2419 Κύριε,
1590 2337 1771 2419 Κύριε,
1834 2339 1882 2396 τί

2014 2339 2133 2401 lum
2166 2357 2290 2419 eas,
2324 2339 2405 2401 ita
2438 2337 2624 2401 facias
2659 2336 2856 2417 nobis,
2892 2335 3167 2412 Domine,
3203 2335 3479 2413 Domine,
3503 2335 3637 2419 quis

256 2427 721 2509 περιλειφθήσεται
742 2450 758 2501 ;

1997 2427 2413 2509 relinquetur?

341 2518 399 2582 6.
438 2518 569 2577 ”Οτι
601 2520 662 2576 σὺ
706 2532 760 2576 ετ
794 2522 821 2575 ὁ
869 2518 1099 2595 ἱλασμος
1149 2523 1255 2577 τῶν
1319 2519 1392 2597 (2)
1423 2522 1695 2599 ἁμαρτιῶν
1724 2521 1903 2594 ἡμῶν.

2073 2518 2131 2579 6.
2162 2518 2457 2590 Quoniam
2493 2524 2552 2578 tu
2584 2534 2651 2579 es
2678 2517 3039 2599 propitiatio
3064 2533 3179 2597 pro
3226 2518 3497 2596 peccatis
3524 2533 3636 2579 no-

260 2611 323 2667 οὒ
352 2610 512 2682 μόνον
542 2607 597 2665 δὲ
628 2613 746 2688 περὶ
812 2615 917 2665 τοῖιν
974 2610 1273 2687 ἡμετέρων,
1308 2609 1446 2667 ἀλλὰ
1492 2612 1579 2666 καὶ
1612 2611 1726 2687 περὶ
1783 2606 1883 2664 ὅλοι

2015 2609 2143 2671 :tris
2170 2627 2183 2667 :
2222 2624 2348 2669 non
2372 2624 2488 2687 pro
2510 2608 2739 2669 nostris
2769 2614 2980 2669 autem
3023 2613 3282 2682 tantum,
3326 2606 3429 2670 sed
3457 2606 3638 2668 etiam

260 2699 355 2754 τοῦ
380 2700 606 2773 κόσμου.

1999 2700 2193 2761 totius
2222 2697 2438 2759 mundi
2467 2694 2543 2758 ⁸³.

347 2787 401 2850 7.
439 2786 571 2845 ’Ὅτι
626 2788 872 2865 ἐλεήμων
932 2790 1018 2845 καὶ
1076 2788 1440 2869 φιλάνθρωπος
1504 2790 1792 2870 ὑπάρχεις,
1827 2789 1909 2843 διὰ

2074 2787 2132 2850 '7.
2180 2786 2467 2859 Quoniam
2504 2786 2869 2860 misericors,
2904 2793 2962 2847 et
2988 2783 3284 2866 benignus
3312 2804 3402 2859 es,
3440 2802 3632 2865 prop—

260 2884 418 2935 τοῦτο
447 2879 599 2957 κάγὼ
628 2877 1000 2959 ἆπικδέχομαι
1033 2880 1174 2958 παρὰ
1204 2881 1297 2937 σοῦ
1328 2877 1635 2947 ἐλεηθῆναι.

2008 2895 2157 2940 μοι-οε
2188 2876 2369 2938 etiam
2400 2894 2509 2954 ego
2535 2884 2813 2957 exspecto
2847 2875 3324 2938 misericordiam
3351 2876 3631 2957 consequi

341 2966 398 3028 8.
434 2966 538 3029 Καὶ
594 2967 842 3043 ὑπομένει
891 2966 978 3047 (3)
1031 2971 1064 3037 ἠ
1112 2970 1266 3049 ψυχή
1316 2992 1418 3044 μου
1461 2973 1531 3032 εἷς
1565 2970 1656 3034 τὰς
1690 2964 1905 3029 ἐντολάς
1994 2974 2136 3028 ate.

260 3079 377 3115 σου.
2074 3056 2135 3119 8.
2163 3057 2235 3119 Et
2267 3061 2577 3135 permanet
2618 3062 2817 3118 anima
2851 3073 2982 3117 mea
3010 3054 3072 3116 in
3106 3053 3420 3136 praceptis
3450 3055 3592 3118 tuis.

345 3146 405 3211 9.
440 3145 736 3227 ”Ελπισον,
785 3146 867 3228 (4)
914 3151 948 3217 ἡ
981 3151 1133 3229 ψυχή
1182 3171 1302 3225 μου,
1340 3152 1413 3214 εἰς
1459 3152 1551 3205 τὸν
1582 3146 1797 3228 Κύριον,
1831 3146 1910 3205 ὅτι

2073 3148 2132 3206 9.
2165 3144 2348 3226 Spera
2371 3145 2569 3207 anima
2615 3163 2770 3223 mea,
2805 3147 2864 3206 in
2894 3144 3172 3218 Domino,
3205 3146 3481 3226 quoniam
3519 3165 3635 3207 non

260 3238 355 3295 οὒκ
381 3238 443 3294 ἓν
470 3237 757 3317 ἀπερρίφης
786 3237 880 3293 ἀπ’
912 3240 1091 3296 αὐτοῦ.

1995 3237 2265 3320 projecta
2309 3255 2373 3297 es
2404 3235 2476 3297 ab
2516 3236 2669 3317 ipso.

337 3325 435 3391 10.
470 3327 759 3385 Φυλάττων
812 3330 965 3384 αὺτὸν
998 3328 1092 3405 (5)
1129 3333 1215 3386 του
1252 3329 1329 3404 μὴ
1363 3329 1669 3408 ἁμαρτῆσαι
1707 3328 1905 3407 ἡμέρας

2074 3330 2168 3391 10.
2204 3325 2557 3388 Custodiens
2597 3325 2921 3404 meipsum,
2985 3342 3059 3385 ne
3110 3342 3353 3404 peccem
3405 3323 3505 3385 die
3567 3343 3635 3387 ac

250 3418 340 3473 καὶ
374 3420 557 3481 νυκτός
574 3467 586 3479 .

574 3467 586 3479 .
1989 3424 2189 3479 nocte.

336 3508 428 3569 11.
465 3509 557 3566 Καὶ
614 3510 883 3587 ωντηρῶν
935 3509 1121 3565 ἑαυτὸν
1179 3508 1231 3564 ἐν
1276 3521 1395 3571 τοῖς
1448 3508 1618 3586 ἔργοις
1664 3528 1756 3561 του
1785 3528 1900 3585 φω-

2072 3507 2170 3566 11.
2207 3503 2277 3564 Ει
2320 3522 2680 3565 conservans
2711 3522 2774 3564 se
2810 3503 3005 3582 ipsum
3041 3504 3101 3563 in
3134 3499 3418 3581 operibus
3450 3501 3626 3573 locis,

247 3597 369 3676 τὶς,
402 3595 676 3655 ἐλπισάτω
726 3606 829 3661 πᾶς
890 3598 1022 3670 ἀνὴρ
1071 3605 1175 3653 τῶν
1226 3598 1469 3672 ὁρώντων
1526 3598 1616 3653 τὸν
1663 3597 1795 3651 Θεὸν
1837 3616 1867 3650 τ

2008 3604 2191 3675 ιρετθῐ
2223 3594 2417 3654 omnis
2446 3593 2625 3654 homo
2658 3591 2867 3653 videns
2900 3591 3085 3653 Deum
3123 3600 3343 3653 mente:
3374 3592 3454 3653 ita
3474 3592 3631 3653 enim

246 3684 471 3760 διανοίᾳ·
510 3697 665 3745 τοῦτο
721 3690 819 3767 γὰρ
881 3688 1236 3766 ερμηνεύεται
1296 3684 1537 3765 Ἰσραὴλ,
1593 3684 1723 3762 ἀνὴρ
1768 3684 1869 3757 ὁρῶ

1653 3686 1723 3762 κὴρ
1768 3684 1903 3757 ὁρῶν
1987 3685 2190 3746 Israel
2214 3682 2670 3763 interpretatur,
2700 3684 2793 3744 vir
2827 3682 3033 3743 videns
3061 3683 3276 3742 Deum.

251 3775 407 3837 Θεόν,

335 3864 431 3926 12.
471 3862 613 3927 ’Ὅτι
671 3888 814 3943 παρα
853 3871 930 3938 τῷ
958 3864 1138 3944 Κυρίῳ
1165 3864 1245 3945 (6)
1284 3867 1345 3921 τὸ
1376 3864 1523 3926 ἕλεος
1554 3862 1749 3921 δίδοται
1782 3875 1899 3920 τοῖς

2071 3862 2163 3926 19.
2200 3860 2361 3937 Quia
2391 3861 2553 3940 apud
2604 3860 2934 3922 Dominum
2965 3859 3391 3923 misericordia
3412 3858 3469 3904 ⁸⁸
3512 3859 3628 3920 im-

250 3954 573 4033 ἀνθρώποις.

1987 3951 2241 4034 pertitur
2271 3949 2637 4012 hominibus.

333 4041 430 4105 13.
461 4042 565 4105 Κιὶ
611 4045 767 4109 uoca;
800 4045 883 4104 διὰ
932 4049 1025 4102 τοῦ
1054 4048 1231 4120 τιμίου
1284 4046 1517 4121 αἵματος
1574 4042 1664 4124 (Ἰ)
1700 4043 1900 4109 πάντας

2071 4040 2165 4104 13.
2202 4040 2279 4103 Et
2309 4039 2438 4120 ipse
2493 4040 2753 4120 pretioso
2799 4038 3088 4119 sanguine
3139 4055 3347 4101 omnes
3375 4038 3632 4100 redimet

250 4131 560 4213 ὶξαγοράσει
593 4136 711 4199 τοὺς
744 4137 1083 4199 πιστεύοντας
1118 4138 1189 4196 εἷς
1223 4136 1401 4198 αὒτόν,

966 4159 1083 4199 ντας
1118 4138 1189 4196 εἰς
1223 4136 1401 4198 αὖτόν,
1985 4130 2304 4194 credentes
2334 4130 2393 4191 in
2428 4148 2589 4192 eum.

336 4224 433 4285 14.
472 4228 565 4282 Καὶ
591 4227 684 4288 τας
718 4225 939 4301 ἀνομίας
974 4227 1186 4282 πάντων
1217 4225 1311 4302 (8)
1340 4224 1626 4300 ἐξαλείψει,

1614 4273 1626 4287 .
2070 4222 2167 4283 14.
2204 4221 2280 4282 Ει
2306 4226 2569 4281 omnium
2605 4219 2949 4300 iniquitates
2982 4218 3226 4282 delebit.

342 4312 403 4369 Ἠ
438 4316 763 4390 προκειμένη
810 4316 1077 4395 ἐπιγραφὴ
1128 4316 1371 4395 περιέχει
1431 4314 1515 4395 (9)
1554 4334 1571 4350 ⁶
1603 4314 1737 4383 ἰὶδὴ
1796 4320 1900 4374 τῶν
1960 4313 2307 4389 Ἀναϐαθμῶν
2352 4321 2429 4389 τῷ
2478 4314 2656 4397 Δαϐἰδ,
2722 4315 2851 4395 ὅπερ
2897 4316 3242 4395 ἑρμηνεύεται
3291 4313 3628 4392 ἐξομολόγη-

248 4427 330 4469 σις
373 4413 449 4480 τῷ
489 4412 653 4483 ἱκανῷ
697 4416 766 4485 τῇ
810 4412 973 4489 χειρὶ,
1021 4410 1257 4467 τουτέστι
1307 4414 1377 4482 τῷ
1420 4412 1525 4483 ὶἾῷ
1568 4417 1660 4465 τοῦ
1709 4418 1859 4491 Θεοῦ,
1908 4412 2014 4469 τῶν
2082 4408 2474 4467 ἀναϐαινόντων
2517 4411 2622 4467 ἀπὸ
2668 4418 2762 4467 τοῦ
2806 4409 3084 4467 ἑνδεκάτου
3147 4412 3351 4486 βαθμοῦ
3394 4410 3479 4466 ἐπὶ
3537 4412 3627 4466 τὸν

252 4499 481 4581 Ἰησοῦν,
528 4505 719 4560 ὡσανεὶ
749 4504 855 4561 ἀπὸ
884 4510 983 4571 τῆς
1016 4503 1482 4583 ὲξομολογήσεως,
1513 4506 1601 4561 καὶ
1632 4510 1729 4572 τῆς
1763 4503 1998 4581 ἐλπίδος,
2033 4505 2120 4561 καὶ
2150 4505 2487 4570 τελειότητος
2530 4508 2626 4572 τῆς
2675 4506 2747 4567 εἰς
2793 4508 2881 4559 τον
2928 4505 3153 4580 Χριστὸν
3186 4500 3518 4569 ἂναϐεὸηκεν
3549 4504 3624 4568 εἰς

246 4596 309 4649 τὸ
336 4594 431 4663 τῆς
460 4599 944 4678 ταπεινοφροσύνης
976 4597 1137 4673 ὕψος.

327 4683 559 4751 Titulus
606 4690 953 4771 praepositus
992 4689 1260 4752 continet
1295 4712 1308 4755 :
1344 4690 1670 4754 Canticum
1704 4688 2016 4753 Graduum
2054 4688 2430 4771 David,quod
2456 4689 2885 4771 interpretatur
2905 4687 3204 4750 confessio
3224 4705 3413 4750 natm
3440 4686 3619 4768 forti,

247 4780 359 4843 hoc
382 4790 471 4844 est
492 4781 599 4844 Dei
629 4781 805 4859 Filio,
837 4785 1291 4848 ascendentium
1323 4784 1397 4848 ab
1431 4784 1748 4848 undecimo
1779 4783 1969 4865 gradu
1989 4783 2051 4845 in
2072 4782 2298 4864 Jesum,
2334 4783 2610 4848 videlicet
2636 4802 2673 4847 a
2704 4783 2887 4863 gradu
2920 4781 3338 4857 confessionis,
3372 4789 3432 4846 et
3464 4782 3615 4863 spei,

247 4881 307 4935 et
339 4874 745 4955 perfectionis,
779 4895 916 4955 quae
946 4885 1035 4940 est
1062 4876 1125 4939 in
1155 4876 1413 4957 Christo,
1438 4878 1710 4944 ascendit
1735 4878 1794 4940 in
1823 4877 2198 4941 altitudinem
2232 4878 2612 4941 humilitatis.

329 4968 388 5030 1.
423 4967 609 5049 Κύριε,
637 4974 731 5031 οὒκ
773 4970 1106 5051 ελογισᾶμην
1138 4974 1278 5031 εἷναί
1308 4996 1403 5031 σου
1417 4972 1582 5040 ἄξιος.
1915 4980 1952 5030 1]

2066 4972 2119 5033 l.
2154 4970 2425 5042 Domine,
2449 4990 2569 5033 non
2600 4969 2924 5034 existimavi
2953 4986 3048 5032 me
3082 4986 3221 5033 esse
3252 4968 3497 5050 dignum
3530 4976 3610 5032 te.

324 5073 643 5141 831.Ioan.
676 5092 745 5158 ιι,
776 5075 838 5137 2.
922 5077 985 5127 84
1017 5077 1170 5141 Psal.
1204 5092 1403 5160 cxnx,
1438 5079 1505 5143 7.

1277 5184 1580 5251 Addenda
1609 5190 1674 5252 et
1702 5185 2077 5266 corrigenda
2100 5201 2179 5251 ex
2209 5188 2352 5251 cod.
2384 5187 2589 5254 Vatic.

323 5290 412 5368 (Ι)
450 5294 549 5352 Καὶ
593 5296 724 5373 πρὸς
783 5295 945 5358 αὐτὰς
1006 5292 1169 5358 οὕτως
1218 5302 1352 5369 ἡμῖν
1402 5298 1669 5369 ποιήσεις,
1702 5297 1889 5373 Κύριε,
2059 5294 2144 5372 (6)
2176 5304 2280 5353 Του
2314 5295 2526 5373 Κυρίου,

239 5374 330 5429 καὶ
355 5376 460 5454 τίς,
496 5384 616 5435 etc.
2063 5375 2148 5454 (Ἰ)
2181 5374 2293 5437 Τοῦ
2320 5377 2497 5449 τιμίου
2519 5378 2677 5434 αὐτοῦ
2711 5376 2970 5451 αἵματος.

322 5453 400 5536 (2)
435 5456 718 5536 ῌερὶᾼτῶν,
753 5465 877 5517 etc.

2061 5453 2148 5534 (8)
2183 5456 2364 5536 Αὒτῷν
2398 5472 2507 5536 pro
2533 5458 2770 5516 πάντων.

444 5531 783 5619 ξΐπέμεινεν.
974 5615 985 5619 _
1041 5617 1047 5619 _
1136 5615 1144 5619 Δ
1992 5616 2004 5619 _
2066 5531 2153 5611 (9)
2182 5534 2361 5619 ’HAatEC
2388 5531 2487 5607 τῆς
2541 5536 2889 5617 κινναϐάρεως
2938 5539 3203 5619 περιέχει,
3236 5544 3379 5613 etc,
3412 5537 3615 5615 βαθμοῦ

348 5613 410 5695 4)
444 5612 755 5695 "nimam,
786 5623 935 5691 etc.,
971 5615 1056 5672 ini
1084 5615 1201 5689 τόν,
1230 5624 1379 5691 etc.,
1426 5616 1745 5696 ἀπιρῥίφην,
1782 5624 1901 5680 θη.

348 5693 411 5764 5)
448 5692 699 5764 Ἐαυτόν,
732 5702 858 5758 etc.

1336 5661 1379 5691 .,
1426 5616 1745 5696 ἀπερρίφην,
1782 5624 1901 5680 etc.
1990 5616 2075 5673 lui
2118 5618 2206 5674 τὸν
2251 5614 2567 5693 δωδέκατον,
2615 5612 2808 5677 ὡσανεί
2841 5625 2958 5683 etc.

517 5712 699 5773 αυτόν,
732 5712 830 5758 etc
842 5738 858 5757 .
