4110 6206
277 371 297 433 1
311 366 431 433 249

349 502 409 564 4.
448 506 505 563 Εἰ
550 503 885 579 ἀναϐήσομαι
927 506 1013 561 επὶ
1056 504 1242 572 κλίνης
1274 505 1553 583 στρωμνῆς
1585 526 1686 579 μο)

356 598 416 660 5.
452 598 508 653 Ei
553 594 709 653 δώσω
750 597 911 653 ὕπνον
955 608 1072 661 τοῖς
1116 595 1416 676 ὀφθαλμοῖς
1462 618 1584 672 μου,

356 688 412 746 6.
448 684 553 747 Καὶ
576 701 695 751 τοῖς
727 685 1009 767 βλεφάροις
1040 708 1141 762 μου
1172 687 1496 765 νυσταγμὸν⁷

354 778 411 838 ’7.
454 778 550 834 Καὶ
588 776 882 833 ἀνάπαυσιν
912 788 1031 841 τοῖς
1061 775 1342 854 κροτάφοις
1389 797 1511 851 μου,

356 866 415 929 8.
450 863 608 930 ’Ἕως
636 869 694 922 οὗ
737 865 870 942 εὕρω
898 866 1063 923 τόπον
1106 872 1183 939 τῷ
1230 866 1418 945 Κυρίῳ,

350 954 410 1018 9,
448 957 716 1030 Σκήνωμα
756 956 833 1030 τῷ
864 963 979 1029 Θεῷ
1010 952 1221 1016 Ἰακώϐ.

353 1044 452 1106 10.
486 1044 618 1101 Ἰδοὺ
649 1046 952 1119 ἠκούσαμεν
984 1046 1145 1113 αὒτὴν
1172 1045 1225 1100 ἐν
1256 1043 1486 1123 Ἐφραθά
1523 1063 1534 1077 ⁸

352 1134 451 1197 Il.
487 1133 726 1213 Εῧρομεν
757 1136 920 1202 αὐτὴν
968 1135 1021 1190 ἐν
1066 1148 1184 1199 τοῖς
1213 1131 1412 1199 πεδίοις
1441 1142 1531 1191 τοῦ
1575 1132 1791 1213 δρυμοῦ,

358 1224 453 1287 12.
492 1224 903 1300 Είσελευσόμεθα
936 1227 1008 1289 εἰς
1041 1226 1108 1285 τὰ
1138 1224 1467 1299 σκηνώματα
1510 1228 1665 1283 αὐτοῦ
1695 1240 1708 1254 ·

356 1314 455 1377 13.
486 1317 930 1394 Προσκυνήσομεν
994 1317 1066 1379 εἷς
1126 1316 1215 1371 τὸν
1259 1316 1446 1393 τόπον,
1491 1317 1552 1369 οὗ
1594 1313 1823 1381 ἔστησαν
1869 1317 1915 1370 οἱ

272 1405 430 1471 πόδες
461 1410 640 1468 αὐτοῦ,

362 1497 457 1559 14,
494 1496 802 1573 Ἀνάστηθι,
849 1498 1025 1576 Κύριε,
1073 1498 1147 1561 εἱς
1171 1496 1270 1564 τὴν
1315 1497 1605 1554 ἀνάπαυσίν
1648 1518 1764 1577 σου³

357 1586 453 1647 45.
489 1590 561 1643 Σὺ
590 1589 678 1644 καὶ
720 1590 755 1655 ἡ
800 1584 1024 1651 κιϐωτὸς
1069 1594 1162 1644 τοῦ
1206 1589 1536 1665 ἁγιάσματός
1583 1610 1696 1647 σου.

359 1678 457 1740 16.
489 1681 546 1735 Οἱ
590 1681 749 1756 ἱερεῖς
781 1700 875 1734 σου
918 1675 1215 1735 ἐνδύσονται
1248 1678 1606 1751 δικαιοσύνην,

361 1766 459 1827 17.
499 1768 596 1824 Καὶ
656 1768 703 1823 οἱ
766 1767 903 1824 ὅσιοί
964 1788 1057 1823 σου
1111 1765 1524 1844 ἁγαλλιάσονται
1571 1763 1913 1845 [ἀγαλλιάσει

274 1853 629 1932 ἀγαλλιάσοντ
641 1858 709 1934 αι]
721 1906 734 1919 ,

356 1943 456 2007 18.
489 1943 719 2002 ’Ἕνεκεν
753 1943 909 2003 Δαϐἰδ
950 1944 1043 2002 τοῖ’»
1084 1944 1271 2004 δούλου
1313 1970 1427 2009 σου.

1120 367 1218 434 DE
1261 363 1575 433 TITULIS
1619 358 2108 433 PSALMORUM.
2178 405 2229 413 -
2284 371 2495 434 PSAL.
2544 367 2811 434 CXXXI.

1934 518 1969 565 A
2073 504 2133 566 4.
2168 503 2231 567 Si
2261 507 2591 567 ascendero
2623 503 2683 565 in
2717 503 2938 565 lectum
2970 502 3143 564 strati
3170 503 3311 568 mei.

3493 364 3645 433 l250

2078 596 2135 653 5.
2171 593 2233 655 Si
2266 593 2490 656 dedero
2520 608 2794 656 somnum
2829 591 3017 654 oculis
3050 590 3226 667 meis,

2080 682 2139 745 6.
2174 684 2248 745 Et
2278 684 2579 766 palpebris
2612 683 2761 745 meis
2789 682 3302 755 dormitationem,

2082 774 2138 835 '7.
2175 774 2250 835 Et
2277 774 2552 855 requiem
2578 771 2948 853 temporibus
2981 771 3154 834 meis.

2081 868 2140 927 8.
2176 864 2375 925 Donec
2406 864 2704 925 inveniam
2740 864 2932 923 locum
2959 859 3238 937 Domino,

2079 954 2140 1015 9.
2175 951 2648 1015 Tabernaculum
2684 953 2807 1013 Deo
2838 948 3047 1013 Jacob.

2080 1043 2176 1104 10.
2212 1041 2364 1104 Ecce
2389 1043 2721 1105 audivimus
2751 1059 2881 1103 eam
2912 1041 2973 1101 in
3006 1040 3303 1121 prratha
3339 1062 3353 1103 :

2080 1133 2178 1192 11.
2211 1130 2552 1194 Invenimus
2576 1149 2705 1194 eam
2747 1132 2807 1193 in
2837 1133 3065 1211 campis
3090 1131 3273 1193 silvae.

2082 1220 2179 1284 42.
2212 1220 2597 1283 Introibimus
2641 1222 2700 1281 in
2737 1220 3115 1282 tabernacula
3146 1222 3280 1300 ejus
3314 1244 3327 1279 :

2088 1314 2179 1376 l3.
2214 1313 2618 1375 Adorabimus
2648 1312 2708 1372 in
2742 1311 2895 1391 loco,
2946 1309 3049 1372 ubi
3108 1317 3410 1374 steterunt
3463 1313 3643 1394 pedes

1998 1421 2152 1482 ejus.

2084 1494 2176 1555 14.
2212 1490 2723 1571 δυνεοιῡοῑηίηρ,
2760 1497 2818 1550 in
2841 1490 3112 1570 requiem
3143 1498 3332 1566 tuam,

2080 1584 2177 1646 15.
2210 1582 2297 1644 Tu
2328 1591 2385 1641 et
2411 1598 2549 1643 arca
2579 1578 3063 1642 sanctificationis
3094 1589 3232 1640 tuas.

2084 1673 2174 1737 16.
2208 1669 2562 1734 Sacerdotes
2598 1670 2679 1731 tui
2710 1669 3034 1730 iuduentur
3058 1668 3380 1747 justitiam,

2087 1765 2181 1827 l7.
2215 1761 2285 1822 Et
2308 1760 2494 1823 sancti
2528 1761 2613 1822 tui
2664 1758 3045 1822 exsuvltabunt
3093 1757 3507 1834 [exsultatione
3531 1778 3641 1823 ex-

2001 1851 2353 1932 sultabunl].

2088 1942 2180 2007 18.
2210 1945 2459 2021 Propter
2489 1938 2673 2001 David
2706 1956 2940 2001 servum
2975 1947 3161 1999 tuum.

1415 2124 1833 2191 ATHANASII
1881 2119 2507 2191 INTEBPBETATIO.

349 2285 409 2345 4.
446 2288 502 2342 Εἰ
547 2287 625 2359 μὴ
657 2283 741 2343 ἐπ’
774 2284 856 2366 (1)
888 2286 1106 2368 ἐδάφους
1153 2288 1370 2345 ὕπνωσα
1414 2297 1505 2346 τοῦ
1536 2289 1747 2352 λοιποὺ,

355 2378 410 2450 5,
447 2374 505 2435 ὃ.
545 2376 601 2433 El
643 2377 915 2451 παύσομαι
959 2379 1263 2457 ἀγρυπνῶν,
1315 2381 1403 2435 καὶ
1449 2380 1911 2462 προσευχόμενος,

272 2468 361 2523 καὶ
391 2464 628 2540 μελετῶν
654 2468 839 2530 νυκτὸς
872 2470 958 2523 καὶ
988 2469 1190 2547 ἡμέρας
1221 2468 1276 2523 ἐν
1307 2475 1383 2543 τῷ
1428 2491 1576 2543 νομῳ
1608 2493 1723 2531 σου,

356 2555 416 2617 7.
452 2553 554 2615 Καὶ
585 2557 627 2611 εἰ
658 2553 814 2613 δώσω
843 2555 1019 2613 ἄνεσιν
1066 2565 1132 2635 τῇ
1181 2557 1385 2630 διανοίᾳ
1416 2563 1516 2623 τῖς
1572 2558 1785 2637 καρδίας
1818 2584 1918 2636 μου

276 2647 395 2723 περὶ
424 2646 488 2700 τὰ
520 2647 761 2720 νοήματα
791 2653 896 2702 τῶν
933 2653 1171 2726 Γραφῶν.

359 2734 420 2813 8,
454 2732 513 2794 9.
548 2732 710 2798 ’Έως
757 2739 815 2791 οὔ
844 2736 927 2791 διὰ
956 2736 1052 2803 τῆς
1101 2738 1325 2817 χάριτος
1385 2741 1539 2795 αὖτοῦ
1584 2737 1920 2812 οἰκοδομήσω

278 2825 508 2900 ἐμαυτὸν
539 2825 693 2881 οἷκον
750 2830 826 2898 τῷ
883 2827 1075 2905 Κυρίῳ,
1123 2828 1209 2883 καὶ
1241 2828 1534 2885 ἂναπαυπιν
1565 2831 1641 2901 τῷ
1672 2836 1786 2903 Θεῴ
1818 2830 1917 2885 ὑπ-

279 2918 447 2981 ακοῆς
508 2914 587 2994 (2)
618 2929 632 2945 ’
701 2914 932 2991 ε’ίπαμεν
990 2918 1113 2996 γὰρ,
1185 2915 1379 2973 Ἰακὼϐ
1421 2918 1767 2997 ἑρμηνεύεται
1813 2920 1919 2975 ὑπ-

278 3006 415 3073 ακοή
427 3052 440 3066 ,

364 3090 458 3154 10.
494 3088 623 3149 ’ἰδοὺ
680 3092 977 3168 ἠκούσαμεν
1019 3094 1074 3150 ὲν
1130 3094 1454 3173 Εὐαγγελίῳ,
1524 3097 1604 3151 ὃτι
1656 3096 1789 3164 αὕτη
1835 3096 1918 3169 (3)

274 3181 414 3237 ἐστὶν
470 3183 504 3249 ἡ
551 3184 842 3246 ἀνάπαυσις
889 3184 983 3240 τοῦ
1047 3192 1196 3260 Θεοῦ,
1273 3184 1397 3241 ὅταν
1441 3208 1519 3249 τις
1571 3186 1800 3265 πωλήσῃ
1858 3189 1921 3244 τὰ

274 3272 585 3351 ὑπάρχοντα
622 3275 802 3348 amb-:05,
856 3276 945 3332 καὶ
1119 3289 1390 3356 πτωχοῖς,
1444 3280 1531 3333 καὶ
1564 3276 1792 3355 ἀπέλθῃ,
1833 3279 1921 3333 καὶ

276 3362 601 3429 ἀποτάξηται
640 3379 655 3394 ⁸
704 3364 939 3443 Ἐφραθὰ
990 3366 1089 3443 γὰρ
1137 3366 1481 3443 ἑρμηνεύεται
1543 3365 1920 3444 παραδιδόντος

276 3455 567 3532 καρποφορί
574 3476 656 3511 αν.

2082 2290 2139 2347 4.
2177 2284 2303 2347 Nisi
2336 2286 2392 2345 in
2427 2282 2690 2344 futurum
2722 2280 2887 2343 humi
2912 2300 3186 2345 somnum
3218 2284 3446 2366 capiam
3482 2277 3509 2343 ελ

2081 2378 2134 2446 5,
2166 2378 2224 2437 ὃ.
2258 2373 2320 2437 Si
2345 2390 2657 2435 cessavero
2689 2371 2955 2451 vigilare,
2982 2381 3047 2434 et
3079 2385 3343 2455 orare,“
3366 2372 3641 2435 meditari

2001 2464 2102 2527 die
2130 2483 2199 2525 ac
2232 2471 2407 2524 nocte
2450 2468 2511 2525 in
2552 2466 2680 2541 lege
2712 2471 2833 2523 tua.

2084 2552 2242 2616 7.Et
2271 2552 2322 2614 si
2354 2551 2577 2614 dedero
2634 2553 2904 2633 requiem
2964 2552 3149 2614 menti
3181 2549 3383 2613 cordis
3435 2551 3555 2615 mei
3584 2559 3644 2613 in

2002 2642 2330 2723 Scripturis
2358 2642 2820 2720 perscrutandis.

2082 2733 2141 2811 8,
2177 2732 2235 2795 9.
2273 2734 2476 2794 Donec
2506 2735 2690 2810 gratia
2722 2744 2823 2793 tua
2870 2729 3175 2792 aediﬁcabo
3228 2749 3324 2792 me
3358 2731 3553 2813 ipsum
3586 2729 3646 2789 iu

2005 2821 2250 2883 domum
2285 2819 2562 2889 Domino,
2594 2828 2655 2882 et
2684 2819 2953 2900 requiem
2987 2818 3107 2881 Deo
3139 2819 3594 2883 auscultationis
3626 2839 3642 2878 :

2006 2910 2263 2972 diximus
2294 2910 2452 2972 enim
2480 2910 2636 2991 quod
2666 2911 2849 2972 Jacob
2879 2910 3311 2990 interpretatur
3342 2908 3649 2972 ausculta-

2012 3007 2122 3075 tio,

2085 3092 2182 3153 10.
2209 3090 2363 3153 Ecce
2382 3090 2712 3153 audivimus
2735 3090 2795 3150 in
2819 3087 3160 3171 Evangelia,
3210 3087 3370 3170 quod
3404 3088 3531 3149 haec
3561 3094 3652 3148 est

2003 3183 2246 3258 requies
2271 3180 2393 3252 Dei,
2427 3199 2563 3241 cum
2597 3180 2729 3259 quis
2752 3179 3089 3239 vendiderit
3111 3178 3312 3240 omnia
3339 3177 3495 3239 bona
3517 3195 3646 3250 sua,

2001 3278 2059 3331 et
2080 3270 2313 3331 dederit
2354 3268 2739 3350 pauperibus,
2766 3273 2825 3329 et
2856 3266 3197 3340 abiverit,et
3230 3264 3511 3327 omnibus
3540 3283 3647 3326 re-

2005 3359 2364 3421 nuntiaverit
2392 3377 2405 3420 :
2450 3357 2767 3436 Ephratha
2798 3355 2957 3417 enim
2991 3357 3418 3436 interpretatur
3450 3354 3526 3415 de
3552 3372 3647 3429 eo,

2002 3454 2101 3530 qui
2134 3448 2358 3528 prtebet
2387 3449 2701 3525 fructuum
2749 3444 3100 3507 ubertatem.

360 3530 737 3620 ΗξΕύρομεν
783 3541 878 3621 (4)
926 3544 1022 3609 τὴν
1079 3544 1371 3600 ἀνάπαυσιν
1429 3546 1629 3612 ταύτην
1687 3548 1758 3601 εἰς
1819 3540 1959 3612 τὴν(

2084 3540 2182 3598 1|.
2224 3536 2567 3598 Invenimus
2596 3535 2864 3616 requiem
2902 3534 3055 3596 hanc
3081 3534 3139 3594 in
3168 3551 3394 3612 eremo,
3430 3530 3532 3593 ubi
3557 3542 3647 3595 est

280 3630 502 3711 ἔρημον²
550 3632 671 3688 ἔνθα
713 3632 775 3688 τὸ
821 3631 1026 3699 πλῆθός
1071 3633 1180 3689 ἐστι
1226 3639 1330 3688 τῶν
1374 3631 1573 3712 ἀνδρῶν
1613 3642 1718 3690 τῶν
1750 3635 1915 3714 ἐχόν-

279 3742 384 3776 των
413 3720 734 3796 ἡπλωμένας
762 3721 860 3785 τὰς
882 3720 1095 3795 καρδίας
1124 3724 1255 3802 πρὸς
1276 3724 1367 3779 τὸν
1396 3726 1548 3780 Θεόην
1583 3723 1765 3801 δῆλον,
1799 3727 1917 3789 τοὺς

282 3810 555 3889 μοναχοὺς
583 3810 750 3888 λέγει.

370 3901 465 3962 12.
500 3897 923 3977 Εἷσελευσομεθα
966 3903 1039 3967 εἷς
1069 3904 1135 3959 τὰ
1162 3905 1493 3984 μοναστήρια
1526 3905 1656 3983 πρὸς
1688 3906 1748 3960 τὸ
1780 3906 1916 3961 ἀπο-

279 3989 555 4055 τάξασθαι,

369 4079 465 4142 13.
532 4081 630 4137 Τὸν
715 4083 935 4157 σταυρὸν
1022 4085 1181 4141 αὐτοῦ
1276 4086 1737 4164 προσκυνήσομεν,
1804 4084 1922 4142 ἔνθα

284 4169 563 4247 ἐπάγησαν
608 4170 653 4226 οἱ
686 4168 844 4233 πόδες
882 4176 1058 4235 αὑτοῦ.

353 4259 454 4321 44.
489 4260 886 4339 Προσεύχονται
942 4266 989 4319 οἱ
1033 4264 1318 4342 ὴγούμενοι
1377 4265 1506 4343 ὑπὲρ
1535 4270 1641 4321 τῶν
1674 4265 1920 4322 ἂποτασα-

269 4349 529 4429 σομένων,
582 4348 869 4427 λέγοντες*
929 4350 1106 4431 Ἐλθὲ,
1164 4355 1341 4435 Κύριε,
1422 4356 1493 4420 εἰς
1550 4356 1645 4422 τὴν
1706 4352 1921 4433 καρδίαν

266 4439 462 4493 τούτων
492 4440 597 4494 τῶν
626 4444 726 4506 την
757 4439 1049 4499 ἀνάπαυσίν
1076 4464 1172 4499 σου
1208 4442 1501 4501 τελούντων

348 4526 445 4590 15.
483 4531 555 4584 Σὺ
602 4528 744 4610 ἐλθὲ,
779 4531 867 4586 καὶ
910 4531 945 4598 in
978 4531 1140 4612 χάρις
1200 4554 1290 4593 σου
1347 4534 1437 4591 σὺν
1470 4547 1586 4598 τοῖς
1618 4535 1792 4613 ἁγίοις
1828 4555 1921 4594 σου

271 4634 456 4680 πᾶσιν,

346 4707 444 4768 16.
482 4704 676 4783 Ἡμεῖς
741 4711 787 4765 οἱ
830 4711 996 4789 ἱερεῦς
1050 4732 1143 4768 σου
1187 4710 1505 4789 ἔνδυσόμεθα
1549 4712 1632 4794 (6)
1687 4710 1773 4769 διὰ
1821 4716 1920 4779 τῆς

266 4794 604 4860 διδασκαλίας
638 4799 860 4864 τούτους
889 4801 1015 4865 τοὺς
1044 4801 1144 4870 τῆς
1174 4799 1512 4871 δικαιοσύνης
1533 4804 1697 4869 υἱούς.

2006 3626 2321 3689 multitudo
2351 3628 2612 3687 virorum
2645 3624 2992 3687 habentium
3025 3623 3207 3685 corda
3248 3641 3353 3686 sua
3385 3641 3644 3704 expansa

2002 3717 2077 3779 ad
2112 3719 2299 3781 Deum
2335 3715 2738 3796 (manifestum
2773 3721 2882 3789 est,
2917 3713 3073 3794 quod
3110 3714 3439 3775 monachos
3469 3712 3648 3790 signi-

2004 3807 2185 3883 ﬁcau.

2090 3895 2600 3959 12.1ntroibimus
2655 3894 2715 3955 in
2771 3894 3157 3956 monasteria:
3185 3893 3256 3955 ad
3289 3894 3643 3957 renuntian-

2007 3985 2145 4048 dum
2180 3987 2431 4048 mundo.

2091 4076 2184 4139 l3.
2220 4077 2471 4138 Crucem
2518 4075 2649 4155 ejus
2679 4072 3089 4149 adorabimus,
3126 4072 3231 4135 ubi
3263 4073 3482 4136 confixi
3513 4082 3651 4135 sunt

2007 4165 2191 4247 pedes
2224 4166 2377 4244 ejus.

2093 4260 2187 4316 14.
2224 4255 2408 4319 Orant
2456 4254 2738 4336 praesides
2787 4254 3219 4317 monachorum
3278 4272 3385 4335 pro
3414 4253 3512 4326 iis,
3545 4255 3647 4330 qui

2004 4345 2229 4409 mundo
2260 4345 2700 4420 renuntiarunt,
2735 4345 3002 4407 dicentes
3036 4364 3049 4403 :
3084 4341 3261 4418 Veni,
3291 4343 3563 4409 Domine.
3590 4343 3648 4402 in

2003 4454 2108 4499 cor
2130 4437 2405 4512 istorum,
2441 4435 2543 4515 qui
2571 4437 2842 4516 requiem
2871 4447 3029 4497 tuam
3060 4433 3352 4496 efﬁciunt.

2085 4528 2184 4588 15.
2220 4528 2371 4587 Veni
2395 4534 2476 4601 tu,
2510 4535 2572 4587 et
2602 4527 2786 4605 gratia
2819 4534 2917 4587 tua
2942 4544 3076 4587 cum
3108 4523 3389 4585 omnibus
3429 4522 3652 4585 sanctis

2002 4617 2143 4679 luis.
3344 4622 3351 4627 ί

2086 4706 2186 4767 16.
2221 4703 2341 4767 Nos
2371 4706 2710 4768 sacerdotes
2736 4705 2819 4767 tui
2839 4704 3160 4768 induemur
3174 4721 3291 4786 per
3311 4703 3648 4766 doctrinam

2008 4796 2102 4858 liis
2123 4795 2372 4876 justitia
2405 4794 2569 4858 ﬁliis.

357 4888 451 4949 17.
491 4888 587 4945 Καὶ
632 4888 828 4955 πάντες
887 4891 934 4947 οἱ
984 4889 1201 4971 ἄγγελοι
1256 4914 1349 4950 σου
1393 4896 1484 4951 καὶ
1520 4900 1661 4951 πᾶσα
1690 4892 1728 4960 ἡ
1754 4889 1959 4949 ἀδελ-Ι

2091 4888 2185 4950 l'l.
2214 4884 2285 4948 Et
2307 4902 2516 4947 omnes
2544 4884 2740 4964 angeli
2791 4883 2899 4965 tui,
2964 4892 3024 4946 et
3052 4882 3251 4947 omnis
3306 4882 3653 4948 fraternitas

277 4976 444 5054 φότης
489 4974 906 5054 ἁγαλλιάσονται
970 4977 1059 5036 ἰπὶ
1115 4984 1183 5059 τῇ
1248 4980 1495 5063 ἀποταγῇ
1559 4982 1759 5038 τούτων
1814 4978 1920 5037 τῶν

2054 4974 2381 5038 rsultabunt
2410 4976 2471 5036 in
2504 4974 2945 5037 renuntiatione
2973 4992 3081 5038 seu
3128 4975 3507 5056 professione
3536 4972 3650 5034 ho-

272 5064 667 5145 προελθόντων.

366 5155 461 5218 18.
500 5157 597 5212 Διὰ
642 5158 733 5212 τὸν
778 5158 944 5238 χορὸν
1004 5162 1097 5217 τὸν
1165 5163 1536 5240 πεποθημὲνον
1584 5163 1699 5219 τῶν
1754 5160 1924 5239 ἁγίων

281 5266 375 5304 σου
416 5263 428 5276 ’
475 5243 635 5306 Δαϐὶδ
665 5247 766 5327 γὰρ
802 5249 1148 5327 ἑρμηνεύεται
1183 5253 1577 5331 πεποθημένος,

1996 5082 2159 5141 τιιω,
2180 5066 2267 5129 αι
2286 5067 2696 5129 monasticam
2720 5069 2915 5128 vitm
2941 5073 3249 5128 venerunt.

2089 5157 2187 5222 18.
2211 5158 2463 5238 Pr0pter
2479 5154 2727 5217 chorum
2741 5154 3144 5218 desideratum
3161 5162 3500 5219 sanctorum
3518 5164 3655 5217 tuo-

2013 5265 2146 5309 rum
2185 5269 2199 5307 :
2238 5245 2440 5309 David
2470 5245 2631 5307 enim
2663 5244 3090 5328 interpretatur
3119 5244 3527 5309 desideratus.

1310 5424 1613 5496 Addenda
1640 5426 1705 5495 et
1734 5423 2111 5509 corrigenda
2139 5435 2217 5489 ex
2246 5424 2387 5489 cod.
2418 5421 2631 5491 Vatis.

364 5576 446 5645 (1)
476 5570 597 5631 Ἐπ’
641 5573 830 5636 deest.

488 5660 595 5721 Τῆς
622 5657 871 5742 ρπακοῆς
906 5674 924 5693 ⁸
954 5657 1186 5737 εἴπαμεν
1211 5661 1334 5740 γὰρ,
1356 5660 1451 5718 ὅτι
1482 5654 1701 5742 Ἰακώϐ,
1725 5662 1841 5723 οῐο.

368 5736 443 5811 (3)
476 5736 729 5813 Τοιαύτη,
766 5743 880 5799 etc.

365 5814 446 5896 (4)
482 5814 743 5897 Εὖραμιν,
779 5826 928 5901 etc.,
974 5822 1107 5901 πρὸς
1152 5822 1241 5881 τὸν
1287 5824 1443 5901 Θεὸν,
1499 5820 1737 5880 τουτέστι
1776 5822 1926 5888 τούς.

2010 5583 2187 5735 9ιῖὲᾷ
2216 5654 2630 5735 Ἐκτελούγτυν,

2078 5731 2180 5832 ίθ)
2208 5734 2572 5838 ’ξενδυσδμιθα
2630 5740 2844 5806 τούτους
2891 5736 2940 5803 δ.
2984 5759 3037 5798 τ.
3084 5733 3133 5799 δ.
3166 5734 3287 5800 τώς
3314 5739 3416 5803 τῆς
3443 5731 3494 5799 δ,
3547 5738 3649 5795 αὖ-

2013 5839 2274 5901 του-υιους
2284 5865 2299 5884 ,
