4138 6216
495 303 648 370 1287
1283 303 1344 370 S.
1391 301 1812 371 ATHANASII
1855 303 2018 370 OPP.
2069 297 2259 366 PARS
2303 301 2410 366 III.
2459 341 2533 350 -—
2583 303 3038 370 EXEGETICA.
3695 309 3826 372 1288

559 438 630 501 In
661 439 843 520 ﬁnem
867 461 886 502 :
909 438 1188 503 Psalmus
1221 435 1440 502 David.
1477 437 1696 504 PSAL.
1730 439 2074 504 CXXXIX.
2149 447 2188 494 Α

2060 485 2074 502 ,
2149 447 2188 494 Α
2379 443 2464 506 Εἰς
2496 445 2554 497 τὸ
2586 443 2734 508 τέλος
2763 442 2973 518 ψαλμὸς
3005 446 3082 499 τῶ
3116 441 3294 502 Δαᾶὀ.
3335 449 3498 504 ΨΑΛ.
3533 442 3694 506 PAB',

571 535 630 597 1.
663 531 840 614 Eripe
863 553 980 610 me,
1015 533 1290 609 Domine,
1327 533 1400 594 ab
1429 533 1667 596 homino
1701 537 1855 598 malo
1892 557 1904 600 :

2297 534 2350 596 1.
2386 533 2598 600 Ἐξελοῦ
2627 559 2717 612 με,
2753 539 2946 612 Κύριε,
2979 537 3029 602 ἐξ
3055 537 3328 613 ἀνθρώπου
3361 543 3613 614 πονηροῦ·

567 625 626 684 9.
675 626 724 686 A
759 625 887 685 viro
924 625 1124 705 iniquo
1159 625 1327 705 eripe
1357 644 1472 687 me.

2291 624 2350 686 2.
2388 625 2521 681 Ἀπό
2547 625 2730 706 ἀνδρὸς
2775 625 2954 684 ἀδίκου
2985 629 3134 705 poni
3155 649 3243 702 με,

570 715 627 776 4.
667 711 775 785 Qui
809 714 1218 792 cogitaverunt
1251 713 1592 794 iniquitates
1623 715 1684 775 in
1717 715 1895 776 corde
1930 733 1942 776 :

1843 715 1895 776 le
1930 733 1942 776 Ζ
2291 713 2348 776 3.
2383 715 2592 780 Οἴτινες
2625 716 2927 794 ἕλογίσαντο
2957 715 3158 774 ἀδικίαν
3188 721 3242 772 ἒν
3273 716 3477 793 καρδίᾳ,

565 803 626 866 4.
672 803 817 865 Tota
841 803 937 863 die
971 801 1410 864 constituebant
1449 803 1676 883 praelia.

2291 807 2348 864 4.
2399 804 2584 872 ’Ὂλην
2615 807 2712 874 τὴν
2743 807 2943 884 ἡμέραν
2975 808 3416 882 παρετέσσσοντο
3449 807 3727 882 πολέμους,

571 894 629 955 5.
683 897 983 954 Acuerunt
1009 892 1240 970 linguas
1275 910 1378 952 sua
1407 893 1558 953 sicut
1590 893 1887 974 serpentis
1921 913 1933 953 :

2290 893 2350 955 5.
2400 895 2698 961 Ἢκόνησαν
2725 896 3001 973 γλῶσσταν
3039 897 3206 952 αὖτῶν
3251 899 3374 953 ὡσεὶ
3415 899 3611 976 ὁφειυς⁶

569 985 630 1047 6.
665 979 978 1046 Venenum
1010 983 1280 1060 aspidum
1313 981 1614 1043 sublabiis
1651 1003 1880 1046 eorum.

1753 1004 1880 1044 ‘um.
2291 983 2350 1042 6.
2386 983 2485 1047 ’ἰὸς
2517 984 2748 1040 ἀσπίδων
2777 988 2878 1042 ὑπὸ
2909 987 2975 1041 τὰ
3007 986 3167 1065 χείλη
3197 989 3387 1045 αὖτῶν.

567 1077 628 1134 7.
676 1070 918 1132 Custodi
951 1089 1068 1152 me,
1103 1070 1374 1152 Domine,
1412 1073 1486 1132 de
1517 1091 1690 1133 manu
1725 1077 2050 1154 peccatoris

2021 1093 2050 1136 s
2293 1077 2353 1134 7,
2399 1073 2636 1138 Φύλαξόν
2667 1097 2756 1150 με,
2807 1077 2990 1156 Κύριε,
3019 1077 3080 1132 EA
3111 1079 3296 1156 χειρὸς
3319 1077 3652 1154 ἀμαρτωλοῦ.

566 1163 627 1224 8.
676 1160 770 1222 Ab
803 1161 1146 1222 hominibus
1173 1161 1392 1241 iniquis
1424 1163 1587 1242 eripe
1625 1181 1719 1223 me
1748 1184 1760 1224 :

2288 1163 2347 1226 8.
2385 1163 2526 1224 Ἀπὸ
2551 1165 2846 1243 ἀνθρώπων
2893 1165 3086 1222 ἀδίκων
3119 1167 3296 1232 ὲξελοῦ
3325 1185 3415 1241 με·

563 1253 621 1314 9.
673 1248 784 1320 Qui
820 1251 1226 1330 cogitaverunt
1249 1251 1632 1331 supplantare
1661 1271 1900 1328 gressus
1933 1271 2121 1316 meos.

2287 1253 2348 1314 9.
2381 1253 2592 1320 Οἴτινες
2625 1255 2992 1333 διελογίσαντο
3025 1266 3114 1312 ἐοό
3149 1259 3228 1334 (α)
3269 1257 3612 1314 ὁποσκελίσαι
3639 1258 3700 1312 τὰ
3728 1257 3833 1314 δια-

2207 1339 2275 1412 δή
2285 1343 2428 1416 ματά
2459 1367 2562 1418 μου

585 1434 654 1496 10
681 1430 1148 1499 Ahsconderunt
1171 1428 1416 1509 superbi
1447 1428 1720 1510 laqueum
1754 1429 1921 1492 mihi.

1817 1429 1921 1492 ihi.
2293 1429 2389 1494 10.
2435 1429 2721 1512 ’Ἒκρυψαν
2753 1437 3083 1514 ὑπερήφανοι
3116 1433 3308 1513 παγίδα
3335 1456 3447 1509 μοι·

567 1527 667 1589 11.
725 1530 794 1589 Et
845 1519 1088 1585 funibus
1119 1517 1516 1580 extenderunt
1551 1519 1824 1600 laqueum
1881 1519 2130 1600 pedibus

2295 1523 2389 1582 H.
2466 1523 2567 1584 Καὶ
2630 1525 2886 1602 σχοινίοις
2953 1522 3208 1582 διέτειναν
3283 1524 3478 1602 παγίδα
3543 1537 3658 1586 τοῖς
3725 1527 3836 1581 ποσί

647 1659 660 1675 α
2209 1632 2336 1675 μεθ’

490 1634 667 1767 mei;
714 1704 887 1766 Juxta
916 1702 1028 1763 iter
1056 1697 1332 1760 scandala
1363 1706 1686 1778 posuerunt
1717 1699 1883 1762 mihi.

2211 1634 2336 1668 μου·

2209 1665 2221 1686 ⁸
2297 1701 2392 1764 12.
2442 1700 2724 1781 Ἐχόμενα
2761 1701 2940 1781 τρίϐου
2975 1701 3244 1760 σκάνδαλα
3277 1703 3450 1759 ἕθεντό
3485 1727 3595 1779 μοι.

567 1812 654 1894 (a)
691 1810 864 1874 Vers.
895 1811 957 1872 3.
991 1807 1232 1881 Omnes,
1268 1813 1383 1870 etc.
1415 1807 1455 1884 Ῡ
1477 1805 1538 1866 4.
1579 1805 1716 1880 Qui,
1742 1815 1887 1888 etc.,
1921 1817 1980 1871 et
2003 1811 2086 1871 sic
2110 1810 2419 1888 deinceps,
2454 1807 2514 1872 h.
2551 1827 2604 1870 e.
2641 1827 2796 1870 vers.
2830 1815 2889 1871 in
2920 1810 3055 1872 cod.
3095 1809 3224 1872 Vat.
3275 1817 3412 1871 sunt
3437 1829 3500 1874 n.
3533 1808 3592 1874 8.

1625 1913 2038 1980 ATIIANASII
2081 1913 2718 1980 INTERPRETATIO.

566 2027 628 2085 Ἠ
667 2026 992 2107 προκειμένη
1043 2023 1310 2104 ἐπιγραφή
1359 2023 1597 2102 περιέχει
1651 2023 1736 2103 (Ι)
1771 2041 1782 2054 ⁸
1834 2027 1918 2088 Εἷς
1963 2029 2024 2082 τὸ
2077 2027 2230 2091 τέλος
2291 2037 2368 2102 τῷ
2414 2025 2573 2084 Δαὸὶδ
2617 2025 2857 2101 ψαλμὸς,
2910 2025 3038 2104 ὅπερ
3073 2027 3418 2104 ἑρμηνεύεται
3463 2030 3580 2106 περὶ
3622 2035 3723 2084 τῶν
3765 2021 3838 2083 ἐπὶ

483 2122 752 2194 συντελείᾳ
792 2125 896 2176 τῶν
941 2120 1144 2175 αἰώνων
1189 2117 1490 2192 μελλόντων
1536 2119 1740 2175 ἔσεσθαι
1784 2135 1902 2184 τοῖς
1945 2121 2340 2196 ἀνθισταμένοις
2389 2129 2454 2198 τῇ
2497 2121 2740 2194 ἀληθείᾳ,
2790 2123 2876 2178 καὶ
2917 2121 3034 2200 περὶ
3103 2121 3202 2188 τῆς
3263 2121 3676 2195 μισθαποδοσίας
3737 2123 3835 2177 τῶν

483 2217 644 2297 ἁγίων
673 2217 890 2295 εἴρηται
923 2211 1137 2289 ψαλμὸς
1167 2218 1243 2282 τῷ
1271 2215 1436 2285 ἱκανῷ
1471 2219 1536 2287 τῇ
1597 2215 1761 2292 χειρὶ,
1825 2214 2092 2270 τουτέστιν
2153 2223 2225 2290 τῷ
2287 2219 2390 2292 Υἱῴ
2447 2225 2538 2274 τοῦ
2607 2225 2737 2276 Θεοῦ
2773 2237 2786 2252 ·
2841 2224 2993 2273 τοῦτο
3027 2219 3127 2296 γὰρ
3161 2218 3511 2296 ἑρμηνεύεται
3559 2217 3731 2290 Δαϐὶδ,
3773 2221 3836 2278 ὡς

484 2310 740 2373 πολλάκις
774 2309 1059 2386 εἰρήκαμεν
1072 2352 1082 2363 .

559 2401 788 2464 Titulus
821 2397 1175 2481 praepositus
1202 2397 1465 2457 continet
1497 2417 1510 2456 :
1555 2396 1623 2459 In
1651 2399 1833 2477 ﬁnem
1863 2401 2133 2477 psalmus
2171 2403 2384 2484 David,
2419 2403 2578 2483 quod
2625 2403 3049 2484 interpretatur
3079 2405 3155 2465 de
3205 2405 3300 2482 iis,
3335 2421 3466 2483 qua;
3502 2406 3556 2464 in
3591 2405 3704 2466 line
3733 2421 3835 2464 saa-

482 2499 748 2560 culorum
783 2495 976 2556 futura
1005 2500 1139 2553 sunt
1169 2491 1309 2562 illis,
1343 2495 1444 2571 qui
1503 2491 1791 2554 resistunt
1833 2493 2092 2570 veritati,
2160 2505 2218 2556 et
2266 2495 2341 2556 de
2389 2495 2789 2558 retributione
2819 2505 3160 2557 sanctorum
3197 2517 3210 2558 :
3247 2495 3442 2558 dtClUS
3477 2505 3568 2558 est
3593 2497 3836 2577 psalmus

473 2607 664 2655 manu
691 2591 864 2668 forti,
901 2589 1011 2648 hoc
1043 2595 1132 2647 est
1161 2585 1266 2648 Dei
1297 2585 1464 2666 Filio=
1493 2589 1571 2646 ita
1593 2587 1750 2650 enim
1781 2588 2205 2670 interpretatur
2244 2591 2434 2654 David
2487 2601 2549 2653 ut
2582 2592 2809 2671 pluries
2843 2591 3125 2653 diximus.

560 2686 616 2746 1.
665 2683 876 2745 Libera
936 2699 1052 2752 me,
1113 2678 1386 2752 Domine,
1450 2679 1521 2740 ab
1563 2681 1652 2753 iis,
1693 2682 1788 2761 qui
1844 2683 2170 2762 speciemB

2277 2684 2332 2746 1.
2383 2687 2653 2764 ,Χύτρωσαί
2700 2707 2790 2764 με,
2829 2683 3010 2762 Κυριε,
3066 2685 3126 2742 ἐκ
3179 2687 3284 2741 τιῖῦν
3329 2687 3573 2765 ἑχόντων
3623 2687 3833 2764 μόρφω-

484 2772 724 2856 quidem
758 2770 977 2832 habent
1008 2768 1608 2850 pietatis,ejusautem
1633 2769 1926 2850 denegant
1959 2771 2118 2832 virtu-

2215 2799 2295 2830 σιν
2357 2777 2453 2850 μὲν
2507 2773 2794 2854 εὐσεϐείας,
2855 2777 2952 2841 τὴν
2997 2774 3049 2830 δὲ
3113 2773 3328 2850 δύναμιν
3397 2779 3563 2842 αὗτῆς
3613 2775 3833 2850 ἠρνημέ-

489 2873 636 2925 tem.

2214 2887 2314 2928 νοι.
2353 2863 2449 2938 (2).

561 2883 636 2925 m.

561 2961 622 3018 2.
655 2950 745 3014 Ab
781 2951 942 3014 omni
979 2949 1122 3030 viro,
1157 2947 1258 3030 qui
1301 2957 1568 3011 armatus
1604 2959 1696 3012 est
1726 2959 1934 3012 contra
1964 2951 2124 3012 veri-

2214 2887 2314 2928 νοι.
2353 2871 2450 2944 (2).

2291 2953 2352 3015 ‘2.
2401 2956 2534 3012 Ἀπό
2587 2957 2818 3018 πααντὸς
2868 2953 3215 3030 ὀπλιζομένου
3274 2956 3408 3012 κατὰ
3481 2961 3581 3022 τῆς
3639 2953 3832 3021 ἀληθεί-

481 3051 682 3106 tatem.
2213 3067 2273 3108 ας
2309 3047 2416 3123 (3).

558 3137 621 3196 3.
657 3129 772 3204 Qui
803 3127 1246 3190 simulationem
1279 3125 1503 3190 habent
1529 3128 1589 3190 in
1622 3147 1687 3191 se
1717 3128 1884 3210 ipsis.

2288 3133 2348 3195 3.
2397 3133 2606 3198 Οἵτινες
2651 3135 2747 3202 τὴν
2777 3135 3050 3210 ὑπόκρισιν
3084 3133 3310 3214 ἔχουσιν
3339 3138 3394 3191 ἒν
3429 3137 3643 3200 ἑαυτοῖς

569 3225 624 3283 4.
670 3221 924 3301 Semper
972 3218 1168 3280 festini
1230 3227 1367 3280 sunt
1425 3219 1496 3281 ad
1552 3217 1921 3282 fundendum
1981 3240 2122 3284 san-

2288 3223 2349 3286 4.
2425 3222 2803 3290 ’Λδιαλείπτως
2873 3225 3086 3304 ταχιιοί
3155 3227 3252 3280 εἶσι
3323 3224 3416 3281 τοῦ
3493 3225 3676 3305 ἐκχέαι
3743 3228 3824 3280 αἶ-

478 3331 744 3394 guinem.
2211 3337 2303 3389 μο.

559 3405 620 3466 5.
651 3401 970 3482 Decipiunt
1011 3399 1183 3462 bonis
1212 3399 1274 3460 in
1305 3400 1562 3480 speciem
1616 3401 2017 3478 sermonibus,
2063 3413 2121 3466 et

2291 3407 2348 3466 δ,
2405 3404 2502 3460 Διὰ
2529 3409 2624 3470 τῆς
2659 3403 3054 3483 χρηστολογίας
3085 3405 3172 3460 καὶ
3203 3402 3450 3481 εᾶλογίας
3483 3404 3718 3460 ἀπατῶσι
3747 3405 3826 3465 τὰς

483 3493 634 3556 ﬁctis
665 3492 937 3554 laudibus
955 3489 1186 3552 animas
1214 3488 2116 3572 simplicium,quemadmodum

2203 3495 2381 3574 ψυχας
2405 3493 2512 3548 τῶν
2545 3493 2778 3568 ἀκάκων,
2828 3493 3009 3572 ὥσπερ
3041 3496 3068 3549 ὁ
3098 3491 3214 3572 ὄφις
3239 3490 3323 3549 διὰ
3352 3491 3460 3548 τῶν
3490 3493 3662 3572 λόγων
3689 3495 3825 3552 αὖτοΞ

479 3601 728 3663 serpens
752 3581 1128 3643 sermonibus
1157 3580 1278 3640 suis
1303 3579 1484 3640 Evam
1513 3581 1771 3660 decepit.

1101 3598 1128 3640 s
1157 3580 1278 3640 suis
1303 3579 1484 3640 Evam
1513 3581 1771 3660 decepit.
2205 3585 2338 3640 Εὕαν
2369 3583 2734 3648 ἐξηπάτησεν.

557 3673 618 3736 6.
667 3671 1005 3734 Doctrinam
1043 3687 1272 3740 eorum,
1309 3677 1366 3730 et
1419 3669 1744 3730 admonitio
1811 3673 2118 3734 mortifera

2279 3675 2339 3734 6.
2375 3671 2438 3728 ’11
2471 3671 2774 3728 διδασκαλία
2808 3673 2974 3728 αὐτῶν
3005 3673 3092 3728 καὶ
3138 3674 3173 3740 ἡ
3203 3676 3436 3732 νουθεσία
3485 3673 3823 3751 Θανατηερόρος

477 3771 566 3826 est
595 3761 772 3824 veluti
798 3778 1095 3823 venenum
1131 3757 1377 3838 aspidis.

2199 3762 2481 3842 τυγχάνει,
2523 3764 2594 3818 ὡς
2619 3765 2645 3817 ὁ
2667 3763 2740 3826 ἰὸς
2767 3767 2865 3828 τῆς
2889 3759 3131 3826 ἆσπῖδος.

557 3855 618 3915 7.
651 3851 739 3912 Ab
771 3850 1110 3930 hujusmodi
1146 3846 1489 3910 hominibus
1515 3849 1743 3910 custodi
1770 3869 1884 3932 me,
1909 3849 2112 3912 Domi-

2282 3856 2342 3913 ’7,
2387 3849 2621 3915 anei...de
2671 3873 2760 3930 με,
2823 3852 3004 3930 Κύριε,
3050 3851 3108 3908 ἐκ
3137 3855 3243 3908 τῶν
3295 3853 3571 3932 τοιούτων,
3607 3851 3682 3908 ὅτι
3715 3853 3821 3930 χεὶρ

478 3965 576 4020 ne,
612 3941 890 4025 quoniam
925 3957 1134 4000 manus
1164 3937 1384 3998 diaboli
1419 3947 1576 3999 sunt.

1329 3937 1384 3996 lii
1419 3947 1576 3999 sunt.
2133 3985 2174 4036 c
2200 3941 2291 3998 τοῦ
2322 3938 2568 3997 διαϐόλου
2613 3943 2963 4020 ὑπάρχουσιν.

559 4042 616 4097 8.
653 4033 826 4112 Eripe
860 4049 954 4091 me
983 4031 1058 4092 ab
1093 4027 1433 4090 hominibus
1459 4027 1862 4093 detinentibus
1898 4033 2114 4094 verita-
2137 4027 2174 4036 “

2281 4029 2316 4093 3
2387 4032 2522 4089 Ἀπὸ
2563 4033 2848 4112 ἀνθρώπων
2879 4032 2982 4088 τῶν
3013 4034 3111 4100 τὴν
3139 4032 3390 4103 ἀλήθειαν
3425 4033 3480 4088 ἐν
3527 4031 3696 4104 ἀδικίᾳ
3741 4053 3825 4086 κα-

478 4133 596 4187 tem
619 4124 678 4184 in
711 4119 992 4201 injustitia
1017 4121 1069 4177 4.

2198 4123 2472 4201 τεχόντων
2501 4121 2679 4188 ἐξελοῦ
2713 4145 2779 4197 με
2791 4172 2801 4183 .

555 4213 615 4276 9.
651 4210 761 4284 Qui
792 4207 1063 4271 meditati
1096 4217 1232 4269 sunt
1264 4209 1682 4286 persuasibiles
1712 4227 2023 4274 sermones
2041 4213 2114 4273 ad

2279 4213 2339 4275 9,
2388 4213 2596 4275 Οῗτινες
2629 4212 2922 4292 ἐσκέχαντο
2969 4213 3053 4292 (4)
3103 4215 3455 4291 τιγανότητας
3515 4213 3686 4290 λόγων
3735 4209 3824 4267 ixi:

478 4300 898 4364 deducendum
917 4317 1012 4360 me
1031 4317 1064 4360 a
1093 4297 1307 4360 Christi
1330 4299 1464 4362 ﬁde.

2199 4303 2291 4358 τοῦ
2321 4317 2648 4382 καταγαγεῖν
2695 4325 2760 4376 με
2793 4303 2898 4360 ἀπὸ
2936 4305 3032 4370 τῆς
3067 4303 3139 4365 εἷς
3167 4305 3392 4380 Χριστὸν
3432 4303 3656 4364 πίστεως

566 4395 660 4456 19.
697 4392 1220 4472 Congregaverunt
1253 4387 1363 4448 sibi
1395 4387 1561 4469 ipsis,
1596 4389 1701 4466 qui
1751 4388 1855 4450 Dei
1889 4391 2116 4452 veritati

2287 4393 2378 4455 10.
2414 4393 2720 4470 Συνήγαγον
2751 4394 2963 4459 ἑαυτοὶς
2991 4391 3266 4473 [ἑαυτοῖς]
3303 4393 3379 4464 {5)
3429 4397 3476 4450 oi
3505 4399 3572 4470 τῇ
3625 4391 3824 4461 ἀληθείᾳ

478 4482 786 4562 resistunt,
818 4499 1127 4543 sermones
1161 4479 1448 4560 quosdam
1482 4480 1794 4560 captiosos,
1855 4481 2112 4543 volentes

2199 4485 2290 4539 τοι-’5
2323 4484 2453 4538 Geo-3
2483 4483 2846 4558 ἂνοιστσὶμενοι
2878 4483 3066 4560 λόγους
3095 4482 3243 4547 τινάς
3288 4484 3617 4560 ζῃτημᾶτωυ
3667 4503 3822 4558 παγι-

477 4589 574 4632 me
607 4571 948 4654 illaqueare.

2199 4571 2374 4629 δεῦσαί
2405 4595 2470 4650 με
2499 4572 2766 4637 θὲλοντες,
3579 4583 3581 4586 ’

566 4663 656 4722 11.
695 4661 762 4724 Et
807 4679 993 4722 nexus
1023 4657 1306 4741 quosdam
1340 4677 1568 4734 eorum,
1595 4659 1697 4740 qui
1743 4660 1801 4721 in
1841 4677 2117 4722 sermone

2281 4663 2378 4724 Η.
2439 4661 2542 4724 Καὶ
2603 4661 2804 4724 πλοκας
2855 4685 3000 4726 τινας
3047 4661 3134 4742 (6)
3199 4661 3302 4718 τῶν
3381 4661 3823 4740 διεσττραμμὲνων

475 4773 584 4818 suo
613 4755 876 4834 perversi
911 4761 1070 4828 sunt,
1104 4753 1175 4814 ad
1209 4751 1842 4831 comprehendendum
1897 4771 1993 4816 me
2023 4762 2109 4815 te-

2199 4752 2371 4812 αὒτῶν
2437 4751 2613 4831 λόγων
2687 4752 3026 4830 προσέτεινάν
3111 4775 3201 4826 μοι
3285 4755 3373 4809 ἐπὶ
3459 4754 3518 4810 tri
3597 4747 3821 4810 λσὸἑσϐαὲ

476 4843 797 4908 tenderunt
830 4842 1000 4905 mihi.
2198 4865 2325 4918 μου.

559 4931 659 4997 12.
705 4932 778 4994 Et
807 4931 1166 5014 quaestiones
1195 4931 1480 5013 quasdam
1511 4931 1736 5010 noxias,
1769 4939 1828 4993 et
1875 4931 2118 4998 inutiles

2285 4931 2377 4993 19.
2413 4929 2516 4993 Καὶ
2543 4933 2794 5002 ζητήσεις
2824 4931 2968 4995 τινὰς
2999 4929 3258 5012 βλαϐερὰς
3281 4934 3370 4990 καὶ
3403 4931 3692 5012 ἀνωφελεῖς
3709 4951 3820 5010 προ.

481 5025 814 5104 injecerunt
843 5022 1014 5086 mihi.

2199 5020 2496 5080 σοϐἀλοντό
2531 5021 2610 5100 (7)
2642 5045 2755 5082 ποι.

559 5185 589 5236 ι
607 5183 782 5248 Rom-
812 5201 854 5258 ι.
891 5181 988 5247 18·
1501 5263 1804 5330 Addenda
1833 5269 1895 5329 et
1925 5263 2193 5345 corrige1

1501 5263 1804 5330 Addenda
1833 5269 1895 5329 et
1925 5263 2300 5345 corrigenda
2329 5281 2408 5328 ex
2447 5263 2586 5328 cod.
2631 5263 2829 5328 Vatic.

693 5425 756 5484 Ἦ
787 5424 872 5482 διὰ
895 5427 994 5493 τῆς
1020 5421 1386 5492 κινναϐάαεως
1412 5426 1677 5509 περιέχει,
2403 5425 2494 5484 Ἐν
2521 5425 2768 5509 Αέαυτοις,
2801 5431 2919 5487 etc.

557 5504 644 5588 (2)
698 5509 1048 5588 ῌρνημὲνων,
1485 5504 1492 5506 “
1567 5504 1604 5508 ’⁷
1663 5504 1674 5509 ⁷
2289 5507 2372 5587 (6)
2410 5507 2575 5588 Τινᾲς
2602 5504 3056 5588 ’διεστραμμένων
3104 5507 3276 5568 αὒτῶν
3330 5507 3502 5586 λόγων
3533 5505 3814 5586 προέτὶινάν

591 5590 650 5662 3)
694 5587 975 5668 ξΛληθείας
1006 5587 1153 5668 ῥῦσαί
1181 5609 1268 5664 με.
2204 5585 2412 5668 petiti-tri
2435 5589 2494 5644 τὰ
2521 5585 2774 5668 λαϐέσθαι
2793 5609 2918 5662 μου,

591 5593 650 5662 3)
694 5593 975 5655 Ἀληθείας
1006 5593 1153 5668 ῥῦσαί
1181 5609 1268 5664 με.
2204 5612 2293 5664 μοι
2325 5593 2412 5644 επὶ
2435 5593 2494 5644 τὰ
2521 5593 2767 5644 λαϐέσθαι
2793 5609 2918 5662 μου,

565 5593 650 5754 ξι)
696 5667 1021 5746 Ἐψιύσαντο
1049 5669 1402 5738 πιθανότητός
1445 5669 1649 5752 λόγων,
1680 5677 1794 5735 etc.
2287 5667 2366 5750 (7)
2399 5663 2784 5750 ’Προεϐάλοντδ
2819 5689 2936 5744 μοι,
