4110 6206
405 303 559 370 1315

1202 303 1261 367 S.
1312 301 1736 368 ATHANASII
1778 303 1944 367 OPP.
1988 298 2182 362 PARS
2222 298 2332 363 III.
2381 332 2459 346 —
2504 299 2958 364 EXEGETICA.

3633 293 3787 360 1361

482 436 584 500 29.
624 438 698 515 [τε
749 436 885 499 Sam
938 434 1040 514 (1)]
1097 432 1325 496 Fidelis
1356 431 1649 496 Dominus
1679 435 1738 496 in
1770 432 2048 498 omnibus

2211 432 2309 497 29.
2357 437 2514 514 [Σάμ]
2551 437 2744 500 Πιστὸς
2777 432 2970 514 Κύριος
3008 433 3063 491 ἑν
3097 439 3224 490 πᾶσι
3284 446 3402 497 τοῖς
3462 430 3650 511 λόγοις
3689 435 3791 490 αὖ·

401 525 602 587 verbis
636 526 780 599 suis,

484 615 581 680 30.
628 614 698 676 Et
727 623 965 676 sanctus
997 613 1055 676 in
1091 612 1370 676 omnibus
1402 612 1690 696 operibus
1711 613 1859 676 suis.

486 703 582 768 31.
619 703 683 785 [o
715 703 878 783 Kam]
914 703 1140 766 Allevat
1195 702 1486 766 Dominus
1551 721 1762 765 omnes
1793 703 1894 784 qui
1924 722 2052 766 cor-

403 803 610 872 ruunt,

485 884 582 945 3‘2.
633 884 706 944 Et
736 881 912 962 erigit
944 900 1153 944 omnes
1183 883 1384 945 elisos.

488 972 586 1036 33.
623 971 691 1052 [ν
724 970 857 1050 Mei]
889 969 1057 1034 Oculi
1087 972 1351 1033 omnium
1387 976 1446 1034 in
1478 978 1535 1034 te
1564 979 1826 1053 sperant,

487 1065 587 1125 34.
618 1060 688 1123 Et
719 1069 779 1122 tu
805 1061 909 1122 das
938 1080 1134 1124 escam
1169 1062 1408 1122 illorum
1444 1063 1504 1123 in
1537 1070 1804 1140 tempore
1821 1079 2043 1143 oppor-

411 1161 551 1214 tuno
586 1153 802 1229 [escam
834 1150 922 1212 eis
953 1151 1324 1232 temporibus
1353 1152 1744 1233 opportunis].

490 1242 586 1307 35.
637 1240 705 1320 [5
731 1241 888 1322 Pbe]
919 1242 1137 1321 Aperis
1169 1250 1230 1302 tu
1265 1260 1502 1302 manum
1538 1250 1722 1316 tuam,
1749 1250 1806 1302 et
1837 1241 2053 1322 imples

408 1350 586 1396 omne
615 1330 837 1393 animal
867 1330 1308 1393 benedictione.

2135 533 2253 601 τοῦ,

2218 615 2316 678 30.
2351 618 2447 675 Καὶ
2479 616 2621 681 ὅσιος
2670 615 2726 670 ἐν
2757 621 2885 672 πᾶσι
2915 627 3041 679 τοτς
3075 612 3248 692 ἔργοις
3278 618 3458 672 αὐτοῦ.

2211 705 2310 769 31.
2347 705 2513 786 [Χάμ]
2548 704 2918 783 ’Υποστηρίζει
2958 705 3143 782 Κύριος
3178 705 3380 768 πάντας
3412 703 3533 765 τοὺς
3564 701 3799 760 καταπίσ

2130 818 2363 860 πτοντας
2376 844 2391 869 ,

2210 885 2310 948 32.
2358 886 2466 947 Καὶ
2515 884 2714 964 ἐνορθοί
2765 887 2968 949 πάντας
3000 887 3122 948 τοὺς
3163 882 3645 962 κατεῤῥαγμένους.

2211 974 2340 1055 (33)
2387 973 2525 1054 [Mei]
2557 978 2615 1032 Οἱ
2660 974 2917 1054 ὀφθαλμοὶ
2952 975 3164 1032 πάντων
3188 976 3261 1038 εἷς
3292 977 3348 1030 σε
3377 972 3669 1051 ἐλπίζουσι,

2207 1065 2306 1125 34.
2340 1063 2442 1126 Καὶ
2472 1087 2533 1120 συ
2562 1061 2713 1129 δίδως
2744 1065 2842 1131 τὴν
2870 1066 3066 1143 τροφὴν
3098 1065 3270 1121 άῦτῶν
3303 1063 3357 1117 ἐν
3389 1063 3629 1139 ευκαιρίᾳ
3660 1060 3796 1140 [αὗ-

2132 1168 2250 1219 τοτς
2280 1154 2334 1210 ἐν
2364 1151 2701 1232 εὖχαιρίαις,]

2212 1243 2312 1306 35.
2348 1241 2491 1322 [Φά]
2521 1242 2776 1321 Ἀνοίγεις
2808 1242 2875 1297 σὰ
2908 1242 3003 1308 τὴν
3034 1242 3204 1322 χεῖρα
3233 1265 3346 1317 σου,
3383 1243 3470 1297 καὶ
3515 1238 3796 1315 ἒμπιπλᾷς

2134 1341 2238 1391 πᾶν
2267 1340 2402 1404 ζῶον
2435 1331 2692 1395 εὐδοκίας.

1534 1436 1941 1502 ATHANASII
1983 1436 2624 1504 INTERPRETATIO.

487 1543 589 1608 29.
636 1543 852 1626 Verax,
883 1546 1110 1621 ﬁrmus,
1148 1543 1546 1606 immutabilis
1581 1544 1642 1605 in
1673 1546 1767 1621 iis,
1800 1565 1934 1627 qua}
1955 1546 2055 1608 de-

2217 1547 2318 1612 99.
2367 1546 2622 1621 Ἀληθής,
2681 1545 2891 1624 ἑδραῖος

2900 1596 2915 1626 ,
2966 1545 3375 1625 ἂμετακίνητος,
3426 1543 3506 1624 ἔφ’
3539 1558 3626 1606 οῖς
3659 1544 3798 1623 ὥρι-

409 1635 600 1697 ﬁnivit
631 1634 689 1696 in
716 1634 971 1713 judicio;
1004 1638 1119 1696 hoc
1154 1635 1312 1695 enim
1345 1634 1640 1714 signiﬁcat
1671 1637 2054 1716 syllaba,qua

2178 1661 2226 1694 εν
2255 1639 2308 1694 ἐν
2339 1644 2404 1714 τῇ
2435 1638 2626 1716 κρίσει·
2679 1644 2840 1694 τοῦτο
2871 1639 2973 1714 γὰρ
3005 1635 3250 1712 βούλεται
3285 1637 3316 1703 ἧ
3348 1633 3586 1701 συλλαϐὴ
3623 1632 3714 1714 (1)
3765 1635 3800 1701 ἦ

410 1726 630 1788 dicitur
657 1725 823 1803 Sam,
853 1727 966 1789 hoc
997 1734 1084 1786 est
1104 1726 1428 1802 stabilivit,
1467 1735 1526 1788 et
1547 1727 1721 1788 etiam
1753 1726 2055 1809 interpre-

2178 1728 2407 1808 εγομένη
2439 1730 2582 1802 Σὰμ,
2618 1727 2648 1784 ὄ
2675 1724 2818 1783 ἐστιν
2846 1725 3110 1806 ἐστήριξε,
3134 1727 3221 1782 καὶ
3253 1723 3414 1784 πάλιν
3445 1725 3802 1802 ἑρμηνεύεται

414 1825 533 1878 tatu
565 1815 718 1893 illic,
754 1818 867 1879 hoc
898 1824 989 1878 est
1017 1818 1076 1877 in
1101 1816 1356 1896 judicio.

491 1906 592 1969 30.
641 1907 712 1969 Et
739 1905 1286 1987 irreprebensibilis
1318 1907 1376 1968 in
1407 1905 1682 1968 omnibus
1727 1925 1857 1988 quae
1887 1925 2060 1968 crea-

412 1995 519 2077 vit;
553 2003 612 2056 et
640 1995 702 2058 in
732 1995 1008 2058 omnibus
1069 2015 1122 2078 px
1146 1997 1385 2076 aeceptis
1415 1997 1562 2070 suis;
1596 2007 1654 2059 et
1688 1997 1750 2059 in
1781 1997 2062 2059 omnibus

2143 1821 2282 1891 ἑγεῐ,
2315 1818 2583 1876 τουτέστιν
2613 1817 2668 1872 ἐν
2697 1822 2766 1894 τῇ
2797 1817 2987 1894 χρίσει.

2227 1907 2324 1971 30,
2374 1905 2474 1968 Καὶ
2533 1904 2812 1982 ἄμεμπτος
2861 1907 2916 1963 ἐν
2959 1911 3142 1980 πᾶσιν,
3193 1903 3282 1969 οἶς
3341 1900 3795 1982 ἐδημιούργησεν,

2143 2001 2229 2055 καὶ
2259 1997 2313 2053 ἐν
2347 2003 2473 2053 πᾶσι
2522 2009 2640 2063 τοῖς
2692 1996 3068 2073 προστάγμασι
3121 1996 3302 2067 αὺτοῦ,
3359 1995 3447 2050 καὶ
3491 1992 3543 2048 ὲν
3603 2014 3796 2072 πασιν,

417 2103 550 2167 quae
578 2084 866 2168 suscepit,
895 2098 957 2150 et
986 2104 1192 2167 passus
1212 2096 1304 2148 est
1333 2094 1572 2168 propter
1599 2096 1862 2149 nostram
1893 2087 2058 2150 salu-

2178 2091 2224 2154 ῑς
2253 2085 2589 2161 κατεδέξατο,
2624 2087 2712 2142 καὶ
2743 2085 2970 2143 πέπονθε
3006 2080 3080 2164 (Ξ)
3125 2082 3211 2142 διὰ
3239 2084 3339 2150 τὴν
3372 2081 3640 2161 ἡμετέραν
3675 2104 3798 2138 σω-

416 2184 559 2237 tem.

495 2265 598 2327 31.
645 2262 902 2344 Subjicit
932 2262 1220 2327 Dominus
1249 2264 1499 2346 gratiam
1532 2285 1724 2328 suam.

499 2355 600 2418 32.
645 2352 717 2416 Et
746 2371 990 2432 surgere
1004 2353 1140 2416 facit
1161 2372 1372 2416 omnes
1396 2354 1704 2436 prolapsos
1733 2354 1796 2416 in
1817 2355 2051 2432 faciem,

418 2444 533 2508 boc
565 2453 652 2507 est
679 2444 740 2506 in
773 2444 954 2506 corda
999 2462 1129 2521 sua,
1181 2454 1241 2506 et
1291 2445 1621 2507 infirmatos
1652 2444 1713 2508 in
1746 2447 2003 2525 peccatis
2040 2463 2054 2510 :

421 2535 643 2616 syllaba
679 2536 840 2598 enim
871 2535 1160 2615 apposita,
1188 2553 1318 2615 quae
1349 2535 1568 2596 dicitur
1603 2537 1792 2597 Cham
1821 2545 2063 2599 susten-

423 2624 688 2688 taculum
717 2624 1160 2706 interpretatur,
1197 2624 1444 2705 perinde
1485 2643 1556 2686 ac
1585 2625 1633 2685 si
1658 2623 1885 2687 diceret
1914 2624 2061 2686 sub-

411 2714 546 2798 jicit
600 2733 666 2778 se
714 2716 909 2797 ipsum
955 2714 1264 2790 Dominus,
1307 2725 1363 2777 et
1430 2723 1622 2796 portat
1671 2716 1964 2798 inﬁrmos,
2001 2725 2064 2779 ut

418 2824 628 2868 versus
682 2806 974 2886 signiﬁcat
1035 2827 1048 2864 :
1098 2814 1156 2866 et
1215 2814 1637 2886 permanentes
1698 2814 1902 2868 mente
1957 2825 2064 2868 sua

2140 2178 2324 2256 τηρίαν
2338 2224 2349 2236 .
3477 2203 3482 2208 ’

2225 2264 2351 2346 (31)
2404 2264 2487 2346 (3)
2537 2263 2845 2332 ’Υποτίθησι
2875 2261 3071 2342 Κύριος
3105 2263 3204 2330 τὴν
3235 2263 3392 2342 χάριν
3427 2263 3607 2323 αὒτοῦ,

2221 2353 2323 2418 52.
2369 2353 2473 2417 Καὶ
2505 2354 2763 2422 ἀνέστησε
2796 2354 2999 2417 πάντας
3027 2354 3148 2417 τοὺς
3179 2351 3603 2414 καταπίπτοντας
3656 2350 3793 2408 ἑπι-

2142 2452 2208 2507 τὰ
2261 2449 2544 2525 πρόσωπα,
2591 2447 2862 2507 τὸυτέστιν
2921 2447 3006 2503 ἐπὶ
3066 2448 3162 2508 τὰς
3206 2443 3418 2525 καρδιας
3476 2445 3671 2518 αὐτῶν,
3707 2444 3797 2500 καὶ

2143 2541 2488 2602 ἀσθενοῦντας
2539 2538 2590 2594 ἐν
2649 2543 2718 2614 τῇ
2760 2536 3012 2616 ἁμαρτίᾳ⁶
3067 2537 3102 2604 ἡ
3133 2532 3188 2590 δὲ
3235 2535 3603 2612 παρακειμένη
3660 2531 3799 2588 συλ-

2145 2626 2284 2695 λαϐὴ
2341 2631 2376 2698 ἡ
2433 2626 2701 2705 λεγομένη
2787 2627 2909 2700 Χάμ
2976 2623 3124 2700 ὅμως
3193 2623 3532 2699 ἐμηνούεται,
3600 2623 3803 2680 ὡσαοεὶ

2144 2719 2448 2785 ὑποτίθησιν
2481 2716 2664 2774 ἑαυτὸν
2698 2714 2967 2794 ὁΚύριος,
3020 2715 3109 2771 καὶ
3166 2712 3413 2790 βαστάζει
3461 2716 3582 2778 τοῦς
3631 2713 3798 2770 ἀσθε-

2150 2820 2285 2884 νεῖς,
2337 2810 2408 2872 ὡς
2465 2809 2492 2864 ὁ
2548 2808 2734 2886 στίχος
2793 2803 2974 2872 δηλοῖ⁶
3038 2804 3124 2859 καὶ
3169 2803 3287 2869 τοὺς
3335 2803 3801 2877 ἐναπομείναντας

419 2895 477 2957 in
522 2897 777 2976 peccatis
811 2943 826 2969 ,
888 2894 1066 2956 veluti
1117 2912 1187 2956 ex
1265 2913 1476 2956 somno
1543 2893 1843 2970 suscitat,
1895 2912 2062 2958 com-

2179 2905 2214 2975 ᾖ
2243 2895 2444 2970 διανοίᾳ
2505 2897 2578 2959 εἰς
2635 2900 2728 2963 τὴν
2785 2895 3066 2973 ἁμαρτίαν,
3099 2896 3172 2957 ὡς
3210 2891 3262 2958 ἐξ
3311 2894 3475 2950 ὕπνου
3517 2891 3796 2971 διεγείρει,

421 3003 696 3068 pungens
756 3004 858 3047 eos
914 2984 1100 3065 gratia
1151 3002 1280 3060 sua,
1315 2992 1374 3044 et
1413 3001 1658 3062 surgere
1704 2983 1949 3064 faciens,
2001 2990 2067 3049 ut

420 3076 843 3150 conﬁteantur,
903 3083 962 3136 et
1013 3072 1260 3152 vigilent
1303 3071 1612 3156 deinceps,
1672 3091 1746 3136 ne
1782 3074 2065 3156 ;amplius

419 3173 692 3245 peccent.

502 3253 603 3317 33.
647 3251 840 3317 Corda
894 3249 1160 3313 omnium
1229 3251 1603 3316 credentium
1634 3253 1694 3315 in
1729 3261 1784 3316 te
1808 3252 2057 3332 gratiam

417 3341 736 3424 recipiunt.

501 3434 602 3497 34.
639 3432 708 3494 Et
738 3439 824 3506 tu,
861 3449 993 3494 cum
1034 3449 1243 3495 eorum
1281 3431 1534 3514 quiescit
1568 3430 1640 3495 ab
1671 3433 1835 3495 omni
1883 3452 2062 3495 mun-

425 3523 578 3598 dana
607 3529 841 3596 cura,et
860 3520 1716 3604 concupiscentias,lilluminas
1743 3541 1845 3585 eos
1870 3524 2066 3586 scien-

427 3615 509 3676 tia
538 3621 968 3694 praeceptorum
993 3622 1260 3677 tuorum.

502 3704 602 3766 35.
635 3700 1022 3765 Abundanter
1058 3700 1334 3764 donando
1365 3703 1611 3782 gratiam
1643 3705 1831 3766 sancti
1871 3702 2064 3782 Spiri-

423 3801 518 3858 tus
549 3792 713 3855 omni
744 3793 993 3870 homini,
1028 3789 1129 3874 qui
1158 3793 1420 3854 adhaeret
1451 3793 1737 3856 voluntati
1764 3805 1914 3858 tuae:
1943 3793 2066 3857 Phe

422 3883 580 3946 enim
629 3881 1051 3962 interpretatur
1077 3899 1165 3964 os,
1189 3883 1303 3944 hoc
1324 3889 1414 3944 est
1443 3883 1754 3946 insufﬂans
1785 3887 1978 3966 ipsum
2003 3885 2064 3947 in

423 3972 636 4036 faciem
683 3981 1024 4036 sanctorum
1057 3979 1117 4035 et
1139 3973 1395 4037 dicens:
1444 3975 1702 4056 Aecz'pite
1755 3975 2068 4057 Spiritum

419 4071 697 4127 sanctum
723 4064 778 4126 8.

497 4171 532 4220 8
558 4165 734 4232 Joan.
772 4186 868 4244 xx,
901 4167 1003 4232 Ἡ.

2149 2989 2453 3064 κατανόγων
2506 2987 2691 3050 «Brod;
2739 2984 2805 3051 τῆ
2862 2984 3043 3064 χάριτι
3098 2986 3279 3059 αὐτοῦ,
3331 2984 3422 3039 καὶ
3464 2982 3804 3046 ἀναστάντας

2147 3081 2330 3145 αὐτοὺς
2376 3078 2831 3157 ἐξομολογεῖσθαι,
2877 3079 2966 3135 καὶ
3016 3079 3202 3157 νήφειν
3231 3078 3324 3134 τοῦ
3366 3075 3554 3133 λοιποῦ
3598 3083 3690 3133 τοῦ
3724 3076 3803 3153 μὴ

2145 3175 2467 3254 ἁμαρτάνειν

2223 3264 2321 3326 33.
2369 3265 2430 3320 Αἰ
2463 3262 2664 3342 καρδίαι
2696 3262 2909 3324 πάντων
2963 3266 3066 3319 τῶν
3119 3263 3476 3320 πιστεύοντων
3507 3261 3581 3325 εἷς
3613 3261 3671 3317 σὲ
3703 3261 3806 3329 τὴν

2145 3354 2304 3434 χάριν
2335 3351 2749 3433 ἀπεχδέχονται.

2229 3441 2327 3505 34,
2375 3443 2478 3505 Καὶ
2507 3447 2592 3509 σὺ,
2627 3442 2750 3500 ὅταν
2796 3441 3058 3523 ἡσυχάζει
3090 3445 3117 3499 ὁ
3148 3449 3269 3507 νοῦς
3327 3445 3501 3500 αὐτῶν
3549 3439 3634 3519 (4)
3689 3441 3798 3498 ἀπὸ

2146 3536 2324 3600 πάσης
2365 3531 2621 3608 βιωτιιιῆς
2655 3531 2927 3612 φροντίδος
2960 3533 3048 3588 καὶ
3081 3532 3381 3609 ἐπιθυμίας,
3419 3531 3665 3610 φωτίζεις
3697 3533 3801 3588 αὑ-

2148 3624 2266 3689 τοὺς
2301 3623 2400 3689 τὴν
2431 3628 2627 3701 γνῶσιν
2653 3629 2760 3678 τῶν
2794 3623 3217 3700 προσταγμάτων
3251 3645 3371 3681 σου.

2228 3710 2327 3774 35.
2377 3711 2642 3776 Πλουσίως
2673 3710 2908 3790 δώρησαι
2939 3712 3035 3780 τήν
3068 3713 3228 3793 χάριν
3277 3720 3370 3770 τοῦ
3427 3711 3578 3790 ἆγίου
3625 3710 3800 3766 Ilvati-

2148 3811 2312 3879 ματὸς
2372 3801 2466 3882 (5)
2527 3804 2677 3858 παντὶ
2727 3802 2983 3881 ἀνθρώπῳ
3039 3801 3374 3880 προκειμένῳ
3410 3824 3487 3876 τῳ
3535 3800 3802 3874 θελήματί

2147 3909 2258 3949 του·
2293 3895 2355 3948 τὸ
2387 3894 2486 3971 γὰρ
2517 3892 2603 3958 Φὴ
2630 3891 2981 3971 ἑρμηνεύεται
3016 3900 3232 3972 στόμαι,
3266 3892 3509 3948 τουτέστι
3540 3893 3602 3947 τὸ
3634 3890 3806 3969 ἐμφθε-

2147 3982 2245 4054 σᾷν
2274 3982 2431 4038 αὐτὸν
2465 3982 2536 4044 εἰς
2566 3981 2632 4037 τὰ
2664 3982 2924 4060 πρόσωπα
2952 3985 3057 4037 τῶν
3097 3981 3287 4061 ἁγίων,
3320 3983 3411 4037 καὶ
3442 3979 3645 4060 λέγειν’
3683 3985 3804 4035 Λα-

2083 4076 2128 4128 D
2144 4068 2263 4128 ϐετε
2290 4076 2502 4146 Πνεῦμα
2528 4068 2700 4149 ἅγιον,

1446 4251 1747 4316 Addenda
1778 4258 1842 4316 et
1868 4254 2244 4334 corrigenda
2272 4271 2352 4319 ex
2384 4255 2525 4320 cod.
2554 4257 2760 4322 Vatic.

509 4345 690 4429 (1)ΑἮ
749 4343 832 4429 δια
871 4348 969 4413 τῆς
1017 4345 1376 4429 κινναῖιᾴρεως
1427 4344 1665 4414 συλλαϐὴ
1706 4349 1740 4415 ἡ
1770 4346 2066 4429 ,λεγομένη

427 4426 571 4505 Σὰμ,
608 4426 976 4506 ἑρμηνεύεται,
1009 4426 1280 4506 στρηρίξαι
1309 4440 1418 4502 καί,
1455 4433 1571 4488 etc.
1581 4473 1600 4500 ,
1631 4428 1896 4485 τουτέστιν
1927 4429 2066 4492 ἐκεῖ.

512 4508 596 4589 (2)
631 4511 908 4589 ρέποιθεν.

513 4586 700 4670 (am.
734 4589 833 4652 31.
868 4587 1198 4668 ’Υποτίθησι,
1234 4595 1373 4662 εισι,
1439 4590 1526 4645 καὶ
1581 4586 1823 4656 ἀνίστησι

428 4669 549 4736 τοὺς
604 4669 970 4740 ἀσθενοῦντας,
1006 4671 1091 4749 καὶ
1134 4674 1584 4749 καταπίπτοντας,
1645 4679 1786 4749 etc.,
1845 4672 1932 4727 ἐπὶ
1978 4674 2070 4736 τὰς

429 4749 643 4832 καρδίας
694 4754 893 4832 αὐτῶν·
1037 4746 1093 4805 δὲ
1135 4749 1512 4832 Δ’παρακειμένη
1556 4717 1639 4806 διὰ
1686 4719 1786 4817 τῆς
1814 4750 2070 4808 κινναϐά-

431 4828 564 4911 ρεως
595 4829 854 4898 συλλαϐή.
889 4831 923 4898 ἡ
949 4828 1212 4911 λεγομένη
1267 4838 1412 4907 Χαμ,
1447 4837 1590 4902 etc.,
1637 4833 1941 4898 ὑποτίθησιν
1976 4833 2071 4889 αὖ·

427 4910 518 4970 τὸν
548 4915 599 4987 ὁ,
634 4919 780 4984 etc.,
813 4911 933 4975 τοὺς
971 4910 1237 4992 ἀσθενεῖς,
1275 4912 1449 4988 βαθὼς
1494 4915 1580 4968 καὶ
1611 4914 1638 4968 ὁ
1683 4913 1870 4991 στίχος
1916 4912 2071 4970 τοῦτο

2151 4349 2333 4434 δηλοῖ.
2380 4349 2427 4412 Ν
2438 4400 2451 4413 .
2481 4349 2585 4434 32.
2620 4351 2723 4412 Καὶ
2753 4353 2872 4416 τοὺς
2903 4353 3371 4434 ἑναιιομείναντρς,
3411 4360 3554 4426 etc.,
3585 4351 3649 4421 τῆ
3688 4355 3805 4433 χά-

2151 4455 2252 4507 ριτι
2283 4433 2441 4490 αὐτοῦ
2471 4431 2820 4507 ἀναστάντας,
2855 4442 2972 4496 etc.

2236 4511 2326 4593 (4)
2371 4515 2551 4571 Αὒτών
2585 4515 2610 4570 δ
2635 4522 2775 4589 νοῦς,
2807 4522 2954 4586 atc.,
2990 4519 3098 4571 τῶν
3118 4513 3543 4594 προσταγμάτων
3573 4535 3669 4572 σου
3695 4515 3808 4571 τῶν

2152 4590 2518 4666 δυναμούντων
2553 4596 2736 4658 αὺτούς
2748 4643 2761 4658 ,

2239 4673 2320 4754 (5)
2375 4681 2478 4732 Τοῦ
2521 4673 2667 4753 ἁγίου
2715 4698 2808 4735 σου
2867 4676 3223 4752 Πνεῦματος.,
3272 4682 3417 4750 etc,
3470 4673 3806 4754 προσϐειμέ-

2151 4775 2249 4834 νῳ,
2311 4761 2453 4830 etc.,
2486 4755 2545 4810 τὸ
2575 4758 2674 4836 γὰρ
2704 4759 2811 4837 Φὴ,
2843 4757 2904 4813 τὸ
2935 4754 3018 4812 διὰ
3047 4758 3146 4826 τῆς
3203 4754 3585 4836 κινναϐάρεως,
3626 4756 3804 4834 ἑρμη-

2154 4839 2377 4914 νεύεται,
2425 4838 2543 4898 etc.

519 5019 608 5101 (1)
653 5017 832 5115 Deest
854 5018 921 5110 in
957 5025 1118 5080 textu
1149 5017 1399 5081 Hebraeo
1430 5019 1631 5082 littera
1654 5035 1712 5095 ι,
1746 5019 1884 5112 quia
1913 5019 2113 5083 deficit
2139 5038 2368 5114 versus,
2403 5021 2506 5164 qui
2530 5022 2604 5086 ab
2636 5023 2737 5086 illa
2769 5025 3034 5108 incipere
3051 5024 3331 5106 debebat,
3365 5039 3585 5103 nempe
3613 5035 3804 5116 (Dm,

533 5109 624 5163 est
651 5098 919 5164 ludens.
945 5109 1008 5160 ut
1034 5101 1344 5162 advertunt
1375 5100 1675 5164 Valablus.
1705 5111 1764 5162 et
1790 5102 2035 5163 Simeon
2071 5102 2146 5164 de
2180 5104 2352 5164 MlllS.
2385 5121 2418 5163 a
2446 5121 2626 5164 noue.
2665 5109 2838 5164 Hunc
2869 5117 3063 5164 autem
3118 5124 3351 5164 versum
3404 5120 3654 5164 necesse
3686 5110 3804 5164 est.

440 5098 624 5182 idest
651 5098 919 5182 Fidelis,
945 5109 1008 5160 ut
1034 5101 1344 5182 advertunt
1375 5100 1676 5182 Vatablus,
1705 5098 2035 5182 et‘Simeon
2071 5102 2146 5167 de
2180 5103 2352 5177 Muis,

2446 5103 2626 5184 iique.
2664 5109 2838 5170 Hunc
2869 5103 3063 5169 autem
3118 5103 3351 5169 versum
3404 5103 3654 5165 necesse
3686 5110 3807 5179 est,

440 5183 532 5246 vel
565 5179 941 5244 librariorum
977 5179 1151 5260 culpa
1183 5181 1498 5257 excidisse,
1532 5182 1622 5244 vel
1653 5179 1728 5243 de
1757 5181 2045 5246 industria
2073 5183 2145 5245 ab
2172 5181 2436 5246 Hebraeis
2460 5179 2642 5246 fuisse
2671 5186 2997 5250 sublatum.
3029 5188 3178 5252 Nam
3214 5186 3378 5249 illum
3421 5186 3478 5246 in
3505 5192 3664 5244 textu
3691 5185 3811 5247 He-

442 5263 600 5328 δι’ωο
634 5260 912 5348 originali
945 5262 1413 5348 anteahextitisse
1446 5263 1652 5348 probat
1671 5264 1820 5324 ordo
1851 5264 2181 5348 litterarum
2216 5263 2515 5343 alphabeti
2575 5265 2882 5348 Hebraici,
2937 5279 3220 5345 certoque
3269 5265 3580 5329 confirmat
3612 5264 3812 5348 versio

439 5339 800 5426 Septuagita,
837 5342 1089 5426 aliaeque
1110 5339 1332 5406 Graecae
1361 5339 1686 5418 versiones;
1717 5353 1776 5405 et

935 5343 1332 5430 nqueGraacce
1361 5344 1686 5418 versiones;
1717 5353 1776 5405 et
1821 5353 2036 5485 praeter
2069 5343 2402 5424 Vulgatam,
2437 5364 2567 5426 quas
2616 5363 2687 5408 ex
2748 5343 3140 5429 Septuaginta
3191 5356 3427 5485 sumﬁta
3478 5353 3590 5418 est,
3631 5345 3812 5408 etiam

935 5440 1075 5485 iace.
1111 5441 1244 5485 quae
1273 5442 1482 5485 omnes
1512 5443 1746 5485 versum
1795 5423 1812 5483 i
1841 5425 1963 5485 lum
1997 5425 2242 5485 habent.
2274 5435 2331 5485 et
2361 5436 2806 5485 consequenter
2860 5431 2917 5485 in
2971 5429 3278 5485 codicibus
3378 5427 3615 5485 ebraeis.
3650 5424 3812 5485 unde

438 5425 696 5488 Arabica
725 5431 784 5484 et
814 5425 1075 5506 Syriaca,
1111 5441 1244 5502 quae
1273 5442 1482 5506 omnes
1512 5443 1746 5486 versum
1795 5425 1963 5486 illum
1997 5425 2242 5506 habent,
2274 5435 2331 5485 et
2361 5425 2806 5506 consequenter
2841 5425 2918 5492 'in
2971 5425 3278 5492 codicibus

3378 5427 3615 5497 ebraeis,
3650 5424 3816 5486 unde

436 5507 765 5589 adornatae
793 5502 952 5579 sunt,
989 5502 1284 5589 legerunt.
1318 5504 1513 5589 Quare
1545 5506 1752 5589 merito
1787 5515 1992 5567 contra
2047 5505 2470 5589 Masoretarum
2519 5502 2900 5572 véneratores
2939 5509 3138 5589 inquit
3183 5508 3422 5589 Grotius
3435 5524 3478 5589 ἐ
3499 5506 3813 5589 Quomodo

438 5588 517 5650 ad
540 5585 666 5649 haec
732 5583 1214 5667 respondebunt,
1267 5588 1374 5664 qui
1432 5604 1554 5648 non
1613 5584 1824 5665 iubent
1866 5603 1977 5667 per
2034 5591 2243 5648 omnia
2305 5588 2772 5667 Masoretarum
2832 5599 2998 5653 stare
3031 5583 3384 5655 'decretis?
3435 5585 3818 5667 Etiinsuper

439 5669 550 5730 hac
615 5668 683 5727 de
729 5683 794 5726 re
835 5664 1023 5745 digna
1065 5664 1306 5746 quidem
1361 5664 1773 5730 observatione
1824 5664 2001 5742 sunt,
2057 5683 2189 5746 quae
2248 5665 2490 5728 adnotat
2546 5669 2786 5733 Clarius
2847 5672 3115 5736 referens

1110 5684 1306 5727 uicem
1361 5684 1773 5730 onservauone
1824 5684 2001 5742 sum,
2057 5684 2189 5746 quae
2248 5684 2490 5728 aunomt
2546 5684 2786 5733 uarius
2847 5684 3115 5736 referens
3165 5691 3181 5733 :
3233 5684 3465 5736 veteres
3523 5684 3808 5730 ueoraem

1062 5684 1298 5814 glessia
1351 5747 1510 5812 hunc
1565 5765 1810 5813 versum
1844 5797 1859 5828 ,
1920 5747 2025 5829 qui
2073 5755 2199 5811 tum
2267 5747 2528 5827 deerat,
2586 5755 3002 5834 reponendum
3063 5751 3224 5835 quod
3290 5755 3630 5827 cemimus,
3683 5749 3808 5828 ait,

442 5749 672 5812 dixisse
731 5753 1009 5827 tempore

433 5830 687 5916 factum.

3165 5691 3181 5733 :
3233 5677 3465 5736 veteres
3523 5665 3819 5730 Hebraeo:
