4138 6216
321 377 469 442 1341
1180 374 1277 436 DE
1320 371 1635 436 TITULIS
1679 368 2168 436 PSALMORUM.
2218 401 2290 413 —
2339 367 2550 430 PSAL.
2595 367 2706 428 CL.
3549 353 3700 420 1342

776 506 1136 576 Ἀλληλούῖα,
1183 513 1356 568 ΨΑΛ.
1402 507 1529 567 ΡΝ’.
1997 514 2038 565 Α

1997 514 2038 565 Α
2528 499 2816 573 Alleluia,
2849 495 3080 561 PSAL.
3110 493 3231 559 CL.

405 609 462 672 1.
507 609 714 665 Αἰνεῖτε
738 604 829 660 τὸν
862 604 996 659 Θεὸν
1028 603 1083 658 ὲν
1113 615 1229 666 τοῖς
1262 601 1430 679 ἁγίοις
1466 603 1644 658 αὖτοῦ²

2141 599 2194 660 1.
2241 595 2502 658 Laudato
2535 594 2849 656 Dominum
2883 591 2945 653 in
2971 587 3190 651 sanctis
3215 588 3346 679 ejus
3382 608 3395 679 ς

401 697 462 759 2.
507 699 716 754 Αἰνεῖτε
746 694 904 750 αὒτὸν
937 692 991 748 ἐν
1017 690 1344 769 στερεώματι
1366 691 1462 758 τῆς
1497 690 1764 764 δυνᾶμεως
1787 692 1965 748 αὺτοῦ.

2135 687 2194 750 2.
2242 685 2501 747 Laudato
2531 703 2666 746 eum
2703 684 2760 746 in
2797 684 3166 744 ﬁrmamento
3197 675 3432 739 virtutis
3461 676 3609 756 ejus.

399 786 460 849 3.
507 790 716 845 Αἰνεῖτε
749 783 904 842 αὒτὸν
937 781 1022 838 ἐπὶ
1053 795 1177 846 ταῖς
1209 779 1534 846 δυναστείαις
1567 785 1742 838 αὕτσῖ

1636 788 1742 836 toi’
2137 777 2194 838 3.
2244 775 2464 838 Ladato
2495 793 2631 838 eum
2665 773 2727 836 in
2759 769 3074 832 virtutibus
3096 769 3224 845 ejus
3258 787 3270 828 :

398 875 679 940 4.Αἱνεῖτε
708 873 867 932 αὺτὸν
897 870 1032 930 καεᾶ
1062 872 1122 927 τὸ
1154 869 1355 937 πλῆθος
1373 875 1470 938 τῆς
1491 869 1652 948 μεγα)
1665 870 1856 938 οσύνης
1887 871 1973 928 αὖ·

2137 869 2198 931 4.
2246 868 2502 930 Laudato
2555 883 2691 927 eum
2722 859 3057 926 secundum
3093 853 3532 918 multitudinem
3565 873 3697 919 ma-

316 974 437 1028 τοῦ.

2054 957 2380 1039 gniiudinis
2409 957 2557 1036 ejus.

399 1061 459 1118 5.
507 1055 714 1113 Αἰνεῖτε
747 1055 908 1112 αὒτὸν
939 1051 992 1108 ἐν
1020 1049 1153 1131 ἤχῳ
1182 1049 1504 1128 σάλπιγγος·

2064 1037 2080 1039 ”
2136 1049 2196 1111 5.
2243 1047 2502 1110 Laudato
2531 1063 2668 1108 eum
2702 1044 2763 1106 in
2795 1060 2942 1104 sono
2977 1037 3138 1131 tubae
3173 1055 3185 1097 :

403 1144 464 1209 6.
512 1149 719 1203 Αἰνεῖτε
749 1144 904 1200 αὖτὸν
938 1142 992 1198 ἐν
1021 1127 1302 1219 ψαλτηρίῳ
1330 1127 1419 1196 καί
1463 1141 1673 1219 κιθάρᾳ.

2136 1140 2197 1202 6.
2246 1134 2499 1198 Laudato
2529 1151 2663 1196 eum
2690 1134 2751 1195 in
2783 1129 3063 1213 psalterio
3096 1137 3153 1190 et
3177 1127 3429 1219 cithara,

397 1237 461 1300 7.
507 1236 712 1292 Αἰνεῖτε
747 1234 902 1289 αὺτὸν
933 1235 960 1288 'e
991 1231 1252 1306 τυμπάνῳ
1285 1231 1371 1286 καὶ
1403 1230 1580 1309 χορῶ·

2135 1229 2197 1290 7.
2246 1226 2504 1288 Laudato
2531 1243 2668 1287 eum
2696 1225 2756 1285 in
2787 1233 3072 1304 tympano
3107 1225 3166 1281 ot
3194 1217 3382 1277 choro
3423 1233 3438 1275 :

400 1325 462 1391 8.
510 1326 716 1382 Αἰνεῖτε
745 1321 904 1380 αὒτὸν
935 1322 988 1379 ἐν
1017 1319 1248 1402 χορδαῖς
1282 1321 1367 1376 καὶ
1399 1320 1634 1396 ὀργάνῳ,

2137 1323 2196 1381 8.
2247 1316 2505 1379 Laudato
2532 1333 2672 1378 eum
2703 1313 2764 1375 in
2789 1311 3037 1402 chordis
3067 1316 3140 1402 et
3155 1323 3405 1386 organo.

401 1414 461 1481 9.
510 1416 718 1471 Αἰνεῖτε
746 1413 902 1471 αὐτὸν
934 1411 988 1468 ἐν
1020 1392 1326 1483 ’κυμϐάλοις
1358 1392 1621 1488 εῦώλοιβ

2138 1408 2197 1474 9.
2247 1407 2504 1469 Laudato
2534 1424 2670 1468 eum
2701 1405 2760 1466 in
2793 1401 3077 1484 cymbalis
3126 1392 3644 1488 benesouantibus
3679 1413 3695 1459 :

403 1507 502 1569 10.
548 1507 755 1563 Αἰνεῖτε
785 1502 942 1560 «ora»
971 1500 1028 1559 ἐν
1064 1496 1353 1576 αυμϐάλοις
1385 1485 1723 1576 ἀλαλαγμοῦ,

2140 1498 2238 1562 40.
2287 1498 2543 1560 Laudato
2573 1514 2708 1558 eum
2740 1493 2801 1557 in
2825 1491 3113 1575 cymbalis
3134 1485 3533 1572 jubilationis.

1470 1655 2566 1740 ATHANASIIIINTERPRETATIO.

400 1843 864 1926 lntcrprctatio,
897 1856 1003 1904 seu
1031 1839 1329 1920 expositio
1355 1837 1560 1904 ultimi
1584 1839 1814 1920 psalmi
1841 1839 2007 1903 deest
2040 1840 2112 1902 in
2142 1839 2348 1903 codice
2375 1838 2733 1902 Barba-ina.

1070 2015 1134 2073 A.
1184 2009 1310 2072 PN'.
2000 2017 2036 2068 Β
2703 2066 2704 2071 η

2000 2017 2036 2068 Β
2703 2009 2922 2072 PSAL.
2971 2009 3092 2068 CL.

963 2015 1134 2073 ΨΑΛ.
1184 2009 1310 2072 PN‘.
2000 2017 2034 2068 Β

400 2110 466 2166 Ἦ
498 2106 822 2180 προκειμένη
857 2105 1124 2184 ἐπιγραφή
1155 2107 1191 2174 ἡ
1221 2103 1304 2160 διὰ
1335 2111 1434 2172 τῆς
1484 2106 1840 2184 κινναϐάρεως
1871 2126 1972 2162 πε-

2703 2005 2845 2072 PSA
2859 2011 2922 2072 ι.
2971 2002 3093 2068 CL.

2135 2101 2373 2166 Titulus
2403 2105 2753 2184 prazpositus
2783 2097 3093 2165 cinnabari
3129 2094 3384 2176 scriptus
3407 2092 3696 2184 continet:

316 2201 516 2278 ριέχει·
549 2195 907 2275 Ἀλληλούῒα,
958 2182 1030 2260 ὥς
1066 2182 1405 2274 προείρηκα,
1466 2196 1553 2252 καὶ
1607 2182 1771 2252 πάλιν
1803 2193 1946 2272 λέγω

2062 2193 2348 2264 Alleluia,
2385 2182 2450 2255 ut
2477 2182 2650 2255 antea
2681 2193 2826 2269 dixi,
2855 2200 2912 2254 et
2945 2191 3162 2252 iterum
3197 2187 3368 2249 dico:
3399 2182 3696 2258 Laudato,

365 2291 379 2311 ν
418 2289 436 2318 _-
514 2310 541 2320 _
629 2289 642 2306 ο
960 2287 972 2304 ι
1051 2283 1076 2304 η
1294 2284 1306 2306 ρ

316 2301 595 2366 Αινισαιε,
625 2285 895 2361 υμνήσατε
924 2307 1016 2342 τον
1048 2305 1174 2342 οντα
1206 2291 1361 2343 Θεον.

2057 2285 2309 2364 hymnis
2340 2283 2640 2346 celebrate
2677 2283 2890 2355 Deum,
2938 2281 3046 2362 qui
3075 2286 3191 2342 est.

402 2379 460 2440 1.
510 2379 718 2435 Αἰνεῖτε
747 2378 840 2432 τὸν
872 2377 1001 2432 Θεὸν
1026 2374 1078 2431 ἐν
1110 2373 1230 2436 τοίς
1261 2374 1430 2452 ἁγίοις
1464 2375 1644 2437 αὒτοῦ.

1619 2408 1644 2437 ι.
2137 2375 2195 2435 1.
2246 2373 2503 2436 Laudato
2534 2372 2715 2435 Deam
2750 2371 2810 2432 in
2833 2376 3054 2433 sanctis
3081 2369 3212 2449 ejus
3239 2387 3253 2430 :

404 2470 614 2526 Αἰνεῖτε
655 2467 748 2523 τὸν
805 2467 935 2522 Θεὸν
989 2465 1043 2520 ἐν
1086 2475 1203 2528 τοῖς
1235 2466 1404 2543 ὰγίοις
1435 2467 1617 2538 aii-:0),
1644 2467 1733 2522 καὶ
1763 2465 1817 2522 ἐν
1847 2477 1963 2530 τοῖς

2130 2463 2387 2526 Laudato
2428 2463 2619 2526 Deum
2653 2463 2714 2524 in
2736 2459 2963 2524 sanctis
2991 2460 3209 2540 ejus,et
3229 2455 3290 2519 in
3312 2453 3530 2517 sanctis
3551 2469 3702 2535 prte-

319 2559 493 2635 ἆγίοις
520 2557 921 2634 προστάγμασιν
945 2555 1128 2614 αὒτοῦ.

789 2578 921 2612 ιασιν
945 2555 1128 2614 αὒτοῦ.
2049 2553 2239 2631 coptis
2271 2553 2423 2633 ejus.

407 2647 467 2709 2.
514 2649 726 2706 Αἰνεῖτε
755 2647 909 2703 αὐτὸν
943 2645 994 2702 ἒν
1024 2643 1468 2720 στερεώματι’τῆς
1492 2643 1760 2720 δυνάμεως
1785 2649 1966 2708 αὑτοῦ,

2135 2644 2195 2707 2.
2243 2644 2500 2705 Laudato
2530 2663 2664 2704 eum
2695 2643 2753 2704 in
2787 2641 3156 2704 ﬁrmamento
3203 2637 3431 2700 virtutis
3471 2635 3625 2716 ejus.

409 2736 499 2795 Ἐν
531 2743 599 2812 τῇ
627 2737 800 2792 πίστει
831 2735 928 2802 τῆς
961 2735 1182 2814 χάριτος
1215 2735 1390 2793 αὒτοῦ.

1258 2735 1390 2793 ὅτοῦ.
2140 2732 2206 2795 In
2239 2734 2355 2795 fide
2397 2733 2710 2797 charitatis
2739 2735 2892 2813 ejus.

408 2831 468 2889 3.
517 2825 748 2884 Ἀἰνεῖτε
782 2827 936 2881 αὑτὸν
973 2825 1058 2880 ἐπὶ
1090 2827 1206 2889 ταὶς
1236 2823 1557 2889 δυναστείαις
1589 2825 1765 2884 αὐτοῦ’

1681 2833 1765 2884 ηοῦ’
2140 2825 2199 2886 3.
2249 2823 2506 2885 Laudato
2533 2842 2668 2885 eum
2699 2824 2759 2884 in
2791 2820 3109 2886 virtutibus
3136 2820 3268 2900 ejus
3302 2838 3315 2876 :

410 2914 502 2975 Ἐν
531 2930 651 2978 το”ς
684 2913 995 2988 παθήμασιν
1038 2918 1225 2974 αὐτοῦ.

1174 2925 1225 2974 ῦ.
2143 2917 2206 2976 1η
2247 2913 2624 2992 passiouibus
2655 2912 2808 2993 ejus.

409 3007 469 3070 4.
517 3008 727 3063 Αἰνεῖτε
756 3005 914 3060 αὒτὸν
945 3006 1080 3061 κατὰ
1123 3006 1186 3062 τὸ
1238 3003 1436 3073 πλῆθος
1468 3011 1568 3074 τῆς
1601 3006 1976 3085 μεγαλωσύνες

2146 3005 2203 3068 4.
2242 3005 2286 3066 L
2309 3003 2502 3064 audate
2551 3020 2690 3066 eum
2739 2999 3063 3066 secuedum
3098 2995 3537 3064 multitudinem
3570 3011 3705 3057 ma-

324 3100 512 3158 αὖτοῖ.

2061 3093 2390 3174 gnitudinis
2420 3093 2573 3173 ejus.

413 3187 597 3248 Καθὼς
629 3185 878 3251 ἀνίκητος
908 3185 1172 3266 ὑπάρχεις
1202 3184 1324 3262 (α).

1202 3184 1324 3262 (a).
2143 3187 2285 3245 Cum
2320 3182 2681 3245 invincibilis
2717 3182 2813 3244 sit.

412 3277 466 3339 5.
518 3278 728 3334 Αἰνεῖτε
758 3273 914 3330 «ore»
946 3274 1000 3330 ἐν
1031 3273 1159 3354 ἤχῳ
1187 3273 1512 3352 σάλπιγγος’

2143 3274 2203 3337 5.
2254 3274 2515 3334 Laudato
2537 3291 2673 3334 eum
2702 3273 2763 3334 in
2793 3289 2940 3334 sono
2976 3268 3132 3332 tubte
3164 3287 3177 3331 :

409 3363 502 3424 Ἐν
531 3372 609 3438 τῷ
634 3364 933 3441 κηρὺγματι
980 3366 1160 3425 αὐτοῦ.
1996 3391 2038 3442 c

1996 3391 2038 3442 ο
2144 3364 2207 3426 lu
2243 3363 2664 3442 praedicatione
2695 3363 2847 3440 ejus.

409 3453 468 3516 6.
519 3456 726 3512 Αἰνεῖτε
759 3454 916 3512 αὒτὸν
946 3453 1001 3509 ἐν
1029 3453 1311 3532 ψαλτηρίῳ
1342 3456 1430 3510 καὶ
1473 3456 1681 3532 κιθάρᾳ.

2141 3454 2198 3517 6.
2251 3453 2506 3513 Laudato
2536 3470 2668 3512 eum
2705 3453 2762 3512 in
2793 3449 3070 3529 psalterio
3103 3457 3154 3510 et
3189 3448 3437 3511 cithara.

411 3543 503 3604 Ἐν
532 3550 602 3620 τῇ
645 3547 832 3623 χάριτι
880 3551 969 3600 τοῦ
1019 3544 1320 3616 Πνεῦματος
1369 3552 1461 3601 τοῦ
1492 3545 1640 3622 ἁγὲου
1681 3547 1974 3620 ἁνυμνοῦν-

2140 3542 2203 3605 In
2231 3541 2418 3622 gratia
2446 3542 2700 3618 Spiritus
2715 3542 2901 3601 sancti
2925 3537 3234 3602 laudantes
3256 3555 3392 3600 eum
3416 3535 3477 3598 in
3500 3533 3703 3610 corde,

325 3658 419 3701 τες
462 3636 615 3691 αὐτὸν
645 3633 699 3689 ἐν
727 3631 795 3707 τῇ
835 3631 1040 3713 καρδίᾳ,
1073 3636 1160 3690 καὶ
1210 3640 1276 3710 τῇ
1305 3633 1551 3713 γλώσσῃ,
1585 3648 1680 3692 καῖ
1711 3649 1826 3699 τοῖς
1858 3639 1959 3716 χείι

1305 3633 1551 3713 γλώσσῃ,
1585 3648 1680 3692 καῖ
1711 3649 1826 3699 τοῖς
1858 3639 1977 3716 χείο
2060 3643 2121 3695 et
2149 3633 2370 3711 lingua,
2407 3639 2465 3691 et
2497 3629 2665 3693 labiis
2687 3633 2915 3693 vestris.

328 3726 476 3784 λεσιν
507 3723 678 3798 ὑμῶν.

411 3815 474 3875 7.
523 3817 711 3870 Ανεῖτὲ
754 3815 904 3871 οὖτὸν
930 3813 984 3868 ἐν
1013 3813 1270 3887 τυμπάνῳ
1302 3814 1387 3869 καὶ
1419 3814 1592 3894 χόρῳ·

2147 3811 2200 3874 7.
2251 3809 2508 3872 Laudato
2543 3828 2678 3872 eum
2709 3811 2765 3870 in
2799 3818 3072 3892 tympano
3103 3817 3162 3871 et
3191 3808 3375 3871 choro
3413 3827 3425 3870 :

416 3908 496 3982 Τῇ
526 3903 776 3982 νεκρώσει
808 3903 1001 3966 παντὸς
1028 3909 1120 3959 τοῦ
1161 3905 1408 3979 σώματος
1451 3905 1598 3980 ὓμὼν
1649 3906 1982 3980 ἀναμνήσατε

2147 3900 2595 3962 Mortiﬁcatione
2652 3901 2831 3961 totius
2901 3900 3170 3980 corporis
3228 3901 3410 3960 vestri
3469 3893 3703 3958 laudate

337 3996 520 4054 αῦτόν.

2069 4009 2231 4054 eum.

419 4085 478 4150 8,
526 4085 732 4141 Αἰνεῖτε
763 4083 916 4138 αὕτὸν
949 4083 1004 4138 ἐν
1035 4081 1255 4162 χορδαῖς
1277 4084 1362 4140 καί
1395 4085 1622 4162 ὀργάνῳ.

2151 4086 2210 4142 8.
2256 4080 2514 4142 Laudato
2536 4099 2671 4142 eum
2705 4087 2762 4143 in
2794 4080 3035 4142 chordis
3057 4089 3115 4141 ot
3145 4096 3389 4159 organo.

421 4171 637 4254 Χορδαί,
696 4170 999 4250 λογίζομαι,
1060 4170 1212 4251 νεῦρα
1265 4173 1401 4248 ἐστι,
1465 4174 1580 4230 καθ’
1655 4175 1813 4232 ἑαυτὰ
1891 4175 1988 4249 μὲν

2152 4170 2451 4245 Chordaa,
2513 4180 2576 4232 ut
2635 4183 2774 4252 puto
2812 4219 2828 4244 ,
2887 4171 3052 4233 nervi
3111 4179 3257 4231 sunt
3327 4168 3389 4230 iu
3443 4184 3509 4230 se
3567 4165 3714 4247 ipsis

324 4266 488 4344 νεκρὰ
532 4261 687 4334 ὄντα,
745 4263 833 4317 καὶ
897 4259 1255 4337 ἆποδεδεμένα
1310 4262 1363 4318 ἐν
1417 4262 1554 4336 ξύλῳ
1613 4265 1737 4320 nvi“
1815 4263 1958 4320 κινού

2074 4259 2315 4341 quidem
2383 4261 2622 4342 mortui,
2665 4271 2724 4323 et
2781 4261 3039 4341 colligati
3087 4263 3144 4323 in
3201 4258 3460 4341 quodam
3520 4256 3700 4335 ligno,

325 4377 463 4432 μενα
510 4353 566 4411 δὲ
639 4353 738 4408 ὑπό
794 4373 936 4414 τινος
994 4357 1098 4407 τῶν
1171 4359 1465 4431 τεχνιτῶν,
1540 4355 1727 4434 φωνὴν
1787 4353 1950 4409 ἆποτε

2078 4351 2222 4413 moti
2279 4359 2474 4413 autem
2546 4351 2620 4413 ab
2689 4350 2887 4434 aliquo
2957 4351 3148 4430 perito
3212 4349 3441 4411 artifice
3503 4363 3707 4408 vocem

323 4443 532 4501 λοῦσιν·
580 4441 804 4519 ὅργκνον
856 4440 911 4498 δὲ
965 4441 1113 4499 αὗλοὶ
1172 4445 1508 4522 συγκείμενοί
1564 4447 1692 4518 εἰσι,
1733 4446 1816 4502 καὶ
1850 4443 1957 4500 ἀλλ

2077 4439 2356 4504 officiunt.
2389 4440 2686 4522 Organum
2721 4452 2915 4505 autem
2946 4443 3156 4504 ﬁstulae
3197 4444 3518 4518 compactae
3547 4443 3709 4517 sunt,

323 4533 442 4598 λοις
473 4530 787 4607 μεταδίδωσι
849 4537 910 4588 τὸ
967 4531 1127 4608 μέλος
1172 4533 1511 4609 ἐμπνεόμενα
1550 4535 1649 4590 ὕπὸ
1688 4536 1780 4590 τοῦ
1833 4535 1957 4590 πνεὺ

2076 4539 2138 4590 et
2171 4530 2424 4593 invicem
2475 4533 2844 4594 harmoniam
2894 4532 3173 4594 emittunt
3209 4529 3425 4610 spiritu
3473 4527 3707 4602 inﬂatas,

324 4645 520 4698 ματος,
574 4624 732 4690 ἡνίκα
775 4622 960 4702 ἔχουσι
1005 4624 1126 4686 τοὺς
1180 4624 1310 4700 πρὸς
1342 4632 1495 4681 τοῦτο
1528 4625 1722 4686 αὖτοὺς
1773 4629 1952 4680 κινοῦν

2084 4637 2209 4680 cum
2269 4619 2489 4682 habent
2544 4622 2645 4702 qui
2703 4639 2802 4682 eas
2861 4621 2933 4680 ad
2994 4619 3050 4680 id
3107 4624 3401 4680 moveant.
3457 4615 3718 4679 Laudato

324 4734 446 4775 τας,
497 4715 704 4769 Αἰνεῖτε
736 4714 821 4768 οῦν
851 4711 1007 4768 αὒτὸν
1047 4711 1101 4768 ἐν
1129 4725 1250 4776 ταῖς
1283 4713 1524 4778 ἐντολαῖς
1568 4725 1690 4778 ταῖς
1731 4711 1958 4777 λεπταῖς

2074 4707 2256 4786 igitur
2315 4727 2454 4771 eum
2511 4710 2575 4772 in
2628 4711 2941 4792 praeceptis
2994 4707 3330 4782 subtilibus,
3367 4714 3428 4768 et
3480 4706 3708 4788 validis,

326 4805 418 4858 καὶ
445 4804 722 4882 ἰσχυραῖς,
757 4801 842 4857 καὶ
881 4813 1004 4866 ταῖς
1066 4799 1471 4877 ἃποδεδεμέναις
1504 4808 1572 4879 τῇ
1606 4801 1860 4881 νεκρώσει
1893 4805 1960 4859 τοέ

2079 4807 2128 4859 et
2183 4799 2426 4878 illigatis
2480 4799 2918 4862 mortiﬁcationi
2981 4797 3403 4877 corporis,'iet
3443 4796 3532 4874 in}
3565 4797 3713 4859 cha—

327 4894 602 4967 σώματος,
636 4892 724 4947 καὶ
767 4889 822 4946 ἐν
868 4895 938 4966 τῇ
988 4889 1170 4969 ἂγαπῃ
1224 4898 1291 4969 τῇ
1343 4891 1700 4970 ὲνεργουμένῃ
1751 4893 1854 4948 ὑπὸ
1899 4914 1961 4949 το

2083 4889 2268 4966 ritate,
2322 4908 2454 4970 qua:
2510 4890 2764 4953 efﬁcitur
2799 4908 2833 4952 a
2889 4888 3110 4971 Spiritu
3161 4896 3392 4962 sancto,
3427 4895 3485 4948 et
3538 4885 3717 4948 tradi-

329 4983 640 5057 Πνεύματος
698 4979 790 5038 τοῦ
849 4980 1023 5058 ἁγίου,
1075 4984 1163 5038 καὶ
1233 4980 1586 5057 μεταδιδοῦσα
1640 4983 1746 5039 ἀπὸ
1803 4981 1962 5039 τούτο

2088 4986 2135 5039 la
2169 4996 2244 5040 ex
2315 4980 2424 5041 hoc
2495 4979 2556 5041 in
2609 4979 2776 5056 illud,
2841 4987 2901 5042 ot
2957 4979 3216 5060 implens
3272 4977 3475 5038 omnia
3543 4975 3722 5039 simul

330 5073 409 5137 εἰς
439 5079 617 5145 τοῦτο,
668 5071 756 5127 καί
813 5068 1088 5148 πληροῦσα
1149 5072 1325 5136 πάσας
1388 5074 1523 5147 ὁμοῦ
1596 5073 1693 5136 τὰς
1748 5070 1964 5134 ἐντολὰς

2091 5077 2399 5149 praecepta,
2459 5077 2519 5132 et
2571 5068 2645 5133 ab
2674 5067 2952 5134 omnibus
3001 5067 3233 5145 audita,
3270 5067 3323 5130 si
3351 5066 3426 5129 ad
3469 5066 3570 5142 sit,
3603 5065 3725 5131 vol-

333 5163 426 5218 καὶ
475 5166 637 5218 πᾶσιε
694 5159 1022 5238 ἆκουομὲνη,
1053 5161 1096 5217 εἰ
1133 5158 1507 5242 διατυγχάνει,
1540 5163 1672 5220 ὼσεἰ
1704 5167 1796 5219 τοῦ
1829 5160 1967 5240 ὀργά·

920 5160 1022 5238 ἰνη,
1053 5161 1096 5217 εἰ
1133 5158 1507 5242 διατυγχάνει,
1540 5163 1672 5220 (basi
1704 5167 1796 5219 τοῦ
1829 5160 1998 5240 ὁργάο
2080 5166 2150 5220 ut
2179 5157 2387 5238 organi
2421 5177 2554 5224 τοι.

331 5273 429 5310 νου
458 5251 640 5329 φωνή.

418 5341 482 5402 9.
527 5341 734 5397 Αἰνεῖτε
763 5339 919 5395 αδτὸν
948 5337 1003 5394 ἐν
1029 5335 1320 5412 κυμϐάλοις
1355 5342 1606 5422 εῦήχοις’

2160 5338 2218 5398 9.
2267 5337 2526 5400 Laudato
2555 5337 2716 5401 enim
2750 5338 2810 5400 in
2839 5338 3123 5420 cymbalis
3153 5337 3311 5402 bene
3340 5332 3717 5400 sonantibus:

423 5427 736 5504 Ἀνυμνεῖτε
770 5429 925 5484 αὸτὸν
958 5427 1012 5483 ὲν
1039 5438 1158 5492 τοῖς
1188 5427 1394 5507 χείλεσι
1419 5437 1512 5487 τοῦ
1535 5429 1788 5506 σώματος
1815 5430 1990 5505 ὑμῶν,

1777 5450 1788 5494 ς
1815 5430 1990 5505 ὑμῶν.
2159 5427 2418 5488 Laudato
2446 5446 2582 5489 eum
2615 5429 2677 5490 in
2709 5427 2880 5490 labiis
2905 5429 3175 5511 corporis
3209 5427 3411 5490 vestri.

426 5517 520 5582 10.
569 5517 779 5576 Αἰνεῖτε
812 5517 967 5572 αὑτὸν
995 5514 1049 5571 ἐν
1092 5514 1388 5590 κυμϐάλοις
1421 5518 1762 5599 ἀλαλαγμοῦ.

2160 5515 2251 5579 10.
2303 5517 2564 5580 Laudato
2588 5537 2722 5580 eum
2756 5519 2815 5582 in
2846 5519 3134 5600 cymbalis
3155 5514 3551 5598 jubilationis.

423 5609 522 5670 Καὶ
557 5610 614 5664 ἑν
642 5617 968 5686 στεναγμοῖς
999 5603 1297 5685 ἀλαλήτοις
1330 5613 1430 5676 τῆς
1462 5607 1692 5674 διανοίας
1720 5610 1888 5685 ὑμῶν.

2154 5603 2225 5667 Et
2253 5605 2314 5667 in
2350 5609 2626 5686 gentibus
2655 5609 3156 5673 inenarrabilibus
3189 5604 3404 5670 mentis
3434 5619 3651 5670 vostra

415 5787 509 5869 (α)
540 5785 688 5867 Βεα.
725 5789 960 5871 ὑπάρχει
974 5834 988 5848 .
