4138 6216
310 361 470 430 1378

678 499 806 580 (15)
839 500 1156 559 Ἀθανασίόυ
1189 497 1602 584 Ἀλεξανδρείας,

307 596 437 676 Περὶ
468 603 563 655 τοῦ
593 595 670 670 μὴ
702 594 1036 671 θησαυρίζειν
1067 595 1151 651 ἐπὶ
1182 600 1323 676 γῆς,
1347 594 1526 671 βίϐλος
1557 602 1654 664 τῆς
1679 597 1961 676 ἑρμηνείας

695 683 784 731 τοῦ
814 676 950 732 κατὰ
982 679 1278 752 Ματθαϊον,
1314 675 1474 755 λόγος
1504 676 1585 740 Θ’,

395 772 484 838 Μὴ
543 769 896 848 θησαυρίζητε
980 770 1109 843 ὑμῖν
1167 772 1461 847 θησαυροὺς
1509 774 1594 829 ἒπί
1664 777 1762 839 τῆς
1833 773 1958 850 γῆς,

307 863 472 942 φησὶν
516 864 544 917 6
589 861 840 939 Χριστὸς,
903 857 1036 915 ὅπου
1107 860 1207 926 σὴς
1291 863 1377 917 καὶ
1431 862 1626 937 βρῶσις
1698 861 1957 942 ἀφανίζει,

307 953 402 1009 καὶ
453 951 586 1007 ὅπου
657 949 879 1006 κλέπται
946 949 1274 1028 διορύσσουσι
1336 953 1423 1007 καὶ
1475 951 1781 1014 κλέπτουσι.
1844 959 1958 1018 Θη-

310 1043 582 1120 σαυρίζετε
651 1038 704 1095 δὲ
776 1041 908 1115 ὑμῖν
987 1041 1278 1118 θησαυροὺς
1341 1040 1394 1096 ἐν
1454 1041 1700 1120 οὐρανοῖς
1737 1058 1751 1072 ⁶
1827 1039 1960 1098 ὅπου

309 1132 415 1199 σὴς
473 1134 557 1187 καὶ
600 1130 793 1208 βρῶσις
855 1133 949 1188 οὐκ
1002 1128 1266 1209 ἀφανίζει,
1314 1132 1401 1186 καὶ
1447 1128 1577 1187 ὅπου
1637 1130 1858 1188 κλέπται
1900 1133 1962 1187 οὔ

309 1218 698 1300 διορύσσουσιν,
757 1216 873 1278 οὐδὲ
945 1215 1290 1279 κλέπτουσιν.
1370 1223 1429 1278 Οἱ
1499 1218 1554 1276 δὲ
1627 1219 1960 1277 ἐπακούσαν-

311 1331 404 1374 τες
433 1310 638 1366 τούτων
667 1310 772 1365 τῶν
820 1308 1072 1386 ῥημάτων
1109 1309 1268 1365 εἶπον
1305 1329 1315 1341 ·
1355 1309 1513 1379 Καλή
1558 1308 1667 1366 ἔστι
1699 1308 1896 1391 σφόδρα
1924 1312 1959 1379 ἡ

313 1397 610 1468 συμϐουλία
641 1399 728 1454 καὶ
778 1395 1067 1462 ἆπόδεκτος
1110 1400 1144 1466 ἡ
1175 1399 1391 1476 γνώμη,
1435 1399 1528 1456 τοῦ
1555 1399 1697 1478 παρὰ
1725 1400 1823 1466 τὴν
1858 1404 1961 1477 γῆν

313 1487 523 1562 μᾶλλον
572 1487 626 1544 ἐν
689 1492 934 1566 οὐρανοῖς
980 1487 1418 1567 ἂποθησαυρίζειν
1474 1490 1539 1545 τὰ
1591 1489 1827 1567 παρόντα
1870 1495 1962 1546 τοῦ

313 1580 455 1656 βίον).
517 1577 685 1635 Ἀλλᾶ
727 1576 842 1642 πῶς
893 1577 1124 1654 θήσομεν
1171 1577 1233 1634 τό
1291 1579 1507 1658 χρυσίον
1567 1582 1655 1635 καὶ
1706 1580 1766 1635 τὸ
1800 1579 1963 1658 ἀργύ-

1399 333 1916 431 FRAGMENTA
1959 367 2042 432 1N
2085 365 2574 432 MATTHEUM.

3537 366 3690 433 1374

2471 503 2799 566 Athanasii
2829 502 3266 568 Alexandrini.

2047 597 2218 671 Quod
2249 615 2367 659 non
2400 599 2479 659 sit
2511 598 3058 660 thesaurizandum
3092 603 3158 660 iu
3182 607 3373 672 terra,
3405 597 3562 660 liber
3593 597 3690 659 in-

2126 678 2576 819 terpretit‘tgonis
2607 677 2914 757 Evangelii
2939 681 3268 742 secundum
3301 680 3636 742 Matthaeum
3671 699 3684 742 ε

2128 776 2326 819 sermo
2389 801 2405 819 ι
2449 809 2461 819 .

2128 776 2326 820 sermo
2359 776 2461 822 ιλ.

2127 850 2330 913 Nolite
2364 852 2778 914 thesaurizare
2829 854 2994 915 vobis
3055 854 3370 916 thesauros
3401 859 3467 914 in
3498 859 3684 926 terra,

2045 942 2238 1023 inquit
2267 941 2570 1018 Christus,
2597 940 2701 1004 ubi
2729 959 2932 1022 aerugo
2963 952 3018 1006 et
3055 950 3216 1006 tinea
3246 943 3596 1017 demolitur,
3632 948 3690 1002 et

2043 1033 2150 1094 ubi
2175 1031 2342 1110 fures
2365 1031 2659 1110 effodiunt
2689 1039 2743 1093 ct
2780 1034 3551 1111 furantur.Thesaurizate
3579 1049 3693 1093 au-

2044 1128 2162 1185 tem
2183 1122 2352 1184 vobis
2385 1123 2706 1184 thesauros
2738 1125 2800 1184 in
2825 1123 2988 1186 cwtz‘s
3022 1145 3034 1183 :
3089 1124 3192 1187 ubi
3223 1142 3409 1204 neque
3453 1138 3687 1200 (Brugo,

2042 1229 2238 1290 neque
2259 1217 2422 1274 tinea
2443 1210 2801 1287 demolitur;
2830 1221 2882 1274 et
2901 1215 3006 1274 ubi
3023 1216 3191 1290 fures
3214 1233 3335 1278 non
3367 1213 3688 1294 effodiunt,

2044 1319 2149 1364 nec
2167 1301 2464 1381 furantur
2490 1300 2566 1360 77.
2623 1299 2733 1373 Qui
2784 1320 2960 1382 porro
2993 1304 3337 1385 liujusmodi
3369 1302 3548 1364 verba
3577 1319 3688 1363 au-

2045 1391 2307 1463 dierunt,
2343 1390 2549 1451 dixere
2586 1414 2603 1450 :
2641 1390 2904 1454 Probum
2940 1397 3145 1475 utique
3175 1393 3516 1473 consilium,
3547 1410 3692 1473 pro-

2046 1479 2306 1561 bilisque
2339 1481 2658 1562 sententia,
2718 1489 2782 1541 ut
2831 1481 2892 1542 in
2937 1485 3101 1546 caelis
3156 1485 3349 1566 potius
3403 1501 3581 1562 quam
3631 1481 3694 1543 in

2051 1579 2209 1632 terra
2266 1570 2421 1630 bona
2473 1571 2788 1650 praesentia
2839 1574 3255 1637 recordentur.
3319 1572 3539 1636 Verum
3577 1590 3692 1652 quo

315 1692 431 1749 ριον
473 1671 528 1724 ἒν
586 1669 857 1747 οὸρανοῖς,
924 1667 1336 1747 ἀμηχανοῦμεν,
1399 1664 1569 1726 ’Ἐστι
1614 1670 1713 1746 γὰρ
1770 1666 1966 1747 σφόδρα

2060 1668 2224 1740 pacto
2280 1677 2490 1720 aurum
2554 1670 2939 1738 argentumve
2989 1683 3346 1743 reponamus
3405 1662 3464 1723 in
3496 1661 3688 1742 caelis,

315 1757 523 1834 ὃψηλὸς
584 1759 611 1813 6
655 1760 898 1834 οὐρανὸς,
949 1759 1034 1812 καὶ
1081 1757 1138 1811 οὒ
1187 1756 1449 1816 δυνάμεθα
1477 1763 1544 1833 τῇ
1597 1759 1737 1837 γειρὶ
1787 1757 1966 1834 ἐορικὲοο

2060 1749 2213 1812 nulla
2243 1768 2386 1811 sane
2418 1748 2567 1812 ratio
2600 1749 2826 1814 subest.
2880 1751 3024 1814 Nam
3078 1753 3336 1816 sublime
3365 1751 3690 1813 admodum

315 1852 439 1904 σθαι
487 1848 664 1906 αὖτοῦ.
701 1846 829 1904 Οὕτέ
861 1847 913 1902 δὲ
949 1849 1156 1917 ὁρῶμεν
1187 1847 1394 1913 ἐκείνην
1447 1848 1545 1913 τὴν
1595 1849 1854 1922 κλιμλκα,
1899 1847 1966 1915 ἢν

2060 1847 2142 1901 est
2172 1841 2414 1916 ctutum,
2477 1849 2538 1902 ut
2586 1841 2775 1921 ipsum
2813 1861 2988 1904 manu
3021 1844 3370 1922 contingere
3418 1859 3692 1922 nequea-

316 1939 574 1994 ἒθεασατο
613 1939 640 1991 6
698 1937 1034 2016 πατριάρχης
1079 1933 1296 2011 Ἰακὼϐ,
1342 1936 1434 1992 ἵνα
1482 1933 1548 1991 δι’
1609 1938 1773 2002 ανῦτῆς
1807 1934 1966 1991 ἀνελ-

2060 1931 2424 2007 mus.Neque
2449 1931 2607 1991 enim
2642 1931 2865 1993 scalam
2899 1933 3056 1995 illam
3084 1933 3695 2014 conspicimus,quam

315 2028 499 2090 ϐάντες
570 2027 961 2100 ἀποθησώμεθκ
1026 2023 1080 2079 ἒν
1138 2030 1214 2098 τῷ
1279 2025 1482 2103 οὖρανῴ
1547 2026 1612 2082 τὰ
1659 2026 1968 2106 ὑπάρχοντα

315 2119 501 2188 ὴμῶν.
549 2115 607 2173 Ὀ
663 2113 715 2170 δὲ
767 2116 964 2193 Κύριος
999 2131 1011 2144 ⁸
1066 2113 1172 2173 Κᾶν
1218 2117 1244 2172 ὁ
1319 2116 1534 2192 οὐρανός
1605 2115 1714 2171 ἐστι
1772 2113 1968 2194 σφόδρα

315 2205 556 2284 ὑψηλὸς,
588 2203 800 2261 δύνασθε
855 2206 928 2269 είς
988 2204 1145 2260 αὐτὸν
1174 2205 1594 2282 ἀπιιθησαυρίσαι
1637 2207 1730 2260 τὸν
1762 2204 1967 2261 ἀσυλαο

318 2295 574 2373 γώγητον
602 2295 862 2371 θησαυρὸν
922 2298 1018 2360 τῆς
1062 2291 1422 2361 δικαιοσύνης.
1464 2295 1564 2358 Δὸς
1617 2300 1826 2374 πτωχῷ
1881 2295 1968 2350 καὶ

319 2384 515 2450 πένητι
545 2383 618 2440 ὧν
668 2383 884 2463 χρῄζει,
940 2383 1031 2439 καὶ
1079 2383 1315 2462 εὑρήσεις
1360 2383 1492 2440 αὔτα
1535 2383 1864 2459 ἀποκείμενα
1917 2382 1970 2438 ἐν

319 2478 404 2549 τῷ
473 2475 675 2553 οὖρανῷ
734 2473 872 2547 σῶα,
930 2471 1224 2551 ἆμόλυντα,
1291 2470 1602 2551 ἀδιάφθορα.
1657 2473 1845 2552 Ἐχεις
1915 2470 1969 2528 δὲ

322 2566 416 2621 καὶ
457 2562 691 2639 κλίμακα
723 2562 1008 2633 διήκουσαν
1053 2563 1160 2618 ἀπὸ
1211 2567 1314 2641 γῆς
1350 2563 1424 2626 εἷς
1455 2563 1698 2642 οὖρανὸν,
1731 2563 1822 2618 τὸν
1855 2585 1969 2618 σω-

322 2656 512 2731 σήριον
553 2651 774 2731 σταυρόν
813 2667 826 2680 '
896 2648 1249 2726 ἀναϐαθμίδας
1327 2650 1381 2706 δὲ
1441 2653 1507 2708 τὰ
1566 2651 1809 2730 δόγματα
1865 2652 1970 2708 τῶν

322 2744 609 2823 ἂχράντων
646 2739 1004 2820 Εὖαγγελίων.
1039 2739 1290 2806 Ἀνάιῗηθι
1322 2740 1410 2798 οὖν
1457 2739 1522 2796 δι’
1568 2742 1742 2798 αὒτὼν
1773 2743 1846 2804 εἷς
1877 2742 1971 2804 τὰς

323 2833 663 2911 ἔπουρανίους
695 2833 884 2908 μονὰς,
917 2829 1011 2886 ἵνα
1042 2827 1293 2907 δοξασθῇς
1327 2833 1401 2895 εἰς
1448 2832 1538 2887 τὸν
1572 2832 1758 2890 αἰῶνα.
1793 2831 1970 2911 Πρόσ-

323 2945 425 3003 εχε
452 2921 506 2978 δὲ
534 2923 622 2979 καὶ
666 2929 743 2997 τῷ
769 2918 1043 3000 λεγομένῳ
1067 2921 1193 2998 παρ’
1225 2922 1380 2993 ἐμοῦ¹
1419 2919 1478 2979 Ὀ
1511 2921 1706 3000 λύχνος
1732 2931 1826 2979 τοῦ
1855 2921 1968 2977 σώ..

323 3011 496 3088 ματός
541 3031 635 3067 σου
665 3010 802 3066 ἐστὶν
833 3011 860 3066 6
892 3009 1158 3090 ὀφθαλμός
1231 3031 1344 3068 σου.
1402 3011 1459 3067 Εἰ
1509 3009 1538 3064 6
1569 3007 1838 3088 ὀφθαλμός
1880 3031 1972 3066 σου

324 3104 525 3167 ἁπλοῦς
584 3101 749 3179 ἔστιν,
809 3098 930 3156 ὅλον
983 3101 1043 3156 τὸ
1100 3104 1256 3174 σῶμα
1323 3121 1418 3155 σου
1470 3100 1728 3178 φωτεινὸν
1777 3098 1923 3156 ἔσται
1953 3114 1969 3130 ⁸

2051 2019 2193 2081 vidit
2232 2020 2565 2098 patriarcha
2592 2019 2877 2103 Jacob,ut
2902 2042 2971 2084 ea
3006 2024 3524 2104 conscensa,bona
3558 2039 3697 2082 nos-

2049 2117 2137 2169 tra
2174 2128 2535 2190 reponamus
2567 2111 2626 2174 in
2659 2113 2923 2175 cmlo.Ad
2956 2114 3080 2176 haec
3113 2117 3401 2178 Dominus
3428 2133 3441 2176 :
3467 2112 3692 2175 Etiam-

2050 2199 2100 2258 si
2131 2199 2452 2262 admodum
2477 2201 2775 2264 excelsum
2829 2204 2908 2264 sit
2935 2205 3179 2287 caelum,
3213 2205 3459 2286 potestis
3493 2215 3696 2264 tamen

2054 2288 2134 2349 ibi
2169 2289 2511 2351 thesaurum
2535 2291 2782 2371 justitiai
2833 2313 3136 2374 nunquam
3171 2294 3551 2376 expilandum
3599 2307 3697 2351 re-

2054 2396 2298 2456 ponere.
2343 2381 2424 2442 Da
2455 2382 2704 2461 pauperi
2735 2391 2793 2444 et
2825 2382 2984 2464 in0pi
3018 2404 3153 2466 quae
3180 2404 3331 2466 opus
3380 2384 3493 2465 ipsi
3525 2386 3688 2460 sunt,

2053 2477 2114 2530 et
2145 2487 2212 2529 ea
2241 2469 2369 2549 ipsa
2390 2474 2450 2529 in
2497 2471 2646 2533 coelo
2675 2479 2936 2553 reposita
2968 2474 3444 2556 invenies,salva,
3480 2472 3690 2534 imma-

2055 2558 2268 2633 culata,
2298 2559 2673 2641 incorrupta.
2707 2559 2904 2625 Habes
2950 2583 3185 2647 quoque
3219 2565 3463 2638 scalam,
3497 2580 3628 2644 qua:
3656 2578 3693 2622 a

2053 2655 2215 2708 terra
2243 2648 2314 2709 ad
2347 2649 2561 2710 caelum
2596 2669 2784 2731 usque
2832 2654 3133 2733 pertingit,
3163 2655 3440 2719 videlicet
3467 2653 3694 2715 saluta-

2053 2755 2180 2799 rem
2205 2756 2442 2800 crucem
2468 2761 2482 2815 ;
2507 2739 2726 2818 gradus
2749 2759 2912 2817 vero,
2951 2745 3445 2807 intemeratorum
3496 2741 3693 2804 Evan-

2054 2828 2341 2907 getiorum
2399 2829 2697 2909 dogmata.
2763 2833 2877 2894 Per
2930 2833 3265 2914 ipsaigitur
3314 2840 3386 2895 ad
3421 2832 3695 2897 ccelestes

2057 2917 2395 2979 mansiones
2425 2920 2788 3002 conscende,
2824 2931 2886 2983 ut
2929 2930 3152 2985 aeterna
3179 2924 3366 3000 gloria
3394 2921 3694 2985 atiiciaris.

2055 3007 2481 3069 Animadverte
2505 3009 2648 3070 illud
2679 3029 2713 3070 a
2739 3031 2830 3072 me
2858 3013 3082 3074 dictum
3119 3031 3132 3076 :
3169 3012 3454 3075 Lucerna
3484 3028 3695 3090 corpo-

2057 3099 2151 3159 ris
2183 3097 2278 3160 tui
2306 3106 2394 3161 est
2423 3098 2672 3172 Oculus;
2703 3103 2758 3163 si
2789 3102 2998 3164 oculus
3028 3111 3168 3166 tuus
3186 3103 3452 3183 simplex
3475 3101 3692 3181 fuerit,

326 3190 418 3248 ἐὰν
451 3188 505 3246 δὲ
529 3191 558 3247 6
589 3187 861 3268 ὀφθαλμός
924 3211 1019 3246 σου
1074 3188 1308 3264 πονηρός
1341 3187 1507 3260 ἐστιν,
1541 3187 1670 3245 ὅλον
1699 3191 1760 3246 τὸ
1819 3189 1971 3264 σῶμά

2061 3195 2248 3250 totum
2269 3206 2484 3267 corpus
2514 3196 2684 3250 tuum
2719 3192 2994 3253 lucidum
3017 3195 3170 3267 erit;
3200 3194 3296 3254 sin
3328 3200 3524 3254 autem
3552 3207 3698 3253 ocu—

327 3302 426 3336 σου
470 3279 741 3335 σκοτεινόν
805 3277 975 3336 ἔσται.
1039 3277 1245 3333 Γίνεται
1326 3275 1380 3332 δὲ
1431 3277 1491 3334 τό
1549 3279 1704 3352 σῶμα
1761 3299 1971 3335 σκοτει-

2060 3275 2152 3337 lus
2177 3283 2314 3337 tuus
2345 3255 2604 3353 nequam
2635 3279 3047 3355 fuerit,lolum
3078 3255 3300 3360 corpus
3331 3288 3501 3342 tuum
3540 3287 3696 3341 tene-

329 3371 444 3443 νὸν,
491 3378 581 3427 τοῦ
609 3369 882 3447 ὀφθαλμοῦ
913 3373 1145 3446 πονηροῦ
1175 3365 1353 3438 ὄντος,
1389 3365 1447 3422 οὔ
1492 3367 1635 3443 παρὰ
1671 3366 1769 3434 τὴν
1804 3367 1976 3423 αἰτίαν

327 3465 428 3516 τοῦ
468 3456 788 3536 δημιουργοῦ
822 3476 838 3493 ο
900 3456 1074 3512 πάντα
1135 3456 1237 3534 γὰρ
1306 3454 1406 3512 ὅσα
1451 3455 1698 3522 ἐποίησεν
1759 3459 1786 3512 6
1847 3458 1974 3519 Θεὸς

331 3547 478 3604 καλὰ
517 3546 631 3603 λίαν
663 3562 677 3578 ⁶
737 3544 874 3601 ἀλλὰ
923 3547 1066 3624 παρὰ
1093 3548 1184 3602 τὸν
1218 3547 1498 3626 μοχθηρὸν
1541 3546 1630 3601 καὶ
1662 3543 1976 3602 ἐθελόκακόν

332 3639 536 3714 τρόπον
565 3643 653 3692 τοῦ
695 3635 1029 3712 κεκτημένο.)
1061 3635 1239 3693 αὐτόν.
1287 3633 1591 3714 Ὀφθαλμὸν
1643 3632 1697 3689 δὲ
1742 3636 1975 3712 πονηρὸν

331 3728 564 3800 ἀκούων,
612 3725 789 3781 συνετὲ
847 3725 1104 3803 ἆκροατὰ,
1151 3725 1256 3780 νόει
1318 3724 1462 3781 εἶναι
1516 3724 1595 3798 μὴ
1633 3726 1720 3780 τὸν
1752 3723 1876 3781 ὄντα
1922 3724 1975 3780 ἐν

330 3823 404 3892 τῇ
445 3813 679 3893 κεφαλῇ,
721 3813 858 3870 ἀλλὰ
914 3815 1004 3869 τὸν
1061 3814 1370 3892 ὑπάρχοντα
1430 3814 1664 3890 πονηρὸν
1717 3811 1975 3890 λογισμὸν

335 3907 391 3962 ἰν
433 3911 500 3981 τῇ
542 3904 824 3983 ἀφωτίστῳ
882 3900 1084 3981 καρδίᾳ.
1143 3905 1198 3959 Εἰ
1227 3901 1280 3957 δὲ
1327 3903 1415 3958 καὶ
1447 3901 1676 3975 συμϐαίη
1728 3904 1820 3958 τὸν
1863 3925 1974 3958 σω-

333 3998 560 4072 ματικὸν
591 3995 860 4074 ὀφθαλμὸν
893 3998 1231 4062 σκοτισθῆναι
1292 3994 1353 4050 ἐκ
1405 3993 1614 4062 πολλῆς
1663 4001 1825 4074 φορᾶς
1854 3996 1977 4072 ῥεύ-

341 4109 506 4161 ματος
554 4087 639 4141 καὶ
679 4082 865 4152 ὀδύνης
897 4093 987 4142 τοῦ
1018 4085 1229 4164 κρανίου
1266 4100 1278 4114 ⁸
1315 4083 1434 4140 ἀλλ’
1471 4082 1589 4141 οὔτε
1619 4085 1654 4153 ἡ
1694 4085 1978 4160 σωματικὴ

335 4175 598 4255 τύφλωσίς
643 4198 760 4234 τινα
822 4173 1074 4242 amis-io!
1139 4175 1244 4231 τῶν
1294 4173 1600 4249 μελλόντων
1663 4175 1748 4230 καὶ
1792 4172 1979 4230 ἀϊδίων

329 4266 566 4344 ἀγαθῶν.

565 4377 567 4379 ‘
917 4354 1046 4437 (16)
1074 4353 1408 4429 Ἀθανασίου,

466 4451 551 4513 Εἰς
596 4450 655 4506 τό
689 4467 704 4484 ⁸
738 4449 875 4531 Οὐχὶ
897 4452 931 4518 ἡ
966 4453 1122 4529 ψυχὴ
1149 4447 1474 4531 πλετόνΔξστι
1511 4449 1608 4514 τῆς
1639 4451 1862 4526 τροφῆς,

704 4525 898 4588 xxi-'16
942 4525 1099 4607 σῶμα
1142 4532 1235 4586 τοῦ
1279 4525 1565 4603 ἐνδύματος
1602 4543 1618 4601 ;

2059 3364 2297 3427 brosum
2326 3367 2444 3428 erit
2465 3366 2550 3428 78.
2577 3367 2804 3448 Corpus
2824 3387 2966 3432 vero
2998 3370 3382 3433 tenebrosum
3415 3369 3697 3445 efﬁcitur,

2058 3454 2109 3516 si
2131 3454 2339 3516 oculus
2396 3473 2652 3535 nequam
2714 3466 2953 3540 est,non
3007 3460 3236 3540 opiﬁcis
3269 3459 3408 3520 vitio
3449 3476 3463 3522 :
3499 3460 3702 3521 omnia

2059 3544 2219 3605 enim
2253 3562 2628 3625 quaecunque
2660 3547 2802 3609 fecit
2849 3550 3140 3611 Dominus
3173 3548 3499 3611 admodum
3545 3547 3702 3612 bona

2059 3644 2202 3696 sunt
2229 3655 2245 3706 ;
2271 3633 2374 3695 sed
2411 3633 2485 3694 ob
2520 3635 2828 3714 improbos
2861 3655 3292 3720 perversosque
3328 3656 3522 3700 mores
3547 3641 3697 3720 ejus,

2059 3724 2232 3804 cujus
2259 3733 2350 3786 est
2381 3725 2608 3786 oculus.
2638 3724 2781 3787 Cum
2817 3746 2992 3808 porro
3045 3747 3295 3808 nequam
3320 3730 3558 3790 oculum
3590 3747 3702 3788 au-

2059 3813 2174 3892 dis,
2211 3814 2472 3891 prudens
2500 3815 2753 3888 auditor,
2778 3835 2851 3878 ne
2881 3819 3119 3878 oculum
3152 3817 3332 3898 capiti
3373 3818 3698 3879 haerentem

2059 3901 2374 3982 intelligas,
2417 3903 2521 3963 sed
2559 3921 2794 3983 pravam
2831 3908 3254 3985 cogitationem
3288 3908 3348 3968 in
3384 3907 3698 3968 tenebroso

2059 3991 2242 4054 corde
2291 3991 2599 4056 latentem.
2657 3995 2828 4068 Quod
2888 3999 2938 4058 si
3001 3998 3302 4076 contingat
3343 4013 3701 4078 corporeum

2063 4083 2296 4142 oculum
2330 4099 2401 4142 ex
2449 4083 2692 4162 copioso
2737 4087 2900 4148 ﬂuxu
2932 4105 2999 4148 ac
3032 4087 3240 4149 dolore
3271 4086 3458 4148 cranii
3490 4086 3706 4147 obscu-

2061 4169 2223 4246 rari;
2253 4177 2311 4231 at
2341 4188 2631 4250 corporea
2664 4176 2901 4239 caecitas
2921 4194 2957 4237 a
2987 4175 3200 4238 futuris
3223 4195 3290 4239 ac
3322 4174 3706 4256 sempiternis

2063 4259 2239 4323 bonis
2273 4259 2498 4322 nullum
2530 4271 2790 4327 amovet.

2707 4355 3060 4430 Athanasii,

2108 4445 2173 4507 In
2203 4444 2351 4508 illud
2380 4466 2394 4507 :
2433 4445 2645 4531 Nonne
2681 4451 2894 4512 anima
2925 4450 3059 4528 plus
3099 4458 3183 4513 est
3209 4469 3394 4531 quam
3425 4468 3581 4530 esca,
3611 4458 3664 4513 et

2294 4544 2513 4607 corpus
2538 4529 2681 4607 plus
2717 4548 2901 4610 quam
2937 4529 3351 4594 vestimentum
3380 4531 3478 4590 79?

425 4623 671 4702 Διαφέρει
712 4621 766 4680 δὲ
809 4626 843 4692 ἡ
889 4625 1041 4704 ψυχὴ
1096 4629 1195 4691 τῆς
1249 4625 1475 4701 τροφῆς,
1541 4622 1669 4676 καθὸ
1721 4618 1854 4687 αὕτη
1888 4618 1971 4694 μέγ

2149 4619 2356 4682 Ditl'ert
2383 4630 2577 4684 autem
2611 4624 2806 4684 anima
2828 4624 2900 4686 ab
2921 4633 3380 4703 esca,quatenus
3412 4627 3537 4688 haec
3569 4628 3707 4706 qui-

335 4715 456 4769 1ἔστι
485 4713 689 4788 πνεῦμά
722 4735 770 4768 τι
815 4713 1038 4784 ζωτικόν
1072 4730 1084 4743 ·
1131 4717 1166 4781 ἡ
1199 4711 1252 4769 δέ
1283 4711 1452 4791 τροφὴ
1483 4711 1653 4789 γηίνη
1685 4711 1772 4765 καὶ
1805 4707 1980 4765 εὒδιά-

339 4802 497 4866 λυτος
533 4817 547 4831 ’
605 4805 666 4858 τὸ
723 4805 881 4876 σῶμα
923 4809 1015 4858 τοῦ
1073 4800 1382 4878 ἐνδύματος,
1435 4799 1548 4856 ἐπεὶ
1592 4800 1652 4854 τὸ
1701 4821 1798 4874 μεν
1843 4797 1984 4854 ἐστιν

343 4889 496 4968 ἔργον
525 4893 718 4948 θείκῶν
751 4898 969 4971 χειρῶν,
1009 4893 1070 4948 τὸ
1100 4889 1154 4947 δὲ
1186 4893 1352 4953 πόκος
1393 4887 1590 4966 ἀλόγου
1617 4888 1981 4964 βοσκήματος.

342 4979 542 5038 Πολλοὶ
592 4981 671 5055 δὲ,
731 4981 1012 5047 ἀκούοντες
1066 4983 1252 5061 ψυχὴν
1331 4980 1622 5058 ἐσθίουσαν,
1703 4975 1984 5049 ξενίζονται

341 5069 431 5126 ἐπὶ
473 5075 549 5142 τῷ
607 5071 775 5151 λόγῳ,
840 5073 1065 5149 ὁρῶντες
1111 5073 1206 5138 τὴν
1258 5082 1424 5151 χεῖρα
1471 5075 1547 5140 τῷ
1582 5066 1806 5142 στόματι
1839 5068 1988 5142 κομί-

339 5165 531 5231 ζουσαν
591 5160 659 5216 τὰ
709 5160 872 5219 σιτία.
928 5159 1095 5218 Ἀλλὰ
1148 5162 1232 5233 σὺ,
1294 5159 1566 5237 ἀγαπητὲ,
1630 5155 1706 5231 Ni
1751 5156 1985 5231 ξενισθῇ(

338 5248 525 5329 ψυχὴν
576 5249 784 5313 ἀκούων
841 5248 1139 5312 ισθίουσαν.
1200 5249 1308 5310 Καὶ
1367 5249 1469 5328 γὰρ
1515 5246 1679 5307 οὕτως
1737 5245 1847 5302 ὶστὶ
1904 5246 1990 5302 καὶ

419 5439 482 5492 ⁷7
509 5441 733 5506 Matth.
767 5459 849 5524 vr,
889 5444 986 5518 19,
1009 5443 1109 5508 20.
1195 5441 1259 5494 78
1285 5441 1488 5505 Matth.
1521 5458 1604 5516 γι,
1637 5439 1740 5502 22.

450 5603 550 5686 15)
575 5603 727 5686 Ηωσ
745 5604 1045 5686 prodeunt
1067 5623 1140 5669 ex
1171 5604 1310 5686 cod.
1343 5602 1491 5686 Reg.
1527 5604 1707 5686 1993A.

2068 4708 2203 4770 dem
2240 4719 2326 4772 est
2356 4710 2600 4790 spiritus
2653 4713 2995 4794 viviﬁcans;
3055 4714 3156 4776 illa
3184 4733 3321 4777 vero
3354 4726 3591 4778 terrena
3621 4723 3712 4778 est

2067 4799 2356 4880 facileque
2371 4801 2882 4884 solvitur.Corpzis
2905 4822 3044 4865 vero
3071 4813 3304 4884 praestat
3325 4807 3703 4883 vestimento,

2069 4888 2209 4968 quia
2258 4887 2403 4951 illud
2438 4892 2674 4970 quidem
2724 4893 3058 4954 divinarum
3095 4913 3374 4956 manuum
3408 4896 3710 4976 Opiﬁcium

2071 4979 2304 5052 est,hoc
2323 4981 2687 5054 vero,vellus
2703 4980 3565 5060 pecorisirrationabilis.Multi
3583 5002 3714 5066 por-

2074 5086 2139 5128 ro
2169 5067 2482 5130 audientes
2541 5071 2956 5132 comedentem
2989 5071 3280 5147 animam,
3315 5075 3391 5136 ob
3423 5074 3582 5136 vocis
3608 5075 3706 5135 in-

2070 5156 2383 5218 solentiam
2411 5159 2822 5240 stupent,dum
2843 5160 3301 5226 videntmanum
3327 5164 3709 5228 orialimenta

2069 5247 2410 5309 admovere.
2436 5247 2512 5309 At
2531 5249 2866 5330 tu,dilecte,
2892 5269 2968 5314 ne
3003 5253 3412 5335 mireris,dum
3441 5252 3702 5315 animam

1828 5434 1890 5491 79
1909 5437 2058 5502 ibid.
2091 5441 2192 5503 25.

449 5681 550 5769 16)
579 5681 883 5752 Prodeunt
913 5687 1041 5753 hac
1066 5705 1135 5753 ex
1167 5685 1380 5752 codice
1412 5681 1562 5767 Hoc.
1590 5683 1769 5765 1993,
1805 5681 1914 5750 to].
1943 5683 2044 5761 86,
2071 5684 2250 5752 editis
2275 5688 2529 5754 multum
2555 5687 2852 5752 absimilia
2882 5693 2941 5752 et
2971 5687 3143 5769 longe
3173 5687 3458 5754 auctoris.
