4110 6206
558 325 707 393 1387

1346 333 1408 397 S.
1456 325 1879 398 ATHANASII
1925 333 2090 394 OPP.
2139 330 2330 394 PARS
2373 330 2481 392 IlI.
2529 365 2606 375 —
2651 329 3119 398 EXEGETICA.

3783 337 3805 399 1
3818 337 3920 403 388

548 464 760 527 nitenti
788 464 1203 528 remissionem
1235 466 1490 530 dandam
1524 486 1640 528 non
1673 484 1808 529 esse
1846 485 1861 542 ;
1893 465 1998 528 sed
2031 465 2158 527 blas

2273 467 2384 520 σθαι
2420 461 2474 519 δὲ
2512 465 2648 544 χρὴ,
2699 465 2779 521 ὅτι
2809 467 2906 522 οὐκ
2940 468 3100 524 εἶπεν
3136 471 3163 525 ὁ
3195 473 3448 551 Χριστος,
3485 481 3571 547 Τῷ
3599 472 3920 553 βλασφημή-

551 556 881 637 phemanti,
907 560 1032 616 sive
1063 555 1121 616 in
1159 555 1536 638 blasphemia
1561 556 1986 638 perseveranti:
2019 554 2205 636 siqui-

551 646 688 708 dem
705 645 999 725 condigna
1018 647 1369 727 pmnitentia
1386 654 1628 727 peccata
1641 646 1844 707 omnia
1858 643 2201 717 eluit.Quod

549 745 747 796 autem
783 733 1026 811 dicitur,
1054 735 1486 816 blasphemiam
1521 736 1580 796 in
1615 734 1902 815 Spiritum
1935 743 2199 796 sanctum

552 844 746 906 neque
768 824 830 886 in
853 826 991 899 hoc,
1019 843 1211 906 neque
1243 826 1300 885 in
1323 822 1520 886 futuro
1545 825 1760 887 saeculo
1787 824 2003 886 dimitti
2031 845 2046 900 ;
2081 823 2203 903 qui-

552 913 687 977 dam
711 931 776 978 re
799 913 1145 993 diligentius
1170 912 1465 994 exquisita
1487 912 1717 994 dicunt,
1737 921 1986 994 quatuor
2009 911 2202 972 modis

551 1014 927 1084 peccatorum
954 1004 1182 1065 veniam
1216 1004 1468 1065 concedi
1496 1022 1512 1078 ;
1549 1003 1781 1066 duobus
1816 1003 1933 1082 hic,
1967 1001 2202 1064 duobus

552 1095 697 1156 item
748 1094 808 1154 in
856 1093 1054 1155 futuro
1103 1091 1340 1154 saeculo.
1397 1090 1539 1155 Cum
1605 1093 1762 1154 enim
1819 1102 2200 1173 peccatorum

549 1183 745 1245 omnis
778 1183 1066 1263 temporis
1116 1181 1395 1244 memisse
1447 1200 1565 1243 non
1614 1181 1938 1263 possimus,
1990 1191 2051 1242 ut
2103 1180 2200 1241 hic

551 1273 961 1353 paenitentiam
997 1271 1250 1352 quilibet
1277 1289 1453 1351 agere
1486 1272 1674 1353 possit
1704 1293 1720 1344 ;
1745 1271 1970 1332 idcirco
1998 1270 2199 1333 Domi-

548 1381 662 1424 nus
693 1371 919 1437 noster,
946 1361 1120 1424 nobis
1143 1361 1237 1423 hic
1274 1359 1681 1441 paenitentiam
1708 1379 1828 1421 non
1859 1357 2194 1438 agentibus,

547 1451 720 1532 duos,
757 1459 819 1512 ut
849 1452 1073 1513 dictum
1108 1458 1219 1525 est,
1257 1449 1319 1511 in
1350 1450 1544 1511 futuro
1594 1450 1957 1530 poenitentiae
1988 1448 2197 1509 modos

549 1541 901 1622 procuravit.
968 1541 1113 1604 Cum
1147 1541 1278 1621 quis
1311 1532 1540 1602 scilicet
1572 1538 1730 1600 bona
1780 1537 2196 1599 indifferenter

549 1631 768 1710 egerit,
798 1629 918 1692 sive
952 1627 1364 1690 misericordia
1393 1635 1453 1690 et
1482 1625 2008 1688 commiseratione
2033 1643 2194 1686 com-

551 1728 747 1782 motus
777 1720 838 1780 in
872 1718 1229 1800 proximum,
1257 1717 1381 1778 sive
1407 1717 1628 1798 quaevis
1658 1715 1779 1776 alia
1808 1713 2194 1776 humanitatis

2286 575 2435 608 σαντι
2481 555 2568 609 καὶ
2640 556 3028 629 μετανογξσαντι
3091 557 3187 614 οὐκ
3248 559 3594 638 ἀφεθήσεται·
3658 561 3793 619 ἄλλὰ
3847 570 3923 636 Τῷ

2286 641 2717 723 βλασφημοῦντι,
2751 643 2858 701 εἴτ’
2907 650 2995 702 οὖν
3047 649 3358 722 ἒπιμὲνοντι
3407 657 3474 728 τῇ
3502 651 3833 732 βλασφημίᾳ.
3867 651 3924 709 Ἠ

2288 733 2386 808 γὰρ
2418 732 2694 811 ἀξιόλογος
2730 736 2986 807 μετάνοια
3034 736 3214 792 πάντα
3248 737 3360 795 λύει
3436 742 3499 796 τὰ
3554 743 3923 817 ἁμαρτήματα,

2291 821 2413 901 (22)
2449 825 2519 879 Τὸ
2551 821 2603 878 δὲ
2650 826 2788 898 μήτε
2837 825 3058 882 ἐνταῦθα
3110 827 3350 906 ἀφίεσθαι
3411 837 3484 905 τῷ
3516 832 3587 894 εἷς
3620 833 3681 888 τὸ
3727 837 3926 908 Πνεῠμα

2285 911 2762 993 βλασφημήσαντι,
2813 917 2951 988 μήτε
3026 915 3080 970 ἐν
3139 924 3213 991 τῷ
3259 917 3541 992 μέλλοντι,
3576 921 3711 983 τινές
3753 920 3923 986 ἕξεται

2285 1001 2464 1071 ζοντές
2497 1025 2626 1081 φασι
2679 1004 2940 1082 τέσσαρας
2992 1009 3137 1062 εἶναι
3171 1009 3410 1084 τρόπους
3441 1007 3510 1066 δι’
3537 1012 3611 1064 ὧν
3641 1010 3926 1089 συγχώρη-

2285 1113 2365 1153 σις
2423 1093 2822 1170 ἁμαρτημάτων
2871 1095 3098 1172 γίνεται·
3167 1094 3252 1152 δύο
3322 1097 3565 1179 ἐνταῦθα,
3596 1101 3682 1157 καὶ
3741 1097 3826 1156 δύο
3876 1099 3925 1154 ἐν

2285 1187 2360 1255 τῷ
2391 1180 2663 1256 μέλλοντι.
2722 1182 2944 1250 Ἐπειδὴ
3007 1186 3109 1263 γὰρ
3143 1189 3238 1243 οὒκ
3295 1189 3598 1266 ἆφικνεϊται
3657 1192 3690 1257 ἡ
3741 1190 3925 1264 μνήμη

2283 1268 2407 1328 ὅλου
2439 1273 2639 1350 χρόνου
2697 1275 3053 1348 μνημονεύειν
3109 1276 3174 1330 τὰ
3229 1275 3541 1355 σφάλματα,
3575 1277 3668 1334 ἵνα
3711 1279 3925 1335 ἐνταῦθα

2281 1361 2590 1435 μετανόήσῃ
2656 1363 2680 1416 ὃ
2738 1361 3032 1440 ἅνθρωπος,
3083 1365 3404 1440 ᾡκονόμησε
3464 1365 3842 1446 φιλανθρώπως
3899 1371 3923 1422 ὁ

2284 1450 2471 1526 Κύριος
2504 1451 2658 1523 ἡμῶν
2716 1451 2793 1524 μὴ
2857 1453 3261 1525 μετανοοόντων
3295 1453 3517 1533 τρόπους
3569 1457 3845 1529 μετανοίας
3873 1456 3922 1510 ἐν

2279 1535 2376 1610 μὲν
2431 1543 2506 1611 τῷ
2545 1536 2821 1612 μέλλοντι,
2858 1541 2931 1603 ὡς
2997 1541 3240 1615 εἴρηται,
3276 1541 3384 1604 δύο.
3423 1543 3547 1600 ὀίεαι
3599 1567 3678 1609 τις
3705 1544 3922 1625 ἀδιαφό-

2278 1648 2381 1704 ρως
2437 1627 2867 1706 ἀγαθοεργήσας,
2918 1629 3032 1686 εἴτε
3096 1632 3168 1692 εἷς
3229 1632 3416 1689 οἶκτον
3473 1635 3560 1689 καὶ
3605 1637 3923 1711 συμπάθειαν

2281 1717 2411 1792 πρὸς
2445 1717 2534 1772 τὸν
2587 1716 2813 1783 πλησίον
2865 1721 3121 1792 κινηθεὶς,
3158 1723 3193 1788 ἢ
3226 1721 3323 1778 ὅσα
3371 1722 3508 1783 ἄλλα
3539 1723 3922 1803 φιλανθρώπως

547 1809 742 1872 officia
768 1809 1114 1888 praastiterit
1147 1827 1165 1882 ;
1198 1825 1269 1869 ea
1292 1824 1471 1887 porro
1504 1805 1564 1865 in
1595 1804 1791 1865 futuro
1823 1803 2061 1877 saeculo,
2093 1804 2185 1882 ju-

2279 1807 2539 1884 ὲχόμενα·
2576 1809 2740 1863 ταῦτα
2773 1807 2825 1862 ἐν
2857 1812 2934 1881 τῷ
2979 1808 3230 1882 μέλλοντί
3295 1813 3445 1867 αἰῶνι
3505 1815 3640 1870 κατὰ
3687 1817 3775 1869 τὸν
3805 1837 3923 1870 χαι-

549 1900 690 1960 dicii
723 1899 1083 1980 tempore.in
1115 1916 1289 1978 quam
1314 1893 1770 1976 propendebunt
1792 1901 2046 1974 partem,
2081 1910 2188 1953 ve-

547 1989 706 2049 niam
743 1985 1288 2068 consequentur.Et
1315 1985 1413 2046 hic
1434 1983 1680 2060 quidem
1703 1983 1930 2062 primus
1952 1993 2040 2044 est
2072 2000 2189 2041 mo-

545 2080 678 2141 dus:
707 2082 1006 2142 secundus
1031 2097 1176 2141 vero
1209 2079 1259 2139 is
1283 2085 1396 2149 est.
1422 2096 1561 2139 cum
1592 2077 1728 2152 quis
1751 2073 2010 2156 peccatis
2043 2092 2192 2135 con-

545 2169 812 2249 strictus,
845 2169 1048 2232 audita
1074 2169 1312 2231 Domini
1336 2185 1481 2228 voce
1504 2163 1781 2227 dicentis:
1808 2161 2008 2224 Nolite
2018 2164 2192 2240 judi-

543 2270 780 2332 care,ut
795 2257 1396 2337 nonjudicemini,de
1412 2261 1651 2317 nemine
1669 2253 2193 2333 judicare,exami-

543 2361 682 2409 nato
719 2349 852 2410 vitae
879 2351 1170 2424 instituto,
1195 2365 1398 2425 ausus;
1437 2354 1638 2425 utpote
1660 2345 1855 2407 cultor
1885 2347 2187 2423 praecepti,

542 2437 878 2519 nequeipse
893 2438 1225 2518 iudicatur.
1256 2439 1467 2514 Neque
1503 2435 1660 2495 enim
1679 2431 2048 2495 mandatisui
2077 2438 2192 2492 im-

543 2546 774 2589 memor
803 2539 896 2589 est
924 2527 1024 2588 ille
1060 2526 1500 2588 veracissimus.
1553 2523 1794 2585 Duobus
1828 2529 2024 2583 autem
2057 2520 2192 2581 aliis

543 2618 738 2679 modis
773 2617 869 2678 hic
892 2618 1066 2678 venia
1087 2616 1561 2691 obtinetur;cum
1593 2612 1726 2694 quis
1749 2611 2033 2672 nimirum
2059 2628 2192 2690 pec-

543 2709 702 2769 catis
718 2706 1244 2784 obnoxius,divina
1259 2705 1645 2785 dispensante
1667 2700 2191 2782 providentia,mi-

545 2797 1041 2878 seriis,aerumnis
1065 2794 1412 2876 morbisque
1434 2791 1908 2873 aﬂligitnr.Modo
1935 2808 2192 2868 namque

541 2885 656 2948 sibi
689 2886 913 2965 ignoto,
952 2885 1045 2946 his
1066 2903 1100 2946 a
1127 2887 1248 2947 Deo
1274 2892 1576 2965 purgatur.
1613 2883 1686 2944 Et
1713 2881 1764 2942 si
1795 2880 2035 2961 quidem
2066 2886 2192 2941 ten-

540 2984 692 3036 tatus
721 2975 943 3052 gratias
973 2983 1131 3053 agat,
1168 2973 1508 3035 mercedem
1541 2972 1618 3033 ob
1647 2971 1963 3050 gratiarum
1995 2968 2188 3028 actio-

2279 1898 2370 1972 ρὸν
2440 1896 2536 1962 τῆς
2603 1897 2828 1973 κρίσεως
2895 1902 3390 1982 ζυγοστατούμενα,
3424 1901 3504 1980 ἐφ’
3546 1903 3581 1957 ἅ
3625 1904 3722 1970 τήν
3763 1904 3928 1980 ῥοπὴν

2277 1984 2419 2064 ἔχει,
2455 1987 2802 2064 συγχώρησις
2830 1991 3054 2064 γίνεται.
3087 1987 3192 2048 Καὶ
3224 1992 3380 2051 οὗτος
3408 1992 3508 2064 μὲν
3541 1996 3567 2048 ὁ
3595 1997 3679 2056 εἷς
3711 1995 3920 2071 τρόπος·

2276 2077 2514 2154 δεύτερος
2560 2073 2614 2130 δὲ
2648 2081 2825 2142 οὗτος
2863 2079 2990 2135 ὅταν
3041 2094 3163 2144 ταῖς
3197 2083 3488 2159 ἁμαρτίαις
3546 2087 3923 2165 συνεχόμενος,

2276 2167 2479 2222 ἀκούων
2539 2167 2592 2224 δὲ
2670 2175 2761 2224 τοῦ
2843 2170 3026 2246 Κυρίου
3078 2169 3357 2250 λέγοντος’
3412 2175 3498 2239 Μὴ
3551 2178 3775 2255 κρίνετε,
3837 2177 3922 2231 ἵνα

2276 2259 2353 2332 μὴ
2385 2258 2619 2336 κριθῆτε,
2653 2257 2983 2334 φοϐούμενος
3033 2260 3219 2318 οὐδένα
3253 2263 3412 2339 κρίνει
3473 2264 3526 2318 ἐν
3563 2267 3629 2339 τῇ
3693 2264 3916 2329 ἐξετάσει

2275 2353 2381 2402 τῶν
2407 2345 2771 2422 βεϐιωμένων·
2807 2351 2880 2411 ὡς
2913 2347 3077 2426 φύλαξ
3135 2356 3233 2417 τῆς
3295 2351 3518 2418 ἐντολῆς
3551 2355 3608 2409 οὗ
3667 2358 3910 2431 κρίνεται.

2277 2440 2383 2498 Τὶς
2416 2438 2517 2514 γὰρ
2552 2437 2736 2496 ἑαυτοῦ
2783 2438 3005 2505 ἐντολῆς
3052 2441 3146 2496 οὒκ
3187 2440 3507 2517 ἐπιλήσμων
3531 2445 3558 2498 ὁ
3589 2443 3916 2518 ἀψευδέστα-

2276 2548 2390 2588 τος.
2427 2531 2486 2584 Οἱ
2521 2525 2575 2581 δὲ
2625 2527 2798 2605 ἕτερον.
2834 2526 2923 2584 δύο
2955 2530 3140 2608 τρόποι
3201 2531 3420 2590 ἐνταῦθα
3450 2534 3547 2600 τὴν
3577 2535 3915 2613 συγχώρησιν

2276 2615 2516 2694 ἔχουσιν·
2579 2617 2707 2672 ὃταν
2766 2639 2869 2690 τις,
2903 2618 2957 2674 ἐν
2999 2621 3281 2696 ἁμαρτίαις
3328 2620 3423 2696 ὢν,
3461 2623 3826 2698 οἰκονομεῖται
3860 2625 3918 2679 ἐκ

2275 2711 2371 2771 τῆς
2399 2707 2644 2781 προνοίας
2704 2705 2757 2761 ἓν
2807 2723 3134 2789 συμφοραῖς,
3167 2713 3221 2765 ἒν
3283 2711 3562 2789 ἀνάγκαις,
3615 2713 3667 2767 ἐν
3713 2713 3907 2776 νόσοις·

2273 2798 2346 2859 ὡς
2372 2797 2464 2851 οὒκ
2491 2792 2606 2852 οἶδε
2669 2798 2768 2874 γὰρ
2819 2795 2902 2852 διὰ
2949 2805 3053 2855 τῶν
3097 2801 3348 2856 τοιούτων
3409 2803 3644 2881 καθαίρει
3706 2803 3862 2859 αὖτὸν
3890 2805 3919 2857 ὃ

2274 2888 2426 2946 Θεός.
2466 2883 2570 2945 Καὶ
2629 2887 2672 2940 εἰ
2721 2887 2821 2959 μὲν
2881 2890 3200 2967 εὐχαριστεῖ
3251 2891 3659 2971 πειραζόμενος,
3694 2897 3785 2948 τὸν
3837 2896 3921 2949 επὶ

2271 2975 2680 3062 sae-3119ath
2732 2978 2916 3048 μισθὸν
2987 2975 3265 3053 λαμϐάνει’
3301 2981 3345 3034 εἰ
3401 2977 3454 3034 δὲ
3507 2980 3822 3062 ἀχαριστεϊ,
3853 2980 3918 3036 δι’

540 3082 676 3126 nem
707 3063 922 3144 accipit
949 3083 965 3139 ;
998 3063 1090 3124 sin
1120 3082 1186 3124 se
1216 3069 1510 3142 ingratum
1550 3059 1834 3142 praebeat.
1867 3057 2184 3150 de‘iisdem

2273 3061 2330 3127 ἃς
2362 3069 2458 3138 μὲν
2503 3065 2762 3142 ἁμαρτίας
2823 3064 3150 3140 παιδεύεται,
3175 3067 3235 3123 ἐκ
3291 3075 3399 3124 τῶν
3431 3057 3686 3126 τοιοότων
3743 3057 3919 3150 κρίνε-

539 3154 798 3234 peccatis
813 3172 1068 3236 quorum
1089 3171 1267 3214 causa
1283 3145 2180 3232 corripitur,iterumjudicatur:

539 3243 902 3324 insuperque
925 3242 1157 3304 debitas
1196 3242 1429 3320 ingrato
1451 3240 1650 3302 animo
1677 3256 1882 3319 pinnas
1900 3236 2068 3297 luere
2088 3255 2187 3324 co-

538 3321 694 3412 gitur
721 3321 906 3411 igitur
960 3339 1202 3411 peccata
1233 3331 1291 3392 in
1338 3328 1615 3392 homines
1646 3326 1927 3389 admissa.
1985 3321 2186 3384 multis

539 3431 784 3502 possunt
812 3421 1146 3483 rationibus
1176 3419 1496 3483 condonari
1528 3439 1540 3480 :
1576 3437 1712 3479 nam
1743 3421 1793 3476 si
1816 3414 1954 3492 quis
1987 3415 2046 3475 in
2069 3413 2180 3502 ho-

538 3501 760 3573 minem
787 3528 1062 3592 peccans,
1089 3509 1164 3571 de
1194 3510 1312 3571 alio
1336 3510 1578 3570 homine
1612 3507 1767 3568 bene
1794 3501 2182 3592 mereatur,is

535 3619 712 3681 quam
729 3599 790 3660 in
818 3608 1086 3662 naturam
1106 3599 1371 3678 peccavit
1399 3598 1595 3659 eidem
1619 3605 1844 3658 naturae
1865 3591 2175 3656 satisfecit.

535 3689 654 3752 Sed
689 3689 1062 3770 blasphemia
1104 3694 1163 3749 in
1195 3688 1482 3770 Spiritum
1527 3694 1680 3767 (quae
1713 3681 2032 3745 infidelitas
2063 3690 2175 3761 est,

536 3779 787 3859 nullam,
822 3780 936 3839 nisi
967 3778 1102 3859 quis
1125 3777 1325 3840 ﬁdelis
1358 3775 1675 3850 efﬁciatur,
1706 3777 1936 3835 veniam
1960 3772 2175 3833 admit-

534 3869 714 3948 tens),
748 3874 952 3949 utpote
987 3869 1312 3948 impietatis
1343 3876 1402 3930 et
1430 3863 1798 3928 inﬁdelitatis
1843 3869 2175 3945 peccatum,

533 3976 733 4038 neque
762 3957 824 4020 in
838 3958 1018 4032 hunc,
1046 3975 1244 4039 neque
1266 3959 1326 4020 in
1357 3959 1551 4020 futuro
1572 3955 1794 4018 saeculo
1824 3953 2172 4015 dimittetur.

964 4047 1292 4111 Athanasii
1323 4047 1743 4110 Alexandrini.

1130 4137 1216 4202 De
1245 4136 1564 4201 'Iunaticis.

529 4227 800 4306 Domine,
825 4230 1130 4289 miserere
1151 4228 1277 4308 ﬁlio
1304 4245 1458 4300 meo,
1478 4233 1624 4307 quia
1657 4225 1959 4287 lunattcus
1989 4230 2098 4301 est,
2118 4229 2174 4282 et

527 4319 694 4378 male
715 4318 952 4397 patitur
967 4319 1056 4376 37.
1090 4317 1408 4398 Lunaticis,
1434 4336 1554 4377 non
1575 4316 1716 4377 luna
1733 4313 1978 4375 insania;
1998 4328 2175 4373 causa

527 4415 639 4487 est,
669 4381 868 4488 neque
897 4408 1057 4470 enim
1083 4407 1224 4468 luna
1251 4407 1324 4469 ad
1354 4381 1574 4468 malum
1617 4413 1675 4466 et
1701 4404 1986 4466 damnum
2013 4399 2169 4461 infe-
2197 4381 2239 4431 θ

527 4497 788 4558 rendam
815 4495 1162 4560 hominibus
1176 4503 1375 4558 creata
1403 4503 1517 4575 est,
1550 4493 1655 4554 sed
1676 4492 1749 4553 ad
1771 4489 2170 4553 ministerium

527 4585 772 4666 optimis
794 4588 1158 4669 utilibusque
1179 4586 1365 4651 rebus
1393 4582 1807 4666 praebendum.
1839 4580 1989 4644 Cum
2011 4577 2172 4669 enim

527 4694 597 4737 ex
632 4683 842 4740 natura
872 4697 978 4740 sua
1001 4666 1246 4740 humida
1268 4674 1799 4757 sit,suavissimum
1821 4666 2176 4750 corporibus

527 4783 800 4827 somnum
837 4777 1138 4848 prowrat,
1173 4768 1363 4830 noctis
1394 4765 1692 4838 tenebras,
1725 4763 1927 4825 colore
1979 4758 2173 4820 lacteo

527 4863 756 4928 ornata,
780 4856 1298 4940 demulcet;solem
1322 4875 1458 4918 vero
1477 4854 1580 4934 qui
1607 4853 1804 4915 siccus
1826 4849 2175 4940 calidusque

529 4954 827 5025 est,aequa
851 4946 1022 5010 lance
1046 4938 1545 5030 temperat,atque
1561 4944 1810 5005 humore
1823 4938 2174 5030 frigiditate:

529 5054 645 5117 que
706 5053 812 5097 sua
854 5036 1086 5116 plantas
1141 5025 1376 5118 omnes,
1407 5025 1598 5117 prata,
1624 5031 1861 5106 herbas,
1897 5025 2176 5118 olera,ul

528 5135 718 5188 mater
749 5143 884 5186 vera
905 5127 965 5188 in
991 5117 1734 5208 ulnisacciplens,fovet,et
1754 5122 2047 5183 virescere
2079 5117 2167 5179 fa-

524 5217 712 5292 cit;ita
728 5216 1158 5280 utsubaorora
1169 5211 1817 5299 crepusculum,videre
1831 5208 2171 5299 sitarbores

527 5306 734 5368 densis
766 5305 1080 5368 frondibus
1105 5298 1363 5383 ornatas,
1385 5315 1555 5388 prata
1577 5304 1638 5365 in
1660 5300 1908 5363 summis
1921 5298 2168 5364 ﬂoribus

602 5466 655 5510 ³⁷
690 5467 891 5535 Matth.
926 5483 1076 5546 xvn,
1115 5468 1212 5530 14.

605 5629 735 5711 (92)
770 5628 906 5691 Haec
922 5631 994 5693 ad
1019 5632 1197 5693 ﬁnem
1221 5628 1648 5711 usqu_e,qua_a_in
1671 5624 1844 5688 editis
1861 5625 2161 5711 desidera-

523 5707 765 5786 bantur,
800 5721 859 5772 et
893 5717 951 5773 in
985 5713 1245 5775 editione
1277 5707 1586 5773 Athanasii
1621 5713 1819 5768 nostra
1840 5707 2157 5786 separatim

2271 3170 2380 3208 ται·
2415 3154 2514 3220 τὴν
2567 3152 2623 3208 δὲ
2670 3155 2799 3233 ὑπὲρ
2828 3155 2926 3222 τῆς
2988 3156 3307 3235 ἀχαριστίας
3363 3161 3734 3237 εἰσπράττεται
3790 3183 3922 3218 ποι-

2271 3244 2388 3312 νήν.
2425 3241 2574 3300 Ἐπεὶ
2617 3244 2704 3300 οὖν
2764 3246 2918 3302 ἃτινα
2979 3247 3053 3308 εἰς
3118 3246 3424 3325 ἀνθρώπους
3471 3271 3547 3311 τις
3593 3252 3919 3327 ἁμαρτάνει,

2267 3331 2470 3394 πολλὰς
2530 3332 2648 3413 ἔχει
2724 3336 3014 3412 προφάσεις
3110 3339 3527 3416 συγχωρήσεων
3586 3340 3922 3417 ἁμαρτάνων

2267 3422 2366 3499 γάρ
2394 3443 2483 3486 τις
2514 3425 2587 3488 εἰς
2617 3422 2914 3502 ἄνθρωπον,
2950 3423 3112 3480 ἄλλον
3156 3423 3210 3481 δὲ
3269 3426 3532 3503 ἄνθρωπον
3587 3425 3644 3481 εὗ
3704 3434 3902 3503 ποιῶν,

2267 3511 2338 3575 εἷς
2361 3511 2426 3577 ἣν
2458 3513 2611 3590 φύσιν
2669 3513 2873 3592 ἥμαρτε
2888 3538 2928 3593 ο,
2967 3518 3102 3591 αὒτῇ
3170 3516 3255 3571 καὶ
3300 3515 3694 3594 ἀπελογήσατο.
3733 3515 3802 3572 Ἦ
3844 3514 3906 3570 δί

2267 3602 2339 3662 εἰς
2369 3603 2430 3656 τὸ
2465 3607 2674 3677 Πνεῦμα
2699 3601 3017 3682 βλασφημία
3045 3604 3185 3681 (ἔστι
3219 3605 3271 3659 δὲ
3317 3605 3561 3678 ἀπιστία,
3597 3607 3676 3680 μὴ
3703 3603 3913 3685 ’ἔχουσα

2264 3689 2446 3764 ἑτέραν
2523 3693 2783 3771 πρόφασιν
2852 3695 3278 3773 συγχωρήσεως,
3337 3697 3380 3750 εἰ
3428 3701 3506 3769 μὴ
3556 3697 3618 3750 τὸ
3668 3695 3914 3774 γενέσθαι

2261 3778 2499 3859 πιστὸν),
2533 3779 2650 3836 οὔτε
2707 3781 2924 3840 ἐνταῦθα
2955 3783 3071 3840 οὕτε
3118 3783 3172 3838 ἐν
3231 3791 3309 3858 τῷ
3351 3782 3606 3858 μέλλοντι
3639 3784 3914 3864 ἆγεθήσε-

2259 3891 2345 3924 ται
2377 3875 2476 3936 τῆς
2521 3871 2713 3944 ἀθεϊας
2752 3875 2839 3928 καὶ
2869 3874 3116 3936 ἀπιστίας
3159 3876 3193 3941 ἡ
3227 3875 3479 3952 ἁμαρτία.

2707 4047 3016 4111 Ἀθανασίου
3040 4049 3465 4132 Ἀλεξανδρείας,

2661 4141 2785 4218 Περὶ
2827 4139 3292 4217 σεληνιαζομένων
3335 4139 3496 4221 (23).

2341 4227 2520 4306 Κύριε,
2585 4228 2808 4297 ἐλέησόν
2880 4252 2982 4306 μω
3035 4233 3127 4287 τὸν
3180 4232 3309 4307 υἱὸν,
3360 4230 3440 4287 ὅτι
3497 4231 3909 4308 σεληνιάζεται,

2259 4321 2345 4376 καὶ
2377 4319 2555 4383 κακῶς
2605 4320 2830 4400 πάσχει.
2878 4323 2937 4378 Οἱ
2997 4320 3462 4397 σεληνιαζόμενοι,
3521 4322 3629 4401 οὐχ
3675 4324 3753 4387 ὡς
3811 4328 3917 4392 τῆς

2257 4408 2492 4478 σελήνης
2551 4411 2833 4486 παραιτία(
2883 4413 3170 4489 γινομένης
3223 4416 3322 4478 τῆς
3381 4413 3556 4469 αὐτῶν
3604 4410 3919 4491 φρενοϐλα-

2256 4497 2424 4561 ϐείας·
2464 4497 2581 4554 οὕτε
2617 4499 2724 4574 μὴν
2772 4502 2807 4568 ἡ
2860 4500 3064 4570 σελήνη
3127 4501 3339 4567 ἐκτίσθη
3371 4501 3444 4566 είς
3498 4502 3846 4575 ›‹.α›ιοποιίςιν⁹
3887 4504 3922 4568 ἢ

2257 4591 2387 4666 πρὸς
2420 4585 2627 4664 βλάϐην
2683 4593 2780 4658 τῆς
2816 4589 3149 4669 ἀνθρωπίνης
3200 4592 3430 4671 φύσεως,
3478 4589 3605 4648 αλλ’
3653 4593 3727 4656 εἰς
3779 4614 3922 4649 συν-

2258 4679 2433 4756 εργίαν
2495 4677 2672 4736 καλῶν
2725 4682 2813 4736 οιαὶ
2881 4679 3164 4760 ὠφελίμων
3213 4680 3565 4759 πραγμάτων.
3598 4681 3746 4739 Οὗσα
3809 4687 3924 4762 γὰρ

2259 4769 2392 4825 κατὰ
2425 4769 2572 4847 φύσιν
2649 4771 2802 4849 ὑγρὰ,
2859 4782 2979 4835 τοῖς
3057 4770 3268 4847 σώμασι
3325 4773 3420 4827 τὸν
3475 4768 3689 4840 ἣδιστον
3738 4772 3925 4830 ὕπνον

2257 4856 2527 4937 προξενεῖ,
2558 4863 2658 4925 τῆς
2686 4857 2739 4914 δὲ
2764 4861 2951 4923 νυκτὸς
2979 4861 3040 4916 τὸ
3072 4860 3265 4925 σκότος
3314 4863 3733 4938 παραμυθεῖται,
3774 4863 3921 4918 οὖσα

2258 4944 2656 5026 γαλακτοφαής·
2711 4953 2787 5020 τῷ
2810 4945 2862 5003 δὲ
2895 4946 3040 5026 ξηρῷ
3080 4951 3167 5006 καὶ
3209 4954 3285 5022 τῷ
3313 4953 3493 5026 θερμῷ
3521 4956 3598 5024 τῷ
3626 4949 3773 5024 ἡλίῳ
3803 4951 3924 5008 ἆν-

2259 5033 2727 5106 τιταλαιντεύουσιι⁹
2758 5043 2828 5113 τῇ
2875 5038 3128 5116 ὑγρότητι
3179 5039 3266 5094 καὶ
3296 5043 3362 5113 τῇ
3393 5040 3595 5118 ψυχρίᾳ
3624 5038 3811 5096 πάντα
3849 5044 3925 5097 τὰ

2251 5125 2386 5202 φυτὰ
2411 5128 2496 5181 οιαὶ
2526 5125 2647 5190 τοὺς
2680 5125 2972 5202 λειμῶνας,
3005 5129 3095 5184 καὶ
3148 5133 3322 5186 πᾶσαν
3357 5127 3493 5184 πόαν
3523 5127 3611 5184 καὶ
3634 5127 3920 5205 βοτάνην,

2249 5215 2322 5276 ὡς
2357 5213 2535 5293 μήτηρ
2566 5217 2758 5292 γνησία
2787 5213 2872 5272 διὰ
2899 5221 2998 5284 τῆς
3042 5219 3226 5281 νυκτὸς
3257 5215 3740 5295 ἑναγκαλιζομένη,
3779 5220 3928 5275 ἀνα-

2249 5308 2485 5380 ζωπυρεῖ
2514 5306 2601 5360 xui
2631 5304 2934 5362 ἀναθάλλει³
2987 5307 3124 5363 ὣστε
3153 5309 3254 5365 ὑπὸ
3282 5307 3382 5374 τὴν
3412 5306 3485 5362 ἕω
3539 5307 3767 5385 ὁρᾶσθαι
3819 5311 3926 5365 καὶ

2247 5629 2569 5709 ponuntur,
2610 5643 2740 5706 pag.
2795 5626 2978 5709 i008,
3030 5646 3101 5692 ex
3154 5647 3302 5694 mss.
3356 5626 3922 5709 mutuatisumus.

2332 5701 2460 5783 (23)
2481 5701 2625 5769 Haec
2657 5701 2730 5770 ei
2760 5709 2870 5771 cod
2904 5701 3050 5790 Reg.
3084 5709 3268 5792 1993,
3298 5729 3333 5774 ι
3363 5707 3586 5773 saeculi.
3617 5707 3726 5770 fol.
3785 5708 3928 5774 323
