4138 6216
444 299 464 360 1
480 295 595 360 395

1257 297 1315 359 S.
1365 297 1784 360 ATHANASII
1831 297 1991 358 OPP.
2045 295 2236 358 PARS
2278 293 2384 358 III.
2438 332 2512 344 η-
2561 291 3013 358 EXEGETICA.

3665 293 3816 358 i396

445 441 536 495 est
555 431 756 493 homo.
783 429 951 501 Quod
978 432 1026 491 si
1056 429 1192 509 quis
1215 429 1387 504 illud,
1419 437 1486 492 ut
1515 431 1938 494 sisterenteum
1971 429 2054 491 Do
2073 463 2088 476 -

2175 429 2506 509 ριϐἐϐληται,
2541 429 2662 488 ἀλλ’
2693 429 2874 488 ἕνεκεν
2917 437 3010 489 τοῦ
3069 429 3306 508 ἆγιάζειν
3331 428 3336 432 ”
3361 431 3460 498 τὴν
3523 431 3696 510 σάρκα
3723 454 3816 509 γε·

448 523 638 600 nino,
672 519 748 581 de
777 519 910 596 ipso
962 520 1218 580 Domino
1249 519 1472 581 dictum
1507 519 1784 600 excipiat,
1812 521 1860 581 is
1889 539 2030 582 sane
2061 539 2094 582 ιι

449 607 970 673 verisimilitudine
989 607 1628 682 labitur.Quandonam
1648 609 1935 674 Dominus
1958 629 2092 674 ocu-

451 700 524 762 lis
555 698 751 762 Patris
782 697 1166 759 absconditus
1210 698 1335 774 fuit,
1370 707 1434 759 ut
1465 717 1581 760 non
1616 707 1814 779 posset
1865 701 1937 760 ab
1969 701 2094 780 ipso

447 787 693 850 videri?
743 789 866 849 Aut
895 788 1026 868 quis
1057 787 1222 848 locus
1255 796 1418 849 extra
1453 788 1586 866 ejus
1611 787 1896 850 ditionem
1933 791 2092 870 posi-

450 887 566 960 tus,
597 885 661 938 ut
691 875 816 940 illic
837 875 1086 956 degens,
1119 876 1276 940 Patri
1307 895 1570 957 praesens
1591 896 1708 938 non
1742 889 1920 954 esset,
1959 882 2088 942 nisi.

445 965 875 1046 Jercsolymam
901 966 1113 1028 allatus
1137 965 1264 1026 etin
1291 966 1572 1046 templum
1599 967 1878 1028 inductus
1901 970 2088 1032 esset?

447 1057 568 1121 Cur
597 1055 904 1134 ﬁguratam
965 1055 1219 1118 hostiam
1267 1055 1618 1130 offerebant,
1655 1076 1788 1120 cum
1849 1057 1976 1140 ipse
2017 1059 2090 1122 sit

443 1145 704 1209 veritas?
725 1146 820 1207 An
853 1143 1004 1206 forte
1043 1163 1162 1206 non
1196 1161 1298 1226 pro
1341 1145 1466 1220 illo,
1493 1146 1598 1207 sed
1625 1166 1728 1228 pro
1771 1148 1943 1210 nobis
1965 1151 2089 1212 haec

444 1241 668 1318 scripta
687 1233 864 1298 sunt?
895 1233 1412 1308 Quemadmodum
1442 1236 1626 1316 enim,
1655 1235 1810 1298 Deus
1827 1257 1960 1300 cum
1989 1240 2086 1311 sit,

444 1344 564 1388 non
577 1326 884 1400 suicausa,
914 1333 1122 1386 natura
1137 1325 1334 1398 homo,
1361 1325 1492 1386 sine
1519 1325 1842 1388 mutatione
1865 1336 2085 1409 tamen,

444 1415 722 1494 efficitur,
749 1431 930 1476 carne
953 1414 1420 1489 circumciditur,
1449 1414 1797 1495 baptizatur,
1823 1425 1965 1488 etc.,
1982 1417 2085 1478 sed

447 1504 634 1568 nostri
656 1505 866 1584 gratia,
896 1511 962 1566 ut
983 1504 1222 1582 nos,qui
1245 1503 1520 1564 homines
1543 1505 2090 1585 sumus,adoptione

449 1611 557 1676 per
584 1593 840 1672 gratiam
873 1591 956 1652 dii
985 1593 1338 1668 efﬁciamur,
1373 1599 1432 1653 et
1457 1593 1956 1656 circumcidamur
1975 1597 2088 1676 Spi~

442 1681 886 1758 ritualiter,non
909 1683 1237 1744 secundum
1261 1681 1478 1759 legem,
1503 1683 1714 1745 sordes
1738 1685 1963 1764 peccati
1987 1704 2093 1766 per

2175 543 2326 599 γονεν
2376 522 2672 602 ἅνθρωπος,
2745 523 2800 576 Εἰ
2873 519 2928 576 δὲ
2985 521 3073 576 καὶ
3118 521 3202 592 tia,
3263 521 3603 598 παραστῆσαι
3661 523 3818 577 αὒτὸν

2175 619 2250 685 τῷ
2294 610 2494 689 Κυρίῳ,
2553 612 2668 688 περὶ
2718 611 2878 667 αὐτοῦ
2937 617 3026 666 τοῦ
3079 611 3268 686 Κυρίου
3303 633 3380 673 τις
3431 608 3678 690 ὲκλάϐοι,

2177 701 2345 765 οἹτως
2391 702 2632 758 ἐκπίπτει
2680 708 2772 758 τοῦ
2832 700 3061 762 εἰκότος,
3139 699 3273 756 Πότε
3331 701 3430 777 γὰρ
3474 698 3747 780 ἁπεκρύϐη
3791 703 3820 756 ὁ

2183 792 2369 868 Κύριος
2425 795 2486 846 ἐκ
2543 796 2646 846 τῶν
2707 789 2991 870 ὀφθαλμῶν
3053 797 3142 850 τοῦ
3199 791 3428 868 Πατρὸς,
3463 787 3554 844 ἵνα
3586 793 3662 862 μή
3721 787 3815 844 δυ-

2177 884 2312 956 νηθῇ
2343 879 2434 937 ὑπ’
2463 881 2619 936 αὑτοῦ
2647 882 2870 958 ὁρᾶσθαι
2907 899 2921 958 ς

2179 971 2335 1027 αύτοῦ
2363 967 2670 1034 δεσποτείας
2699 969 2958 1048 ὑπάρχει,
3010 968 3102 1024 ’ἕνα
3147 971 3264 1024 εκεῖ
3312 967 3388 1024 ὢν
3433 969 3510 1042 μὴ
3539 974 3683 1044 παρῇ
3741 969 3818 1042 τῷ

2177 1061 2361 1139 Πατρὶ,
2395 1062 2438 1115 εἰ
2481 1061 2559 1134 μὴ
2605 1061 2677 1122 εἷς
2711 1056 3054 1134 Ἰεροσόλυμα
3102 1057 3408 1138 ἀνηνέχθη,
3453 1058 3541 1112 καὶ
3593 1059 3665 1118 εἱς
3727 1058 3818 1112 τὸν

2175 1151 2300 1204 ναὸν
2351 1147 2696 1228 εἰσηνέχθη;
2773 1155 2890 1210 Πῶς
2965 1145 3019 1202 δὲ
3091 1149 3178 1203 καὶ
3221 1147 3316 1208 τὰς
3361 1147 3582 1206 τοπικὰς
3639 1147 3816 1206 θυσίας

2173 1237 2522 1316 προσέφερον,
2579 1241 2737 1296 ἇῦτοῦ
2790 1237 3128 1315 ὑπαρχοντος
3171 1241 3271 1302 τῆς
3333 1236 3637 1308 ἂληθείαςς
3691 1238 3818 1304 Μή-

2176 1327 2293 1384 ποτ²
2325 1330 2411 1383 οὖν
2443 1331 2502 1385 οὗ
2533 1325 2599 1382 δι’
2653 1327 2831 1398 αὐτὸν,
2879 1325 3017 1382 ἀλλὰ
3077 1323 3146 1380 δι’
3210 1327 3352 1400 ἡμᾶς
3397 1327 3560 1380 ταῦτα
3616 1327 3818 1401 γεγρα-

2172 1432 2352 1488 πται;
2401 1412 2624 1492 ’Ὥσπερ
2674 1417 2800 1494 γὰρ,
2843 1417 2971 1479 Θεὸς
3027 1416 3124 1484 ὢν,
3189 1417 3250 1472 οὗ
3307 1412 3376 1468 δι’
3437 1415 3623 1470 ἑαυτὸν
3665 1425 3818 1490 φύσει

2175 1503 2444 1582 ἅνθρωπος
2507 1504 2784 1578 ἀτρέπτως
2839 1505 3064 1582 γίνεται,
3128 1504 3216 1559 καὶ
3285 1503 3436 1580 σαρκὶ
3493 1503 3814 1580 περιτέμνε-

2173 1615 2282 1668 ται,
2317 1595 2405 1650 καὶ
2435 1595 2765 1672 βαπτίζεται,
2829 1594 2914 1648 καὶ
2959 1592 3150 1671 τᾶλΛα,
3204 1591 3340 1648 ἀλλὰ
3390 1589 3458 1647 δι’
3511 1593 3678 1666 ἡμᾶς,
3725 1591 3818 1646 ’ἕνα

2174 1687 2362 1758 ἡμεῖς,
2396 1683 2661 1762 ἅνθρωποι
2693 1683 2869 1756 ὄντες,
2903 1681 3044 1738 θέσεί
3091 1681 3176 1738 διὰ
3233 1687 3332 1748 τῆς
3367 1682 3589 1760 χάριτος
3638 1682 3818 1758 γενώ-

3733 613 3822 666 καὶ

2985 876 3072 934 ’Ἢ
3119 891 3278 940 ποῖος
3340 880 3506 941 τόπος
3561 877 3661 942 ἔξω
3721 878 3816 946 τῆς

439 1771 759 1835 batismum
791 1771 1128 1845 abluamus,
1165 1771 1582 1849 crncifigamur
1621 1775 1864 1848 mundo,
1900 1785 1958 1836 et
1989 1793 2088 1836 re-

2175 1775 2309 1848 μεθα
2353 1773 2482 1852 θεοὶ,
2543 1773 2629 1828 καὶ
2677 1771 3090 1851 περιτμηθῶμεν
3137 1777 3539 1846 πνευματικῶς,
3587 1770 3710 1826 ἀλλ’
3763 1773 3824 1826 οὔ

443 1880 752 1942 surgamus
781 1861 904 1926 Deo
928 1885 943 1937 ;
975 1865 1056 1923 ita
1087 1861 1242 1942 quod
1267 1862 1362 1923 hic
1393 1861 1616 1925 dicitur
1641 1863 1718 1924 de
1741 1863 2090 1944 purgatione

443 1945 676 2027 eorum,
705 1959 859 2032 ειμι
878 1955 1148 2014 sisterent
1171 1969 1310 2014 eum
1335 1953 1610 2024 Domino,
1637 1959 1694 2014 et
1723 1953 1799 2014 de
1821 1953 2088 2030 ﬁguratis

441 2042 681 2116 hostiis,
717 2059 836 2104 non
861 2041 1074 2122 ipsius,
1111 2039 1214 2104 sed
1234 2041 1422 2103 nostri
1442 2059 1619 2104 causa
1649 2054 1812 2122 gesta
1835 2051 1894 2105 et
1937 2051 2086 2106 scri-

441 2139 540 2212 pta
593 2139 755 2206 sunt,
787 2138 852 2192 ut
901 2129 1202 2192 discamus
1247 2131 1543 2211 quomodo
1599 2151 1706 2192 nos
1737 2151 1988 2212 purgare
2033 2145 2088 2194 et

441 2219 652 2284 sistere
677 2223 800 2284 Deo
833 2220 1185 2296 debeamus,
1215 2221 1457 2300 mystice
1483 2239 1550 2282 ac
1583 2222 1965 2298 Spiritualiter
1997 2223 2088 2284 of-

439 2307 704 2374 ferentes
726 2311 838 2392 ipsi
865 2329 972 2391 par
993 2319 1311 2386 turturum,
1337 2319 1436 2373 aut
1459 2310 1609 2374 duos
1643 2313 1832 2392 pullos
1857 2315 2084 2376 colum-

441 2398 680 2464 barum.
707 2399 929 2462 Turtur
951 2400 1172 2481 quippe
1189 2401 1598 2481 temperantiae
1621 2403 1902 2480 etquietis
1926 2423 2085 2486 sym-

441 2487 644 2552 bolum
701 2498 830 2552 est:
871 2508 1006 2552 nam
1039 2489 1381 2551 solitudinis
1409 2509 1615 2552 amans
1644 2494 2086 2556 continentissi-

443 2597 730 2659 mumque
755 2579 973 2641 adimal
1009 2587 1137 2660 est;
1171 2579 1250 2641 ita
1279 2590 1342 2641 ut
1372 2581 1493 2642 sive
1526 2599 1690 2643 mare
1721 2584 1842 2644 sive
1873 2584 2092 2646 femina

439 2669 987 2752 defunctis,neuter
1009 2687 1215 2732 eorum
1229 2669 1398 2732 alteri
1425 2671 1757 2750 copuletur:
1789 2674 1930 2753 pulli
1955 2693 2090 2737 vero

437 2758 875 2845 columbarum,
911 2759 1268 2845 innocentiae
1321 2769 1380 2822 et
1415 2763 1888 2845 mansuetudinis
1921 2773 2093 2845 typus

435 2847 593 2902 sunt.
619 2839 919 2920 QuotquOt
937 2839 1116 2918 igitur
1139 2857 1272 2901 sese
1309 2857 1415 2921 per
1446 2841 1872 2905 continentiam
1905 2839 2094 2907 a'carv

431 2927 668 2991 nalibus
695 2928 1098 3008 voluptatibus
1119 2938 1176 2990 et
1203 2929 1710 3010 concupiscentiis
1735 2945 2088 3014 expurgant,

434 3036 504 3082 ac
529 3036 632 3098 per
657 3018 1059 3080 innocentiam
1082 3027 1142 3079 et
1161 3019 1683 3080 mansuetudinem
1701 3021 1774 3081 ab
1795 3022 1881 3082 ira
1912 3032 1971 3084 et
1994 3024 2088 3084 l'u-

2173 1869 2432 1940 νομικῶς,
2492 1863 2579 1918 καὶ
2639 1863 2728 1918 τὸν
2785 1861 2948 1939 ῥύπον
3005 1862 3392 1936 ἀπονιψώμεθα
3423 1861 3522 1928 τῆς
3555 1861 3820 1938 ἁμαρτίας

2172 1951 2256 2008 διὰ
2315 1959 2408 2010 τοῦ
2464 1951 2856 2028 βαπτίσματος,
2915 1950 3001 2006 καὶ
3047 1953 3434 2028 σταυρωθῶμεν
3483 1957 3558 2024 τῷ
3599 1949 3818 2024 κόσμῳ,

2172 2043 2256 2098 καὶ
2313 2041 2624 2114 ἀναστῶμεν
2669 2047 2744 2112 τῷ
2778 2045 2893 2112 Θεῷ
2924 2058 2936 2072 ·
2987 2037 3123 2095 οὕτω
3166 2038 3384 2094 κὰνθὰδε
3442 2041 3503 2096 τὸ
3565 2039 3676 2117 περὶ
3723 2039 3821 2096 τοῦ

2171 2133 2499 2208 καθαρισμοῦ
2558 2131 2752 2200 αὒτῶν,
2827 2129 2912 2184 καὶ
2971 2129 3054 2200 τὸ,
3127 2131 3466 2201 παραστῆσαι
3525 2127 3684 2184 αὖτὸν
3743 2133 3824 2200 τῷ

2175 2222 2366 2298 Κυρίῳ,
2400 2221 2487 2274 καὶ
2517 2219 2640 2296 περί
2671 2225 2776 2274 τῶν
2807 2223 3039 2274 τοπικῶν
3065 2219 3280 2296 θυσιῶν,

2175 2309 2242 2365 λὰ
2274 2308 2340 2364 δι’
2371 2311 2511 2382 ἡμᾶς
2543 2309 2631 2364 καὶ
2659 2308 2944 2386 γεγένηται
2975 2309 3062 2364 καὶ
3093 2306 3411 2386 γέγραπται·
3435 2307 3528 2362 ’ἕνα
3559 2309 3820 2382 μάθωμεν

2175 2403 2437 2476 καθαίρειν
2466 2401 2552 2452 καὶ
2585 2395 2924 2474 παριστάδειν
2971 2397 3184 2456 ἑαυτοὺς
3231 2401 3308 2469 τῷ
3353 2404 3491 2475 Θεῷ,
3544 2405 3820 2470 μυστικῶς

2175 2488 2556 2566 προσφέροντες
2605 2489 2746 2560 αότῷ
2806 2490 2893 2542 καὶ
2960 2492 3335 2558 πνευματικῶς
3389 2493 3569 2563 ζεῦγος
3618 2489 3822 2565 τρυγό-

2173 2601 2296 2636 νων,
2347 2579 2382 2643 ἢ
2411 2577 2501 2634 δύο
2535 2579 2783 2639 νεοσσοὺς
2831 2575 3178 2654 περιστερῶν,
3233 2579 3330 2632 Καὶ
3373 2577 3406 2643 ἡ
3455 2578 3552 2651 μὲν
3607 2579 3822 2656 τρυγὼν

2175 2669 2518 2746 σωφροσύνης
2563 2669 2648 2721 καὶ
2699 2668 2926 2745 ﬁculis:
2992 2662 3258 2736 σύμϐολον
3293 2681 3305 2694 ·
3373 2664 3666 2745 φιλέρημον
3715 2668 3824 2744 γὰρ

2179 2760 2236 2813 τὸ
2295 2757 2432 2828 ζῶον
2481 2759 2564 2812 καὶ
2601 2757 3030 2835 σωφρονέστατον
3063 2777 3076 2788 ·
3114 2754 3252 2810 ὥστε
3295 2765 3388 2814 τοῦ
3419 2754 3628 2834 ἇῤῥενος
3659 2756 3692 2823 ἢ
3725 2765 3826 2814 τοῦ

2177 2846 2368 2916 θήλεος
2433 2845 2880 2915 ἔιποθνήσκοντος,
2968 2841 3094 2919 μηδ’
3181 2845 3360 2920 ἕτερον
3423 2848 3592 2901 αὖτῶν
3651 2846 3826 2923 ἑτέρῳ

2179 2939 2588 3014 συζεύγνυσθαι⁸
2655 2936 2702 2990 οἱ
2761 2933 2815 2989 δὲ
2873 2936 3080 2988 νεοσσοὶ
3137 2933 3243 2988 τῶν
3303 2941 3627 3012 περιστερῶν
3685 2937 3827 2992 ἀκαο

2176 3027 2292 3088 κίας
2337 3028 2423 3080 καὶ
2483 3025 2786 3102 πραότητος
2817 3023 3000 3083 τύπος.
3041 3019 3212 3080 ’Ὅσοι
3241 3023 3412 3079 τοίων
3464 3023 3548 3080 διὰ
3605 3047 3828 3103 σωφρο-

3319 2221 3380 2274 οὒ
3410 2217 3474 2272 δι’
3509 2221 3688 2288 αὒτὸν,
3727 2217 3823 2272 ἀ).-

436 3123 574 3170 rore
601 3107 1254 3189 temperant,pulchras
1275 3125 1482 3170 revera
1504 3108 1726 3171 hostias
1750 3111 2086 3190 afferentes,

2177 3117 2335 3180 σύνης
2409 3113 2740 3186 καθαίρουσιν
2813 3113 3030 3174 ἑαυτοὺς
3109 3113 3212 3168 ἀπὸ
3286 3121 3559 3190 σαρκικῶν
3613 3115 3826 3182 ἦδονῶν

436 3196 546 3259 Dei
597 3197 864 3278 aspectui
915 3205 1137 3278 patent,
1175 3216 1244 3259 ac
1277 3198 1336 3258 in
1392 3199 1718 3260 Jerusalam
1753 3201 1974 3264 caelesti
2027 3221 2089 3265 se

2175 3205 2262 3260 καὶ
2311 3205 2624 3280 ἐπιθυμιῶν,
2683 3204 2770 3258 καὶ
2814 3198 2898 3257 διὰ
2948 3207 3046 3268 τῆς
3095 3202 3318 3266 ἆκακίας
3373 3205 3460 3258 καὶ
3513 3205 3828 3280 πραότητος

439 3285 850 3350 sistunt.Nihil
867 3293 1087 3368 quippe
1108 3288 1188 3350 ita
1201 3290 1324 3351 Deo
1339 3288 1585 3350 charum
1603 3297 1692 3352 est
1709 3301 1774 3350 ut
1797 3291 2086 3353 innocen-

2175 3293 2470 3372 ἀπέχονται
2513 3295 2677 3366 θυμοῦ
2733 3292 2818 3347 καὶ
2851 3291 3041 3368 ὀργῆς,
3077 3290 3242 3350 ὅντως
3275 3289 3444 3355 καλὰς
3473 3294 3651 3354 θυσίας
3682 3295 3818 3350 ἑπι-

439 3381 516 3439 tia
561 3385 620 3436 et
650 3375 1044 3438 continentia.
1081 3377 1164 3439 Ita
1196 3393 1342 3440 sane
1393 3395 1504 3439 nos
1533 3379 1909 3446 continentes
1958 3399 2089 3442 esse

2175 3385 2486 3462 φερόμενοι,
2539 3381 2856 3438 ὀπτάνονται
2917 3389 2993 3456 τῷ
3029 3388 3169 3458 Θεῷ,
3222 3383 3310 3438 καὶ
3362 3387 3708 3460 παρίστανται
3745 3386 3822 3446 εἰς

438 3465 681 3546 expetit,
718 3473 784 3526 ut
815 3483 890 3528 ne
921 3465 1161 3546 quidem
1197 3467 1270 3527 ad
1317 3467 1864 3547 concupiscentiam
1898 3488 2086 3550 usque

2175 3470 2524 3550 Ἰερουσαλὴμ
2595 3473 2695 3538 τὴν
2748 3471 3080 3548 ἐπουράνιον.
3143 3469 3305 3528 Οὐδὲν
3361 3473 3462 3547 γὰρ
3515 3471 3655 3528 οὕτω
3701 3479 3828 3546 Θεῷ

439 3555 750 3618 mulierem
775 3556 1165 3636 respiciamus
1185 3555 1366 3618 ΜΗΘ
1387 3557 1730 3618 innocentia
1747 3567 1942 3620 autem
1961 3561 2083 3620 haec

2175 3560 2319 3641 φίλον
2376 3563 2448 3624 ὡς
2507 3561 2702 3616 ἀκακία
2754 3562 2842 3616 καὶ
2889 3561 3228 3640 σωφροσύνη.
3293 3557 3514 3633 Ἀμέλει
3563 3573 3828 3620 τοσοῦτον

439 3644 540 3708 ait:
571 3645 710 3706 Nisi
729 3647 1010 3706 conversi
1037 3645 1284 3722 fueritis
1315 3645 1737 3724 eteﬂiciamini
1757 3649 1910 3709 sicut
1937 3667 2083 3728 par-

2175 3654 2310 3725 ἧμᾶς
2367 3651 2509 3706 εἶναι
2541 3648 2790 3726 βούλεται
2825 3650 3125 3730 σώφρονας,
3163 3651 3235 3712 ὠς
3280 3648 3416 3724 μηδὲ
3463 3650 3654 3730 μέχρις
3689 3653 3820 3708 ἐπισ-

437 3734 567 3800 nuli
583 3734 669 3806 55,
697 3751 816 3794 non
845 3751 1136 3813 corporea
1165 3734 1408 3814 quidem
1432 3743 1681 3810 statura;
1706 3737 1808 3796 sed
1844 3737 1916 3798 iis
1937 3757 2084 3817 pue-

2175 3742 2352 3816 θυμίας
2387 3737 2674 3815 ἐμϐλέπειν
2703 3741 2934 3815 γυναικί.
2987 3741 3113 3816 Περὶ
3153 3737 3208 3794 δὲ
3262 3739 3360 3806 τῆς
3419 3739 3641 3804 ἀκακίας
3701 3765 3822 3821 φη-

437 3841 640 3887 rorum
663 3823 1068 3886 innocentiam
1090 3824 1882 3904 signiﬁcat.Mansuetudinis
1909 3847 2084 3906 porro
2171 3831 2250 3886 σίν
2284 3845 2296 3859 ·

441 3919 504 3978 et
535 3913 864 3976 bumilitats
887 3929 1022 3974 sese
1055 3913 1117 3974 in
1148 3913 1485 3994 exemplum
1519 3916 1798 3993 proponit
1829 3917 2036 3977 dicens
2071 3939 2082 3980 :

429 4007 650 4065 "Discite
679 4023 712 4064 α
743 4023 821 4061 me
850 4005 975 4078 quia
995 4006 1144 4062 milia
1175 4021 1300 4064 sum
1320 4013 1367 4061 et
1398 4006 1620 4063 humilis
1639 4008 1796 4063 corde
1822 4009 1892 4063 35.
1929 4011 2090 4077 Quod

442 4093 490 4153 si
515 4092 650 4172 quis
681 4092 916 4168 dixerit,
947 4092 1140 4166 Quare
1159 4105 1488 4153 memorata
1517 4093 1796 4154 animalia
1828 4093 1964 4156 bina
1998 4096 2088 4157 of-

441 4181 588 4243 ferri
621 4181 932 4262 praecepit,
959 4189 1016 4242 et
1045 4182 1162 4244 alia
1191 4181 1432 4264 quidem
1471 4183 1876 4262 periecta,alia
1901 4186 2092 4264 pullos

439 4270 566 4332 vult
595 4288 728 4332 esse
759 4269 791 4329 ?
843 4271 983 4331 huic
1013 4289 1323 4352 reponam,
1359 4290 1493 4332 cum
1529 4271 1706 4332 homo
1759 4291 1826 4334 ex
1858 4273 2092 4336 duobus

2361 3829 2486 3886 Ἐὰν
2548 3830 2623 3903 μὴ
2671 3829 2942 3908 στραφῆτε
2995 3829 3086 3884 καὶ
3143 3827 3370 3906 γένησθε
3425 3829 3498 3892 ὡς
3560 3831 3622 3885 τὰ
3686 3854 3826 3887 παι-

2172 3919 2276 3991 δία,
2337 3921 2397 3974 οὖ
2439 3921 2576 3974 κατὰ
2607 3919 2704 3986 τὴν
2738 3919 3051 3993 σωματικὴν
3085 3917 3320 3996 ἡλικίαν,
3349 3916 3484 3973 ἀλλὰ
3535 3921 3636 3986 τὴν
3679 3921 3822 3976 ἄκα-

2173 4010 2288 4066 κίαν
2333 4007 2417 4065 διὰ
2459 4015 2563 4064 τῶν
2623 4007 2820 4065 παίδων
2875 4008 3174 4082 σημαίνων.
3253 4007 3567 4085 Πραότητσς
3625 4007 3678 4065 δὲ
3729 4012 3821 4066 καὶ

2175 4099 2652 4179 ταπεινοφροσύνης
2713 4099 2896 4154 ἑαυτὸν
2982 4095 3279 4174 ὑπόδειγμα
3355 4099 3532 4164 τῖθησι
3591 4099 3761 4174 λέγων
3795 4118 3812 4132 ο

2179 4191 2378 4244 Mitis-ts
2435 4188 2528 4244 ἀπ’
2587 4189 2744 4266 ἐμοῦ,
2804 4187 2884 4243 ὅτι
2939 4188 3106 4264 πρᾶός
3167 4188 3274 4260 εἶμι
3333 4189 3421 4243 καὶ
3469 4189 3708 4250 ταπεινὸς

2175 4277 2376 4355 καρδίᾳ,
2415 4280 2470 4336 Εἰ
2513 4277 2564 4334 δέ
2596 4301 2676 4342 τις
2707 4277 2855 4334 εἴποι
2889 4297 2901 4312 ⁸
2942 4277 3040 4332 Διὰ
3071 4277 3117 4332 τί
3175 4273 3264 4332 δύο
3310 4278 3396 4332 καὶ
3453 4275 3538 4333 δύο
3567 4278 3804 4354 προσφέ-

442 4362 902 4444 constet,anima
922 4361 1154 4425 scilicet
1173 4371 1232 4425 et
1254 4363 1836 4444 corpore,duplicem
1860 4385 1891 4426 ιι
1919 4365 2089 4427 nobis

2175 4371 2348 4445 ρεσθαι
2407 4369 2470 4423 τὰ
2528 4368 2781 4444 εἰρημένα
2837 4375 2944 4440 ζῶα
2990 4365 3261 4436 ἐκέλευσε,
3311 4369 3400 4422 καὶ
3445 4367 3506 4422 τὰ
3559 4367 3654 4438 μὲν
3713 4367 3810 4422 τέ-

442 4452 869 4516 continentiam
903 4460 962 4514 et
993 4451 1513 4514 mansuetudinem
1535 4453 1723 4516 Deum
1757 4455 2086 4534 requirere.

2176 4457 2312 4530 λεια,
2349 4459 2412 4514 τὰ
2441 4455 2494 4512 δὲ
2547 4459 2794 4520 νεοσσούς
2835 4459 3040 4537 ςφημὶ,
3093 4457 3197 4526 ὅτι,
3251 4465 3344 4514 τοὺ
3403 4457 3675 4530 ἀνθρώπου
3729 4455 3814 4512 διο

442 4543 590 4605 Nam
624 4541 674 4603 si
698 4559 948 4622 corpore
978 4543 1220 4625 quidem
1255 4562 1286 4602 a
1330 4541 1670 4604 carnalibus
1702 4545 2089 4625 voluptatibus

2177 4547 2313 4606 πλοῦ
2349 4547 2520 4622 ὄντος,
2584 4547 2852 4604 τουτέστιν
2910 4546 2968 4602 ἐκ
3027 4549 3213 4624 ψυχῆς
3271 4549 3356 4601 καὶ
3405 4547 3674 4622 σώματος,
3729 4546 3818 4602 δι-

443 4631 798 4708 abstineam,
823 4633 1023 4696 animo
1043 4642 1242 4695 autem
1269 4633 1339 4694 ad
1371 4650 1574 4694 earum
1604 4633 1948 4712 cupidinem
1981 4655 2089 4696 mo-

2175 4635 2316 4703 πλῆν
2345 4643 2502 4707 ζητεῖ
2551 4635 2676 4714 παρ’
2727 4639 2876 4709 ἡμῶν
2937 4637 2964 4690 ὃ
3023 4637 3153 4696 Θεὸς
3211 4637 3310 4704 τήν
3363 4657 3416 4690 τε
3470 4637 3822 4714 σωφροσύνην

445 4739 606 4802 vear,
641 4739 762 4785 non
791 4723 1128 4798 continens,
1172 4722 1277 4784 sed
1313 4723 1580 4784 moechus
1627 4741 1775 4784 sum.
1814 4722 1956 4784 Nam
1996 4727 2089 4803 qui

2175 4729 2262 4782 καὶ
2295 4727 2392 4792 τὴν
2423 4727 2720 4804 πραότητα.
2775 4729 2828 4782 Εἰ
2875 4726 2971 4802 γὰρ
3023 4726 3157 4780 κατὰ
3189 4725 3285 4794 μὲν
3315 4725 3376 4780 το
3409 4731 3568 4798 σῶμα
3599 4726 3820 4806 ἀπέχο-

445 4810 733 4892 respexit,
764 4810 864 4886 ait,
897 4813 972 4874 ad
1004 4811 1573 4891 concupiscendum,
1601 4814 1724 4892 jam
1773 4814 2089 4874 minitatus

2177 4838 2268 4890 μαι
2303 4823 2568 4892 σαρκικῶν
2600 4815 2828 4894 ἡδονῶν,
2887 4815 3021 4870 κατὰ
3078 4813 3132 4868 δὲ
3177 4815 3272 4879 τὴν
3303 4815 3487 4892 ψυχὴν
3521 4817 3650 4882 πρὸς
3695 4814 3822 4871 ἐπι-

445 4908 536 4964 est
565 4901 628 4960 in
653 4901 834 4962 corde
854 4901 1031 4963 57.Ac
1057 4900 1434 4981 rursum,qui
1458 4903 1660 4980 specie
1675 4902 1911 4980 quidem
1937 4921 2089 4962 man-

2177 4905 2364 4979 θυμίαν
2435 4907 2634 4961 τούτων
2696 4911 2962 4978 κινοῦμαι,
3041 4908 3136 4961 οὒκ
3215 4905 3318 4977 εἰμὶ
3371 4904 3614 4982 σώφρων,
3679 4905 3824 4962 ἀλλὰ

443 4997 650 5054 suetus
695 5007 826 5052 esse
859 4991 1092 5052 videtur
1128 5013 1144 5066 ;
1191 4991 1389 5052 anima
1419 4999 1612 5052 autem
1645 4993 1712 5052 ad
1747 4991 1892 5052 iram
1927 5011 2089 5052 com-

2179 4997 2400 5074 μοιχός,
2465 4993 2525 5052 Ὀ
2571 4995 2668 5071 γὰρ
2717 4991 3010 5068 ἐμϐλέψας,
3067 4995 3217 5072 φησι,
3265 4993 3394 5070 πρὸς
3455 4993 3516 5049 τὸ
3543 4996 3830 5067 ἐπιθυμῆ-

440 5084 754 5158 moveturl;
787 5097 906 5140 non
927 5080 1357 5155 innocens,sed
1378 5079 1676 5160 hypocrita
1692 5089 1748 5140 et
1779 5082 2089 5141 iracundus

2178 5105 2290 5162 σαι,
2323 5081 2425 5150 ἤδη
2461 5083 2776 5162 ἐμοίχευσεν
2820 5083 2874 5138 ἐν
2905 5089 2971 5157 τῇ
3001 5080 3207 5158 καρδίᾳ,
3247 5083 3344 5140 Καὶ
3394 5081 3537 5142 αὖθις
3589 5085 3614 5137 ἐ
3681 5089 3826 5142 κατὰ

443 5177 562 5244 est,
605 5168 853 5230 occulta:
879 5170 1115 5232 malitiae
1133 5169 1571 5250 operimentum
1601 5169 1824 5230 habens
1849 5171 2089 5230 ementi-

2175 5174 2235 5228 τὸ
2267 5174 2580 5251 φαινόμενοι
2617 5173 2786 5228 δοκῶν
2817 5175 2958 5228 εῖναι
2986 5179 3171 5249 πρᾶος,
3207 5171 3342 5226 κατὰ
3371 5169 3425 5226 δὲ
3489 5171 3578 5237 τὴν
3631 5177 3826 5252 ψυχὴν

442 5267 562 5321 tam
587 5257 751 5321 illam
785 5256 1140 5319 innocentiae
1168 5257 1467 5338 speciem:
1506 5257 1662 5338 quod
1694 5276 1883 5336 genus
1907 5259 2089 5320 homi-

2177 5263 2482 5338 κινούμενος
2513 5265 2642 5340 πρὸς
2673 5265 2860 5336 θυμὸν,
2921 5265 3014 5318 οὒκ
3070 5262 3212 5318 ἔστιν
3245 5261 3469 5336 ἄκακος,
3507 5261 3628 5319 ἀλλ’
3673 5265 3824 5320 ὑπο-

443 5365 586 5410 num
613 5347 902 5430 propheta
915 5345 1258 5410 subindicat
1291 5348 1384 5409 his
1405 5345 1622 5410 verbis:
1651 5347 1767 5410 Ore
1787 5365 1892 5410 suo
1915 5347 2089 5410 bene-

2175 5353 2354 5428 κριτὲις
2404 5355 2488 5407 καὶ
2543 5352 2870 5429 μηνιαστής,
2928 5350 3074 5431 ἔχων
3122 5352 3214 5418 τῆς
3277 5351 3652 5429 κεκρυμμένης
3711 5378 3826 5410 κα·-

440 5436 2092 5515 άιοθὺαηῑειοοηὶεδαοιηαιδάὶσεὺαηιῦὃηὶοηιιοειιεριιὶ
2174 5443 2286 5507 nia;
2361 5445 2420 5497 τὸ
2465 5440 2816 5516 ἒπεκάλδμμα
2874 5445 2971 5508 τὴν
3031 5441 3356 5518 φαινομένην
3416 5443 3500 5496 καὶ
3559 5439 3824 5500 δοκοῦσαν

441 5525 780 5608 loquuntur
803 5545 1010 5608 pacem
1037 5543 1176 5590 cum
1203 5531 1486 5607 proximo
1515 5543 1647 5606 suo,
1679 5525 1844 5588 mala
1883 5537 2088 5589 autem

2175 5545 2312 5588 εῖναι
2345 5531 2566 5586 ἀκακίαν
2593 5547 2606 5559 ·
2663 5533 2748 5588 οὒς
2795 5534 2822 5586 ὃ
2856 5531 3133 5608 προφήτης
3195 5530 3554 5600 αἶνιττόειενος
3611 5531 3758 5609 λέγει
3803 5552 3818 5564 ⁸

507 5685 588 5736 ³4
614 5687 823 5751 Matth.
859 5707 913 5761 ν,
943 5691 1041 5751 98.
1127 5691 1192 5741 55
1220 5667 1430 5754 Matth.
1463 5701 1626 5764 xvm,
1663 5685 1720 5749 3.
1806 5685 1871 5737 56
1899 5687 2102 5753 Matth.
2138 5708 2220 5770 λι,
2251 5689 2348 5754 90.
2435 5691 2498 5742 57
2531 5691 2730 5752 Matth.
2757 5707 2816 5770 v,
2857 5689 2956 5754 ‘28.
3043 5690 3107 5741 53
3141 5691 3293 5752 l‘sul.
3331 5707 3452 5766 LXI,
3489 5675 3548 5754 5.
3597 5693 3600 5696 ’

506 5845 602 5895 ιιι..

716 6011 850 6111 ι,
