4138 6216
400 297 557 363 1403

1201 301 1261 364 S.
1311 296 1728 364 ATHANASII
1775 299 1940 365 OPP.
1989 299 2180 361 PARS
2224 297 2328 363 ΙΙΙ.
2388 336 2448 345 -
2501 302 2958 364 EXEGETICA.

3612 300 3774 365 1404

401 434 586 499 corda
603 434 892 518 ipsorum,
917 455 1050 520 qua)
1069 435 1346 498 defuncto
1371 433 1618 497 deerant
1644 433 2030 515 supplebunt.

2124 433 2244 492 διῶν
2274 437 2469 513 αὐτῶν,
2499 434 2946 513 ἀναπληρώσωσι
2981 443 3068 493 τοῦ
3130 435 3415 516 οἰχομένου
3478 438 3541 493 τὰ
3597 439 3762 495 bats-

407 523 522 598 Qui
546 533 743 588 autem
774 525 1049 606 improbe
1079 533 1346 588 versatus
1377 524 1438 584 in
1468 523 1583 585 vita
1613 531 1722 597 est,
1759 523 1819 584 in
1852 525 2043 605 spinis

407 631 651 698 prorsus
683 615 1247 697 convolutus,atque
1269 613 1502 694 impura
1532 614 1776 674 materia
1805 613 2038 693 plenus,

406 703 507 786 qui
539 704 916 785 nunquamin
943 703 1369 767 conscientiam
1391 704 1696 782 ingressus
1726 710 1815 764 est
1831 720 1996 764 suam
2024 724 2039 785 ;

399 795 504 857 sed
527 793 756 870 absque
779 802 936 856 metu
957 801 1018 856 et
1041 793 1455 856 indiﬂ‘erenter
1475 790 1843 871 voluptatum
1867 791 2037 854 freto-

394 883 564 946 ribus
592 883 1105 958 incubuit,omnes
1127 883 1324 945 carnis
1345 879 1864 961 concupiscentias
1879 899 2043 944 exse-

394 991 610 1056 quens,
644 971 792 1034 nihil
820 990 1067 1053 prorsus
1096 972 1171 1034 de
1201 971 1395 1034 anima
1415 971 1725 1050 cogitans:
1763 969 1867 1032 sed
1901 989 2037 1033 cor-

313 1119 320 1124 .
397 1080 712 1144 percarum
744 1062 1118 1124 solummodo
1139 1079 1338 1123 rerum
1372 1078 1555 1122 sensu
1581 1061 1864 1140 affectus;
1901 1079 2036 1121 cum

393 1151 681 1232 deinceps
701 1151 1075 1232 interceptus
1101 1170 1133 1211 e
1161 1150 1281 1212 vita
1313 1149 1676 1231 migraverit,
1709 1151 1818 1230 ipsi
1841 1149 2039 1212 nullus

397 1245 642 1304 omnino
676 1240 930 1320 corriget
953 1259 1191 1304 manum
1233 1261 1246 1304 :
1281 1249 1454 1321 atque
1477 1240 1553 1300 ita
1576 1258 1710 1302 cum
1735 1239 1865 1318 ipso
1895 1258 2038 1318 age--

400 1339 519 1411 tor,
539 1338 603 1394 ut
635 1347 832 1412 neque
851 1329 924 1392 ab
946 1347 1155 1406 uxore,
1181 1347 1378 1410 neque
1409 1348 1442 1391 a
1475 1329 1634 1403 filiis,
1657 1327 1802 1391 vela
1834 1327 2036 1391 fratri-

393 1418 527 1496 bus,
552 1426 654 1482 aut
675 1438 709 1480 a
739 1420 1006 1498 cognatis
1037 1427 1096 1482 et
1125 1420 1334 1482 amicis
1355 1419 1620 1500 juvetur:
1657 1437 1853 1501 neque
1881 1418 2039 1480 Deus

392 1509 557 1573 illum
587 1506 884 1572 ullatenus
915 1509 1176 1573 curabit.

2125 519 2361 604 ρήυατα.
2411 523 2471 584 Ὀ
2514 523 2569 582 δέ
2612 547 2673 604 γε
2728 527 2839 601 βίον
2893 527 3124 602 πονηρὸν
3172 525 3528 603 κεκτημένος,
3564 548 3770 603 συμπε-

2125 614 2384 693 φυρμένος
2438 612 2561 671 ὅλον
2620 616 2897 693 ἀκάνθαις,
2958 614 3142 692 πλήρη
3202 637 3258 670 τε
3316 615 3454 671 ὀλῶν
3503 615 3767 675 ὄντατῶν

2125 703 2453 782 ἀκαθάρτων,
2516 705 2586 770 ὠς
2628 703 2877 763 οὗδέποτε
2935 704 2989 760 ἓν
3049 703 3342 775 συνειδήσει
3405 703 3589 780 ἦλθεν,
3644 705 3768 762 ἀλλ’

2126 793 2290 859 ἀδεῶς
2338 796 2427 850 καὶ
2484 792 2780 873 ἀδιαφόρως
2835 807 2959 856 ταῖς
3006 799 3113 850 τῶν
3142 792 3344 862 ἡδονῶν
3373 794 3605 852 ἐνέκειτο
3635 792 3764 851 δυσ.

2126 882 2328 957 ωδίαις,
2384 883 2628 962 πράττων
2695 883 2904 947 ἁπάσας
2985 885 3078 947 τὰς
3134 887 3232 950 τῆς
3286 885 3480 962 σαρκὸς
3544 883 3765 963 ὀρέξεις,

2123 976 2211 1030 ναὶ
2259 971 2426 1048 μηδὲν
2479 971 2617 1036 ὅλως
2653 975 2770 1052 περὶ
2800 977 2986 1053 ψυχῆς
3047 974 3353 1054 φροντίζων,
3407 973 3552 1054 ἔχων
3595 995 3652 1030 τε
3702 975 3765 1030 τὸ

2123 1064 2371 1145 φρόνημα
2409 1063 2660 1140 σαρκικὸν
2696 1055 2838 1118 ἅπαν
2871 1078 2884 1091 ⁸
2944 1061 3046 1120 εἷθ’
3092 1069 3230 1118 οὕτω
3267 1065 3535 1143 φθασθεὶς,
3595 1061 3763 1130 ἐκδη-

2125 1155 2285 1228 μήσει
2319 1174 2409 1210 του
2439 1154 2579 1229 βίου,
2606 1152 2775 1226 τούτῳ
2807 1152 3082 1218 παιτελῶς
3114 1151 3278 1216 οὖδεὶς
3321 1151 3487 1230 ὀρέξει
3543 1166 3707 1234 χεῖρα
3745 1171 3758 1186 ⁸

2124 1239 2243 1299 ἀλλ’
2266 1243 2325 1299 οὕ
2342 1264 2404 1298 τω
2439 1243 2610 1299 πάντα
2655 1244 2718 1299 τὰ
2773 1241 2896 1299 κατ’
2941 1243 3093 1299 αὑτὸν
3149 1240 3634 1323 διαπραχθήσεται,
3686 1245 3762 1305 ὡς

2121 1334 2260 1408 μήτε
2294 1334 2392 1388 ὃπδ
2421 1333 2686 1406 συνεύνου,
2748 1332 2784 1400 ἢ
2831 1332 3051 1408 τέκνων,
3099 1331 3134 1400 ἢ
3178 1329 3441 1412 ἀδελφῶν,
3486 1331 3521 1400 ἢ
3564 1353 3762 1412 συγγε-

2125 1428 2248 1500 νῶν,
2302 1421 2336 1490 ἢ
2375 1421 2539 1499 φίλων
2601 1421 3012 1499 ἑπικουρηθῆναι
3070 1423 3131 1478 τὸ
3191 1421 3433 1478 σύνολον·
3495 1421 3577 1478 ὅτι
3623 1419 3763 1497 μηδὲ

2123 1511 2238 1591 ἔχει
2267 1513 2399 1575 Θεὸς
2429 1511 2482 1568 ἐν
2515 1512 2692 1591 μέτρῳ
2722 1521 2930 1573 τοῦτον,

1039 1813 1576 1876 FRAGMENTUM
1624 1815 1704 1876 IN
1753 1815 2179 1879 EPISTOLAM
2225 1815 2248 1876 Ι
2293 1817 2393 1878 AD
2437 1809 2900 1879 CORiNTHIOS
2947 1813 3097 1893 (33).

471 1991 553 2057 De
571 1992 667 2054 his
683 2009 864 2074 porro
879 2009 1013 2073 quae
1023 1993 1373 2072 scripsistis,
1388 2000 1450 2054 ut
1463 1991 1693 2073 loquar,
1717 1994 1937 2059 bonum
1949 2002 2035 2059 est
2059 2006 2094 2054 Β

387 2081 625 2146 homini
636 2083 949 2144 mulierem
961 2099 1085 2144 non
1102 2083 1454 2161 contingere
1476 2080 1650 2146 73.Ad
1668 2083 1792 2146 hazc
1805 2086 2030 2159 omnia,

388 2178 832 2252 exstatquoque
853 2170 1045 2233 sancti
1070 2171 1379 2233 Athanasii
1402 2173 1812 2253 interpretatio
1864 2176 1921 2237 in
1952 2175 2029 2236 li-

386 2258 496 2322 bro
519 2261 594 2322 de
617 2259 952 2322 honorabili
974 2261 1577 2340 conjugio.Pra3terea
1597 2261 1683 2324 sic
1712 2272 1902 2344 potest
1932 2282 2030 2326 res

385 2349 716 2429 explanari.
735 2352 825 2414 Ad
853 2351 1191 2413 luxuriosos
1211 2362 1270 2413 et
1291 2354 1561 2415 carnales
1586 2353 1860 2416 homines
1891 2375 2024 2416 cum

387 2439 684 2504 scriberet
707 2441 942 2514 Paulus,
967 2459 1171 2502 eorum
1195 2458 1332 2520 erga
1361 2439 1603 2504 carnem
1627 2462 1792 2504 suam
1826 2461 2027 2506 amore

383 2547 527 2590 usus
559 2538 671 2604 est,
709 2539 771 2592 ut
796 2529 1250 2592 fornicationem
1284 2529 1549 2611 abjicere
1580 2532 1890 2608 suaderet;
1940 2533 2027 2595 sic

381 2619 623 2684 dicens:
679 2620 928 2703 Reliqua
961 2630 1206 2702 peccata
1256 2623 1518 2684 animam
1554 2623 1777 2684 lwdunt
1831 2631 1888 2684 et
1917 2622 2028 2702 ipsi

380 2709 495 2770 soli
523 2710 806 2772 damnum
852 2710 1202 2773 immittunt.
1240 2709 1354 2773 Sed
1408 2711 1510 2792 qui
1539 2710 1864 2774 fornicatur
1913 2730 2031 2773 una

381 2795 594 2859 animae
618 2809 676 2861 et
696 2799 937 2880 corpori
961 2817 1066 2860 suo
1099 2808 1296 2880 nocet,
1325 2799 1589 2881 illudque
1619 2803 1944 2881 corrumpit
1971 2809 2032 2864 et

382 2897 668 2950 enervat:
705 2897 882 2967 atque
911 2888 1229 2950 animalem
1262 2897 1326 2950 et
1381 2889 1613 2952 vitalem
1644 2891 1836 2952 aufert
1863 2891 2030 2969 vigo-

381 2992 533 3040 rem.
567 2975 650 3039 Ac
673 2980 720 3040 si
757 2979 1005 3040 diceret:
1042 2987 1233 3038 vestro
1265 2977 1477 3041 saltem
1511 2979 1738 3057 parcite
1769 2979 2026 3059 corpori,

381 3064 542 3145 quod
588 3066 810 3130 curatis
843 3073 901 3129 et
926 3065 1136 3128 fovetis
1191 3068 1483 3148 cujusque
1517 3068 1820 3148 ingentem
1854 3067 2027 3129 solli-

380 3152 705 3218 citudinem
736 3156 967 3235 geritis.

2200 1996 2319 2074 Περὶ
2352 1995 2404 2051 δὲ
2437 1998 2510 2051 ὧν
2568 1995 2834 2073 ἐγράψατέ
2895 2018 3008 2070 μοι,
3058 1994 3224 2052 καλὸν
3257 1993 3517 2071 ἀνθρώπῳ
3571 2017 3758 2070 γυναι-

2114 2085 2206 2149 κὸς
2261 2086 2338 2159 μὴ
2411 2085 2690 2145 ἅπτεσθαι.
2751 2082 2918 2142 ’Ἔστι
2993 2087 3081 2141 καὶ
3137 2085 3269 2152 πρὸς
3323 2083 3523 2146 τούτοις
3592 2084 3760 2141 ἅπασι

2112 2175 2198 2231 καὶ
2229 2176 2318 2229 τοῦ
2369 2175 2518 2250 ἁγίου
2573 2172 2883 2230 Ἀθανασίου
2938 2174 3192 2251 ἑρμηνεία
3251 2173 3304 2227 ἐν
3364 2179 3440 2245 τῷ
3489 2175 3607 2249 περὶ
3663 2183 3758 2232 τοῦ

2109 2263 2305 2336 σεμνού
2348 2265 2548 2340 γάμου.
2584 2266 2722 2341 Πρὸς
2755 2262 2900 2324 ὅλοις
2927 2265 3132 2328 τούτοις
3177 2261 3479 2339 ἡρμήνευσέ
3533 2284 3610 2327 τις
3667 2264 3757 2320 καὶ

2109 2352 2269 2412 οὕτω.
2336 2359 2470 2427 Πρὸς
2531 2351 2888 2420 αϐροδιαίτους
2963 2354 3052 2409 καὶ
3119 2351 3470 2428 φιλοσάρκους
3533 2353 3750 2431 γράφων

2111 2445 2138 2498 6
2184 2446 2412 2510 Παῦλος,
2476 2449 2542 2516 τῇ
2598 2444 2768 2498 αἰτῶν
2826 2441 3142 2520 φιλοσαρκίᾳ
3199 2447 3434 2518 συνεργῷ
3479 2439 3755 2519 ἐχρήσατο

2111 2533 2238 2610 πρὸς
2298 2533 2396 2598 τὴν
2450 2538 2548 2598 τῆς
2627 2533 2866 2609 πορνείας
2942 2532 3287 2608 παραίτησιν,
3346 2536 3498 2586 τοῦτο
3555 2529 3750 2606 λέγων,

2115 2619 2193 2677 ὅτι
2238 2623 2302 2677 τὰ
2347 2620 2508 2676 λοιπὰ.
2538 2621 2897 2699 ἁμαρτήματα
2945 2621 3132 2699 ψυχὴν
3181 2617 3379 2697 ἀδικεῖ,
3434 2619 3518 2674 καὶ
3546 2620 3620 2681 εἰς
3651 2617 3753 2673 αύ-

2112 2713 2209 2779 τὴν
2243 2710 2409 2785 μόνην
2467 2711 2564 2776 τὴν
2623 2707 2828 2786 βλάϐην
2885 2709 3231 2784 παραπέμπει
3263 2724 3279 2739 ⁹
3345 2710 3372 2764 6
3425 2706 3479 2763 δε
3532 2728 3592 2785 γε
3624 2729 3755 2783 πορ-

2115 2801 2278 2856 νεύων
2311 2801 2401 2855 σὺν
2444 2806 2513 2876 τῇ
2543 2805 2697 2878 ψυχῇ
2727 2798 2816 2855 καί
2850 2803 2908 2854 τὸ
2933 2806 3089 2873 σῶμα
3137 2795 3335 2876 ἀδικεῖ,
3376 2798 3595 2875 φθείρων
3628 2797 3754 2853 ait?)

2115 2892 2202 2947 καὶ
2245 2889 2575 2964 ἐκδυναμῶν,
2618 2893 2698 2945 καὶ
2727 2891 2819 2945 τὸν
2851 2891 3084 2967 ψυχικὸν
3138 2889 3223 2942 καὶ
3279 2889 3502 2957 ζωτικὸν
3560 2889 3757 2942 καθαι-

2115 2987 2218 3058 ρῶν
2276 2979 2450 3036 τόνον.
2487 2980 2636 3035 Ὠσεὶ
2668 2980 2822 3034 εἶπεν
2859 2993 2872 3008 ⁸
2908 2979 3164 3034 Φείσασθε
3218 2978 3316 3032 κᾶν
3371 2998 3463 3032 του
3505 2975 3755 3046 σώματος

2110 3071 2280 3144 ὑμῶν,
2342 3072 2369 3125 ὃ
2432 3069 2714 3147 περιέπετε
2775 3068 2864 3124 καί
2928 3067 3154 3124 θάλπετε
3221 3068 3308 3123 καὶ
3387 3067 3447 3122 οὗ
3503 3065 3756 3143 πρόνοιαν

2112 3157 2365 3224 πλείσθην
2396 3162 2637 3216 ποιεῖσθε
2650 3204 2661 3217 .

381 3419 731 3479 Αωιοηιτιο.
762 3451 830 3462 —-
867 3415 1209 3496 Sequentia
1261 3418 1380 3480 duo
1423 3415 1711 3496 opuscula
1760 3435 1834 3479 ea:
1872 3419 2076 3480 codice
2130 3419 2439 3482 undecimi
2467 3418 2675 3482 saeculi
2718 3416 3182 3480 membranaceo
3215 3414 3588 3496 bibliothecis
3623 3411 3755 3496 BR.

462 3497 583 3559 PP.
624 3498 685 3577 κς.
725 3497 949 3558 Basilii
962 3493 1183 3562 'Romw
1206 3493 1469 3559 mutuati
1496 3512 1705 3577 sumus
1737 3514 1749 3558 :
1784 3498 1960 3560 ambo
1991 3499 2261 3576 ejusdem
2285 3499 2530 3577 farincc,
2579 3507 2635 3562 et
2669 3497 2966 3575 sequioris
2993 3497 3134 3569 aevi,
3171 3502 3236 3556 ut
3269 3512 3345 3577 ea;
3374 3495 3589 3577 vitiato
3621 3493 3753 3554 tin-

458 3594 588 3656 θείω
624 3576 850 3639 Gnaeus
881 3595 991 3638 usu
1022 3578 1457 3657 deprehendas.
1493 3575 1765 3658 Primum
1797 3595 1936 3640 vero
1965 3573 2295 3658 subjuncta'
2322 3579 2496 3641 habet
2522 3573 2758 3658 aliquot
2777 3577 3046 3658 imperiti
3071 3573 3760 3653 Gracutisehotia,qure

461 3658 717 3720 subdere
740 3658 932 3718 visum
963 3663 1072 3720 est.
1106 3658 1319 3721 Isthwc
1337 3659 1515 3731 enim,
1547 3657 1706 3736 quod
1733 3675 2032 3738 perquam
2066 3657 2273 3720 brevia
2303 3661 2448 3734 sint,
2483 3657 2716 3722 nemini
2735 3657 3055 3738 fastidium
3082 3672 3319 3718 movere
3349 3661 3623 3732 possunt.

379 3763 595 3827 Sancti
615 3763 944 3825 Athanasii
962 3764 1227 3843 episcopi
1244 3763 1682 3834 Alexandrini,
1705 3765 1767 3825 in
1803 3763 2026 3826 dictum

2124 3775 2212 3824 [οὔ
2270 3767 2420 3844 ἁγίου
2479 3765 2790 3824 Ἀθανασίου
2851 3767 3147 3824 ἐπισκόπου
3205 3760 3627 3844 Ἀλεξανδρείας,
3679 3763 3756 3824 εἰς

458 3852 720 3934 apostoli
757 3851 1036 3913 Pauli“:
1078 3877 1103 3908 α
1127 3853 1286 3916 Novi
1313 3852 1667 3932 hujusmodi
1691 3852 2024 3927 hominem,

460 3949 701 4021 raptum
731 3958 921 4021 usque
943 3943 1024 4004 ad
1046 3945 1294 4005 tertium
1316 3941 1591 4014 caelum,»
1628 3949 1687 4004 et
1719 3942 1977 4022 reliqua.

465 4087 842 4148 Renuntiabo
874 4088 1041 4150 vobis
1082 4088 1240 4171 quod
1274 4107 1410 4150 cum
1438 4088 1630 4151 adhuc
1658 4089 1895 4169 juvenis
1924 4109 2026 4152 es-

390 4195 542 4251 sem,
584 4175 728 4256 ipsis
757 4177 1002 4240 auribus
1031 4178 1232 4258 accepi
1262 4196 1292 4240 a
1320 4178 1461 4240 viris
1493 4179 1750 4260 antiquis
1783 4179 2024 4260 sapien—

393 4267 469 4327 tia
499 4265 933 4346 prudentiaque
963 4267 1440 4342 ornatis,virtute
1465 4267 1947 4350 ﬂorentibus,qui
1970 4271 2027 4330 in

387 4353 1603 4417 asceticislaboribusconsenuerant.Nam
1626 4375 1758 4418 cum
1781 4357 1864 4419 illi
1890 4378 2030 4420 con-

384 4443 657 4505 venirent
686 4444 746 4504 in
783 4463 966 4505 unum
1013 4455 1072 4505 et
1109 4444 1441 4522 spiritualia
1493 4446 1784 4526 colloquia
1817 4451 2024 4509 misce-

383 4541 537 4607 rent,
570 4535 929 4611 qnaastiones
963 4535 1018 4594 in
1055 4534 1313 4594 medium
1351 4533 1671 4614 proposita;
1700 4545 1874 4597 sunt:
1902 4536 2028 4610 Qua

385 4622 462 4682 de
492 4640 669 4682 causa
695 4640 938 4702 magnus
973 4625 1070 4685 ille
1091 4623 1433 4703 Apostolus,
1457 4623 1620 4686 solus
1649 4643 1716 4686 ex
1750 4625 2026 4688 omnibus

385 4713 628 4786 sanctis,
671 4711 730 4772 in
766 4714 1000 4774 tertium
1048 4716 1261 4774 emtum
1297 4711 1567 4774 sublatus
1595 4723 1706 4788 est,
1737 4723 1916 4796 atque
1945 4716 2029 4777 ibi

383 4798 605 4861 audivit
639 4819 852 4862 arcana
875 4802 1055 4863 verba
1074 4802 1104 4861 ‘?
1126 4799 1232 4862 His
1253 4801 1333 4863 ita
1362 4803 1923 4883 responditqutdam
1959 4824 2027 4867 ex

385 4889 541 4952 illis:
569 4890 781 4952 Audivi
809 4909 915 4971 ego
941 4893 1014 4953 ab
1046 4890 1297 4970 antiquit
1315 4891 1482 4951 ribus
1501 4893 1793 4965 Patribus,
1829 4913 2030 4973 quam-

385 4978 518 5041 dam
545 4998 652 5041 ceu
680 4981 1034 5058 legationem
1061 4989 1119 5042 et
1151 4979 1491 5060 petitionem
1523 4983 1645 5043 Deo
1665 4991 1722 5044 et
1753 4985 2025 5056 Domino,

2189 3849 2248 3903 τὸ
2291 3839 2450 3924 ῥητὸν
2496 3855 2588 3904 τοῦ
2639 3845 2940 3905 ἀποστόλου
2990 3844 3220 3916 Παύλου⁹
3269 3843 3352 3899 ὅτι
3412 3865 3435 3896 α
3475 3839 3631 3924 ,Οἶδα
3663 3844 3758 3896 τὸν

2188 3922 2425 3983 τοιοῦτον
2469 3925 2740 4007 ἄνθρωπον
2773 3924 3075 4005 ἁρπαγέντα
3104 3925 3206 3988 ἕως
3236 3925 3408 4003 τρίτον
3438 3922 3680 4000 οὖρανὺν,
3719 3940 3749 3980 ι

2191 4010 2277 4064 καὶ
2298 4009 2364 4063 τὰ
2386 4008 2531 4076 ἑξῆς,

2192 4100 2546 4179 Ἀπαγγέλλω
2575 4101 2706 4177 ὑμῖν
2739 4101 2872 4178 ἅπερ
2903 4104 3018 4160 τοῖς
3079 4099 3204 4154 ὠσὶν
3257 4097 3491 4171 ἀκήκοα,
3529 4095 3607 4151 ἔτι
3639 4095 3756 4158 νέος

2113 4192 2393 4270 ὕπαρχων,
2455 4192 2595 4270 παρὰ
2637 4190 2880 4246 παλαιῶν
2938 4187 3164 4266 ἀνδρῶν,
3199 4188 3354 4266 σοφίᾳ
3419 4187 3507 4242 καὶ
3551 4183 3757 4240 συνέσει

2114 4279 2532 4356 κεκοσμημένων
2563 4283 2649 4334 καὶ
2681 4279 2901 4356 ἀρεταῖς
2947 4277 3462 4355 κατηγλαϊσμὲνοη,
3494 4275 3546 4329 ἐν
3573 4275 3748 4338 ἀσκη⁸

2116 4384 2287 4433 τικοῒς
2321 4369 2486 4447 ἀγῶσι
2537 4368 3047 4446 καταγηρασάντων,
3097 4363 3457 4442 Συνηγμένων
3511 4364 3607 4442 γὰρ
3649 4363 3755 4419 αὒ-

2113 4466 2218 4515 τῶν
2300 4460 2385 4514 καὶ
2471 4463 2844 4532 πνευματικῶς
2925 4459 3042 4534 περὶ
3100 4457 3301 4534 ἀρετῶν
3359 4451 3756 4531 διαλεγομένων

2112 4548 2274 4616 ἦλθον
2328 4549 2399 4610 εἷς
2468 4548 2630 4621 μέσον
2689 4549 3019 4624 ἐρωτήσεις·
3084 4547 3145 4604 Τί
3205 4544 3401 4611 δήποτε
3463 4542 3621 4616 μόνος
3681 4544 3758 4603 ὼς

2112 4637 2374 4714 ἐξαίρετός
2431 4638 2572 4712 παρᾶ
2631 4638 2831 4695 πάντας
2893 4638 3073 4713 ἁγίους
3131 4638 3156 4690 6
3214 4632 3383 4711 μέγας
3421 4627 3758 4692 Ἀπὸστολος

2112 4729 2183 4790 εἰς
2255 4728 2427 4804 τρίτον
2515 4726 2733 4805 οὐρανὸν
2814 4724 2976 4802 ἤρθη,
3033 4725 3286 4804 ἀρπαγεὶς
3342 4721 3396 4777 ὲν
3458 4719 3763 4798 παραδείσῳ

2112 4817 2201 4872 καὶ
2231 4815 2434 4872 ἐκεῖθεν
2464 4815 2695 4879 ἀκούσας
2748 4813 2944 4892 ἇρῤητα
2996 4815 3260 4892 ῥῆματας
3315 4810 3648 4888 Ἀποκριθεὶς
3702 4805 3760 4863 δὲ

2113 4906 2198 4968 εἷς
2231 4905 2281 4970 ἐξ
2342 4907 2512 4960 αὐτῶν
2556 4905 2712 4961 εἶπεν
2750 4920 2764 4935 ’
2800 4902 3105 4960 ’Ἢκοοσταί
3136 4923 3227 4976 μοι
3261 4901 3405 4976 παρὰ
3463 4896 3763 4976 ἀρχαιοτέ-

2113 5016 2218 5072 ρων
2248 4995 2516 5072 πατέρων,
2560 4995 2631 5059 ὠς
2670 4992 2920 5070 πρεσϐεία
2969 4995 3052 5048 καὶ
3109 4990 3326 5058 αἴτησις
3379 4987 3567 5066 γέγονε
3611 4988 3762 5064 παρὰ

386 5068 796 5131 universorum
835 5069 1220 5145 moderatori,
1244 5069 1496 5131 oblatam
1534 5070 1717 5135 fuisse
1752 5091 1786 5132 a
1813 5076 2031 5136 sanctis

2124 5087 2219 5139 τῶν
2251 5082 2342 5140 ἀπ’
2405 5086 2592 5146 αἰῶνος
2646 5082 2810 5159 ἁγίων
2855 5083 3100 5161 Πατέρων
3150 5081 3280 5157 πρὸς
3339 5079 3428 5134 τὸν
3481 5079 3608 5133 Θεὸν
3668 5076 3762 5131 καὶ

385 5157 500 5220 illis
534 5157 807 5221 Patribns
829 5161 1163 5221 remotioris
1191 5161 1393 5239 mvi,ut
1424 5159 1668 5222 Paulum
1699 5165 2027 5242 apostolum

2124 5176 2397 5240 Δεσπότην
2458 5175 2542 5228 καὶ
2595 5173 2809 5228 πάντων
2867 5171 3083 5251 Κύριον,
3129 5170 3258 5247 ὑπὲρ
3317 5177 3406 5226 τοῦ
3458 5163 3763 5222 ἀποστόλου

385 5248 573 5310 virum
596 5251 832 5325 qualem
865 5267 898 5310 a
926 5250 1140 5312 saecqu
1163 5269 1277 5310 nan
1305 5249 1719 5330 viderant,sibi
1744 5254 2028 5316 ostende-

2124 5264 2347 5336 Πιύλον,
2402 5262 2546 5323 ὅπως
2601 5261 2894 5318 θεάσωνται
2946 5267 3183 5318 τοιοῦτον
3216 5255 3397 5336 ἄνδρα,
3430 5255 3491 5311 ὃν
3520 5255 3626 5311 ἀπὸ
3669 5256 3768 5307 τοῦ

384 5347 495 5399 ret.
529 5336 610 5399 Ex
651 5338 927 5400 universa
958 5339 1180 5420 quippe
1212 5349 1390 5414 terra,
1427 5357 1500 5401 ex
1534 5340 1809 5420 gentibus
1856 5352 2032 5426 atque

2124 5355 2306 5418 αίῶνος
2333 5354 2428 5410 οὒκ
2457 5350 2764 5414 ἐθεάσαντο.
2816 5349 2954 5409 Ἀπὸ
3010 5351 3111 5431 γὰρ
3140 5349 3320 5417 πάσης
3361 5352 3463 5412 τῆς
3505 5343 3767 5418 οἰκουμέ-

466 5495 566 5559 ⁷³Ῑ
595 5498 727 5561 Cor.
767 5519 866 5578 νυ,
906 5504 962 5562 1.
1049 5498 1105 5543 ⁷⁴
1134 5502 1180 5562 ll
1208 5499 1339 5563 Cor.
1377 5517 1481 5574 xu,
1518 5499 1575 5559 9..

471 5619 595 5701 (33)
633 5619 709 5682 Ex
744 5622 950 5685 codice
980 5624 1165 5700 Regio
1197 5621 1375 5696 2246,
1416 5622 1518 5686 fol.
1555 5626 1652 5682 ιΗ.
