3874 6218
1499 736 1999 851 ADMON
2020 740 2309 851 lTIO

475 1012 601 1155 1N
672 1062 1403 1172 SEQUENTEM
1480 1063 1632 1150 AD
1703 1060 2575 1152 MARCELLINUM
2659 1060 3330 1154 EPISTOLAM

1154 1347 1261 1410 DE
1310 1341 2077 1408 INTERPRETATIONE
2136 1341 2657 1403 PSALMORUM.

1321 1604 1468 1669 (Opp.
1495 1602 1547 1652 S.
1582 1603 1759 1655 Athan.
1786 1603 1869 1653 ed.
1907 1600 2087 1654 Venet.
2134 1601 2272 1667 1777,
2298 1607 2335 1652 t.
2382 1600 2490 1663 ΙΙΙ.)

346 2114 549 2173 Textus
576 2113 801 2173 Gnaeus
833 2123 1084 2187 sumptus
1109 2123 1287 2170 estex
1318 2113 1724 2186 Prolegomenis
1766 2115 1898 2170 tomi
1934 2113 2001 2169 IV
2042 2114 2253 2176 Veteris
2282 2113 2616 2172 Testamenti
2642 2113 2798 2186 juxta
2833 2115 3141 2173 versionem
3184 2118 3529 2190 septuaginta

269 2213 656 2285 lnterpretum,
687 2226 853 2284 quam
878 2226 944 2266 ex
973 2210 1161 2267 codice
1194 2209 1563 2266 Alexandrino
1594 2220 1851 2267 accurate
1876 2211 2047 2267 edidit
2076 2210 2317 2267 Joannes
2346 2213 2613 2268 Ernestus
2648 2210 2847 2277 Grabe,
2882 2212 2978 2283 qui
3009 2212 3149 2268 inter
3174 2211 3280 2267 alia
3321 2213 3435 2269 haec
3459 2213 3529 2268 de

271 2312 461 2368 eadem
492 2310 722 2381 epistola
747 2309 1041 2366 admonet:
1085 2307 1347 2363 Caeterum
1392 2309 1513 2363 licet
1536 2308 1591 2364 in
1620 2310 1861 2381 pluribus
1904 2309 1965 2365 S.
2004 2309 2287 2363 Athanasii
2322 2308 2662 2375 cditionibus,
2712 2325 2774 2363 ac
2812 2309 2867 2363 in
2907 2317 3171 2377 postrema
3204 2310 3525 2365 celeberrimi

274 2408 666 2478 Montfauconi,
698 2407 931 2461 omnium
960 2406 1179 2477 optima,
1208 2414 1337 2460 tam.
1366 2403 1417 2470 Ι,
1445 2416 1582 2474 part.
1613 2422 1676 2472 ιι,
1710 2423 1831 2478 pag.
1862 2407 1969 2463 982
2006 2423 2170 2477 usque
2211 2405 2370 2471 1005,
2400 2407 2501 2461 iste
2523 2406 2591 2460 ad
2627 2404 3001 2460 Marcellinum
3028 2405 3237 2461 libellus
3263 2405 3442 2462 erce
3465 2425 3528 2460 ac

274 2504 464 2559 Latine
493 2505 562 2558 sit
588 2520 853 2570 excusus;
889 2519 1008 2558 eum
1061 2510 1235 2555 tamen
1266 2501 1321 2553 in
1367 2502 1751 2572 antiquissimis
1795 2519 1858 2556 ac
1903 2500 1964 2558 S.
2013 2501 2171 2556 Patri
2215 2502 2322 2572 {ere
2361 2502 2549 2556 cowvis
2590 2499 2906 2554 membranis
2934 2502 3127 2555 nostris
3163 2500 3304 2556 haud
3334 2519 3523 2572 parun.

272 2598 638 2651 correctiorem
662 2612 728 2649 ac
751 2596 1061 2665 pleniorem,
1091 2609 1149 2653 ut
1172 2600 1461 2671 conferenti
1476 2598 1694 2669 patebit,
1726 2599 1810 2652 hic
1833 2598 2003 2651 denuo
2023 2596 2172 2651 edere
2195 2595 2418 2668 placuit,
2438 2594 2629 2665 absque
2644 2592 2841 2648 Latina
2862 2606 3034 2651 tamen
3052 2596 3305 2652 versione.
3332 2596 3528 2651 Versin

271 2696 438 2765 igitur
472 2693 663 2749 Latina
700 2704 917 2766 sumpta
942 2710 971 2749 a
1000 2710 1087 2751 me
1120 2707 1201 2752 est
1243 2712 1310 2752 ex
1340 2697 1556 2752 laudata
1594 2694 1774 2752 Patris
1805 2693 2179 2750 Montlauconi
2209 2693 2447 2748 editione
2475 2691 2710 2760 Operum
2750 2688 2807 2743 S.
2842 2686 3155 2753 Athanasii;
3204 2687 3272 2741 ad
3323 2696 3525 2741 textum

270 2796 455 2843 autem
489 2786 735 2843 Graecum
774 2790 979 2846 codicis
1003 2792 1379 2857 Alexandrini,
1412 2792 1509 2847 ubi
1537 2791 1588 2847 ei
1617 2806 1729 2847 non
1765 2789 2149 2862 respondebat,
2184 2788 2434 2860 pluribus
2476 2786 2530 2841 in
2552 2784 2698 2860 locis
2730 2781 3161 2839 accommodata.
3195 2779 3308 2836 Hac
3343 2790 3524 2837 autem

270 2885 526 2941 versione
552 2884 919 2956 antiquiorem
951 2885 1115 2940 aliam
1160 2886 1330 2941 edidit
1357 2886 1490 2941 clar.
1522 2900 1687 2939 mem.
1723 2883 1875 2940 card.
1907 2881 2238 2938 Thomasius
2265 2880 2319 2935 in
2344 2881 2487 2935 libro
2511 2879 2599 2935 cui
2628 2876 2853 2932 titulus:
2886 2873 3210 2928 Psalterium
3229 2874 3394 2943 juxta
3421 2875 3526 2929 du-

267 2975 460 3045 plicem
500 2975 803 3040 editionem,
834 2983 964 3039 etc.,
1006 2984 1061 3031 et
1099 2976 1153 3031 in
1197 2974 1522 3032 Praefatione
1563 2975 1629 3030 ad
1681 2974 1940 3030 lectorem
1980 2995 1993 3029 :
2027 2972 2204 3036 Hanc,
2234 2972 2435 3042 inquit,
2465 2969 2717 3024 Latinam
2740 2974 3002 3036 repertam
3025 2966 3078 3018 in
3107 2965 3241 3018 libro
3271 2982 3371 3021 ms.
3402 2966 3527 3021 licet

269 3082 373 3120 non
404 3064 689 3119 admodum
708 3075 909 3120 vetusto
928 3065 1257 3122 bibliotheca:
1299 3065 1660 3122 Vallicellana:
1681 3066 2021 3136 proferimus,
2047 3065 2116 3119 ad
2145 3064 2388 3120 Graecum
2411 3071 2587 3117 tamen
2607 3057 2876 3127 exemplar
2901 3065 3181 3127 utrumque
3207 3059 3523 3112 recensitam

267 3172 319 3215 et
356 3161 705 3216 emendatam.
741 3161 817 3217 De
851 3166 952 3217 hac
981 3159 1210 3229 epistola
1239 3158 1380 3214 idem
1426 3157 1768 3214 clarissimus
1806 3157 2104 3213 cardinalis
2138 3174 2152 3211 :
2198 3153 2429 3219 Celebre,
2472 3152 2568 3215 ait,
2595 3147 2736 3219 apud
2779 3154 2970 3201 veteres
3003 3161 3179 3201 omnes
3213 3145 3522 3215 opusculum

268 3253 410 3306 beati
448 3253 732 3307 Athanasii
767 3251 997 3321 episcopi
1029 3249 1379 3303 Alexandrini
1426 3248 1502 3304 De
1537 3247 1676 3303 libro
1713 3245 2083 3311 Psalmorum,
2126 3242 2265 3314 quod
2294 3243 2477 3296 beatus
2522 3238 2878 3310 Hieronymus
2925 3235 3193 3307 appellare
3221 3237 3430 3292 videtur
3469 3238 3527 3291 in

266 3344 534 3415 Catalogo
586 3345 917 3414 scriptorum
962 3341 1455 3399 ecclesiasticarum
1488 3358 1504 3397 :
1539 3338 1613 3394 De
1646 3338 1973 3407 psalmorum
2016 3336 2208 3391 titulis.
2238 3334 2346 3391 Sed
2382 3350 2508 3390 cum
2552 3334 2734 3389 adhuc
2773 3333 2973 3389 lateret
3003 3333 3059 3388 in
3093 3334 3353 3398 tenebris,
3387 3343 3442 3390 et
3466 3335 3522 3390 in

268 3436 545 3508 publicam
571 3435 749 3491 lucem
787 3434 994 3491 editum
1042 3451 1151 3491 non
1178 3434 1376 3492 fuisset
1403 3450 1593 3492 verum
1643 3450 1781 3506 opus
1820 3433 1886 3489 B.
1917 3432 2204 3490 Athanasii
2246 3431 2322 3487 De
2353 3430 2522 3487 titulis
2554 3431 2909 3501 psalmorum,
2952 3429 3099 3501 quod
3142 3431 3305 3487 modo
3335 3430 3391 3486 in
3421 3446 3525 3501 pu-

267 3533 473 3587 blicum
505 3531 829 3596 emittimus,
858 3531 1004 3586 haud
1032 3531 1234 3587 mirum
1264 3542 1369 3597 est,
1422 3535 1470 3588 si
1498 3532 1850 3589 doctissimus
1885 3531 1971 3585 vir
2013 3545 2139 3585 eum
2173 3529 2296 3585 aliis
2334 3528 2583 3599 pluribus
2613 3527 2871 3597 deceptus
2907 3534 2993 3581 est
3026 3541 3091 3581 ac
3115 3527 3337 3595 erravit,
3369 3537 3524 3583 ratus

266 3622 414 3677 idem
449 3635 590 3692 opus
619 3635 743 3677 esse
775 3620 975 3675 librum
1003 3619 1080 3676 De
1112 3621 1283 3675 titulis
1314 3622 1637 3691 psalmorum
1675 3636 1740 3677 ac
1767 3620 2069 3692 Epistolam
2106 3636 2202 3676 seu
2226 3618 2486 3674 Libellum
2520 3619 2591 3673 ad
2629 3618 3018 3676 Marcellinum.
3056 3620 3212 3688 Quod
3238 3636 3369 3677 sane
3396 3638 3521 3677 cum

266 3716 779 3773 animadvertissent
806 3715 995 3773 Patres
1027 3714 1385 3779 Benedictini,
1412 3715 1467 3770 in
1495 3713 1881 3769 Admonitione
1903 3728 2068 3784 quam
2096 3721 2512 3783 prteposuerunt
2534 3710 2712 3767 eidem
2737 3709 2997 3782 EpistoltB
3026 3712 3095 3766 ad
3122 3711 3518 3779 Marcellinum,

267 3811 341 3866 ita
368 3807 577 3879 praefati
599 3818 729 3864 sunt
757 3826 771 3862 :
804 3806 1109 3877 Opinantur
1140 3808 1326 3878 nuperi
1357 3806 1638 3875 scriptores
1673 3805 1911 3876 quidam,
1936 3803 2238 3876 Epistolam
2282 3804 2349 3859 ad
2375 3804 2751 3859 Marcellinum
2778 3821 2889 3859 esse
2914 3804 3052 3858 illud
3082 3821 3210 3874 opus
3234 3804 3309 3860 De
3345 3806 3521 3861 titulis

266 3903 625 3973 psalmorum,
660 3899 799 3970 quod
829 3903 894 3954 ab
926 3898 1248 3970 Hieronymo
1278 3899 1414 3953 inter
1437 3898 1805 3952 Athanasiana
1832 3897 2031 3967 scripta
2054 3906 2429 3950 enumeratur:
2448 3904 2516 3949 'at
2540 3912 2658 3949 cum
2683 3897 2745 3949 de
2769 3896 2941 3950 titulis
2968 3912 3057 3949 seu
3087 3897 3520 3966 inscriptionibus

262 3993 591 4060 psalmorum
636 4007 701 4048 ne
743 3991 951 4047 verbum
985 3990 1195 4060 quidem
1225 3990 1323 4043 hac
1350 3990 1404 4043 in
1434 3989 1659 4059 epistola
1683 3998 2004 4055 compareat,
2036 3986 2313 4056 propalam
2342 3985 2490 4039 nobis
2518 3996 2618 4051 est,
2643 3985 2811 4039 alium
2850 3986 2917 4039 ab
2951 3984 3274 4055 Hieronymo
3302 3986 3519 4040 laudari

264 4085 484 4151 librum,
513 4092 617 4140 etc.
649 4083 726 4139 De
757 4084 1209 4154 praestantissima
1232 4084 1335 4139 hac
1359 4082 1588 4153 epistola
1626 4090 1821 4152 praeter
1841 4081 2111 4154 synodum
2140 4078 2417 4136 Nicsenam
2444 4081 2856 4145 secundam,ita
2885 4081 3132 4136 meminit
3152 4083 3522 4140 Cassiodorus

262 4178 319 4232 in
353 4177 492 4232 libro
518 4175 594 4230 De
618 4177 951 4231 institutione
977 4176 1277 4230 divinarum
1320 4175 1641 4241 litterarum,
1670 4189 1790 4244 cap.
1837 4174 1873 4227 4
1901 4192 1914 4228 :
1953 4172 2223 4244 Legendus
2256 4182 2336 4227 est
2367 4175 2530 4227 etiam
2572 4172 2780 4227 libellus
2822 4173 3106 4228 Athanasii
3135 4174 3515 4232 Alexandrinas

260 4272 498 4325 civitatis
534 4272 783 4343 episcopi,
812 4287 962 4341 quem
987 4269 1297 4325 Marcellino
1326 4278 1442 4338 post
1468 4269 1836 4339 wgritudinem
1867 4270 1922 4323 in
1970 4268 2146 4323 locum
2169 4269 2469 4340 refectionis
2504 4269 2830 4325 dulcissima:
2859 4270 3166 4333 destinavit.
3215 4273 3306 4341 qui
3327 4275 3519 4328 inscri-

261 4360 409 4413 bitur
434 4376 454 4413 :
484 4358 560 4415 De
587 4361 725 4416 libro
756 4359 1136 4427 Psalmorum;
1168 4357 1257 4412 ubi
1278 4359 1485 4412 diversa
1518 4373 1873 4424 commonens,
1902 4359 2155 4414 virtutem
2183 4361 2354 4430 operis
2385 4360 2554 4429 ipsius
2577 4361 2939 4423 minutissima
2966 4369 3293 4424 discussione
3314 4371 3520 4440 patefe-

258 4455 354 4519 cit,
395 4454 625 4509 diversos
646 4456 919 4511 hominum
954 4474 1108 4513 casus
1140 4475 1259 4513 cum
1284 4459 1395 4513 suis
1431 4458 1672 4513 remediis
1698 4458 1930 4521 suaviter
1952 4456 2314 4511 introducens.
2340 4457 2735 4529 Argumentum
2762 4462 3005 4533 ejusdem
3038 4465 3282 4536 epistolas
3309 4466 3515 4521 laudati

260 4556 452 4612 Patres
484 4555 815 4614 Benedictini
854 4559 1044 4629 paucis
1079 4559 1258 4614 verbis
1287 4558 1550 4614 exhibent
1578 4558 1632 4613 in
1666 4559 1813 4612 hunc
1856 4557 2080 4611 modum
2118 4574 2132 4611 :
2181 4558 2366 4611 Primo
2396 4558 2452 4611 id
2490 4560 2707 4627 ponitur
2733 4557 3057 4613 discriminis
3096 4555 3342 4613 Psalmos
3378 4558 3519 4611 inter

257 4658 308 4702 et
336 4648 471 4702 alios
511 4646 805 4719 Scriptura:
840 4666 1009 4706 sacrte
1041 4650 1224 4716 libros,
1247 4658 1307 4705 ut
1327 4650 1417 4719 qui
1440 4650 1575 4705 alios
1593 4650 1738 4720 legit,
1763 4647 1919 4704 verba
1944 4664 2049 4701 non
2073 4659 2130 4701 ut
2152 4664 2271 4715 sua,
2293 4648 2383 4703 sed
2408 4665 2610 4717 eorum,
2640 4666 2864 4720 quorum
2883 4648 3010 4703 libri
3035 4658 3178 4716 sunt,
3206 4648 3285 4704 vel
3310 4664 3516 4714 eorum,

257 4747 349 4816 qui
378 4745 523 4817 loqui
563 4747 895 4813 exhibentur,
932 4747 1206 4817 proferat;
1244 4747 1336 4817 qui
1370 4755 1547 4800 autem
1572 4744 1819 4800 Psalmos
1846 4745 2056 4810 recitat,
2081 4744 2235 4798 verba
2263 4744 2500 4814 proferat
2524 4747 2679 4816 quasi
2703 4763 2823 4814 sua,
2848 4756 2900 4802 et
2935 4747 3004 4801 ad
3028 4763 3084 4801 se
3111 4748 3321 4817 proprie
3349 4747 3517 4815 perti-

255 4840 459 4893 nentia.
486 4837 625 4893 Hinc
648 4839 959 4893 dividuntur
991 4838 1199 4895 Psalmi
1224 4840 1278 4893 in
1302 4840 1451 4894 varia
1468 4854 1675 4909 genera,
1700 4838 1889 4892 orandi
1920 4836 2145 4904 scilicet,
2178 4838 2486 4907 conﬁtendi,
2508 4848 2558 4894 et
2578 4840 2658 4895 his
2678 4840 3213 4913 similia:deindeque
3243 4840 3516 4893 indicatur

253 4952 359 5006 quo
394 4936 610 5007 quisque
642 4936 878 5006 psalmus
908 4952 1058 5004 casu,
1091 4952 1196 5005 qua
1214 4935 1535 5004 conditione,
1565 4951 1670 5005 qua
1693 4933 2086 5005 opportunitate
2122 4934 2243 4988 cani
2269 4934 2474 4990 debeat.
2508 4932 2575 4989 In
2606 4935 2747 4991 hisce
2781 4943 2891 4991 tota
2930 4946 3168 4992 versatur
3195 4933 3438 5005 epistola.

568 5812 841 5877 Ρηιιοι.
888 5817 1001 5879 (in.
1054 5817 1316 5883 XXVII.

3149 5826 3183 5874 ι

1652 6062 1731 6086 no
1794 6056 1843 6089 ἀἱ
1895 6051 2015 6091 ἠ’

1539 6069 1619 6162 ἦ).
1685 6047 2047 6162 Α’ξ’ξ’έᾸ

1683 6150 1710 6177 ε.
1778 6140 1851 6171 ας.)
1919 6140 1946 6168 ει
