3874 6218
357 350 411 403 Η
1192 335 1249 393 S.
1292 330 1663 389 ATHANASII
1704 330 1853 385 ()PP.
1897 327 2077 382 PARS
2117 326 2201 385 ιιι.
2237 359 2306 367 —
2343 326 2755 384 EXEGETICA.
3544 333 3606 385 12

354 786 624 844 SANCTI
678 782 949 840 PATRIS
1001 778 1273 836 NOSTRI
1340 769 1764 829 ATHANASII
1814 767 1933 822 AR-

424 878 918 940 CHIEPISCOPI
961 865 1491 930 ALEXANDRINI
1570 863 1668 918 AD
1748 861 1928 916 ΜΑΒ-

424 969 818 1032 CELLINUH
954 967 1042 1021 IN
1140 951 1934 1018 INTERPRETATIONEM

426 1062 904 1125 PSALMORUM.

2050 770 2184 822 ΊὉΥ
2216 771 2319 822 ΕΝ
2352 771 2605 823 ΑΓΙΟΙΣ
2641 772 2737 822 ΠΛ
2752 771 2931 821 ΤΡΟΣ
2954 772 3165 823 ΗΜΩΝ
3196 772 3605 828 ΑΘΑΝΑΣΙΟΥ

2106 859 2664 915 ΑΡΧΙΕΠΙΣΚΟΠΟ
2678 864 2721 914 Υ
2780 863 3336 921 ΑΛΕΞΑΝΔΡΕΙΑΣ
3416 871 3607 937 ΠΕΟΣ

2112 954 2653 1095 ζΙΑΡΚΕΛΛΙΝΟΝ
2671 956 2797 1008 ΕΙΣ
2832 956 2974 1010 ΤΗΝ
3003 956 3607 1016 ΕΡΜΗΝΕῙΑΝ’”ΤΩΝ

2161 1044 2447 1098 ἈΛΜΩΝ.

421 1475 477 1532 1.
494 1471 660 1527 Miror
687 1478 841 1525 tuum
872 1465 926 1520 in
948 1463 1167 1520 Christo
1192 1458 1551 1531 propositum,
1574 1454 1766 1510 dilecte
1785 1449 1923 1505 Mar-

2099 1452 2167 1498 a'.
2215 1444 2459 1516 Ἀγαμαί
2494 1463 2553 1498 σε
2587 1445 2685 1517 τῆς
2713 1446 2771 1499 ἑν
2799 1447 3021 1520 Χριστῷ
3051 1450 3443 1522 προαιρέσεως,
3488 1454 3607 1524 φίλε

351 1565 562 1622 celline.
603 1559 740 1616 Nam
784 1566 837 1614 et
871 1561 1197 1627 praesentem
1239 1552 1620 1613 tentationem,
1671 1542 1925 1615 quamvis

351 1657 584 1728 plurima
624 1654 681 1708 in
723 1666 785 1706 ea
830 1662 1046 1720 passus,
1103 1643 1274 1716 probe
1307 1640 1528 1704 toleras,
1582 1645 1636 1693 et
1685 1635 1920 1701 ascesin,

350 1767 448 1806 seu
484 1744 925 1805 exercitationem
970 1754 1079 1793 non
1126 1736 1374 1807 negligis.
1418 1730 1925 1789 Sciscitatus'enim

349 1858 419 1898 ex
463 1849 558 1896 tuo
605 1834 888 1893 tabellario
943 1846 1051 1903 qua
1099 1831 1313 1884 ratione
1374 1838 1496 1897 post
1550 1826 1925 1898 azgritudinem

351 1932 619 1995 versaris,
675 1927 839 1983 didici
888 1934 942 1982 te
997 1924 1253 1981 omnibus
1285 1923 1507 1993 quidem
1548 1921 1745 1975 divinis
1780 1918 1929 1973 Scri-

348 2026 526 2099 pturis
554 2038 769 2090 vacare,
786 2020 1133 2092 potissimum
1158 2026 1339 2073 tamen
1366 2014 1706 2070 Psalmorum
1728 2011 1925 2067 librum

349 2119 619 2183 evolvere,
667 2113 1010 2182 maximeque
1071 2108 1289 2164 studere
1335 2113 1394 2159 ut
1436 2104 1702 2174 cujusque
1734 2104 1926 2171 psalmi

351 2228 535 2269 veram
581 2206 904 2267 sententiam
939 2217 1253 2274 assequare.
1294 2198 1661 2267 Quamobrem
1692 2205 1744 2251 te
1779 2211 1928 2250 sum-

348 2320 572 2377 mopere
601 2302 787 2366 laudo,
819 2314 941 2356 cum
967 2310 1166 2367 magno
1196 2293 1447 2350 eumdem
1472 2291 1673 2345 librum
1730 2295 1926 2344 totam-

347 2416 455 2472 que
484 2398 820 2469 Scripturam
848 2392 1027 2448 studio
1055 2402 1371 2461 prosequar.
1410 2385 1523 2439 Hoc
1555 2384 1737 2453 itaque
1767 2382 1927 2436 modo

348 2493 594 2555 aﬁ'ectus,
622 2488 789 2544 incidi
820 2486 951 2540 olim
983 2484 1037 2538 in
1067 2482 1358 2553 quemdam
1408 2493 1592 2533 senem
1639 2474 1929 2531 studiosis-

348 2589 570 2650 simum,
592 2583 823 2652 voloque
854 2578 970 2640 tibi,
1000 2590 1121 2646 quae
1149 2573 1284 2628 mihi
1318 2572 1406 2626 ille
1431 2571 1498 2624 de
1517 2582 1675 2623 sacro
1719 2567 1924 2621 Psalte-

346 2682 452 2744 rio,
493 2676 640 2750 quod
672 2690 837 2730 manu
872 2671 1109 2736 tenebat,
1151 2664 1648 2725 sermocinabatur,
1696 2660 1928 2731 perscri-

347 2777 522 2829 bere:
558 2771 761 2825 habent
799 2766 945 2821 enim
971 2761 1266 2834 quamdam
1294 2756 1545 2827 gratiam,
1580 2764 1633 2810 et
1670 2752 1927 2823 probabi-

2030 1541 2388 1611 Μαρκελλῖνε.
2427 1541 2536 1594 Καὶ
2568 1539 2675 1611 γὰρ
2708 1540 2801 1593 καὶ
2842 1539 2935 1594 τὸν
2988 1543 3229 1612 παρόντα
3281 1549 3606 1618 πειρασμὸν,

2029 1631 2207 1684 καίτοι
2234 1630 2404 1684 πολλὰ
2438 1630 2624 1685 παθὼν
2659 1632 2717 1685 ἐν
2747 1630 2912 1702 αὐτῷ,
2945 1632 3127 1697 καλῶς
3153 1635 3359 1707 φέρεις,
3388 1640 3482 1691 καὶ
3508 1640 3605 1710 τῆς

2029 1724 2315 1795 ἀσκήσεως
2348 1724 2447 1776 οὐκ
2474 1724 2717 1794 ἀμελεῖς.
2746 1716 3153 1797 Πυνθανόμενος
3181 1729 3286 1800 γὰρ
3323 1730 3416 1783 τοῦ
3447 1732 3604 1802 κομί-

2030 1833 2219 1879 σαντος
2244 1818 2343 1888 τὴν
2377 1816 2686 1888 επιστολὴν,
2723 1816 2840 1880 πῶς
2872 1818 2979 1889 ἄρα
3021 1819 3116 1871 καὶ
3165 1820 3302 1890 μετὰ
3327 1821 3426 1892 τὴν
3458 1822 3608 1876 νόσον

2028 1908 2261 1978 διάγεις·
2296 1908 2496 1979 ἔμαθον
2531 1910 2667 1981 πρὸς
2715 1911 2812 1980 μὲν
2847 1912 3027 1964 πᾶσαν
3055 1912 3155 1982 τὴν
3203 1912 3352 1966 θείαν
3386 1914 3608 1985 Γραφὴν

2028 1999 2174 2070 ἔχειν
2208 2016 2266 2052 σε
2289 2000 2387 2071 τὴν
2414 1999 2627 2071 σχολὴν,
2646 2001 2975 2072 πυκνότερον
2999 2003 3056 2055 δὲ
3090 2002 3323 2073 μάλιστα
3349 2007 3412 2075 τῇ
3444 2003 3609 2076 βίϐλῳ

2026 2091 2134 2182 τῶν
2190 2091 2436 2162 Ψαλμῶν
2492 2093 2857 2164 ἐντυγχάνειν,
2892 2096 2987 2148 καὶ
3039 2095 3359 2165 φιλονεικεῖν
3405 2097 3497 2151 τὸν
3548 2100 3606 2151 ἑν

2027 2184 2242 2255 ἑκάστῳ
2269 2183 2469 2256 ψαλμῷ
2500 2185 2623 2239 νοῦν
2653 2187 2967 2258 ἐγκείμενον
3005 2189 3460 2259 καταλαμϐάνειν.
3497 2193 3606 2245 Καὶ

2026 2276 2115 2329 διὰ
2139 2276 2296 2331 τοῦτο
2318 2278 2498 2331 τοίνυν
2520 2277 2848 2349 ἀποδέχομαι
2874 2296 2954 2346 σε,
2980 2279 3146 2332 πολὺν
3172 2280 3309 2351 ἔχων
3335 2284 3413 2344 εἰς
3439 2282 3606 2352 αὐτὴν

2026 2369 2124 2440 τὴν
2178 2368 2360 2439 βίϐλον
2407 2368 2562 2438 κάγὼ
2593 2370 2775 2437 πόθον,
2816 2371 3003 2443 ῶσπερ
3037 2372 3130 2425 καὶ
3180 2375 3259 2436 είς
3299 2376 3478 2427 πᾶσαν
3511 2373 3605 2444 τὴν

2026 2462 2269 2534 Γραφήν.
2306 2465 2416 2517 Καὶ
2444 2464 2551 2537 γὰρ
2578 2464 2749 2529 οὕτως
2797 2466 2955 2536 ἔχων,
3002 2466 3285 2538 συνέτυχόν
3323 2486 3427 2521 τινι
3462 2469 3607 2537 φιλο-

2028 2554 2175 2625 πόνῳ
2222 2556 2462 2626 γέροντι,
2492 2559 2586 2611 καὶ
2619 2558 2878 2629 βούλομαι
2926 2559 3018 2612 καί
3069 2577 3170 2625 σοι,
3211 2561 3354 2633 ἆπερ
3404 2564 3606 2625 ἐκεῖνος

2028 2647 2274 2719 κατέχων
2319 2649 2381 2703 τὸ
2411 2650 2722 2723 Ψαλτήριον
2767 2652 2895 2722 περὶ
2942 2652 3104 2704 αὑτοῦ
3154 2670 3243 2722 μοι
3288 2654 3603 2724 διηγήσατο,

2031 2736 2271 2810 γράψαι·
2326 2739 2440 2811 ἔχει
2484 2743 2593 2812 γάρ
2624 2759 2744 2795 τινα
2791 2744 2949 2813 χάριν
2994 2724 3087 2795 καί
3124 2745 3455 2817 πιθανότητα
3490 2748 3604 2817 μετ’

348 2871 552 2924 litatem
590 2881 715 2921 cum
740 2861 1087 2918 enarratione
1111 2852 1505 2911 verisimillima
1553 2848 1923 2919 coniunctam.

2033 2827 2254 2901 εὐλόγου
2291 2832 2383 2887 τοῦ
2416 2833 2769 2905 διηγήματος.
2808 2832 2997 2903 Ἔλεγε
3022 2836 3127 2907 γὰρ
3151 2836 3322 2901 οὕτως
3345 2856 3359 2868 -

346 2962 425 3017 lta
453 2961 597 3017 enim
632 2958 849 3013 locutus
878 2961 961 3007 est
998 2969 1010 3004 :

414 3055 471 3112 2.
503 3051 693 3108 Omnis
749 3055 970 3111 nostra,
1026 3057 1058 3097 ο
1103 3041 1206 3107 ﬁli,
1254 3039 1556 3109 Scriptura,
1604 3050 1727 3093 cum
1772 3040 1929 3089 vetus

348 3157 463 3202 tum
497 3158 659 3210 nova,
693 3140 953 3196 divinitus
981 3136 1246 3206 inspirata
1300 3132 1560 3202 utilisque
1613 3128 1680 3183 ad
1724 3128 1929 3182 doctri-

348 3254 475 3295 nam
500 3247 604 3301 est,
635 3242 694 3290 ut
719 3233 983 3302 scriptum
1013 3229 1261 3283 habetur.
1302 3226 1555 3279 Attamen
1584 3221 1927 3277 Psalmorum

347 3332 484 3386 liber
528 3326 777 3399 quaedam
809 3324 1103 3379 observata
1169 3319 1334 3389 digna
1370 3317 1531 3370 habet
1578 3316 1666 3382 iis,
1717 3314 1809 3383 qui
1840 3320 1924 3365 at-

348 3423 567 3479 tendere
597 3417 890 3475 voluerint.
940 3413 1177 3482 Quilibet
1208 3412 1352 3466 enim
1398 3409 1533 3464 liber
1571 3421 1751 3471 suum,
1777 3403 1924 3474 quod

344 3517 582 3590 prml'ert,
623 3519 1005 3586 argumentum
1039 3515 1231 3563 tractat
1266 3516 1320 3561 et
1347 3502 1695 3575 prosequitur
1735 3498 1925 3554 :verbi

345 3611 515 3682 gratia
542 3604 945 3664 Pentateuchus
979 3600 1167 3656 mundi
1193 3597 1478 3669 originem,
1509 3602 1660 3665 gesta
1692 3592 1925 3663 patriar-

344 3702 597 3764 charum,
639 3700 847 3755 exitum
877 3694 1090 3750 lsraelis
1120 3709 1186 3747 ex
1214 3691 1469 3761 Egypto,
1498 3696 1553 3741 et
1589 3686 1721 3755 legis
1754 3683 1922 3738 tradi-

343 3791 548 3844 tionem
566 3804 580 3852 ;
595 3784 946 3848 Triteuchus,
959 3780 1187 3836 sortium
1203 3774 1664 3839 distributionem,
1679 3772 1920 3839 iudicum

345 3886 490 3944 acta,
532 3874 750 3931 Davidis
776 3871 1179 3945 genealogiam;
1208 3869 1331 3923 libri
1383 3867 1591 3938 Regum
1633 3873 1689 3919 et
1718 3862 1924 3917 Parali-

344 3982 726 4042 pomenorum,
768 3973 919 4037 gesta
950 3978 1172 4034 regum;
1216 3960 1439 4027 Esdras,
1474 3956 1800 4027 captivitatis
1833 3968 1923 4009 so-

344 4063 652 4128 lutionem,
704 4057 941 4115 reditum
986 4055 1192 4125 populi,
1243 4053 1428 4123 templi
1484 4061 1537 4107 et
1589 4050 1739 4105 urbis
1784 4064 1921 4103 con-

2103 3012 2167 3081 β’.
2210 3010 2365 3065 Πᾶσα
2400 3012 2518 3082 μὲν,
2548 3010 2593 3065 ῶ
2625 3012 2833 3079 τέκνον,
2869 3013 2904 3083 ἡ
2933 3011 3052 3065 καθ’
3079 3014 3225 3082 ἡμᾶς
3258 3013 3467 3084 Γραφή,
3503 3032 3606 3066 πα..

2031 3104 2157 3157 λαιά
2206 3121 2263 3156 τε
2308 3104 2403 3156 καὶ
2460 3104 2641 3175 καινὴ,
2673 3102 3026 3167 θεόπνευστός
3060 3105 3175 3156 ἑστι
3209 3104 3304 3158 καὶ
3333 3103 3606 3175 ὠφέλιμος

2032 3196 2167 3267 πρὸς
2190 3194 2557 3260 διδασκαλίαν,
2583 3194 2658 3257 ὡς
2687 3195 2994 3265 γέγραπται
3020 3210 3032 3223 ·
3067 3194 3178 3264 ἔχει
3211 3194 3266 3246 δέ
3300 3212 3421 3247 τινα
3451 3196 3607 3248 πιθαο

2029 3284 2124 3355 νὴν
2171 3286 2551 3357 παρατήρησιν
2582 3284 2695 3348 τοῖς
2742 3284 3099 3366 προσέχουσιν
3151 3288 3184 3355 ἠ
3220 3285 3325 3338 τῶν
3359 3284 3604 3355 Ψαλμῶν

2030 3377 2477 3447 βίϐλος.Έκάστη
2529 3376 2627 3446 μὲν
2657 3377 2765 3447 γὰρ
2793 3375 2971 3446 βίϐλος
3003 3376 3062 3429 τὸ
3103 3376 3229 3429 ἴδιον
3281 3377 3605 3447 ἐπάγγελμα

2026 3469 2261 3522 διακονεῖ
2286 3468 2379 3522 καὶ
2410 3468 2769 3537 ἀπαγγέλλει·
2805 3462 2914 3521 οἷον
2944 3468 2975 3539 ή
3006 3468 3371 3538 Πεντάτευχος
3394 3469 3606 3536 γένεσιν

2025 3562 2228 3631 κόσμου
2264 3562 2358 3614 καὶ
2388 3560 2495 3614 τῶν
2517 3559 2873 3631 πατριαρχῶν
2898 3561 2996 3624 τὰς
3026 3559 3268 3632 πράξεις,
3302 3562 3402 3631 τήν
3424 3578 3484 3613 τε
3509 3561 3604 3614 ἀπ’

2025 3656 2297 3724 Αἰγύπτου
2331 3653 2423 3707 τοῦ
2466 3654 2680 3725 Ἰσραὴλ
2712 3652 2907 3720 ἔξοδον,
2930 3654 3023 3707 καὶ
3050 3654 3147 3724 τὴν
3168 3653 3266 3724 τῆς
3286 3652 3607 3724 νομοθεσίας

2024 3747 2261 3813 διάταξιν
2280 3765 2292 3777 ·
2326 3750 2358 3819 ή
2386 3747 2677 3819 Τρίτευχος
2709 3748 2808 3817 τὴν
2833 3746 3203 3817 κληροδοσίαν,
3235 3736 3328 3797 καὶ
3351 3745 3459 3798 τῶν
3483 3763 3606 3816 κρι-

2024 3841 2132 3894 τῶν
2162 3833 2260 3905 τάς
2293 3838 2540 3912 πράξεις,
2564 3840 2658 3892 καὶ
2690 3838 3037 3906 γενεαλογίαν
3061 3837 3154 3890 τοῦ
3186 3837 3348 3890 Δαϐίδ
3367 3854 3379 3867 ⁸
3410 3838 3466 3890 αἱ
3497 3838 3603 3889 Βα-

2027 3935 2218 3988 σιλεῖαι
2245 3934 2337 3986 καὶ
2370 3933 2845 4005 Παραλειπόμεναι
2879 3931 3141 4002 βασιλέων
3170 3930 3394 4001 πράξεις
3413 3947 3425 3960 ·
3456 3930 3549 3983 καὶ
3572 3931 3604 3983 ό

2029 4029 2124 4098 μὲν
2160 4028 2393 4101 Ἔσδρας
2414 4027 2673 4080 ἀπόλυσιν
2694 4026 2795 4109 τῇς
2820 4024 3192 4096 αἰχμαλωσίας
3223 4024 3317 4077 καὶ
3346 4023 3603 4077 ἐπάνοδον

344 4154 737 4219 structionem;
789 4148 1075 4219 Propheta:
1103 4187 1118 4213 ,
1169 4144 1481 4217 prophetias
1536 4142 1606 4197 de
1684 4141 1916 4196 adventu

2033 4118 2117 4172 τοῦ
2134 4119 2288 4186 λαοῦ,
2318 4120 2411 4171 καὶ
2438 4118 2724 4188 οἰκοδομὴν
2755 4116 2848 4170 τοῦ
2878 4113 3006 4170 ναοῦ
3040 4116 3133 4169 καὶ
3164 4114 3262 4186 τῆς
3289 4114 3525 4177 πόλεως’
3551 4114 3601 4166 οἱ

346 4247 679 4313 Salvatoris,
730 4244 797 4300 de
844 4241 1127 4313 praeceptis
1174 4237 1456 4293 servandis
1500 4233 1730 4298 monita,
1780 4248 1922 4302 pra:-

342 4339 701 4397 varicantium
727 4332 1199 4405 reprehensiones,
1219 4327 1527 4399 prophetias
1563 4324 1631 4389 de
1648 4324 1917 4395 gentibus.

342 4437 413 4491 At
451 4435 587 4490 liber
628 4431 992 4493 Psalmorum,
1041 4425 1287 4480 omnium
1331 4420 1670 4490 reliquorum
1708 4416 1920 4471 fructus

343 4527 502 4597 quasi
542 4525 735 4582 insitos
762 4524 818 4577 in
847 4537 905 4577 se
937 4519 1248 4583 continens,
1284 4523 1476 4570 cantus
1518 4512 1650 4578 edit,
1699 4522 1754 4565 et
1794 4525 1926 4580 pro-

340 4622 494 4696 prios
523 4621 744 4691 insuper
784 4631 911 4672 cum
953 4614 1087 4685 ipsis
1122 4612 1263 4666 inter
1294 4608 1635 4680 psallendum
1676 4603 1915 4663 exhibet.

415 4812 468 4866 '5.
501 4808 637 4864 Nam
658 4820 779 4876 quae.
800 4802 1038 4861 Genesin
1074 4807 1322 4871 spectant
1346 4796 1529 4867 psallit
1581 4794 1793 4864 psalmo
1823 4793 1919 4847 de-

342 4911 486 4966 cimo
517 4915 748 4963 octavo:
791 4901 922 4958 Ca’li
967 4907 1219 4955 enarrant
1263 4897 1489 4966 gloriam
1516 4891 1632 4959 Dei,
1675 4899 1725 4944 et
1760 4905 1919 4959 opera
1981 4924 1989 4931 .

342 5015 594 5055 manuum
638 4996 752 5065 ejus
795 4992 1077 5048 annuntiat
1122 4988 1551 5057 ﬁrmamentum;
1594 4990 1647 5035 et
1708 4977 1919 5045 psalmo

341 5093 601 5150 vicesimo
618 5089 776 5145 tertio
807 5105 820 5142 :
850 5083 1060 5138 Domini
1088 5090 1166 5135 est
1200 5091 1361 5144 terra,
1394 5086 1443 5130 et
1472 5073 1740 5145 plenitudo
1761 5072 1873 5141 ejus
1899 5087 1918 5124 :

341 5185 484 5240 orbis
524 5193 813 5244 terrarum,
853 5185 902 5231 et
941 5173 1171 5228 universi
1205 5170 1295 5241 qui
1331 5168 1569 5221 habitant
1597 5165 1652 5217 in
1683 5180 1761 5217 eo.
1796 5160 1917 5231 Ipse

344 5294 500 5349 super
532 5276 708 5330 maria
752 5270 994 5342 fundavit
1032 5282 1169 5321 eam.
1211 5264 1344 5330 Quae
1372 5276 1499 5316 vero
1529 5259 1596 5314 ad
1646 5255 1916 5318 Exodum,

346 5345 635 5434 Numeros,
675 5360 1158 5420 Deuterouomium
1198 5354 1493 5426 pertinent,
1526 5348 1749 5420 pulchre
1774 5345 1922 5399 canit

347 5468 407 5522 in
438 5459 837 5533 septuagesimo
867 5453 1117 5524 septimo,
1166 5446 1466 5503 centesimo
1494 5444 1706 5498 decimo
1737 5439 1916 5500 tertio,

348 5561 435 5615 his
473 5532 655 5614 verbis
684 5572 696 5607 :
721 5551 787 5606 In
801 5550 946 5605 exitu
976 5543 1145 5599 Israel
1170 5540 1235 5594 de
1257 5538 1511 5611 zEgypto,
1539 5535 1723 5589 domus
1748 5532 1913 5587 Jacob

342 5655 406 5709 de
420 5649 611 5722 populo
636 5648 879 5710 barbaro,
910 5643 1052 5710 facta
1082 5647 1159 5693 est
1178 5635 1373 5691 Judwa
1395 5630 1745 5700 sanctiﬁcatio
1771 5628 1909 5696 ejus,

415 5788 491 5855 (ι)
531 5784 649 5839 Τῶν
686 5780 901 5837 πάντων
928 5777 1013 5834 ed.

2024 4213 2079 4265 δὲ
2102 4213 2380 4282 Προφῆται
2403 4210 2740 4282 προφητείας
2772 4210 2895 4280 περὶ
2927 4210 3025 4279 τῆς
3051 4206 3341 4277 ἐπιδημίας
3369 4205 3463 4258 τοῦ
3489 4207 3606 4258 Σω-

2023 4306 2207 4376 τῆρος,
2235 4306 2565 4375 ὑπομνήσεις
2587 4321 2646 4356 τε
2680 4303 2809 4373 περὶ
2837 4301 2943 4355 τῶν
2971 4299 3221 4363 ἐντολῶν,
3243 4300 3337 4352 καὶ
3366 4299 3604 4369 μέμψεις

2023 4398 2163 4452 κατὰ
2188 4398 2294 4450 τῶν
2324 4396 2784 4468 παραϐαινόντων,
2827 4395 2920 4447 καὶ
2954 4390 3288 4464 προφητείας
3312 4395 3422 4455 τοῖς
3454 4376 3605 4445 ἔθνε-

2025 4507 2126 4543 σιν.
2144 4490 2208 4541 Ἠ
2256 4488 2313 4541 δέ
2360 4505 2422 4557 γε
2464 4486 2643 4558 βίϐλος
2684 4484 2792 4538 τῶν
2833 4481 3103 4552 Ψαλμῶν,
3150 4481 3224 4544 ὡς
3277 4480 3606 4552 παράδεισος

2021 4582 2089 4635 τά
2120 4583 2195 4652 (l)
2233 4582 2289 4633 ἑν
2315 4580 2452 4650 αὐτῇ
2508 4578 2747 4648 φέρουσα
2779 4574 3023 4646 μελῳδεῖ,
3058 4572 3149 4626 καὶ
3177 4572 3245 4626 τά
3279 4571 3385 4624 ἴδια
3408 4571 3463 4624 δὲ
3494 4569 3604 4623 πά-

2022 4672 2104 4726 λιν
2134 4672 2248 4743 per”
2278 4669 2456 4723 αὐτῶν
2486 4667 2763 4737 ψάλλουσα
2795 4664 3054 4717 δείκνυσι.

2095 4769 2162 4830 γ’.
2205 4762 2285 4814 Τὰ
2320 4760 2415 4829 μὲν
2444 4758 2551 4829 γάρ
2582 4756 2681 4825 τῆς
2711 4754 2979 4816 Γενέσεως
3006 4751 3195 4821 ψάλλει
3230 4751 3286 4803 ἑν
3316 4747 3394 4818 τῷ
3426 4747 3605 4800 ὀκτω-

2024 4852 2355 4921 καιδεκάτῳ·
2415 4852 2477 4902 Οἱ
2521 4844 2761 4914 οὐρανοὶ
2811 4842 3156 4911 διηγοῦνται
3200 4839 3388 4901 δόξαν
3429 4836 3604 4900 Θεοῦ,

2024 4945 2274 5012 ποίησιν
2300 4941 2368 4994 δὲ
2400 4938 2613 5010 χειρῶν
2648 4936 2836 4991 αὑτοῦ
2860 4932 3214 5003 ἀναγγέλλει
3246 4930 3313 4983 τὸ
3352 4927 3606 4997 στερέω-

2018 5053 2131 5107 μα·
2168 5034 2258 5087 καὶ
2287 5035 2344 5086 ἑν
2376 5030 2451 5102 τῷ
2481 5036 2564 5099 κγ’
2585 5047 2598 5060 ·
2641 5026 2753 5082 Τοῦ
2782 5026 3002 5093 Κυρίου
3034 5026 3072 5092 ἠ
3108 5022 3183 5092 γῆ
3210 5022 3306 5074 καὶ
3340 5020 3407 5073 τὸ
3449 5018 3608 5084 πλή-

2016 5147 2183 5199 ρωμα
2207 5124 2415 5195 αὐτῆς,
2433 5126 2471 5194 ἡ
2492 5121 2810 5192 οἰκουμένη
2835 5120 2931 5173 καὶ
2948 5116 3170 5179 πάντες
3185 5117 3238 5167 οἱ
3253 5111 3606 5166 κατοικοῦν-

2023 5240 2121 5286 τες
2150 5222 2218 5274 ἐν
2248 5218 2433 5287 αὐτῇ*
2480 5218 2661 5281 αὐτὸς
2702 5215 2801 5269 ἐπὶ
2837 5208 3167 5269 θαλασσῶν
3208 5206 3611 5275 ἐθεμελίωσεν

2024 5312 2234 5378 αὑτήν.
2268 5312 2348 5364 Τὰ
2377 5312 2434 5364 δὲ
2464 5311 2562 5381 τῆς
2589 5307 2798 5374 Ἐξόδου
2833 5306 2923 5358 καὶ
2951 5302 3058 5356 τῶν
3087 5298 3361 5371 Ἀριθμῶν
3388 5296 3481 5350 καὶ
3508 5293 3607 5346 τοῦ

2025 5403 2442 5476 Δευτερονομίου
2470 5402 2584 5473 ᾄδει
2609 5399 2786 5461 καλῶς
2815 5398 2871 5449 ἑν
2891 5394 2969 5465 τῷ
2989 5389 3371 5462 ἑϐδομηκοστῴ
3394 5385 3613 5455 ἑϐδόμῳ

2030 5499 2247 5571 ψαλμῷ,
2281 5498 2376 5551 καὶ
2416 5499 2474 5549 ἑν
2502 5494 2581 5565 τῷ
2615 5490 2889 5561 ἑκατοστῷ
2919 5485 3349 5560 τρισκαιδεκάτῳ
3381 5477 3607 5551 ψαλμῷ,

2024 5593 2232 5663 λέγων·
2280 5592 2375 5645 Ἐν
2418 5587 2607 5655 ἐξόδῳ
2648 5584 2883 5654 Ἰσραὴλ
2931 5582 2999 5647 ἐξ
3050 5580 3349 5651 Αἰγύπτου
3379 5616 3394 5641 ,
3435 5573 3613 5627 οἶκον
