3874 6218
237 397 307 451 te
860 384 863 385 ⁷
1363 394 1690 453 EPISTOLA
1729 397 1822 451 AD
1860 387 2387 453 MARCELLINUM.
3415 380 3483 445 η

249 514 451 569 Ἰακὼϐ
464 515 534 569 ἐκ
563 511 1054 583 λαοῦβαρσὰρου,
1084 510 1338 589 ἐγενήθη
1367 518 1614 574 Ἰουδαία
1641 519 1800 589 ἁγία-

1914 515 2087 571 Israel
2124 525 2356 586 potestas
2402 515 2537 585 ejus.
2588 513 2665 569 Ea
2700 513 2817 585 ipsa
2862 510 3042 583 psallit
3074 511 3129 566 in
3184 508 3485 567 centesimo

232 623 362 677 σμα
395 606 603 673 αὐτοῦ,
621 607 854 676 Ἰσραὴλ
874 611 961 673 εἰς
980 608 1270 674 ἐξουσίαν
1288 611 1491 665 αὐτοῦ.
1518 609 1724 664 Ψάλλει
1748 608 1806 663 δὲ

237 699 330 752 καὶ
386 698 560 752 ταῦτα
586 701 644 752 ὲν
677 700 753 770 τῷ
783 700 1057 771 ἑκατοστῷ
1083 702 1346 773 τετάρτῳ·
1390 701 1806 766 Ἐξαπέστειλε

238 787 505 857 Μωῢσῆν
524 790 633 843 τὸν
654 789 876 845 δοῦλον
896 790 1103 853 αὐτοῦ,
1120 791 1352 860 Ἀαρὼν,
1384 791 1455 846 ὃν
1485 790 1805 856 ἐξελέξατο

233 880 423 933 αὐτόν
440 896 455 910 ·
480 879 647 933 ἔθετο
672 880 742 935 ἐν
776 881 982 946 αὐτοῖς
1002 881 1144 945 τούς
1162 876 1381 951 λόγους
1407 898 1525 935 των
1544 882 1807 951 σημείων

232 970 423 1023 αὐτοῦ
443 971 542 1026 καὶ
562 970 681 1027 τῶν
699 970 958 1040 τεράτων
982 973 1167 1028 αὐτοῦ
1190 973 1262 1027 ἐν
1288 972 1365 1043 γῇ
1409 973 1556 1042 Χάμ.
1590 973 1800 1038 Ἐξαπ-

233 1062 472 1117 έστειλε
491 1065 732 1130 σκότος,
770 1064 869 1119 καὶ
895 1065 1210 1131 ἐσκότασε,
1234 1065 1333 1119 καὶ
1358 1065 1805 1135 παρεπίκραναν

232 1154 378 1219 τοὺς
398 1154 620 1224 λόγους
650 1154 855 1209 αὐτοῦ.
891 1153 1270 1224 Μετέστρεψε
1296 1156 1370 1210 τὰ
1400 1156 1586 1210 ὕδατα
1608 1157 1804 1211 αὐτῶν

231 1249 323 1311 εις
346 1240 507 1316 αἷμα,
525 1247 622 1301 καὶ
653 1247 962 1302 ἀπέκτεινε
980 1246 1122 1313 τούς
1145 1249 1353 1317 ἰχθύας
1371 1247 1585 1302 αὐτῶν.
1605 1247 1804 1316 Ἐξῆρ-

232 1341 357 1406 ⁴ιεἐν
385 1339 424 1406 ή
460 1328 537 1407 γῆ
572 1338 771 1392 αὐτῶν
791 1339 1137 1408 ,βατράχους
1164 1339 1236 1393 ἐν
1268 1339 1389 1404 τοῖς
1408 1339 1667 1408 ταμείοις
1687 1337 1807 1393 τῶν

226 1427 541 1493 ,ϐασιλέων
581 1427 797 1484 αὐτῶν.
830 1426 1010 1495 Eine,
1040 1431 1138 1484 καὶ
1184 1427 1331 1502 ἦλθε
1371 1432 1664 1499 κυνόμυια
1704 1428 1805 1484 καί

232 1520 489 1591 σκνῗερες
509 1520 579 1576 ἐν
597 1520 747 1576 πᾶσι
778 1522 903 1587 τοῖς
929 1523 1112 1592 ὁρίοις
1142 1521 1355 1577 αὐτῶν.
1390 1522 1499 1577 Καὶ
1528 1522 1664 1587 ὅλως
1683 1522 1803 1576 ὅλον

231 1629 294 1665 τε
323 1613 415 1667 τὸν
444 1608 655 1684 ψαλμὸν
700 1611 887 1669 τοῦτόν
917 1632 978 1668 τε
1022 1615 1116 1668 καὶ
1163 1615 1355 1668 ἑκατὸν
1400 1614 1646 1685 πέμπτον
1677 1612 1806 1685 περὶ

230 1702 343 1756 τῶν
388 1703 565 1758 αὐτῶν
612 1705 757 1759 ἐστιν
800 1707 979 1777 εὑρεῖν
1013 1706 1415 1777 γεγραμμένον.
1442 1704 1552 1759 Καὶ
1596 1704 1668 1759 τὰ
1709 1706 1809 1777 μὲν

233 1794 505 1866 ἱερατείας
534 1793 627 1849 καὶ⁵
654 1796 754 1866 τῆς
784 1796 986 1867 σκηνῆς
1001 1796 1274 1865 ἀναφωνεῖ
1297 1796 1357 1849 ὲν
1394 1794 1581 1866 ὲξοδίῳ
1607 1795 1813 1867 σκηνῆς

1902 617 2098 680 quarto
2133 626 2146 662 :
2184 607 2334 662 Misit
2387 606 2604 676 Moysen
2638 620 2843 659 seruum
2886 620 3066 667 suum,
3091 602 3291 666 Aaron,
3329 616 3483 671 quem

1900 700 2054 771 elegit
2100 700 2274 769 ipsum
2305 714 2323 752 :
2354 699 2529 769 posuit
2555 699 2612 751 in
2639 698 2715 751 eis
2760 695 2916 752 verba
2943 696 3215 766 signorum
3244 708 3483 750 suorum.

1900 800 1950 847 et
1992 791 2360 861 prodigiorum
2413 793 2469 844 in
2520 797 2661 844 terra
2703 788 2889 843 (Jltam.
2942 786 3095 841 Misit
3144 783 3382 839 tenebras
3433 790 3485 836 et

1902 882 2218 949 obscuravit,
2266 891 2316 936 et
2362 881 2807 935 exacerbaverunt
2847 894 3107 932 sermones
3156 893 3299 931 suos.
3339 871 3484 929 Cana

1904 975 2061 1031 uertit
2093 990 2259 1044 aquas
2297 988 2479 1027 eorum
2509 972 2911 1042 insanguinem
2945 986 2963 1025 :
2999 981 3047 1024 et
3088 969 3282 1023 occidit
3316 966 3482 1036 pisces

1906 1082 2104 1121 eorum.
2155 1064 2342 1119 Edidit
2390 1075 2532 1118 terra
2586 1079 2767 1118 eorum
2813 1079 2973 1117 ranas
3018 1062 3072 1115 in
3128 1056 3481 1130 penetralibus

1908 1172 2086 1229 regum
2107 1158 2363 1226 ipsorum.
2397 1154 2544 1209 Dixit
2573 1170 2591 1207 ε
2617 1164 2665 1209 et
2690 1155 2824 1209 venit
2855 1154 3144 1222 cmnomyiu
3172 1163 3221 1206 et
3250 1148 3482 1218 cinipltes

1910 1250 1966 1303 in
2002 1247 2241 1301 omnibus
2276 1246 2473 1317 ﬁnibus
2499 1261 2701 1299 eorum.
2736 1244 2914 1315 Atque
2946 1243 3216 1312 integrum
3255 1239 3483 1293 omnino

1909 1340 2181 1411 psalmum
2210 1340 2400 1404 istum,
2440 1346 2495 1392 et
2524 1336 2883 1393 centesimum
2922 1335 3171 1406 quintum
3194 1331 3261 1387 de
3287 1330 3480 1387 iisdem

1911 1429 2076 1485 rebus
2107 1429 2478 1498 conscriptum
2509 1441 2630 1482 esse
2649 1425 3047 1496 deprehendere
3072 1430 3175 1479 est.
3198 1420 3330 1488 Quae
3350 1434 3481 1476 vero

1907 1518 2270 1575 sacerdotium
2324 1516 2843 1582 labernaculumque
2892 1519 3168 1584 spectant,
3214 1508 3378 1566 refert
3423 1510 3479 1563 in

1917 1610 2067 1666 exitu
2115 1608 2471 1670 tabernaculi,
2508 1606 2765 1662 vicesimo
2795 1614 2987 1660 octavo
3007 1603 3215 1674 psalmo
3245 1619 3261 1656 ι
3285 1600 3483 1669 ΑῙῙενιε

1921 1702 2171 1765 Dontino,
2220 1700 2323 1769 lilii
2367 1699 2499 1765 Dei,
2539 1699 2726 1768 aﬁ'erte
2768 1695 2995 1752 Domino
3041 1694 3183 1766 ﬁlios
3223 1693 3480 1757 arietum,

1919 1794 2102 1864 aﬁ'erte
2134 1792 2360 1847 Domino
2398 1791 2623 1863 gloriam
2654 1800 2703 1846 et
2742 1790 3009 1843 honorem.

232 1886 294 1937 ἐν
323 1884 403 1959 τῷ
445 1892 530 1958 κη’
554 1884 750 1959 ψαλμῷ
766 1904 781 1919 ο
820 1886 1131 1958 Ἐνέγκατε
1150 1884 1229 1953 τῷ
1250 1887 1465 1956 Κυρίῳ,
1492 1887 1609 1941 υἱοὶ
1633 1885 1802 1954 Θεοῦ,
1840 1884 2121 1956 ἐνέγκατε
2148 1883 2226 1949 τῷ
2246 1883 2437 1953 Κυρίῳ
2461 1881 2630 1947 υἱοὺς
2660 1880 2858 1950 κριῶν,
2881 1879 3156 1948 ἐνέγκατε
3175 1874 3255 1942 τῷ
3284 1873 3482 1944 Κυρίῷ

229 1976 421 2040 δόξαν
444 1978 540 2031 καὶ
568 1979 768 2046 τιμήν.

296 2070 359 2124 δ’.
382 2069 462 2124 Τὰ
488 2069 545 2123 δὲ
566 2068 659 2123 τοῦ
690 2070 847 2142 Ναυῆ
877 2069 973 2124 καὶ
1001 2070 1112 2124 τῶν
1139 2070 1355 2142 Κριτῶν
1387 2068 1638 2141 ἐμφαίνει
1673 2087 1793 2134 πως

1960 2066 2014 2121 ιι
2045 2064 2151 2122 Res
2171 2079 2296 2121 vero
2323 2063 2453 2121 Jesu
2501 2062 2649 2121 Nave
2683 2071 2739 2120 et
2775 2061 3025 2118 Judicum
3070 2060 3241 2133 tangit
3269 2058 3481 2130 psalmo

229 2160 292 2217 ἐν
330 2162 409 2233 τῷ
450 2161 724 2234 ἑκατοστῷ
760 2163 922 2235 ἕκτῳ,
958 2163 1131 2233 λέγων
1150 2180 1163 2193 ·
1213 2162 1322 2218 Καὶ
1350 2163 1812 2232 συνεστήσαντο

230 2254 439 2321 πόλεις
493 2257 894 2322 κατοικεσίας,
944 2257 1045 2311 καὶ
1088 2258 1377 2327 έσπειραν
1424 2259 1664 2329 ἀγροὺς,
1714 2261 1814 2315 καὶ

227 2349 576 2418 ἐφύτευσαν
603 2346 980 2417 ἀμπελῶνας.
998 2349 1119 2402 Ἐπὶ
1147 2351 1254 2422 γὰρ
1280 2349 1371 2403 τοῦ
1400 2345 1557 2422 Ναυῆ
1580 2351 1806 2406 διαδέδο-

228 2458 320 2494 ται
351 2440 533 2504 αὐτοῖς
552 2442 586 2512 ἡ
612 2441 683 2511 γῆ
708 2441 806 2512 τῆς
836 2441 1188 2511 ἐπαγγελίας.
1218 2441 1408 2512 Λέγων
1436 2443 1492 2496 δὲ
1520 2445 1577 2497 ὲν
1603 2444 1682 2516 τῷ
1711 2445 1811 2499 αὑ-

226 2530 309 2603 τῷ
350 2530 547 2603 ψαλμῷ
588 2533 859 2603 συνεχῶς·
886 2533 997 2589 Καὶ
1035 2533 1364 2602 ἑκέκραξαν
1406 2534 1570 2619 πρὸς⁸
1593 2537 1812 2603 Κύριον

226 2626 299 2678 ἐν
320 2624 400 2690 τῷ
420 2626 722 2680 θλίϐεσθαι
747 2625 994 2691 αὐτοὺς,
1036 2625 1137 2681 καὶ
1162 2624 1230 2678 ἐκ
1258 2623 1377 2679 τῶν
1399 2624 1676 2695 ἀναγκῶν
1700 2626 1808 2679 αὐ-

226 2715 350 2773 τῶν
378 2716 611 2771 ἔσωσεν
641 2716 862 2781 αὐτούς
880 2732 893 2746 ·
932 2715 1186 2787 σημαίνει
1215 2716 1322 2769 τῶν
1359 2716 1578 2787 Κριτῶν
1601 2717 1700 2789 τὴν
1728 2717 1810 2788 βί-

228 2808 383 2862 ϐλον·
418 2808 538 2861 τότε
567 2807 676 2879 γὰρ
720 2806 1029 2879 κραζόντων
1070 2806 1249 2861 αὐτῶν
1295 2807 1485 2879 ἤγειρε
1536 2807 1677 2861 κατὰ
1716 2809 1808 2863 τὸν

227 2899 420 2968 καιρὸν
448 2898 662 2970 κριτὰς,
690 2899 783 2952 καὶ
806 2897 976 2963 ἔσωζε
998 2898 1088 2951 τὸν
1107 2897 1233 2951 λαὸν
1257 2898 1366 2951 ἀπὸ
1384 2897 1492 2952 τῶν
1521 2898 1808 2953 θλισόντων

224 2989 448 3053 αὐτούς.
483 2991 591 3043 Καὶ
618 2989 686 3045 τὰ
719 2989 826 3043 τῶν
856 2988 1154 3044 Βασιλειῶν
1176 2988 1369 3059 ψάλλει
1401 3005 1519 3052 πως
1546 2990 1604 3043 ὲν
1624 2989 1702 3060 τῷ
1723 2991 1808 3044 ὲν-

224 3079 651 3150 νεακαιδεκάτῳ,
672 3079 844 3147 λέγων
863 3096 876 3109 ·
906 3075 1083 3136 οὗτοι
1108 3079 1179 3133 ἐν
1196 3079 1417 3149 ἅρμασι
1429 3079 1530 3134 καὶ
1555 3074 1717 3136 οὗτοι
1737 3080 1808 3135 ἐν

222 3172 453 3237 ἵπποις,
487 3171 656 3241 ἡμεῖς
702 3171 770 3224 δὲ
813 3171 884 3225 ἐν
934 3172 1179 3241 ὀνόματι
1207 3172 1430 3240 Κυρίου
1461 3171 1610 3226 Θεοῦ
1636 3168 1807 3242 ήμῶν

217 3264 815 3333 μεγαλυνθησόμεθα.
862 3262 1046 3317 Αὐτοὶ
1105 3263 1642 3333 συνεποδίσθησαν
1701 3264 1803 3319 καὶ

221 3357 476 3422 ἔπεσαν,
519 3354 689 3424 ἡμεῖς
734 3355 801 3408 δὲ
840 3355 1180 3426 ἀνέστημεν
1215 3356 1316 3411 καὶ
1356 3358 1798 3427 ἁνωρθώθημεν.

1914 2158 2211 2214 centesimo
2261 2168 2445 2223 sexto,
2494 2157 2576 2212 sic
2621 2174 2634 2210 :
2684 2155 2753 2210 Et
2810 2157 3194 2211 constituerunt
3242 2154 3477 2208 civitates

1910 2250 2277 2317 habitationis,
2314 2258 2366 2303 et
2397 2250 2783 2304 seminaverunt
2814 2265 2989 2320 agros,
3029 2255 3081 2302 et
3107 2246 3477 2319 plantaverunt

1913 2344 2111 2398 vineas.
2148 2340 2284 2395 Nam
2329 2340 2433 2397 sub
2472 2338 2602 2397 Jesu
2649 2340 2794 2396 Nave
2824 2341 3018 2396 tradita
3051 2341 3160 2397 illis
3191 2339 3294 2395 fuit
3337 2350 3477 2396 terra

1909 2432 2312 2502 promissionis.
2361 2431 2500 2487 Cum
2541 2440 2721 2486 autem
2764 2432 2821 2486 in
2863 2447 2929 2487 eo
2968 2432 3088 2502 ipso
3126 2432 3335 2502 psalmo
3366 2430 3479 2487 fre-

1907 2534 2135 2595 quenter
2164 2525 2311 2580 dicat
2350 2543 2364 2578 :
2415 2522 2482 2577 Et
2526 2523 2884 2578 clamauerunt
2916 2524 2984 2576 ad
3028 2523 3312 2578 Dominum
3359 2540 3478 2578 cum

1909 2615 2310 2683 tribularentur,
2334 2627 2384 2670 et
2408 2615 2473 2670 de
2500 2617 2894 2670 necessitatibus
2909 2631 3089 2669 eorum
3104 2614 3341 2670 liberavit
3357 2631 3478 2670 eos:

1906 2708 2104 2765 librum
2127 2704 2381 2761 Iudicum
2425 2706 2647 2761 indicat.
2679 2704 2819 2760 Tum
2856 2705 3002 2760 enim
3031 2705 3164 2775 ipsis
3194 2705 3479 2760 clamanti-

1907 2799 2032 2862 bus,
2086 2799 2254 2855 variis
2308 2799 2644 2870 temporibus
2686 2798 2898 2868 iudices
2929 2797 3229 2863 excitabat,
3279 2797 3480 2852 libera-

1904 2888 2104 2959 batque
2146 2889 2408 2959 populum
2448 2890 2518 2945 ab
2548 2890 2615 2945 iis
2648 2890 2743 2960 qui
2790 2889 2966 2959 ipsum
3023 2889 3338 2959 aﬂligerent.
3371 2889 3479 2946 Re-

1908 2994 2139 3050 gnorum
2194 2995 2410 3051 quoque
2464 2980 2724 3037 historias
2776 2981 3178 3051 quodammodo
3230 2983 3379 3037 canit
3420 2983 3476 3037 in

1908 3071 2119 3126 decimo
2145 3085 2289 3126 nono
2320 3072 2507 3126 dicens
2539 3089 2554 3125 :
2588 3070 2663 3125 Hi
2696 3072 2754 3124 in
2781 3071 3042 3137 curribus,
3074 3080 3123 3125 et
3147 3073 3202 3126 lii
3230 3074 3284 3126 in
3308 3074 3474 3144 equis,

1905 3179 1999 3216 nos
2028 3171 2205 3217 autem
2243 3164 2302 3217 in
2334 3164 2541 3217 nomine
2585 3162 2797 3217 Domini
2828 3162 2927 3217 Dei
2978 3165 3146 3219 nostri
3171 3167 3479 3236 magnifica-

1904 3254 2096 3310 bimur.
2138 3253 2253 3324 Ipsi
2280 3255 2518 3325 impediti
2549 3265 2690 3319 sunt,
2724 3263 2775 3309 et
2806 3255 3141 3321 ceciderunt;
3174 3273 3267 3310 nos
3301 3267 3474 3311 autem

1902 3347 2247 3413 surreximus,
2297 3354 2350 3400 et
2407 3347 2566 3400 erecti
2622 3363 2825 3403 sumus.
2876 3346 3115 3415 Domine,
3143 3349 3346 3404 salvum
3388 3351 3478 3420 fac

222 3449 424 3517 Κύριε,
446 3445 655 3503 σῶσον
680 3446 786 3501 τὸν
809 3442 1093 3513 βασιλέα,
1128 3448 1225 3502 καὶ
1254 3448 1599 3503 ἐπάκουσον
1629 3426 1799 3519 ἡμῶν

1903 3453 2087 3508 regem,
2123 3447 2173 3493 et
2215 3426 2410 3492 exaudi
2444 3454 2537 3492 nos
2568 3439 2625 3491 in
2672 3438 2758 3491 die
2801 3455 2906 3510 qua
2954 3441 3362 3494 invocaverimus
3403 3449 3472 3496 te.

220 3540 294 3592 ἐν
315 3533 356 3610 ᾖ
378 3538 455 3592 ἂν
474 3536 661 3607 ἡμέρᾳ
680 3536 1170 3608 ἑπικαλεσώμεθὰ
1194 3553 1288 3593 σε.
1303 3537 1385 3593 Τὰ
1409 3538 1466 3591 δὲ
1486 3536 1581 3591 τοῦ
1596 3539 1801 3613 Ἐσδρα

220 3630 285 3683 ἐν
312 3628 392 3699 τῷ
423 3628 843 3699 ἑκατονεικοστῷ
873 3630 1110 3700 πέμπτῳ
1153 3629 1264 3683 τῶν
1303 3628 1631 3700 ἀναϐαθμῶν
1651 3628 1796 3701 ᾄδει·

233 3721 331 3775 Ἐν
353 3714 435 3786 τῷ
451 3716 808 3789 ἐπιστρέψαι
825 3721 1043 3788 Κύριον
1063 3720 1177 3789 τὴν
1198 3721 1611 3791 αἰχμαλωσίαν
1624 3720 1799 3786 Σιὼν,

218 3809 590 3881 ἐγενήθημεν
608 3811 753 3867 ὡσεὶ
772 3813 1285 3883 παρακεκλημένοι
1302 3827 1315 3844 ⁶
1342 3813 1436 3867 καὶ
1463 3813 1624 3867 πάλιν
1646 3816 1704 3868 ὲν
1722 3812 1801 3885 τῷ

220 3902 643 3973 δκατονεικοστῷ
676 3902 876 3974 πρώτῳ
897 3921 910 3933 ’
940 3903 1300 3973 Εὐφράνθην
1345 3903 1443 3957 ἐπὶ
1484 3903 1608 3970 τοῖς
1645 3904 1801 3972 είρηρ

218 3992 363 4045 κόσι
390 4006 527 4060 μοι⁹
551 3993 659 4056 Είς
694 3988 862 4046 οἶκον
881 3994 1102 4061 Κυρίου
1134 3992 1800 4062 πορευσώμεθα.Ἑστῶ-

217 4097 321 4147 τες
350 4078 514 4152 ἦσαν
549 4084 605 4138 ol
636 4082 817 4150 πόδες
861 4082 1023 4153 ήμῶν
1059 4086 1127 4138 ἐν
1154 4085 1283 4151 ταῖς
1306 4084 1521 4150 αὐλαῖς
1554 4100 1691 4150 σου,
1709 4086 1799 4139 Ἰε-

206 4173 556 4243 ρουσαλήμ.
576 4174 958 4244 Ἰερουσαλὴμ
1000 4174 1467 4245 οἰκοδομουμένη
1490 4176 1571 4241 ὡς
1596 4177 1797 4243 πόλις,

214 4261 345 4335 ἧςή
355 4264 581 4335 μετοχὴ
602 4265 792 4335 αὐτῆς
816 4267 912 4320 ἐπὶ
931 4266 997 4320 τὸ
1017 4268 1164 4321 αὐτό
1179 4284 1191 4297 ·
1214 4266 1344 4321 ἐκεῖ
1363 4266 1473 4337 γὰρ
1491 4266 1798 4334 ἀνέϐησαν

214 4355 276 4408 al
302 4354 514 4423 φυλαὶ,
533 4357 593 4409 αἱ
611 4355 797 4424 φυλαὶ
812 4356 1055 4424 Κυρίου,
1079 4358 1403 4426 μαρτύριον
1432 4357 1512 4423 τῷ
1538 4356 1792 4425 Ἰσραήλ.

284 4453 346 4501 ε’.
386 4447 468 4501 Τά
491 4462 553 4499 τε
579 4446 685 4500 τῶν
727 4447 1030 4519 Προφητῶν
1050 4449 1235 4519 σχεδὸν
1263 4448 1322 4501 ὲν
1354 4449 1568 4520 ἑκάστῳ
1598 4450 1796 4520 σημαί-

215 4552 322 4593 νει.
357 4537 497 4608 Περὶ
523 4538 620 4608 τῆς
646 4537 740 4591 τοῦ
769 4539 1023 4609 Σωτῆρος
1071 4539 1385 4610 ἐπιδημίας,
1427 4542 1519 4594 καὶ
1562 4541 1648 4594 ὅτι
1697 4542 1795 4612 μὲν

212 4628 347 4694 Θεὸς
391 4629 466 4684 ὢν
507 4631 855 4701 ὲπιδημήσει,
883 4631 1056 4696 οὕτως
1101 4633 1267 4701 φησὶν
1295 4634 1353 4685 ὲν
1381 4634 1479 4703 μὲν
1504 4634 1580 4705 τῷ
1599 4651 1795 4689 τεσσα-

214 4720 466 4794 ρακοστῷ
504 4722 707 4792 ἑννάτῳ
744 4721 942 4793 ψαλμῷ
963 4739 976 4753 ·
1018 4724 1073 4775 '0
1104 4723 1319 4792 Κύριος
1336 4724 1613 4793 ἐμφανῶς
1638 4725 1790 4793 ἣξει,

1902 3526 2033 3594 Qua
2070 3542 2235 3598 porro
2263 3526 2490 3583 Esdram
2536 3535 2783 3598 spectant
2805 3529 2859 3583 in
2887 3529 3183 3585 centesimo
3213 3530 3475 3585 vicesimo

1901 3619 2091 3690 quinto
2108 3619 2383 3693 graduum
2408 3620 2660 3677 decantat
2693 3638 2709 3675 :
2746 3618 2815 3674 In
2845 3622 3184 3677 convertendo
3216 3622 3473 3677 Dominus

1901 3711 2256 3780 captivitatem
2287 3709 2438 3778 Sion,
2491 3712 2623 3782 facti
2673 3728 2856 3767 sumus
2901 3715 3040 3768 sicut
3091 3714 3371 3770 consolati.
3406 3715 3476 3769 Et

1900 3816 2117 3856 rursum
2146 3802 2203 3856 in
2228 3803 2525 3857 centesimo
2546 3803 2805 3858 vicesimo
2837 3805 3012 3874 primo
3044 3824 3059 3860 :
3090 3805 3324 3861 Lanatus
3352 3824 3471 3861 sunt

1898 3891 1955 3944 in
1986 3892 2086 3958 his,
2115 3908 2232 3959 quce
2258 3893 2401 3945 dicta
2428 3902 2555 3947 sunt
2584 3894 2711 3947 mihi
2741 3909 2760 3947 :
2798 3894 2867 3948 In
2893 3896 3108 3951 domum
3134 3898 3345 3955 Domini
3368 3901 3471 3957 ibi-

1900 3998 2035 4035 mus.-
2072 3980 2281 4036 Stantes
2305 3992 2456 4037 erant
2489 3985 2643 4052 pedes
2670 3986 2835 4037 nostri
2875 3986 2932 4038 in
2965 3988 3119 4041 atriis
3158 3990 3286 4053 tuis,
3311 3988 3470 4045 Jeru-

1899 4070 2083 4125 salem.
2119 4070 2416 4128 Jerusalem
2438 4111 2453 4137 ,
2493 4088 2611 4143 qua:
2643 4074 2942 4143 wdiﬁcatur
2973 4084 3033 4129 ut
3074 4079 3280 4145 ciuitas,
3317 4081 3470 4152 cujus

1898 4162 2239 4231 participatio
2277 4164 2389 4232 ejus
2420 4165 2475 4216 in
2504 4164 2755 4233 idipsum.
2785 4163 2924 4220 Illuc
2961 4171 3099 4223 enim
3126 4174 3469 4228 ascenderunt

1900 4253 2101 4319 tribus,
2137 4254 2303 4308 tribus
2333 4254 2566 4322 Domini,
2609 4257 2960 4313 testimonium
2996 4260 3188 4319 Israel.

1963 4447 2014 4501 5.
2038 4446 2168 4514 Quae
2199 4457 2379 4505 autem
2412 4449 2803 4521 Prophetarum
2833 4463 2980 4523 sunt,
3004 4456 3056 4511 in
3081 4458 3308 4529 singulis
3330 4475 3470 4530 pene

1895 4540 2119 4609 psalmis
2152 4540 2442 4610 signiﬁcat.
2471 4541 2546 4597 De
2576 4546 2808 4601 adventu
2864 4545 3181 4616 Salvatoris,
3228 4560 3283 4606 et
3317 4556 3464 4623 quod

1895 4629 2041 4687 Deus
2075 4646 2199 4687 cum
2238 4634 2331 4699 sit,
2382 4646 2642 4693 venturus
2687 4641 2778 4705 sit,
2816 4641 2892 4696 ita
2918 4643 2971 4697 in
3000 4645 3209 4713 psalmo
3242 4650 3462 4718 quidem

1894 4723 2312 4792 quadragesimo
2345 4740 2491 4780 nono
2530 4729 2632 4783 ait:
2658 4729 2799 4785 Deus
2822 4734 3093 4803 manifeste
3114 4739 3296 4804 veniet,
3321 4740 3462 4796 Deus

208 4813 248 4867 ὁ
278 4811 423 4876 Θεὸς
461 4811 649 4881 ἡμῶν,
675 4812 775 4865 καὶ
816 4815 888 4867 οὐ
931 4812 1483 4881 παρασιωπήσεται·
1524 4816 1581 4868 ὲν
1614 4814 1669 4869 δὲ
1713 4815 1791 4886 τῷ

1903 4820 2088 4875 noster,
2115 4822 2165 4866 et
2188 4830 2290 4867 non
2315 4815 2532 4882 silebit;
2558 4819 2611 4872 in
2639 4823 2934 4878 centesimo
2956 4826 3169 4882 decimo
3196 4832 3459 4899 septimo:

209 4900 489 4971 ἑκατοστῷ
512 4901 953 4972 ἑπτακαιδεκάτῳ
973 4919 985 4931 ·
1012 4902 1434 4970 Εὐλογημένος
1474 4907 1507 4958 ὁ
1549 4904 1788 4973 ἐρχόμε-

206 5009 320 5058 νος
348 4991 418 5044 ἐν
443 4992 684 5062 ὀνόματι
705 4994 946 5061 Κυρίου.
969 4993 1400 5064 Εὐλογήκαμεν
1418 4994 1576 5064 ὑμᾶς
1612 4995 1680 5060 ἐξ
1705 4996 1788 5049 οῖ-

206 5099 323 5136 κου
362 5083 615 5151 Κυρίουο
672 5083 815 5150 Θεὸς
858 5085 1092 5153 Κύριος,
1141 5086 1242 5139 καὶ
1289 5086 1589 5155 ἐπέφανεν
1620 5086 1782 5155 ἡμῖν.

208 5171 333 5223 ’Ότι
363 5169 420 5223 δὲ
446 5162 598 5235 οὗτός
619 5171 764 5224 ἐστιν
785 5173 814 5224 ὁ
839 5172 935 5226 τοῦ
959 5173 1173 5246 Πατρὸς
1201 5173 1393 5242 Λόγος,
1424 5172 1596 5238 οὕτως
1622 5174 1681 5229 ὲν
1706 5173 1784 5246 τῷ

206 5260 485 5332 ἑκατοστῷ
512 5261 655 5332 ἕκτῳ
677 5262 867 5332 ψάλλει
891 5280 905 5295 ’
945 5265 1288 5321 Ἀπέστειλε
1319 5265 1429 5321 τὸν
1467 5270 1663 5338 Λόγον
1680 5272 1784 5323 αὐ-

204 5351 335 5415 τοῦ,
365 5352 464 5405 καὶ
510 5351 718 5407 ἰάσατο
741 5354 981 5421 αὐτοὺς,
1014 5354 1111 5409 καὶ
1133 5357 1426 5425 ἐρρύσατο
1457 5357 1679 5422 αὐτοὺς
1714 5359 1783 5412 ἐκ

201 5441 326 5494 τῶν
351 5440 690 5511 διαφθορῶν
707 5444 926 5500 αὐτῶν.
945 5446 1004 5499 '0
1024 5446 1133 5518 γὰρ
1157 5448 1447 5520 ἐρχόμενος
1470 5448 1601 5513 Θεὸς
1620 5450 1782 5515 αὐτός

202 5532 323 5584 ἐστι
350 5531 444 5585 καὶ
471 5532 641 5600 Λόγος
663 5534 1142 5606 ἀποστελλόμενος.
1177 5537 1379 5591 Τοῦτον
1407 5538 1465 5592 δὲ
1498 5540 1589 5592 τὸν
1609 5539 1781 5608 Λόγον

1891 4903 2224 4971 Benedictus,
2241 4908 2331 4977 qui
2352 4910 2486 4964 uenit
2513 4911 2565 4964 in
2595 4915 2799 4968 nomine
2828 4914 3063 4971 Domini.
3088 4918 3460 4978 Benedizimus

1891 4991 2034 5045 uobis
2072 4991 2135 5044 de
2166 4993 2321 5047 domo
2355 4995 2601 5063 Domini;
2623 5000 2764 5054 Deus
2795 5003 3049 5060 Dominus
3084 5018 3134 5062 et
3163 5010 3343 5066 illuin
3368 5030 3460 5067 no-

1893 5084 1992 5139 bis.
2037 5083 2192 5150 Quod
2226 5098 2403 5142 autem
2447 5090 2563 5159 ipse
2596 5091 2668 5147 sit
2708 5093 2886 5151 Patris
2912 5095 3173 5164 Verbum,
3214 5102 3288 5156 ita
3315 5106 3457 5161 canit

1890 5174 1947 5230 in
1981 5178 2279 5233 centesimo
2304 5189 2461 5234 sexto
2492 5200 2505 5235 :
2546 5181 2694 5236 Misit
2736 5183 2955 5240 Verbum
2984 5205 3158 5255 suum,
3181 5201 3230 5246 et
3251 5197 3453 5249 sanavit

1886 5283 1996 5334 eos,
2025 5276 2075 5321 et
2091 5269 2284 5338 eripuit
2307 5287 2393 5325 eos
2413 5272 2476 5324 de
2491 5272 2881 5331 interitionibus
2902 5295 3100 5335 eorum.
3120 5280 3267 5338 Deus
3285 5285 3450 5350 enim,

1886 5358 1979 5427 qui
2005 5359 2175 5425 venit,
2224 5369 2308 5416 est
2355 5363 2536 5432 ipsum
2564 5363 2824 5434 Verbum,
2868 5370 3011 5439 quod
3050 5372 3277 5429 missum
3332 5374 3447 5434 fuit.

1885 5447 2002 5505 Hoc
2026 5466 2192 5520 porro
2218 5450 2454 5508 Verbum
2490 5470 2613 5510 cum
2645 5459 2808 5513 sciret
2834 5472 2955 5515 esse
2990 5463 3078 5517 Dei
3109 5464 3327 5536 Filium,
3355 5484 3456 5526 vo-

1884 5555 2004 5596 cem
2030 5540 2208 5598 Patris
2235 5544 2384 5599 canit
2408 5546 2462 5599 in
2488 5548 2905 5618 quadragesimo
2928 5564 3125 5623 quarto
3142 5575 3157 5612 :
3177 5557 3445 5624 Eructavij

202 5619 361 5685 εἰδὼς
380 5622 508 5677 ὄντα
533 5623 623 5677 τὸν
649 5625 775 5679 Υἱὸν
795 5625 889 5680 τοῦ
914 5627 1069 5691 Θεοῦ,
1094 5627 1208 5701 ᾄδει
1234 5630 1417 5700 φωνὴν
1439 5630 1532 5684 τοῦ
1564 5631 1777 5702 Πατρὸς

1903 5649 1980 5686 :or
2015 5649 2184 5688 meum
2223 5634 2443 5688 Verbum
2486 5637 2712 5704 bonum;
2742 5649 2799 5695 et
2825 5642 3021 5699 iterum
3062 5647 3116 5703 in
3157 5653 3447 5708 centesimo

202 5716 263 5767 ὲν
296 5713 376 5785 τῷ
401 5717 817 5788 τεσσαρακοστῷ
839 5719 1079 5792 τετάρτῳ
1107 5719 1307 5792 ψαλμῷ
1327 5738 1339 5750 ·
1384 5720 1776 5791 Ἐξηρεύξατο

1903 5738 2032 5779 ιοηο
2054 5743 2068 5779 :
2089 5723 2175 5778 Ea:
2208 5736 2357 5780 utero
2382 5736 2505 5781 ante
2526 5727 2831 5800 Luciferum
2862 5739 3016 5805 genui
3052 5748 3119 5795 te.
3143 5740 3281 5809 Quid
3305 5744 3448 5798 enim

201 5804 242 5872 ἡ
275 5804 488 5875 καρδία
507 5825 626 5877 μου
649 5809 842 5882 Λόγον
869 5810 1088 5881 ἀγαθόν
1113 5828 1126 5843 ’
1158 5811 1251 5867 καὶ
1281 5811 1440 5868 πάλιν
1460 5816 1517 5868 ἐν
1541 5814 1619 5886 τῷ
1643 5817 1774 5869 ἑκα-

1903 5812 2028 5870 ιιὶυᾶ
2070 5816 2192 5884 quis
2258 5816 2455 5907 dixerit
2492 5819 2699 5891 prolem
2740 5820 2937 5907 Patris,
2979 5804 3447 5907 quavaerbum,
