3874 6218
401 366 469 422 15
1262 367 1319 422 S.
1363 365 1740 422 ATHANASII
1780 364 1930 423 ΟΡΡ.
1972 367 1996 422 Ξ

2103 369 2157 425 LS
2197 368 2287 426 ΙΙΙ.
2324 399 2394 413 -—
2429 367 2841 428 EXEGETICA.
3608 376 3667 430 l6

400 499 454 544 et
492 485 839 558 Sapientiam
863 485 1077 555 ipsiusJ
1104 485 1238 540 Cum
1258 487 1424 543 sciret
1442 488 1609 559 igitur
1634 489 1812 560 ipsum
1844 504 1989 554 esse,

2103 488 2275 562 τοστῷ
2331 492 2572 563 ὲννάτῳ·
2616 492 2711 546 Ἐκ
2755 492 3013 562 γαστρὸς
3044 492 3159 562 πρὸ
3202 491 3540 567 Ἑωσφόρου
3580 497 3666 563 ἐξ·

399 581 455 635 in
490 595 615 651 quo
668 578 827 635 Pater
861 580 1036 635 dixit:
1076 579 1201 633 Fiat
1245 580 1359 648 lux,
1405 591 1456 635 et
1486 582 1901 650 ﬁrmamentum,
1948 591 1996 635 et

2103 583 2405 654 εγένννησά
2430 600 2522 639 σε.
2552 584 2617 637 Τί
2642 584 2749 656 γὰρ
2778 584 2843 638 ἂν
2867 585 2995 639 ἄλλο
3026 603 3110 651 τις
3136 586 3278 640 είποι
3311 589 3553 661 γέννημα
3585 590 3671 641 τοῦ

401 671 592 725 omnia
639 670 680 738 ⁸,
712 669 877 724 etiam
909 670 1044 725 liber
1089 670 1177 725 hic
1206 668 1549 726 Psalmorum
1586 671 1726 727 idem
1756 672 1996 729 continet

2103 675 2315 746 Πάτρος
2358 674 2393 746 ἢ
2441 672 2533 727 τὸν
2577 675 2747 744 Λόγον
2781 674 2874 728 καὶ
2907 674 3005 745 τὴν
3032 675 3231 745 Σοφίαν
3254 675 3453 744 aiio-:06;
3487 676 3673 729 Τοῦτον

400 765 602 818 dicens
646 763 702 816 in
762 763 1039 819 tricesimo
1087 765 1371 820 secundo:
1426 764 1592 819 Verbo
1637 763 1851 817 Domini
1886 764 1996 817 caeli

2103 767 2272 819 εἰδυῖα
2294 765 2444 831 ὄντα,
2469 758 2514 833 ᾧ
2543 761 2696 819 εἶπεν
2732 767 2759 818 ὁ
2795 766 2986 838 Πατήρ
3008 782 3021 796 '
3053 768 3371 834 Γενηθήτω
3403 767 3547 837 φῶς,
3580 770 3669 822 καί

403 856 615 927 ﬁrmati
640 865 784 919 sunt,
812 863 860 909 et
891 856 1083 924 spiritu
1112 856 1219 909 oris
1258 857 1371 925 ejus
1403 857 1572 910 omnis
1599 856 1765 909 virtus
1791 872 1995 910 eorum.

2103 847 2422 926 στερέὼμα,
2448 856 2638 911 καὶτὰ
2660 856 2878 922 πάντα,
2900 858 2994 909 καὶ
3016 856 3156 927 αὕτη
3182 859 3213 928 ἡ
3242 858 3423 928 βίϐλος
3445 855 3673 929 περιέξει

403 947 645 1016 λέγουσα
682 948 788 1017 (2)·
825 947 908 1012 Τῷ
933 948 1100 1017 Λόγῳ
1114 947 1333 1015 Κυρίου
1359 950 1411 1002 οἱ
1444 950 1686 1017 οὐρανοὶ
1714 948 2187 1018 ἐστερεώθησαν,
2228 950 2326 1003 καὶ
2358 947 2438 1015 τῷ
2468 952 2759 1020 πνεύματι
2805 950 2912 1005 τοῦ
2959 952 3255 1021 στόματος
3290 952 3476 1007 αὑτοῦ
3520 951 3673 1008 πᾶσα

407 1044 446 1111 ἡ
481 1039 739 1109 δύναμις
764 1040 982 1095 αὐτῶν.

480 1132 535 1186 6.
565 1132 707 1199 Quin
754 1143 808 1187 et
857 1133 1134 1188 Christum
1190 1137 1365 1207 ipsum
1415 1145 1703 1193 venturum
1767 1138 1995 1194 minime

410 1227 717 1297 ignoravit;
753 1226 863 1280 imo
906 1242 969 1279 ea
1012 1227 1078 1282 de
1125 1243 1183 1281 re
1229 1231 1559 1284 mentionem
1610 1230 1738 1285 facit
1783 1232 1995 1301 psalmo

410 1312 828 1384 quadragesimo
868 1326 1066 1385 quarto
1098 1332 1110 1367 :
1155 1316 1396 1373 .Thronus
1429 1327 1570 1387 tuus,
1604 1320 1767 1385 Deus,
1806 1322 1866 1375 in
1897 1338 1997 1376 sa:-

413 1406 592 1459 culum
623 1406 842 1469 sazculi;
876 1408 1017 1477 virga
1041 1410 1368 1474 directionis,
1406 1414 1551 1483 virga
1581 1414 1726 1484 regni
1767 1415 1863 1468 tui.
1897 1413 1996 1468 Di-

412 1497 590 1552 lexisti
632 1497 942 1566 justitiam,
995 1509 1046 1553 et
1093 1502 1253 1555 odisti
1303 1504 1670 1573 iniquitatem,
1724 1516 1994 1575 pmpterea

412 1590 567 1642 unxit
608 1599 654 1642 te
688 1589 825 1643 Deus
859 1590 996 1645 Deus
1026 1600 1144 1645 tuus
1189 1594 1302 1648 oleo
1341 1594 1543 1650 laetitia:
1577 1613 1688 1667 prae
1724 1601 1987 1653 consorti-

413 1681 509 1734 bus
551 1683 674 1735 tuis.
728 1681 793 1736 Et
836 1698 903 1738 ne
948 1685 1073 1754 quis
1130 1702 1255 1741 eum
1307 1690 1605 1745 secundum
1648 1691 1990 1760 phantasiam

2175 1144 2256 1203 ς’.
2282 1136 2390 1190 Καὶ
2413 1134 2644 1206 Χριστὸν
2664 1134 2719 1186 δὲ
2755 1132 2917 1186 αὑτὸν
2965 1131 3255 1203 ἐρχόμενον
3277 1133 3374 1185 οὐκ
3393 1132 3643 1203 ἠγνόησεν
3661 1148 3673 1159 ”

2101 1228 2243 1283 ἀλλὰ
2272 1228 2366 1281 καὶ
2401 1227 2634 1298 μάλιστα
2662 1224 2789 1297 περὶ
2820 1224 3008 1278 τούτου
3043 1223 3189 1291 λέγει
3224 1224 3282 1275 ἐν
3310 1222 3387 1294 τῷ
3416 1239 3675 1294 τεσσαρα-

2102 1319 2278 1391 κοστῷ
2301 1320 2543 1390 τετάρτῳ
2572 1316 2769 1387 ψαλμῷ
2788 1332 2801 1345 ·
2837 1316 2899 1370 '0
2928 1317 3142 1385 θρόνος
3173 1329 3318 1382 σου,
3348 1318 3380 1368 ό
3410 1308 3569 1380 Θεὸς,
3595 1317 3676 1378 εἰς

2098 1411 2205 1465 τὸν
2241 1408 2428 1464 αὶῶνα
2469 1408 2575 1463 τοῦ
2606 1407 2853 1475 αἰῶνος·
2903 1408 3125 1476 ῥάϐδος
3162 1408 3487 1473 εὐθύτητος
3513 1406 3550 1474 ἡ
3570 1404 3673 1473 ρά-

2097 1502 2235 1567 ϐδος
2272 1501 2383 1569 τῆς
2419 1500 2739 1566 βασιλείας
2788 1515 2922 1554 σου.
2990 1498 3336 1568 Ἠγὰπησας
3378 1496 3674 1551 δικαιοσύ-

2097 1611 2230 1662 νην,
2259 1593 2357 1647 καὶ
2400 1593 2697 1662 ἐμίσησας
2730 1591 2970 1646 ἀδικίαν
2993 1608 3006 1621 ·
3038 1591 3135 1645 διὰ
3166 1591 3343 1646 τοῦτο
3379 1588 3581 1659 ἕχρισέ
3606 1607 3678 1643 σε

2094 1690 2127 1741 ό
2155 1686 2298 1753 Θεὸς
2322 1688 2355 1740 ό
2379 1686 2521 1751 Θεός
2544 1699 2660 1738 σου
2681 1684 2889 1738 ἔλαιον
2913 1683 3336 1756 ἀγαλλιάσεως
3361 1682 3521 1752 παρὰ
3545 1672 3680 1749 τοὶῗς

413 1777 630 1833 venisse
664 1779 960 1833 arbitretur
985 1821 999 1845 ,
1035 1782 1306 1852 signiﬁcat
1344 1800 1468 1838 eum
1504 1785 1682 1855 ipsum
1720 1783 1995 1838 hominem

2103 1779 2389 1848 μετόχους
2420 1793 2563 1831 σου.
2624 1777 2734 1830 Καὶ
2760 1777 2845 1830 ἴνα
2871 1776 2947 1849 μὴ
2980 1777 3120 1831 κατὰ
3154 1775 3452 1847 φαντασίαν
3483 1793 3563 1839 τις
3594 1776 3679 1847 έρ-

414 1869 681 1935 futurum,
717 1873 980 1943 illumque
1006 1890 1128 1930 esse
1148 1891 1244 1945 per
1270 1893 1430 1946 quem
1470 1877 1654 1931 omnia
1681 1875 1821 1935 facta
1849 1886 1997 1941 sunt,

418 1977 545 2015 cum
576 1963 708 2018 dicit
734 1964 790 2018 in
819 1966 1029 2035 psalmo
1059 1968 1390 2038 octogesimo
1421 1980 1619 2035 sexto;
1668 1968 1840 2022 Mater
1872 1966 1999 2022 Sion

422 2054 606 2109 dicet:
632 2055 830 2122 Homo,
868 2068 916 2112 et
953 2058 1107 2113 homo
1136 2070 1294 2113 natus
1324 2072 1399 2115 est
1432 2062 1485 2115 in
1526 2078 1607 2125 ea,
1645 2069 1695 2115 et
1732 2062 1840 2129 ipse
1874 2059 1999 2129 fun-

426 2144 571 2199 davit
609 2162 727 2198 eam
766 2145 1087 2202 Altissimus.
1134 2145 1246 2203 Hoc
1288 2151 1431 2203 enim
1475 2151 1698 2220 perinde
1745 2159 1829 2204 est
1859 2165 1923 2204 ac
1954 2150 1999 2203 si

418 2238 669 2293 diceret:
718 2237 787 2291 Et
834 2238 969 2292 Deus
1013 2248 1125 2293 erat
1172 2238 1431 2305 Verbum;
1475 2242 1652 2295 omnia
1695 2258 1786 2311 per
1828 2244 1999 2311 ipsum

416 2329 563 2398 facta
592 2340 750 2395 sunt;
791 2339 840 2383 et
873 2329 1098 2383 Verbum
1122 2347 1244 2385 caro
1269 2332 1471 2400 factum
1499 2344 1576 2386 est
1607 2334 1649 2385 ².
1675 2332 1854 2399 Quare
1873 2348 1997 2388 cum

398 2440 482 2478 rex
533 2421 748 2492 Virgine
775 2423 1113 2478 nasciturum
1142 2424 1322 2489 sciret,
1357 2439 1698 2495 nequaquam
1729 2425 1782 2479 id
1810 2425 1997 2488 siluit,

413 2515 514 2569 sed
547 2515 729 2569 statim
778 2514 943 2585 hujus
990 2516 1069 2569 rei
1112 2515 1369 2570 indicium
1412 2516 1558 2570 dedit
1608 2517 1660 2569 iu
1695 2516 2000 2586 quadrage-

400 2605 555 2660 simo
594 2614 790 2674 quarto
825 2622 837 2657 :
882 2605 1044 2669 Audi,
1078 2606 1217 2675 ﬁlia,
1248 2614 1297 2659 et
1330 2606 1480 2668 vide,
1506 2616 1555 2659 et
1584 2604 1781 2658 inclina
1816 2622 1998 2659 aurem

404 2705 584 2762 tuam,
615 2704 665 2748 et
692 2695 992 2749 obliviscere
1018 2695 1271 2764 populum
1300 2705 1449 2748 tuum
1483 2704 1532 2748 et
1575 2695 1787 2748 domum
1826 2696 1996 2763 patris

411 2787 515 2847 uti,
566 2788 691 2855 quia
734 2787 1061 2855 concupiscet
1107 2802 1198 2840 rex
1245 2786 1482 2839 decorem
1535 2795 1704 2850 tuum,
1749 2786 1997 2855 quoniam

412 2878 527 2946 ipse
560 2886 635 2930 est
670 2877 924 2932 Dominus
962 2886 1107 2934 tuus.
1155 2876 1269 2933 Hoc
1312 2878 1514 2948 quippe
1544 2878 1724 2933 simile
1755 2887 1837 2933 est
1871 2878 1998 2931 huic

417 2972 687 3027 Gabrielis
712 2972 895 3027 dicto:
923 2971 1049 3039 Ave,
1076 2973 1252 3042 gratia
1277 2971 1453 3040 plena,
1477 2970 1737 3025 Dominus
1765 2978 1933 3048 tecum
1952 2971 1995 3024 ⁸.

414 3063 552 3120 Nam
573 3066 664 3121 ubi
680 3080 804 3119 eum
824 3064 1101 3120 Christum
1126 3065 1371 3132 dixisset,
1392 3066 1687 3120 humanam
1708 3066 1889 3121 statim
1907 3081 1997 3136 ge-

2104 1870 2292 1940 χεσθαι
2320 1869 2480 1923 αὐτὸν
2512 1864 2693 1939 (εἶναι)
2739 1869 2937 1942 νομίσῃ
2956 1911 2971 1937 ,
3006 1868 3261 1940 σημαίνει
3290 1868 3452 1920 αὐτὸν
3477 1866 3679 1939 ἄνθρω-

2105 1978 2204 2013 πον
2254 1960 2616 2030 γενησόμενον
2641 1999 2655 2023 ,
2703 1960 2796 2012 καὶ
2826 1959 3013 2012 τοῦτον
3046 1956 3185 2013 εἷναι
3216 1959 3283 2013 δι’
3310 1954 3370 2014 οὗ
3404 1960 3471 2012 τὰ
3512 1959 3681 2012 πάντα

2102 2051 2311 2120 γέγονε,
2339 2051 2509 2120 λέγων
2530 2054 2589 2106 ὲν
2608 2050 2685 2123 τῷ
2713 2051 3052 2124 ὀγδοηκοστῷ
3077 2051 3218 2122 ἕκτῳ
3243 2067 3255 2080 ⁸
3297 2051 3505 2120 Μήτηρ
3530 2048 3681 2105 Σιὼν

2100 2144 2251 2213 ἐρεῐο
2280 2146 2646 2212 Ἀνθρωπος,
2687 2145 2787 2199 καὶ
2826 2144 3138 2213 ἅνθρωπος
3166 2143 3456 2215 ἐγεννήθη
3486 2145 3553 2197 ἐν
3578 2147 3680 2199 αὺ-

2100 2236 2177 2307 ταῇ
2202 2278 2215 2302 ,
2256 2237 2354 2292 καὶ
2403 2235 2585 2302 αὐτὸς
2629 2236 3023 2305 ἐθεμελίωσεν
3054 2235 3249 2306 αὐτὴν
3290 2238 3320 2289 ό
3366 2237 3675 2305 ’⁷Υψιστος.

2102 2330 2270 2383 Τοῦτο
2296 2330 2403 2402 γὰρ
2439 2329 2549 2385 ἴσον
2586 2328 2810 2401 ἐστί’τῷ
2847 2331 3046 2383 εἰπεῖν·
3089 2328 3198 2382 Καὶ
3238 2328 3380 2393 Θεὸς
3406 2324 3484 2398 ἦν
3510 2330 3541 2381 ό
3573 2331 3680 2381 Λό-

2100 2439 2205 2489 γος
2223 2437 2237 2452 °
2272 2421 2469 2475 πάντα
2503 2421 2576 2476 δι’
2602 2420 2790 2476 αὑτοῦ
2814 2420 3071 2490 ἐγένετο,
3119 2420 3221 2475 καὶ
3245 2422 3277 2474 ό
3305 2422 3496 2489 Λόγος
3526 2420 3677 2488 σὰρξ

2098 2512 2355 2581 ἐγένετο.
2415 2514 2514 2567 Διὰ
2536 2512 2694 2567 τοῦτο
2720 2514 2812 2566 καὶ
2839 2513 2899 2565 τὸ
2920 2554 2934 2579 ,
2970 2515 3035 2565 ὲκ
3065 2511 3338 2583 Παρθένου
3356 2553 3370 2579 ,
3401 2510 3679 2579 γινώσκων

2099 2606 2201 2658 οὐκ
2232 2604 2572 2677 ἐσιώπησεν,
2608 2606 2721 2659 ἀλλ’
2755 2606 2914 2670 εὐθὺς
2951 2604 3186 2675 ἔμφασίν
3225 2622 3345 2657 τινα
3381 2604 3590 2658 δίδωσιν
3624 2607 3680 2657 ἐν

2098 2697 2175 2768 τῷ
2206 2697 2624 2769 τεσσαρακοστῷ
2675 2698 2921 2770 τετάρτῳ
2945 2697 3171 2769 ψαλμῷ,
3204 2698 3373 2767 λέγων
3396 2716 3409 2728 ·
3466 2700 3682 2753 Ἀκου-

2098 2808 2233 2855 σον,
2266 2790 2535 2859 θύγατερ,
2569 2790 2668 2843 καὶ
2694 2789 2804 2855 ἴδε,
2829 2789 2926 2843 καὶ
2949 2789 3160 2845 κλῖνον
3184 2791 3251 2843 τὸ
3275 2787 3383 2856 οὖς
3405 2805 3522 2851 σου
3542 2829 3555 2855 ,
3581 2791 3682 2843 και

2096 2882 2385 2938 ἐπιλάθου
2406 2882 2514 2936 τοῦ
2534 2881 2689 2936 λαοῦ
2713 2898 2829 2936 σου
2857 2880 2957 2934 καὶ
2984 2882 3090 2936 τοῦ
3115 2883 3283 2936 οἴκου
3311 2882 3417 2937 τοῦ
3463 2884 3685 2949 πατρός

2096 2992 2233 3042 σου,
2252 2974 2341 3029 ὅτι
2359 2975 2740 3044 ἐπεθύμησεν
2758 2977 2791 3030 ὀ
2813 2974 3115 3041 ,ϐασιλεὺς
3132 2973 3239 3028 τοῦ
3259 2974 3525 3040 κάλλους
3543 2990 3681 3028 σου.

2098 3068 2268 3123 Τοῦτο
2292 3067 2400 3139 γὰρ
2423 3067 2585 3121 πάλιν
2607 3066 2791 3138 ὅμοιόν
2816 3070 2932 3121 ἐστι
2955 3066 3050 3120 τοῦ
3083 3066 3373 3138 λεγομένου
3408 3066 3559 3141 παρὰ
3588 3067 3685 3120 τοῦ

415 3160 751 3214 nerationem
775 3174 843 3214 ex
865 3157 1084 3228 Virgine
1104 3156 1309 3212 iactam
1334 3157 1633 3213 declaravit
1662 3158 1746 3212 his
1776 3158 1993 3213 verbis:

2103 3159 2339 3230 Γαϐριὴλ
2353 3176 2366 3189 ⁸
2391 3158 2588 3228 Χαῖρε,
2609 3157 3068 3229 κεχαριτωμένη,
3089 3162 3121 3212 ό
3140 3160 3355 3227 Κύριος
3371 3158 3520 3228 μετὰ
3543 3158 3682 3212 σοῦ.

419 3251 596 3315 Audi,
625 3250 762 3320 ﬁlia.
807 3248 873 3303 Et
905 3248 1123 3305 Gabriel
1151 3248 1369 3319 quidem
1400 3263 1473 3302 rex
1504 3249 1726 3304 nomine
1770 3246 1995 3304 Mariam

2103 3253 2211 3307 Καὶ
2237 3252 2343 3323 γὰρ
2372 3250 2609 3323 εἰρηκὼς
2640 3252 2803 3309 αὐτὸν
2836 3250 3071 3323 Χριστὸν
3091 3289 3105 3313 ,
3156 3250 3316 3314 εὐθὺς
3344 3250 3439 3302 καὶ
3462 3250 3559 3321 τὴν
3588 3250 3685 3303 ἀν-

419 3343 673 3414 appellat,
700 3343 846 3413 quod
878 3355 1073 3413 genere
1100 3341 1167 3395 ab
1194 3341 1285 3395 illa
1321 3341 1533 3396 alienus
1555 3349 1699 3395 esset
1722 3358 1734 3394 :
1755 3350 1811 3395 at
1828 3339 1995 3396 David

2103 3344 2377 3415 θρωπίνην
2404 3345 2615 3413 γένεσιν
2642 3347 2705 3396 ἐκ
2735 3344 2834 3415 τῆς
2879 3342 3157 3415 Παρθένου
3189 3343 3444 3414 ἐδήλωσε,
3476 3343 3650 3411 λέγων
3669 3361 3682 3373 ·

416 3438 590 3507 ipsam
619 3452 685 3491 ex
711 3451 811 3491 suo
836 3434 1046 3491 semine
1066 3434 1376 3498 oriundam,
1403 3433 1566 3487 liliam
1591 3434 1782 3487 merito
1808 3443 1987 3489 vocat.

2103 3437 2422 3501 Ἄκουσον,
2460 3438 2730 3506 θύγατερ.
2780 3436 2874 3488 Ἰδὲ
2901 3437 2929 3489 ὁ
2960 3436 3056 3505 μὲν
3087 3434 3323 3507 Γαϐριὴλ
3346 3434 3403 3500 ἐξ
3425 3435 3689 3505 ὀνόματος

415 3529 574 3583 καλεῖ
602 3528 821 3600 Μαρίαν
841 3568 856 3591 ,
896 3526 1043 3593 ξένος
1084 3525 1159 3580 ὢν
1207 3526 1377 3595 αὐτῆς
1415 3526 1557 3581 κατὰ⁵
1583 3526 1679 3596 τὴν
1711 3526 1955 3594 γένεσιν
1992 3529 2020 3581 ὁ
2051 3529 2108 3582 δὲ
2133 3529 2296 3584 Δαόὶδ
2327 3532 2390 3583 ὲκ
2419 3528 2513 3583 τοῦ
2540 3529 2851 3602 σπέρματος
2893 3527 3058 3583 αὑτοῦ
3104 3528 3471 3598 τυγχάνουσαν
3517 3526 3689 3597 αὐτὴν

418 3622 642 3686 εἰκότως
671 3621 943 3693 θυγατέρα
982 3622 1292 3692 προσφωνεῖ
1319 3618 1541 3691 ταύτην.

492 3711 544 3766 7.
577 3710 682 3765 Ubi
740 3719 921 3766 autem
963 3710 1101 3765 dixit
1141 3708 1483 3765 Psalmorum
1543 3709 1679 3765 liber
1720 3710 1996 3766 hominem

419 3819 541 3858 eum
577 3803 819 3858 luturum
858 3818 1013 3867 esse,
1059 3809 1456 3872 consequenter
1484 3802 1637 3856 illum
1671 3817 1837 3857 carne
1872 3819 1996 3873 pas-

420 3894 634 3950 sibilem
666 3893 955 3965 significat.
987 3893 1123 3947 Dum
1152 3902 1333 3947 autem
1361 3892 1507 3947 videt
1541 3891 1757 3948 futuras
1782 3892 1996 3948 «1υὰιεο-

421 4002 543 4043 rum
578 3987 824 4049 insidias,
854 3985 1002 4041 canit
1032 3985 1084 4039 in
1114 3985 1356 4041 secundo
1385 3985 1597 4054 psalmo
1632 4002 1645 4038 :
1683 3983 1860 4049 Quare
1890 3986 1995 4050 fre-

419 4086 661 4132 muerunt
683 4086 877 4147 gentes,
901 4084 951 4130 et
972 4075 1152 4146 populi
1171 4076 1413 4128 meditati
1450 4084 1571 4128 sunt
1596 4076 1827 4127 inania?
1852 4075 1997 4129 Asti-

420 4178 593 4222 terunt
628 4184 769 4239 reges
801 4177 975 4231 term,
999 4174 1049 4220 et
1088 4167 1346 4236 principes
1372 4173 1720 4219 convenerunt
1748 4165 1805 4218 in
1833 4180 1996 4218 unum

422 4260 669 4316 adversus
719 4259 1002 4314 Dominum
1046 4266 1095 4312 et
1145 4258 1393 4313 adversus
1439 4257 1709 4311 Christum
1756 4257 1890 4326 ejus.
1936 4258 1995 4311 ln

423 4354 681 4408 vicesimo
713 4361 894 4407 autem
944 4351 1119 4421 primo
1159 4352 1333 4420 ipsam
1377 4353 1570 4404 mortis
1620 4350 1888 4405 rationem
1930 4366 1992 4405 ex

424 4443 1000 4515 persona-Salvatoris
1037 4443 1282 4511 loquitur
1333 4461 1346 4497 :
1397 4439 1463 4495 In
1501 4442 1762 4512 pulverem
1813 4444 1996 4497 mortis

426 4538 689 4593 deduxisti
743 4552 842 4590 me.
892 4535 1158 4601 Quoniam
1202 4535 1661 4589 circumdederunt
1714 4552 1793 4590 me
1844 4553 1995 4590 canes

424 4630 599 4698 multi,
622 4629 906 4683 consilium
928 4628 1335 4699 malignantium
1362 4627 1564 4682 obsedit
1591 4644 1689 4681 me.
1725 4627 1995 4682 Foderunt

424 4737 611 4774 manus
644 4735 786 4773 meas
820 4727 869 4772 et
914 4717 1066 4788 pedes
1100 4735 1240 4773 meos
1268 4758 1282 4783 ,
1320 4717 1781 4772 dinumeraverunt
1819 4719 1997 4772 omnia

423 4829 546 4868 assa
586 4828 721 4866 mea.
772 4810 884 4881 Ipsi
924 4828 1041 4865 vero
1077 4812 1538 4866 consideraverunt
1568 4821 1618 4864 et
1660 4812 1998 4882 inspexerunt

424 4920 543 4968 me;
573 4904 867 4959 diviserunt
897 4904 998 4958 sibi
1037 4906 1346 4959 vestimenta
1376 4921 1491 4959 mea
1510 4946 1524 4969 ,
1550 4915 1599 4958 et
1628 4921 1783 4973 super
1807 4914 1997 4959 vestem

424 5012 595 5051 meam
634 4996 888 5049 miserunt
919 5006 1129 5050 sortem.
1176 4995 1330 5064 Quod
1365 4997 1441 5050 ait
1477 5005 1658 5050 autem
1708 5011 1904 5050 manus
1943 5003 1998 5050 et

423 5087 590 5157 pedes
614 5100 743 5140 suos
774 5084 1055 5142 confossos
1085 5101 1225 5150 esse,
1249 5086 1379 5156 quid
1402 5086 1548 5141 aliud
1575 5101 1739 5156 quam
1778 5100 1997 5139 crucem

421 5176 732 5247 signiﬁcat?
770 5174 896 5233 Haec
940 5179 1123 5234 omnia
1164 5188 1453 5251 postquam
1495 5178 1722 5243 docuit,
1767 5176 1996 5247 adjicit,

423 5282 535 5323 non
576 5266 662 5321 sui
702 5280 899 5333 causa,
940 5267 1033 5322 sed
1074 5276 1294 5338 propter
1326 5283 1426 5322 nos
1460 5267 1514 5321 id
1540 5267 1649 5337 pati
1685 5265 1997 5321 Dominum.

422 5359 624 5428 Aitque
650 5374 870 5413 rursum
903 5374 933 5414 e
958 5376 1189 5430 persona
1227 5361 1345 5431 ejus
1374 5361 1427 5414 in
1456 5359 1792 5430 octogesimo
1827 5358 1999 5427 septi-

427 5469 554 5507 mo:
593 5451 761 5524 Super
787 5471 867 5508 me
907 5454 1249 5523 conﬁrmatus
1278 5462 1353 5508 est
1389 5454 1541 5523 furor
1566 5463 1728 5517 tuus;
1754 5445 1819 5505 in‘
1844 5466 2001 5505 sexa-

425 5542 633 5614 gesimo
656 5553 833 5599 autem
862 5553 1053 5598 octavo
1084 5562 1097 5598 :
1145 5542 1276 5609 Quae
1305 5560 1409 5597 non
1446 5544 1632 5613 rapui,
1664 5552 1786 5595 tunc
1818 5541 1998 5596 exsol-

501 5682 517 5712 ¹
548 5679 741 5737 Cenes.
769 5698 807 5748 ι,
836 5681 870 5735 5
894 5697 1046 5751 seqq.

496 5820 575 5894 {2)
629 5822 715 5876 Ἐν
742 5821 1048 5894 τριακοστῷ
1075 5820 1308 5893 δευτέρῳ
1335 5820 1420 5876 ed.

2166 3713 2198 3777 ζ
2210 3712 2571 3784 ’,Ἄνθρωπον
2595 3711 2652 3763 δὲ
2677 3709 2838 3763 αὐτὸν
2862 3711 3114 3782 εἰρηκυία
3141 3711 3500 3781 γενησόμενον
3525 3750 3539 3772 ,
3564 3712 3691 3764 ἀκο-

2096 3807 2299 3869 λούθως
2320 3806 2412 3860 καὶ
2434 3804 2675 3876 παθητὸν
2694 3804 2856 3857 αὐτὸν
2879 3803 3042 3874 σαρκὶ
3060 3803 3331 3873 σημαίνει.
3356 3804 3468 3874 Τήν
3484 3821 3543 3855 τε
3565 3806 3692 3856 tm-

2097 3899 2291 3970 ϐουλὴν
2323 3897 2473 3967 παρὰ
2503 3895 2612 3949 τῶν
2648 3895 2915 3949 Ἰουδαίων
2946 3895 3128 3966 ὁρῶσα
3157 3895 3467 3966 γινομένην,
3491 3894 3689 3965 ψάλλει

2097 3989 2155 4042 ὲν
2180 3988 2275 4059 μὲν
2299 3986 2374 4057 τῷ
2397 3985 2633 4057 δευτέρῳ
2655 3984 2855 4056 ψαλμῷ
2873 4003 2885 4016 ο
2925 3986 3058 4040 Ἵνα
3082 3986 3141 4039 τί
3171 3985 3477 4056 ἐφρύαξαν
3511 3986 3685 4053 ἔθνη,

2097 4082 2195 4135 καὶ
2206 4080 2342 4135 λαοὶ
2356 4078 2729 4149 ἐμελέτησαν
2742 4078 2890 4137 κενά
2898 4095 2918 4144 ;
2935 4078 3333 4148 Παρέστησαν
3342 4078 3695 4145 οἱβασιλεῒς

2096 4172 2209 4241 τῆς
2226 4172 2358 4243 τῆς,
2385 4172 2484 4226 καὶ
2509 4172 2564 4226 οἱ
2588 4169 2877 4242 ἄρχοντες
2898 4171 3301 4240 συνήχθησαν
3319 4171 3415 4224 ἐπὶ
3439 4170 3508 4225 τὸ
3534 4171 3693 4225 αὐτό

2098 4263 2247 4317 κατά
2261 4262 2368 4317 τοῦ
2384 4263 2607 4331 Κυρίου
2624 4262 2886 4318 καὶκατὰ
2902 4262 3008 4316 τοῦ
3024 4261 3282 4330 Χριστοῦ
3308 4261 3493 4315 αὑτοῦ
3513 4279 3526 4292 ·
3552 4264 3612 4315 ὲν
3632 4262 3693 4315 δὲ

2097 4352 2175 4423 τῷ
2202 4351 2429 4423 εἰκοστῷ
2464 4352 2559 4407 καὶ
2590 4351 2791 4424 πρώτῳ
2818 4353 2916 4424 τὴν
2947 4353 3207 4422 ποιότητα
3234 4352 3328 4405 τοῦ
3356 4352 3589 4406 θανάτου
3624 4354 3695 4405 ἐκ

2101 4444 2392 4517 προσώπου
2434 4446 2527 4499 τοῦ
2564 4445 2813 4515 Σωτῆρός
2840 4460 3036 4515 φησιν·
3084 4447 3189 4510 Εὶς
3238 4442 3390 4513 χοῦν
3424 4442 3695 4498 θανάτου

2098 4533 2429 4605 κατήγαγές
2453 4551 2530 4603 με
2552 4550 2565 4564 ·
2600 4534 2690 4587 ὅτι
2718 4532 3077 4587 ἐκύκλωσαν
3112 4550 3189 4603 με
3235 4534 3413 4599 κύνες
3442 4532 3693 4594 πολλοὶ,

2100 4623 2419 4693 συναγωγὴ
2445 4621 2943 4693 πονηρευομένων
2962 4623 3283 4694 περιέσχον
3298 4640 3394 4693 με.
3420 4623 3699 4692 Ὠρυξαν

2101 4717 2303 4787 χεῖράς
2317 4736 2435 4786 μου
2462 4718 2559 4771 καί
2590 4719 2779 4784 πόδας
2797 4735 2938 4787 μου,
2967 4716 3375 4786 ἐξηρίθμησαν
3393 4716 3594 4770 πάντα
3618 4717 3699 4770 τὰ

2103 4807 2254 4865 ὀστᾶ
2270 4826 2411 4879 μου.
2455 4808 2636 4864 Αὐτοὶ
2664 4809 2733 4863 δὲ
2760 4809 3156 4876 κατενόησαν,
3190 4808 3286 4862 καὶ
3309 4807 3550 4861 ἐπεῖδον
3576 4824 3661 4877 με
3683 4826 3696 4837 ·

2036 4891 2079 4946 D
2106 4897 2515 4967 διεμερίσαντο
2540 4898 2613 4951 τὰ
2642 4897 2839 4967 ἱμάτιά
2864 4914 2984 4967 μου
3023 4896 3256 4964 ἑαυτοῖς
3278 4936 3293 4959 ,
3323 4897 3420 4950 καὶ
3443 4897 3543 4950 ἐπὶ
3580 4896 3702 4950 τὸν

2103 4990 2418 5059 ἱματισμόν
2439 5008 2559 5060 μου
2579 4991 2796 5045 ἔϐαλον
2809 4987 3057 5057 κλῆρον.
3087 4989 3158 5041 Τὸ
3177 4989 3233 5042 δὲ
3254 4989 3353 5054 τὰς
3376 4992 3566 5062 χεῖρας
3596 4992 3694 5044 καὶ

2102 5082 2227 5145 τοὺς
2272 5082 2434 5146 πόδας
2488 5081 2837 5155 ὀρύττεσθαι,
2879 5082 2932 5134 τί
2965 5082 3148 5151 ἕτερον
3185 5082 3218 5151 ἢ
3253 5082 3482 5153 σταυρὸν
3512 5082 3687 5149 λέγωι

2104 5174 2355 5244 σημαίνει
2376 5194 2390 5241 ;
2419 5176 2601 5229 Πάντα
2623 5173 2795 5227 ταῦτα
2831 5173 3151 5229 διδάσκουσα
3173 5172 3529 5245 προστίθησιν
3550 5212 3566 5237 ,
3611 5175 3679 5224 ὅτ

2105 5266 2179 5339 μὴ
2202 5267 2269 5320 δι’
2286 5268 2495 5334 ἑαυτὸν,
2513 5268 2580 5321 δι’
2603 5269 2749 5339 ἡμᾶς
2773 5267 2829 5321 δὲ
2850 5264 3021 5320 ταῦτα
3048 5265 3246 5336 πάσχει
3272 5268 3300 5320 ὁ
3325 5266 3547 5337 Κύριος.
3578 5267 3705 5319 Κα..

2104 5376 2266 5428 φησιν
2298 5360 2363 5411 ἐκ
2392 5358 2683 5429 προσώπου
2716 5358 2878 5412 πάλιν
2898 5356 3064 5410 αὐτοῦ
3084 5357 3142 5410 ὲν
3170 5356 3270 5426 μὲν
3292 5346 3370 5426 τῷ
3398 5355 3492 5420 πζ’
3512 5373 3525 5386 ·
3567 5354 3700 5408 Ἐπ’

2101 5448 2207 5518 ἐμὲ
2228 5450 2629 5520 ἐπεστηρίχθη
2665 5453 2698 5503 ό
2726 5450 2913 5519 θυμός
2941 5465 3059 5504 σου
3082 5465 3096 5479 ·
3125 5449 3183 5502 ἐν
3210 5447 3267 5501 δὲ
3293 5447 3371 5517 τῷ
3400 5444 3703 5518 ἑξηκοστῷ

2102 5542 2297 5614 ὀγδόῳ·
2342 5546 2409 5598 "A
2447 5545 2559 5613 οὐχ
2586 5542 2854 5612 ἥρπασα,
2885 5543 3017 5596 τότε
3040 5540 3423 5597 ἀπετίννυον.
3467 5541 3543 5593 Οὐ
3578 5538 3710 5611 γὰρ

1124 5684 1143 5713 ³
1176 5679 1333 5734 Joan.
1372 5698 1412 5744 1,
1450 5682 1500 5747 l,
1526 5680 1580 5749 2,
1618 5682 1703 5736 Η.
1781 5682 1800 5713 ³
1826 5680 1956 5737 Luc.
2004 5697 2043 5748 l,
2081 5682 2169 5736 28.
