3874 6218
240 363 314 422 i7

243 659 334 711 τὸν
360 655 620 721 ἐϐάσταζε
639 697 655 722 ,
693 656 918 724 λέγοντα
939 655 1028 710 διὰ
1057 655 1151 710 τοῦ
1195 657 1416 710 Ἡσαΐου
1441 674 1453 686 ’
1487 657 1681 722 Αὐτὸς
1721 655 1827 722 τὰς

239 747 562 813 ἀσθενείας
588 745 756 816 ἡμῶν
781 747 989 802 ἔλαϐε·
1025 747 1118 800 καὶ
1147 747 1411 816 λεγόντων
1460 747 1558 817 μὲν
1588 745 1743 817 ἡμῶν
1768 748 1826 799 ὲν

239 839 320 909 τῷ
351 839 624 910 ἑκατοστῷ
643 840 950 912 τριακοστῷ
967 840 1176 910 ἑϐδόμῳ
1199 838 1397 910 ψαλμῷ
1412 857 1425 869 ·
1454 838 1671 907 Κύριος
1690 839 1828 892 άντ-

237 930 543 984 αποδώσει
585 931 738 999 ὑπὲρ
776 931 956 1001 ἐμοῦ·
1020 931 1270 1001 λέγοντος
1309 929 1366 983 δὲ
1407 932 1500 985 καὶ
1535 929 1629 983 τοῦ
1661 929 1829 985 Πνεύ-

244 1040 417 1093 ματος
468 1021 525 1075 ἐν
575 1021 957 1095 ἑϐδομηκοστῷ
993 1023 1230 1094 πρώτῳ’
1297 1023 1406 1077 Καὶ
1456 1022 1642 1078 σώσει
1686 1023 1828 1088 τοὺς

236 1113 416 1179 υἱοὺς
443 1112 563 1167 τῶν
585 1113 877 1182 πενήτων,
907 1115 1003 1169 καὶ
1025 1112 1380 1168 ταπεινώσει
1407 1114 1823 1184 συκοφάντην,

237 1206 333 1260 ὅτι
362 1205 678 1275 ἐῤῥύσιιτο.
705 1207 946 1274 πτωχὸν
988 1207 1058 1260 ἐκ
1103 1205 1302 1274 χειρὸς
1348 1205 1656 1261 δυνάστου
1683 1245 1698 1270 ,
1731 1205 1830 1259 καὶ

239 1295 496 1364 πένητα,
528 1287 576 1363 ᾧ
607 1298 720 1367 οὐχ
743 1296 980 1367 ὑπῆρχε
1000 1297 1246 1366 βοηθός.

316 1394 396 1458 η’.
429 1389 527 1442 Διὰ
557 1387 714 1442 τοῦτο
740 1388 836 1443 καὶ
863 1389 1076 1461 τὴνιεῐς
1099 1390 1363 1461 οὐρανοὺς
1397 1390 1712 1461 σωματικὴν
1737 1391 1831 1443 αὑ-

241 1478 340 1532 τοῦ
371 1481 554 1534 ἄνοδον
584 1480 908 1553 προμηνύει,
949 1482 1044 1533 καὶ
1075 1480 1224 1550 λέγει
1255 1482 1312 1535 ἐν
1353 1481 1451 1552 μὲν
1479 1481 1707 1554 εἰκοστῷ
1737 1483 1831 1535 καὶ

240 1571 452 1642 τρίτῳ*
522 1573 737 1641 Ἄρατε
769 1573 999 1639 πύλας,
1040 1576 1094 1628 οἱ
1136 1572 1458 1643 ἄρχοντες,
1500 1573 1696 1644 ὑμῶν,
1733 1575 1831 1629 και

240 1660 562 1731 ἐπάρθητε,
602 1663 789 1716 πύλαι
825 1661 1069 1727 αἰώνιοι,
1108 1661 1210 1716 καὶ
1240 1663 1647 1717 εἰσελεύσεται
1675 1664 1706 1716 ὀ
1729 1663 1835 1727 ,βα-

243 1751 462 1818 σιλεὺς
486 1751 596 1822 τῆς
637 1752 822 1822 δόξης
845 1771 860 1785 ο
923 1755 982 1807 ἐν
1020 1754 1077 1808 δὲ
1112 1753 1190 1825 τῷ
1216 1753 1664 1826 τεσσαρακοστῷο
1707 1754 1835 1807 Ἀν-

1361 355 1698 412 EPISTOLA
1736 355 1824 410 AD
1861 356 1906 410 Μ
1914 354 2378 414 ARCELLINUM.

242 472 546 538 ὑπεύθυνος
575 474 649 527 ὣν
689 473 1030 545 ἀπέθνησκεν
1055 513 1068 536 ,
1105 473 1219 526 ἀλλ’
1245 473 1384 545 ὑπὲρ
1415 473 1570 545 ἡμῶν
1599 474 1825 544 ἔπασχε,

1940 474 2128 529 vebam.
2180 471 2299 530 Non
2347 473 2490 526 enim
2542 471 2662 525 ideo
2714 480 2964 524 mortuus
3008 472 3110 531 est,
3170 463 3316 536 quod
3367 477 3508 522 τους

240 565 452 621 καὶτὸν
480 565 600 618 καθ’
633 565 788 637 ἡμῶν
817 565 987 634 θυμὸν
1021 565 1108 618 διὰ
1133 567 1232 637 τὴν
1261 564 1568 636 παράϐασιν
1591 566 1823 634 ἐφ’ὲαυ-

1940 576 2088 631 :sset,
2125 567 2216 622 sed
2250 547 2350 635 pro
2385 565 2540 619 nobis
2571 577 2764 632 passus
2787 570 2890 627 est,
2933 562 3180 628 iramque
3203 557 3527 672 adversutn‘

1927 673 2026 713 nos
2049 667 2361 727 conceptam
2395 656 2466 710 ob
2497 654 2995 726 praevaricationem
3023 653 3077 705 in
3103 666 3162 708 se
3199 651 3496 718 sustinuit,

1925 749 2136 804 dicente
2162 763 2256 818 per
2277 746 2470 803 Isaiam
2492 747 2544 801 δε
2577 744 2923 813 Inﬁrmitates
2948 753 3154 796 nostras
3185 742 3294 811 ipse
3323 756 3499 794 susce-

1925 841 2039 910 pit;
2092 848 2145 894 et
2204 838 2510 892 dicentibus
2565 837 2723 890 nobis
2772 836 2828 889 in
2882 833 3177 889 centesimo
3215 832 3494 887 tricesimo

3398 346 3504 404 H8

3560 701 3592 898 ἓ

3559 905 3580 956 -ς

1927 932 2158 1001 septimo
2192 947 2206 984 :
2245 930 2498 983 Dominus
2522 929 2770 982 retribuet
2792 943 2887 996 pro
2912 941 3014 980 me.
3047 925 3251 996 Spiritu
3277 939 3500 994 quoque
3559 925 3579 999 ξ’
3629 971 3640 982 ,

1927 1022 2139 1079 dicente
2179 1022 2234 1076 in
2280 1020 2678 1090 septuagesimo
2728 1021 2905 1088 primo
2944 1035 2957 1072 :
3007 1016 3076 1070 Et
3121 1019 3292 1072 salvos
3336 1017 3500 1087 facie:

1929 1117 2068 1186 ﬁlios
2107 1130 2414 1184 pauperum,
2467 1122 2516 1167 et
2544 1112 2845 1166 Itumiliabit
2882 1111 3338 1177 catumuiatorem,
3371 1110 3500 1180 quia

1929 1206 2169 1262 liberavit
2212 1221 2489 1276 pauperem
2524 1221 2556 1259 a
2595 1212 2832 1273 potente,
2861 1212 2910 1257 et
2934 1219 3245 1274 pauperem,
3284 1203 3500 1256 cuinon

1929 1311 2040 1355 erat
2066 1300 2300 1368 adjutor.

2001 1393 2053 1447 8.
2087 1393 2425 1463 Quapropter
2476 1388 2596 1459 eius
2636 1403 2854 1460 quoque
2889 1389 2942 1441 in
2990 1388 3158 1442 caelos
3208 1400 3500 1442 ascensum

1931 1487 2202 1558 praedicit,
2233 1486 2416 1556 aitque
2452 1485 2506 1538 in
2538 1484 2799 1540 vicesimo
2835 1482 2997 1538 tertio
3030 1500 3044 1535 :
3097 1471 3339 1536 Artotlite
3375 1497 3500 1551 por-

1934 1593 2037 1648 tas,
2059 1580 2338 1650 principes,
2362 1587 2581 1644 vestras,
2607 1588 2657 1631 et
2680 1575 2972 1641 elevamini,
3006 1585 3170 1644 portte
3202 1574 3501 1639 azteruales,

1932 1680 1981 1725 et
2000 1669 2238 1724 introibit
2263 1684 2354 1724 rea:
2388 1667 2588 1740 gloriae.
2609 1665 2665 1720 In
2688 1665 3104 1738 quadragesimo
3121 1671 3298 1720 autem
3315 1673 3501 1720 sexto:

1938 1761 2184 1816 Ascendit
2215 1759 2354 1814 Deus
2380 1761 2433 1813 in
2455 1757 2797 1829 jubilatione,
2823 1757 3078 1811 Dominus
3108 1757 3162 1810 in
3192 1772 3316 1810 voce
3341 1755 3497 1811 tuber.

242 1840 355 1908 ἐϐη
377 1845 411 1897 δ
429 1821 571 1906 Θεὸς
591 1844 660 1896 ἐν
686 1843 1032 1915 ἀλαλαγμῷ,
1062 1821 1275 1913 Κύριος
1300 1845 1368 1898 ἐν
1388 1821 1562 1914 eam;
1585 1821 1834 1914 σάλπιγ-

1940 1853 2242 1909 Sessionem
2276 1867 2493 1922 quoque
2520 1853 2804 1907 annuntiat
2826 1890 2842 1915 ,
2886 1853 3070 1920 aitque
3114 1849 3168 1903 in
3204 1849 3506 1904 centesimo

246 1948 373 2001 τος.
417 1928 527 2003 Τὴν
564 1930 661 2002 μὲν
690 1931 908 1988 κάθισιν
940 1935 1277 2003 ἀναγγέλλει,
1311 1934 1404 1988 καί
1453 1949 1616 2005 φησιν
1643 1936 1701 1989 ὲν
1737 1933 1833 2007 μὲν

244 2023 327 2094 τῷ
352 2023 632 2094 ἑκατοστῷ
657 2025 895 2095 έννάτῳ·
944 2025 1133 2078 Εἶπεν
1167 2028 1199 2080 ό
1250 2027 1464 2093 Κύριος
1509 2024 1590 2091 τῷ
1640 2026 1834 2093 Κυρίῳ

241 2129 366 2184 μου
392 2131 405 2144 ο
458 2112 658 2168 Κάθου
712 2114 781 2167 ἐκ
814 2113 1028 2179 δεξιῶν
1068 2132 1220 2183 μου,
1268 2114 1380 2180 ἕως
1431 2114 1508 2169 ἂν
1559 2113 1639 2169 θῶ
1692 2115 1835 2181 τοὺς

248 2205 505 2274 ἐχθρούς
531 2195 649 2258 σου
678 2203 1012 2260 ὑποπόδιον
1031 2204 1153 2259 τῶν
1176 2203 1378 2259 ποδῶν
1409 2219 1525 2258 σου
1545 2221 1558 2234 ·
1599 2205 1656 2258 ἐν
1683 2204 1738 2258 δὲ
1759 2204 1836 2276 τῷ

250 2297 461 2368 ὲννάτῳ
482 2298 576 2350 καὶ
594 2295 692 2368 τὴν
713 2297 1010 2369 γενομένην
1032 2295 1307 2351 ἀπώλειαν
1331 2295 1424 2349 τοῦ
1442 2295 1685 2350 διαϐόλου
1702 2296 1800 2367 βοᾷ
1817 2314 1833 2329 ο

264 2386 580 2453 Ἐκάθισας
627 2387 725 2440 ἐπὶ
757 2387 974 2455 θρόνου
1003 2426 1017 2451 ,
1073 2390 1106 2441 d
1155 2388 1376 2456 κρίνων
1403 2386 1798 2456 δικαιοσύνην
1819 2403 1833 2418 ·

250 2465 628 2549 ἐπετίμησας
652 2481 854 2535 ἔθνεσι
873 2519 888 2544 ,
930 2479 1028 2534 καί
1055 2479 1324 2535 ἀπώλετο
1348 2482 1381 2534 ὁ
1419 2479 1666 2546 ἀσεϐής.
1727 2479 1838 2534 Καὶ

1933 1961 2079 2002 nono
2115 1965 2128 2002 :
2168 1945 2317 2000 Dixit
2346 1945 2600 1999 Dominus
2643 1945 2863 1999 Domino
2902 1961 3049 1999 meo:
3075 1943 3206 1998 Sede
3241 1959 3272 1996 a
3300 1942 3502 1996 dextris

1935 2033 2062 2086 meis
2084 2071 2100 2095 ,
2129 2031 2290 2086 donec
2333 2049 2524 2101 ponam
2566 2033 2806 2087 inimicos
2850 2041 2964 2087 tuos
2997 2031 3281 2087 scabellum
3313 2031 3504 2101 pedum

1937 2134 2163 2177 tuorum.
2211 2121 2268 2178 In
2317 2141 2463 2178 nono
2489 2134 2666 2178 autem
2703 2123 2914 2194 psalmo
2956 2124 3250 2193 perniciem
3285 2136 3505 2193 quoque

1935 2213 2133 2269 diaboli
2177 2212 2366 2277 addit,
2407 2223 2459 2268 et
2499 2215 2698 2268 clamat
2731 2232 2745 2268 :
2783 2212 2981 2268 Sediin
3029 2229 3182 2283 super
3223 2214 3501 2278 thronum,

1935 2308 2025 2377 qui
2066 2305 2281 2375 judicas
2310 2305 2580 2376 justitiam
2617 2323 2635 2360 :
2686 2307 2969 2376 increpasti
3011 2315 3222 2376 gentes,
3263 2317 3309 2361 et
3347 2307 3522 2373 periit

1938 2400 2149 2469 impius.
2185 2397 2320 2452 Nam
2347 2398 2490 2468 quod
2522 2413 2686 2455 omne
2720 2397 2986 2470 judicium
3018 2412 3048 2452 a
3086 2397 3248 2454 Patre
3283 2412 3507 2466 accepe-

1937 2490 2025 2556 rit,
2067 2490 2120 2544 id
2148 2489 2372 2545 minime
2401 2488 2616 2553 celavit,
2645 2489 2739 2544 sed
2775 2489 2950 2558 ipsum
2980 2487 3227 2543 omnium
3257 2487 3511 2558 iudicem-

253 2572 365 2643 γὰρ
393 2573 471 2625 ὅτι
506 2572 604 2641 τὴν
637 2573 818 2644 κρίσιν
847 2575 1028 2626 πᾶσαν
1069 2573 1228 2626 ἔλαϐε
1263 2572 1414 2645 παρὰ
1459 2572 1552 2626 τοῦ
1600 2574 1834 2644 Πατρὺς,

1940 2583 2225 2634 venturum
2246 2579 2570 2648 praenuntiat
2595 2580 2649 2633 in
2677 2579 3075 2649 septuagesimo
3098 2579 3275 2649 primo
3299 2596 3312 2631 :
3339 2577 3504 2642 Deus,

250 2666 355 2717 οὐκ
393 2663 624 2736 ἔκρυψεν
649 2707 664 2730 ,
715 2665 850 2720 ἀλλὰ
882 2667 976 2719 καὶ
1009 2667 1201 2738 κριτὴν
1234 2667 1450 2720 πάντων
1487 2665 1648 2719 αὐτὸν
1684 2665 1835 2738 ἐρχό-

1940 2669 2194 2737 iudicium
2219 2679 2364 2723 tuum
2395 2671 2502 2742 regi
2524 2670 2625 2738 da,
2662 2679 2710 2724 et
2731 2670 3004 2739 justitiam
3033 2679 3178 2723 tuam
3205 2669 3317 2738 ﬁlio
3341 2671 3508 2740 regis,

258 2772 422 2826 μενον
454 2755 758 2828 προμηνύει
785 2758 842 2810 ἐν
875 2756 971 2826 μὲν
1003 2764 1092 2809 οα¹
1113 2773 1126 2786 ·
1161 2757 1223 2811 '0
1245 2755 1406 2824 Θεὸς,
1427 2756 1494 2810 τὸ
1519 2756 1695 2826 κρῖμά
1720 2772 1835 2811 σου

1940 2759 2174 2826 iudicare
2194 2757 2443 2829 populum
2481 2771 2630 2814 tuum
2661 2759 2714 2812 in
2751 2759 3002 2828 justitia,
3025 2769 3074 2813 et
3104 2776 3356 2829 pauperes
3389 2770 3505 2815 tuos

255 2844 337 2910 τῷ
365 2845 620 2908 βασιλεῖ
665 2846 771 2914 δὸς
794 2888 808 2912 ,
863 2847 962 2902 καὶ
1015 2845 1130 2912 τὴν
1179 2846 1574 2915 δικαιοσύνην
1609 2863 1724 2902 σου
1759 2847 1835 2914 τῷ

1940 2853 1992 2904 in
2015 2851 2240 2920 judicio.
2284 2853 2340 2904 In
2375 2851 2789 2923 quadragesimo
2819 2860 2999 2907 autem
3043 2867 3188 2907 nono
3217 2853 3293 2907 ait
3334 2869 3350 2908 :
3397 2852 3510 2907 Ad-

251 2936 367 3002 υίῷ
391 2939 493 2994 τοῦ
504 2940 832 3007 βασιλέως,
852 2942 1079 3010 κρίνειν
1101 2941 1208 2994 τὸν
1229 2941 1380 2995 λαόν
1397 2955 1511 2995 σου
1538 2941 1606 2994 ἐν
1627 2941 1838 2995 δικαιο-

253 3029 418 3097 σύνῃ
440 3071 454 3095 ,
495 3029 596 3084 καὶ
625 3030 766 3097 τοὺς
819 3033 1094 3099 πτωχούς
1124 3046 1239 3086 σου
1272 3031 1341 3084 ἐν
1371 3032 1565 3098 κρίσει
1585 3047 1598 3061 ⁶
1675 3032 1731 3085 ἐν
1783 3031 1840 3085 δὲ

1939 2941 2140 2996 vocabit
2173 2941 2357 2995 coelum
2392 2943 2667 2996 desursum
2691 2983 2704 3005 ,
2732 2953 2782 2996 et
2813 2951 3008 2996 terram
3031 2983 3046 3011 ,
3091 2943 3384 3000 discernere
3411 2959 3506 3013 po-

1939 3031 2119 3098 pulum
2147 3048 2321 3087 suum.
2360 3031 2429 3086 Et
2475 3032 2862 3086 aununtiabunt
2905 3033 3018 3086 caeli
3050 3027 3318 3103 justitiam
3355 3033 3504 3102 ejus,

252 3120 334 3190 τῷ
364 3121 451 3192 μθ⁹
482 3123 616 3195 φησί
632 3143 646 3155 ι
669 3122 1155 3191 Προσκαλέσεται
1182 3123 1289 3178 τὸν
1315 3123 1573 3192 οὐρανὸν
1601 3123 1720 3176 ἅνω
1740 3123 1835 3178 καὶ

1940 3125 2188 3194 quoniam
2222 3123 2358 3178 Deus
2378 3124 2550 3195 judex
2585 3137 2685 3180 est.
2719 3123 2785 3179 Et
2813 3125 2866 3179 in
2908 3126 3241 3195 octogesimo
3273 3124 3456 3197 primo
3491 3144 3504 3180 :

254 3211 375 3279 τὴν
425 3213 540 3284 γῆν
565 3256 580 3280 ,
636 3210 743 3270 τοῦ
784 3215 1077 3283 διακρῖναι
1110 3214 1215 3269 τὸν
1249 3215 1404 3270 λαὸν
1448 3215 1653 3269 αὐτοῦ.
1725 3217 1833 3270 Καὶ

1941 3215 2080 3270 Deus
2106 3218 2247 3270 stetit
2292 3218 2348 3270 in
2393 3234 2658 3288 synagoga
2685 3218 2940 3282 deorum,
2994 3220 3049 3271 in
3103 3219 3272 3272 medio
3335 3227 3511 3272 autem

255 3305 701 3376 άναγγελοῦσιν
749 3309 803 3360 οἱ
843 3307 1083 3376 οὐρανοί
1136 3305 1251 3375 τὴν
1300 3307 1696 3374 δικαιοσύνην
1730 3308 1838 3360 αὑ-

254 3398 402 3452 τοῦ·
440 3396 529 3451 ὅτι
584 3401 617 3452 ὁ
667 3397 810 3464 Θεὸς
850 3397 1054 3468 κριτής
1085 3397 1248 3451 ἐστι’
1317 3398 1410 3450 καὶ
1459 3400 1517 3450 ὲν
1567 3396 1644 3467 τῷ
1691 3404 1832 3451 ira"

1943 3307 2065 3362 deos
2125 3308 2408 3378 dijudicat.
2441 3307 2582 3376 Quin
2613 3323 2665 3364 et
2692 3310 3029 3365 vocationem
3064 3311 3303 3382 gentium
3351 3324 3415 3365 ex
3445 3325 3512 3364 eo

1944 3403 2062 3470 ipso
2087 3399 2226 3454 libro
2248 3400 2492 3470 pluribus
2521 3401 2761 3456 ediscere
2786 3403 2929 3467 licet,
2953 3401 3252 3471 praesertim
3285 3415 3350 3456 ex
3375 3416 3514 3471 qua—

270 3491 335 3542 '0
367 3491 510 3554 Θεὸς
543 3489 690 3557 ἔστη
746 3492 816 3544 ἐν
867 3489 1190 3560 συναγωγῇ
1222 3488 1402 3544 θεῶν·
1466 3490 1536 3542 ἐν
1575 3489 1742 3558 μέσῳ
1771 3488 1835 3541 δὲ

1944 3491 2249 3561 dragesimo
2281 3501 2432 3546 sexto
2465 3510 2477 3546 :
2511 3491 2700 3547 Omnes
2730 3502 2925 3563 gentes,
2967 3493 3204 3562 plaudite
3243 3492 3508 3556 manibus,

259 3581 435 3647 θεοὺς
461 3581 765 3648 διακρινεῖ.
809 3581 914 3636 Καὶ
947 3581 1052 3652 μὴν
1083 3582 1174 3634 καὶ⁵
1199 3581 1296 3652 τὴν
1322 3580 1512 3652 κλῆσιν
1545 3580 1653 3634 τῶν
1674 3579 1835 3633 ἐθνῶν

1940 3579 2163 3650 jubilate
2203 3581 2311 3637 Deo
2343 3585 2400 3637 in
2433 3599 2550 3638 voce
2578 3585 2970 3638 exsultationis.
3010 3582 3068 3638 In
3112 3583 3512 3655 septuagesimo

261 3673 410 3726 ἐστιν
435 3674 528 3726 ἀπ’
558 3673 730 3744 αὐτῆς
761 3673 949 3746 μαθεῖν
980 3674 1071 3726 ἐπὶ
1097 3672 1308 3726 πολλῶν
1343 3673 1440 3744 μὲν
1461 3711 1474 3736 ,
1524 3672 1756 3743 μάλιστα
1785 3671 1835 3724 δὲ

1943 3681 2121 3727 autem
2153 3674 2331 3744 primo
2365 3694 2379 3730 :
2419 3675 2608 3730 Coram
2654 3676 2749 3730 illo
2788 3677 3057 3746 procident
3103 3674 3380 3746 Ethiopes
3406 3715 3421 3738 ,
3459 3683 3513 3728 et

260 3763 370 3817 ἀπὸ
396 3762 487 3816 τοῦ
523 3769 628 3833 μς¹
652 3779 667 3793 ο
719 3763 922 3817 Πάντα
949 3762 1020 3816 τὰ
1047 3762 1213 3831 ἔθνη,
1248 3760 1579 3828 κροτήσατε
1616 3761 1835 3830 χεῖρας,

1942 3763 2148 3817 inimici
2168 3765 2280 3834 ejus
2307 3775 2502 3819 terram
2531 3767 2729 3838 lingent
2745 3783 2764 3832 ;
2796 3783 2941 3838 reges
2973 3765 3212 3828 Tharsis,
3247 3775 3295 3820 et
3322 3764 3514 3820 insula:

259 3853 608 3918 άλαλάξατε
659 3853 741 3920 τῷ
784 3853 904 3920 Θεῷ
930 3853 1018 3923 ἐν,
1041 3853 1210 3922 φωνῇ
1259 3853 1674 3922 ἀγαλλιάσεως
1699 3870 1713 3883 ·
1782 3855 1835 3906 ὲν

1944 3871 2162 3909 munera
2184 3857 2436 3925 o/ferent;
2465 3877 2605 3930 reges
2639 3861 2872 3914 Arabum
2902 3869 2950 3914 et
2992 3857 3133 3914 Saba
3162 3861 3301 3914 dona
3343 3856 3512 3912 aditu-

261 3945 319 3998 δὲ
351 3944 428 4017 τῷ
451 3951 570 3999 ea"
618 3944 899 3998 Ἐνώπιον
939 3943 1125 3999 αὐτοῦ
1166 3944 1606 4013 προπεσοῦνται
1649 3945 1835 3999 Αἰθίο-

1946 3955 2099 4011 cent;
2126 3958 2175 4002 et
2215 3949 2513 4003 adorabunt
2555 3969 2672 4005 eum
2704 3968 2878 4008 omnes
2915 3967 3056 4022 reges
3097 3961 3251 4011 terrm
3275 3991 3290 4016 ,
3337 3965 3511 4003 omnes

263 4053 396 4103 πες,
443 4037 543 4090 καὶ
591 4040 645 4090 οὶ
691 4035 891 4105 ἐχθροὶ
927 4035 1112 4089 αὐτοῦ
1137 4035 1289 4105 χοῦν
1313 4035 1621 4100 λείξουσι·
1657 4036 1835 4099 ,βασι-

1947 4046 2118 4105 gentes
2153 4038 2373 4091 servient
2400 4040 2466 4093 ei.
2493 4038 2558 4094 Et
2583 4041 2696 4095 haec
2721 4041 2936 4112 quidem
2964 4040 3016 4094 in
3041 4040 3272 4096 Psalmis
3305 4055 3514 4094 canun-

261 4126 393 4193 λεῖς
444 4125 694 4195 Θαρσεῖς
731 4125 829 4178 καὶ
877 4129 935 4179 at
980 4125 1160 4194 νῆσοι
1214 4124 1372 4193 δῶρα
1405 4125 1835 4193 προσοίσουσι·

1951 4136 2058 4195 tur,
2093 4129 2145 4183 in
2179 4132 2410 4202 singulis
2445 4142 2623 4188 autem
2658 4133 2777 4188 aliis
2802 4133 2958 4188 libris
2987 4133 3401 4187 annuntiantur.

255 4218 544 4285 βασιλεῖς
593 4218 851 4286 Ἀράϐων
875 4219 973 4272 καὶ
1021 4219 1180 4271 Σαϐὰ
1210 4215 1369 4285 δῶρα
1401 4215 1777 4287 προσάξουσι
1797 4233 1811 4247 ⁶
1853 4219 1950 4273 καὶ
1984 4223 2524 4292 προσκυνήσουσιν
2566 4225 2724 4293 αὐτῷ
2752 4225 2972 4292 πάντες
3003 4228 3056 4279 οἱ
3091 4222 3372 4289 ,ϐασιλεῖς
3403 4221 3516 4294 τῆς

261 4311 400 4380 τῆς,
430 4311 627 4369 πάντα
656 4312 728 4366 τὰ
757 4313 904 4381 ἔθνη
933 4311 1384 4367 δουλεύσουσιν
1424 4311 1604 4377 αὐτῷ.
1660 4312 1844 4367 Ταῦτα
1887 4314 1985 4386 μὲν
2012 4319 2068 4370 ὲν
2092 4321 2204 4382 τοῖς
2235 4319 2480 4392 Ψαλμοῖς
2508 4320 2719 4394 ᾅδεται,
2762 4322 2817 4374 ὲν
2843 4322 2900 4375 δὲ
2940 4322 3140 4394 ἑκάστῃ
3184 4321 3291 4375 τῶν
3338 4321 3510 4378 ἄλλων

264 4402 464 4472 βίϐλων
487 4403 1006 4475 προαπαγγέλλεται.

337 4499 402 4552 θ’.
446 4499 558 4552 Οὐκ
596 4498 803 4568 ἀγνοῶν
832 4500 887 4553 δὲ
913 4500 1072 4553 πάλιν
1095 4499 1297 4569 ἔλεγεν,
1324 4501 1404 4552 ὅτι
1438 4500 1531 4553 καὶ
1560 4500 1616 4553 ὲν
1639 4499 1835 4572 ἑκάστῃ

2017 4503 2069 4557 9.
2117 4508 2384 4558 ueterum
2422 4518 2479 4558 se
2523 4519 2628 4560 non
2678 4503 2930 4574 ignorare
2977 4503 3156 4557 aiebat
3187 4503 3242 4558 in
3282 4503 3511 4575 singulis

265 4588 436 4661 βίϐλῳ
466 4590 563 4661 τῆς
600 4590 822 4662 Γραφῆς
857 4589 926 4643 τὰ
957 4590 1097 4644 αὐτὰ
1132 4591 1262 4663 περὶ
1291 4591 1383 4644 τοῦ
1413 4593 1664 4663 Σωτῆρος
1696 4593 1835 4658 ἐξαι-

1950 4593 2242 4663 Scripturae
2286 4593 2438 4649 libris
2486 4595 2672 4648 eadem
2722 4595 2788 4648 de
2837 4593 3116 4649 Salvatore
3167 4594 3510 4664 potissimum

267 4683 438 4754 ρέτως
467 4683 819 4755 σημαίνεται·
854 4685 948 4738 καὶ
976 4684 1090 4738 ἐστι
1117 4683 1274 4738 τοῦτο
1315 4684 1388 4756 ('5)
1425 4685 1626 4747 πάσαις
1657 4686 1835 4749 αὐταῖς

1947 4687 2274 4756 signiﬁcari,
2324 4701 2555 4755 esseque
2594 4685 2724 4740 illud
2777 4685 3016 4739 omnium
3067 4686 3308 4756 ipsorum
3359 4702 3511 4742 com-

264 4773 620 4846 ἀπάγγελμα,
657 4776 750 4829 καὶ
804 4776 1089 4847 συμφωνία
1135 4776 1168 4847 ἡ
1208 4775 1343 4847 αὑτὴ
1379 4775 1470 4828 τοῦ
1508 4775 1842 4846 Πνεύματος.

264 4865 380 4918 Καὶ
407 4865 517 4936 γὰρ
547 4865 736 4938 ὥσπερ
765 4867 831 4920 τὰ
857 4867 965 4920 τῶν
1005 4867 1178 4922 ἄλλων
1207 4868 1264 4920 ὲν
1297 4865 1467 4939 ταύτῃ
1505 4866 1726 4920 δυνατὸν
1757 4869 1847 4921 εὑ-

269 4959 384 5027 ρεῖν
411 4972 424 4985 ·
465 4955 636 5020 οὕτως
667 4959 760 5011 κα)⁹
790 4956 859 5010 τὰ
883 4957 1085 5027 ταύτης
1113 4959 1170 5010 ἐν
1194 4958 1313 5020 ταῖς
1352 4956 1563 5026 ἑτέραις
1588 4956 1844 5020 πολλάκις

265 5045 601 5117 εὑρίσκεται.
644 5047 753 5100 Καὶ
792 5047 901 5117 γὰρ
929 5046 1169 5117 Μωῦσῆς
1197 5045 1338 5117 ᾠδὴν
1364 5045 1559 5120 γράφει
1585 5085 1598 5109 ,
1626 5046 1721 5100 καὶ
1753 5045 1845 5099 Ἦ-

267 5139 426 5202 σαῒας
454 5137 586 5209 ᾄδει,
617 5137 712 5191 καὶ
737 5139 764 5191 ὁ
805 5137 1124 5208 Ἀμϐακοὺμ
1153 5135 1510 5208 προσεύχεται
1541 5135 1656 5206 μετ’
1676 5135 1842 5206 ᾠδῆς.

266 5230 438 5283 Πάλιν
460 5247 517 5281 τε
548 5231 604 5282 ἐν
633 5229 838 5300 ἑκάστῃ
867 5228 1032 5300 βίϐλῳ
1054 5227 1201 5281 ἐστιν
1233 5227 1357 5281 ἰδεῖν
1391 5227 1485 5280 καὶ
1511 5226 1846 5298 προφητείας

266 5324 362 5376 καὶ
394 5321 716 5392 νομοθεσίας
763 5323 858 5375 καὶ
891 5320 1148 5390 ἱστορίας.
1211 5319 1285 5373 Τὸ
1323 5318 1430 5392 γὰρ
1461 5319 1592 5372 αὐτὸ
1620 5318 1844 5390 Πνεῦμα

266 5413 362 5467 ἐπὶ
395 5411 602 5474 πάντας
634 5412 780 5464 ἐστί·
820 5414 914 5464 καὶ
951 5409 1092 5465 κατὰ
1123 5409 1221 5481 μὲν
1248 5410 1346 5481 τὴν
1391 5412 1470 5473 είς
1493 5410 1721 5464 ἕκαστον
1748 5427 1842 5478 γε-

266 5503 502 5574 νομένην
541 5501 707 5557 αὑτοῦ
752 5503 1013 5576 διαίρεσιν
1045 5503 1272 5566 ἕκαστος
1300 5502 1397 5573 τὴν
1425 5502 1668 5558 δοθεῖσαν
1696 5499 1844 5573 αὐτῷ

338 5639 363 5670 ⁸
397 5637 498 5691 lsa.
532 5651 646 5702 LIII,
679 5636 736 5691 4.

343 5769 420 5839 (5)
464 5765 655 5822 Κοινόν
682 5766 769 5823 ed.

1947 4793 2111 4832 mune
2151 4787 2565 4848 argumentum,
2608 4779 2963 4847 eamdemque
3010 4779 3244 4848 Spiritus
3287 4793 3513 4834 concor-

1946 4869 2110 4922 diam.
2145 4862 2355 4922 Etenim
2393 4868 2533 4921 sicut
2559 4883 2621 4921 ea
2656 4882 2776 4938 quae
2820 4870 2872 4923 in
2904 4869 3024 4924 aliis
3066 4877 3282 4925 exstant
3315 4869 3470 4924 libris
3494 4910 3510 4936 ,

1949 4962 2002 5016 in
2038 4962 2140 5018 hoc
2180 4963 2418 5032 reperire
2449 4961 2612 5017 licet:
2642 4962 2717 5016 ita
2754 4977 2876 5032 qua:
2904 4962 2957 5016 in
2984 4962 3086 5017 hoc
3114 4972 3274 5030 sunt,
3300 4963 3355 5017 in
3392 4964 3513 5020 aliis

1949 5068 2320 5123 saepenumero
2351 5053 2720 5108 inveniuntur.
2751 5051 2887 5107 Nam
2922 5064 2976 5108 et
2997 5053 3209 5125 Moyses
3242 5055 3514 5109 canticum

1949 5143 2262 5206 conscribit,
2309 5152 2362 5196 et
2407 5143 2574 5197 Isaias
2619 5144 2791 5208 canit,
2819 5152 2872 5198 et
2904 5143 3201 5198 Ambacum
3232 5157 3355 5198 cum
3384 5159 3515 5199 cauo

1949 5237 2055 5290 tico
2087 5244 2356 5304 precatur.
2385 5232 2624 5288 Rursum
2655 5233 2707 5286 in
2732 5233 2973 5304 quolibet
3016 5233 3154 5287 libro
3204 5233 3386 5289 videre
3433 5243 3517 5290 est

1948 5326 2281 5400 prophetias,
2308 5324 2673 5394 legislationes
2702 5335 2756 5380 et
2782 5325 3040 5380 historias
3063 5343 3078 5391 ;
3104 5325 3244 5379 idem
3278 5341 3516 5397 namque

1951 5421 2186 5490 Spiritus
2217 5428 2300 5475 est
2339 5421 2393 5473 in
2438 5419 2726 5484 omnibus,
2760 5429 2814 5472 et
2859 5417 3153 5473 secundum
3177 5417 3513 5490 divisionem

1949 5512 2067 5583 ejus
2111 5514 2164 5568 in
2212 5511 2440 5584 singulis
2479 5509 2710 5578 iactam,
2760 5511 3138 5581 unusquisque
3185 5509 3366 5566 datam
3413 5509 3511 5565 sibi

3557 1020 3580 1150 ξ

3572 1153 3588 1217 l
