3874 6218
388 345 455 401 l9
1229 339 1286 394 S.
1330 335 1698 392 ATHANASII
1738 333 1889 389 OPP.
1930 326 2111 385 PARS
2150 324 2243 382 Ill.
2278 355 2347 366 —
2384 310 2807 379 EXEGETICAE
3558 316 3629 372 20

386 456 615 527 gratiam
646 453 990 508 administrat
1026 460 1082 506 et
1118 451 1334 520 implet;
1368 465 1482 504 sxve
1528 446 1806 518 prophetia
1842 446 1940 507 sit,

2050 440 2207 511 χάριν
2231 439 2465 501 διακονεῖ
2484 436 2577 490 καὶ
2603 435 2817 521 πληροῖ,
2848 430 2957 484 είτε
2981 428 3283 502 προφητεία
3308 428 3455 482 ἐστὶν
3472 467 3489 495 ,
3522 430 3627 483 εἴτε

387 550 503 603 sive
532 546 801 616 legislatio
822 587 838 611 ,
871 545 985 599 sive
1023 543 1265 598 historia:
1309 538 1755 596 commemoratio
1779 578 1794 603 ,
1839 535 1954 590 sive

388 638 718 707 psalmorum
746 636 939 706 gratia.
970 633 1107 688 Cum
1133 643 1312 687 autem
1343 646 1484 687 unus
1517 638 1681 698 atque
1708 627 1850 681 idem
1878 624 1955 685 sit

382 723 660 798 Spiritus,
704 727 863 797 cujus
888 734 1013 782 sunt
1034 739 1224 780 omnes
1261 722 1589 785 divisiones,
1638 728 1693 774 et
1724 718 1818 788 qui
1866 730 1953 771 se-

385 817 622 873 cundum
669 825 918 872 naturam
969 815 1234 870 indivisus
1279 822 1392 880 est,
1440 812 1560 867 ideo
1604 811 1659 869 in
1702 826 1761 865 se
1804 817 1952 863 totus

384 920 547 982 atque
586 911 791 979 integer
816 917 900 963 est
948 926 963 962 :
997 907 1091 962 sed
1139 905 1440 962 secundum
1485 900 1950 960 subministratio-

385 1016 533 1063 nem,
573 997 1040 1053 manifestationes
1072 1006 1126 1052 et
1174 995 1471 1050 divisiones
1502 991 1737 1063 Spiritus
1761 990 1951 1060 singu-

384 1093 453 1148 lis
481 1092 638 1156 ﬁunt,
668 1107 731 1146 ac
754 1091 1009 1160 deinceps
1030 1089 1189 1159 juxta
1217 1097 1538 1157 praesentem
1572 1082 1949 1137 necessitatem

385 1185 590 1254 Spiritu
612 1185 837 1238 edoctus
861 1182 1094 1252 quisque
1125 1192 1433 1239 sermonem
1465 1174 1841 1238 administrat,
1872 1172 1948 1226 ita

384 1286 481 1336 ut.
518 1275 971 1345 quemadmodum
1016 1286 1180 1341 supra
1226 1270 1336 1324 dixi
1363 1310 1378 1331 ,
1414 1267 1689 1337 legislator
1734 1264 1947 1336 Moyses

383 1366 679 1437 aliquando
706 1365 990 1436 prophetet
1034 1372 1087 1417 et
1130 1370 1333 1426 canat,
1377 1368 1430 1413 et
1473 1357 1786 1429 prophetae,
1815 1356 1945 1409 dum

381 1458 747 1513 vaticinantur
771 1497 787 1522 ,
820 1462 1084 1525 praecepta
1111 1451 1330 1506 tradant
1364 1470 1377 1505 :
1410 1448 1687 1503 Lavamini
1709 1491 1723 1515 ,
1762 1445 1947 1509 mundi

379 1557 543 1610 estote
576 1548 621 1611 ⁵,
652 1557 801 1611 elc.;
840 1544 1004 1597 Ablue
1044 1542 1305 1597 malitiam
1350 1541 1524 1594 cordis
1568 1537 1685 1603 tui,
1724 1535 1947 1599 Jerusa-

382 1637 484 1690 lem
518 1636 572 1701 ⁶;
614 1633 906 1703 aliquando
946 1632 1203 1686 historias
1252 1629 1624 1701 perscribam,
1668 1636 1729 1689 ut
1758 1626 1944 1693 Daniel

383 1727 647 1782 Susanna:
668 1726 711 1792 ",
754 1725 921 1781 Isaias
952 1723 1215 1777 Rabsacis
1267 1731 1321 1776 et
1351 1720 1739 1782 Senuacherim
1759 1718 1801 1772 ⁸.
1838 1716 1944 1783 Ea-

2055 530 2366 601 νομοθεσία,
2399 526 2511 581 είτε
2533 527 2633 597 τῆς
2666 522 2909 595 ἱστορίας
2930 523 2965 593 ἡ
2992 523 3201 593 μνήμη,
3232 520 3341 574 εἴτε
3364 521 3473 574 τῶν
3496 520 3630 590 ψαλ-

2057 621 2174 693 μῶν
2206 621 2240 692 ή
2277 620 2466 691 χάρις·
2508 616 2692 687 ἐπειδὴ
2725 614 2783 668 δὲ
2824 613 2885 667 τὸ
2918 612 2975 667 ἓν
3005 613 3099 666 καὶ
3141 612 3203 665 τὸ
3231 610 3361 665 αὐτὸ
3404 610 3629 682 Πνεῦμά

2052 713 2219 776 ἑστιν,
2247 702 2414 781 οὗπερ
2444 708 2539 762 καὶ
2569 708 2741 760 πᾶσαι
2768 704 3059 777 διαιρέσεις
3090 703 3248 769 είσὶν,
3278 702 3409 756 αὐτὸ
3440 702 3495 755 δὲ
3523 703 3630 757 ἀδιο

2052 803 2265 875 αίρετόν
2311 804 2427 855 ἐστι
2467 799 2610 854 κατὰ
2642 797 2802 868 φύσιν
2825 814 2840 828 °
2889 797 2977 851 διὰ
3004 812 3087 848 τοι
3112 793 3269 848 τοῦτο
3294 793 3355 846 τὸ
3382 793 3498 846 ὅλον
3528 791 3627 863 μέν

2053 898 2199 950 ἐστιν
2223 894 2302 966 (Il)
2333 893 2567 963 ἑκάστῳ,
2605 889 2748 955 κατὰ
2779 888 2836 955 δὲ
2863 888 2965 959 τὴν
2997 885 3270 940 διακονίαν
3295 886 3351 938 αἱ
3384 880 3627 954 φανερώ-

2052 1005 2166 1052 σεις
2194 988 2287 1041 καὶ
2310 988 2364 1040 αἱ
2391 983 2683 1055 διαιρέσεις
2706 979 2799 1035 τοῦ
2833 979 3147 1050 Πνεύματος
3178 976 3427 1039 ἑκάστοις
3453 974 3629 1043 γίνον-

2048 1097 2137 1132 ται
2156 1095 2169 1108 ·
2194 1078 2289 1132 καὶ
2324 1075 2510 1143 λοιπον
2532 1074 2674 1136 κατὰ
2693 1072 2793 1144 τὴν
2830 1068 3198 1139 ἀποκειμένην
3217 1066 3404 1139 χρείαν
3431 1064 3627 1119 πολλά-

2047 1187 2135 1232 κις
2154 1169 2403 1239 ἕκαστος,
2425 1164 2783 1235 ὑποσχώντος
2804 1161 2897 1216 τοῦ
2918 1160 3251 1231 Πνεύματος,
3278 1158 3515 1211 διακονεῖ
3534 1156 3625 1209 τὸν

2046 1261 2231 1329 λόγοντ
2265 1258 2405 1313 ὥστε
2428 1297 2442 1323 ,
2476 1255 2620 1310 καθὰ
2645 1257 2921 1326 προεῖπον,
2954 1250 3345 1323 νομοθετοῦντα
3386 1247 3627 1317 Μωῢσῆν

2045 1350 2408 1424 προφητεύειν
2430 1348 2559 1401 ποτὲ
2611 1347 2706 1400 καὶ
2731 1346 2897 1418 ᾄδειν,
2925 1346 3020 1399 καὶ
3035 1341 3475 1416 προφητεύοντας
3498 1339 3624 1402 τοὺς

2047 1444 2331 1516 προφήτας
2384 1437 2723 1499 έντέλλεσθαί
2762 1454 2923 1495 ποτεο
2982 1437 3327 1497 Λούσασθε,
3378 1433 3622 1499 καθαροὶ

2043 1537 2306 1606 γίνεσθε.
2347 1533 2678 1588 Ἀπόπλυνε
2704 1530 2823 1597 ἀπὸ
2850 1530 3061 1594 κακίας
3082 1527 3197 1596 τὴν
3216 1524 3466 1594 καρδίαν
3482 1536 3618 1587 σου,

2057 1626 2449 1697 Ἰερουσαλήμ
2467 1643 2481 1656 ο
2511 1624 2605 1691 καὶ
2639 1624 2869 1693 ἱστορεῖν
2895 1638 3046 1684 ποτε,
3081 1619 3172 1681 τὸν
3211 1617 3309 1689 μὲν
3330 1612 3527 1685 Δανιὴλ
3552 1614 3623 1667 τά

2042 1717 2183 1785 κατὰ
2206 1718 2530 1779 Σουσάνναν,
2559 1715 2651 1767 τὸν
2673 1714 2729 1767 δὲ
2766 1712 2992 1766 Ἡσαΐαν
3024 1710 3093 1764 τὰ
3130 1708 3272 1782 κατὰ
3296 1708 3385 1761 τὸν
3420 1705 3623 1775 Ῥαψά-

379 1818 503 1877 dem
526 1787 743 1887 quoque
762 1816 971 1870 ratione
997 1812 1336 1879 Psalmorum
1364 1812 1521 1878 liber,
1550 1812 1638 1865 cui
1662 1808 1940 1879 proprium

2046 1824 2148 1879 κην
2176 1807 2269 1861 καὶ⁵
2295 1807 2384 1860 τὸν
2402 1802 2791 1874 Σενναχηρείμ.
2826 1800 3013 1863 Οὕτως
3041 1799 3147 1870 γὰρ
3171 1798 3265 1871 καὶ,
3285 1798 3319 1868 ἡ
3346 1794 3452 1849 τῶν
3473 1794 3627 1849 Ψαλ-

379 1918 464 1965 est
496 1909 704 1965 cantica
738 1921 955 1976 canere,
981 1921 1103 1976 quas
1129 1905 1183 1959 in
1214 1904 1336 1959 aliis
1364 1903 1521 1959 libris
1552 1903 1729 1957 obiter
1754 1900 1946 1956 dicun-

379 2011 489 2065 tur,
521 2002 634 2055 haac
668 1999 755 2055 ille
788 1998 904 2061 fuse
928 1998 1169 2068 loquitur
1197 2011 1322 2052 cum
1350 1996 1587 2058 cantico,
1617 1993 1698 2049 uti
1740 1993 1945 2050 dictum

378 2100 482 2147 est.
512 2091 680 2161 Leges
703 2100 884 2150 tamen
911 2090 1027 2160 ipse
1060 2089 1227 2143 tradit
1256 2106 1269 2141 :
1308 2086 1497 2141 Desine
1523 2088 1587 2141 ab
1615 2088 1699 2142 ira
1719 2128 1734 2154 ,
1767 2094 1817 2140 et
1854 2087 1948 2141 de-

379 2182 609 2254 relinque
638 2182 867 2253 furorem
886 2182 929 2233 ’.
957 2178 1171 2232 Declina
1208 2196 1239 2231 a
1271 2177 1412 2231 malo
1433 2219 1448 2244 ,
1492 2188 1542 2233 et
1583 2180 1669 2248 [ac
1710 2179 1899 2232 bonum
1924 2194 1943 2233 :

377 2279 584 2348 inquire
604 2291 803 2346 pacem,
830 2282 880 2327 et
905 2288 1205 2343 persequere
1226 2288 1343 2325 eam
1372 2273 1436 2324 '°.
1466 2268 1741 2325 Interdum
1771 2262 1945 2325 histo-

377 2371 515 2433 riam
548 2370 709 2424 habet
732 2367 798 2421 de
824 2365 1015 2420 itinere
1043 2363 1256 2418 lsraclis
1276 2405 1291 2430 ,
1325 2372 1378 2419 et
1412 2362 1695 2434 prophetat
1728 2361 1795 2417 de
1825 2359 1943 2421 Sal-

375 2471 582 2529 vatore,
612 2461 690 2515 uti
725 2474 891 2531 supra
916 2459 1122 2514 dictum
1163 2465 1264 2513 est.

1184 2601 1191 2608 _
1236 2587 1293 2622 ην
1324 2590 1351 2603 ,τ
1380 2565 1511 2601 μην),

464 2722 550 2778 10.
617 2721 942 2793 Communis
1001 2721 1218 2791 quidem
1275 2718 1399 2785 talis
1465 2717 1701 2790 Spiritus
1767 2715 1939 2787 gratia

375 2817 447 2880 sit
476 2814 619 2885 apud
664 2829 893 2885 omnes,
936 2822 991 2869 et
1033 2813 1090 2877 in
1131 2812 1361 2882 singulis
1409 2810 1550 2870 facta
1599 2810 1936 2879 inveniatur,

373 2917 430 2967 et
461 2907 601 2977 apud
645 2922 836 2971 omnes
880 2905 1068 2962 eadem
1094 2945 1108 2969 ,
1160 2913 1221 2959 ut
1267 2904 1565 2973 necessitas
1613 2901 1940 2973 postularit,

369 3004 427 3055 et
460 2993 693 3064 Spiritus
732 2993 985 3049 voluerit.
1031 2991 1217 3063 Neque
1258 2995 1404 3047 enim
1447 2991 1614 3047 refert
1654 2992 1770 3048 sive
1819 2992 1942 3061 plus

371 3085 488 3142 sive
517 3086 700 3149 minus
728 3083 850 3155 quis
883 3083 1131 3151 habuerit
1158 3082 1427 3153 ejusmodi
1465 3082 1805 3137 necessitatis
1830 3121 1844 3146 ,
1876 3091 1939 3137 ut

371 3174 750 3245 unusquisque
779 3182 1032 3229 teneatur
1085 3173 1202 3228 sine
1237 3172 1449 3233 defectu
1488 3172 1767 3243 proprium
1813 3188 1939 3243 per-

372 3267 683 3338 fectumque
717 3268 1082 3327 ministerium
1117 3269 1361 3339 implere.
1392 3269 1731 3323 Psalmorum
1759 3279 1938 3324 autem

369 3360 505 3416 liber
526 3360 689 3419 etiam
713 3360 793 3415 sic
819 3361 1049 3430 gratiam
1075 3361 1365 3430 quamdam
1391 3361 1553 3416 habet
1581 3361 1937 3432 singularem,

369 3452 738 3521 eximiumque
793 3451 998 3521 aliquid
1054 3452 1343 3507 observatu
1403 3453 1647 3523 dignum.
1702 3450 1838 3507 Nam
1886 3461 1942 3508 et

369 3544 476 3603 alia
496 3586 511 3610 ,
540 3559 662 3615 quae
697 3559 823 3603 cum
851 3544 1061 3607 caeteris
1105 3544 1259 3605 libris
1289 3544 1452 3610 habet
1483 3544 1659 3599 amnia
1696 3560 1941 3600 commu—

369 3635 588 3703 niaque,
621 3638 724 3690 hoc
753 3636 855 3691 sibi
892 3636 1173 3706 proprium
1216 3646 1270 3690 et
1307 3637 1690 3705 admirandum
1736 3637 1896 3692 habet
1920 3677 1936 3698 .

367 3724 513 3795 quod
540 3723 701 3794 etiam
726 3725 1156 3796 uniuscujusque
1194 3726 1362 3791 animi
1397 3735 1612 3794 motus,
1642 3741 1940 3796 eorumque

366 3815 703 3873 mutationes
730 3826 786 3872 et
824 3818 1207 3888 castigationes
1233 3818 1289 3873 in
1325 3834 1383 3875 se
1412 3820 1713 3890 descriptas
1749 3828 1805 3875 et
1840 3835 1937 3875 ex-

366 3916 585 3981 pressas
624 3904 937 3969 contineat,
967 3914 1024 3959 ut
1056 3904 1151 3979 qui
1180 3920 1244 3971 ex
1283 3906 1401 3984 ipso
1431 3907 1663 3978 voluerit
1687 3909 1843 3983 quasi
1871 3924 1938 3965 ex

366 3992 606 4064 imagine
652 4008 746 4063 eas
767 3994 1016 4074 accipere
1040 4004 1094 4059 et
1116 3996 1448 4067 intelligere,
1476 3997 1551 4068 ita
1583 4000 1937 4069 semetipsum

365 4084 650 4141 eﬂ‘ormare
677 4086 873 4159 possit,
908 4096 969 4142 ut
995 4087 1105 4151 illic
1142 4090 1405 4159 scriptum
1442 4091 1693 4151 habetur.
1724 4090 1781 4146 In
1816 4092 1938 4151 aliis

365 4178 565 4248 quippe
597 4178 752 4237 libris
782 4179 954 4248 legem
984 4180 1159 4235 solum
1181 4181 1306 4263 quis
1336 4181 1509 4247 audit,
1539 4182 1938 4251 praecipientem

364 4269 496 4340 quid
525 4268 705 4327 facere
737 4280 1015 4343 oporteat,
1046 4272 1176 4351 quid
1214 4287 1412 4339 secus;
1452 4273 1765 4343 prophetias
1808 4276 1936 4330 item

367 4362 538 4426 audit,
573 4371 635 4418 ut
663 4362 841 4419 solum
866 4365 1005 4419 sciat
1031 4373 1319 4419 venturum
1348 4362 1685 4418 Salvatorem
1711 4405 1727 4431 ,
1760 4364 1936 4421 histo-

2048 1896 2165 1969 μῶν
2200 1896 2377 1967 βίϐλος
2395 1936 2410 1961 ,
2458 1894 2656 1964 ἔχουσα
2684 1891 2744 1945 τὸ
2777 1890 2903 1947 ίδιον
2927 1888 3034 1947 τῶν
3062 1888 3214 1965 ᾠδῶν
3238 1930 3254 1959 ,
3284 1888 3423 1962 ὅπερ
3447 1885 3524 1959 (5)
3562 1888 3621 1941 ὲν

2044 1992 2163 2055 ταῖς
2190 1990 2378 2057 ἄλλαις
2412 1989 2612 2063 βίϐλοις
2642 1988 2947 2057 διεξοδικῶς
2978 1989 3221 2061 εἴρηται,
3264 1986 3437 2057 ταῦτα
3484 1983 3624 2058 αὑτὴ

2044 2086 2111 2156 τῇ
2144 2084 2285 2139 κατὰ
2315 2085 2515 2151 πλάτος
2556 2088 2704 2158 φωνῇ
2741 2084 2877 2157 μετὰ
2913 2083 3107 2156 μέλους
3158 2079 3387 2149 ψάλλει,
3439 2075 3621 2143 καθὼς

2045 2180 2389 2253 προείρηται.
2420 2178 2718 2250 Νομοθετεῖ
2742 2175 2871 2246 γοῦν
2902 2193 3030 2229 ποτε
3063 2174 3154 2227 καὶ
3180 2172 3348 2243 αύτὴ⁸
3384 2169 3621 2231 Παῦσαι

2041 2269 2160 2326 ἀπὸ
2186 2272 2389 2342 ὀργῆς,
2414 2271 2509 2324 καὶ
2532 2268 2891 2341 ἐγκατάλιπε
2919 2267 3107 2336 θυμόν
3124 2281 3136 2294 '
3159 2264 3274 2327 καὶ,
3296 2263 3623 2328 Ἔκκλινον

2044 2364 2162 2419 ἀπὸ
2184 2364 2371 2418 κακοῦ
2391 2404 2406 2427 ,
2441 2363 2540 2417 καὶ
2582 2362 2840 2429 ποίησον
2873 2360 3098 2429 ἀγαθόν
3119 2374 3134 2388 ο
3165 2354 3422 2421 ζήτησον
3451 2349 3619 2421 εἰρή-

2042 2474 2178 2525 νην,
2208 2455 2307 2523 καὶ
2341 2455 2557 2521 δίωξον
2580 2456 2792 2524 αὑτήν.
2848 2454 2959 2507 Καὶ
3001 2453 3200 2522 ἱστορεῖ
3222 2450 3279 2503 δέ
3314 2465 3441 2511 ποτε
3479 2446 3621 2504 κατὰ

2042 2547 2142 2618 τὴν
2172 2546 2289 2611 ὁδὸν
2320 2544 2415 2614 τού
2450 2545 2664 2617 Ἰσραὴλ
2684 2584 2698 2609 ,
2722 2545 2815 2598 καὶ
2845 2541 3175 2614 προφητεύει
3213 2540 3341 2611 περὶ
3374 2537 3468 2592 τοῦ
3503 2539 3618 2597 Σω-

2042 2636 2225 2706 τῆρος,
2257 2634 2443 2705 ῶσπερ
2473 2635 2687 2711 εἴρηται
2710 2632 2993 2704 πρότερον.

2118 2731 2184 2779 ι’.
2220 2725 2388 2795 Κοινὴ
2439 2726 2537 2795 μὲν
2581 2719 2673 2782 οὖν
2706 2722 2927 2793 τοιαύτη
2954 2721 3047 2783 τοῦ
3097 2720 3413 2793 Πνεύματος
3457 2719 3617 2789 χάρις

2043 2817 2185 2885 ἔσται
2204 2816 2353 2888 παρὰ
2379 2816 2533 2883 πᾶσι,
2563 2816 2655 2868 καὶ
2671 2816 2726 2867 ὲν
2750 2813 2964 2883 ἑκάστῳ
2980 2811 3236 2883 γινομένη
3258 2812 3316 2863 εύ
3327 2808 3616 2883 ρισκέσθω,

2043 2912 2138 2966 καὶ
2171 2908 2322 2981 παρὰ
2376 2909 2538 2961 πᾶσιν
2567 2910 2601 2978 ή
2630 2905 2765 2977 αύτὴ
2792 2945 2807 2971 ,
2864 2905 2939 2967 ὡς
2987 2903 3080 2957 ἐὰν
3110 2905 3143 2974 ὴ
3176 2902 3336 2973 χρεία
3388 2902 3614 2970 ἀπαιτῇ,

2043 3005 2135 3060 καὶ
2159 3004 2220 3072 τὸ
2251 2999 2477 3073 Πνεῦμα
2506 3000 2779 3071 βούληται.
2857 2999 2931 3052 Οὐ
2957 2996 3202 3067 διαφέρει
3235 2994 3345 3067 γὰρ
3369 2994 3430 3046 τὸ
3458 2991 3617 3045 πλέον

2043 3095 2135 3148 καὶ
2159 3093 2374 3151 ἔλαττον
2402 3094 2460 3144 ὲν
2481 3090 2650 3163 ταύτῃ
2680 3093 2745 3161 τῇ
2769 3089 2947 3161 χρείᾳ,
2964 3087 3040 3151 ὡς
3065 3086 3295 3148 ἕκαστος
3324 3081 3618 3151 άνενδότως

2042 3187 2139 3258 τὴν
2173 3185 2308 3238 ίδίαν
2333 3182 2641 3254 ἀποπληροῖ
2665 3181 2757 3236 καὶ
2783 3181 2982 3234 τελειοῖ
3027 3178 3324 3241 διακονίαν.
3369 3174 3433 3227 Ἦ
3468 3172 3525 3226 δέ
3552 3188 3617 3241 γε

2043 3278 2223 3349 βίϐλος
2258 3276 2365 3330 τῶν
2396 3274 2639 3346 Ψαλμῶν
2673 3275 2767 3339 καὶ
2802 3273 2974 3335 οὕτως
2995 3271 3106 3342 εχει
3125 3270 3243 3323 τινὰ
3269 3266 3428 3321 πάλιν
3459 3266 3618 3337 χάριν

2044 3370 2179 3424 ἰδίαν
2204 3368 2297 3423 καὶ
2324 3368 2701 3439 παρατήρησιν
2735 3364 3007 3439 ἐξαίρετον
3028 3378 3039 3390 ·
3076 3361 3213 3432 πρὸς
3243 3359 3352 3431 γὰρ
3378 3361 3489 3421 τοῖς
3520 3356 3617 3411 ἆλ-

2039 3460 2175 3524 λοις,
2211 3460 2269 3513 ὲν
2295 3455 2376 3521 οἷς
2395 3458 2530 3528 πρὸς
2553 3455 2653 3519 τὰς
2682 3455 2847 3518 ἄλλοις
2904 3453 3118 3525 βίϐλους
3170 3451 3284 3522 ἔχει
3312 3449 3410 3520 τὴν
3435 3448 3619 3518 σχέσιν

2040 3550 2137 3602 καὶ
2168 3546 2471 3609 κοινωνίαν,
2507 3544 2693 3597 λοιπὸν
2744 3545 2840 3609 καὶ
2890 3542 3020 3596 ῐδιον
3052 3541 3163 3614 ἔχει
3195 3539 3352 3593 τοῦτο
3411 3536 3615 3608 θαῦμα,

2039 3640 2121 3693 ὅτι
2147 3638 2242 3691 καὶ
2273 3636 2340 3691 τὰ
2376 3636 2610 3711 ἑκάστης
2634 3634 2816 3711 ψυχῆς
2870 3635 3168 3705 κινήματα,
3196 3630 3293 3695 τάς
3324 3647 3384 3682 τε
3412 3629 3618 3711 τούτων

2043 3728 2343 3803 μεταϐολὰς
2374 3730 2470 3784 καὶ
2498 3706 2812 3799 διορθώσεις
2842 3725 2955 3797 ἔχει
2983 3721 3462 3795 διαγεγραμμένας
3520 3706 3616 3773 καὶ

2037 3822 2511 3893 διατετυπωμένας
2544 3822 2602 3874 ὲν
2637 3822 2826 3894 ἑαυτῇ·
2861 3819 3001 3875 ὥστε
3028 3816 3151 3871 τινὰ
3167 3816 3261 3869 τὸν
3291 3811 3615 3885 βουλόμενον

2036 3914 2114 3977 ὡς
2146 3913 2221 3986 (6)
2242 3914 2468 3984 ἄπειρον
2522 3911 2580 3979 ἐξ
2634 3912 2804 3983 αὐτῆς
2855 3909 3152 3981 λαμϐάνειν
3181 3906 3277 3959 καὶ
3307 3904 3611 3969 κατανοεῖν,

2037 4003 2181 4058 οὕτω
2206 4004 2267 4056 τὸ
2296 4001 2497 4057 τυποῦν
2526 4002 2739 4071 ἑαυτὸν,
2776 4001 2853 4073 (7)
2874 4002 2990 4054 ἐκεῖ
3014 3999 3339 4069 γέγραπται.
3384 3996 3471 4048 Ἐν
3513 3994 3614 4065 μὲν

2038 4096 2146 4167 γὰρ
2170 4097 2291 4159 ταῖς
2329 4094 2517 4159 ἄλλαις
2574 4094 2777 4166 βίϐλοις
2826 4093 2983 4165 μόνον
3028 4108 3112 4158 τις
3150 4087 3336 4153 ἀκούει
3380 4086 3471 4141 τὸν
3528 4086 3616 4149 v6-

2041 4201 2140 4256 μον
2174 4186 2593 4257 προστάττοντα,
2620 4185 2789 4257 Myth)
2810 4184 2890 4237 δεῖ
2918 4185 3092 4236 ποιεῖν
3117 4181 3213 4239 καὶ
3238 4178 3412 4251 μὴδεί
3440 4177 3615 4249 πράτ-

2037 4295 2169 4347 τειν’
2205 4279 2544 4351 προφητείας
2575 4296 2633 4331 τε
2689 4276 3001 4343 κατακούει,
3035 4274 3175 4328 ὥστε
3224 4273 3381 4343 μόνον
3413 4270 3613 4333 εἰδέναι

2038 4370 2127 4423 τὸν
2152 4370 2445 4441 ἐρχόμενον
2472 4371 2720 4441 Σωτῆρα·
2761 4369 2855 4422 καὶ
2890 4367 3152 4438 ἱστορίαις
3174 4365 3231 4418 δὲ
3254 4362 3532 4445 προσέχει,
3553 4361 3614 4428 ἐξ

364 4452 573 4522 riisque
600 4454 863 4522 attendat,
909 4454 1053 4524 unde
1083 4454 1327 4519 ediscere
1372 4462 1549 4525 potest
1586 4470 1774 4525 regum
1811 4471 1937 4515 san-

2044 4455 2115 4522 ὧν
2168 4460 2456 4531 γινώσκειν
2505 4460 2726 4516 δύναται
2784 4460 2883 4523 τὰς
2933 4459 3041 4512 τῶν
3094 4456 3355 4527 βασιλέων
3387 4454 3612 4519 καὶτὰς

363 4554 686 4616 ctoramque
728 4557 869 4613 acta,
920 4547 988 4610 At
1034 4547 1091 4613 in
1143 4544 1485 4609 Psalmorum
1533 4546 1672 4613 libro
1715 4554 1935 4616 prater-

363 4649 528 4704 quam
560 4635 705 4705 quod
734 4650 797 4690 ea
829 4637 946 4706 ipsa
986 4644 1162 4705 potest
1188 4636 1368 4705 quivis
1398 4637 1627 4704 audiens
1649 4637 1890 4693 ediscere
1915 4680 1931 4705 ,

363 4737 547 4783 motus
580 4726 799 4797 insuper
827 4727 1022 4791 animae
1068 4742 1182 4783 suae
1213 4726 1287 4794 ibi
1325 4727 1678 4797 deprehendit
1721 4728 1936 4783 ediscit-

361 4833 503 4888 que;
552 4834 634 4873 ac.
666 4818 863 4873 deinde
914 4818 1215 4882 secundum
1257 4833 1320 4885 ea
1364 4834 1486 4890 quae
1528 4820 1731 4891 patitur
1791 4830 1846 4875 et
1901 4838 1932 4877 a

360 4910 563 4979 quibus
587 4908 859 4964 detinetur
879 4949 894 4974 ,
920 4917 1095 4979 potest
1120 4925 1187 4976 ex
1230 4924 1296 4965 eo
1333 4908 1451 4981 ipso
1485 4910 1625 4968 libro
1655 4913 1934 4984 exemplar

361 4998 633 5069 quoddam
666 5011 982 5060 sermonum
1020 4998 1254 5068 eligere;
1290 4998 1367 5067 ita
1398 5008 1460 5067 ut
1483 5016 1592 5069 non
1627 5003 1804 5069 solum
1822 4986 1928 5072 'qui

361 5088 621 5156 audierit,
669 5103 779 5144 non
820 5089 962 5160 (sine
995 5088 1197 5160 fructu)
1230 5099 1610 5162 pertranseat,
1655 5095 1750 5151 sed
1795 5097 1928 5159 edo-

359 5190 549 5247 pealur
595 5180 724 5251 quid
758 5180 907 5243 dictu
943 5181 1200 5253 factuque
1237 5199 1375 5254 opus
1417 5185 1488 5239 sit
1515 5184 1585 5253 ad
1626 5186 1927 5255 curandum

360 5270 633 5343 morbum.
670 5269 811 5330 Sunt
851 5272 1068 5342 quidem
1097 5282 1150 5327 et
1178 5272 1231 5327 in
1273 5273 1394 5330 aliis
1426 5274 1580 5330 libris
1606 5290 1885 5332 sermones
1910 5319 1925 5343 ,

358 5360 451 5433 qui
493 5361 636 5415 mala
681 5361 1040 5431 prohibeant;
1072 5362 1130 5417 in
1174 5363 1278 5418 hoc
1310 5379 1441 5419 vero
1481 5379 1588 5433 qua
1641 5365 1853 5431 ratione
1894 5382 1926 5432 a

2039 4555 2148 4627 τῶν
2178 4557 2348 4624 ἁγίων
2382 4555 2629 4627 πράξεις.
2668 4556 2755 4607 Ἐν
2797 4552 2854 4606 δὲ
2892 4554 2956 4623 τῇ
3006 4550 3171 4621 βίϐλῳ
3202 4549 3309 4602 τῶν
3340 4548 3611 4619 Ψαλμῶν,

2039 4645 2177 4718 πρὸς
2204 4645 2282 4717 τῷ
2312 4645 2485 4715 ταῦτα
2513 4643 2801 4715 μανθάνειν
2847 4640 2938 4695 τὸν
2986 4639 3272 4702 ἀκούοντα,
3308 4636 3387 4690 ἔτι
3415 4638 3512 4691 καὶ
3541 4637 3610 4689 τὰ

2039 4737 2316 4808 κινήματα
2340 4736 2437 4809 τῆς
2459 4733 2648 4803 έαυτοῦ
2689 4732 2867 4803 ψυχῆς
2910 4733 2968 4785 ὲν
3020 4730 3158 4800 αὐτῇ
3210 4728 3462 4782 κατανοεῖ
3514 4727 3609 4780 καὶ

2037 4827 2364 4900 διδάσκεται·
2398 4827 2492 4879 καὶ
2531 4826 2713 4879 λοιπὸν
2743 4825 2878 4897 πρὸς
2915 4823 2943 4877 ὃ
2967 4824 3162 4893 πάσχει
3194 4821 3287 4875 καὶ
3318 4822 3375 4874 ὲν
3417 4814 3462 4888 ᾧ
3487 4838 3609 4873 συνο

2039 4918 2242 4989 ἐχεται,
2301 4916 2522 4971 δύναται
2548 4916 2708 4982 πάλιν
2739 4917 2803 4969 ὲκ
2828 4914 3029 4984 ταύτης
3061 4912 3278 4984 ἔχεσθαι
3303 4912 3403 4983 τὴν
3427 4912 3607 4965 εἰκόνα

2035 5008 2145 5080 τῶν
2168 5009 2361 5076 λόγωψ
2393 5009 2532 5062 ὥστε
2575 5007 2649 5080 μὴ
2684 5010 2843 5078 μόνον
2875 5005 3181 5060 ἀκούσαντα
3213 5003 3606 5075 παρέρχεσθαι,

2036 5098 2173 5169 ἀλλὰ
2200 5100 2433 5171 καὶπῶς
2458 5100 2538 5153 δεῖ
2583 5100 2809 5167 λέγοντα
2856 5098 2950 5151 καὶ
2998 5096 3252 5151 ποιοῦντα
3286 5096 3606 5169 θεραπεύειν

2036 5188 2096 5240 τὸ
2124 5188 2313 5259 πάθος,
2343 5188 2580 5259 διδάσκει
2616 5186 2715 5259 (8).
2742 5188 2865 5259 Eia),
2900 5186 2998 5265 μὲν
3021 5185 3128 5257 γὰρ
3160 5187 3254 5239 καὶ
3286 5187 3343 5238 ὲν
3365 5188 3487 5249 ταῖς
3516 5184 3585 5238 ἄλ

2034 5280 2154 5351 λαις
2170 5279 2371 5351 βίϐλοις
2393 5280 2683 5334 κωλυτικοὶ
2705 5280 2850 5349 λόγοι
2878 5272 3307 5351 ἀπαγορεύοντες
3322 5277 3391 5331 τὰ
3409 5276 3587 5347 φαῦλα

2033 5371 2093 5423 ὲν
2123 5370 2298 5444 ταύτῃ
2337 5370 2397 5423 δὲ
2430 5372 2526 5425 καὶ
2564 5370 2681 5433 πῶς
2700 5368 2999 5451 ἀπέχεσθαι
3030 5369 3110 5422 δεῖ
3135 5368 3465 5421 τετύπωται·
3495 5362 3601 5423 οἷοι

428 5494 449 5532 ε
481 5490 603 5561 lsai,
639 5509 676 5557 ι,
711 5494 795 5548 16.
838 5494 1081 5554 ‘Jerem.
1120 5513 1195 5566 Iv,
1230 5498 1313 5553 l4.
1381 5500 1400 5533 ⁷
1440 5497 1577 5555 Dan.
1610 5514 1706 5556 xu.
1775 5502 1797 5535 ³
1836 5502 1940 5559 Isa.

2044 5521 2162 5575 .xu,
2194 5522 2398 5577 xxxvu.
2472 5507 2493 5539 ’
2525 5504 2667 5562 Psal.
2699 5523 2885 5572 xxxvt,
2912 5506 2965 5577 8,
3037 5505 3082 5548 ‘9
3109 5502 3253 5570 Psal.
3289 5519 3482 5569 χχχιιι,
3516 5504 3583 5558 l5

431 5607 505 5678 εί)
553 5607 644 5678 ΑἘν
675 5607 853 5678 ἑαυτῷ
876 5610 962 5666 ed.

550 5676 724 5748 Ἃπερ
752 5676 838 5730 ed}

425 5746 502 5836 (ﬁt
695 5746 915 5833 ἐεκάνος
944 5750 1028 5807 ed.

2104 5621 2181 5691 (⁷)
2220 5622 2337 5693 ζΩςτ

2103 5690 2180 5764 (8)
2219 5690 2380 5748 Forte
2414 5692 2627 5745 διδάτκε
2640 5690 2777 5755 σθαι.
