3874 6218
264 296 330 352 Si
1402 290 1741 346 EPlSTOLA
1780 290 1874 344 AD
1914 290 2359 350 MARCELLINU
2372 290 2441 345 Μ.
3460 294 3526 349 23

262 409 637 479 παράγγελμα
689 421 802 460 εστι
861 407 922 459 τὸ
978 408 1278 476 μετανοεῖν·
1331 406 1393 459 τὸ
1446 406 1503 459 δὲ
1562 406 1844 475 μετανοεῖν

1963 406 2107 461 malis
2132 407 2203 461 sit
2225 406 2614 461 abstinendum
2656 407 2981 477 exprimitur
3010 429 3022 462 :
3059 409 3290 477 exempli
3320 426 3484 465 causa
3510 454 3524 475 ,

263 496 535 551 παύεσθαι
556 498 653 567 τῆς
680 497 952 566 ἁμαρτίας
1006 495 1171 547 ἐστίν·
1208 494 1441 548 ἐνταῦθα
1471 494 1525 547 δὲ
1576 493 1671 546 καί¹
1728 492 1845 555 πῶς

267 587 569 654 μετανοεῖν,
597 584 691 636 καὶ
730 584 782 635 τί
820 584 901 636 δεῖ
932 584 1111 651 λέγειν
1146 584 1237 637 ἐπὶ
1276 586 1340 654 τῇ
1379 583 1662 654 μετανοίᾳ,
1686 582 1842 634 τετύ-

264 692 466 728 mtas.
499 674 609 727 Καὶ
630 673 791 726 πάλιν
844 674 1065 744 εἴρηκεν
1104 674 1131 725 ὁ
1152 673 1384 737 Παῦλος·
1437 674 1499 728 Ἠ
1537 674 1743 741 θλίψις
1772 671 1846 740 τῇ

264 764 443 835 ψυχῇ
474 763 791 833 ὑπομονὴν
821 764 1249 835 κατεργάζεται,
1280 765 1317 831 ἡ
1349 765 1417 817 δὲ
1449 764 1723 834 ὑπομονὴ
1759 765 1847 818 δο-

264 859 471 928 κιμὴν,
505 859 543 925 ἠ
573 858 641 912 δὲ
671 858 887 927 δοκιμὴ
937 858 1175 921 ἐλπίδα,
1217 860 1253 926 ἡ
1279 858 1348 910 δὲ
1391 858 1568 924 ἐλπὶς
1599 859 1671 911 οὺ
1707 874 1846 911 κατ-

261 952 563 1020 ιιισχύνει.
628 952 791 1006 Ἐνδὲ
821 955 931 1014 τοῖς
956 952 1205 1021 Ψαλμοῖς
1251 952 1346 1004 καὶ
1388 950 1502 1014 πῶς
1550 950 1630 1002 δεῖ
1663 950 1848 1020 φέρειν

261 1043 364 1108 τὰς
394 1043 622 1113 θλίψεις,
652 1045 745 1097 καὶ
765 1044 816 1096 τί
845 1043 1157 1113 θλιϐόμενον
1180 1044 1260 1095 δεῖ
1285 1042 1486 1111 λέγειν,
1509 1043 1603 1095 καὶ
1627 1042 1680 1094 τί
1714 1042 1849 1110 μετὰ

264 1133 366 1196 τὰς
399 1132 623 1203 θλίψεις,
648 1132 745 1185 καὶ
787 1131 905 1194 πῶς
962 1132 1187 1193 ἕκαστος
1244 1130 1616 1201 δοκιμάζεται,
1652 1128 1747 1186 καὶ
1774 1129 1851 1181 τί-

265 1240 359 1287 νες
382 1225 433 1275 οἰ
457 1223 605 1291 λόγοι
637 1222 746 1274 τῶν
771 1222 1096 1285 ἐλπιζόντων
1133 1220 1228 1272 ἐπὶ
1284 1219 1506 1291 Κύριον,
1543 1218 1849 1288 γέγραπται

267 1316 366 1369 καὶ
396 1314 753 1385 κεχάρακται.
800 1312 966 1367 Πάλιν
1018 1330 1077 1364 τε
1122 1312 1311 1382 ἐντολή
1373 1312 1521 1364 ἐστιν
1573 1313 1629 1363 ὲν
1687 1309 1851 1362 παντὶ

186 1398 195 1415 ’
267 1408 630 1477 εὐχαριστεῖν·
660 1404 797 1458 ἀλλὰ
821 1405 914 1458 καὶ
952 1404 1003 1456 τί
1030 1405 1109 1457 δεῖ
1168 1403 1348 1472 λέγειν
1399 1401 1851 1472 εὐχαριστοῦντας

266 1496 611 1549 διδάσκουσιν
643 1496 693 1547 οἰ
724 1494 962 1564 Ψαλμοί.
993 1490 1125 1547 Εἶτα
1147 1495 1277 1564 παρ’
1315 1492 1516 1564 ἐτέρων
1542 1491 1850 1552 ἀκούοντες·

270 1588 439 1642 Ὅσοι
476 1587 764 1642 θέλουσιν
790 1586 1053 1653 εὐσεϐῶς
1084 1586 1190 1655 ζῇν
1222 1585 1677 1656 διωχθήσονται,
1704 1581 1854 1653 παρὰ

267 1678 477 1732 τούτων
506 1678 891 1749 διδασκόμεθα,
923 1681 1016 1733 καὶ
1050 1678 1165 1741 πῶς
1188 1678 1267 1730 δεῖ
1304 1678 1603 1747 φεύγοντας
1636 1680 1850 1746 φωνεῖν,

272 1771 369 1824 καὶ
394 1770 545 1833 τίνας
573 1771 932 1842 διωκομένους
960 1772 1054 1824 καὶ
1082 1770 1219 1841 μετὰ
1242 1770 1335 1822 τὸν
1364 1769 1599 1840 διωγμὸν
1633 1768 1855 1840 ρυσθέν-
1887 1761 1929 1815 Β

266 1881 371 1926 τας
416 1863 497 1917 δεῖ
537 1863 729 1932 λόγους
761 1862 1053 1935 ἀναφέρειν
1079 1861 1157 1932 τῷ
1176 1861 1315 1933 Θεῷ.
1346 1861 1603 1929 Εὑλογεῖν
1638 1876 1856 1931 παραγ-

266 1957 573 2027 γελλόμεθα
638 1958 729 2011 τὸν
772 1957 999 2027 Κύριον,
1056 1956 1149 2008 καὶ
1200 1953 1643 2025 ἐξομολογεῖσθαι
1685 1952 1854 2024 αὐτῷ·

268 2049 387 2102 ἀλλ’
418 2051 475 2101 ὲν
519 2050 628 2111 τοῖς
672 2049 921 2119 Ψαλμοῖς
952 2046 1270 2117 τυπούμεθα
1310 2045 1427 2109 πῶς
1464 2063 1524 2098 τε
1584 2046 1750 2098 αἰνεῖν
1779 2044 1859 2097 δεῖ

266 2142 361 2193 τὸν
396 2140 620 2212 Κύριον,
647 2141 739 2193 καὶ
769 2141 892 2193 τίνα
958 2140 1181 2210 ῥήματα
1232 2138 1483 2207 λέγοντες
1508 2136 1860 2208 ἐξομολογού-

273 2232 415 2301 μεθα
445 2233 784 2303 πρεπόντως.
814 2230 925 2283 Καὶ
974 2231 1057 2298 ἐφ’
1087 2230 1319 2284 ἑκάστου
1361 2230 1419 2283 δέ
1460 2248 1543 2295 τις
1594 2230 1765 2293 οὓτως
1793 2228 1859 2282 ἂν

271 2323 425 2395 εὖροι
456 2324 555 2387 τὰς
576 2323 726 2385 θείας
756 2322 917 2393 ᾠδὰς,
947 2322 1081 2392 πρὸς
1104 2323 1251 2392 ἡμᾶς
1288 2322 1383 2376 καὶ
1437 2322 1593 2393 ήμῶν
1620 2323 1860 2393 κινήσεις

273 2419 372 2473 καὶ
411 2418 771 2481 καταστάσεις
802 2416 1079 2487 κειμένας.

349 2608 437 2654 ια’.
471 2601 582 2653 Καὶ
606 2599 715 2672 γὰρ
739 2599 833 2652 καὶ
889 2598 1049 2651 τοῦτο
1088 2597 1391 2670 παράδοξόν
1443 2597 1558 2650 ἐστι
1603 2596 1763 2651 πάλιν
1802 2599 1871 2651 ἐν·

269 2697 386 2757 τοῖς
415 2692 684 2763 Ψαλμοῖς,
716 2693 797 2745 ὅτι
825 2693 882 2744 ὲν
914 2692 1009 2761 μὲν
1060 2694 1179 2754 ταῖς
1225 2690 1415 2754 ἄλλαις
1473 2689 1674 2760 βίϐλοις
1716 2689 1751 2743 ἃ
1777 2688 1862 2741 λέ-

275 2802 469 2852 γουσιν
498 2787 546 2839 οἰ
605 2785 771 2852 ἆγιοι,
822 2783 917 2836 καὶ
944 2782 1073 2853 περὶ
1097 2775 1171 2837 ὧν
1200 2781 1265 2835 ἂν
1306 2781 1527 2850 λέγωσι,
1561 2781 1737 2835 ταῦτα
1769 2781 1862 2834 καί⁵

272 2878 325 2928 οί
352 2876 839 2944 ἀναγινώσκοντες,
868 2874 995 2944 περί
1027 2867 1101 2927 ὧν
1129 2875 1311 2927 ἐκεῖνα
1334 2873 1663 2943 γέγραπται,
1690 2874 1864 2941 ἀπαγ-

273 2967 559 3035 γέλλοντές
602 2968 759 3019 εἰσιν·
814 2966 868 3018 οἵ
911 2982 971 3017 τε
1033 2964 1331 3027 ἀκούοντες·
1389 2963 1599 3026 ἄλλους
1638 2964 1862 3026 ἑαυτοὺς

1947 498 2257 567 praecipitur
2284 498 2637 567 paenitentia;
2681 499 3011 569 poenitentia
3029 510 3210 555 autem
3233 509 3317 555 est
3346 518 3526 557 cessa-

1950 590 2026 644 tio
2058 605 2088 643 a
2118 600 2368 658 peccato;
2414 591 2468 644 in
2508 590 2610 645 hoc
2656 600 2839 646 autem
2883 592 3023 646 libro
3052 608 3161 661 qua
3199 592 3414 647 ratione
3459 593 3538 647 sit

1949 677 2355 746 ptenitendum,
2391 688 2443 733 et
2495 678 2694 749 quibus
2738 680 2792 733 in
2842 679 3161 750 poenitentia
3214 681 3397 736 verbis
3448 683 3527 735 uti

1950 779 2217 839 Oporteat,
2243 770 2521 826 edocetur.
2551 771 2793 826 Rursum
2826 772 2901 825 ait
2930 770 3135 826 Paulus
3168 790 3180 825 :
3229 770 3530 825 Tribulatio

1950 863 2262 929 patientiam
2314 873 2605 930 operatur,
2658 863 2915 931 patientia
2963 879 3081 916 vero
3126 863 3527 932 probationem,

1949 954 2189 1021 probatio
2219 964 2393 1007 autem
2415 970 2577 1022 spem,
2611 970 2723 1023 spes
2747 962 2922 1006 autem
2948 970 3047 1007 non
3080 954 3356 1023 confundit
3376 954 3440 1007 “.
3470 953 3528 1008 ln

1950 1048 2184 1102 Psalmis
2209 1062 2339 1101 vero
2364 1048 2626 1116 scriptum
2654 1062 3084 1116 expressumque
3112 1057 3214 1111 est,
3250 1048 3541 1117 quomodo.

1952 1140 2183 1192 tolerare
2221 1147 2468 1208 oporteat
2499 1138 2896 1201 tribulationes,
2924 1140 3053 1205 quid
3083 1139 3399 1193 tribulatum
3441 1139 3525 1192 dic

1952 1244 2076 1283 cere
2106 1245 2201 1298 par
2232 1230 2322 1294 sit,
2364 1230 2493 1299 quid
2542 1238 2660 1298 post
2707 1228 3085 1282 tribulationes
3109 1268 3124 1292 ,
3171 1244 3278 1297 qua
3316 1230 3535 1282 ratione

1953 1320 2185 1389 quisque
2210 1322 2490 1389 probetur,
2518 1321 2740 1390 quinam
2774 1320 2883 1373 sint
2913 1334 3190 1373 sermones
3219 1335 3409 1374 eorum
3435 1320 3530 1389 qui

1954 1419 2177 1479 sperant
2219 1411 2271 1464 in
2305 1410 2615 1465 Dominum.
2653 1410 2987 1480 Praeceptum
3032 1411 3159 1465 item
3205 1398 3373 1464 estin
3406 1425 3531 1464 om-

1953 1504 2116 1559 nibus
2145 1501 2350 1572 gratias
2390 1518 2548 1573 agere
2576 1504 2642 1567 ";
2672 1512 2725 1556 at
2755 1502 2949 1557 docent
2994 1501 3196 1557 Psalmi
3234 1501 3363 1572 quid
3384 1543 3398 1569 ,
3438 1503 3532 1572 qui

1955 1595 2158 1665 gratias
2200 1595 2330 1663 agit,
2361 1595 2506 1664 loqui
2536 1593 2748 1649 debeat.
2783 1593 2986 1649 Deinde
3020 1611 3144 1649 cum
3174 1595 3243 1649 ab
3275 1595 3397 1650 aliis
3436 1610 3535 1649 au-

1956 1686 2203 1740 diamus:
2227 1684 2537 1755 Quicunque
2564 1687 2647 1755 pie
2677 1685 2853 1739 volunt
2879 1688 3044 1740 vivere
3073 1687 3127 1741 in
3152 1684 3386 1751 Christo,
3416 1703 3537 1755 per-

1958 1777 2271 1829 secutionem
2304 1778 2575 1845 patientur
2624 1777 2699 1843 ¹³,
2736 1794 2767 1831 a
2804 1777 3038 1834 Psalmis
3083 1779 3373 1833 edocemur
3400 1778 3534 1847 quid

1959 1866 2228 1937 fugientes
2262 1869 2441 1923 dicere
2469 1878 2757 1939 oporteat,
2796 1870 2985 1939 quales
3020 1871 3074 1925 in
3117 1872 3532 1941 persecutione,

1958 1959 2148 2029 quales
2194 1969 2317 2029 post
2371 1961 2805 2029 persecutionem
2864 1963 3034 2031 erepti
3089 1961 3201 2018 Deo
3256 1979 3537 2019 sermones

1958 2044 2201 2114 proferre
2235 2046 2550 2101 debeamus.
2598 2047 2861 2103 Jubemur
2896 2049 3129 2105 Domino
3174 2051 3494 2108 benedicere
3519 2096 3534 2119 ,

1958 2134 2189 2191 Domino
2218 2137 2498 2205 confiteri;
2535 2148 2591 2191 at
2637 2140 2692 2192 in
2745 2140 2976 2196 Psalmis
3022 2141 3385 2198 informamur
3428 2162 3536 2216 qua

1958 2228 2171 2283 ratione
2211 2227 2381 2283 Deum
2430 2230 2655 2285 laudare
2685 2240 2972 2301 oporteat,
3018 2235 3327 2306 quibusque
3356 2240 3537 2293 verbis

1958 2321 2212 2375 decenter
2258 2320 2635 2375 conﬁteamur.
2689 2321 2833 2388 Quin
2884 2336 2937 2379 et
2983 2326 3214 2396 singulis
3263 2330 3316 2383 in
3375 2329 3538 2386 rebus

1959 2413 2193 2485 quisque
2223 2412 2459 2482 reperiet
2489 2414 2671 2468 divina
2702 2415 2915 2471 cantica
2956 2418 3022 2471 ad
3067 2434 3168 2474 nos
3208 2430 3540 2492 nostrosque

1959 2512 2143 2559 motus
2171 2512 2532 2574 motuumque
2562 2506 2983 2575 temperationes
3008 2512 3441 2568 accommodata.

2030 2596 2119 2651 ll.
2149 2595 2362 2651 Etenim
2394 2596 2500 2652 hoc
2524 2613 2745 2667 quoque
2766 2614 2967 2673 rursus
3013 2601 3067 2655 in
3094 2600 3331 2658 Psalmis
3360 2604 3539 2658 admi-

1958 2688 2212 2751 randum,
2236 2687 2379 2758 quod
2412 2686 2465 2740 in
2497 2686 2619 2741 aliis
2650 2687 2867 2757 quidem
2893 2689 3077 2755 libris,
3113 2705 3234 2760 qua:
3261 2691 3437 2746 sancti
3474 2692 3542 2746 de

1959 2779 2284 2849 quibusdam
2321 2779 2546 2843 dicunt,
2576 2778 2691 2833 baae
2734 2780 2850 2849 ipsa
2882 2780 2977 2850 qui
3009 2782 3229 2851 legunt,
3257 2782 3324 2836 ad
3348 2797 3444 2841 eos
3475 2782 3543 2837 de

1960 2870 2160 2940 quibus
2218 2870 2477 2925 dicuntur
2531 2869 2801 2933 referant;
2853 2880 2908 2928 et
2952 2874 3046 2943 qui
3102 2875 3367 2939 audiunt,
3422 2891 3544 2932 sese

1961 2964 2098 3018 alios
2144 2963 2459 3019 existiment
2502 2964 2572 3018 ab
2612 2964 2679 3018 iis
2714 2964 2782 3020 de
2823 2965 3025 3036 quibus
3069 2982 3249 3023 sermo
3289 2967 3542 3034 habetur,

274 3059 506 3113 ἐκείνων
550 3057 829 3129 ἡγοῦνται,
864 3057 992 3126 περὶ
1038 3052 1113 3111 ὦν
1147 3059 1175 3110 ὁ
1227 3056 1385 3124 λόγος
1431 3058 1587 3126 φησὶ,
1638 3053 1861 3117 καὶτὰς

1964 3054 2038 3109 ita
2073 3062 2135 3110 ut
2174 3070 2295 3125 qua:
2328 3064 2477 3125 gesta
2504 3055 2763 3111 dicuntur
2787 3098 2803 3124 ,
2842 3056 3192 3113 admirationi
3231 3059 3408 3119 solum
3441 3060 3543 3118 ba-

276 3151 755 3221 ὲπαγγελλομένας
798 3150 855 3203 δὲ
877 3148 1124 3222 πράξεις,
1153 3148 1280 3220 ἄχρι
1312 3146 1406 3201 τοῦ
1447 3147 1746 3217 θαυμάζειν
1769 3147 1861 3200 καὶ

1967 3148 2129 3203 beant
2157 3156 2211 3203 et
2245 3146 2508 3202 imitanda
2554 3148 2659 3204 sibi
2689 3158 3015 3219 pr0ponant.
3054 3150 3121 3207 At
3150 3151 3545 3212 librumistum

278 3244 477 3316 ζηλοῦν
507 3243 694 3309 αὑτὰς,
728 3244 807 3308 εἰς
847 3245 908 3297 τὸ
939 3242 1220 3315 μιμεῖσθαι
1251 3241 1514 3310 γίνονται.
1562 3238 1780 3311 Ταύτην
1807 3238 1864 3292 δὲ

281 3336 463 3406 βίϐλον
482 3336 511 3387 ό
535 3335 827 3406 λαμϐάνων
860 3336 957 3398 τάς
1004 3336 1100 3405 μὲν
1131 3334 1258 3405 περὶ
1297 3332 1390 3386 τοῦ
1422 3332 1672 3402 Σωτῆρος
1731 3349 1865 3402 προ-

279 3428 511 3501 φητείας
534 3428 779 3498 συνήθως
805 3430 862 3481 ὲν
895 3429 1015 3490 ταῖς
1064 3426 1252 3489 ἄλλαις
1287 3427 1529 3497 Γραφαῖς
1571 3424 1865 3495 θαυμάζων

280 3521 375 3574 καὶ
402 3519 724 3593 προσκυνῶν
746 3519 1098 3590 διεξέρχεται,
1130 3520 1256 3582 τοὺς
1284 3519 1341 3571 δὲ
1370 3518 1587 3589 ἐτέρους
1621 3516 1867 3587 ψαλμοὺς

280 3614 359 3675 ὡς
395 3614 557 3677 ἰδίους
579 3613 738 3676 ὄντας
769 3612 959 3680 λόγους
1009 3610 1391 3679 ἀναγινώσκει·
1450 3610 1546 3664 καὶ
1599 3611 1627 3665 ὀ
1658 3607 1868 3661 ἁκούων

280 3707 337 3760 δὲ
366 3708 443 3770 ὼς
481 3705 642 3768 αὐτὸς
674 3704 849 3772 λέγων
899 3703 1318 3767 κατανύσσεται,
1347 3702 1442 3756 καὶ
1472 3699 1869 3754 συνδιατίθεται

282 3798 398 3861 τοῖς
429 3796 537 3850 τῶν
573 3797 736 3867 ᾠδῶν,
760 3797 1019 3867 ῥήμασιν,
1069 3796 1144 3859 ὡς
1176 3796 1312 3849 ἰδίαν
1364 3793 1531 3848 ὄντων
1567 3792 1733 3846 αὐτοῦ
1770 3792 1866 3863 (9).

286 3889 591 3961 Σαφηνείας
614 3889 681 3942 δὲ
700 3889 858 3960 χάριν
889 3889 992 3941 ούκ
1042 3887 1319 3958 ὀκνητέον,
1367 3885 1507 3939 κατὰ
1549 3887 1641 3938 τὸν
1687 3885 1867 3956 μακά-

288 3997 405 4052 ριον
475 3980 820 4043 ’Δπόστολον,
880 3978 1291 4032 ὲπαναλαϐόντα
1344 3977 1405 4030 τὸ
1466 3976 1596 4030 αὐτὸ
1666 3976 1865 4044 λέγειν.

287 4073 536 4125 Πλεῖστοι
573 4071 721 4140 λόγοι
748 4070 858 4124 τῶν
880 4068 1232 4142 πατριαρχῶν
1264 4070 1405 4133 εἰσι,
1436 4069 1531 4121 καὶ
1567 4067 1687 4121 ἴδιοι
1738 4070 1870 4138 παρ’

283 4165 464 4220 αὐτῶν
523 4164 822 4236 εἰρημένοι·
882 4164 976 4216 καὶ
1032 4162 1272 4230 Μωῡσῆς
1317 4160 1515 4223 ἐλάλει,
1567 4162 1595 4212 ό
1626 4160 1681 4211 δὲ
1740 4160 1872 4223 Θεὸς

1965 3240 2058 3308 qui
2092 3239 2279 3303 sumit,
2330 3239 2642 3310 prOphetias
2677 3240 2897 3310 quidem
2934 3241 3001 3296 de
3047 3240 3360 3309 Salvatore,
3392 3250 3453 3298 ut
3489 3244 3546 3298 in

1965 3331 2088 3385 aliis
2138 3330 2440 3400 Scripturis
2491 3345 2645 3386 more
2693 3330 2855 3387 solito
2901 3346 3026 3387 cum
3083 3332 3444 3389 admiratione
3491 3342 3548 3389 et

1964 3424 2279 3479 adoratione
2324 3422 2593 3491 percurrit
2634 3440 2649 3477 :
2704 3423 2841 3479 alios
2885 3439 3032 3484 vero
3058 3426 3340 3495 psalmos,
3386 3426 3545 3497 quasi

1965 3515 2217 3586 proprios
2248 3513 2353 3567 sibi
2394 3528 2679 3570 sermones
2718 3516 2886 3587 legit;
2923 3517 3015 3589 qui
3057 3527 3239 3571 autem
3273 3518 3544 3581 audierit,

1966 3607 2125 3677 quasi
2180 3606 2296 3660 haec
2352 3605 2543 3660 eadem
2592 3606 2707 3677 ipse
2760 3607 3071 3677 proferret,
3120 3609 3544 3679 compungitur,

1968 3706 2130 3766 atque
2160 3696 2234 3751 ita
2265 3698 2603 3754 canticorum
2647 3698 2829 3753 verbis
2857 3697 3111 3765 allicitur,
3139 3700 3297 3769 quasi
3330 3714 3429 3753 sua
3460 3714 3550 3753 es-

1970 3797 2110 3843 sent.
2160 3787 2554 3859 Explicationis
2597 3806 2798 3856 causa,
2844 3806 2911 3845 ne
2941 3805 3266 3860 gravemur,
3301 3791 3550 3860 exemplo

1970 3880 2113 3936 beati
2144 3880 2297 3936 Pauli
2325 3884 2580 3952 apostoii,
2610 3883 2843 3953 idipsum
2870 3892 3133 3954 repetere.
3158 3883 3399 3939 Plurima
3423 3892 3553 3939 sunt

1971 3970 2407 4041 patriarcharum
2451 3972 2616 4026 verba
2657 3973 2790 4042 ipsis
2828 3972 3047 4041 propria
3105 3991 3117 4025 :
3160 3987 3287 4026 nam
3337 3971 3552 4045 Moyses

1932 4136 1937 4141 ἡ
1971 4063 2315 4133 loquebatur,
2352 4073 2405 4119 et
2438 4062 2582 4119 Deus
2620 4064 3022 4133 respondebat;
3054 4062 3202 4119 Elias
3241 4074 3295 4120 et
3322 4064 3563 4121 Elisaeus.

1974 4154 2030 4209 in
2063 4152 2315 4209 Carmelo
2340 4162 2526 4209 monte
2574 4154 2825 4210 sedentes
2857 4153 3149 4209 Dominum
3187 4154 3545 4219 invocabant,

285 4258 642 4330 ἁπεκρίνατο·
697 4256 878 4318 Ἠλίας
931 4273 991 4308 τε
1039 4256 1134 4308 καὶ
1173 4254 1474 4316 Ἐλισσαῖος
1511 4253 1604 4305 ἐπὶ
1627 4252 1688 4304 τὸ
1721 4254 1861 4324 Καρα

1974 4243 2336 4315 dicebantque
2358 4259 2572 4313 semper
2604 4262 2618 4299 :
2658 4244 2796 4299 Vivit
2835 4245 3114 4314 Dominus,
3155 4247 3211 4300 in
3247 4246 3398 4317 cujus
3429 4264 3552 4301 con-

289 4350 481 4421 μήλιον
507 4348 632 4420 δρος
656 4348 952 4418 καθήμενοι
1001 4346 1362 4402 ἐπεκαλοῦντο
1396 4345 1485 4397 τὸν
1519 4344 1744 4415 Κύριον,
1778 4346 1861 4399 καὶ

1975 4346 2153 4406 speotu
2184 4336 2332 4391 astiti
2356 4337 2510 4390 hodie
2543 4336 2605 4390 “.
2637 4335 2884 4391 Aliorum
2917 4337 3045 4392 item
3076 4344 3392 4393 sanctorum
3422 4353 3552 4409 pro-

284 4440 374 4492 ἀεὶ
404 4438 608 4507 ἔλεγον·
655 4436 743 4505 Ζῇ
767 4439 1000 4506 Κύριος,
1034 4430 1082 4502 ᾦ
1130 4435 1442 4504 παρέστην
1469 4433 1725 4488 ἐνώπιον
1768 4437 1861 4487 αὺ-

1976 4429 2264 4498 phetarum
2314 4427 2479 4482 verba
2540 4428 2595 4482 in
2647 4428 2840 4497 primis
2902 4428 3122 4498 quidem
3165 4428 3234 4483 de
3271 4428 3554 4485 Salvatore

284 4530 412 4584 τοῦ
440 4528 728 4599 σήμερον.
763 4530 830 4582 Οἵ
882 4546 943 4583 τε
993 4528 1102 4581 τῶν
1131 4528 1305 4581 ἄλλων
1352 4525 1523 4596 ἁγίων
1574 4525 1871 4597 προφητῶν

284 4622 447 4691 λόγοι»
468 4621 866 4693 προηγούμενοι
897 4621 994 4691 μέν
1050 4622 1187 4673 εἰσιν
1232 4620 1281 4671 οί
1322 4619 1447 4689 περὶ
1478 4618 1571 4670 τοῦ
1594 4618 1866 4688 Σωτῆρος·

285 4713 481 4765 ἔπειτα
506 4712 565 4764 δὲ
588 4712 681 4765 καὶ
707 4710 946 4764 πλεῖστοι
974 4712 1228 4779 γεγόνασι
1256 4712 1368 4772 τοῖς
1388 4726 1447 4761 τε
1473 4708 1649 4761 ἔθνεσι
1675 4709 1768 4762 καὶ
1795 4707 1870 4778 τῷ

299 4802 539 4873 Ἰσραήλ.
563 4803 671 4855 Καὶ
703 4803 852 4873 ὅμως
879 4803 1054 4865 οὐδεὶς
1090 4801 1214 4855 οὔτε
1248 4800 1356 4854 τῶν
1404 4799 1753 4872 πατριαρχῶν
1777 4800 1869 4854 λόι

286 4912 420 4963 γους
452 4894 529 4957 ὡς
566 4894 727 4957 ἰδίους
754 4895 819 4948 ἄν
846 4911 976 4947 ποτε
1001 4894 1164 4959 εἴποι,
1196 4891 1321 4946 οὔτε
1362 4893 1623 4963 τολμήσοι
1650 4910 1734 4956 τις
1785 4911 1873 4962 μι-

292 4986 573 5057 μήσασθαι
605 4986 700 5039 καὶ
722 4987 896 5039 εἰπεῖν
933 4986 1003 5039 τὰ
1029 4985 1311 5049 Μωῦσέως
1342 4985 1449 5039 ῐδια
1476 4986 1721 5056 ῥήματα,
1751 4986 1872 5039 οὐδὲ

285 5078 385 5132 τοῦ
427 5077 677 5149 Ἀϐραὰμ
710 5078 839 5148 περὶ
884 5076 979 5129 τοῦ
1009 5076 1318 5146 οἰκογενοῦς
1364 5076 1458 5129 καὶ
1515 5075 1609 5129 τοῦ
1645 5076 1871 5147 Ἰσμαὴλ

288 5168 467 5222 καὶτὰ
492 5168 740 5240 περὶτοῦ
769 5168 1005 5240 μεγάλου
1039 5168 1243 5233 Ἰσαὰκ,
1299 5167 1401 5221 κᾶν
1455 5169 1487 5237 ή
1541 5167 1679 5239 αὐτὴ
1714 5168 1871 5239 χρεία

288 5258 415 5312 τινὰ
443 5260 540 5314 καὶ
563 5260 774 5331 ἀνάγκη
802 5259 1107 5332 καταλάϐῃ,
1140 5259 1414 5329 τολμήσας
1449 5257 1512 5311 ἄν
1534 5275 1616 5321 τις
1657 5259 1732 5321 ὡς
1765 5258 1872 5311 ἴδια

289 5351 457 5404 εἴποι.
497 5350 596 5403 Ἂν
619 5349 676 5403 δὲ
706 5350 801 5403 καὶ
832 5348 1130 5421 συμπάσχῃ
1157 5365 1241 5411 τις
1293 5350 1405 5410 τοῖς
1457 5346 1743 5415 πάσχουσι,
1778 5345 1873 5399 καὶ

290 5440 461 5493 πόθον
493 5440 626 5494 ποτὲ
658 5439 798 5510 λάϐῃ
832 5438 927 5492 τοῦ
955 5438 1284 5510 κρείττονος,
1316 5435 1498 5489 οὔποτ’
1544 5435 1607 5489 ἂν
1636 5435 1777 5489 εἴποι
1800 5435 1874 5500 ὡς

365 5554 407 5586 ’⁸
437 5552 595 5609 Rom.
626 5569 678 5616 v,
717 5554 833 5608 3.5.
950 5553 991 5583 ¹²
1027 5551 1260 5605 lThess.
1298 5566 1349 5617 ν,
1390 5550 1471 5605 l8.

293 5638 493 5690 nun,
517 5624 604 5679 15.
677 5626 722 5655 ¹⁶
748 5621 917 5677 Exod.
952 5637 1114 5683 xxxii,
1140 5622 1229 5675 52.

372 5713 445 5783 (9)
497 5715 661 5771 ’ἰδίων
689 5714 852 5770 αὑτοῦ
881 5715 1066 5768 ὄντων.

1572 5550 1614 5581 η
1648 5546 1690 5601 ll
1722 5546 1863 5605 Tim.
1910 5564 1992 5619 ιιι,
2038 5551 2119 5607 12.

1957 4527 2108 4574 .sunt
2134 4538 2147 4574 :
2180 4519 2375 4574 deinde
2400 4519 2634 4589 plurima
2664 4520 2807 4575 dicta
2831 4529 2960 4575 sunt
2989 4520 3241 4590 gentibus
3268 4530 3321 4576 et
3344 4520 3550 4577 lsraeli.

1976 4614 2230 4668 Attamen
2279 4628 2441 4668 nemo
2476 4628 2720 4683 unquam
2767 4613 3207 4683 patriarcharum
3249 4614 3446 4679 verba,
3495 4624 3556 4669 ut

1977 4705 2081 4761 sibi
2117 4706 2335 4776 propria
2364 4706 2580 4761 locutus
2616 4704 2778 4761 fuerit
2806 4723 2818 4759 :
2856 4720 3033 4775 neque
3053 4704 3258 4777 Moysis
3285 4706 3470 4771 verba,
3493 4715 3555 4761 ut

1976 4795 2194 4865 propria
2222 4796 2424 4851 imitari
2460 4796 2814 4866 proferreque
2856 4812 3025 4853 ausus
3050 4794 3233 4863 fuerit,
3252 4814 3351 4853 nec
3378 4797 3552 4853 Abra-

1978 4888 2125 4943 hami
2153 4888 2220 4943 de
2247 4904 2437 4953 verna,
2463 4898 2517 4943 et
2544 4888 2611 4943 de
2637 4887 2884 4953 lsmaele,
2926 4898 2981 4943 et
3011 4888 3079 4943 de
3109 4904 3307 4959 magno
3332 4887 3549 4953 lsaaeo,

1977 4976 2231 5046 quamvis
2261 4978 2453 5032 eadem
2482 4977 2600 5047 ipsa
2642 4978 2973 5033 necessitate
3005 4987 3303 5047 prematur.
3354 4976 3462 5033 Nec
3505 4980 3555 5033 si

1978 5069 2103 5137 quis
2132 5069 2463 5139 patientibus
2493 5070 2855 5139 compatiatur
2878 5108 2894 5134 ,
2938 5078 3035 5124 aut
3078 5069 3156 5123 rei
3190 5061 3430 5124 melioris
3463 5071 3557 5124 de-

1979 5161 2184 5217 siderio
2212 5171 2496 5227 teneatur,
2529 5178 2771 5233 unquam
2812 5163 3011 5217 dixerit
3055 5171 3116 5216 ut
3152 5162 3367 5232 Moyses
3400 5178 3413 5213 :
3458 5161 3558 5217 0s-

1980 5251 2131 5303 tende
2174 5252 2302 5305 mihi
2342 5254 2564 5322 teipsum
2590 5255 2633 5286 “’
2661 5270 2676 5318 ;
2724 5253 2843 5318 vel,
2873 5252 2936 5307 Si
2978 5253 3191 5323 quidem
3220 5254 3446 5306 remittis
3481 5256 3557 5308 eis

1980 5350 2251 5409 peccatum
2298 5360 2515 5411 eorum,
2562 5345 2805 5409 remitte;
2841 5346 2924 5397 sin
2962 5344 3171 5408 minus,
3211 5343 3326 5399 dele
3374 5359 3453 5397 me
3494 5345 3559 5400 de

1982 5432 2119 5487 libro
2167 5444 2276 5502 tuo,
2324 5453 2475 5506 quem
2521 5437 2785 5507 scripsisti
2814 5437 2874 5489 ¹⁶.
2928 5436 3035 5491 Sed
3084 5450 3183 5491 nec
3220 5436 3511 5506 quisquam
3540 5476 3584 5501 ,,

2229 5551 2269 5584 ⁸⁸
2302 5552 2517 5624 lllReg.
2545 5568 2675 5619 xvn,
2710 5550 2866 5620 i;lV
2901 5549 3033 5623 Reg.
3068 5548 3266 5617 1H,“.
3318 5546 3583 5615 "Exod,
