3874 6218
279 222 352 278 2'5
1130 221 1190 276 S.
1239 222 1611 279 ATllANASll
1652 225 1801 281 OPP.
1846 226 2027 283 PARS
2065 226 2153 281 Ill.
2196 259 2263 268 ——
2302 226 2712 284 EXEGETICA.
3450 231 3523 286 24

281 336 671 407 prophetarum
693 337 858 394 verba
889 348 949 394 ut
979 340 1197 409 propria
1222 356 1518 411 usurpans,
1554 343 1643 398 his
1671 359 1853 414 repre-

1959 346 2224 416 Μωῦσῆςο
2275 345 2642 415 Ἐμφάνισόν
2668 364 2769 416 μοι
2800 347 3059 401 σεαυτόν
3084 362 3097 377 ⁸
3146 345 3179 421 ἢ
3232 348 3413 402 πάλιν·
3454 350 3525 403 El

280 427 550 495 henderit,
579 426 663 483 vel
708 428 1009 485 laudaverit
1052 445 1146 485 eos
1187 432 1278 501 qui
1329 432 1529 487 similia
1581 432 1847 501 fecerint,

278 520 479 589 quibus
537 520 638 589 ipsi
678 520 1184 590 reprehenderunt,
1220 523 1719 594 laudaveruntque;
1758 541 1853 578 ne-

278 625 386 681 que
414 610 545 665 illud
581 627 594 663 :
637 610 776 665 Vivit
812 610 1085 679 Dominus,
1105 613 1159 666 in
1199 613 1349 683 cujus
1382 627 1660 685 conspectu
1697 615 1852 678 hodie

279 712 383 765 sto,
410 713 471 757 ut
501 702 781 771 proprium
812 703 915 759 sibi
942 718 1245 758 sermonem
1273 704 1475 760 imitari
1496 721 1842 776 prazsumpse-

272 792 372 850 'rit.
416 794 627 850 Etenim
671 795 867 866 legenti
918 795 1088 851 libros
1138 798 1485 867 perspicuum
1512 809 1628 863 est,
1656 812 1715 852 se
1762 796 1851 850 illa

276 885 469 951 'verba,
497 901 607 940 non
629 893 691 939 ut
719 885 960 955 propria,
993 884 1089 940 sed
1128 895 1188 941 ut
1218 895 1532 941 sanctorum
1567 895 1622 941 et
1663 900 1849 941 eorum

282 975 375 1044 qui
415 990 502 1045 pet
537 977 639 1031 ista
664 975 1066 1044 significantur,
1091 975 1356 1045 proferre.
1390 977 1460 1031 At
1489 978 1581 1047 qui
1606 976 1853 1034 Psalmos

282 1067 442 1137 legit,
473 1081 562 1121 res
602 1067 739 1121 mira
760 1108 775 1133 ,
822 1076 943 1137 post
972 1067 1285 1137 prophetias
1326 1083 1448 1137 qua:
1476 1067 1543 1123 de
1575 1068 1854 1124 Salvatore

280 1165 336 1209 ct
362 1156 429 1211 de
453 1157 703 1227 gentibus
746 1165 915 1221 sunt,
950 1156 1160 1227 reliqua
1191 1165 1452 1227 tanquam
1491 1158 1594 1213 sibi
1634 1158 1853 1229 propria

283 1248 446 1302 verba
486 1247 760 1317 loquitur,
806 1256 860 1301 et
898 1262 961 1302 ea
995 1247 1152 1317 quasi
1196 1248 1263 1303 de
1304 1263 1363 1303 se
1407 1250 1607 1318 scripta
1638 1259 1852 1316 essent,

282 1339 516 1409 quisque
539 1339 749 1409 psallit,
778 1354 879 1394 nec
911 1340 1069 1409 quasi
1111 1339 1251 1394 alius
1286 1355 1352 1395 ea
1380 1340 1548 1408 dicat,
1585 1340 1670 1396 vel
1697 1341 1853 1411 quasi

282 1430 451 1484 alium
487 1430 823 1500 signiﬁcent,
853 1445 916 1484 ea
955 1429 1152 1499 accipit
1173 1438 1227 1485 et
1260 1431 1567 1500 percurrit;
1603 1431 1696 1487 sed
1732 1446 1856 1501 per-

284 1521 408 1576 inde
455 1521 686 1577 aﬂicitur
723 1529 887 1592 atque
924 1521 971 1576 si
1006 1520 1121 1590 ipse
1144 1521 1211 1576 de
1237 1536 1297 1576 se
1327 1522 1625 1592 loquatur;
1656 1531 1856 1593 etquae

282 1613 561 1676 dicuntur,
600 1613 757 1682 quasi
790 1612 906 1680 ipse
947 1611 1117 1682 egerit
1147 1620 1201 1665 et
1225 1627 1289 1667 ex
1322 1628 1379 1669 se
1412 1614 1528 1683 ipse
1560 1613 1815 1684 loquatur
1837 1654 1854 1681 ,

1946 438 2065 506 μὲν
2091 437 2251 507 ἀφῇς
2275 438 2482 504 αὐτοῖς
2530 436 2645 505 τὴν
2681 438 2993 507 ἁμαρτίαν,
3050 438 3217 507 ἄφες·
3248 442 3300 493 ει
3350 438 3523 509 δὲμὴ

1950 528 2129 597 ἀφῇς,
2156 529 2482 597 ἐξάλειψόν
2500 546 2577 598 με
2598 529 2665 582 ἐκ
2699 528 2808 597 τῆς
2832 530 3052 593 βίϐλου
3079 544 3215 594 σου,
3244 525 3320 599 ἧς
3355 529 3527 598 ἐγρα-

1950 620 2090 686 ψας.
2143 616 2280 669 Ἀλλ’
2303 617 2444 681 οὐδὲ,
2478 617 2576 681 τὰς
2606 617 2715 671 τῶν
2766 617 3057 689 προφητῶν
3106 635 3190 681 τις
3235 617 3526 688 λαμϐάνων

1950 705 2027 769 ὡς
2043 707 2147 759 ἴδια
2175 708 2417 779 ῥήματα,
2452 708 2727 779 μέμψαιτό
2747 725 2829 771 τις
2851 708 2883 778 ἢ
2902 707 3204 761 ἐπαινέσειε
3221 708 3431 771 τούτοις
3459 707 3528 761 τὰ

1951 797 2113 866 ὃμοια
2133 798 2469 870 πράξαντας,
2497 795 2578 864 οἷς
2610 798 2925 871 ἐμέμψαντο
2949 799 3042 851 καὶ
3093 798 3361 868 ἐπῄνεσαν
3383 801 3528 852 ἐκεῖ·

1952 907 2051 945 νοι·
2081 891 2203 944 ούδέ
2225 890 2304 957 τὸ,
2330 890 2419 961 Ζῇ
2437 893 2671 959 Κύριος,
2691 884 2740 957 ᾧ
2767 890 3078 959 παρέστην
3113 891 3369 944 ἐνώπιον
3422 892 3530 943 αὐ-

1950 982 2057 1036 τοῦ
2086 980 2372 1051 σήμερον,
2403 983 2709 1053 μιμήσηται
2739 981 2803 1035 ἄν
2860 998 2945 1044 τις
2971 983 3142 1033 εἰπεῖν
3171 982 3245 1044 ὡς
3282 981 3411 1034 ἴδιον
3442 981 3530 1032 λό-

1951 1081 2065 1133 γον.
2097 1064 2206 1117 Καὶ
2234 1063 2343 1134 γὰρ
2373 1064 2467 1117 καὶ
2497 1063 2524 1115 6
2552 1064 2892 1132 ἐντυγχάνων
2911 1065 3029 1125 ταῖς
3063 1062 3265 1131 βίϐλοις
3295 1063 3528 1135 φανερός

1952 1155 2069 1207 ἐστι
2123 1154 2197 1224 μὴ
2226 1154 2300 1218 ὡς
2328 1154 2508 1216 ἰδίους,
2537 1153 2672 1207 ἀλλὰ
2693 1152 2803 1207 τῶν
2825 1153 2993 1222 ἁγίων
3023 1154 3118 1207 καὶ
3142 1154 3248 1207 τῶν
3301 1154 3368 1207 δι’
3425 1156 3527 1206 αύ-

1952 1246 2061 1298 τῶν
2085 1245 2429 1317 δηλουμένων
2453 1245 2625 1315 λέγων
2650 1246 2776 1309 τοὺς
2798 1245 3007 1313 λόγους.
3032 1246 3171 1309 Τοὺς
3199 1245 3254 1298 δέ
3280 1262 3343 1314 γε
3377 1245 3529 1299 Ψαλ-

1958 1337 2109 1407 μοὺς,
2136 1336 2197 1388 τὸ
2224 1324 2545 1407 παράδοξον,
2578 1336 2716 1406 μετὰ
2741 1336 2838 1399 τὰς
2881 1337 3007 1406 περὶ
3039 1335 3130 1389 τοῦ
3159 1337 3404 1409 Σωτῆρος
3435 1336 3529 1390 καὶ

1954 1430 2063 1484 τῶν
2093 1430 2263 1483 ἐθνῶν
2288 1430 2622 1501 προφητείας
2654 1432 2682 1483 6
2705 1430 2876 1498 λέγων
2898 1429 2965 1482 τὰ
2989 1429 3123 1484 ἄλλα
3153 1429 3230 1493 ὡς
3288 1431 3393 1483 ῐδια
3431 1434 3527 1503 ῥή-

1959 1538 2104 1591 ματα
2154 1520 2330 1574 λαλῶν
2386 1522 2523 1583 ἐστι,
2579 1522 2673 1573 καὶ
2703 1521 2778 1584 ὡς
2828 1521 2955 1592 περὶ
2997 1520 3160 1574 αὑτοῦ
3219 1522 3530 1591 γραφέντας

1957 1612 2153 1675 αὐτοὺς
2179 1611 2409 1675 ἕκαστος
2432 1611 2643 1682 ψάλλει,
2670 1611 2764 1664 καὶ
2802 1613 2901 1682 οὐχ
2949 1612 3023 1676 ὡς
3064 1613 3249 1684 ἐτέρου
3282 1613 3531 1681 λέγοντος

285 1702 396 1757 Deo
438 1701 624 1758 refert.
675 1703 1025 1775 Nequaquam
1069 1705 1212 1760 enim
1260 1706 1351 1759 illa
1388 1720 1484 1760 ceu
1515 1705 1855 1775 patriarcha-

1959 1702 1990 1773 ἢ
2020 1703 2147 1773 περὶ
2170 1701 2354 1774 ἐτέρου
2390 1701 2743 1773 σημαίνοντος
2763 1702 2997 1772 δέχεται,
3026 1704 3120 1756 καὶ
3160 1702 3527 1774 διεξέρχεται·

284 1810 430 1859 rum,
483 1803 578 1849 aut
627 1794 849 1866 Moysis,
911 1797 1212 1852 aliorumve
1254 1797 1642 1868 prophetarum
1690 1798 1855 1852 verba

284 1900 552 1955 usurpare
588 1883 950 1940 reformidat:
1000 1885 1095 1941 sed
1139 1900 1304 1956 quam
1354 1885 1589 1939 maxime
1633 1894 1695 1939 ut
1730 1900 1857 1955 pro-

284 1977 401 2045 pria
434 1983 489 2030 et
520 1976 587 2031 de
638 1977 821 2047 seipso
850 1977 1051 2046 scripta
1094 1976 1212 2031 haec
1250 1976 1432 2031 dicere
1458 1975 1696 2046 psallens
1725 1991 1860 2031 con-

285 2066 423 2121 ﬁdit.
455 2063 590 2121 Nam
638 2066 841 2123 Psalmi
886 2078 994 2122 tam
1039 2068 1158 2138 ejus
1184 2067 1278 2138 qui
1323 2075 1591 2137 praecepta
1623 2068 1861 2124 servavit

284 2174 449 2227 quam
488 2159 609 2228 ejus
650 2160 746 2230 qui
786 2159 1175 2229 praevaricatus
1217 2167 1333 2224 est,
1375 2160 1661 2230 utriusque
1708 2169 1858 2230 gesta

288 2251 590 2305 continent.
633 2249 867 2306 Necesse
920 2260 1099 2307 autem
1151 2259 1236 2307 est
1281 2252 1531 2323 quemvis
1581 2252 1857 2307 hominem

286 2340 603 2395 alterutrius
644 2341 974 2397 conditionis
1021 2354 1179 2406 esse,
1233 2349 1398 2411 atque
1448 2342 1525 2397 ita
1572 2342 1739 2396 verba
1790 2339 1859 2396 de

286 2432 533 2503 utrisque
566 2433 744 2503 posita
774 2432 959 2504 loqui,
986 2432 1070 2488 vel
1108 2432 1157 2489 si
1180 2444 1446 2505 praecepta
1477 2433 1741 2499 servarit,
1772 2433 1858 2487 vel

286 2524 333 2577 si
363 2535 779 2596 praetergressus
808 2526 900 2582 sit.

1956 1792 2071 1848 ἀλλ’
2107 1792 2181 1857 ὡς
2214 1793 2375 1857 αὐτὸς
2402 1794 2530 1865 περὶ
2554 1793 2719 1848 αὐτοῦ
2759 1792 2934 1847 λαλῶν
2978 1792 3294 1847 διατίθεταιο
3324 1794 3419 1847 καὶ
3443 1790 3534 1848 οἷά

1956 1887 2164 1942 ἐστιτὰ
2193 1887 2481 1959 λεγόμενα,
2526 1885 2700 1941 ταῦτα
2753 1889 2829 1952 ὼς
2883 1887 3044 1952 αὐτὸς
3089 1887 3301 1959 πράξας
3335 1888 3430 1942 καὶ
3471 1887 3533 1953 ἐξ

1958 1978 2149 2033 ἑαυτοῦ
2178 1980 2355 2033 λαλῶν
2401 1981 2662 2052 ἀναφέρει
2687 1980 2763 2052 τῷ
2792 1979 2928 2051 Θεῷ.
2958 1979 3034 2035 Ού
3080 1980 3187 2052 γὰρ
3215 1980 3290 2044 ὡς
3329 1980 3398 2033 τὰ
3421 1978 3533 2033 τῶν

1960 2071 2314 2144 πατριαρχῶν
2341 2071 2578 2143 ῥήματα,
2615 2072 2708 2125 καὶ
2730 2071 3025 2135 Μωῠσέως,
3067 2072 3159 2125 καὶ
3205 2071 3314 2125 τῶν
3356 2071 3533 2126 ἄλλων

1959 2162 2275 2234 προφητῶν,
2322 2162 2747 2233 εὐλαϐηθήσεται
2793 2163 2887 2215 καὶ
2913 2160 3104 2215 ταῦτα’
3134 2161 3269 2215 ἀλλὰ
3304 2162 3396 2214 καὶ
3431 2162 3535 2233 μά-

1957 2253 2117 2308 λιστα
2148 2255 2224 2318 ὡς
2253 2255 2361 2309 ἴδια
2401 2255 2495 2308 καὶ
2525 2254 2653 2325 περὶ
2694 2253 2884 2307 ἐαυτοῦ
2912 2253 3191 2326 γραφέντα
3226 2253 3414 2327 θαρσεῖ
3442 2252 3533 2306 λέ-

1959 2361 2070 2413 γων
2100 2348 2129 2399 6
2159 2346 2376 2416 ψάλλων
2419 2346 2609 2400 ταῦτα.
2659 2346 2762 2399 Τὸν
2792 2345 2901 2417 γὰρ
2956 2345 3265 2415 φυλάξαντα
3298 2344 3396 2416 τὴν
3444 2347 3533 2398 ἐν-

1958 2434 2143 2506 τολὴν,
2201 2438 2294 2490 καὶ
2346 2436 2666 2507 παραϐάντα
2702 2435 2936 2506 ταύτην,
2994 2436 3095 2505 τήν
3156 2453 3216 2488 τε
3271 2436 3530 2506 ἐκατέρου

1963 2528 2161 2598 πρᾶξιν
2198 2528 2542 2600 περιέχουσιν
2596 2528 2645 2580 οἱ
2678 2526 2917 2598 Ψαλμοί.
2980 2527 3215 2598 Ἀνάγκη
3248 2526 3305 2581 δὲ
3350 2526 3534 2582 πάντα

283 2614 566 2689 ἄνθρωπον
591 2618 648 2669 ἐν
675 2616 887 2681 τούτοις
933 2616 1271 2688 συνέχεσθαι,
1319 2616 1471 2687 καὶῆ
1502 2615 1579 2681 ὡς
1604 2615 1914 2686 φυλάξαντα
1961 2620 2062 2691 τὴν
2105 2622 2342 2694 ἐντολὴν,
2383 2621 2417 2692 ἢ
2449 2620 2523 2684 ὡς
2582 2619 2902 2693 παραϐάντα
2930 2617 3153 2691 ταύτην,
3182 2618 3361 2688 λέγειν
3406 2619 3533 2683 τοὺς

285 2708 414 2779 περὶ
442 2708 671 2761 ἑκάστου
704 2707 1120 2779 γεγραμμένους
1139 2707 1347 2776 λόγους.

360 2798 449 2853 12.
481 2798 659 2868 Atque
684 2798 818 2852 mihi
839 2800 1057 2869 quidem
1081 2801 1317 2865 videtur,
1338 2799 1592 2870 psallenti
1613 2798 1863 2856 Psalmos

284 2907 409 2948 esse
444 2892 617 2947 instar
651 2891 876 2961 speculi,
906 2901 967 2947 ut
995 2901 1049 2948 et
1091 2894 1331 2963 seipsum
1372 2904 1424 2949 et
1459 2893 1664 2964 proprii
1694 2894 1861 2948 animi

2042 2801 2129 2873 ιβ’.
2156 2800 2267 2855 Καί
2299 2818 2389 2871 μοι
2436 2799 2582 2853 δοκεῖ
2618 2798 2696 2869 τῷ
2722 2797 2976 2869 ψάλλοντι
3025 2797 3271 2867 γίνεσθαι
3311 2796 3535 2861 τούτους

1967 2893 2153 2962 ὥσπερ
2181 2892 2484 2962 είσοπτρον,
2514 2890 2591 2953 είς
2616 2888 2676 2942 τὸ
2708 2890 2990 2942 κατανοεῖν
3027 2888 3122 2942 καὶ
3149 2887 3312 2941 αὐτὸν
3348 2890 3406 2943 ἐν
3438 2888 3537 2941 αὐ-

287 2993 470 3040 motus
514 2984 569 3038 in
611 2983 743 3053 ipsis
770 2984 1189 3054 contempletur,
1216 2993 1381 3056 atque
1412 2985 1487 3040 ita
1518 2985 1744 3041 alfectus
1768 2999 1857 3041 eos

1967 2983 2077 3045 τοῖς
2114 2982 2209 3034 καὶ
2233 2978 2304 3033 τὰ
2333 2981 2430 3051 τῆς
2464 2979 2657 3032 ἑαυτοῦ
2685 2979 2863 3050 ψυχῆς
2916 2980 3211 3050 κινήματα,
3240 2978 3335 3031 καὶ
3362 2978 3535 3043 οὕτως

285 3075 497 3128 recitet.
543 3070 755 3126 Etenim
802 3071 898 3141 qui
941 3070 1208 3140 legentem
1248 3072 1436 3136 audit,
1472 3072 1544 3125 ita
1586 3071 1857 3127 canticum

1965 3074 2284 3145 αἰσθόμενον
2333 3072 2696 3142 ἀπαγγέλλειν
2749 3072 2965 3135 αὺτούς.
3041 3073 3151 3126 Καὶ
3206 3071 3315 3143 γὰρ
3368 3072 3462 3125 καὶ⁹
3506 3074 3535 3125 6

288 3161 516 3231 suscipit
556 3176 621 3216 ac
650 3160 696 3216 si
724 3159 792 3215 de
822 3175 881 3214 se
922 3160 1193 3216 diceretur
1225 3180 1240 3216 :
1269 3170 1324 3218 et
1351 3162 1435 3217 vel
1468 3161 1686 3232 propria
1730 3176 1861 3216 con-

286 3256 464 3311 victus
507 3251 880 3316 conscientia,
924 3261 1287 3321 compunctus
1325 3252 1641 3326 resipiscet;
1671 3252 1757 3306 vel
1797 3252 1863 3306 de

288 3360 385 3415 spe
416 3345 469 3399 in
496 3343 666 3399 Deum
694 3343 925 3398 audiens
949 3344 1034 3398 vel
1074 3343 1140 3399 de
1166 3343 1370 3399 auxilio
1395 3344 1741 3399 credentibus
1763 3359 1860 3398 ex-

288 3438 481 3502 hibito,
533 3435 690 3505 quasi
732 3434 836 3489 sibi
882 3434 1245 3505 praeberetur,
1283 3434 1479 3505 gaudio
1525 3434 1860 3498 exsultabit,

285 3536 452 3597 atque
481 3527 684 3598 gratias
723 3524 835 3581 Deo
879 3541 1040 3597 agere
1070 3525 1311 3597 incipiet.
1354 3525 1491 3598 Cum
1538 3526 1723 3597 itaque
1752 3537 1863 3581 ter-

289 3618 424 3671 tium
472 3617 744 3688 psalmum
789 3616 1059 3687 quispiam
1108 3617 1287 3680 canit,
1346 3632 1475 3673 suas
1525 3618 1863 3688 perpendens

285 3723 560 3763 aerumnas
582 3748 596 3772 ,
628 3708 786 3778 quasi
825 3724 921 3763 sua
954 3717 1167 3779 reputat
1198 3709 1344 3765 illius
1374 3708 1537 3763 verba
1567 3726 1582 3776 ;
1640 3709 1863 3764 undeci-

292 3814 444 3853 mum
493 3814 622 3854 vero
673 3809 726 3853 et
754 3799 1027 3855 decimum
1058 3810 1271 3855 sextum
1304 3800 1461 3871 quasi
1495 3801 1548 3854 in
1584 3802 1859 3870 propriam

286 3890 541 3946 fiduciam
565 3898 618 3945 et
639 3891 941 3946 orationem
969 3893 1321 3962 pronuntiat;
1349 3893 1859 3964 quinquagesimum

286 3991 502 4048 autem,
547 3981 705 4053 quasi
739 3982 958 4053 propria
1006 3982 1338 4052 poenitentiae
1384 3998 1497 4038 sua:
1527 3983 1689 4037 verba
1738 3996 1863 4052 pro-

286 4073 412 4129 fert.
459 4073 596 4128 Cum
647 4087 777 4129 vero
824 4073 1009 4143 psallit
1045 4073 1558 4145 quinquagesimum
1605 4071 1862 4136 tertium,

286 4165 800 4234 quinquagesimum
830 4164 1105 4234 quintum,
1138 4164 1519 4229 centesimum,
1564 4162 1871 4247 quadrage:

290 4261 493 4316 simum
525 4259 786 4329 primum,
828 4274 938 4312 non
994 4257 1153 4328 quasi
1200 4257 1363 4323 alius,
1410 4257 1505 4312 sed
1550 4255 1709 4327 quasi
1748 4255 1864 4325 ipse

1962 3166 2173 3220 ἀκούων
2213 3165 2306 3219 τοῦ
2333 3163 2795 3235 ἀναγινώσκοντος
2838 3165 2913 3227 ὡς
2948 3165 3076 3237 περὶ
3119 3163 3281 3217 αὑτοῦ
3308 3163 3535 3233 λεγομέ-

1962 3277 2059 3330 νην
2093 3261 2191 3331 τὴν
2230 3260 2371 3331 ᾠδὴν
2393 3259 2765 3329 καταδέχεται*
2824 3260 2917 3313 καὶ
2970 3259 2999 3329 ἢ
3050 3257 3401 3329 ἐλεγχόμενος
3431 3257 3535 3310 ὑπὸ

1960 3352 2055 3405 τοῦ
2100 3352 2395 3415 συνειδότος
2425 3352 2747 3419 κατανυγεὶς
2808 3350 3146 3422 μετανοήσει,
3186 3350 3219 3420 ἢ
3268 3349 3395 3419 περὶ
3437 3348 3536 3419 τῆς

1961 3443 2041 3505 είς
2071 3441 2201 3495 Θεὸν
2234 3441 2446 3505 ἐλπίδος
2471 3441 2681 3496 ἀκούων
2708 3442 2799 3494 καὶ
2833 3441 2934 3512 τῆς
2967 3444 3048 3505 είς
3100 3442 3226 3505 τοὺς
3254 3439 3537 3494 πιστεύον-

1960 3552 2060 3599 τας
2092 3536 2382 3605 γινομένης
2410 3534 2767 3605 ἀντιλήψεως,
2800 3533 2875 3597 ὡς
2916 3534 2997 3597 εἰς
3044 3533 3206 3587 αὐτὸν
3237 3533 3535 3604 γενομένης

1961 3627 2216 3699 τοιαύτης
2264 3628 2482 3700 χάριτος
2532 3626 2872 3697 ἀγαλλιᾶται,
2913 3626 3007 3680 καὶ
3056 3625 3395 3697 εὐχαριστεῖν
3436 3623 3535 3695 ἄρ-

1962 3738 2117 3791 χεται
2145 3720 2223 3790 τῷ
2248 3718 2386 3790 Θεῷ.
2424 3720 2550 3772 Ὅτε
2575 3718 2705 3788 γοῦν
2751 3719 2843 3773 τὸν
2888 3717 3067 3788 τρίτον
3103 3717 3294 3787 ψάλλει
3337 3732 3423 3779 τις
3455 3717 3534 3775 είς

1960 3811 2061 3873 τὰς
2094 3810 2231 3874 ίδίας
2287 3810 2495 3880 θλίψεις
2521 3810 2781 3882 συνορῶν,
2823 3809 2898 3873 ὼς
2927 3808 3087 3863 αὐτοῦ
3139 3804 3280 3862 εἷναι
3325 3806 3532 3877 νομίζει

1962 3901 2032 3954 τὰ
2058 3903 2116 3954 ἐν
2145 3900 2223 3972 τῷ
2271 3901 2473 3973 ψαλμῷ
2500 3904 2739 3974 ῥήματα·
2785 3901 2880 3955 καλ⁸
2920 3900 3040 3953 τότε
3078 3900 3168 3953 τὸν
3221 3905 3285 3952 ια’
3326 3897 3531 3951 καὶτὸν

1964 4000 2039 4058 ις’
2071 3994 2148 4057 ὡς
2177 3995 2257 4058 είς
2294 3995 2394 4066 τὴν
2423 3994 2559 4048 ἰδίαν
2586 3993 2909 4065 πεποίθησιν
2930 3992 3025 4045 καὶ
3052 3991 3359 4063 προσευχήν
3385 3990 3531 4041 ἐστιν

1963 4083 2342 4153 ἀπαγγέλλωψ
2369 4086 2464 4138 καὶ
2488 4086 2579 4139 τὸν
2631 4085 2728 4155 μὲν
2769 4092 2811 4138 ν’
2854 4083 3069 4155 ψαλμὸν
3108 4083 3184 4147 ὡς
3215 4081 3377 4144 αὑτός
3415 4082 3530 4132 ἐστι

1962 4173 2030 4227 τὰ
2060 4174 2168 4228 ἴδια
2194 4173 2294 4244 τῆς
2321 4173 2608 4245 μετανοίας
2637 4172 2831 4228 ἑαυτοῦ
2874 4174 3043 4243 λέγων
3084 4174 3319 4245 ῥήματα·
3349 4168 3440 4222 τὸν
3476 4167 3531 4221 δέ

1963 4270 2065 4332 νγύ
2106 4263 2200 4316 καὶ
2227 4263 2320 4316 τὸν
2349 4270 2441 4328 νε’,
2473 4263 2567 4317 καὶ
2595 4262 2685 4316 τὸν
2723 4270 2831 4329 νς·’,
2859 4262 2953 4317 καὶ
2979 4262 3069 4317 τὸν
3112 4260 3260 4333 ρμα’,
3283 4261 3370 4314 ὅτε
3398 4258 3533 4329 ψάλ-

288 4352 720 4422 persecutionem
773 4358 1071 4420 pateretur,
1118 4349 1198 4404 sic
1240 4347 1503 4414 afﬁcitur,
1535 4355 1590 4402 et
1626 4347 1707 4402 sic
1755 4347 1857 4400 ista

1962 4353 2043 4407 λει
2105 4371 2210 4421 τις,
2243 4354 2342 4425 οὐχ
2400 4356 2475 4417 ὡς
2514 4354 2675 4408 ἄλλου
2733 4354 3081 4425 διωκομένου,
3130 4353 3243 4406 ἀλλ’
3284 4351 3360 4415 ὡς
3402 4349 3477 4403 ὢν
3506 4351 3535 4404 6

288 4444 491 4508 verba,
538 4442 696 4513 quasi
738 4442 960 4513 propria
1003 4439 1131 4506 sibi,
1187 4442 1292 4496 Deo
1335 4440 1501 4495 canit.
1534 4441 1612 4497 Ac
1639 4441 1857 4496 demum

1968 4446 2192 4516 πάσχων
2233 4446 2643 4512 συνδιατίθεται,
2684 4446 2779 4499 καὶ
2807 4445 2921 4517 ᾄδει
2944 4444 3020 4515 τῷ
3050 4444 3241 4515 Κυρίῳ
3272 4443 3348 4507 ὡς
3372 4442 3534 4505 ἰδίους

288 4537 523 4607 quisque
558 4534 803 4605 psalmus
843 4534 917 4588 ita
953 4548 984 4588 a
1014 4532 1221 4605 Spiritu
1252 4532 1486 4589 dictatus
1517 4543 1679 4604 atque
1711 4548 1857 4588 com-

1966 4539 2091 4600 τοὺς
2111 4536 2303 4606 λόγους
2349 4536 2591 4600 τούτους.
2632 4536 2740 4589 Καὶ
2766 4536 2900 4599 ὅλως
2937 4535 3105 4597 οὕτως
3136 4534 3366 4596 ἕκαστος
3393 4532 3532 4601 ψαλ-

287 4623 503 4692 positus
532 4632 636 4687 est,
665 4630 726 4676 ut
755 4623 808 4676 in
839 4636 905 4677 eo
927 4661 944 4687 ,
971 4620 1431 4692 quemadmodum
1465 4637 1631 4693 supra
1655 4622 1857 4679 dictum

1972 4629 2070 4700 μὸς
2103 4628 2255 4700 παρὰ
2289 4628 2382 4684 τοῦ
2436 4628 2750 4699 Πνεύματος
2809 4626 3020 4698 εἴρηταί
3076 4643 3137 4678 τε
3190 4625 3286 4680 καὶ
3345 4623 3533 4677 συντέ-

289 4724 393 4781 o‘st,
427 4713 598 4768 animi
625 4712 803 4768 nostri
826 4722 1009 4769 motus
1034 4711 1532 4783 deprehendantur,
1563 4728 1857 4786 omnesque

1969 4738 2188 4784 τακται,
2225 4720 2301 4785 ὡς
2359 4721 2418 4773 ἐν
2464 4720 2667 4782 αὐτοῖς,
2704 4716 2846 4771 καθὰ
2890 4716 3153 4787 πρότερον
3184 4716 3421 4786 εἴρηται,
3464 4711 3535 4765 τὰ

287 4808 445 4880 quasi
476 4810 543 4864 de
570 4809 730 4865 nobis
750 4807 947 4879 prolati
972 4817 1026 4863 et
1051 4807 1196 4863 velut
1218 4808 1375 4863 nobis
1403 4807 1606 4878 proprii
1636 4808 1765 4875 sint,
1793 4806 1857 4862 ad

1968 4811 2246 4881 κινήματα
2293 4810 2391 4880 τῆς
2422 4809 2600 4879 ψυχῆς
2646 4806 2799 4879 ἡμῶν
2821 4804 3223 4869 κατανοεῖσθαι,
3257 4805 3351 4858 καὶ
3398 4803 3534 4856 πάν-

290 4901 724 4959 recordationem
764 4911 1011 4956 motuum
1062 4910 1379 4957 nostrorum
1410 4912 1462 4956 et
1507 4901 1576 4956 ad
1615 4902 1740 4955 vita:
1766 4917 1857 4955 no-

1962 4919 2061 4965 τας
2094 4901 2290 4965 αὐτοὺς
2317 4901 2393 4965 ὡς
2415 4903 2543 4972 περὶ
2572 4900 2727 4972 ἡμῶν
2776 4899 3046 4973 εἰρῆσθαι,
3080 4898 3175 4951 καὶ
3196 4893 3334 4949 εἶναι
3375 4894 3533 4964 ἡμῶν

290 5004 418 5049 strae
448 4992 904 5050 emendationem.
925 4990 1057 5058 Quae
1086 4992 1232 5046 enim
1265 4992 1557 5061 psallentes
1589 4991 1857 5058 dixerunt,

1963 4992 2159 5055 αὐτοὺς
2183 4992 2259 5054 ὼς
2292 4991 2454 5055 ἰδίους
2476 4992 2688 5058 λόγους,
2721 4992 2799 5053 εἰς
2826 4989 3127 5060 ἀνάμνησιν
3184 4985 3292 5039 τῶν
3321 4985 3377 5036 ἐν
3403 4985 3533 5054 ἡμῖν

292 5085 407 5140 haec
434 5098 534 5156 pro
564 5082 741 5138 forma
772 5083 929 5139 nobis
958 5099 1080 5139 esse
1110 5092 1358 5153 possunt.

1962 5083 2275 5154 κινημάτων
2336 5082 2429 5135 καὶ
2477 5082 2759 5154 διόρθωσιν
2800 5081 2901 5152 τῆς
2930 5079 3087 5150 ἡμῶν
3136 5076 3430 5139 πολιτείας.
3466 5076 3534 5135 Ἃ

1961 5176 2068 5247 γὰρ
2100 5177 2148 5229 οἱ
2173 5174 2461 5245 ψάλλοντες
2517 5177 2790 5245 εἰρήκασι,
2824 5173 2995 5227 ταῦτα
3032 5171 3127 5225 καὶ
3164 5168 3322 5241 ἡμῶν
3342 5167 3532 5222 δύναν-

1964 5284 2052 5321 ται
2080 5267 2239 5320 τύποι
2265 5268 2357 5320 καὶ
2382 5267 2725 5344 χαρακτῆρες
2748 5263 2901 5320 εῖναι.

363 5365 452 5420 15.
536 5361 663 5419 llzec
711 5377 877 5434 porro
911 5375 1106 5416 rursus
1159 5360 1330 5430 gratia
1377 5368 1461 5415 est
1518 5358 1856 5422 Salvatoris;

2042 5365 2129 5427 ιγ’.
2160 5357 2306 5430 Αὕτη
2338 5359 2393 5411 δὲ
2446 5358 2605 5411 πάλιν
2654 5356 2747 5410 τοῦ
2789 5354 3038 5427 Σωτῆρός
3091 5354 3238 5406 ἐστιν
3289 5350 3530 5422 ήχάρις·

292 5456 459 5516 homo
513 5456 711 5527 quippe
755 5464 979 5524 propter
1039 5466 1141 5507 nos
1177 5450 1375 5514 factus,
1402 5449 1684 5520 proprium
1738 5464 1857 5504 cor-

1971 5449 2257 5522 ἄνθρωπος
2288 5450 2397 5522 γὰρ
2432 5450 2500 5504 δι’
2530 5451 2676 5521 ἡμᾶς
2727 5448 3034 5518 γενόμενος,
3074 5444 3135 5498 τὸ
3170 5443 3270 5514 μὲν
3295 5441 3452 5513 σῶμα
3476 5440 3535 5493 τὸ

292 5564 395 5618 pus
445 5563 544 5618 pro
610 5545 768 5601 nobis
820 5547 874 5600 in
923 5542 1428 5606 mortem-obtulit,
1468 5550 1531 5596 ut
1581 5556 1774 5596 omnes
1830 5555 1857 5593 a

1973 5544 2100 5595 ἴδιον
2131 5542 2271 5613 ὑπὲρ
2300 5542 2455 5612 ἡμῶν
2480 5541 2851 5613 προσήνεγκεν
2902 5540 2981 5601 είς
3012 5537 3257 5597 θάνατον,
3289 5532 3376 5585 ἵνα
3404 5531 3535 5584 πάν-

292 5647 466 5695 morte
538 5638 847 5693 redimeret.
915 5634 1057 5701 Quin
1104 5642 1155 5688 et
1201 5634 1476 5688 C(elcstem
1540 5631 1857 5702 probatissi-

1970 5652 2067 5699 τας
2121 5634 2403 5704 ἀπαλλάξῃ
2453 5633 2543 5688 τοῦ
2579 5633 2827 5687 θανάτου·
2882 5629 2979 5702 τὴν
3026 5628 3084 5682 δὲ
3150 5624 3394 5700 οὐράνιον
3443 5621 3534 5677 καὶ
