3874 6218
186 313 263 377 ἳῦ
1328 328 1668 388 EPISTOLA
1706 332 1799 387 AD
1840 332 2365 392 MARCELLINUM.
3382 341 3454 396 26

186 445 487 516 εὐάρεστον
515 443 709 499 ἑαυτοῦ
761 445 1035 501 πολιτείαν
1069 448 1239 517 δεῖξαι
1293 451 1464 506 θέλων
1504 454 1659 525 ἡμῖν,
1715 468 1772 509 εν

1887 473 2131 530 mamque
2184 476 2342 516 suam
2399 460 2618 516 vivendi
2679 461 2949 516 rationem
3013 460 3173 517 nobis
3198 460 3456 519 exhibere

189 536 370 608 ὲαυτῳ
398 536 603 607 ταύτην
649 536 949 605 ὲτύπωσεν,
988 540 1131 612 ὑπὲρ
1152 542 1246 595 τοῦ
1284 545 1482 616 μηκέτι
1516 546 1671 611 τινὰς
1695 548 1779 600 εὐ-

189 626 369 698 χερῶς
392 626 704 684 ἀπατᾶσθαι
739 629 890 700 παρὰ
928 628 1023 683 τοῦ
1072 632 1291 704 ὲχθροῦ,
1340 635 1566 706 ἔχοντας
1595 640 1779 709 ἐνέχυ-

192 735 287 789 ρον
310 717 446 790 πρὸς
474 719 793 788 ἀσφάλειαν,
826 721 925 792 τὴν
956 726 1085 796 παρ’
1113 724 1278 778 αὐτοῦ
1317 729 1614 800 γενομένην
1637 731 1778 803 ὑπὲρ

190 808 349 878 ἡμῶν
376 810 516 864 κατά
548 810 640 864 τοῦ
685 812 933 866 διαϐόλου
963 814 1141 888 νίκην.
1194 816 1293 870 Διὰ
1353 819 1510 873 τοῦτο
1534 821 1665 890 γοῦν
1715 823 1775 876 οὐ

194 900 356 969 μόνον
387 901 645 968 ἐδίδαξεν,
679 903 816 957 ἀλλὰ
846 905 942 957 καλ¹
993 906 1292 978 πεποίηκεν
1324 908 1359 963 ἃ
1397 911 1653 977 ἐδίδαξεν,
1690 904 1777 967 ἵνα

190 987 423 1053 ἕκαστος
454 990 626 1063 ἀκούῃ
658 992 756 1063 μὲν
784 992 948 1047 αὐτοῦ
999 994 1308 1062 λαλοῦντος,
1360 1001 1437 1064 ὡς
1462 1002 1551 1055 ’ὲν
1607 1004 1776 1058 εἰκόνι

190 1082 249 1135 δὲ
284 1081 500 1152 βλέπων
545 1082 798 1157 λαμϐάνῃ
818 1086 949 1158 παρ’
985 1087 1151 1142 αὐτοῦ
1185 1089 1246 1143 τὸ
1304 1092 1655 1165 παράδειγμα
1682 1095 1775 1150 τοῦ

192 1175 387 1236 ποιεῖν,
412 1173 645 1227 ἁκούων·
668 1175 900 1231 Μάθετε
960 1178 1063 1233 ἀπ’
1090 1180 1260 1249 ἐμοῦ,
1310 1181 1401 1237 ὅτι
1445 1188 1636 1252 πραΰς
1659 1190 1777 1257 εἰμι

192 1266 291 1319 καὶ
324 1268 605 1335 ταπεινὸς
630 1267 706 1337 τῇ
756 1270 989 1338 καρδίᾳ.
1039 1271 1392 1347 Τελειοτέραν
1431 1276 1488 1330 δὲ
1544 1279 1638 1331 καὶ
1695 1279 1777 1343 είς

190 1360 397 1432 ἀρετὴν
437 1361 787 1416 διδασκαλίαν
814 1364 917 1416 οὐκ
964 1363 1029 1418 ἄν
1089 1380 1172 1429 τις
1206 1363 1379 1438 εὖροι,
1407 1362 1477 1441 ἧς
1504 1370 1532 1422 6
1570 1369 1775 1443 Κύριος

192 1448 472 1506 ἐτύπωσεν
503 1454 560 1504 ἐν
580 1452 779 1524 ἐαυτῷ.
815 1454 938 1507 Εἴτε
964 1454 1072 1527 γὰρ
1102 1456 1475 1523 ἀνεξικακίαν,
1515 1459 1624 1513 εἴτε
1656 1460 1775 1530 φιλ-

190 1543 528 1614 ανθρωπίαν,
600 1546 713 1599 εἴτε
768 1548 1103 1616 ἁγαθότητα,
1170 1550 1283 1603 εἴτε
1359 1551 1598 1623 ἀνδρίαν,
1664 1554 1773 1607 εἴτε

188 1636 583 1709 ἐλεημοσύνην,
623 1637 734 1691 εἴτε
780 1639 1151 1712 δικαιοσύνην,
1188 1642 1363 1697 πάντα
1396 1645 1453 1696 ὲν
1497 1641 1644 1716 αὐτῷ
1687 1664 1772 1711 τις

188 1731 413 1802 εὑρήσει
453 1732 741 1802 γενόμενα,
765 1731 906 1786 ὥστε
935 1733 1105 1805 μηδὲν
1130 1737 1210 1800 είς
1230 1736 1429 1809 ἀρετὴν
1470 1737 1674 1792 λείπειν
1691 1736 1770 1810 τῷ

190 1823 546 1877 κατανοοῦντι
574 1824 667 1877 τὸν
697 1823 1040 1894 ἀνθρώπινον
1076 1825 1189 1897 βίον
1223 1807 1430 1886 τοῦτον.
1463 1829 1633 1884 Τοῦτο
1660 1807 1768 1903 γὰρ
1800 1807 1842 1864 Β

188 1914 448 1978 ὁΠαῦλος
476 1913 633 1979 εἰδὼς
671 1914 842 1985 ἑλειγεο
887 1920 1146 1987 Munna!
1158 1937 1278 1988 μου
1314 1921 1574 1989 γίνεσθε,
1632 1926 1771 1979 καθ-

191 2006 275 2072 ὼς
337 2006 502 2076 κάγὼ
528 2004 807 2075 Χριστοῦ,
829 2006 892 2062 Ol
928 2009 1028 2081 μὲν
1061 2013 1194 2083 παρ’
1231 2012 1455 2085 Ἕλλησι
1482 2015 1770 2085 νομοθέται

188 2098 318 2171 ἄχρι
351 2096 447 2151 τοῦ
476 2099 656 2169 λέγειν
700 2100 882 2170 ἔχουσι
910 2100 1009 2173 τὴν
1048 2103 1229 2174 χάριν·
1265 2104 1293 2156 6
1317 2104 1374 2158 δὲ
1412 2105 1635 2177 Κύριος,
1696 2106 1771 2170 ὼς

186 2188 409 2260 ἀληθῶς
436 2190 643 2262 Κύριος
688 2190 763 2243 ὢν
809 2189 902 2245 τοῦ
954 2193 1176 2257 παντὸς,
1207 2194 1301 2248 καὶ
1353 2196 1649 2268 κηδόμενος
1697 2191 1772 2255 ὧν

187 2283 505 2353 εἰργάσατο,
534 2284 596 2336 06
631 2284 789 2355 μόνον
816 2285 1113 2356 νομοθετεῖ,
1147 2286 1282 2340 ἀλλὰ
1312 2288 1407 2343 καὶ
1447 2289 1615 2344 τύπον
1648 2293 1773 2345 ἑαυ-

187 2374 281 2427 τὸν
315 2374 568 2439 δέδωκεν,
594 2377 673 2439 είς
694 2376 754 2429 τὸ
777 2376 976 2431 εἰδέναι
996 2379 1123 2442 τοὺς
1150 2378 1509 2451 βουλομένους
1553 2380 1652 2454 τὴν
1678 2382 1771 2437 τοῦ

190 2469 369 2521 ποιεῖν
394 2466 643 2539 δύναμιν.
669 2467 767 2522 Διὰ
799 2467 955 2522 τοῦτο
976 2468 1109 2538 γοῦν
1143 2472 1237 2524 καὶ
1262 2472 1367 2542 πρὸ
1388 2472 1487 2545 τῆς
1518 2474 1598 2537 εἰς
1628 2475 1775 2545 ἡμᾶς

188 2557 357 2611 αὲτοῦ
414 2558 710 2629 ἐπιδημίας
762 2560 996 2631 ὲνήχησε
1060 2560 1155 2614 καὶ
1222 2563 1280 2615 ὲν
1338 2565 1453 2626 τοῖς
1513 2563 1774 2634 ψάλλουσι

185 2650 369 2716 τοῦτο,
399 2651 466 2704 ἶν’
493 2650 682 2722 ὥσπερ
718 2653 776 2705 ὲν
826 2652 975 2723 αὐτῷ
1000 2654 1091 2707 τὸν
1118 2653 1355 2723 ἐπίγειον
1389 2656 1482 2709 καὶ
1524 2656 1773 2727 οὐράνιον

187 2743 476 2814 ἄνθρωπον
501 2743 687 2797 τυπῶν
713 2743 933 2810 ἔδειξεν,
961 2744 1107 2799 οὕτω
1150 2747 1243 2799 καλ⁸
1271 2748 1337 2801 ἐκ
1386 2747 1496 2802 τῶν
1525 2748 1773 2820 Ψαλμῶν

186 2837 255 2891 τὲι
301 2838 579 2908 κινήματα
630 2838 721 2891 καλ⁵
747 2837 844 2901 τὰς
872 2838 1138 2902 διαθέσεις
1162 2839 1272 2892 τῶν
1298 2838 1483 2910 ψυχῶν
1533 2841 1560 2893 6
1590 2840 1775 2911 βουλό-

191 2947 355 3001 μενος
404 2931 741 3000 καταμαθεῖν
812 2929 1072 3001 δύνηται,
1138 2931 1408 3003 εὑρίσκων
1479 2934 1537 2985 ἐν
1590 2931 1775 2996 αὐτοῖς

187 3025 283 3078 καὶ
362 3024 462 3095 τὴν
522 3022 753 3077 ἑκάστου
820 3014 1129 3095 κινήματος
1194 3022 1493 3095 θεραπείαν
1561 3041 1621 3077 τε
1677 3024 1775 3079 καὶ

185 3114 495 3187 διόρθωσιν.

264 3207 344 3260 ιδ’.
374 3206 439 3259 El
478 3204 589 3275 γὰρ
619 3206 700 3258 δεῖ
733 3205 825 3258 καὶ
865 3203 1231 3276 πιθανώτερον
1262 3206 1456 3269 εἰπεῖν,
1501 3204 1652 3260 πᾶσα
1680 3204 1777 3277 μὲν

189 3301 223 3370 ἡ
253 3299 377 3352 θεία
410 3298 601 3369 Γραφὴ
636 3297 953 3361 διδάσκαλός
989 3298 1135 3352 ἐστιν
1186 3297 1388 3369 ἀρετῆς
1418 3297 1513 3351 καὶ
1544 3298 1779 3362 πίστεως

189 3386 446 3458 ἀληθοῦς·
480 3387 514 3458 ἡ
573 3386 629 3440 δέ
658 3404 721 3456 γε
755 3386 936 3457 βίϐλος
964 3385 1072 3440 τῶν
1100 3385 1347 3458 Ψαλμῶν
1399 3386 1510 3458 ἔχει
1542 3386 1639 3441 καλ⁸
1680 3386 1781 3458 τὴν

189 3480 379 3534 εἰκόνα
410 3497 532 3543 πως
558 3482 657 3550 τῆς
710 3479 987 3550 διαγωγῆς
1027 3477 1136 3533 τῶν
1167 3477 1377 3549 ψυχῶν.
1446 3479 1533 3542 Ὧς
1584 3478 1694 3552 γὰρ
1752 3482 1781 3533 6

192 3571 575 3644 εἰσερχόμενος
600 3570 737 3642 πρὸς
778 3570 1004 3641 βασιλέα
1046 3570 1309 3624 τυποῦται
1370 3571 1465 3624 καὶ
1512 3570 1588 3642 τῷ
1650 3572 1781 3643 σχή-

196 3682 325 3734 ματι
354 3665 449 3717 καὶ
478 3667 589 3728 τοῖς
621 3664 884 3735 ῥήμασιν,
919 3664 1007 3717 ἴνα
1053 3663 1149 3735 μὴ,
1193 3664 1343 3736 παρὰ
1370 3662 1539 3717 ταῦτα
1584 3664 1778 3733 λέγων,

191 3758 269 3819 ('0;
322 3754 647 3819 ἀπαίδευτος
702 3753 964 3827 ἐκϐληθῇ·
1008 3753 1181 3819 οὕτως
1230 3757 1263 3827 ἠ
1310 3755 1431 3809 θεία
1461 3753 1642 3825 βίϐλος
1688 3754 1779 3807 τὸν

190 3850 281 3901 ἐπ’
308 3848 476 3919 ἀρετῇ
508 3845 773 3917 τρέχοντα
799 3845 890 3899 καὶ
927 3844 1251 3917 βουλόμενον
1306 3845 1638 3916 κατανοῆσαι
1680 3844 1780 3914 τὴν

190 3940 290 3993 τοῦ
335 3940 585 4010 Σωτῆρος
634 3940 691 3992 ὲν
765 3937 978 4010 σώματι
1045 3938 1323 3992 πολιτείαν
1375 3938 1781 4009 ὑπομιμνήσκει

192 4033 413 4105 πρῶτον
440 4032 527 4086 διὰ
554 4033 654 4104 τῆς
698 4030 1059 4101 ἀναγνώσεως
1112 4031 1180 4085 τὰ
1214 4031 1499 4102 κινήματα
1527 4031 1629 4100 τῆς
1672 4030 1779 4099 ψυ-

192 4125 320 4196 χῆς,
352 4125 449 4177 καὶ
479 4122 621 4177 οὕτω
644 4124 829 4176 λοιπὸν
849 4124 1013 4175 τυποῖ
1033 4122 1127 4175 καὶ
1178 4121 1418 4175 διδάσκει
1452 4122 1579 4183 τοὺς
1603 4121 1782 4190 ἐντυγ-

192 4218 463 4288 χάνοντας
502 4218 614 4279 τοῖς
674 4213 935 4277 τοιούτοις
991 4213 1190 4283 λόγοις.
1235 4214 1357 4266 Εἰσὶ
1407 4212 1507 4284 μὲν
1548 4208 1660 4278 οῦν,
1695 4213 1779 4266 ἵνα

191 4306 356 4361 τοῦτο
388 4305 604 4378 πρῶτόν
633 4323 715 4369 τις
736 4306 833 4376 τῆς
874 4303 1053 4375 βίϐλου
1081 4304 1560 4375 παρατηρήσηται,
1597 4305 1647 4356 0i
1681 4303 1779 4374 μὲν

192 4402 252 4453 ἑν
289 4399 589 4470 διηγήματι
643 4396 959 4467 λεγόμενοι,
1016 4394 1066 4448 οί
1117 4394 1174 4447 δὲ
1226 4396 1284 4448 ἐν
1329 4393 1669 4465 παραινέσει,
1726 4394 1776 4446 οί

1880 548 2102 613 volens,
2161 550 2215 604 in
2278 551 2573 620 semetipso
2640 552 2792 606 illam
2847 553 3152 622 expressit,
3210 568 3279 607 ne
3329 553 3456 624 quis

1878 648 2070 710 postea
2096 640 2165 695 ab
2198 640 2424 699 inimico
2458 641 2617 698 facile
2670 644 3047 714 deciperetur,
3089 659 3214 698 cum
3252 644 3319 698 ad
3368 659 3455 698 sev

1878 732 2167 788 curitatem
2205 733 2404 803 pignus
2429 735 2647 800 habeat,
2698 748 2893 806 nempe
2949 735 3236 789 victoriam
3288 750 3452 805 quam

1877 822 1993 891 ipse
2032 823 2099 878 de
2146 824 2362 880 diabolo
2396 841 2496 895 pro
2552 827 2711 882 nobis
2743 827 3064 897 reportavit.
3112 825 3457 897 QuaprOpter

1878 931 1985 969 non
2028 916 2203 970 solum
2261 917 2467 986 docuit,
2520 920 2614 974 sed
2669 928 2724 974 et
2770 919 2899 975 fecit
2961 936 3084 991 quae
3137 919 3347 985 docuit,
3395 928 3457 974 ut

1879 1010 2258 1081 unusquisque
2311 1012 2499 1066 audiat
2529 1012 2747 1083 quidem
2780 1013 2959 1083 ipsum
3006 1014 3345 1084 loquentem,
3374 1012 3455 1067 si-

1877 1102 2100 1172 mulque
2122 1107 2135 1138 ’-
2162 1103 2216 1157 in
2267 1103 2419 1158 illum
2471 1105 2626 1174 quasi
2680 1105 2733 1159 in
2782 1105 3073 1175 imaginem
3128 1104 3453 1175 respiciens,

1876 1192 2186 1263 exemplum
2228 1194 2419 1265 agendi
2480 1196 2549 1250 ab
2600 1196 2718 1266 ipso
2775 1198 3029 1267 accipiat,
3064 1197 3193 1252 dum
3249 1196 3401 1252 audit
3429 1215 3452 1252 '.

1878 1278 2079 1337 Discite
2108 1301 2139 1338 a
2165 1302 2262 1349 me,
2284 1287 2410 1357 quia
2431 1288 2577 1341 mitis
2602 1304 2719 1341 sum
2748 1298 2795 1341 et
2819 1288 3035 1341 humilis
3054 1289 3209 1342 corde
3241 1288 3305 1343 ‘7.
3325 1288 3455 1343 Per-

1876 1372 2156 1430 fectiorem
2184 1393 2348 1446 porro
2403 1379 2620 1434 virtutis
2652 1379 2957 1434 doctrinam
2998 1396 3158 1435 nemo
3183 1379 3454 1435 invenerit

1874 1481 1938 1521 ea
1966 1482 2130 1537 quam
2159 1468 2421 1527 Dominus
2453 1472 2722 1542 expressit
2746 1472 2799 1527 in
2830 1473 3142 1543 semetipso.
3174 1471 3309 1528 Nam
3338 1473 3454 1529 sive

1876 1557 2204 1626 iniuriarum
2265 1561 2637 1626 tolerantiam,
2706 1564 2823 1619 sive
2877 1564 3292 1632 humanitatem,
3338 1565 3453 1620 sive

1875 1648 2243 1719 clementiam,
2272 1652 2386 1708 sive
2408 1652 2806 1718 fortitudinem,
2838 1655 2955 1710 sive
2993 1655 3449 1721 misericordiam,

1878 1738 1992 1793 sive
2017 1738 2285 1809 justitiam
2316 1752 2560 1812 spectes,
2592 1744 2846 1798 omniain
2893 1744 3013 1814 ipso
3046 1754 3263 1813 peracta
3298 1760 3453 1815 repe-

1877 1827 2008 1892 ries,
2041 1829 2177 1884 adeo
2204 1840 2263 1885 ut
2286 1832 2419 1886 nihil
2445 1833 2495 1886 ei
2517 1832 2583 1887 ad
2635 1835 2893 1889 virtutem
2929 1834 3092 1901 desit,
3128 1836 3223 1905 qui
3257 1835 3453 1890 humao

1876 1936 2003 1976 nam
2059 1921 2275 1977 Domini
2298 1924 2464 1977 vitam
2494 1926 2896 1995 contemplatus
2919 1924 3103 1983 fuerit.
3135 1925 3291 1993 Quod
3324 1942 3450 1983 cum

1880 2024 2069 2069 nosset
2102 2013 2310 2069 Paulus
2356 2015 2430 2069 ait
2462 2034 2474 2069 :
2505 2013 2813 2072 Imitatores
2853 2019 2955 2072 mei
2992 2028 3173 2081 estote,
3220 2019 3355 2071 sicut
3401 2026 3452 2072 et

1876 2121 1970 2176 ego
2002 2102 2204 2160 Christi
2235 2106 2299 2160 ¹⁸.
2325 2105 2642 2163 Graecorum
2669 2109 2939 2179 siquidem
2975 2111 3315 2181 legislatorcs
3333 2125 3454 2165 ver-

1878 2198 2075 2253 borum
2103 2200 2446 2255 solumtenus
2477 2202 2705 2271 gratiam
2757 2202 2994 2271 habent;
3049 2201 3312 2257 Dominus
3348 2218 3451 2256 au-

1877 2296 2009 2354 tem,
2052 2296 2113 2343 ut
2140 2304 2329 2343 revera
2385 2289 2631 2343 omnium
2676 2290 2966 2357 Dominus,
3006 2292 3097 2361 qui
3134 2307 3234 2346 sua
3296 2298 3455 2345 curat

1878 2395 2065 2449 opera,
2102 2395 2213 2435 non
2249 2381 2413 2436 modo
2446 2381 2595 2452 leges
2645 2382 2913 2449 condidit,
2942 2383 3037 2438 sed
3093 2381 3452 2451 semetipsum

1878 2466 2156 2535 exemplar
2190 2468 2434 2533 tradidit,
2464 2478 2525 2522 ut
2575 2469 2670 2539 qui
2710 2470 3005 2535 voluerint,
3049 2471 3245 2540 agendi
3286 2471 3455 2525 ratio-

1878 2572 2002 2611 nem
2028 2567 2214 2612 notam
2247 2558 2506 2614 habeant.
2546 2558 2892 2630 Quapropter
2934 2561 3229 2615 anteillius
3256 2559 3311 2613 in
3352 2575 3454 2615 nos

1878 2651 2194 2719 adventum,
2241 2651 2481 2723 idipsum
2519 2653 2573 2707 in
2610 2652 2843 2729 Psalmis
2870 2653 3136 2719 insonuit,
3182 2661 3455 2722 utquem-

1878 2743 2171 2799 admodum
2205 2743 2258 2798 in
2295 2746 2590 2816 semetipso
2642 2755 2919 2801 terrenum
2960 2753 3015 2800 et
3043 2745 3317 2800 caelestem
3348 2744 3452 2799 ho-

1878 2835 2082 2891 minem
2122 2837 2391 2903 exhibuit,
2427 2838 2507 2893 sic
2532 2854 2599 2893 ex
2635 2838 2867 2895 Psalmis
2897 2846 3081 2893 motus
3112 2836 3456 2892 affectiones-

1879 2944 1986 3000 que
2015 2930 2327 2985 animorum
2357 2932 2451 2999 qui
2478 2932 2713 2987 voluerit
2742 2932 3049 3002 perdiscere
3077 2930 3293 2996 valeat,
3328 2944 3453 2985 eum

1881 3021 1935 3076 in
1961 3020 2093 3091 ipsis
2125 3022 2395 3092 cujusque
2418 3031 2601 3078 motus
2625 3024 2968 3078 curationem
2996 3022 3459 3077 emendationem-

1834 3160 1849 3182 _
1880 3126 1987 3182 que
2018 3111 2278 3166 inveniat.

1949 3206 2037 3261 14.
2089 3206 2296 3274 Quodsi
2349 3206 2553 3277 aliquid
2615 3207 2685 3261 ad
2756 3206 3194 3276 persuadendum
3273 3204 3459 3275 aptius

1880 3295 2030 3366 loqui
2061 3297 2385 3368 oportuerit,
2450 3298 2633 3352 omnis
2678 3297 2899 3367 quidem
2965 3296 3250 3365 Scriptura
3300 3309 3455 3349 sacra

1879 3389 2099 3445 virtutis
2154 3398 2238 3444 est
2287 3402 2539 3459 veraeque
2590 3387 2715 3443 ﬁdei
2764 3388 3056 3459 magistra;
3091 3386 3228 3441 liber
3274 3394 3457 3440 autem

1880 3480 2225 3537 Psalmorum
2252 3480 2471 3551 praefert
2502 3480 2799 3551 quamdam
2833 3479 3127 3550 imaginem
3157 3477 3458 3533 institutio-

1881 3573 1970 3628 nis
2005 3573 2130 3628 vita:
2156 3572 2488 3627 animarum.
2524 3571 2998 3638 Quemadmodum
3027 3571 3196 3633 enim,
3246 3567 3338 3638 qui
3368 3583 3456 3622 re-

1880 3678 2001 3734 gem
2029 3662 2162 3729 adit,
2188 3663 2435 3717 habitum
2465 3662 2741 3733 verbaque
2774 3677 2873 3717 sua
2901 3660 3181 3730 componit
3211 3664 3265 3713 et
3295 3658 3459 3713 ador-

1880 3762 1995 3818 nat,
2033 3770 2103 3808 ne
2137 3754 2324 3809 statim
2380 3761 2545 3823 atque
2600 3753 2861 3822 loquendi
2915 3751 3130 3806 initium
3176 3749 3362 3815 faciet,
3397 3755 3459 3803 ut

1880 3846 2035 3903 rudis
2073 3853 2128 3901 et
2177 3846 2465 3915 imperitus
2494 3844 2784 3915 ejiciatur:
2823 3844 2897 3898 ita
2949 3844 3168 3897 divinus
3196 3842 3287 3898 hic
3318 3841 3458 3896 liber

1878 3953 2004 3994 eum
2034 3937 2124 4007 qui
2160 3938 2225 3992 ad
2250 3937 2504 3990 virtutem
2532 3944 2787 4006 properat
2817 3945 2871 3990 et
2922 3933 3222 3988 Salvatoris
3246 3933 3301 3986 in
3336 3949 3459 3986 cor-

1880 4043 2011 4099 pore
2038 4028 2160 4083 vitae
2184 4027 2496 4082 institutum
2523 4042 2685 4082 nosse
2712 4027 2882 4096 cupit,
2915 4025 3152 4096 primum
3188 4018 3284 4094 per
3310 4024 3453 4080 hanc

1881 4119 2170 4175 lectionem
2206 4116 2465 4172 admonet
2516 4117 2584 4171 de
2636 4116 2877 4170 motibus
2925 4114 3133 4179 animi,
3185 4122 3349 4184 atque
3381 4112 3457 4167 ita

1881 4210 2142 4280 deinceps
2180 4205 2446 4263 informat
2476 4207 2746 4277 docetque
2804 4206 3066 4277 legentes.
3096 4203 3238 4258 Sunt
3289 4203 3458 4274 igitur

1881 4301 1966 4372 (ut
2018 4300 2125 4355 hoc
2155 4302 2395 4371 primum
2427 4299 2481 4353 in
2510 4298 2616 4353 isto
2668 4297 2811 4353 libro
2857 4295 3198 4368 observetur)
3227 4293 3455 4363 Psalmi,

1880 4394 1971 4448 alii
2005 4394 2108 4449 sub
2148 4393 2324 4448 forma
2364 4391 2715 4459 narrationis,
2750 4391 2839 4445 alii
2879 4388 3197 4460 prophetiae,
3230 4387 3321 4441 alii
3357 4385 3457 4441 ad-

189 4495 249 4547 δὲ
284 4496 342 4546 ἐν
392 4490 730 4564 προφητείᾳ,
779 4490 829 4543 οί
868 4490 927 4543 δὲ
974 4488 1051 4553 ὡς
1093 4489 1151 4543 ὲν
1197 4488 1352 4560 εὐχῇ,
1421 4491 1470 4542 οἱ
1510 4488 1567 4541 δὲ
1595 4490 1652 4542 ἐν
1693 4487 1776 4555 ἑξ-

1887 4485 2230 4551 monitionis,
2269 4485 2361 4540 alii
2397 4485 2750 4556 precationis,
2787 4483 2879 4538 alii
2905 4480 3289 4537 confessionis.

191 4601 220 4636 0
225 4582 539 4654 μολογήσει.

265 4675 378 4729 Καὶ
402 4674 507 4727 εἰσὶ
539 4672 639 4745 μὲν
663 4672 710 4725 οἱ
733 4671 789 4725 ἐν
817 4670 1115 4743 διηγήματι
1148 4676 1237 4742 ιη’,
1264 4677 1373 4741 μγ’,
1409 4676 1523 4743 μη’,
1545 4669 1648 4741 μθ’,
1680 4668 1779 4740 οβ’,

190 4768 298 4834 σε’,
322 4766 421 4831 οξπ
454 4773 568 4837 πη’,
601 4771 709 4837 ρς·,
742 4772 867 4837 ριγν
896 4770 1041 4836 exs".
1075 4763 1216 4839 ρλςνο

265 4861 330 4913 υἱ
356 4859 412 4912 δὲ
445 4857 521 4922 ὡς
550 4859 607 4911 ὲν
632 4856 788 4929 εὐχῇ,
822 4863 917 4922 ις’,
944 4854 1039 4924 ξζν,
1069 4855 1179 4924 πθ’,
1214 4862 1293 4927 ρα’
1325 4854 1461 4927 ρλα’,
1492 4854 1640 4927 ρμα’.

266 5037 332 5089 οἱ
366 5033 424 5088 δὲ
468 5033 544 5099 ὡς
594 5035 652 5086 ὲν
693 5032 916 5103 ὲντυχίᾳ
966 5031 1062 5086 καὶ
1107 5031 1240 5104 εί)χῇ
1271 5031 1365 5087 xui.
1398 5029 1577 5103 δεήσει
1606 5037 1666 5097 ε’,
1703 5037 1777 5097 ς’,

369 5168 385 5193 ,
423 5127 512 5197 ιβ’,
554 5134 637 5194 ιε’,
663 5128 762 5194 κδ’,
826 5125 934 5191 κζ’,
967 5126 1034 5191 λ’,
1078 5124 1173 5191 λδ’,
1213 5124 1313 5193 λζ’,
1376 5123 1489 5197 μβ’,
1538 5132 1640 5193 νγ’,
1685 5124 1778 5192 νδ’,

937 5256 951 5281 ,
1005 5216 1115 5288 φιβ’,
1156 5221 1261 5281 πε’,
1317 5215 1426 5281 πζ’,
1464 5215 1593 5287 ρλξ,
1648 5214 1780 5287 ρλθ’,

196 5310 346 5382 ρμβὀ

270 5404 383 5458 Καὶ
403 5404 431 5456 6
461 5402 562 5473 μὲν
593 5402 668 5465 ὡς
703 5404 760 5455 ὲν
784 5402 1002 5474 ὲντυχίᾳ
1030 5401 1127 5455 καὶ
1157 5400 1478 5473 εὐχαριστία
1505 5400 1641 5473 ρλη’.

270 5495 335 5547 Οἱ
369 5493 425 5545 δὲ
450 5493 525 5556 ὡς
547 5495 605 5545 ὲν
634 5493 856 5564 ὲντυχίᾳ
907 5493 1044 5565 μόνῃ
1076 5499 1125 5561 γ’
1146 5535 1159 5558 ,
1188 5499 1287 5557 κε’,
1323 5491 1425 5563 ξη’,
1456 5491 1550 5559 ξθ’,
1586 5500 1646 5559 0',
1666 5498 1779 5564 of,

194 5592 299 5655 013',
334 5583 432 5648 σθ’,
478 5590 581 5655 ρη’,
612 5583 752 5654 ρκβ’,
791 5582 927 5653 ρκϐ’,
963 5582 1057 5653 ρλ’.

275 5770 315 5799 ⁸⁷
353 5767 543 5823 Matth.
577 5786 651 5830 Si,
687 5767 777 5821 ‘29.
863 5767 903 5797 ¹⁸
940 5764 955 5818 Ι
988 5765 1113 5820 Cor.
1143 5783 1218 5826 x1,
1261 5766 1307 5820 1.

1952 4664 2010 4720 ln
2046 4664 2221 4721 forma
2245 4662 2576 4718 narrationis
2601 4661 2654 4715 hi
2688 4668 2849 4715 sunt:
2886 4657 2969 4721 18,
3001 4657 3092 4721 45,
3120 4655 3209 4723 48,
3253 4654 3342 4722 49,
3367 4652 3467 4717 72,.

1883 4756 2089 4823 76,77,
2126 4756 2215 4823 88,
2242 4754 2331 4823 89,
2368 4755 2495 4821 106,
2539 4754 2663 4819 μδ,
2696 4751 2970 4816 126,156.

1952 4851 2010 4906 1η
2034 4852 2209 4907 forma
2228 4863 2358 4905 vero
2382 4847 2652 4903 orationis
2693 4854 2822 4901 sunt
2842 4842 2930 4911 16,
2948 4842 3037 4909 67,
3060 4839 3295 4905 89,101,
3333 4837 3467 4900 15l,

1883 4943 2007 4999 141.

1957 5036 2061 5103 Qui
2095 5033 2372 5105 colloquii,
2396 5031 2727 5103 precationis
2761 5038 2816 5085 et
2842 5026 3237 5085 obsecrationis
3268 5022 3457 5085 modo,

1883 5128 1938 5191 5,
1968 5126 2022 5191 6,
2059 5126 2110 5192 7,
2144 5127 2229 5190 11,
2265 5123 2354 5190 12,
2382 5124 2471 5188 15,
2505 5122 2600 5185 24,
2631 5120 2722 5187 27,
2759 5121 2848 5185 50,
2879 5120 2970 5185 54,
3006 5117 3098 5181 57,
3129 5116 3219 5180 .12,
3246 5112 3336 5179 55,
3367 5113 3465 5177 54,

1884 5220 1974 5286 55,
2000 5217 2088 5284 56,
2113 5216 2204 5283 58,
2258 5215 2348 5282 59,
2405 5213 2495 5280 60,
2527 5214 2618 5282 65,
2641 5213 2730 5276 82,
2753 5211 2844 5280 85,
2892 5204 3461 5275 87,157,159,142.

1955 5392 2059 5461 Qui
2092 5393 2145 5447 in
2175 5391 2350 5446 forma
2380 5388 2604 5459 alloquii
2629 5397 2683 5444 et
2719 5386 3014 5457 gratiarum
3045 5381 3300 5445 actionis,
3331 5379 3457 5434 1'58.

1940 5484 2041 5550 Qui
2079 5481 2337 5551 colloquii
2385 5488 2594 5534 tantum
2638 5478 2836 5541 forma,
2868 5476 2921 5546 ’5,
2967 5475 3059 5544 25,
3114 5472 3202 5541 68,
3229 5470 3318 5536 69,
3350 5470 3452 5536 70,

1890 5577 1978 5644 75,
2011 5575 2098 5641 78,
2132 5575 2220 5642 79,
2253 5573 2376 5640 108,
2411 5572 2533 5638 12Ξ,
2561 5571 2680 5634 129,
2713 5570 2831 5627 150.
