3874 6218
436 286 506 341 27
1300 302 1358 358 S.
1399 306 1774 368 ATHANASII
1811 314 1961 372 OPP.

2107 321 2197 376 RS
2233 321 2319 376 Ill.
2361 355 2429 365 —
2458 326 2866 388 EXEGETICA.
3609 344 3687 399 28

508 401 623 456 Sub
651 402 823 460 forma
849 408 1231 482 confessionis,
1247 417 1301 484 9,
1327 420 1415 488 71,
1439 424 1530 491 91,
1568 426 1689 491 104,
1723 429 1845 496 105,
1875 433 1999 498 106,

434 490 710 561 107,110,
748 496 873 564 117,
924 499 1048 568 155,
1083 504 1203 559 157.

516 582 619 650 Qui
649 587 998 658 conjunctam
1030 594 1233 652 habent
1277 602 1683 664 confessionem
1726 626 1848 666 cum
1878 630 2005 669 nar-

435 675 667 741 ratione,
692 679 746 743 9,
776 679 862 745 74,
896 682 1019 752 105,
1045 687 1166 755 106,
1206 691 1328 757 117,
1362 696 1484 750 157.

523 764 626 831 Qui
677 769 1026 839 conjunctam
1068 776 1227 834 habet
1259 798 1382 837 cum
1422 786 1763 847 confessione
1801 803 1854 849 et
1887 811 2007 850 nar-

432 855 646 911 ratione
675 857 911 926 laudem,
942 873 1025 919 est
1057 867 1177 922 110.

513 945 628 1000 Sub
653 947 825 1004 forma
851 954 1262 1027 admonitionis,
1300 977 1383 1019 est
1408 967 1493 1024 56.

512 1036 615 1102 Qui
641 1043 981 1111 prophetiam
1010 1049 1228 1117 habent,
1252 1066 1382 1111 sunt
1418 1060 1508 1128 20,
1544 1063 1634 1130 21,
1664 1067 1753 1131 44,
1786 1069 1874 1133 46,
1911 1070 1995 1127 75.

511 1128 1001 1193 Annuntiationem
1033 1157 1157 1197 cum
1217 1151 1500 1219 prophetia
1534 1128 1779 1224 junctam
1838 1162 1999 1219 habet

431 1218 553 1275 109.

513 1312 932 1376 Adhortationis
958 1339 1091 1379 vero
1118 1335 1171 1381 et
1193 1332 1351 1398 quasi
1376 1341 1754 1407 praeceptionis
1779 1345 1996 1400 modum

428 1402 631 1459 habent
662 1407 753 1473 28,
785 1410 874 1477 52,
912 1413 1004 1477 80,
1037 1416 1126 1483 94,
1175 1417 1263 1486 95,
1316 1402 1403 1489 96,
1441 1426 1530 1492 97,
1554 1402 1685 1496 '102,
1713 1434 1837 1499 105,
1872 1435 1993 1491 115.

504 1494 849 1556 Hortatorius
884 1519 1008 1559 cum
1062 1511 1274 1566 cantico
1330 1525 1414 1570 est
1447 1518 1568 1573 149.

498 1584 602 1653 Qui
668 1591 830 1645 vitam
887 1596 1087 1653 virtute
1152 1615 1399 1661 ornatam
1447 1610 1798 1681 describunt,
1870 1631 1998 1676 sunt

427 1677 553 1746 104,
600 1681 723 1750 111,
784 1686 910 1755 118,
965 1691 1090 1757 124,
1137 1695 1261 1751 152.

2175 625 2236 676 Oi
2264 624 2322 676 δὲ
2355 630 2849 704 συμπεπλεγμένην
2902 635 3118 706 ἔχοντες
3154 638 3544 711 ἐξομολόγησιν
3586 643 3685 695 καὶ

2105 713 2352 785 διήγησιν
2379 717 2445 785 θ’,
2476 720 2567 785 οδ’,
2601 729 2697 792 ρε’,
2731 732 2838 795 pg’,
2868 727 2987 797 ριζ’,
3020 729 3151 799 ρλξ’.
3426 776 3431 781 .

2188 802 2245 856 '0
2272 804 2329 857 δὲ
2392 810 2891 886 συμπεπλεγμένην
2949 816 3089 888 ἔχων
3144 820 3530 895 ἐξομολόγησιν
3585 825 3685 878 κα¹ί⁵

2102 889 2353 964 διήγησιν
2379 898 2515 967 μετά
2546 902 2804 969 αἰνέσεως
2834 914 2921 977 ρι’.

2173 984 2283 1037 Καὶ
2314 989 2342 1039 ὁ
2368 989 2466 1053 μὲν
2498 993 2556 1043 ἐν
2583 996 2904 1065 παραινέσει
2951 1002 3067 1056 ἐστὶ
3089 1003 3197 1070 λς’.

2174 1076 2237 1127 Οἱ
2264 1076 2321 1129 δὲ
2349 1080 2405 1130 ἐν
2428 1084 2734 1155 προφητείᾳ
2757 1094 2827 1153 κ’,
2861 1096 2966 1156 κα¹,
3015 1092 3118 1162 μδ’,
3155 1102 3272 1165 μς’,
3293 1104 3386 1152 οε’.

2172 1167 2282 1222 Καὶ
2306 1169 2700 1243 άπαγγελτικὸς
2731 1180 2830 1250 μὲν
2856 1182 2994 1252 μετά
3034 1189 3368 1258 προφητείας
3396 1192 3494 1261 ρθ¹.

3476 1319 3510 1331 Δ

2172 1345 2568 1417 Προτρεπτικοὶ
2594 1353 2651 1406 δὲ
2680 1356 2774 1408 καὶ
2797 1356 2872 1419 ὡς
2899 1361 3395 1434 παρακελευόμενοί
3424 1370 3530 1423 είσι
3565 1379 3676 1443 κη’,

2099 1425 2197 1497 λβθ,
2234 1438 2307 1496 τί.
2343 1434 2442 1500 ιιδν,
2475 1440 2577 1503 ιιεν,
2612 1444 2727 1506 Hs’.
2758 1442 2863 1510 ιιξν,
2892 1425 2994 1518 ρβύ
3032 1457 3135 1520 pr.
3160 1425 3285 1522 12w".

2168 1522 2566 1595 Προτρεπτικὸς
2588 1530 2645 1584 δὲ
2673 1535 2810 1603 μετὰ
2832 1536 3070 1608 ᾅσματος
3100 1542 3291 1615 ἐλέχθη
3325 1549 3464 1617 ρμθ’.

2171 1616 2281 1669 Kal.
2308 1620 2355 1671 οί
2380 1621 2477 1690 μὲν
2532 1623 2925 1697 διαγράφοντες
2965 1631 3055 1685 τὸν
3104 1616 3370 1707 ἐνάρετον
3403 1639 3518 1708 βίον
3564 1645 3674 1698 εἰσὶ

2101 1707 2196 1777 ρδ’,
2237 1716 2358 1779 ρια’,
2396 1720 2520 1783 ριη’,
2547 1716 2675 1786 ρκδ’,
2699 1720 2832 1789 ρλβ’.

501 1772 607 1841 Qui
656 1777 870 1834 laudem
927 1788 1275 1857 annuntiant,
1313 1803 1441 1849 sunt
1489 1795 1591 1865 90,
1646 1800 1793 1870 112,
1854 1807 1956 1863 116

501 1867 526 1899 ι
582 1868 681 1899 ΙΙΙ
746 1872 847 1899 ιιρ
902 1876 999 1899 lla
1063 1881 1161 1899 ιιο
1227 1884 1324 1899 ...Α

2104 1772 2112 1777 ’
2164 1772 2249 1853 Οἱ.
2274 1772 2518 1859 δὲῖαῖνόνσ
2547 1772 2993 1880 ,ἀπαγγέλλοντες
3052 1811 3199 1873 οὗτοι
3232 1824 3370 1878 εἰσιν
3411 1824 3483 1892 1",
3538 1828 3671 1899 ριβ¹,

425 1866 549 1932 154,
582 1868 706 1933 144,
746 1872 1021 1942 145,146,
1062 1881 1185 1946 148,
1222 1884 1350 1940 150.

510 1958 613 2026 Qui
636 1964 932 2032 gratiarum
967 1973 1197 2029 actionis
1224 1986 1373 2043 sunt,
1432 1979 1486 2049 8,
1529 1983 1581 2049 9,
1632 1985 1720 2053 17,
1772 1988 1860 2058 55,
1897 1992 1991 2059 45,

419 2048 511 2117 62,
561 2051 648 2118 76,
687 2054 777 2121 84,
828 2059 952 2127 11.1,
1008 2063 1127 2133 115,
1186 2067 1304 2134 12o,
1360 2048 1484 2141 121,
1538 2048 1661 2143 125,
1704 2048 1990 2153 125,123,

419 2141 543 2197 145.

498 2232 600 2300 Qui
652 2236 1041 2299 beatitudinem
1098 2249 1413 2320 praedicant,
1474 2267 1600 2316 sunt
1636 2261 1690 2329 1,
1746 2263 1836 2334 51,
1895 2267 1987 2336 40,

416 2322 691 2390 118,127.

493 2414 592 2472 Est
614 2421 706 2490 qui
742 2422 1078 2483 alacritatem
1105 2431 1363 2491 exhibeat
1383 2452 1507 2495 cum
1532 2444 1767 2513 cantico,
1785 2455 1845 2502 ut
1862 2449 1985 2507 107.

492 2506 651 2565 Alius
681 2512 748 2565 ad
774 2512 1149 2576 fortitudinem
1187 2523 1457 2597 hortatur,
1497 2532 1708 2589 scilicet
1754 2506 1846 2592 80.

492 2598 633 2658 Sunt
678 2606 773 2675 qui
821 2608 1021 2680 impios
1049 2623 1103 2669 et
1156 2616 1375 2687 iniquos
1431 2623 1783 2697 redarguant,
1843 2640 1903 2688 ut
1929 2632 1984 2699 2,

410 2688 500 2755 15,
553 2692 643 2758 55,
692 2696 782 2759 51,
839 2699 927 2753 52.

485 2784 853 2845 lnvocationis
878 2794 1029 2848 est-1.

486 2872 630 2929 Sunt
673 2880 768 2949 qui
813 2891 938 2938 vota
978 2884 1204 2955 faciant,
1246 2902 1307 2949 ut
1334 2894 1402 2952 19
1424 2906 1478 2954 et
1498 2900 1588 2957 65.

478 2963 906 3029 Glorilicationis
934 2975 989 3029 in
1017 2977 1249 3038 Domino
1272 2988 1437 3043 verba
1463 2993 1748 3051 continent
1770 2996 1862 3065 22,
1887 2998 1979 3066 26,

406 3055 496 3123 58,
522 3057 609 3127 ⁸59,
635 3060 726 3128 41,
770 3063 859 3130 61,
896 3066 982 3133 75,
1006 3069 1095 3138 85,
1153 3073 1241 3142 96,
1266 3075 1355 3143 98,
1406 3081 1530 3137 151.

485 3232 824 3307 Objurgandi
853 3255 1019 3298 causa
1063 3246 1254 3317 scripti
1303 3262 1432 3308 sunt
1462 3255 1551 3323 57,
1606 3258 1696 3315 81.

473 3323 577 3390 Qui
601 3326 790 3398 hymni
816 3333 979 3387 verba
1018 3339 1319 3408 continent,
1349 3345 1405 3399 hi
1436 3359 1586 3413 sunt,
1625 3352 1716 3417 47,
1746 3355 1836 3412 64.

486 3413 858 3491 Jubilationis,
883 3432 939 3479 et
969 3426 1036 3482 de
1062 3436 1463 3493 resurrectione
1485 3450 1564 3496 est
1612 3440 1699 3498 65.

484 3505 552 3562 Et
574 3509 718 3567 alius
739 3512 1089 3584 jubilationis
1145 3533 1357 3583 tantum
1391 3532 1556 3588 verba
1583 3536 1809 3608 profert,
1838 3542 1980 3599 scili-

400 3607 489 3654 cet
513 3599 603 3656 99.

488 3693 579 3748 15.
616 3694 751 3750 Cum
784 3699 950 3770 igitur
976 3700 1177 3763 Psalmi
1212 3713 1305 3767 tali
1343 3717 1534 3775 ordine
1572 3721 1817 3793 dispositi
1845 3728 1974 3797 sint,

400 3785 530 3842 licet
561 3789 821 3863 deinceps
847 3795 1155 3868 legentibus
1190 3803 1244 3857 in
1293 3806 1525 3878 singulis
1553 3785 1973 3888 deprehendere,

399 3878 479 3933 uti
511 3893 678 3951 supra
711 3884 847 3954 dixi,
874 3899 1058 3946 motus
1080 3901 1134 3947 et
1158 3898 1602 3957 constitutionem
1622 3907 1817 3965 animae
1839 3928 1973 3979 suae,

401 3978 569 4039 atque
629 3973 864 4045 singulis
921 3979 977 4033 in
1027 3983 1192 4040 rebus
1253 3986 1484 4045 formam
1518 3994 1971 4073 doctrinamque;

397 4060 599 4129 quidve
664 4064 896 4124 dicendo
954 4071 1171 4140 placere
1231 4082 1406 4147 possit
1458 4082 1722 4156 Domino,
1790 4060 1976 4162 cujus;

396 4150 544 4205 modi
570 4155 753 4211 verbis
799 4172 919 4214 sese
949 4164 1124 4230 possit
1169 4168 1439 4240 corrigere
1484 4171 1825 4249 Dominoque
1851 4198 1975 4253 gra-

395 4239 501 4295 tias
532 4258 727 4314 agere;
760 4263 848 4314 ne,
888 4251 934 4304 si
958 4264 1153 4321 praeter
1197 4258 1286 4313 illa
1310 4239 1586 4332 quidpiam
1613 4239 1881 4339 prof-erat:
1916 4274 1971 4329 in

395 4330 730 4402 impietatem
757 4338 1059 4398 delabatur.
1084 4343 1203 4401 Non
1245 4350 1391 4405 enim
1439 4330 1507 4408 de
1558 4330 1813 4427 operibus
1848 4330 1971 4417 tan-

394 4424 699 4491 tummodo,
730 4428 823 4482 sed
858 4430 925 4485 de
975 4435 1125 4487 omni
1153 4439 1316 4493 verbo
1346 4442 1524 4499 otioso
1571 4424 1841 4504 rationem
1873 4450 1972 4507 Ju-

393 4512 502 4567 dici
542 4529 735 4571 sumus
773 4520 1042 4577 reddituri
1080 4526 1142 4580 ¹⁹.
1171 4526 1229 4582 Si
1283 4530 1447 4601 igitur
1479 4539 1790 4608 quempiam
1833 4544 1964 4599 bea-

392 4615 509 4659 tum
537 4608 836 4676 praedicare
863 4616 1124 4683 volueris,
1183 4622 1353 4680 habes
1400 4642 1508 4697 qua
1542 4633 1779 4701 ratione,
1811 4647 1864 4693 et
1906 4640 1963 4696 in

390 4713 523 4766 quo,
557 4709 612 4756 et
640 4718 764 4772 qua:
795 4705 979 4765 dicere
1010 4712 1230 4781 debeas,
1286 4720 1559 4787 psalmum
1591 4727 1799 4784 scilicet
1832 4732 1886 4797 1,
1911 4744 1966 4789 et

390 4787 483 4853 51,
511 4798 565 4844 et
582 4791 674 4857 40,
699 4803 754 4848 et
804 4794 925 4863 111,
959 4809 1012 4855 et
1036 4802 1159 4869 118,
1208 4815 1263 4861 et
1292 4809 1412 4865 127.
1454 4811 1512 4867 Si
1567 4787 1966 4887 reprehendere

390 4879 630 4937 volueris
660 4883 889 4942 insidias
923 4887 1237 4950 Judaeorum
1285 4902 1548 4961 adversus
1591 4907 1961 4983 Salvatorem,

390 4967 563 5025 habes
587 4976 883 5031 secundam
915 4980 1097 5036 odam.
1119 4984 1174 5038 Si
1205 5002 1237 5040 a
1270 4988 1377 5043 tuis
1405 4997 1841 5058 persecutionem
1871 4967 1965 5071 pa:

389 5060 579 5129 tiaris,
644 5066 910 5138 multique
968 5073 1257 5132 adversum
1315 5090 1368 5137 te
1413 5085 1742 5157 insurgant,
1796 5060 1963 5150 dicito

386 5155 612 5209 tertium
675 5160 968 5227 psalmum.
1031 5165 1187 5233 Quod
1242 5173 1289 5228 si
1342 5175 1573 5236 aﬂlictus
1623 5182 1962 5243 invocaveris

386 5242 705 5315 Dominum,
731 5262 784 5307 et
809 5258 1099 5315 exauditus
1133 5264 1337 5330 gratias
1393 5283 1554 5339 agere
1582 5273 1740 5342 velis,
1788 5278 1961 5347 psalle

383 5347 641 5404 quartum
675 5351 729 5397 et
760 5345 831 5399 ’14
851 5356 904 5402 ει
938 5349 1061 5403 114.
1091 5352 1149 5406 Si
1198 5354 1477 5426 improbos
1502 5362 1729 5422 insidias
1768 5345 1963 5440 paran-

386 5434 470 5484 tes
513 5434 880 5505 conspiciens,
942 5443 1247 5500 orationem
1286 5457 1436 5505 tuam
1489 5457 1715 5515 auribus
1754 5466 1958 5533 percipi

383 5519 645 5591 volueris,
675 5526 848 5593 psalle
891 5533 1173 5593 matutinis
1236 5537 1385 5598 horis
1429 5544 1704 5614 quintum.
1750 5519 1807 5608 81
1854 5519 1959 5611 Do-

464 5698 508 5739 "
538 5701 727 5763 Matth.
759 5721 859 5773 xu,
884 5710 971 5766 56.

2096 1898 2228 1961 Pls“.
2261 1893 2553 1968 9153996”,
2594 1910 2732 1973 ρμε’,
2779 1914 3111 1982 ρμςπρμηκ
3168 1922 3244 1985 ρν’

2163 1985 2274 2039 Καὶ
2305 1988 2478 2058 οἱμὲν
2518 1992 2888 2067 εύχαριστικοί
2931 2004 3069 2056 εἰσιν
3097 2003 3169 2076 η’,
3210 2006 3275 2071 θ’,
3315 2010 3399 2076 ιζ’,
3438 2012 3539 2081 λγ’,
3562 2021 3670 2085 με’,

2093 2075 2190 2147 ξβ’,
2225 2086 2331 2145 ος’,
2374 2083 2477 2147 πδ’,
2510 2084 2628 2156 ριδ’,
2676 2097 2795 2160 ριε’,
2841 2100 2945 2163 ρκ’,
2984 2097 3125 2167 ρκα’,
3160 2107 3300 2172 ρκγ’,
3349 2075 3491 2172 ρκε’,’

2092 2177 2237 2241 pw-

2161 2264 2224 2315 Οί
2250 2263 2307 2317 δέ
2358 2272 2706 2342 μακαρισμὸν
2740 2274 3149 2345 ἀναφωνοῦντές
3182 2284 3321 2339 εἰσιν
3349 2284 3420 2351 α’,
3447 2286 3550 2352 λα’,
3590 2296 3670 2360 μ’,

2090 2351 2214 2425 ριη’ν
2247 2355 2381 2425 rx?-

2157 2446 2267 2499 Καὶ
2290 2448 2448 2513 ἄλλος
2476 2451 2836 2522 ἐπιδεικτικὸς
2869 2461 3177 2534 προθυμίας
3216 2470 3333 2536 μετ’
3363 2470 3504 2540 ᾠδῆς
3530 2471 3633 2543 ρξ’.

2158 2538 2270 2591 Kal.
2291 2540 2319 2591 ό
2360 2541 2460 2612 μὲν
2481 2551 2880 2617 προτρεπτικὸς
2909 2556 2990 2617 είς
3012 2556 3234 2628 ἀνδρίαν
3256 2538 3470 2614 ἐστὶήπά

2162 2630 2225 2681 Οί
2244 2630 2299 2683 δὲ
2326 2638 2679 2707 κατηγορικοὶ
2704 2639 2813 2695 τῶν
2833 2642 3046 2701 ἀσεϐῶν
3074 2650 3167 2703 καὶ
3198 2652 3530 2723 παρανόμων
3556 2654 3669 2707 εἰσὶ

2089 2716 2153 2789 β’,
2180 2727 2269 2790 ιγ’,
2310 2722 2405 2787 λε’,
2446 2733 2560 2790 να’,
2596 2727 2693 2798 νβ’.

2158 2810 2270 2864 Καὶ
2307 2813 2336 2865 ό
2373 2813 2471 2884 μὲν
2499 2816 2837 2890 ἐπικλήσεως
2869 2823 2983 2875 ἐστι
3010 2823 3079 2879 δ’.

2155 2903 2219 2955 Οί
2249 2903 2307 2955 δὲ
2332 2903 2632 2961 ἐπευκτικά
2660 2911 3117 2981 ἀπαγγέλλουσιν,
3150 2917 3227 2981 ὡς
3264 2918 3326 2972 ιθ¹
3365 2922 3458 2974 καὶ
3490 2920 3569 2991 ξγ¹

2153 2994 2264 3049 Καὶ
2292 2998 2339 3049 oi
2382 2998 2481 3068 μὲν
2502 3002 2823 3072 καυχήσεως
2851 3005 2948 3076 τῆς
2972 3007 3029 3061 ὲν
3070 3008 3260 3079 Κυρίῳ
3293 3012 3668 3081 ἀπαγγέλλον-

2009 3115 2053 3174 C
2083 3101 2175 3149 τες
2201 3085 2389 3156 λόγους
2426 3092 2532 3144 είσὶ
2594 3093 2676 3164 κβ’
2709 3096 2803 3148 καὶ
2830 3103 2943 3162 κς’,
2977 3098 3076 3169 λη’,
3110 3099 3184 3153 λθ⁹
3206 3142 3221 3168 ,
3248 3101 3369 3172 μα’,
3418 3104 3518 3172 ξα’,
3566 3116 3666 3172 σε’.

2086 3184 2197 3245 πγτ.
2233 3182 2345 3245 ιιςκ
2373 3180 2481 3253 ιιη’τ
2518 3184 2654 3256 ρναὀ

2150 3267 2215 3319 Οἱ
2240 3269 2296 3321 δὲ
2320 3270 2660 3341 ἐντρεπτικοί
2695 3277 2800 3329 εἰσι
2835 3277 2932 3343 νζ’,
2967 3277 3080 3335 πα’.

2151 3358 2262 3411 Καὶ
2281 3361 2331 3413 οί
2369 3362 2464 3432 μὲν
2490 3363 2661 3435 ὕμνου
2687 3370 2907 3439 ῥήματα
2946 3372 3163 3441 λέγουσι
3194 3378 3299 3446 με,
3336 3377 3429 3444 ξδ’.

2163 3450 2221 3503 '0
2250 3450 2307 3504 δὲ
2335 3452 2650 3528 ἀλαλαγμοῦ
2687 3461 2782 3513 καὶ
2806 3463 2935 3533 περὶ
2961 3465 3311 3534 ἀναστάσεως
3352 3469 3443 3535 ξε’.

2152 3540 2265 3594 Καὶ
2284 3541 2469 3614 ἕτερος
2501 3547 2816 3621 ἀλαλαγμοῦ
2850 3553 3008 3622 μόνον
3040 3558 3259 3628 ῥήματα
3283 3560 3428 3630 λέγει
3456 3562 3563 3629 ιιοκ

2157 3721 2238 3770 ιε’.
2277 3716 2546 3791 Τοιαύτης
2580 3718 2671 3777 οὖν
2701 3726 2799 3797 τῆς
2840 3728 3135 3799 διατάξεως
3170 3735 3336 3808 οὕσης
3365 3739 3473 3793 τῶν
3511 3742 3665 3798 Ψαλγ-

2081 3805 2219 3876 μῶν,
2241 3807 2357 3864 ἔστι
2387 3811 2572 3867 λοιπὸν
2594 3815 2818 3873 δυνατὸν
2848 3823 2975 3887 τοὺς
3017 3805 3442 3898 ἐντυγχάνοντας
3475 3835 3662 3906 εὑρεῖν

2078 3901 2137 3953 ἐν
2169 3901 2406 3974 ἑκάστῳ,
2440 3906 2584 3960 καθά
2608 3914 2886 3979 προεῖπον,
2911 3915 2979 3969 τὰ
3008 3920 3280 3992 κινήματα
3311 3925 3405 3977 καὶ
3442 3901 3661 3998 τὴν-κα-

2074 3992 2337 4047 τάστασιν
2369 3994 2468 4066 τῆς
2522 3998 2659 4063 ἰδίας
2690 3998 2888 4075 ψυχῆς,
2941 4006 3114 4074 οὕτως
3167 4030 3226 4065 τε
3256 4016 3385 4086 περ)⁵
3424 3992 3657 4075 ἑκάστου

2075 4083 2166 4138 τὸν
2204 4083 2375 4140 τύπον
2419 4089 2513 4142 καὶ
2545 4089 2642 4161 τὴν
2671 4092 3021 4154 διδασκαλίαν
3046 4119 3057 4129 ·
3082 4103 3175 4156 καὶ
3200 4083 3457 4178 τίνα-μὲν
3483 4109 3659 4179 λέγων

2075 4177 2332 4247 ἀρέσκειν
2361 4180 2582 4238 δύναται
2614 4185 2692 4256 τῷ
2734 4188 2923 4261 Κυρίῳ
2948 4234 2962 4258 ,
2994 4193 3081 4247 διὰ
3112 4196 3279 4250 ποίων
3308 4177 3366 4251 δέ
3396 4177 3659 4272 ῥημάτων

2077 4271 2266 4326 ἐαυτὸν
2300 4274 2642 4346 διορθοῦσθαι
2677 4279 2918 4348 δύναται,
2948 4286 3042 4339 καὶ
3064 4288 3408 4361 εὐχαριστεῖν
3432 4271 3509 4365 τῷ
3540 4297 3657 4349 Κύ-

2078 4363 2198 4434 ρίῳ,
2228 4365 2369 4438 ὑπὲρ
2394 4368 2489 4421 τοῦ
2517 4370 2590 4440 μὴ
2618 4372 2698 4434 είς
2736 4373 2991 4428 ἀσέϐειαν
3041 4379 3329 4435 ἐκπίπτειν
3374 4363 3657 4458 τὸνήπαρά

2003 4454 2299 4515 υτοιαῦτα
2351 4457 2596 4526 λέγοντα.
2632 4462 2705 4514 Οὐ
2735 4462 2843 4536 γὰρ
2890 4467 3052 4536 μόνον
3106 4472 3235 4539 περὶ
3296 4473 3406 4527 τῶν
3453 4454 3654 4547 ἔργων,

2073 4545 2209 4600 ἀλλά
2238 4548 2332 4601 καὶ
2365 4552 2493 4621 περὶ
2524 4552 2697 4621 ἀργοῦ
2727 4557 2970 4627 ῥήματος
3012 4560 3303 4616 ἀποδοῦναι
3345 4545 3502 4635 λόγον
3538 4570 3657 4640 ἔχοι-

2076 4653 2176 4707 μεν
2193 4637 2272 4708 τῷ
2291 4640 2490 4711 Κριτῇ.
2515 4642 2615 4694 Ἀν
2633 4660 2692 4695 τε
2718 4645 2897 4700 τοίνυν
2923 4651 3223 4721 μακαρίσαι
3254 4654 3374 4707 τινὰ
3397 4637 3652 4732 θελήσης,

2073 4729 2216 4799 ἔχεις
2247 4730 2363 4796 πῶς
2396 4732 2496 4798 δεῖ,
2526 4734 2621 4788 καὶ
2653 4737 2746 4790 ἐπὶ
2776 4738 2902 4803 τίνι,
2930 4742 3023 4795 καὶ
3057 4743 3179 4797 τίνα
3207 4745 3288 4799 δεῖ
3314 4746 3513 4818 λέγειν,
3561 4729 3654 4806 τόν

2071 4838 2129 4874 τε
2150 4830 2199 4876 α’
2230 4826 2323 4877 καὶ
2351 4825 2442 4879 τὸν
2467 4826 2569 4892 λα’,
2597 4829 2692 4882 καὶ
2716 4838 2790 4900 μ’,
2815 4833 2908 4885 καὶ
2943 4842 3068 4905 ρια’,
3098 4838 3192 4889 καὶ
3225 4847 3349 4911 ριη’,
3379 4844 3473 4896 καὶ
3501 4843 3614 4915 ρκζ¹
3635 4864 3649 4876 ·

2071 4914 2136 4968 ἄν
2162 4931 2222 4968 τε
2259 4916 2577 4988 μέμψασθαι
2623 4922 2722 4994 τὴν
2761 4926 3027 4981 Ἰουδαίων
3060 4931 3202 4985 κατὰ
3262 4933 3355 4986 τοῦ
3403 4914 3654 5009 Σωτῆρος

2072 5004 2384 5077 ἐπιϐουλὴν,
2425 5008 2570 5079 ἔχεις
2600 5011 2700 5080 τὴν
2741 5013 2999 5087 δευτέραν
3029 5017 3192 5092 ᾠδήν.
3246 5022 3343 5076 "Av
3373 5023 3430 5077 δὲ
3478 5004 3650 5099 διῶκῃ

2072 5097 2221 5169 παρά
2247 5098 2353 5152 τῶν
2376 5101 2542 5165 ίδίων,
2573 5103 2668 5156 καὶ
2697 5106 2924 5171 πολλοὺς
2946 5109 3075 5183 ἔχῃς
3091 5113 3215 5177 τοὺς
3239 5097 3651 5183 ἐπαναστάντας

2070 5188 2210 5243 κατὰ
2245 5191 2361 5258 σοῦ,
2394 5193 2519 5263 λέγε
2545 5195 2637 5250 τὸν
2670 5203 2719 5266 γ’
2748 5197 2979 5270 ψαλμὸν.
3009 5203 3072 5255 El
3106 5203 3163 5259 δὲ
3193 5205 3365 5270 οὕτως
3404 5207 3651 5279 θλιϐόμε·

2069 5299 2158 5345 νος
2190 5284 2508 5339 ἐπεκαλέσω
2538 5286 2631 5340 τὸν
2669 5288 2892 5360 Κύριον,
2928 5295 3020 5346 καὶ
3066 5296 3440 5363 εἰσακουσθεὶς
3474 5301 3651 5367 θέλεις

2068 5374 2443 5447 εὐχαριστεῖν,
2482 5377 2653 5446 eme
2698 5380 2790 5433 τὸν
2820 5382 3096 5456 τέταρτον,
3142 5388 3238 5441 καὶ
3268 5389 3358 5457 οδ’,
3398 5393 3489 5445 καὶ
3524 5395 3642 5464 ριδ’.

2069 5467 2178 5525 Καὶ
2201 5466 2315 5533 ἐὰν,
2352 5467 2430 5521 ἔτι
2452 5470 2577 5533 τοὺς
2608 5477 3073 5545 πονηρευομένους
3106 5478 3319 5548 βλέπων
3344 5483 3647 5553 ἐνεδρεύειν

2068 5557 2340 5629 θέλοντας,
2367 5561 2715 5628 ἐνωτίζεσθαί
2742 5583 2832 5621 σου
2856 5566 3013 5641 θέλῃς
3034 5570 3134 5643 τὴν
3163 5573 3345 5648 εὐχὴν,
3377 5576 3648 5648 ὀρθρίζωυ
