3874 6218
264 314 331 368 29
1404 313 1744 371 EPISTOLA
1781 312 1873 368 AD
1909 309 2427 368 MARCELLINUM.
3448 316 3517 371 50

262 427 322 481 τὸ
345 426 493 499 πρωῒ
520 426 689 497 ψάλκε
711 428 804 482 τὸν
836 434 899 482 ε’.
921 427 1252 500 Δίσθόμενος
1281 428 1337 481 δέ
1360 427 1593 497 ἀπειλῆς
1612 427 1707 481 τοῦ
1731 429 1808 482 Κυ

1910 423 2076 484 ,ηιὶηὶ
2103 424 2588 480 comminationem
2647 423 2910 487 senseris,
2955 432 3113 494 teque
3145 440 3207 480 ea
3235 425 3302 482 de
3347 442 3514 484 causa

261 517 403 586 ρίου,
438 516 535 571 ἐὰν
578 517 668 572 διὰ
705 516 865 571 τοῦτο
901 518 1302 589 ταραττόμενον
1351 516 1576 570 σεαυτὸν
1614 516 1837 587 βλέπῃς,

260 608 481 664 δύνασαι
513 609 693 679 λέγειν
713 610 807 665 τὸν
834 608 888 677 ς’
919 611 1017 665 καὶ
1047 611 1140 664 τὸν
1177 610 1275 675 λζ’.
1313 611 1441 666 Ἐὰν
1475 611 1533 663 δὲ
1582 611 1674 666 καὶ
1713 610 1837 681 βου-

259 699 521 756 λεύωνται
547 719 695 767 τινες
736 702 879 758 κατὰ
911 702 1006 757 σοῦ
1031 744 1048 770 ,
1075 703 1152 767 ὡς
1180 705 1209 757 ό
1261 703 1542 774 ’Δχιτόφελ
1575 702 1715 759 κατὰ
1741 702 1835 757 τοῦ

258 792 442 861 Δαόὶδ,
492 794 587 847 καὶ
620 794 780 849 τοῦτό
812 794 895 849 σοί
934 812 1021 859 τις
1064 795 1374 869 ἀπαγγείλῃ
1397 837 1412 863 ,
1444 795 1611 866 ψάλλε
1647 795 1738 851 τὸν
1768 793 1833 863 ζ’,

257 886 352 941 και
397 885 589 958 θάρρει
616 885 696 958 τῷ
728 886 977 959 ρυομένῳ
998 904 1058 941 σε
1085 887 1224 959 Θεῷ.

325 982 424 1042 ις’.
447 976 672 1031 Βλέπων
712 976 771 1031 δὲ
804 978 905 1050 τὴν
942 978 1217 1050 πανταχοῦ
1256 979 1415 1050 χάριν
1460 979 1554 1034 τοῦ
1585 979 1835 1052 Σωτῆρος

251 1066 643 1139 ἐκτεταμένην,
670 1069 766 1123 καὶ
795 1068 968 1123 σωθὲν
982 1068 1046 1123 τὸ
1071 1070 1227 1138 γένος
1249 1070 1360 1124 τῶν
1379 1069 1704 1143 ἀνθρώπων,
1736 1070 1833 1125 ἐὰν

255 1161 591 1230 προσφωνεῖν
636 1159 797 1232 θέλῃς
821 1159 900 1231 τῷ
942 1161 1151 1234 Κυρίῳ,
1204 1162 1373 1233 ψάλλε
1408 1163 1499 1218 τὸν
1538 1170 1607 1235 η’.
1672 1163 1831 1219 Ἀλλά

252 1246 415 1302 πάλιν
447 1243 577 1320 ᾆσαι
609 1246 785 1312 θέλεις
808 1248 1105 1321 ἐπιλήνιον,
1136 1249 1475 1321 εὐχαριστῶν
1503 1249 1582 1320 τῷ
1614 1249 1826 1320 Κυρίῳ,

249 1339 395 1411 ιχεις
414 1339 576 1394 αὐτὸν
604 1340 768 1395 πάλιν
786 1339 878 1394 τὸν
908 1338 958 1413 η’
987 1340 1196 1395 καὶτὸν
1227 1349 1337 1411 πγθ.
1378 1342 1502 1395 Ἐπὶ
1527 1341 1585 1395 δὲ
1610 1340 1690 1413 τῷ
1705 1358 1830 1395 κατ-

251 1430 530 1503 ηργῆσθαι
559 1430 653 1487 τὸν
707 1431 902 1504 ἐχθρὸν
938 1432 1035 1486 καὶ
1068 1432 1337 1487 σεσῶσθαι
1369 1434 1469 1505 τὴν
1514 1432 1712 1500 κτίσιν,
1751 1432 1827 1504 μὴ

248 1521 602 1594 καυχώμενος
655 1524 748 1577 ἐπὶ
781 1523 963 1594 σαυτῷ
991 1562 1006 1586 ,
1038 1522 1175 1577 άλλά
1222 1523 1376 1587 εἰδὼς
1412 1522 1503 1577 τόν
1537 1524 1682 1591 ,Υίὸν
1730 1524 1825 1578 τοῦ

246 1613 381 1667 Θεοῦ
411 1612 569 1667 τοῦτο
601 1613 1043 1686 κατορθώσαντα,
1074 1613 1196 1683 λέγε
1230 1614 1321 1668 τὸν
1363 1617 1444 1678 είς
1481 1615 1643 1669 αὐτὸν
1673 1615 1827 1687 εἰρη-

248 1702 412 1773 μένον
442 1702 490 1757 θ’
535 1703 770 1776 ψαλμὸν.
828 1704 939 1759 Καὶ
980 1704 1077 1759 ἐὰν
1109 1702 1230 1758 λίαν
1284 1704 1345 1758 σέ
1393 1722 1478 1769 τις
1527 1706 1823 1778 ταράσσειν

1941 515 2326 570 conturbatum
2370 513 2595 577 videris,
2632 522 2788 583 potes
2843 514 3024 569 dicere
3062 516 3095 570 6
3128 526 3182 571 et
3203 517 3292 574 57.
3332 517 3389 574 Si
3417 520 3513 575 ad-

1940 623 2159 663 versum
2212 616 2265 663 te
2295 607 2539 678 quipiam
2599 608 2890 663 consilium
2924 609 3191 676 dederint,
3252 614 3514 681 quemad-

1939 700 2160 755 modum
2186 698 2509 770 AchitOphel
2539 698 2803 755 adversus
2832 712 2835 715 λ
2859 698 3139 768 Davidem,
3167 710 3222 757 et
3276 705 3382 759 hoc
3415 705 3512 761 tibi

1938 791 2138 862 aliquis
2165 792 2464 859 renuntiet,
2494 791 2666 862 psalle
2682 791 2735 859 7,
2766 800 2818 847 et
2837 790 3067 849 Domino
3098 794 3313 851 conﬁde
3337 796 3433 866 qui
3458 805 3513 853 te

1935 883 2363 1030 Ιώῗθῗιὲἑῖυηοηε
2389 973 2691 1029 Salvatoris
2719 974 2946 1046 gratiam
2977 974 3182 1044 ubique
3231 976 3506 1043 diﬂ'usam,

1932 1068 2387 1138 redemptumque
2413 1082 2585 1137 genus
2613 1067 2938 1133 humanum,
2974 1067 3021 1122 si
3073 1068 3277 1139 alloqui
3322 1068 3507 1124 Domi-

1932 1175 2065 1215 num
2089 1160 2247 1228 velis,
2283 1170 2536 1215 octavum
2573 1160 2813 1229 psallito.
2854 1159 2912 1215 Si
2935 1176 3155 1215 rursum
3188 1176 3290 1230 pro
3321 1170 3505 1217 torcu-

1930 1249 2142 1306 laribus
2170 1249 2375 1321 gratias
2401 1264 2567 1319 agens
2602 1247 2837 1304 Domino
2890 1265 3085 1304 canere
3115 1251 3374 1317 volueris,
3405 1252 3505 1307 lia-

1928 1340 2025 1395 bes
2046 1338 2298 1397 eumdem
2337 1339 2370 1394 8
2396 1349 2447 1395 et
2481 1339 2570 1396 8'5.
2607 1339 2713 1395 Pro
2760 1341 2992 1396 victoria
3048 1341 3115 1398 de
3173 1342 3418 1410 inimico,
3448 1355 3504 1399 et

1928 1441 2192 1489 creaturae
2242 1432 2587 1501 liberatione,
2663 1449 2732 1487 ne
2780 1433 2836 1488 in
2889 1434 3060 1503 teipso
3096 1435 3363 1505 glorieris,
3405 1438 3500 1492 sed

1926 1540 2129 1597 gnarus
2190 1525 2293 1581 hoc
2358 1524 2528 1581 fuisse
2600 1525 2919 1594 praeclarum
2963 1525 3174 1580 facinus
3220 1526 3341 1581 Filii
3382 1527 3500 1590 Dei,

1926 1617 2093 1671 recita
2128 1616 2505 1687 supradictum
2538 1617 2810 1686 psalmum
2858 1631 3089 1671 nonum.
3136 1615 3267 1672 Etsi
3300 1627 3351 1673 te
3375 1620 3505 1689 quis

1925 1720 2073 1763 metu
2105 1708 2433 1763 conturbare
2462 1709 2716 1775 voluerit,
2750 1708 2889 1764 habe
2913 1719 2969 1762 tu
3019 1707 3274 1763 fiduciam
3312 1710 3368 1763 in
3396 1710 3502 1765 Do-

244 1794 426 1868 ἐθέλῃ,
459 1794 551 1866 ἔχε
606 1797 670 1851 σὺ
696 1796 794 1867 τὴν
826 1795 1153 1867 πεποίθησιν
1197 1796 1277 1860 είς
1316 1797 1407 1851 τὸν
1456 1797 1693 1869 Κύριον,
1727 1797 1808 1851 καῖ

1924 1794 2097 1862 mino,
2147 1803 2201 1849 et
2228 1795 2399 1865 psalle
2429 1795 2727 1852 decimum.
2767 1794 2905 1849 Cum
2962 1797 3258 1852 multorum
3309 1814 3499 1867 super-

239 1887 414 1957 ψάλλε
434 1888 527 1943 τὸν
560 1894 613 1941 ι’.
654 1888 822 1942 Ὅταν
849 1888 907 1942 δέ
930 1889 1030 1961 τὴν
1060 1888 1169 1942 τῶν
1202 1887 1411 1942 πολλῶν
1439 1888 1819 1960 ὑπερηφανίαν

239 1978 361 2049 Bg;
391 1979 485 2032 καὶ
504 1978 901 2044 πλεονάζουσαν
924 1978 1022 2051 τὴν
1047 1978 1267 2045 κακίαν,
1301 1977 1442 2032 ὥστε
1480 1978 1643 2049 μηδὲν
1673 1979 1818 2033 ὅσιον

239 2070 329 2125 ἐπ’
362 2069 672 2141 ἀνθρώποις
702 2071 986 2141 γενέσθαι,
1032 2071 1314 2141 κατάφυγε
1344 2072 1408 2125 σὺ
1455 2072 1548 2125 ἐπὶ
1578 2070 1668 2127 τὸν
1703 2071 1819 2126 Κύ-

242 2181 381 2236 ριον,
415 2164 510 2218 καὶ
536 2164 660 2233 λέγε
697 2164 788 2217 τὸν
819 2170 908 2218 ια’.
968 2162 1418 2234 Ἐγχρονιζούσης
1456 2162 1513 2216 δὲ
1535 2163 1630 2234 τῆς
1665 2163 1817 2235 παρὰ

238 2256 352 2312 τῶν
379 2256 590 2331 ἐχθρῶν
618 2255 943 2328 ἐπιϐουλῆς,
988 2256 1062 2328 μὴ
1094 2254 1347 2327 ὀλιγώρει
1389 2254 1465 2318 ὡς
1504 2254 1815 2326 ἐπιλησθεὶς

239 2348 397 2422 παρὰ
420 2349 497 2420 τῷ
524 2348 825 2420 Θεῷ,’ἀλλὰ
853 2348 1156 2419 παρακάλει
1193 2347 1283 2402 τὸν
1316 2346 1521 2418 Κύριον
1555 2346 1698 2418 ᾅδων
1721 2346 1814 2401 τὸν

239 2439 334 2509 ιβ’.
376 2440 629 2511 Ἐπειδὰν
663 2439 1124 2511 βλασφημούντων
1160 2437 1320 2497 τινῶν
1358 2437 1501 2492 κατὰ
1535 2439 1635 2509 τῆς
1666 2439 1810 2510 Προ-

236 2529 389 2595 νοίας
420 2530 679 2602 ἀκούσῃς,
714 2531 790 2603 μὴ
821 2529 1064 2585 κοινώνει
1105 2529 1205 2600 μὲν
1238 2529 1418 2585 αὐτῶν
1462 2531 1528 2600 τῇ
1565 2529 1809 2600 ἀσεϐείᾳ,

235 2619 584 2691 ἐντυγχάνων
608 2620 665 2674 δέ
690 2620 769 2691 τῷ
801 2619 939 2691 Θεῷ,
962 2619 1087 2699 λέγε
1111 2620 1202 2675 τὸν
1238 2626 1304 2688 ιγ’
1331 2620 1425 2674 καὶ
1443 2619 1541 2690 νβ’.
1571 2620 1680 2673 Καὶ
1700 2619 1811 2674 λοι-

233 2712 341 2766 πὸν
369 2712 463 2766 ἐὰν
496 2712 657 2785 θέλῃς
697 2711 889 2784 μαθεῖν
918 2713 1100 2777 ὁποῖός
1125 2714 1240 2767 ἐστι
1261 2713 1360 2784 τῆς
1390 2711 1668 2789 βασιλείας
1701 2712 1811 2766 τῶν

233 2803 486 2874 οὐρανῶν
506 2805 535 2857 ὁ
559 2803 803 2875 πολίτης,
826 2803 995 2873 ψάλλε
1020 2804 1111 2858 τὸν
1144 2804 1224 2858 ιδ’.

310 2894 400 2961 ιζ’.
446 2896 762 2969 Προσευχῆς
812 2913 895 2959 σοι
927 2896 1085 2967 χρεία
1123 2895 1212 2950 διὰ
1240 2895 1367 2961 τοὺς
1415 2895 1811 2968 ἀνθεστηκότας

233 3006 321 3042 σοι
353 2989 449 3043 καὶ
472 2989 821 3061 περιέχοντάς
850 3004 942 3042 σου
967 2987 1067 3062 τὴν
1089 2988 1286 3061 ψυχὴν,
1314 2986 1405 3061 ᾆδε
1441 2990 1533 3053 τὸν
1574 2995 1670 3054 ις’,
1715 2988 1810 3042 καὶ

1920 1884 2067 1940 biam
2113 1886 2316 1942 videris
2375 1887 2889 1958 improbitatemque
2940 1889 3161 1943 modum
3210 1890 3501 1957 excedere,

1920 1974 2079 2032 ita'ut
2100 1977 2235 2032 nihil
2258 1990 2509 2034 sanctum
2537 1978 2591 2032 in
2623 1980 2939 2034 hominibus
2988 1981 3313 2051 reperiatur,
3367 1998 3500 2039 con-

1917 2066 2044 2139 fuge
2090 2077 2145 2124 tu
2178 2069 2245 2125 ad
2291 2068 2607 2136 Dominum,
2644 2080 2698 2126 et
2736 2071 2825 2127 dic
2864 2072 3235 2127 undecimum.
3284 2073 3490 2139 Quodsi

1916 2157 2192 2214 diuturnae
2224 2159 2337 2215 sint
2367 2160 2714 2216 inimicorum
2759 2161 3084 2228 insidiae,ne
3130 2166 3315 2220 animo
3362 2165 3499 2221 deli-

1916 2249 2058 2314 cias,
2093 2250 2252 2321 quasi
2271 2249 2534 2307 Dominus
2574 2252 2644 2309 sit
2676 2254 2752 2308 tui
2782 2254 3005 2320 oblitus,
3048 2258 3141 2311 sed
3173 2257 3367 2313 invoca
3389 2256 3496 2313 Do-

1916 2339 2148 2405 uinum,
2214 2356 2418 2396 canens
2460 2341 2731 2397 decimum
2767 2345 3091 2400 secundum.
3126 2330 3262 2401 cum
3311 2360 3491 2403 autem

1918 2431 2184 2501 quosdam
2230 2433 2469 2488 audieris
2520 2434 2961 2504 blasphemantes
3012 2437 3272 2493 adversus
3301 2438 3491 2495 Provi-

1915 2523 2178 2591 dentiam,
2218 2524 2329 2578 noli
2370 2540 2559 2579 eorum
2612 2526 2875 2596 impietati
2915 2529 3360 2595 communicare;
3394 2531 3491 2585 sed

1916 2614 2150 2671 Domino
2176 2618 2508 2688 supplicans,
2549 2617 2717 2673 recita
2741 2620 2809 2673 15
2834 2627 2888 2675 et
2920 2620 3009 2675 52.
3059 2620 3266 2687 Quodsi
3300 2629 3489 2692 postea

1911 2707 2155 2762 ediscere
2182 2708 2360 2780 cupis,
2390 2709 2697 2780 qualisnam
2745 2709 2817 2766 sit
2845 2711 2978 2767 civis
3000 2713 3162 2783 regni
3200 2714 3488 2782 caelorum

1911 2799 2081 2869 psalle
2112 2799 2198 2854 14.

1914 2928 1947 2948 ..
1984 2890 2072 2946 l7.
2113 2889 2373 2948 Oratione
2415 2907 2552 2963 opus
2604 2902 2689 2949 est
2725 2894 2821 2950 tibi
2867 2904 3092 2966 propter
3140 2895 3488 2953 adversarios

1913 2990 2055 3050 tuos,
2091 2992 2145 3038 et
2184 2998 2315 3049 eos,
2353 2984 2448 3055 qui
2478 2985 2819 3042 circumdant
2865 2988 3102 3042 animam
3136 2995 3286 3043 tuam
3311 3030 3326 3053 ,
3352 3005 3488 3045 cane

230 3081 327 3133 τὸν
354 3086 460 3146 πε’,
490 3080 586 3134 καὶ
615 3080 707 3133 τὸν
736 3079 845 3146 πζ’,
882 3080 976 3134 καὶ
1009 3080 1099 3133 τὸν
1134 3087 1243 3151 ρμ’.
1295 3080 1455 3143 Ἀλλὰ
1498 3080 1671 3144 θέλεις
1707 3096 1808 3151 μα-

1915 3072 1984 3127 16
2007 3113 2022 3135 ,
2059 3074 2162 3141 85,
2197 3073 2267 3130 87
2295 3082 2351 3129 et
2379 3074 2502 3129 ΗΟ.
2534 3074 2607 3130 At
2646 3075 2731 3131 vis
2781 3077 2922 3133 scire
2967 3079 3242 3149 quomodo
3271 3079 3487 3151 Moyses

232 3171 371 3237 θεῖν,
412 3170 529 3234 πῶς
563 3170 803 3241 Μωῦσῆς
828 3168 1192 3247 προσηύξατο,
1224 3169 1367 3241 ἔχεις
1386 3170 1477 3224 τὸν
1514 3169 1623 3224 πθ’.
1668 3168 1805 3222 Ἀλλ’

1910 3165 2167 3231 oraverit,
2195 3165 2366 3221 habes
2398 3167 2793 3237 octogesimum
2834 3184 3060 3224 nonum.
3096 3168 3382 3227 Liberatus
3422 3188 3484 3228 es

230 3260 446 3332 ἐσώθης
470 3261 580 3315 ἀπὸ
600 3260 707 3314 τῶν
737 3259 947 3335 ἐχθρῶν
977 3278 1092 3325 σου,
1121 3260 1215 3314 καὶ
1259 3259 1532 3332 ἐρῤύσθης
1563 3260 1671 3314 ἀπὸ
1698 3258 1806 3313 τῶν

226 3351 533 3406 διωκόντων
559 3369 641 3418 σε,
667 3347 760 3424 ᾆδε
796 3352 893 3406 καὶ
926 3352 990 3405 σὺ
1015 3352 1106 3405 τὸν
1139 3350 1203 3416 ιζ’
1226 3351 1459 3422 ψαλμόν.
1492 3350 1806 3422 Θαυμάζεις

226 3442 330 3512 τὴν
357 3441 458 3512 τῆς
477 3441 707 3505 κτίσεως
732 3440 906 3508 τάξιν,
942 3440 1033 3494 καὶ
1081 3441 1181 3513 τὴν
1207 3442 1287 3504 είς
1317 3439 1488 3512 αὐτὴν
1524 3440 1624 3511 τῆς
1660 3440 1805 3511 Προ-

225 3533 377 3598 νοίας
417 3532 602 3605 χάριν,
638 3531 733 3586 τοῦ
779 3549 840 3585 τε
880 3532 1047 3610 νόμου
1093 3532 1163 3595 τὰ
1206 3530 1327 3604 ίερὰ
1382 3531 1801 3603 προστάγματα,

220 3625 398 3696 ψάλλε
420 3626 512 3678 τὸν
540 3632 608 3696 ιη’
632 3625 727 3679 καὶ
751 3624 842 3677 τὸν
864 3630 969 3697 κγ’.
1000 3622 1360 3695 Θλιὸομένους
1403 3622 1461 3676 δὲ
1500 3622 1664 3695 ὁρῶν,
1696 3640 1804 3677 πα-

223 3716 454 3789 ρακάλει
474 3714 717 3781 τούτους,
741 3715 1103 3791 ἐπευχόμενος
1125 3714 1219 3769 καὶ
1247 3714 1419 3784 λέγων
1441 3715 1625 3778 αὐτοῖς
1648 3714 1717 3768 τὰ
1745 3716 1805 3771 ἐν

219 3808 304 3880 τῷ
331 3810 394 3863 ιθ’
419 3807 622 3879 ψαλμῷ
652 3808 893 3880 ῥήματα.
942 3806 1106 3885 Ὁρᾷς
1140 3804 1363 3859 σεαυτὸν
1386 3804 1805 3877 ποιμαινόμενον

220 3903 322 3955 καὶ
349 3900 699 3971 εὑοδούμενον
722 3899 873 3971 παρὰ
908 3898 1002 3954 τοῦ
1019 3898 1248 3971 Κυρίου,
1271 3897 1478 3969 χαίρων
1509 3897 1602 3952 ἐπὶ
1630 3900 1804 3970 τούτῳ

218 3992 391 4064 om
417 3992 509 4046 τὸν
529 3992 634 4063 κβ’.
660 3994 724 4046 Ui
752 3991 936 4063 ἐχθροὶ
968 3992 1095 4063 περὶ
1126 3990 1207 4057 σὲ,
1232 3990 1368 4045 ἀλλὰ
1399 3992 1464 4044 σὺ
1495 3990 1595 4062 τὴν
1625 3990 1803 4065 ψυχὴν

218 4081 468 4152 ἐπαίρων
500 4081 638 4152 πρὸς
665 4080 797 4134 Θεὸν
816 4120 831 4144 ,
878 4079 1004 4149 λέγε
1030 4079 1121 4133 τὸν
1155 4080 1254 4143 κδ’,
1299 4080 1395 4133 καὶ
1430 4078 1549 4149 ὕψει
1579 4079 1803 4143 τούτους

215 4169 671 4241 ἁμαρτάνοντας
700 4168 1002 4237 διακενῆς.
1067 4170 1449 4239 Ἐπιμένουσιν
1503 4172 1552 4225 oi
1595 4170 1799 4243 ἐχθροὶ,

214 4262 373 4316 οὐδὲν
396 4262 584 4333 ἕτερον
609 4261 643 4332 ἢ
676 4260 775 4325 τὰς
801 4263 987 4333 χεῖρας
1022 4260 1234 4331 ἔχοντες
1263 4262 1511 4333 αἱμάτων
1551 4262 1797 4334 πλήρεις,

216 4354 313 4407 καὶ
348 4349 638 4423 ζητοῦντες
663 4348 886 4403 ἐλκῦσαί
921 4366 981 4403 σε
1010 4350 1105 4403 καὶ
1136 4350 1397 4405 ἀπολέσαι
1416 4389 1431 4415 ,
1462 4350 1536 4422 μὴ
1564 4350 1670 4421 δῷς
1706 4353 1800 4405 ἀν-

1906 3257 1977 3311 ab
2010 3256 2246 3313 inimicis
2299 3258 2411 3313 tuis
2458 3268 2514 3313 et
2555 3268 2804 3315 servatus
2838 3274 2869 3314 ι
2913 3262 3366 3330 persequentibus
3397 3272 3481 3328 te,

1905 3360 2043 3400 cane
2086 3355 2141 3402 et
2173 3355 2229 3401 tu
2271 3346 2546 3403 decimum
2588 3350 2878 3419 septimum
2924 3352 3218 3421 psalmum.
3268 3352 3482 3408 Miraris

1905 3445 2113 3493 natura:
2140 3438 2383 3494 ordinem
2422 3447 2477 3494 et
2505 3439 2866 3497 Providentiae
2893 3444 3123 3514 gratiam
3151 3444 3208 3499 in
3239 3445 3330 3500 illa
3349 3487 3365 3512 ,
3395 3447 3477 3501 le-

1902 3528 2095 3599 gisque
2128 3545 2281 3585 sacra
2304 3540 2593 3601 praecepta,
2618 3534 2787 3603 psalle
2822 3535 2890 3588 18
2910 3542 2965 3589 et
2991 3534 3081 3589 2'5.
3116 3535 3253 3590 Cum
3279 3537 3481 3593 videris

1905 3618 2153 3687 afﬂictos,
2187 3622 2473 3678 consolare
2512 3622 2635 3679 illos
2664 3624 2801 3679 bene
2824 3626 3118 3695 precando,
3149 3642 3214 3683 ac
3250 3627 3479 3683 dicendo

1905 3711 2011 3768 illis
2038 3713 2202 3769 verba
2236 3713 2434 3770 decimi
2472 3715 2602 3771 noni
2642 3716 2860 3786 psalmi.
2895 3713 3057 3773 Vides
3093 3725 3144 3772 te
3173 3734 3203 3772 a
3247 3716 3480 3776 Domino

1903 3804 2054 3873 pasci
2102 3819 2166 3859 ac
2192 3804 2375 3875 dirigi,
2405 3806 2510 3861 hac
2545 3805 2599 3859 in
2625 3821 2684 3860 re
2715 3807 2957 3876 gaudens
2984 3808 3154 3877 psalle
3180 3808 3272 3864 22.
3316 3807 3477 3863 inva-

1902 3894 2039 3949 dunt
2064 3902 2115 3948 te
2149 3894 2356 3949 inimici
2387 3896 2489 3963 tui,
2518 3906 2573 3950 at
2604 3906 2661 3951 tu
2685 3897 2923 3951 animam
2947 3899 3163 3968 erigens
3192 3900 3259 3953 ad
3293 3899 3478 3954 Domi-

1903 3997 2032 4036 num
2059 3982 2146 4037 dic
2184 3983 2276 4049 24,
2313 3993 2368 4038 et
2407 3984 2616 4040 videbis
2666 3987 2843 4056 inique
2882 3997 3090 4057 agentes
3136 4004 3472 4058 supervacue.

1900 4071 2229 4143 Exspectant
2253 4074 2496 4142 inimici,
2525 4075 2660 4129 nihil
2692 4076 2954 4131 habentes
2983 4076 3131 4133 aliud
3158 4094 3322 4149 quam
3353 4096 3475 4136 ma-

1902 4177 2006 4215 nus
2032 4162 2297 4233 sanguine
2342 4162 2558 4232 plenas,
2605 4178 2671 4219 ac
2715 4173 3026 4231 querentes
3066 4172 3120 4219 te
3166 4180 3361 4221 vexare
3408 4180 3475 4221 ac

1899 4253 2143 4323 perdere,
2174 4269 2242 4307 ne
2261 4253 2475 4310 deferas
2503 4255 2712 4309 liOmini
2733 4254 3022 4324 judicium,
3048 4265 3299 4325 suspecta
3325 4256 3471 4311 enim

1900 4352 2030 4400 sunt
2071 4346 2252 4415 omnia
2284 4346 2561 4413 humana;
2595 4347 2690 4402 sed
2719 4346 2886 4401 Deum
2914 4348 3149 4416 judicem
3185 4348 3471 4417 postulans

213 4442 424 4517 θρὼπῳ
447 4443 510 4497 τὸ
531 4446 703 4515 κρῖμα
730 4442 969 4513 (ὕποπτα
995 4444 1103 4513 γὰρ
1124 4442 1301 4496 πάντα
1331 4442 1400 4496 τὰ
1427 4440 1794 4513 ἀνθρώπινα)ο

1910 4434 2074 4504 [solus
2116 4436 2260 4491 enim
2292 4436 2382 4492 ille
2416 4436 2645 4507 judex),
2681 4437 2771 4491 dic
2813 4436 2919 4502 25,
2947 4437 3165 4502 54,42.
3207 4438 3264 4496 Si
3291 4440 3472 4497 acrius

217 4534 359 4589 ἀλλὰ
394 4534 486 4588 τὸν
515 4534 650 4587 Θεὸν
686 4534 854 4601 ἀξιῶν
904 4535 1099 4607 κριτὴν
1144 4532 1397 4603 γενέσθαι
1438 4532 1640 4604 (μόνος
1687 4534 1796 4605 γὰρ

212 4628 382 4692 αὐτὸς
411 4625 675 4697 δίκαιος),
702 4625 828 4696 λέγε
854 4627 924 4680 τὰ
956 4628 1014 4680 ἐν
1046 4626 1126 4697 τῷ
1173 4632 1252 4680 κε’
1274 4665 1288 4689 ,
1320 4625 1415 4679 καὶ
1441 4626 1533 4680 τὸν
1579 4625 1673 4691 λδ’,
1701 4627 1796 4679 καὶ

213 4720 308 4773 τὸν
332 4718 440 4790 μβ’.
484 4717 609 4771 Ἐὰν
641 4717 699 4772 δέ
727 4717 821 4771 καὶ
840 4716 1173 4789 τραχύτερον
1203 4716 1520 4782 ἐπίθωνται,
1542 4718 1637 4769 καὶ
1664 4717 1798 4787 πλῆ-

213 4808 309 4874 θος
331 4808 405 4873 ὡς
428 4808 772 4880 παρεμὸολαὶ
799 4809 1063 4876 γένωνται
1084 4809 1132 4860 oi
1158 4806 1362 4878 ἐχθροὶ,
1395 4807 1795 4877 καταφρονοῦν-

210 4916 306 4961 τες
350 4897 426 4961 di;
482 4899 648 4970 μήπω
681 4914 774 4951 σου
808 4897 1141 4969 χρισθέντος,
1175 4896 1271 4949 καὶ
1314 4895 1404 4950 διὰ
1440 4894 1600 4948 τοῦτο
1634 4896 1792 4949 πολε-

212 4992 343 5062 μεῖν
370 4988 670 5052 ἐθέλοντεςο
704 4990 777 5061 μὴ
800 4988 1029 5060 πτήξῃς,
1058 4987 1173 5041 ἀλλ’
1199 4982 1293 5058 ᾆδε
1322 4987 1414 5040 τὸν
1445 4993 1536 5051 κς¹
1557 4986 1789 5058 ψαλμόν.

224 5079 446 5151 Ἐπειδὴ
485 5080 543 5134 δὲ
576 5080 808 5152 ἀσθενής
864 5082 1012 5133 ἐστιν
1066 5079 1291 5151 ἡφύσις
1316 5078 1426 5133 τῶν
1466 5078 1787 5150 ἀνθρώπων,

208 5172 310 5228 ἐὰν
336 5171 498 5225 πάλιν
538 5172 965 5242 ἀναισχυντῶσιν
1004 5172 1054 5225 οἱ
1091 5170 1559 5239 ἐπιϐουλεύοντες,
1597 5172 1683 5226 ἵνα
1714 5172 1788 5244 μὴ

207 5263 351 5335 πρὸς
375 5263 620 5326 ἐκείνους
646 5262 777 5334 ἔχῃς
796 5263 894 5333 τὴν
926 5262 1141 5334 σχολὴν,
1171 5261 1342 5335 κράζε
1364 5263 1501 5335 πρὸς
1521 5262 1611 5318 τὸν
1634 5262 1785 5328 Θεὸν,

204 5354 383 5423 λέγων
414 5354 485 5408 τὰ
507 5355 567 5407 ἐν
594 5354 673 5425 τῷ
703 5353 803 5417 κζ’.
845 5355 955 5408 Καὶ
991 5353 1087 5408 ἐὰν
1118 5354 1278 5425 θέλῃς
1305 5355 1644 5427 εὐχαριστῶν
1680 5371 1787 5425 μα-

207 5445 325 5499 θεῖν
376 5444 496 5508 πῶς
548 5444 631 5497 δεῖ
659 5444 989 5516 προσφέρειν
1026 5444 1104 5517 τῷ
1152 5446 1364 5517 Κυρίῳ,
1395 5445 1601 5516 νοητῶς
1651 5446 1786 5500 νοῶν

203 5534 379 5605 ψάλλε
404 5534 499 5593 τὸν
529 5540 637 5607 κη’.
662 5536 771 5589 Καὶ
799 5535 983 5589 λοιπὸν
1029 5535 1350 5603 ἐγκαινίζων
1393 5535 1483 5589 τὸν
1515 5531 1660 5589 οἶκόν
1693 5553 1783 5589 σου

206 5626 311 5696 τήν
337 5641 397 5677 τε
426 5624 606 5697 ψυχὴν
626 5625 727 5696 τὴν
753 5626 846 5678 τὸν
868 5625 1071 5696 Κύριον
1092 5624 1495 5696 ὑποδεχομένην
1519 5664 1534 5688 ,
1568 5625 1662 5678 καὶ
1694 5626 1785 5679 τὸν

207 5718 524 5785 σωματικὸν
550 5712 719 5781 οἷκον,
747 5719 806 5771 ἐν
827 5709 871 5785 ᾧ
902 5716 1231 5787 σωματικῶς
1275 5718 1547 5778 κατοικεῖς
1566 5756 1581 5779 ,
1618 5717 1783 5787 εύχαο

1898 4526 2105 4582 instent
2147 4536 2203 4582 et
2254 4543 2366 4598 prae
2406 4528 2753 4583 multitudine
2780 4530 2937 4599 quasi
2972 4531 3246 4585 exercitus
3268 4528 3471 4593 fuerint

1898 4618 2125 4683 inimici,
2159 4629 2212 4674 te
2240 4629 2497 4689 tanquam
2533 4621 2774 4675 nondum
2809 4631 3031 4677 unctum
3076 4623 3466 4693 despicientcs,

1897 4714 2130 4784 ideoque
2162 4728 2477 4785 Oppugnare
2516 4715 2715 4780 velint;
2755 4731 2824 4771 ne
2866 4713 3160 4783 formides,
3206 4718 3299 4773 sed
3334 4732 3468 4773 cane

1894 4805 2218 4862 vicesimum
2274 4814 2490 4861 sextum
2526 4806 2819 4876 psalmum.
2868 4807 2939 4861 At
2982 4808 3238 4876 quoniam
3291 4809 3465 4864 imbe-

1895 4898 2017 4952 cilla
2046 4906 2129 4953 est
2165 4897 2450 4952 hominum
2494 4906 2688 4952 natura
2711 4935 2728 4963 ,
2765 4897 2810 4952 si
2835 4897 3178 4968 impudenter
3210 4899 3468 4959 insistant

1894 4988 2273 5053 insidiatores,
2327 5003 2395 5043 ue
2432 4989 2679 5043 attendas
2724 4988 2860 5059 ipsis
2885 5029 2900 5055 ,
2933 4988 3027 5043 sed
3073 4990 3139 5043 ad
3173 4987 3465 5046 Dominum

1892 5080 2088 5144 clama,
2108 5080 2296 5135 dicens
2323 5080 2488 5135 verba
2518 5080 2760 5135 vicesimi
2788 5080 3025 5149 septimi.
3052 5078 3207 5145 Quod
3250 5080 3296 5135 si
3343 5096 3465 5151 graa

1892 5170 1995 5225 tias
2021 5169 2229 5240 agendo
2255 5169 2498 5224 ediscere
2525 5169 2679 5234 velis,
2701 5169 2979 5239 quomodo
3008 5178 3251 5238 oporteat
3273 5169 3466 5224 oil'erre

1893 5257 2155 5325 Domino,
2181 5258 2537 5327 spiritualiter
2575 5258 2880 5329 intelligens
2923 5257 3095 5327 psalle
3142 5257 3465 5319 vicesimum

1889 5360 2162 5406 octavum.
2195 5348 2261 5403 Et
2305 5350 2524 5404 demum
2564 5366 2689 5405 cum
2738 5350 2961 5404 domum
3009 5360 3154 5403 tuam
3202 5348 3463 5417 dedicas,

1888 5440 1994 5495 hoc
2022 5449 2107 5495 est
2137 5440 2376 5495 animam
2410 5449 2581 5505 tuam,
2612 5454 2731 5509 qua:
2762 5439 3052 5494 Dominum
3081 5438 3320 5509 excipit,
3350 5439 3460 5491 imo

1887 5528 2200 5586 sensibilem
2252 5529 2511 5594 domum,
2565 5527 2618 5582 in
2654 5542 2761 5597 qua
2809 5527 3166 5596 corporaliter
3205 5516 3418 5582 habitas
3443 5568 3460 5597 ,ι

1886 5621 2091 5692 gratias
2120 5636 2238 5691 age,
2272 5632 2326 5691 et
2347 5621 2433 5676 dic
2465 5621 2783 5685 vicesimum
2807 5634 3034 5687 nonum,
3057 5629 3110 5687 et
3136 5634 3199 5675 ex
3228 5618 3455 5689 graduax

1886 5714 2034 5772 libus
2065 5713 2186 5768 126.

210 5808 411 5874 sicut,
440 5808 533 5861 καὶ
566 5806 689 5877 λέγε
730 5808 818 5863 τόν
846 5825 903 5862 τι
931 5808 1010 5862 κθ⁸
1057 5812 1147 5863 καὶ
1177 5810 1267 5863 τὸν
1309 5810 1366 5863 ἐν
1406 5811 1516 5875 τοῖς
1544 5810 1808 5887 ἀναϐαθμι

1910 5815 2053 5884 ρης-’ρ
