3874 6218
404 344 471 400 51
1246 345 1303 399 S.
1316 338 1723 400 fATHANASll
1764 344 1914 401 OPP.
1957 342 1969 395 l

2075 344 2143 399 irS
2180 344 2262 398 Ill.
2306 376 2373 384 —
2414 344 2824 399 EXEGETICA.
3586 350 3657 406 53

482 464 568 520 18.
610 465 745 520 Cum
772 472 953 520 autem
979 472 1028 519 te
1049 464 1118 519 ab
1142 464 1395 521 omnibus
1448 466 1641 521 amicis
1665 475 1719 520 et
1738 467 1969 537 cognatis

2160 462 2248 534 ιη’.
2286 464 2455 516 Ὅταν
2482 463 2539 516 δὲ
2573 462 2768 516 σαυτὸν
2804 462 2891 514 διὰ
2930 462 3026 531 τὴν
3052 460 3305 532 ἀλήθειαν
3334 462 3657 534 μισούμενον

414 565 634 625 propter
678 555 961 609 veritatem
996 554 1122 608 odio
1151 553 1336 609 haberi
1366 557 1728 626 perspexeris,
1764 572 1831 610 ne
1863 557 1981 624 ejus

414 647 485 701 rei
521 661 689 702 causa
729 646 973 700 animum
1000 646 1361 716 despondeas,
1408 662 1582 716 neque
1607 656 1787 710 notos,
1814 649 1904 717 qui
1931 659 1982 701 te
2014 710 2017 713 ς

414 745 753 803 aversantur,
789 736 1134 804 reformides,
1167 738 1259 792 sed
1287 737 1355 791 ab
1388 738 1495 791 illis
1532 748 1584 791 te
1614 736 1903 807 segregans
1929 746 1983 791 et

412 829 595 883 nitura
656 829 987 898 respiciens,
1040 828 1210 897 psalle
1265 829 1619 884 tricesimum.
1674 828 1981 898 Baptizatos

412 931 594 974 autem
640 931 693 975 et
719 938 749 975 a
778 922 1122 992 corruptibili
1148 922 1496 993 generatione
1524 921 1830 990 redemptos
1856 937 1977 975 cum

413 1010 645 1077 videris,
679 1011 771 1065 Dei
804 1012 1151 1066 clementiam
1199 1012 1517 1075 admirans,
1577 1025 1711 1064 cane
1764 1010 1977 1063 illorum

412 1105 585 1170 gratia
638 1105 973 1159 tricesimum
1028 1106 1285 1175 primum.
1344 1102 1572 1169 Quando
1620 1119 1742 1158 cum
1797 1102 1980 1156 multis

411 1193 640 1262 psallere
689 1194 957 1256 volueris,
980 1195 1159 1263 justus
1221 1194 1367 1249 viros
1429 1202 1483 1248 et
1530 1194 1695 1263 probe
1737 1193 1977 1247 viventes

411 1299 749 1355 congregans
776 1324 790 1348 ,
822 1285 990 1353 psalle
1028 1284 1365 1338 tricesimum
1395 1284 1717 1338 secundum.
1754 1284 1893 1337 Cum
1925 1285 1976 1336 iu

412 1375 595 1430 hostes
626 1375 899 1439 incideris,
935 1383 989 1428 et
1025 1375 1318 1444 prudenter
1354 1375 1475 1431 illos
1508 1374 1789 1445 eﬂ'ugeris,
1818 1383 1980 1444 atque

410 1466 770 1521 detlinaveris
823 1466 892 1519 ab
948 1480 1137 1519 eorum
1192 1465 1438 1531 insidiis;
1486 1466 1532 1519 si
1587 1464 1719 1519 velis
1777 1465 1978 1534 gratias

411 1572 601 1625 agere,
633 1557 777 1610 viros
816 1565 1128 1609 mansuetos
1158 1570 1497 1624 congregans
1521 1596 1535 1620 ,
1577 1556 1744 1623 psalle
1767 1571 1888 1609 cum
1913 1557 1979 1610 iis

412 1647 749 1700 tricesimum
794 1648 1032 1700 tertium.
1071 1648 1138 1701 Et
1182 1648 1226 1700 si
1260 1646 1460 1701 videris
1499 1647 1813 1716 iniquorum
1849 1663 1976 1717 erga

410 1739 678 1792 malitiam
708 1738 977 1804 studium,
1015 1753 1083 1792 ne
1132 1738 1411 1792 existimes
1440 1738 1701 1791 malitiam
1751 1738 1802 1791 in
1842 1738 1977 1809 ipsis

410 1829 713 1881 naturalem
745 1844 867 1883 esse
890 1869 905 1893 ,
936 1836 995 1881 ut
1026 1828 1263 1882 hazretici
1298 1827 1485 1894 aiunt,
1520 1829 1613 1883 sed
1640 1829 1728 1883 dic
1765 1830 1977 1884 tricesi-
2010 1824 2050 1878 Β

408 1937 557 1975 mum
586 1922 859 1990 quintum,
902 1920 1215 1991 videbisque
1257 1921 1404 1989 ipsos
1438 1920 1539 1973 sibi
1577 1922 1835 1990 peccandi
1875 1938 1978 1975 au-

409 2022 585 2067 ctores
607 2028 747 2069 esse.
770 2012 826 2067 Si
852 2014 1128 2081 improhos
1147 2013 1351 2067 videris
1380 2013 1547 2066 multa
1576 2014 1758 2083 inique
1786 2028 1979 2083 perpe-

408 2113 573 2169 trare,
599 2114 761 2173 atque
785 2104 1073 2158 adversum
1104 2104 1329 2173 pusillos
1356 2105 1634 2173 insurgere
1654 2146 1667 2171 ,
1705 2112 1759 2157 et
1785 2105 1974 2159 volue-

411 2194 490 2248 ris
535 2194 749 2263 aliquos
806 2194 1096 2248 admonere
1146 2210 1215 2247 ne
1264 2194 1394 2262 ipsis
1450 2195 1764 2258 attendant,
1803 2209 1978 2263 neque

408 2285 735 2338 aemulentur
766 2284 911 2349 illos,
948 2285 1077 2355 quia
1100 2284 1249 2338 brevi
1289 2286 1531 2339 futurum
1580 2295 1662 2341 est
1697 2295 1756 2339 ut
1780 2287 1978 2341 exstin-

409 2388 672 2449 guantur,
714 2389 820 2432 tam
858 2378 954 2434 tibi
1008 2378 1112 2449 ipsi
1161 2394 1323 2450 quam
1366 2379 1494 2435 aliis
1526 2380 1613 2436 dic
1645 2382 1973 2437 tricesimum

406 2480 643 2524 Sextum.

474 2690 561 2745 l9.
603 2690 741 2742 Cum
780 2704 943 2759 porro
994 2690 1089 2744 tibi
1136 2692 1412 2747 attendere
1466 2694 1754 2761 statueris,
1809 2696 1855 2751 si
1901 2696 1975 2750 ir-

403 2786 651 2828 ruentem
685 2776 890 2829 videris
914 2776 1127 2831 hostem
1162 2796 1174 2831 :
1211 2794 1334 2832 nam
1368 2780 1628 2837 adversus
1661 2783 1973 2852 huiusmodi

402 2867 654 2921 homines
687 2868 867 2923 acrius
894 2868 983 2923 ille
1018 2870 1253 2942 insurgit
1282 2891 1293 2926 :
1330 2882 1485 2943 teque
1507 2875 1746 2932 volueris
1784 2878 1975 2933 adver—

403 2974 499 3012 sus
535 2957 686 3011 illum
724 2959 996 3023 excitare,
1034 2960 1123 3016 dic
1154 2961 1488 3017 tricesimum
1537 2975 1788 3020 octavum
1830 2967 1975 3037 psal-

402 3066 575 3105 mum.
628 3050 683 3104 Si
737 3052 1072 3108 irruentibus
1121 3055 1358 3112 inimicis
1403 3072 1675 3114 aerumnas
1706 3059 1970 3128 patiaris,

2088 556 2537 626 καὶδιωκόμενον
2567 555 2715 624 παρὰ
2746 553 2962 607 πάντων
2990 554 3098 607 τῶν
3123 571 3183 606 τε
3216 555 3384 624 φίλων
3414 555 3507 607 καὶ
3536 572 3658 623 συγ-

2086 646 2260 715 γενῶν
2285 647 2509 717 βλέπῃς,
2546 646 2619 717 ui]
2646 646 2855 709 τούτοις
2882 644 3013 715 μηδέ
3040 644 3216 715 σαυτῴ
3244 646 3523 699 κατανοῶν
3542 646 3654 699 ὀλι-

2087 739 2362 811 γωρήσῃς,
2389 738 2531 809 μηδ’,
2566 738 2632 791 ἂν
2662 737 2790 799 τοὺς
2826 737 3134 806 γνωρίμους
3183 736 3299 809 ἴδῃς
3325 737 3659 807 ἀποστρεφο-

2091 827 2285 897 μένους
2310 844 2390 892 σε,
2418 827 2646 899 πτήξῃς,
2673 826 2787 880 ἀλλ’
2808 826 3006 889 ἐκστάς
3034 826 3141 879 άπὸ
3165 827 3388 891 τούτων,
3416 828 3509 880 καὶ
3533 844 3659 880 σκο-

2089 919 2205 973 πῶν
2236 919 2303 971 τὰ
2329 919 2611 988 μέλλοντα,
2646 919 2812 989 ψάλλε
2841 919 2931 971 τὸν
2964 919 3027 971 λ’.
3058 919 3194 981 Τοὺς
3223 919 3280 972 δὲ
3327 919 3658 990 βαπτιζομέ-

2086 1022 2209 1070 νους
2262 1009 2357 1060 καὶ
2384 1007 2783 1079 λυτρουμένους
2839 1008 2948 1061 άπὸ
2975 1008 3074 1077 τῆς
3105 1007 3350 1079 φθαρτῆς
3389 1009 3657 1074 γενέσεως

2088 1099 2320 1168 βλέπων,
2349 1102 2443 1153 καὶ
2471 1099 2762 1170 θαυμάζων
2783 1100 2883 1171 τὴν
2925 1099 3019 1152 τοῦ
3051 1100 3188 1152 Θεοῦ
3226 1100 3654 1170 φιλανθρωπίαν,

2086 1188 2176 1263 ᾇδε
2199 1192 2278 1254 είς
2306 1192 2550 1255 ἐκείνους
2578 1191 2668 1245 τὸν
2701 1191 2802 1244 λα’.
2844 1192 2953 1243 Ka‘t
2979 1193 3107 1244 ὅταν
3140 1190 3238 1261 μὲν
3261 1190 3483 1259 ψάλλειν
3518 1190 3658 1261 μετὰ

2087 1282 2295 1336 πολλῶν
2324 1282 2536 1357 ἐθέλῃς,
2568 1285 2693 1346 τοὺς
2715 1282 2953 1346 δικαίους
2984 1282 3182 1355 ἄνδρας
3204 1284 3299 1336 καὶ
3324 1285 3449 1347 τοὺς
3464 1283 3657 1354 ὀρθοὺς

2084 1371 2163 1445 τῷ
2183 1373 2282 1443 βίῳ
2310 1372 2628 1442 συναγαγὼν
2652 1413 2667 1436 ,
2706 1372 2833 1442 λέγε
2864 1374 2957 1426 καὶ
2992 1374 3056 1425 σὺ
3085 1374 3176 1426 τὸν
3209 1374 3310 1445 λβ¹.
3369 1373 3655 1443 Ἐμπεσὼν

2083 1461 2139 1515 δὲ
2189 1465 2270 1526 είς
2302 1464 2429 1527 τοὺς
2462 1463 2721 1534 ἐχθροὺς,
2756 1463 2851 1516 καὶ
2896 1462 3077 1531 σοφῶς
3130 1463 3324 1526 αὐτοὺς
3355 1455 3652 1531 διαφυγὼν,

2085 1553 2180 1606 καὶ
2207 1554 2462 1617 ἐκκλίνας
2484 1554 2591 1606 ἀπὸ
2616 1553 2716 1623 τῆς
2746 1552 3036 1623 ἐπιϐουλῆς
3061 1553 3259 1617 αὐτῶν,
3292 1554 3341 1605 εί
3374 1552 3545 1616 θέλεις
3566 1552 3656 1605 εὐ-

2084 1649 2428 1720 χαριστῆσαι,
2458 1646 2798 1716 συγκαλέσας
2822 1646 2947 1709 τοὺς
2976 1648 3170 1716 πραεῖς
3200 1643 3420 1714 ἄνδρας,
3450 1644 3536 1697 ἐπ’
3558 1645 3656 1698 αύ-

2082 1737 2190 1791 τῶν
2218 1739 2384 1808 ψάλλε
2414 1738 2504 1792 τὸν
2532 1738 2631 1806 λγ’.
2657 1734 2767 1790 Καὶ
2796 1736 2890 1788 ἐάν
2923 1735 3036 1807 ἴδῃς
3063 1735 3171 1788 τῶν
3193 1734 3654 1805 παρανομούντων

2079 1833 2175 1904 τὴν
2203 1834 2294 1886 ἐπὶ
2318 1832 2379 1884 τὸ
2405 1831 2571 1885 κακὸν
2606 1829 2935 1900 φιλονεικίαν
2965 1866 2980 1892 ,
3018 1828 3093 1898 μὴ
3147 1826 3333 1897 νόμιζε
3382 1830 3440 1882 ἐν
3470 1826 3655 1889 αὐτοῖς

2083 1924 2223 1978 κατά
2258 1924 2417 1992 φύσιν
2466 1922 2563 1994 τὴν
2597 1920 2793 1975 κακίαν
2820 1916 2983 1984 εἶναι,
3019 1916 3106 1971 οἷα
3143 1918 3392 1986 λέγουσιν
3424 1920 3474 1971 οί
3502 1919 3655 1989 αἱρε-

2080 2013 2221 2068 τικοί
2243 2032 2255 2044 ·
2302 2012 2437 2067 ἀλλὰ
2491 2012 2613 2081 λέγε
2641 2011 2732 2066 τὸν
2776 2011 2871 2074 λε’,
2905 2011 3001 2065 καὶ
3048 2009 3190 2080 ὕψει,
3239 2011 3321 2063 ὅτι
3373 2009 3524 2062 αὐτοὶ
3554 2007 3651 2062 τοῦ

2080 2106 2413 2178 ἁμαρτάνειν
2442 2105 2577 2158 είσὶν
2610 2104 2793 2157 αἴτιοι.
2836 2103 2959 2156 Ἐάν
3014 2103 3073 2156 δὲ
3108 2101 3275 2155 πολλὰ
3313 2101 3653 2173 πράττοντας

2078 2197 2254 2267 ἄνομα
2280 2196 2407 2259 τοὺς
2441 2195 2706 2267 πονηροὺς
2734 2195 2955 2266 βλέπῃς,
3000 2195 3093 2248 καὶ
3120 2194 3512 2265 ἐπαιρομένους
3555 2194 3653 2249 αὺ-

2077 2287 2203 2350 τοὺς
2231 2287 2373 2340 κατὰ
2394 2286 2501 2339 τῶν
2532 2285 2762 2357 μικρῶν,
2795 2287 2890 2340 κα)⁸
2925 2286 3083 2358 θέλῃς
3116 2289 3401 2357 παραινεῖν
3428 2303 3540 2338 τισι
3572 2286 3649 2357 μὴ

2078 2376 2364 2448 προσέχειν
2400 2376 2628 2441 τούτοις,
2655 2378 2787 2447 μηδέ
2818 2375 3166 2447 παραζηλοῦν
3197 2377 3411 2441 αὐτοὺς,
3462 2375 3551 2429 διά
3586 2377 3653 2429 τὸ

2077 2466 2284 2535 ταχέως
2313 2466 2507 2527 αὐτοὺς
2548 2466 3011 2530 άποσσέννυσθαι,
3040 2466 3165 2535 λέγε
3194 2466 3289 2519 καὶ
3327 2465 3511 2537 σαυτῷ
3553 2468 3653 2521 καὶ

2076 2561 2188 2622 τοῖς
2213 2556 2418 2628 ἐτέροις
2442 2558 2534 2610 τὸν
2561 2557 2670 2621 λς’.
3340 2550 3341 2559 “

2154 2690 2240 2745 ιθ’.
2283 2690 2441 2743 Ἀλλὰ
2464 2690 2527 2759 δὴ
2546 2689 2639 2743 καὶ
2658 2688 2744 2755 σὺ,
2772 2688 3106 2759 προθέμενος
3134 2687 3420 2760 προσέχειν
3442 2688 3647 2759 σαυτῷ,

2076 2783 2170 2837 ἐὰν
2200 2783 2402 2855 βλέπῃς
2450 2779 2824 2851 ἐπιτιθέμενον
2855 2781 2945 2833 τὸν
2975 2781 3163 2851 ἐχθρὸν
3191 2768 3343 2852 (τότε
3369 2779 3477 2852 γὰρ
3506 2780 3648 2851 μᾶλ-

2075 2870 2163 2924 λον
2192 2871 2535 2941 ἐπεγείρεται
2559 2868 2699 2923 κατὰ
2724 2868 2831 2922 τῶν
2859 2868 3172 2938 τοιούτων),
3214 2869 3304 2922 καὶ
3328 2869 3491 2940 θέλῃς
3545 2871 3648 2922 ἐπ-

2074 2962 2315 3031 αλείφειν
2351 2961 2541 3014 σαυτὸν
2571 2961 2692 3015 κατ’
2718 2959 2902 3025 αὐτοῦ,
2932 2956 3024 3032 ᾆδε
3049 2960 3138 3013 τὸν
3167 2961 3245 3031 λη’
3280 2961 3509 3031 ιζαλμόν.
3537 2962 3650 3014 Καὶ

2075 3055 2190 3122 ἐὰν,
2212 3054 2320 3108 τῶν
2342 3051 2547 3125 ἐχθρῶν
2576 3052 2989 3123 ἐπιτιθεμένων,
3008 3052 3282 3125 ὑπομένῃς
3299 3053 3395 3117 τὰς
3413 3052 3644 3124 θλίψεις,

406 3140 752 3212 volucrisque
776 3142 1043 3207 ediscere,
1071 3155 1271 3214 quanta
1292 3146 1362 3201 sit
1388 3148 1439 3201 in
1462 3148 1718 3217 patientia
1742 3150 1968 3212 utilitas.

2075 3148 2170 3201 καὶ⁹
2222 3146 2379 3217 θέλῃς
2439 3144 2629 3216 μαθεῖν
2666 3144 2762 3216 τὴν
2814 3146 2879 3197 ἐκ
2912 3145 3011 3217 τῆς
3046 3146 3322 3217 ὑπομονῆς
3355 3147 3643 3215 ὠφέλειαν,

403 3234 577 3303 psalle
609 3234 944 3288 tricesimum
993 3252 1198 3290 nonum
1248 3240 1541 3308 psalmum.
1591 3240 1727 3307 Cum
1772 3243 1972 3300 multos

404 3325 557 3380 vides
581 3342 849 3395 pauperes
874 3336 929 3380 et
957 3327 1234 3383 mendicos
1256 3370 1270 3394 ,
1296 3340 1563 3400 optasque
1591 3347 1779 3387 eorum
1807 3335 1971 3390 mise-

403 3418 535 3485 reri,
569 3419 774 3487 poteris
806 3419 1023 3487 quidem
1045 3435 1139 3477 eos
1163 3423 1254 3491 qui
1276 3423 1386 3491 jam
1413 3425 1533 3479 illos
1555 3426 1795 3481 miserati
1823 3436 1970 3494 sunt,

401 3510 647 3578 laudare,
671 3520 1005 3581 cmterosque
1035 3514 1099 3568 ad
1126 3514 1359 3583 idipsum
1393 3516 1666 3572 cohortari
1692 3560 1711 3585 ,
1741 3520 1970 3578 dicendo

399 3602 669 3673 psalmum
698 3604 1195 3674 quadragesimum.
1228 3604 1430 3661 Deinde
1452 3608 1497 3661 si
1530 3624 1727 3681 magno
1758 3612 1852 3668 Dei
1877 3614 1969 3669 de-

400 3689 602 3748 siderio
622 3693 876 3763 ﬂagrans,
907 3695 1148 3750 audieris
1164 3696 1413 3753 inimicos
1427 3701 1818 3769 exprobrantes
1842 3705 1965 3771 tibi,

399 3800 468 3838 ne
500 3785 769 3852 turberis;
796 3786 890 3840 sed
914 3787 1162 3857 cogitans
1196 3788 1559 3846 immortalem
1589 3807 1656 3847 ex
1701 3794 1793 3848 tali
1824 3793 1969 3849 desi-

396 3876 553 3930 derio
582 3875 859 3941 fructum,
894 3885 1043 3931 tuam
1087 3893 1183 3947 spe
1232 3878 1286 3932 in
1325 3878 1495 3934 Deum
1536 3882 1821 3937 consolare
1848 3884 1967 3938 ani-

396 3984 565 4035 mam,
591 3978 645 4023 et
664 3969 744 4024 sic
767 3971 1010 4025 allevans
1042 3968 1465 4041 demulcensque
1496 3972 1733 4036 dolores,
1766 3975 1965 4043 quibus

395 4060 487 4113 illa
518 4059 786 4129 premitur
828 4059 882 4112 in
935 4060 1039 4114 hac
1084 4060 1229 4123 vita,
1262 4060 1349 4115 dic
1390 4061 1452 4115 41
1503 4062 1791 4130 psalmum.
1824 4063 1962 4117 Cum

394 4151 615 4207 assidue
640 4152 956 4205 meminisse
986 4151 1225 4207 volueris
1260 4152 1649 4207 beneliciorum
1683 4152 1816 4219 Dei,
1842 4170 1964 4224 qua:

394 4243 637 4311 patribus
662 4243 861 4297 collata
891 4252 1038 4307 sunt,
1076 4253 1130 4297 et
1160 4242 1335 4298 exitus
1367 4258 1434 4297 ex
1458 4242 1726 4316 Egypto,
1752 4260 1963 4300 necnon

394 4336 843 4391 commorationis
873 4335 926 4388 in
955 4336 1265 4398 solitudine,
1290 4346 1343 4390 et
1372 4354 1533 4406 quam
1558 4338 1765 4393 scilicet
1787 4339 1963 4395 bonus

396 4430 466 4484 sit
498 4429 661 4494 Deus,
698 4442 859 4497 quam
890 4436 1069 4481 autem
1095 4427 1289 4496 ingrati
1327 4428 1577 4484 homines
1614 4430 1758 4493 sint,
1794 4430 1961 4486 habes

2072 3240 2241 3310 ψάλλε
2268 3238 2360 3293 τὸν
2408 3238 2484 3292 λθ’
2520 3237 2753 3309 ψαλμόν.
2782 3238 3003 3292 Βλέπων
3037 3239 3095 3293 δὲ
3138 3238 3362 3302 πολλοὺς
3408 3240 3647 3311 πένητας

2072 3332 2165 3385 καὶ
2203 3330 2472 3400 πτωχοὺς,
2516 3328 2609 3381 καὶ⁸
2641 3328 2813 3392 θέλεις
2844 3328 3108 3383 ἐλεεῖσθαι
3146 3331 3371 3395 αὐτοὺς,
3418 3332 3646 3389 δύνασαι

2069 3424 2193 3487 τοὺς
2217 3423 2313 3494 μὲν
2343 3422 2441 3493 ἤδη
2468 3421 2793 3492 ἐλεήσαντας
2814 3422 3192 3493 ἀποδέχεσθαι,
3223 3425 3349 3488 τοὺς
3368 3425 3423 3477 δέ
3448 3426 3646 3492 ἄλλους

2070 3517 2150 3579 είς
2180 3515 2241 3568 τὸ
2266 3516 2438 3568 ποιεῖν
2464 3514 2886 3587 προτρέπεσθαι,
2912 3516 2967 3567 ἐν
2991 3513 3067 3584 τῷ
3088 3515 3262 3582 λέγειν
3290 3516 3379 3569 τὸν
3411 3523 3482 3587 μ’.
3508 3515 3646 3571 Εἶτα

2070 3609 2186 3671 ἐὰν,
2225 3608 2365 3662 πάνυ
2391 3606 2482 3660 τὸν
2508 3608 2671 3661 πόθον
2703 3607 2840 3677 έχων
2866 3609 2949 3670 είς
2974 3608 3063 3662 τὸν
3089 3608 3242 3671 Θεὸν,
3278 3609 3515 3679 ἀκούσῃς
3532 3611 3649 3665 τῶν

2068 3700 2276 3771 ἐχθρῶν
2301 3698 2688 3765 ὀνειδιζόντων,
2724 3701 2799 3771 μὴ
2820 3700 3091 3771 ταράσσου
3115 3718 3127 3730 ·
3157 3701 3293 3755 ἀλλὰ
3326 3705 3523 3765 συνιεὶς
3551 3704 3643 3757 τὸν

2067 3795 2132 3847 ἐκ
2164 3793 2256 3846 τοῦ
2289 3794 2527 3848 τοιούτου
2576 3793 2738 3847 πόθου
2765 3792 3028 3848 ἀθάνατον
3058 3796 3288 3865 καρπὸν,
3334 3796 3642 3867 παρακάλει

2067 3884 2265 3937 σαυτοῦ
2294 3885 2391 3955 τὴν
2423 3885 2600 3957 ψυχὴν
2631 3888 2695 3955 τῇ
2725 3886 2804 3948 είς
2828 3885 2960 3939 Θεὸν
2990 3884 3187 3951 ἐλπίδι,
3211 3887 3498 3960 καὶταύτῃ
3527 3889 3643 3939 ἐπι-

2065 3976 2341 4045 κουφίζων
2376 3976 2469 4030 καὶ
2500 3976 2905 4049 καταπραΰνων
2963 3977 3061 4041 τὰς
3106 3977 3163 4031 ἐν
3210 3978 3288 4048 τῷ
3320 3978 3418 4050 βίῳ
3461 3978 3641 4043 λύπας

2064 4070 2254 4139 αὐτῆς,
2294 4067 2421 4135 λέγε
2455 4067 2547 4121 τὸν
2582 4076 2670 4139 μα’
2701 4067 2932 4141 ψαλμόν.
2968 4070 3213 4141 Συνεχῶς
3242 4069 3297 4121 δὲ
3330 4070 3640 4143 ἀναμιμνή-

2067 4158 2290 4212 σκεσθαι
2318 4157 2486 4211 θέλων
2514 4157 2611 4222 τὰς
2639 4160 2957 4231 εὐεργεσίας
2984 4160 3080 4214 τοῦ
3111 4160 3245 4214 Θεοῦ
3293 4160 3391 4225 τὰς
3412 4164 3641 4233 γενομέ-

2063 4267 2159 4313 νας
2185 4253 2263 4313 εἰς
2286 4251 2413 4314 τοὺς
2441 4252 2704 4321 πατέρας,
2729 4254 2822 4306 καὶ
2851 4270 2979 4325 περι
3008 4253 3108 4324 τῆς
3136 4253 3315 4317 ἐξόδου
3344 4255 3441 4324 τῆς
3467 4256 3637 4325 Αίγύ-

2064 4357 2197 4393 πτου
2220 4340 2312 4393 καὶ
2344 4340 2442 4410 τῆς
2487 4342 2545 4394 ἐν
2583 4344 2647 4411 τῇ
2675 4342 2865 4414 ἐρήμῳ
2891 4343 3163 4414 διαγωγῆς
3182 4386 3196 4411 ,
3242 4344 3358 4409 πῶς
3387 4363 3445 4399 τε
3474 4346 3502 4398 ὁ
3535 4346 3640 4419 μὲν

2062 4428 2193 4491 Θεὸς
2219 4428 2439 4497 ἀγαθὸς,
2469 4432 2515 4483 οἱ
2533 4430 2587 4483 δὲ
2609 4430 2881 4502 ἄνθρωποι
2908 4434 3209 4504 ἀχάριστοι,
3239 4434 3381 4505 ἔχεις
3406 4436 3497 4489 τὸν
3521 4444 3635 4508 μγ’,

396 4521 485 4582 45,
528 4520 614 4586 77,
656 4520 745 4584 88,
802 4519 926 4584 104,
984 4519 1105 4583 105,
1155 4518 1421 4582 106,115.
1471 4521 1607 4575 Cum
1665 4532 1842 4576 autem
1893 4522 1958 4576 ad

2075 4521 2161 4608 καὶἱ
2181 4519 2270 4573 τὸν
2297 4519 2392 4586 oi’,
2423 4522 2517 4574 καὶ
2560 4528 2671 4592 πη’,
2705 4523 2799 4576 καὶ
2843 4523 2933 4577 τὸν
2967 4525 3041 4594 ρδ’
3066 4565 3080 4590 ,
3118 4527 3212 4579 καὶ
3244 4527 3337 4580 τὸν
3380 4536 3450 4601 ρε¹
3473 4571 3488 4596 ,
3538 4533 3636 4586 καὶ

394 4610 566 4666 Deum
610 4610 949 4681 confugeris,
997 4611 1255 4666 liberatus
1298 4612 1367 4666 ab
1406 4612 1665 4666 aarumnis
1705 4627 1826 4681 quae
1862 4614 1959 4667 tibi

393 4702 738 4761 acciderunt,
787 4701 833 4755 si
878 4700 1118 4755 volueris
1162 4699 1274 4755 Deo
1318 4701 1520 4770 gratias
1568 4715 1747 4770 agere,
1797 4708 1960 4767 atque

392 4810 647 4848 enarrare
668 4794 787 4863 ejus
822 4809 947 4865 erga
974 4804 1025 4849 te
1054 4794 1421 4860 clementiam,
1455 4794 1623 4848 habes
1658 4795 1959 4864 quadrage-

392 4889 590 4940 simum
622 4887 893 4957 quintum.

458 5020 548 5074 30.
589 5018 691 5075 Sed
726 5030 983 5089 peccasti,
1015 5029 1068 5075 et
1094 5021 1297 5091 pudore
1328 5021 1553 5076 allectus
1579 5023 1955 5091 paenitentiam

389 5111 503 5177 agis
525 5118 580 5163 et
606 5108 1033 5165 misericordiam
1060 5109 1294 5180 ﬂagitas,
1327 5111 1497 5165 habes
1521 5110 1883 5166 confessionis
1904 5122 1957 5166 et

390 5198 721 5268 pasnitentiae
760 5199 921 5254 verba
956 5199 1009 5253 in
1043 5200 1254 5269 psalmo
1296 5200 1765 5271 quinquagesimo.
1798 5200 1953 5267 Quod

387 5293 431 5348 si
470 5292 609 5359 apud
656 5307 830 5362 regem
870 5292 1115 5362 iniquum
1150 5291 1476 5346 calumniam
1511 5306 1707 5362 passus
1746 5307 1836 5359 es,
1872 5293 1953 5346 vi-

384 5390 590 5455 desque
620 5387 851 5455 superbe
886 5386 1237 5439 insultantem
1264 5384 1733 5451 calumniatorem,
1762 5388 1953 5441 secede

385 5484 438 5529 tu
460 5516 475 5541 ,
508 5486 561 5529 ct
583 5474 670 5529 dic
702 5492 763 5531 ea
796 5492 917 5545 qua:
946 5476 998 5529 in
1037 5476 1099 5529 5i
1127 5476 1414 5529 habentur.
1447 5474 1512 5528 Et
1542 5490 1663 5529 cum
1700 5485 1748 5530 te
1782 5477 1949 5541 aliqui

384 5578 801 5635 persequuntur,
839 5576 893 5621 et
938 5566 1344 5620 calumniantur
1372 5576 1423 5620 te
1443 5606 1457 5631 ,
1499 5568 1644 5621 velut
1674 5567 1871 5637 Ziphzui
1900 5581 1951 5624 et

382 5660 639 5729 allophyli
694 5660 949 5715 Davidem
978 5704 992 5728 ,
1034 5678 1102 5716 ne
1150 5671 1381 5717 mwstus
1426 5663 1541 5726 sis,
1584 5666 1677 5719 sed
1721 5665 1949 5719 Domino

386 5752 664 5807 conlidens
716 5769 947 5823 eu-uque
992 5755 1217 5810 laudans
1268 5756 1432 5813 rrrita
1476 5758 1543 5813 55
1586 5767 1636 5813 el
1681 5758 1769 5813 55.
1796 5758 1948 5824 Quod

2062 4617 2173 4681 ρς’,
2210 4610 2306 4664 καὶ⁹
2343 4617 2466 4681 ριγ’.
2501 4612 2845 4681 Καταφυγὼν
2869 4613 2925 4666 δὲ
2955 4616 3087 4686 πρὸς
3111 4616 3202 4670 τὸν
3230 4618 3363 4671 Θεὸν
3394 4621 3486 4673 καὶ
3512 4620 3631 4675 δια-

2061 4702 2254 4767 σωθεὶς
2277 4704 2383 4757 ἀπὸ
2409 4704 2517 4757 τῶν
2553 4707 2680 4776 περὶ
2714 4706 2773 4758 σὲ
2804 4708 3110 4777 γενομένων
3136 4708 3390 4780 θλίψεων,
3425 4712 3637 4779 ἐὰντθέ-

2058 4794 2156 4867 λῃς
2187 4796 2577 4869 εὐχαριστῆσαι
2609 4796 2688 4868 τῷ
2718 4797 2856 4868 Θεῷ,
2911 4801 3003 4852 καὶ
3028 4800 3389 4873 διηγήσασθαι
3419 4804 3518 4875 τὴν
3550 4809 3633 4871 είς

2061 4888 2119 4940 σὲ
2146 4889 2440 4958 γενομένην
2468 4888 2895 4960 φιλανθρωπίαν,
2926 4891 3070 4962 ἔχεις
3092 4892 3182 4945 τὸν
3211 4900 3312 4965 με’.

2131 5022 2198 5077 κ’.
2245 5024 2382 5077 Ἀλλ’
2415 5026 2659 5096 ἥμαρτες
2680 5065 2696 5091 ,
2748 5026 2841 5079 καί¹
2880 5027 3168 5100 ἐντραπεὶς
3200 5032 3629 5101 μεταγινώσκεις

2058 5116 2150 5167 καὶ
2188 5114 2471 5188 ἐλεηθῆναι
2491 5118 2679 5197 ἀξιοῖς,
2714 5119 2858 5190 ἔχεις
2885 5121 3011 5184 τοὺς
3043 5120 3144 5191 τῆς
3186 5120 3628 5195 ἐξομολογήσεως

2057 5205 2148 5258 καὶ
2184 5207 2470 5274 μετανοίας
2502 5208 2693 5276 λόγους
2725 5212 2783 5264 ἐν
2812 5210 2889 5281 τῷ
2917 5217 2979 5265 ν’.
3015 5211 3078 5264 Et
3106 5211 3163 5264 δὲ
3203 5213 3297 5265 καὶ
3334 5213 3625 5287 διεϐλήθης

2057 5294 2277 5367 πονηρῷ
2311 5296 2538 5365 βασιλεῖ,
2570 5299 2661 5351 καὶ
2688 5299 2822 5369 δρᾷς
2844 5300 2935 5353 τὸν
2975 5300 3217 5355 διάϐολον
3260 5302 3626 5372 κατακαυχώ-

2058 5404 2237 5457 μενον,
2269 5387 2559 5459 ἁναχώρει,
2593 5390 2687 5443 καὶ
2710 5390 2833 5458 λέγε
2868 5390 2961 5443 καὶ
2989 5393 3053 5445 σὺ
3080 5392 3148 5445 τά
3177 5392 3236 5444 ἐν
3262 5390 3340 5462 τῷ
3359 5392 3459 5446 να’.
3511 5393 3624 5446 Καὶ

2052 5483 2141 5535 ὅτε
2174 5480 2271 5552 μὲν
2302 5480 2491 5556 διώκῃ,
2516 5483 2610 5537 καὶ
2639 5482 2980 5537 διαϐάλλουσι
3019 5501 3162 5548 τινες
3195 5484 3529 5555 παραδοῦναί
3560 5501 3620 5539 σε

2055 5574 2317 5637 θέλοντες,
2347 5574 2421 5637 ὡς
2449 5576 2497 5626 οἰ
2522 5576 2734 5644 Ζιφαῖοι
2775 5577 2868 5630 καὶ
2890 5578 2939 5630 oi
2979 5578 3261 5647 ἀλλόφυλοι
3306 5578 3399 5632 τὸν
3432 5579 3619 5643 Δαὸὶδ,

2057 5666 2130 5736 μὴ
2153 5665 2471 5739 άκηδιάσῃς,
2508 5665 2643 5719 ἀλλὰ
2679 5665 2894 5738 θαρρῶν
2927 5669 3004 5739 τῷ
3031 5670 3252 5741 Κυρίῳ,
3298 5670 3391 5725 καὶ
3434 5670 3621 5741 ὑμνῶν

2052 5757 2231 5819 αὐτὸν,
2270 5758 2389 5827 λέγε
2435 5758 2498 5812 τά
2534 5760 2597 5812 ἐν
2618 5758 2694 5831 τῷ
2722 5766 2799 5831 νγ¹
2842 5761 2933 5816 καὶ
2978 5767 3068 5817 vs'.
3112 5763 3236 5817 Ἐάν
3273 5763 3328 5819 δὲ
3366 5764 3458 5819 καὶ
3486 5780 3623 5816 ηυν-
