3874 6218
228 336 296 395 55

1323 317 1666 371 EPISTOLA
1704 317 1796 371 AD
1834 313 2373 376 MARCELLINUM.‘

3400 326 3469 386 31

228 447 402 522 δράμῃ
425 447 451 498 6
471 442 700 507 διώκων,
719 440 813 493 καὶ
838 438 910 510 μὴ
927 435 1211 506 γινώσκων
1233 436 1451 508 εἰσέλθῃ
1474 438 1553 499 εἰς
1575 436 1638 490 τὺ
1662 437 1796 508 σπή-

1902 438 1947 494 si
1994 439 2212 509 ingruat
2242 438 2550 508 persecutio
2572 480 2587 503 ,
2619 446 2675 494 et
2714 439 3030 510 imprudens
3064 456 3378 511 persecutor
3415 440 3470 498 ii.

229 542 373 595 λαιον
407 540 463 590 ἐν
490 530 535 604 ᾧ
565 534 658 587 καὶ
686 533 750 586 σὺ
770 531 1007 603 κρύπτῃ,
1036 529 1159 601 μηδ’
1178 528 1352 593 οὕτως
1381 527 1591 600 πτήξῃς
1609 546 1622 560 ·
1650 528 1796 599 ἔχεις

232 628 336 698 γὰρ
360 626 484 687 τοὺς
508 626 568 675 ἐν
596 619 819 691 τοιαύτῃ
845 619 1059 690 ἀνάγκῃ
1081 617 1365 690 χρησμοὺς
1404 620 1484 683 είς
1517 619 1798 691 παράκλη-

236 738 316 774 σιν
341 718 432 772 καὶ
456 714 859 787 στηλσγραφίας
885 712 1096 782 λόγους,
1119 712 1246 776 τοὺς
1267 711 1419 782 ἐντῷ
1442 718 1530 777 νς¹
1556 712 1653 765 καὶ
1671 711 1797 774 τοὺς

233 815 287 867 ὲν
318 813 392 882 τῷ
420 815 567 881 ρμα’.
618 806 744 860 Ἐὰν
771 805 827 859 δὲ
859 806 953 857 καὶ
980 804 1320 875 φυλαχθῆναι
1362 803 1460 875 τὴν
1502 804 1681 859 οἰκίαν
1708 821 1798 857 κε-

229 901 392 974 λεύσῃ
411 902 438 953 ὁ
464 894 847 961 ἐπιϐουλεύων,
875 894 969 949 καὶ
994 892 1279 964 διαφύγῃς,
1303 892 1545 946 ἀνατίθει
1572 892 1649 960 τῷ
1683 894 1797 945 Κυ-

237 993 329 1067 ρίῳ
349 992 446 1063 τὴν
478 990 659 1060 χάριν,
698 986 774 1049 ὡς
800 988 857 1039 ἐν
886 986 1107 1056 στήλαις
1152 986 1382 1057 γράφων
1436 985 1605 1056 αὐτὴν
1648 986 1706 1037 ἐν
1728 987 1795 1055 τῇ

230 1086 391 1155 ψυχῇ,
428 1079 771 1153 μνημόσυνον
801 1072 967 1131 οὖσαν
1009 1075 1104 1129 τοῦ
1133 1076 1206 1147 μὴ
1244 1075 1566 1145 διεφθάρθαι
1600 1092 1679 1142 σε,
1707 1076 1798 1128 καὶ

232 1176 348 1244 λέγε
370 1172 435 1226 τά
465 1174 522 1225 ἐν
546 1169 628 1241 τῷ
658 1175 740 1239 νη¹
758 1167 974 1239 ψαλμῷ.
1007 1167 1133 1221 Ἐὰν
1160 1168 1216 1220 δὲ
1237 1168 1330 1220 καὶ
1354 1167 1654 1231 ὀνειδίζωσι
1682 1167 1797 1220 θλί-

233 1267 409 1329 ϐοντες
439 1265 485 1316 οἱ
539 1260 746 1333 ἐχθροὶ,
796 1261 890 1312 καὶ
933 1256 1300 1329 φλυαροῦντες
1355 1257 1715 1312 διαϐάλλωσιν
1747 1262 1796 1312 οί

232 1356 502 1418 δοκοῦντες
531 1348 672 1406 εἶναι
692 1351 855 1421 φίλοι,
896 1351 989 1403 καὶ
1021 1350 1268 1423 λυπηθῇς
1296 1353 1355 1404 ὲν
1399 1354 1466 1423 τῇ
1514 1351 1799 1425 ἀδολεσχίᾳ

235 1470 323 1505 σου
356 1450 489 1522 πρὸς
515 1448 715 1516 ὀλίγον,
740 1446 875 1502 ἀλλά
904 1446 1126 1500 δύνασαι
1160 1445 1587 1517 παρακαλεῖσθαι
1611 1446 1798 1516 ὑμνῶν

230 1544 321 1597 καὶ
350 1545 411 1595 σὺ
444 1542 538 1596 τὸν
581 1540 736 1606 Θεὸν,
774 1540 867 1594 καὶ
917 1539 1092 1609 λέγων
1134 1539 1204 1593 τά
1236 1542 1293 1593 ἐν
1324 1538 1402 1611 τῷ
1448 1539 1519 1593 νδ¹
1559 1540 1791 1612 ῥήματα.

232 1633 336 1689 Καὶ
364 1633 498 1705 πρὸς
525 1632 626 1704 μὲν
645 1630 1105 1705 ὑποκρινομένους
1135 1632 1228 1684 καὶ
1267 1632 1326 1683 ἐν
1352 1630 1633 1702 προσώπῳ
1665 1648 1797 1684 καυ-

233 1702 501 1797 χωμένους
527 1702 669 1794 ⁷λέγε
701 1702 837 1795 πρὸς
875 1724 1141 1797 ἐντροπὴν
1173 1724 1396 1777 ἐκείνων
1441 1723 1532 1776 τὸν
1554 1721 1631 1787 vf,"
1664 1724 1798 1794 ψαλ-

1900 544 2021 583 eam
2050 530 2363 599 speluncam
2405 530 2640 594 incidat,
2672 531 2725 585 in
2757 547 2865 601 qua
2908 542 2965 587 tu
2999 534 3374 601 absconderis,
3405 551 3472 591 ne

1902 617 2251 687 reformides;
2290 621 2459 676 habes
2485 623 2629 677 enim
2670 631 2725 676 et
2772 624 2826 678 in
2861 624 2953 677 tali
2998 624 3323 679 necessitate
3353 641 3473 694 per-

1905 712 2063 767 utiles
2083 712 2150 767 ad
2178 713 2603 768 consolationem
2621 724 2674 769 et
2696 714 2833 769 tituli
2862 715 3239 785 inscriptionis
3266 717 3473 770 se’rmo-

1903 818 2000 857 nes
2021 804 2074 857 in
2108 804 2335 873 psalmis
2355 804 2424 858 56
2456 813 2509 858 et
2546 806 2668 863 141.
2708 805 2766 859 Si
2818 818 2999 861 autem
3036 806 3260 877 jusserit
3290 822 3475 876 persc»

1903 904 2060 949 cntor
2091 895 2350 949 custodiri
2386 895 2608 950 domum
2658 906 2805 951 tuam
2828 939 2841 964 ,
2868 908 2922 952 et
2969 909 3151 953 tamen
3180 899 3432 968 effugeris
3456 940 3470 963 ,

1904 985 2015 1040 Deo
2043 983 2187 1041 refer
2218 986 2447 1055 gratiam
2471 1027 2484 1052 ,
2520 1004 2750 1058 eamque
2778 989 2830 1043 in
2868 991 3051 1044 anima
3091 1000 3179 1045 tua
3225 990 3384 1060 quasi
3419 991 3474 1043 in

1904 1079 2064 1148 cippo
2095 1079 2355 1146 inscr-ibe,
2381 1087 2442 1132 ut
2472 1082 2788 1135 memoriale
2814 1082 2883 1136 sit
2913 1090 3019 1137 tua:
3051 1082 3471 1146 incolumitatis,

1902 1176 1957 1222 et
1981 1169 2068 1223 dic
2093 1184 2155 1224 ea
2179 1185 2302 1239 quae
2331 1179 2460 1226 sunt
2496 1172 2548 1224 in
2578 1171 2666 1225 58.
2707 1172 2763 1226 Si
2789 1182 2967 1227 autem
2999 1174 3327 1247 exprobrent
3351 1174 3471 1237 tibi,

1902 1259 1994 1328 qui
2037 1267 2088 1314 te
2116 1260 2357 1329 afﬂigunt
2401 1261 2611 1315 inimici
2664 1263 2777 1327 tui,
2812 1272 2866 1317 et
2906 1264 2995 1333 qui
3027 1264 3276 1319 videntur
3309 1264 3473 1320 amici

1903 1366 2023 1406 esse
2050 1352 2127 1405 tui
2154 1393 2169 1418 ,
2205 1351 2562 1423 obloquentes
2599 1353 2976 1423 detraxerint,
3018 1364 3073 1408 et
3106 1354 3161 1408 in
3204 1354 3473 1410 exercita-

1902 1441 2050 1495 tione
2081 1448 2170 1495 tua
2194 1442 2263 1496 ad
2290 1442 2567 1497 modicum
2598 1443 2859 1512 temporis
2895 1442 3233 1499 contristeris
3253 1482 3267 1508 ,
3298 1453 3351 1498 et
3378 1458 3475 1513 po«

1905 1541 1987 1586 tes
2043 1548 2178 1588 sane
2224 1533 2457 1603 teipsum
2515 1534 2787 1589 consolari
2838 1535 3055 1605 hymnis
3111 1534 3282 1589 Deum
3332 1535 3474 1590 cele-

1902 1624 2111 1679 brando
2157 1640 2221 1680 ac
2267 1626 2546 1680 recitando
2571 1628 2850 1696 psalmum
2878 1627 2970 1682 54.
3001 1626 3274 1682 Adversus
3304 1628 3475 1699 hypo-

1902 1717 2070 1771 critas
2118 1724 2173 1770 et
2214 1716 2268 1769 in
2309 1716 2448 1771 faeie
2484 1716 2813 1786 gloriantes,
2853 1719 2940 1772 dic
2974 1720 3041 1773 ad
3095 1719 3471 1775 confusionem

236 1819 364 1890 μόνσ
395 1818 530 1889 πρὸς
558 1817 617 1870 δὲ
645 1818 771 1880 τοὺς
810 1816 1096 1889 ὁρμῶντας
1124 1818 1333 1887 ἀγρίως
1371 1816 1510 1871 κατά
1537 1814 1653 1883 σοῦ,
1705 1818 1796 1869 καὶ

1902 1822 2087 1862 eorum
2122 1808 2392 1877 psalmum
2443 1808 2532 1864 57.
2555 1808 2835 1865 Adversus
2871 1824 2966 1865 eos
2996 1818 3176 1865 autem
3209 1812 3302 1880 qni
3334 1811 3387 1865 in
3421 1823 3473 1865 te

233 1908 473 1972 θέλοντας
503 1907 692 1961 λαϐεῖν
722 1923 812 1959 σου
844 1906 943 1978 τὴν
963 1906 1162 1977 ψυχὴν,
1194 1906 1408 1969 ἀντίθες
1434 1907 1499 1959 σὺ
1539 1906 1637 1978 τὴν
1662 1906 1799 1978 πρὸς

231 1999 315 2052 τὸν
340 1998 469 2052 Θεόν
495 2015 588 2051 σου
609 1996 905 2067 ὑποταγὴν,
948 1997 1040 2049 καὶ
1066 1996 1279 2068 Θάρρει.
1318 1996 1467 2067 Ὀσῳ
1498 1996 1607 2068 γὰρ
1660 1999 1800 2050 ἐκεῖ⁴

230 2108 304 2143 νοι
340 2091 625 2161 μαίνονται
648 2132 663 2157 ,
719 2090 959 2160 τοσούτῳ
995 2089 1196 2153 μᾶλλον
1247 2089 1554 2143 ὑποτάσσου
1609 2092 1672 2143 σὺ
1722 2089 1800 2161 τῷ

230 2181 427 2252 Κυρίῳ,
460 2181 552 2233 καὶ
581 2181 708 2249 λέγε
741 2179 810 2232 τὰ
830 2182 886 2233 ἐν
918 2178 996 2250 τῷ
1027 2178 1126 2245 ξα¹.
1184 2179 1294 2232 Καὶ
1327 2177 1423 2231 ἐὰν
1466 2178 1566 2250 μὲν
1608 2180 1800 2233 διωκό-

236 2288 385 2342 μενος
404 2273 481 2335 είς
514 2272 753 2343 ἐρημίαν
776 2269 1039 2342 ἀπέλθῃς,
1075 2270 1149 2340 μὴ
1179 2268 1421 2341 φοϐηθῇς
1446 2269 1521 2334 ὠς
1543 2270 1701 2341 μόνος
1724 2272 1798 2325 ὣν

231 2365 358 2429 ἐκεῖ,
389 2362 525 2433 ἔχων
565 2363 625 2416 δὲ
668 2363 760 2415 τὸν
799 2361 930 2415 Θεὸν
963 2363 1081 2414 ἐκεῖ
1124 2364 1218 2415 καὶ
1252 2363 1398 2433 ,πρὸς
1431 2364 1591 2417 αὐτὸν
1623 2364 1801 2437 ὀρθρί-

233 2455 333 2519 ζων
368 2454 535 2524 eme
573 2454 668 2507 τὸν
695 2453 792 2522 ξβ’.
833 2452 1236 2523 Ἐκφοϐούντων
1264 2453 1321 2506 δὲ
1339 2454 1449 2507 τῶν
1478 2454 1686 2526 ἐχθρῶν
1706 2458 1799 2510 καὶ

236 2546 305 2619 μὴ
331 2546 656 2619 παυομένων
682 2546 776 2599 τοῦ
810 2544 1141 2616 ἐνεδρεύειν,
1169 2544 1305 2599 ἀλλά
1351 2546 1444 2599 καὶ
1474 2547 1797 2617 ἐξερευνών-

228 2657 329 2693 των
367 2641 471 2693 πᾶν
504 2640 655 2693 κατὰ
708 2638 823 2703 σοῦ,
864 2638 969 2691 κᾶν
1003 2636 1204 2707 πλῆθος
1251 2632 1374 2703 ὦσι,
1410 2639 1485 2711 μὴ
1525 2641 1794 2713 ὑπενδῷς’

230 2729 349 2803 βέλη
380 2731 486 2802 γὰρ
509 2730 725 2799 νηπίων
750 2730 962 2783 ἔσονται
993 2728 1201 2782 τούτων
1224 2730 1281 2782 αἱ
1314 2710 1541 2801 πληγαὶ,
1573 2710 1821 2800 ψάλλονί

225 2823 310 2886 τός
332 2840 421 2875 σου
453 2823 550 2876 τὸν
580 2821 679 2890 ξγ¹,
706 2822 801 2875 καὶ
827 2821 917 2874 τὸν
952 2820 1042 2888 ξδ’,
1076 2823 1171 2875 καὶ
1193 2819 1290 2889 ξθ¹,
1328 2823 1422 2875 καὶ
1450 2829 1514 2875 o'.

290 3026 391 3073 κα’.
424 3019 541 3073 Καὶ
570 3018 697 3072 ὅταν
727 3017 823 3088 μὲν
856 3016 1092 3088 ὑμνῆσαι
1121 3015 1286 3089 βούλῃ
1312 3015 1404 3069 τὸν
1431 3014 1635 3087 Κύριον
1655 3055 1669 3079 ,
1701 3011 1794 3088 ᾆδε

1902 1900 2158 1954 atrociter
2185 1900 2402 1954 irruunt
2422 1910 2475 1954 et
2513 1916 2706 1971 capere
2732 1903 2920 1956 volunt
2945 1902 3183 1956 animam
3216 1912 3385 1966 tuam,
3415 1912 3472 1957 tu

1900 2004 2143 2059 opponas
2189 1991 2297 2046 illis
2339 1998 2490 2045 tuam
2540 2008 2665 2063 erga
2708 1992 2879 2048 Deum
2925 1994 3373 2063 obsequentiam,
3419 2005 3475 2051 et

1900 2080 2110 2135 confide
2142 2099 2155 2135 :
2184 2091 2389 2151 quanto
2419 2081 2562 2136 enim
2597 2083 2675 2138 illi
2717 2084 3091 2139 vehementius
3125 2086 3426 2140 institerint
3455 2125 3471 2147 .

1900 2177 2052 2226 tanto
2081 2173 2257 2242 magis
2289 2182 2337 2226 te
2382 2172 2612 2228 Domino
2649 2174 2939 2230 submittas
2962 2215 2978 2238 ,
3003 2184 3056 2230 et
3084 2176 3172 2232 dic
3196 2178 3360 2232 verba
3382 2178 3471 2232 61.

1903 2259 1961 2315 Si
1994 2263 2429 2331 persecutionem
2466 2279 2660 2334 passus
2696 2267 2750 2319 in
2776 2266 3120 2321 solitudinem
3157 2269 3472 2334 recesseris,

1900 2369 1968 2407 ne
2009 2353 2268 2409 formides
2308 2356 2466 2424 quasi
2513 2356 2664 2412 solus
2693 2358 2765 2412 ibi
2809 2358 3007 2427 degas,
3039 2375 3163 2414 cum
3207 2361 3349 2416 adsit
3376 2362 3473 2416 tibi

1900 2443 2061 2510 Deus,
2094 2445 2160 2498 ad
2204 2460 2366 2513 quem
2411 2445 2633 2501 diliculo
2675 2461 2811 2502 cane
2847 2449 3114 2517 psalmum
3144 2450 3233 2503 62.
3273 2450 3330 2503 Si
3365 2460 3474 2505 ter-

1899 2544 2055 2589 reant
2080 2545 2134 2590 te
2156 2536 2386 2600 inimici,
2418 2552 2519 2592 nec
2549 2538 2709 2591 linem
2744 2537 2950 2593 faciant
2974 2540 3295 2595 insidiarum
3317 2580 3333 2605 ,
3363 2541 3475 2594 imo

1900 2629 2185 2682 adversum
2238 2636 2288 2681 te
2324 2629 2509 2683 omnia
2540 2639 2875 2695 scrutentur,
2910 2631 3123 2685 etiamsi
3165 2633 3321 2686 multi
3353 2632 3473 2687 fue-

1898 2720 2042 2783 rint,
2093 2735 2439 2790 nequaquam
2488 2721 2688 2776 cedas:
2722 2737 2845 2775 nam
2878 2723 3086 2793 sagittae
3122 2725 3474 2793 parvulorum

1897 2820 2056 2867 erunt
2096 2812 2266 2882 plagae
2302 2828 2516 2877 eorum,
2563 2824 2792 2868 canente
2839 2822 2889 2867 te
2929 2817 3168 2883 psalmos
3223 2815 3329 2880 65,
3363 2816 3471 2882 64,

1899 2901 1967 2958 69
1983 2941 1998 2967 ,
2033 2902 2117 2957 70.

1966 3016 2055 3069 21.
2098 3014 2329 3081 Quando
2390 3014 2562 3070 Deum
2638 3016 2915 3072 celebrare
2987 3018 3251 3083 volueris,
3304 3019 3474 3074 recita

227 3108 289 3161 τὰ
315 3112 369 3162 ἐν
398 3108 475 3180 τῷ
508 3106 604 3172 ξδ’.
649 3106 773 3161 Ἐἀν
815 3106 871 3160 δὲ
915 3106 1225 3176 κατηχῆσαι
1270 3106 1432 3175 θέλῃς
1477 3105 1630 3168 τινὰς
1668 3105 1795 3177 περὶ

1902 3106 2297 3174 sexagesimum
2335 3115 2614 3176 quartum.
2643 3104 2698 3160 Si
2725 3106 2941 3177 aliquos
2964 3107 3031 3162 de
3066 3109 3472 3163 resurrectione

228 3200 588 3263 ἀναστάσεως,
617 3195 708 3270 ᾇδε
732 3198 801 3252 τὰ
825 3199 883 3250 ἐν
909 3197 987 3268 τῷ
1032 3196 1121 3261 ξε’.
1165 3196 1499 3267 Οίκτιρμοὺς
1524 3196 1581 3250 δὲ
1630 3196 1796 3250 αίτῶν

1903 3197 2178 3260 instituas,
2207 3200 2374 3251 recita
2408 3198 2497 3252 65.
2530 3197 2824 3255 Postulans
2855 3215 2885 3253 a
2915 3198 3144 3256 Domino
3170 3201 3475 3256 miseratio-

230 3294 370 3364 παρὰ
394 3293 487 3346 τοῦ
520 3290 680 3356 Θεοῦ,
717 3289 875 3362 ὕμνει
917 3289 1101 3353 αὑτὸν,
1149 3289 1366 3359 ψάλλων
1396 3289 1486 3342 τὸν
1527 3288 1633 3354 Eg’.
1672 3291 1800 3343 Ὅτε

227 3384 280 3437 δὲ
310 3384 522 3455 βλέπεις
554 3383 681 3446 τοὺς
714 3382 810 3452 μὲν
829 3381 1044 3444 ἀσεϐεῖς
1072 3382 1129 3433 ἐν
1160 3380 1350 3452 εἰρήνῃ
1372 3379 1801 3450 εὐθηνουμένους

230 3478 317 3531 καὶ
342 3476 696 3547 καταθυμίως
736 3473 943 3539 ζῶντας
985 3473 1111 3536 τοὺς
1162 3472 1218 3526 δὲ
1269 3471 1509 3535 δικαίους
1554 3471 1802 3542 θλιϐομέ-

230 3584 364 3632 νους,
388 3568 474 3621 ἵνα
526 3565 603 3638 μὴ
631 3561 1023 3633 αανδαλισθῇς
1060 3561 1155 3615 καὶ
1192 3560 1644 3632 παρασαλευθῇς,
1677 3560 1799 3629 λέγε

230 3660 319 3712 καὶ
348 3660 409 3712 σὺ
428 3658 497 3712 τὰ
521 3660 582 3711 ἐν
606 3655 682 3726 τῷ
711 3654 787 3725 οβ’
805 3652 1025 3725 ψαλμῷ.
1066 3654 1177 3707 Καὶ
1205 3653 1332 3706 ὅταν
1374 3652 1471 3723 μὲν
1504 3651 1730 3724 ὀργισθῇ
1772 3654 1801 3704 ὁ

229 3751 353 3816 Θεὸς
372 3753 463 3805 ἐπὶ
483 3750 580 3803 τὸν
605 3748 755 3813 λαὸν,
786 3745 928 3818 ἐχεις
961 3747 1041 3808 είς
1064 3742 1408 3815 παράκλησιν
1439 3744 1569 3814 napi.
1609 3741 1796 3795 τούτου

228 3842 409 3912 λόγους
455 3841 715 3903 συνετοὺς
746 3839 873 3903 τοὺς
920 3838 977 3890 ἐν
1030 3834 1107 3906 τῷ
1144 3840 1221 3903 ογ’
1246 3850 1260 3865 ·
1297 3836 1386 3888 ὅτε
1425 3834 1482 3888 δὲ
1511 3834 1669 3905 χρεία
1717 3850 1798 3887 σοι

230 3928 662 4004 ἐξομολογήσεώς
693 3929 830 3992 ἐστι,
865 3925 1033 3996 om;
1066 3924 1157 3978 τὸν
1199 3923 1264 3988 θ’,
1314 3923 1386 3976 οδ¹
1440 3924 1533 3976 καὶ
1568 3926 1676 3990 ιμ’,
1704 3924 1798 3977 καὶ

235 4023 322 4094 ρδ⁹,
352 4024 443 4078 καὶ
478 4028 577 4093 ρεν,
604 4021 699 4075 καὶ
730 4026 839 4092 pg’,
864 4018 959 4072 καὶ
994 4015 1096 4089 ρξ’,
1141 4017 1235 4069 καὶ
1273 4021 1360 4087 ρι’,
1396 4015 1490 4068 καὶ
1523 4013 1655 4087 ριξ¹,
1704 4016 1799 4068 καὶ

232 4115 352 4184 ρλέ,
377 4116 471 4169 καὶ
496 4112 629 4186 ρλζ’.
659 4113 768 4165 Καὶ
791 4110 1108 4180 δυσωπῆσαι
1136 4108 1236 4179 μὲν
1262 4107 1431 4160 θέλων
1457 4106 1525 4159 τά
1546 4105 1653 4160 τῶν
1690 4106 1800 4160 Ἑλ·-

230 4206 395 4277 λήνων
424 4208 519 4260 καὶ
550 4205 618 4258 τὰ
647 4202 754 4256 τῶν
784 4200 1098 4273 αἱρετικῶν,
1132 4200 1213 4252 ὅτι
1240 4198 1314 4269 μὴ
1341 4198 1470 4268 παρ’
1503 4198 1688 4260 αὐτοῖς
1718 4196 1796 4250 ἔνι

233 4296 541 4366 θεογνωσία,
570 4294 685 4349 ἀλλ’
736 4296 793 4346 ὲν
851 4291 985 4363 μόνῃ
1028 4293 1094 4362 τῇ
1156 4289 1417 4359 καθολικῇ
1483 4288 1794 4359 Ἐκκλησία,

233 4388 446 4443 δύνασαι
477 4386 616 4443 νοῶν
653 4385 799 4457 ᾄδειν
831 4384 925 4436 καὶ
952 4381 1131 4450 λέγειν
1157 4381 1226 4433 τά
1259 4381 1317 4433 ὲν
1348 4378 1426 4449 τῷ
1451 4377 1541 4431 σε’.
1587 4377 1711 4431 Τῶν
1738 4378 1794 4430 δὲ

1902 3302 2032 3350 nes,
2060 3286 2221 3341 lauda
2249 3287 2399 3341 illum
2427 3330 2441 3353 ,
2474 3290 2711 3358 psallens
2742 3290 2831 3344 66.
2863 3290 2999 3344 Cum
3036 3291 3241 3345 videris
3276 3291 3475 3361 impios

1901 3377 1955 3430 in
1986 3392 2116 3446 pace
2147 3394 2410 3447 prospere
2437 3390 2659 3449 agentes
2690 3389 2744 3434 et
2772 3381 3007 3435 libenter
3056 3382 3300 3437 viventes
3325 3423 3339 3447 ,
3379 3383 3473 3452 ju-

1898 3476 2012 3524 stos
2038 3479 2216 3523 autem
2232 3470 2480 3535 afﬂictos,
2509 3487 2576 3526 nc
2598 3473 3007 3539 scandalizeris,
3028 3488 3205 3543 neque
3231 3489 3476 3530 commo-

1897 3560 2097 3624 vearis,
2132 3563 2225 3615 sed
2260 3563 2347 3616 dic
2376 3563 2647 3631 psalmum
2676 3563 2761 3616 72.
2786 3563 2923 3618 Cum
2947 3564 3118 3620 iratus
3144 3564 3308 3620 fuerit
3330 3565 3474 3621 Deus

1900 3650 2164 3706 adversus
2207 3655 2466 3721 populum
2493 3693 2508 3716 ,
2549 3654 2717 3710 habes
2756 3655 2823 3708 ad
2856 3656 3286 3711 consolationem
3327 3657 3474 3713 illius

1897 3743 2057 3797 verba
2080 3744 2380 3813 prudentia:
2398 3744 2450 3797 in
2475 3744 2562 3798 75.
2586 3743 2816 3810 Quando
2839 3747 3183 3802 confessione
3216 3748 3313 3803 tibi
3336 3764 3473 3818 opus

1896 3834 2021 3897 erit,
2048 3834 2217 3903 psalle
2241 3835 2295 3901 9,
2325 3834 2412 3902 71,
2443 3835 2532 3900 91,
2567 3837 2832 3901 104,105,
2855 3849 2907 3891 el
2925 3838 3049 3906 106,
3067 3847 3120 3893 et
3144 3841 3263 3907 107,
3282 3840 3473 3907 emo,

1898 3932 1951 3979 et
1975 3924 2098 3990 117,
2129 3938 2179 3979 et
2198 3926 2321 3991 125,
2350 3934 2403 3980 et
2425 3927 2546 3981 137.
2588 3926 2679 3983 Vis
2708 3928 2987 3999 gentilium
3017 3939 3069 3983 et
3094 3931 3473 3986 haereticorum

1897 4015 2178 4085 opiniones
2198 4016 2553 4084 confundere,
2578 4028 2631 4073 et
2655 4029 3087 4073 commonstrare
3109 4035 3215 4075 non
3239 4022 3381 4091 apud
3414 4024 3472 4076 il-

1896 4108 1978 4163 los
1998 4123 2117 4163 esse
2142 4107 2236 4163 Dei
2258 4109 2645 4179 cognitionem,
2670 4112 2763 4165 sed
2791 4111 2843 4164 in
2873 4112 2989 4164 sola
3008 4111 3274 4179 Ecclesia,
3294 4124 3468 4183 potes,

1897 4197 2249 4252 considerans
2274 4238 2289 4263 ,
2321 4212 2520 4253 canere
2551 4208 2714 4269 atque
2738 4198 2920 4254 dicere
2943 4215 3066 4267 quae
3100 4200 3155 4254 in
3182 4211 3468 4273 septuage—

1898 4287 2039 4342 simo
2069 4292 2260 4357 quinto
2289 4289 2580 4345 habentur.
2616 4290 2857 4344 Inimicis
2884 4298 3064 4345 autem
3098 4290 3294 4362 effugia
3331 4309 3469 4363 prae—

1896 4381 2286 4449 occupantibus
2311 4395 2375 4435 ac
2405 4391 2455 4436 te
2480 4397 2826 4452 summopere
2855 4382 3068 4447 afflicto,
3107 4383 3232 4437 licet
3252 4395 3467 4454 pertur-

232 4480 431 4551 ἐχθρῶν
454 4473 972 4551 προκαταλαϐόντων
997 4471 1097 4535 τὰς
1128 4469 1427 4539 διεκφυγὰς
1452 4511 1466 4535 ,
1514 4469 1609 4523 καὶ
1648 4469 1791 4521 πάνυ

1902 4470 2059 4535 beris,
2099 4485 2165 4524 ne
2196 4470 2442 4525 animum
2483 4472 2860 4541 despondeas,
2893 4473 2987 4526 sed
3031 4486 3166 4527 ora:
3207 4476 3330 4530 etsi
3357 4476 3469 4530 cla-

235 4566 554 4638 θλιϐόμενος,
579 4565 681 4619 κᾶν
702 4562 998 4635 ταραχθῇς,
1036 4561 1112 4632 μὴ
1141 4559 1469 4630 ἀπελπίσῃς,
1522 4559 1656 4612 ἀλλά
1700 4558 1791 4611 εῦ-

232 4676 347 4729 χου·
392 4661 485 4714 καὶ
535 4658 631 4712 ἐὰν
670 4654 887 4727 κράζων
938 4650 1317 4722 εἱσακουσθῇς,
1370 4650 1683 4721 εὐχαρίστει
1716 4649 1792 4720 τῷ

234 4749 363 4821 Θεῷ,
388 4752 560 4820 λέγων
588 4749 657 4802 τὰ
702 4750 759 4801 ἐν
792 4746 870 4816 τῷ
911 4750 1017 4809 ος·’.
1067 4742 1193 4797 Ἐὰν
1239 4742 1297 4795 δὲ
1344 4742 1691 4811 ἐπιμένοντες
1743 4743 1791 4793 οἱ

236 4841 406 4914 ἐχθροὶ
436 4840 808 4901 ἐπεισέλθωσι,
843 4836 938 4890 καὶ
968 4835 1199 4905 μιάνωσι
1224 4832 1311 4886 τὸν
1336 4828 1483 4885 οἶκον
1514 4831 1609 4884 τοῦ
1633 4832 1789 4895 Θεοῦ,

236 4934 351 4998 τούς
374 4953 429 4987 τε
458 4935 643 5003 ἁγίους
671 4929 1051 4993 ἀποκτείνωσι,
1082 4928 1175 4980 καὶ
1225 4925 1293 4979 τὰ
1342 4923 1570 4995 σώματα
1615 4925 1792 4978 αὐτῶν

238 5025 423 5094 ῥίψωσι
443 5029 551 5089 τοῖς
583 5024 848 5085 πετεινοῖς
874 5019 968 5074 τοῦ
997 5016 1248 5090 οὐρανοῦ,
1303 5016 1389 5070 ἵνα
1430 5015 1502 5086 μὴ
1540 5015 1793 5068 συνελκυ-

238 5117 373 5181 σθεὶς
395 5115 739 5188 καταπτήξῃς
764 5112 939 5166 αὐτῶν
955 5111 1051 5183 τὴν
1073 5109 1351 5180 ὠμότητα,
1380 5106 1440 5159 σύ
1449 5124 1663 5177 μπασχε
1693 5107 1791 5177 μὲν

235 5212 339 5273 τοῖς
369 5210 681 5281 πάσχουσιν,
717 5204 1011 5275 ὲντύγχανε
1040 5203 1094 5256 δὲ
1122 5201 1198 5273 τῷ
1220 5200 1357 5270 Θεῷ,
1391 5199 1566 5268 λέγων
1596 5198 1687 5250 τὸν
1711 5206 1790 5270 οη’

237 5303 455 5374 ψαλμὸν.

303 5412 401 5484 κβν.
449 5415 533 5468 Ἐν
566 5414 725 5485 ἑορτῇ
753 5408 830 5473 δὲ,
865 5406 1033 5460 θέλων
1056 5400 1183 5476 ᾆσαι
1213 5402 1290 5474 τῷ
1322 5402 1533 5474 Κυρίῳ,
1588 5418 1791 5470 συγκα-

240 5500 386 5565 λέσας
415 5505 533 5567 τοὺς
561 5503 656 5555 τοῦ
680 5498 815 5553 Θεοῦ
840 5496 1079 5558 δούλους,
1113 5493 1281 5563 ψάλλε
1308 5492 1377 5544 τὰ
1403 5493 1460 5543 ἐν
1493 5489 1570 5561 τῷ
1599 5497 1651 5542 π’
1698 5491 1789 5542 καὶ

243 5590 332 5655 ιιδι.
366 5591 481 5645 Τῶν
516 5593 571 5646 δὲ
598 5588 805 5671 ἐχθρῶν
854 5576 1014 5640 πάλιν
1053 5583 1524 5653 ἐπισυναχθέντων
1570 5581 1789 5635 πάντων

244 5683 576 5755 πανταχόθεν,
636 5683 729 5736 καὶ
766 5679 1132 5735 ἀπειλούντων
1178 5675 1319 5729 κατὰ
1374 5673 1466 5726 τοῦ
1514 5673 1662 5725 οίκου
1694 5672 1787 5725 τοῦ

245 5768 388 5837 Θεοῦ,
414 5774 674 5841 συνθήκας
705 5788 764 5826 τε
811 5768 1106 5825 ποιούντων
1154 5765 1292 5819 κατὰ
1325 5765 1422 5835 τῆς
1467 5762 1744 5817 εὐσεϐείας
1774 5802 1785 5815 .

1898 4562 2096 4616 mando
2131 4562 2445 4628 exaudiare,
2474 4564 2681 4633 gratias
2708 4562 2817 4619 Deo
2844 4578 2963 4633 age,
2996 4564 3232 4619 recitans
3253 4576 3469 4635 septua-

1898 4656 2165 4725 gesimum
2192 4665 2427 4710 sextum.
2454 4654 2510 4708 Si
2538 4655 2889 4724 persistentes
2916 4655 3121 4710 inimici
3150 4657 3464 4726 irruperint,

1898 4755 1951 4801 et
1980 4746 2203 4800 domum
2243 4745 2340 4800 Dei
2384 4746 2823 4815 profanaverint,
2855 4756 3182 4816 sanctosque
3228 4748 3464 4803 trucida-

1898 4839 2042 4902 rint,
2081 4838 2411 4907 illorumque
2445 4853 2672 4908 corpora
2713 4838 3027 4893 volucribus
3058 4839 3181 4893 caeli
3226 4840 3468 4909 projece-

1898 4931 2028 4997 rint,
2074 4945 2141 4985 ne
2170 4930 2256 4985 his
2287 4930 2570 5000 perculsus
2597 4930 2918 4985 reformides
2963 4945 3148 4984 eorum
3180 4932 3470 4987 crudelita-

1898 5030 2006 5077 tem
2033 5063 2047 5087 ,
2095 5021 2218 5077 dole
2262 5022 2482 5092 quidem
2519 5022 2843 5075 miserorum
2896 5021 3066 5076 vicem
3094 5062 3107 5085 ,
3151 5036 3244 5074 ora
3284 5033 3466 5077 autem

1897 5112 2088 5179 Deum,
2122 5114 2308 5168 dicens
2350 5114 2807 5183 septuagesimum
2828 5120 3076 5167 octavum
3102 5112 3389 5180 psalmum.

1965 5393 2055 5446 2‘2.
2092 5391 2149 5445 In
2178 5391 2406 5446 solemni
2441 5390 2527 5445 die
2558 5392 2745 5447 volens
2777 5390 3009 5447 Domino
3039 5408 3260 5458 canere,
3295 5392 3462 5448 advo-

1896 5487 2034 5542 catis
2075 5484 2172 5537 Dei
2199 5484 2404 5549 servis,
2442 5484 2607 5552 psalle
2650 5485 3043 5551 octogesimum
3089 5493 3142 5538 et
3177 5483 3465 5554 nonagesi-

1897 5593 2046 5633 mum
2082 5585 2360 5647 quartum.
2397 5574 2635 5629 inimicis
2666 5575 2861 5628 iterum
2898 5575 3134 5644 undique
3163 5588 3461 5643 congrega-

1898 5670 1991 5733 tis,‘
2014 5678 2069 5723 et
2116 5667 2303 5721 domui
2338 5665 2431 5719 Dei
2464 5666 2638 5718 minas
2682 5666 3075 5721 intentantibus
3101 5709 3115 5732 ,
3152 5665 3463 5735 fcederaque

1895 5770 2084 5818 contra
2119 5760 2373 5828 pietatem
2419 5756 2769 5823 facientibus,
2799 5774 2864 5812 ne
2906 5759 3087 5813 animo
3121 5756 3339 5813 deﬁcias
3393 5758 3463 5811 ob
